  <div class='ocr_page' id='page_1' title='image "/cluster/home/n/w/nwhite01/storage/ocr_20150623/119/hvd.32044019208156/537.png"; bbox 0 0 3948 6580; ppageno 0'>
   <div class='ocr_carea' id='block_1_1' title="bbox 570 423 716 486">
    <p class='ocr_par' dir='ltr' id='par_1_1' title="bbox 570 423 716 486">
     <span class='ocr_line' id='line_1_1' title="bbox 570 423 716 486; baseline 0.014 -2"><span class='ocrx_word' id='word_1_1' title='bbox 570 423 716 486; x_wconf 80' lang='grc'><strong>1059</strong></span> 
     </span>
    </p>
   </div>
   <div class='ocr_carea' id='block_1_2' title="bbox 1871 412 2494 476">
    <p class='ocr_par' dir='ltr' id='par_1_2' title="bbox 1871 412 2494 476">
     <span class='ocr_line' id='line_1_2' title="bbox 1871 412 2494 476; baseline 0.002 0"><span class='ocrx_word' id='word_1_2' title='bbox 1871 414 1904 476; x_wconf 75' lang='grc' dir='ltr'><strong>,ἶ</strong></span> <span class='ocrx_word' id='word_1_3' title='bbox 1913 414 2009 476; x_wconf 90' lang='lat' dir='ltr'><strong>US</strong></span> <span class='ocrx_word' id='word_1_4' title='bbox 2046 412 2494 476; x_wconf 82' lang='lat' dir='ltr'><strong>CANONICUM</strong></span> 
     </span>
    </p>
   </div>
   <div class='ocr_carea' id='block_1_3' title="bbox 3687 418 3801 483">
    <p class='ocr_par' dir='ltr' id='par_1_3' title="bbox 3687 418 3801 483">
     <span class='ocr_line' id='line_1_3' title="bbox 3687 418 3801 483; baseline 0.035 -3"><span class='ocrx_word' id='word_1_5' title='bbox 3687 418 3801 483; x_wconf 73' lang='lat'><strong>1060</strong></span> 
     </span>
    </p>
   </div>
   <div class='ocr_carea' id='block_1_4' title="bbox 563 518 2152 600">
    <p class='ocr_par' dir='ltr' id='par_1_4' title="bbox 563 518 2148 599">
     <span class='ocr_line' id='line_1_4' title="bbox 563 518 2148 599; baseline -0.006 -5"><span class='ocrx_word' id='word_1_6' title='bbox 563 537 838 594; x_wconf 65' lang='lat' dir='ltr'><strong>coalestem</strong></span> <span class='ocrx_word' id='word_1_7' title='bbox 871 531 1140 599; x_wconf 79' lang='lat' dir='ltr'><strong>fecerunt,</strong></span> <span class='ocrx_word' id='word_1_8' title='bbox 1168 531 1224 586; x_wconf 93' lang='lat' dir='ltr'><strong>in</strong></span> <span class='ocrx_word' id='word_1_9' title='bbox 1254 532 1284 585; x_wconf 82' lang='lat'><strong>7</strong></span> <span class='ocrx_word' id='word_1_10' title='bbox 1310 518 1520 587; x_wconf 72' lang='lat' dir='ltr'><strong>canone</strong></span> <span class='ocrx_word' id='word_1_11' title='bbox 1547 531 1652 585; x_wconf 83' lang='lat' dir='ltr'><strong>sub</strong></span> <span class='ocrx_word' id='word_1_12' title='bbox 1681 527 1796 584; x_wconf 62' lang='lat' dir='ltr'><strong>haec</strong></span> <span class='ocrx_word' id='word_1_13' title='bbox 1821 530 1890 584; x_wconf 91' lang='lat' dir='ltr'><strong>de</strong></span> <span class='ocrx_word' id='word_1_14' title='bbox 1932 528 2000 584; x_wconf 90' lang='lat' dir='ltr'><strong>iis</strong></span> <span class='ocrx_word' id='word_1_15' title='bbox 2046 543 2148 585; x_wconf 88' lang='lat' dir='ltr'><strong>uo-</strong></span> 
     </span>
    </p>
   </div>
   <div class='ocr_carea' id='block_1_5' title="bbox 2255 518 3800 600">
    <p class='ocr_par' dir='ltr' id='par_1_5' title="bbox 2258 527 3800 600">
     <span class='ocr_line' id='line_1_5' title="bbox 2258 527 3800 600; baseline 0.004 -18"><span class='ocrx_word' id='word_1_16' title='bbox 2258 528 2476 584; x_wconf 83' lang='grc' dir='ltr'>σύνοδον</span> <span class='ocrx_word' id='word_1_17' title='bbox 2526 527 2961 600; x_wconf 87' lang='grc' dir='ltr'>ούρανώσαντες,</span> <span class='ocrx_word' id='word_1_18' title='bbox 3031 529 3090 582; x_wconf 81' lang='grc' dir='ltr'><strong>έν</strong></span> <span class='ocrx_word' id='word_1_19' title='bbox 3142 527 3187 594; x_wconf 74' lang='grc' dir='ltr'><strong>ζ’</strong></span> <span class='ocrx_word' id='word_1_20' title='bbox 3237 529 3423 582; x_wconf 81' lang='grc' dir='ltr'>κανόνι</span> <span class='ocrx_word' id='word_1_21' title='bbox 3472 529 3650 586; x_wconf 78' lang='grc' dir='ltr'>αὐτῶν</span> <span class='ocrx_word' id='word_1_22' title='bbox 3697 536 3800 589; x_wconf 76' lang='grc' dir='ltr'>τάδε</span> 
     </span>
    </p>
   </div>
   <div class='ocr_carea' id='block_1_6' title="bbox 563 621 2142 699">
    <p class='ocr_par' dir='ltr' id='par_1_6' title="bbox 563 621 2142 699">
     <span class='ocr_line' id='line_1_6' title="bbox 563 621 2142 699; baseline -0.006 -15"><span class='ocrx_word' id='word_1_23' title='bbox 563 628 813 684; x_wconf 88' lang='lat' dir='ltr'><strong>minatlm</strong></span> <span class='ocrx_word' id='word_1_24' title='bbox 861 627 1141 699; x_wconf 76' lang='lat' dir='ltr'><strong>eleganter</strong></span> <span class='ocrx_word' id='word_1_25' title='bbox 1188 623 1531 694; x_wconf 87' lang='lat' dir='ltr'><strong>scripserunt</strong></span> <span class='ocrx_word' id='word_1_26' title='bbox 1566 639 1580 678; x_wconf 90' lang='lat'><strong>:</strong></span> <span class='ocrx_word' id='word_1_27' title='bbox 1619 621 1750 685; x_wconf 87' lang='lat' dir='ltr'><strong>Eos,</strong></span> <span class='ocrx_word' id='word_1_28' title='bbox 1785 621 1878 691; x_wconf 91' lang='lat' dir='ltr'><strong>qui</strong></span> <span class='ocrx_word' id='word_1_29' title='bbox 1909 621 1965 677; x_wconf 93' lang='lat' dir='ltr'><strong>in</strong></span> <span class='ocrx_word' id='word_1_30' title='bbox 1995 621 2142 680; x_wconf 90' lang='lat' dir='ltr'><strong>clero</strong></span> 
     </span>
    </p>
   </div>
   <div class='ocr_carea' id='block_1_7' title="bbox 564 713 2147 782">
    <p class='ocr_par' dir='ltr' id='par_1_7' title="bbox 564 713 2147 782">
     <span class='ocr_line' id='line_1_7' title="bbox 564 713 2147 782; baseline -0.004 -5"><span class='ocrx_word' id='word_1_31' title='bbox 564 720 730 777; x_wconf 82' lang='lat' dir='ltr'><strong>semei</strong></span> <span class='ocrx_word' id='word_1_32' title='bbox 760 717 999 775; x_wconf 87' lang='lat' dir='ltr'><strong>ordinati</strong></span> <span class='ocrx_word' id='word_1_33' title='bbox 1023 727 1178 782; x_wconf 87' lang='lat' dir='ltr'><strong>sunt,</strong></span> <span class='ocrx_word' id='word_1_34' title='bbox 1224 723 1278 770; x_wconf 92' lang='lat' dir='ltr'><strong>et</strong></span> <span class='ocrx_word' id='word_1_35' title='bbox 1304 715 1492 770; x_wconf 90' lang='lat' dir='ltr'><strong>itidem</strong></span> <span class='ocrx_word' id='word_1_36' title='bbox 1520 713 1822 769; x_wconf 78' lang='lat' dir='ltr'><strong>monachos</strong></span> <span class='ocrx_word' id='word_1_37' title='bbox 1852 714 2147 770; x_wconf 89' lang='lat' dir='ltr'><strong>statuimus</strong></span> 
     </span>
    </p>
   </div>
   <div class='ocr_carea' id='block_1_8' title="bbox 568 804 2148 876">
    <p class='ocr_par' dir='ltr' id='par_1_8' title="bbox 568 804 2148 876">
     <span class='ocr_line' id='line_1_8' title="bbox 568 804 2148 876; baseline -0.005 -10"><span class='ocrx_word' id='word_1_38' title='bbox 568 827 671 868; x_wconf 91' lang='lat' dir='ltr'><strong>nec</strong></span> <span class='ocrx_word' id='word_1_39' title='bbox 700 810 766 864; x_wconf 89' lang='lat' dir='ltr'><strong>ad</strong></span> <span class='ocrx_word' id='word_1_40' title='bbox 798 809 1088 864; x_wconf 80' lang='lat' dir='ltr'><strong>militarem</strong></span> <span class='ocrx_word' id='word_1_41' title='bbox 1137 806 1563 876; x_wconf 72' lang='lat' dir='ltr'><strong>expeditionem,</strong></span> <span class='ocrx_word' id='word_1_42' title='bbox 1593 819 1695 859; x_wconf 92' lang='lat' dir='ltr'><strong>nec</strong></span> <span class='ocrx_word' id='word_1_43' title='bbox 1734 804 1801 859; x_wconf 89' lang='lat' dir='ltr'><strong>ad</strong></span> <span class='ocrx_word' id='word_1_44' title='bbox 1833 804 2148 860; x_wconf 65' lang='lat' dir='ltr'><strong>saecularem</strong></span> 
     </span>
    </p>
   </div>
   <div class='ocr_carea' id='block_1_9' title="bbox 569 895 2151 973">
    <p class='ocr_par' dir='ltr' id='par_1_9' title="bbox 569 895 2151 973">
     <span class='ocr_line' id='line_1_9' title="bbox 569 895 2151 973; baseline -0.004 -16"><span class='ocrx_word' id='word_1_45' title='bbox 569 902 889 973; x_wconf 77' lang='lat' dir='ltr'><strong>dignitatem</strong></span> <span class='ocrx_word' id='word_1_46' title='bbox 940 913 1099 970; x_wconf 88' lang='lat' dir='ltr'><strong>posse</strong></span> <span class='ocrx_word' id='word_1_47' title='bbox 1152 899 1361 955; x_wconf 90' lang='lat' dir='ltr'><strong>venire.</strong></span> <span class='ocrx_word' id='word_1_48' title='bbox 1407 897 1509 964; x_wconf 88' lang='lat' dir='ltr'><strong>Qui</strong></span> <span class='ocrx_word' id='word_1_49' title='bbox 1551 904 1733 952; x_wconf 88' lang='lat' dir='ltr'><strong>autem</strong></span> <span class='ocrx_word' id='word_1_50' title='bbox 1787 897 1892 951; x_wconf 86' lang='lat' dir='ltr'><strong>hoc</strong></span> <span class='ocrx_word' id='word_1_51' title='bbox 1949 895 2151 950; x_wconf 89' lang='lat' dir='ltr'><strong>audent</strong></span> 
     </span>
    </p>
   </div>
   <div class='ocr_carea' id='block_1_10' title="bbox 563 987 2148 1062">
    <p class='ocr_par' dir='ltr' id='par_1_10' title="bbox 563 987 2148 1062">
     <span class='ocr_line' id='line_1_10' title="bbox 563 987 2148 1062; baseline -0.004 -14"><span class='ocrx_word' id='word_1_52' title='bbox 563 1004 618 1048; x_wconf 88' lang='lat' dir='ltr'><strong>et</strong></span> <span class='ocrx_word' id='word_1_53' title='bbox 655 1007 765 1047; x_wconf 90' lang='lat' dir='ltr'><strong>non</strong></span> <span class='ocrx_word' id='word_1_54' title='bbox 811 991 1131 1062; x_wconf 76' lang='lat' dir='ltr'><strong>pmnitentia</strong></span> <span class='ocrx_word' id='word_1_55' title='bbox 1175 989 1327 1045; x_wconf 88' lang='lat' dir='ltr'><strong>ducti</strong></span> <span class='ocrx_word' id='word_1_56' title='bbox 1360 989 1429 1045; x_wconf 91' lang='lat' dir='ltr'><strong>ad</strong></span> <span class='ocrx_word' id='word_1_57' title='bbox 1470 989 1523 1044; x_wconf 91' lang='lat' dir='ltr'><strong>id</strong></span> <span class='ocrx_word' id='word_1_58' title='bbox 1587 997 1958 1053; x_wconf 87' lang='lat' dir='ltr'><strong>revertuntur,</strong></span> <span class='ocrx_word' id='word_1_59' title='bbox 2001 987 2148 1058; x_wconf 91' lang='lat' dir='ltr'><strong>quod</strong></span> 
     </span>
    </p>
   </div>
   <div class='ocr_carea' id='block_1_11' title="bbox 566 1080 2146 1154">
    <p class='ocr_par' dir='ltr' id='par_1_11' title="bbox 566 1080 2146 1154">
     <span class='ocr_line' id='line_1_11' title="bbox 566 1080 2146 1154; baseline -0.003 -16"><span class='ocrx_word' id='word_1_60' title='bbox 566 1093 788 1154; x_wconf 85' lang='lat' dir='ltr'><strong>propter</strong></span> <span class='ocrx_word' id='word_1_61' title='bbox 853 1081 1022 1138; x_wconf 88' lang='lat' dir='ltr'><strong>Deum</strong></span> <span class='ocrx_word' id='word_1_62' title='bbox 1099 1083 1252 1152; x_wconf 90' lang='lat' dir='ltr'><strong>prius</strong></span> <span class='ocrx_word' id='word_1_63' title='bbox 1305 1081 1604 1152; x_wconf 77' lang='lat' dir='ltr'><strong>elegerant,</strong></span> <span class='ocrx_word' id='word_1_64' title='bbox 1671 1080 2146 1136; x_wconf 76' lang='lat' dir='ltr'><strong>anathematizari.</strong></span> 
     </span>
    </p>
   </div>
   <div class='ocr_carea' id='block_1_12' title="bbox 565 1173 2144 1244">
    <p class='ocr_par' dir='ltr' id='par_1_12' title="bbox 565 1173 2144 1244">
     <span class='ocr_line' id='line_1_12' title="bbox 565 1173 2144 1244; baseline 0 -15"><span class='ocrx_word' id='word_1_65' title='bbox 565 1175 632 1230; x_wconf 85' lang='lat' dir='ltr'><strong>Et</strong></span> <span class='ocrx_word' id='word_1_66' title='bbox 697 1175 769 1230; x_wconf 81' lang='lat'><strong>85</strong></span> <span class='ocrx_word' id='word_1_67' title='bbox 835 1189 1014 1231; x_wconf 88' lang='lat' dir='ltr'><strong>canon</strong></span> <span class='ocrx_word' id='word_1_68' title='bbox 1074 1183 1391 1230; x_wconf 87' lang='lat' dir='ltr'><strong>sanctorum</strong></span> <span class='ocrx_word' id='word_1_69' title='bbox 1448 1174 1819 1244; x_wconf 86' lang='lat' dir='ltr'><strong>apostolorum</strong></span> <span class='ocrx_word' id='word_1_70' title='bbox 1857 1173 1970 1228; x_wconf 66' lang='lat' dir='ltr'><strong>hare</strong></span> <span class='ocrx_word' id='word_1_71' title='bbox 2019 1174 2144 1229; x_wconf 90' lang='lat' dir='ltr'><strong>ait:</strong></span> 
     </span>
    </p>
   </div>
   <div class='ocr_carea' id='block_1_13' title="bbox 563 1265 2146 1337">
    <p class='ocr_par' dir='ltr' id='par_1_13' title="bbox 563 1265 2146 1337">
     <span class='ocr_line' id='line_1_13' title="bbox 563 1265 2146 1337; baseline -0.001 -15"><span class='ocrx_word' id='word_1_72' title='bbox 563 1268 890 1337; x_wconf 79' lang='lat' dir='ltr'><strong>Epierpus,</strong></span> <span class='ocrx_word' id='word_1_73' title='bbox 928 1268 1012 1322; x_wconf 87' lang='lat' dir='ltr'><strong>vel</strong></span> <span class='ocrx_word' id='word_1_74' title='bbox 1046 1267 1354 1337; x_wconf 83' lang='lat' dir='ltr'><strong>presbyter.</strong></span> <span class='ocrx_word' id='word_1_75' title='bbox 1394 1266 1478 1320; x_wconf 87' lang='lat' dir='ltr'><strong>vel</strong></span> <span class='ocrx_word' id='word_1_76' title='bbox 1526 1266 1816 1330; x_wconf 88' lang='lat' dir='ltr'><strong>diaconus,</strong></span> <span class='ocrx_word' id='word_1_77' title='bbox 1884 1265 2146 1321; x_wconf 76' lang='lat' dir='ltr'><strong>exercitui</strong></span> 
     </span>
    </p>
   </div>
   <div class='ocr_carea' id='block_1_14' title="bbox 563 1353 2146 1427">
    <p class='ocr_par' dir='ltr' id='par_1_14' title="bbox 563 1353 2146 1427">
     <span class='ocr_line' id='line_1_14' title="bbox 563 1353 2146 1427; baseline -0.001 -18"><span class='ocrx_word' id='word_1_78' title='bbox 563 1372 790 1423; x_wconf 86' lang='lat' dir='ltr'><strong>vacans,</strong></span> <span class='ocrx_word' id='word_1_79' title='bbox 844 1365 899 1411; x_wconf 91' lang='lat' dir='ltr'><strong>et</strong></span> <span class='ocrx_word' id='word_1_80' title='bbox 952 1364 1186 1427; x_wconf 89' lang='lat' dir='ltr'><strong>utraque</strong></span> <span class='ocrx_word' id='word_1_81' title='bbox 1216 1357 1468 1411; x_wconf 83' lang='lat' dir='ltr'><strong>obtinere</strong></span> <span class='ocrx_word' id='word_1_82' title='bbox 1537 1356 1764 1421; x_wconf 91' lang='lat' dir='ltr'><strong>volens,</strong></span> <span class='ocrx_word' id='word_1_83' title='bbox 1843 1353 2146 1410; x_wconf 78' lang='lat' dir='ltr'><strong>Romanum</strong></span> 
     </span>
    </p>
   </div>
   <div class='ocr_carea' id='block_1_15' title="bbox 563 1450 2147 1520">
    <p class='ocr_par' dir='ltr' id='par_1_15' title="bbox 563 1450 2147 1520">
     <span class='ocr_line' id='line_1_15' title="bbox 563 1450 2147 1520; baseline 0 -15"><span class='ocrx_word' id='word_1_84' title='bbox 563 1451 773 1505; x_wconf 85' lang='lat' dir='ltr'><strong>scilicet</strong></span> <span class='ocrx_word' id='word_1_85' title='bbox 809 1450 1215 1520; x_wconf 83' lang='lat' dir='ltr'><strong>magistratum,</strong></span> <span class='ocrx_word' id='word_1_86' title='bbox 1251 1462 1302 1506; x_wconf 89' lang='lat' dir='ltr'><strong>et</strong></span> <span class='ocrx_word' id='word_1_87' title='bbox 1336 1451 1736 1508; x_wconf 88' lang='lat' dir='ltr'><strong>sacerdotalem</strong></span> <span class='ocrx_word' id='word_1_88' title='bbox 1788 1452 2147 1507; x_wconf 85' lang='lat' dir='ltr'><strong>administra-</strong></span> 
     </span>
    </p>
   </div>
   <div class='ocr_carea' id='block_1_16' title="bbox 563 1542 2150 1613">
    <p class='ocr_par' dir='ltr' id='par_1_16' title="bbox 563 1542 2150 1613">
     <span class='ocr_line' id='line_1_16' title="bbox 563 1542 2150 1613; baseline 0.003 -18"><span class='ocrx_word' id='word_1_89' title='bbox 563 1543 790 1609; x_wconf 87' lang='lat' dir='ltr'><strong>tionem,</strong></span> <span class='ocrx_word' id='word_1_90' title='bbox 836 1542 1163 1613; x_wconf 85' lang='lat' dir='ltr'><strong>deponatur.</strong></span> <span class='ocrx_word' id='word_1_91' title='bbox 1205 1543 1338 1610; x_wconf 75' lang='lat' dir='ltr'><strong>Qua:</strong></span> <span class='ocrx_word' id='word_1_92' title='bbox 1378 1552 1508 1600; x_wconf 92' lang='lat' dir='ltr'><strong>sunt</strong></span> <span class='ocrx_word' id='word_1_93' title='bbox 1554 1545 1700 1599; x_wconf 92' lang='lat' dir='ltr'><strong>enim</strong></span> <span class='ocrx_word' id='word_1_94' title='bbox 1741 1544 1995 1610; x_wconf 64' lang='lat' dir='ltr'><strong>Caesaris,</strong></span> <span class='ocrx_word' id='word_1_95' title='bbox 2035 1544 2150 1599; x_wconf 74' lang='lat' dir='ltr'><strong>Cte-</strong></span> 
     </span>
    </p>
   </div>
   <div class='ocr_carea' id='block_1_17' title="bbox 563 1634 2150 1705">
    <p class='ocr_par' dir='ltr' id='par_1_17' title="bbox 563 1634 2150 1705">
     <span class='ocr_line' id='line_1_17' title="bbox 563 1634 2150 1705; baseline -0.001 -16"><span class='ocrx_word' id='word_1_96' title='bbox 563 1635 713 1699; x_wconf 87' lang='lat' dir='ltr'><strong>sari;</strong></span> <span class='ocrx_word' id='word_1_97' title='bbox 751 1641 804 1688; x_wconf 92' lang='lat' dir='ltr'><strong>et</strong></span> <span class='ocrx_word' id='word_1_98' title='bbox 833 1650 955 1704; x_wconf 63' lang='lat' dir='ltr'><strong>qua;</strong></span> <span class='ocrx_word' id='word_1_99' title='bbox 1003 1643 1133 1691; x_wconf 91' lang='lat' dir='ltr'><strong>sunt</strong></span> <span class='ocrx_word' id='word_1_100' title='bbox 1166 1634 1282 1700; x_wconf 89' lang='lat' dir='ltr'><strong>Dei,</strong></span> <span class='ocrx_word' id='word_1_101' title='bbox 1312 1635 1439 1690; x_wconf 85' lang='lat' dir='ltr'><strong>Deo.</strong></span> <span class='ocrx_word' id='word_1_102' title='bbox 1479 1637 1635 1690; x_wconf 84' lang='lat' dir='ltr'><strong>Fient</strong></span> <span class='ocrx_word' id='word_1_103' title='bbox 1667 1635 1834 1705; x_wconf 79' lang='lat' dir='ltr'><strong>igitur</strong></span> <span class='ocrx_word' id='word_1_104' title='bbox 1863 1637 1915 1690; x_wconf 92' lang='lat' dir='ltr'><strong>in</strong></span> <span class='ocrx_word' id='word_1_105' title='bbox 1960 1651 2150 1689; x_wconf 87' lang='lat' dir='ltr'><strong>mona-</strong></span> 
     </span>
    </p>
   </div>
   <div class='ocr_carea' id='block_1_18' title="bbox 563 1709 2149 1797">
    <p class='ocr_par' dir='ltr' id='par_1_18' title="bbox 563 1709 2149 1797">
     <span class='ocr_line' id='line_1_18' title="bbox 563 1709 2149 1797; baseline 0 -18"><span class='ocrx_word' id='word_1_106' title='bbox 563 1726 702 1790; x_wconf 86' lang='lat' dir='ltr'><strong>chis,</strong></span> <span class='ocrx_word' id='word_1_107' title='bbox 736 1734 790 1780; x_wconf 89' lang='lat' dir='ltr'><strong>et</strong></span> <span class='ocrx_word' id='word_1_108' title='bbox 819 1727 1045 1796; x_wconf 84' lang='lat' dir='ltr'><strong>reliquis</strong></span> <span class='ocrx_word' id='word_1_109' title='bbox 1088 1726 1225 1781; x_wconf 88' lang='lat' dir='ltr'><strong>adeo</strong></span> <span class='ocrx_word' id='word_1_110' title='bbox 1259 1727 1396 1781; x_wconf 84' lang='lat' dir='ltr'><strong>bene</strong></span> <span class='ocrx_word' id='word_1_111' title='bbox 1444 1742 1502 1782; x_wconf 89' lang='lat' dir='ltr'><strong>se</strong></span> <span class='ocrx_word' id='word_1_112' title='bbox 1541 1709 1873 1796; x_wconf 62' lang='lat' dir='ltr'><strong>gerentibus,</strong></span> <span class='ocrx_word' id='word_1_113' title='bbox 1915 1741 1978 1781; x_wconf 88' lang='lat' dir='ltr'><strong>ea</strong></span> <span class='ocrx_word' id='word_1_114' title='bbox 2027 1740 2149 1797; x_wconf 69' lang='lat' dir='ltr'><strong>qua:</strong></span> 
     </span>
    </p>
   </div>
   <div class='ocr_carea' id='block_1_19' title="bbox 563 1814 1636 1884">
    <p class='ocr_par' dir='ltr' id='par_1_19' title="bbox 563 1814 1636 1884">
     <span class='ocr_line' id='line_1_19' title="bbox 563 1814 1636 1884; baseline 0.004 -16"><span class='ocrx_word' id='word_1_115' title='bbox 563 1814 874 1884; x_wconf 83' lang='lat' dir='ltr'><strong>hujusmodi</strong></span> <span class='ocrx_word' id='word_1_116' title='bbox 902 1817 1206 1872; x_wconf 87' lang='lat' dir='ltr'><strong>canonibus</strong></span> <span class='ocrx_word' id='word_1_117' title='bbox 1238 1816 1463 1872; x_wconf 83' lang='lat' dir='ltr'><strong>deﬁnita</strong></span> <span class='ocrx_word' id='word_1_118' title='bbox 1490 1829 1636 1874; x_wconf 88' lang='lat' dir='ltr'><strong>sunt.</strong></span> 
     </span>
    </p>
   </div>
   <div class='ocr_carea' id='block_1_20' title="bbox 635 1904 2150 1976">
    <p class='ocr_par' dir='ltr' id='par_1_20' title="bbox 635 1904 2150 1976">
     <span class='ocr_line' id='line_1_20' title="bbox 635 1904 2150 1976; baseline 0.006 -20"><span class='ocrx_word' id='word_1_119' title='bbox 635 1904 919 1960; x_wconf 72' lang='lat' dir='ltr'><strong>lnter.27.</strong></span> <span class='ocrx_word' id='word_1_120' title='bbox 963 1906 1238 1976; x_wconf 73' lang='lat' dir='ltr'><strong>Coniuges</strong></span> <span class='ocrx_word' id='word_1_121' title='bbox 1279 1909 1556 1961; x_wconf 88' lang='lat' dir='ltr'><strong>communi</strong></span> <span class='ocrx_word' id='word_1_122' title='bbox 1607 1908 1746 1964; x_wconf 82' lang='lat' dir='ltr'><strong>forte</strong></span> <span class='ocrx_word' id='word_1_123' title='bbox 1793 1919 2066 1964; x_wconf 80' lang='lat' dir='ltr'><strong>censensu</strong></span> <span class='ocrx_word' id='word_1_124' title='bbox 2096 1919 2150 1965; x_wconf 89' lang='lat' dir='ltr'><strong>et</strong></span> 
     </span>
    </p>
   </div>
   <div class='ocr_carea' id='block_1_21' title="bbox 562 1997 2146 2066">
    <p class='ocr_par' dir='ltr' id='par_1_21' title="bbox 562 1997 2146 2066">
     <span class='ocr_line' id='line_1_21' title="bbox 562 1997 2146 2066; baseline 0.005 -16"><span class='ocrx_word' id='word_1_125' title='bbox 562 1997 762 2066; x_wconf 88' lang='lat' dir='ltr'><strong>placito</strong></span> <span class='ocrx_word' id='word_1_126' title='bbox 799 1999 996 2053; x_wconf 73' lang='lat' dir='ltr'><strong>anima:</strong></span> <span class='ocrx_word' id='word_1_127' title='bbox 1027 1999 1387 2065; x_wconf 87' lang='lat' dir='ltr'><strong>conducibili,</strong></span> <span class='ocrx_word' id='word_1_128' title='bbox 1433 2002 1796 2055; x_wconf 81' lang='lat' dir='ltr'><strong>monasticam</strong></span> <span class='ocrx_word' id='word_1_129' title='bbox 1833 2002 2001 2056; x_wconf 88' lang='lat' dir='ltr'><strong>vitam</strong></span> <span class='ocrx_word' id='word_1_130' title='bbox 2035 2004 2146 2058; x_wconf 85' lang='lat' dir='ltr'><strong>ele-</strong></span> 
     </span>
    </p>
   </div>
   <div class='ocr_carea' id='block_1_22' title="bbox 567 2088 2144 2164">
    <p class='ocr_par' dir='ltr' id='par_1_22' title="bbox 567 2088 2144 2164">
     <span class='ocr_line' id='line_1_22' title="bbox 567 2088 2144 2164; baseline 0.004 -22"><span class='ocrx_word' id='word_1_131' title='bbox 567 2097 792 2158; x_wconf 85' lang='lat' dir='ltr'><strong>gerunt.</strong></span> <span class='ocrx_word' id='word_1_132' title='bbox 820 2088 956 2156; x_wconf 87' lang='lat' dir='ltr'><strong>Quia</strong></span> <span class='ocrx_word' id='word_1_133' title='bbox 991 2098 1171 2146; x_wconf 90' lang='lat' dir='ltr'><strong>autem</strong></span> <span class='ocrx_word' id='word_1_134' title='bbox 1206 2105 1402 2146; x_wconf 89' lang='lat' dir='ltr'><strong>rursus</strong></span> <span class='ocrx_word' id='word_1_135' title='bbox 1432 2092 1486 2145; x_wconf 92' lang='lat' dir='ltr'><strong>in</strong></span> <span class='ocrx_word' id='word_1_136' title='bbox 1531 2092 1722 2148; x_wconf 89' lang='lat' dir='ltr'><strong>eadem</strong></span> <span class='ocrx_word' id='word_1_137' title='bbox 1766 2093 1930 2148; x_wconf 90' lang='lat' dir='ltr'><strong>domo</strong></span> <span class='ocrx_word' id='word_1_138' title='bbox 1957 2105 2144 2164; x_wconf 86' lang='lat' dir='ltr'><strong>agunt,</strong></span> 
     </span>
    </p>
   </div>
   <div class='ocr_carea' id='block_1_23' title="bbox 561 2181 2150 2254">
    <p class='ocr_par' dir='ltr' id='par_1_23' title="bbox 561 2181 2150 2254">
     <span class='ocr_line' id='line_1_23' title="bbox 561 2181 2150 2254; baseline 0.006 -21"><span class='ocrx_word' id='word_1_139' title='bbox 561 2181 750 2235; x_wconf 87' lang='lat' dir='ltr'><strong>eodem</strong></span> <span class='ocrx_word' id='word_1_140' title='bbox 810 2185 980 2248; x_wconf 92' lang='lat' dir='ltr'><strong>victu,</strong></span> <span class='ocrx_word' id='word_1_141' title='bbox 1025 2182 1326 2254; x_wconf 86' lang='lat' dir='ltr'><strong>eademque</strong></span> <span class='ocrx_word' id='word_1_142' title='bbox 1396 2199 1584 2240; x_wconf 90' lang='lat' dir='ltr'><strong>mensa</strong></span> <span class='ocrx_word' id='word_1_143' title='bbox 1657 2194 1890 2252; x_wconf 83' lang='lat' dir='ltr'><strong>utentes,</strong></span> <span class='ocrx_word' id='word_1_144' title='bbox 1936 2186 2150 2242; x_wconf 85' lang='lat' dir='ltr'><strong>discere</strong></span> 
     </span>
    </p>
   </div>
   <div class='ocr_carea' id='block_1_24' title="bbox 563 2271 1350 2342">
    <p class='ocr_par' dir='ltr' id='par_1_24' title="bbox 563 2271 1350 2342">
     <span class='ocr_line' id='line_1_24' title="bbox 563 2271 1350 2342; baseline 0.004 -18"><span class='ocrx_word' id='word_1_145' title='bbox 563 2271 723 2326; x_wconf 83' lang='lat' dir='ltr'><strong>velim</strong></span> <span class='ocrx_word' id='word_1_146' title='bbox 755 2272 885 2342; x_wconf 90' lang='lat' dir='ltr'><strong>quid</strong></span> <span class='ocrx_word' id='word_1_147' title='bbox 919 2273 1230 2327; x_wconf 82' lang='lat' dir='ltr'><strong>faciendum</strong></span> <span class='ocrx_word' id='word_1_148' title='bbox 1257 2274 1350 2328; x_wconf 90' lang='lat' dir='ltr'><strong>sit.</strong></span> 
     </span>
    </p>
   </div>
   <div class='ocr_carea' id='block_1_25' title="bbox 632 2359 2145 2439">
    <p class='ocr_par' dir='ltr' id='par_1_25' title="bbox 632 2359 2145 2439">
     <span class='ocr_line' id='line_1_25' title="bbox 632 2359 2145 2439; baseline 0.006 -25"><span class='ocrx_word' id='word_1_149' title='bbox 632 2359 754 2415; x_wconf 83' lang='lat' dir='ltr'><strong>Res.</strong></span> <span class='ocrx_word' id='word_1_150' title='bbox 784 2361 958 2417; x_wconf 87' lang='lat' dir='ltr'><strong>Divini</strong></span> <span class='ocrx_word' id='word_1_151' title='bbox 984 2378 1227 2420; x_wconf 90' lang='lat' dir='ltr'><strong>canones</strong></span> <span class='ocrx_word' id='word_1_152' title='bbox 1251 2373 1452 2420; x_wconf 67' lang='lat' dir='ltr'><strong>sanctae</strong></span> <span class='ocrx_word' id='word_1_153' title='bbox 1468 2373 1524 2421; x_wconf 89' lang='lat' dir='ltr'><strong>et</strong></span> <span class='ocrx_word' id='word_1_154' title='bbox 1550 2366 1908 2422; x_wconf 77' lang='lat' dir='ltr'><strong>occumenicze</strong></span> <span class='ocrx_word' id='word_1_155' title='bbox 1929 2368 2145 2439; x_wconf 81' lang='lat' dir='ltr'><strong>synodi,</strong></span> 
     </span>
    </p>
   </div>
   <div class='ocr_carea' id='block_1_26' title="bbox 565 2453 2148 2531">
    <p class='ocr_par' dir='ltr' id='par_1_26' title="bbox 565 2453 2148 2531">
     <span class='ocr_line' id='line_1_26' title="bbox 565 2453 2148 2531; baseline 0.007 -27"><span class='ocrx_word' id='word_1_156' title='bbox 565 2460 770 2506; x_wconf 84' lang='lat' dir='ltr'><strong>coactae</strong></span> <span class='ocrx_word' id='word_1_157' title='bbox 813 2453 867 2507; x_wconf 91' lang='lat' dir='ltr'><strong>in</strong></span> <span class='ocrx_word' id='word_1_158' title='bbox 914 2454 1116 2523; x_wconf 88' lang='lat' dir='ltr'><strong>templo</strong></span> <span class='ocrx_word' id='word_1_159' title='bbox 1159 2461 1475 2510; x_wconf 87' lang='lat' dir='ltr'><strong>sanctorum</strong></span> <span class='ocrx_word' id='word_1_160' title='bbox 1518 2456 1914 2528; x_wconf 88' lang='lat' dir='ltr'><strong>apostolorum,</strong></span> <span class='ocrx_word' id='word_1_161' title='bbox 1962 2461 2148 2531; x_wconf 88' lang='lat' dir='ltr'><strong>appel-</strong></span> 
     </span>
    </p>
   </div>
   <div class='ocr_carea' id='block_1_27' title="bbox 565 2543 2151 2611">
    <p class='ocr_par' dir='ltr' id='par_1_27' title="bbox 565 2543 2151 2611">
     <span class='ocr_line' id='line_1_27' title="bbox 565 2543 2151 2611; baseline 0.009 -15"><span class='ocrx_word' id='word_1_162' title='bbox 565 2543 687 2598; x_wconf 70' lang='lat' dir='ltr'><strong>lata:</strong></span> <span class='ocrx_word' id='word_1_163' title='bbox 720 2545 742 2598; x_wconf 71' lang='grc' dir='ltr'><strong>ί</strong></span> <span class='ocrx_word' id='word_1_164' title='bbox 775 2552 828 2600; x_wconf 91' lang='lat' dir='ltr'><strong>et</strong></span> <span class='ocrx_word' id='word_1_165' title='bbox 857 2548 913 2611; x_wconf 73' lang='lat'><strong>2,</strong></span> <span class='ocrx_word' id='word_1_166' title='bbox 947 2545 1216 2602; x_wconf 81' lang='lat' dir='ltr'><strong>deﬁniunt</strong></span> <span class='ocrx_word' id='word_1_167' title='bbox 1265 2567 1278 2603; x_wconf 91' lang='lat'><strong>:</strong></span> <span class='ocrx_word' id='word_1_168' title='bbox 1312 2558 1572 2606; x_wconf 86' lang='lat' dir='ltr'><strong>tonsuras</strong></span> <span class='ocrx_word' id='word_1_169' title='bbox 1611 2551 1665 2605; x_wconf 92' lang='lat' dir='ltr'><strong>in</strong></span> <span class='ocrx_word' id='word_1_170' title='bbox 1698 2554 2029 2608; x_wconf 88' lang='lat' dir='ltr'><strong>monasteria</strong></span> <span class='ocrx_word' id='word_1_171' title='bbox 2069 2555 2151 2611; x_wconf 88' lang='lat' dir='ltr'><strong>sic</strong></span> 
     </span>
    </p>
   </div>
   <div class='ocr_carea' id='block_1_28' title="bbox 570 2635 2147 2710">
    <p class='ocr_par' dir='ltr' id='par_1_28' title="bbox 570 2635 2147 2710">
     <span class='ocr_line' id='line_1_28' title="bbox 570 2635 2147 2710; baseline 0.006 -22"><span class='ocrx_word' id='word_1_172' title='bbox 570 2635 711 2698; x_wconf 86' lang='lat' dir='ltr'><strong>tieri,</strong></span> <span class='ocrx_word' id='word_1_173' title='bbox 743 2650 810 2690; x_wconf 88' lang='lat' dir='ltr'><strong>ne</strong></span> <span class='ocrx_word' id='word_1_174' title='bbox 839 2636 1083 2690; x_wconf 86' lang='lat' dir='ltr'><strong>recusari</strong></span> <span class='ocrx_word' id='word_1_175' title='bbox 1115 2638 1350 2707; x_wconf 88' lang='lat' dir='ltr'><strong>possint,</strong></span> <span class='ocrx_word' id='word_1_176' title='bbox 1385 2647 1440 2694; x_wconf 91' lang='lat' dir='ltr'><strong>et</strong></span> <span class='ocrx_word' id='word_1_177' title='bbox 1467 2640 1910 2698; x_wconf 68' lang='lat' dir='ltr'><strong>contentionesII</strong></span> <span class='ocrx_word' id='word_1_178' title='bbox 1934 2659 2147 2710; x_wconf 89' lang='lat' dir='ltr'><strong>eorum,</strong></span> 
     </span>
    </p>
   </div>
   <div class='ocr_carea' id='block_1_29' title="bbox 565 2726 2150 2805">
    <p class='ocr_par' dir='ltr' id='par_1_29' title="bbox 565 2726 2150 2805">
     <span class='ocr_line' id='line_1_29' title="bbox 565 2726 2150 2805; baseline 0.007 -26"><span class='ocrx_word' id='word_1_179' title='bbox 565 2726 660 2797; x_wconf 79' lang='lat' dir='ltr'><strong>qui</strong></span> <span class='ocrx_word' id='word_1_180' title='bbox 699 2726 1018 2788; x_wconf 89' lang='lat' dir='ltr'><strong>tondentur.</strong></span> <span class='ocrx_word' id='word_1_181' title='bbox 1055 2743 1084 2782; x_wconf 90' lang='lat' dir='ltr'><strong>a</strong></span> <span class='ocrx_word' id='word_1_182' title='bbox 1118 2727 1537 2797; x_wconf 78' lang='lat' dir='ltr'><strong>ﬁdeiussoribus</strong></span> <span class='ocrx_word' id='word_1_183' title='bbox 1566 2731 1800 2801; x_wconf 88' lang='lat' dir='ltr'><strong>suscipi.</strong></span> <span class='ocrx_word' id='word_1_184' title='bbox 1831 2731 1936 2798; x_wconf 85' lang='lat' dir='ltr'><strong>Qui</strong></span> <span class='ocrx_word' id='word_1_185' title='bbox 1979 2734 2150 2805; x_wconf 83' lang='lat' dir='ltr'><strong>igitur</strong></span> 
     </span>
    </p>
   </div>
   <div class='ocr_carea' id='block_1_30' title="bbox 568 2818 2150 2892">
    <p class='ocr_par' dir='ltr' id='par_1_30' title="bbox 568 2818 2150 2892">
     <span class='ocr_line' id='line_1_30' title="bbox 568 2818 2150 2892; baseline 0.006 -19"><span class='ocrx_word' id='word_1_186' title='bbox 568 2833 674 2873; x_wconf 88' lang='lat' dir='ltr'><strong>non</strong></span> <span class='ocrx_word' id='word_1_187' title='bbox 706 2818 910 2888; x_wconf 80' lang='lat' dir='ltr'><strong>degunt</strong></span> <span class='ocrx_word' id='word_1_188' title='bbox 935 2818 988 2872; x_wconf 91' lang='lat' dir='ltr'><strong>in</strong></span> <span class='ocrx_word' id='word_1_189' title='bbox 1019 2822 1390 2887; x_wconf 87' lang='lat' dir='ltr'><strong>monasteriis,</strong></span> <span class='ocrx_word' id='word_1_190' title='bbox 1427 2820 1483 2876; x_wconf 88' lang='lat' dir='ltr'><strong>in</strong></span> <span class='ocrx_word' id='word_1_191' title='bbox 1515 2823 1715 2892; x_wconf 87' lang='lat' dir='ltr'><strong>quibus</strong></span> <span class='ocrx_word' id='word_1_192' title='bbox 1745 2824 1934 2880; x_wconf 86' lang='lat' dir='ltr'><strong>habitu</strong></span> <span class='ocrx_word' id='word_1_193' title='bbox 1967 2837 2150 2882; x_wconf 84' lang='lat' dir='ltr'><strong>muta-</strong></span> 
     </span>
    </p>
   </div>
   <div class='ocr_carea' id='block_1_31' title="bbox 565 2911 2147 2988">
    <p class='ocr_par' dir='ltr' id='par_1_31' title="bbox 565 2911 2147 2988">
     <span class='ocr_line' id='line_1_31' title="bbox 565 2911 2147 2988; baseline 0.005 -22"><span class='ocrx_word' id='word_1_194' title='bbox 565 2918 718 2975; x_wconf 88' lang='lat' dir='ltr'><strong>runt,</strong></span> <span class='ocrx_word' id='word_1_195' title='bbox 751 2919 806 2965; x_wconf 90' lang='lat' dir='ltr'><strong>et</strong></span> <span class='ocrx_word' id='word_1_196' title='bbox 839 2911 983 2966; x_wconf 86' lang='lat' dir='ltr'><strong>tonsi</strong></span> <span class='ocrx_word' id='word_1_197' title='bbox 1022 2919 1170 2978; x_wconf 87' lang='lat' dir='ltr'><strong>sunt,</strong></span> <span class='ocrx_word' id='word_1_198' title='bbox 1208 2913 1305 2968; x_wconf 91' lang='lat' dir='ltr'><strong>sed</strong></span> <span class='ocrx_word' id='word_1_199' title='bbox 1357 2915 1412 2969; x_wconf 90' lang='lat' dir='ltr'><strong>in</strong></span> <span class='ocrx_word' id='word_1_200' title='bbox 1460 2916 1754 2972; x_wconf 90' lang='lat' dir='ltr'><strong>mundanis</strong></span> <span class='ocrx_word' id='word_1_201' title='bbox 1796 2917 2147 2988; x_wconf 86' lang='lat' dir='ltr'><strong>diversoriis;</strong></span> 
     </span>
    </p>
   </div>
   <div class='ocr_carea' id='block_1_32' title="bbox 564 3002 2154 3078">
    <p class='ocr_par' dir='ltr' id='par_1_32' title="bbox 564 3002 2154 3078">
     <span class='ocr_line' id='line_1_32' title="bbox 564 3002 2154 3078; baseline 0.008 -24"><span class='ocrx_word' id='word_1_202' title='bbox 564 3002 970 3071; x_wconf 83' lang='lat' dir='ltr'><strong>compellcntur</strong></span> <span class='ocrx_word' id='word_1_203' title='bbox 1005 3017 1035 3056; x_wconf 90' lang='lat' dir='ltr'><strong>a</strong></span> <span class='ocrx_word' id='word_1_204' title='bbox 1075 3003 1384 3061; x_wconf 80' lang='lat' dir='ltr'><strong>diceceseos</strong></span> <span class='ocrx_word' id='word_1_205' title='bbox 1427 3008 1705 3078; x_wconf 90' lang='lat' dir='ltr'><strong>episcopo,</strong></span> <span class='ocrx_word' id='word_1_206' title='bbox 1772 3025 1898 3066; x_wconf 91' lang='lat' dir='ltr'><strong>cum</strong></span> <span class='ocrx_word' id='word_1_207' title='bbox 1939 3027 2154 3068; x_wconf 84' lang='lat' dir='ltr'><strong>excom-</strong></span> 
     </span>
    </p>
   </div>
   <div class='ocr_carea' id='block_1_33' title="bbox 567 3094 2152 3172">
    <p class='ocr_par' dir='ltr' id='par_1_33' title="bbox 567 3094 2152 3172">
     <span class='ocr_line' id='line_1_33' title="bbox 567 3094 2152 3172; baseline 0.009 -26"><span class='ocrx_word' id='word_1_208' title='bbox 567 3094 939 3150; x_wconf 80' lang='lat' dir='ltr'><strong>municatione</strong></span> <span class='ocrx_word' id='word_1_209' title='bbox 961 3104 1014 3151; x_wconf 93' lang='lat' dir='ltr'><strong>et</strong></span> <span class='ocrx_word' id='word_1_210' title='bbox 1037 3095 1411 3154; x_wconf 87' lang='lat' dir='ltr'><strong>acerbissimis</strong></span> <span class='ocrx_word' id='word_1_211' title='bbox 1433 3100 1610 3170; x_wconf 77' lang='lat' dir='ltr'><strong>pteuis</strong></span> <span class='ocrx_word' id='word_1_212' title='bbox 1626 3101 1805 3158; x_wconf 90' lang='lat' dir='ltr'><strong>redire</strong></span> <span class='ocrx_word' id='word_1_213' title='bbox 1824 3103 1986 3172; x_wconf 88' lang='lat' dir='ltr'><strong>bene,</strong></span> <span class='ocrx_word' id='word_1_214' title='bbox 2010 3105 2152 3161; x_wconf 88' lang='lat' dir='ltr'><strong>unde</strong></span> 
     </span>
    </p>
   </div>
   <div class='ocr_carea' id='block_1_34' title="bbox 567 3183 1011 3241">
    <p class='ocr_par' dir='ltr' id='par_1_34' title="bbox 567 3183 1011 3241">
     <span class='ocr_line' id='line_1_34' title="bbox 567 3183 1011 3241; baseline 0.014 -6"><span class='ocrx_word' id='word_1_215' title='bbox 567 3183 709 3238; x_wconf 83' lang='lat' dir='ltr'><strong>male</strong></span> <span class='ocrx_word' id='word_1_216' title='bbox 736 3183 1011 3241; x_wconf 73' lang='lat' dir='ltr'><strong>exierunt.</strong></span> 
     </span>
    </p>
   </div>
   <div class='ocr_carea' id='block_1_35' title="bbox 641 3366 2150 3444">
    <p class='ocr_par' dir='ltr' id='par_1_35' title="bbox 641 3366 2150 3444">
     <span class='ocr_line' id='line_1_35' title="bbox 641 3366 2150 3444; baseline 0.009 -22"><span class='ocrx_word' id='word_1_217' title='bbox 641 3366 812 3425; x_wconf 82' lang='lat' dir='ltr'><strong>Inter.</strong></span> <span class='ocrx_word' id='word_1_218' title='bbox 845 3370 936 3426; x_wconf 69' lang='lat'><strong>28.</strong></span> <span class='ocrx_word' id='word_1_219' title='bbox 972 3369 1289 3438; x_wconf 81' lang='lat' dir='ltr'><strong>Pontiﬁces,</strong></span> <span class='ocrx_word' id='word_1_220' title='bbox 1324 3373 1418 3444; x_wconf 89' lang='lat' dir='ltr'><strong>qui</strong></span> <span class='ocrx_word' id='word_1_221' title='bbox 1451 3373 1740 3443; x_wconf 89' lang='lat' dir='ltr'><strong>diaconos,</strong></span> <span class='ocrx_word' id='word_1_222' title='bbox 1773 3377 1857 3434; x_wconf 89' lang='lat' dir='ltr'><strong>vel</strong></span> <span class='ocrx_word' id='word_1_223' title='bbox 1891 3379 2150 3437; x_wconf 85' lang='lat' dir='ltr'><strong>sacerdo-</strong></span> 
     </span>
    </p>
   </div>
   <div class='ocr_carea' id='block_1_36' title="bbox 569 3463 2151 3542">
    <p class='ocr_par' dir='ltr' id='par_1_36' title="bbox 569 3463 2151 3542">
     <span class='ocr_line' id='line_1_36' title="bbox 569 3463 2151 3542; baseline 0.009 -27"><span class='ocrx_word' id='word_1_224' title='bbox 569 3470 653 3518; x_wconf 82' lang='lat' dir='ltr'><strong>tes</strong></span> <span class='ocrx_word' id='word_1_225' title='bbox 680 3463 961 3530; x_wconf 87' lang='lat' dir='ltr'><strong>ordinant,</strong></span> <span class='ocrx_word' id='word_1_226' title='bbox 997 3465 1125 3520; x_wconf 90' lang='lat' dir='ltr'><strong>item</strong></span> <span class='ocrx_word' id='word_1_227' title='bbox 1161 3465 1255 3535; x_wconf 91' lang='lat' dir='ltr'><strong>qui</strong></span> <span class='ocrx_word' id='word_1_228' title='bbox 1285 3480 1384 3536; x_wconf 91' lang='lat' dir='ltr'><strong>per</strong></span> <span class='ocrx_word' id='word_1_229' title='bbox 1412 3466 1657 3522; x_wconf 88' lang='lat' dir='ltr'><strong>divinum</strong></span> <span class='ocrx_word' id='word_1_230' title='bbox 1709 3471 1986 3526; x_wconf 87' lang='lat' dir='ltr'><strong>lavacrum</strong></span> <span class='ocrx_word' id='word_1_231' title='bbox 2019 3489 2151 3542; x_wconf 87' lang='lat' dir='ltr'><strong>pue-</strong></span> 
     </span>
    </p>
   </div>
   <div class='ocr_carea' id='block_1_37' title="bbox 570 3553 2154 3626">
    <p class='ocr_par' dir='ltr' id='par_1_37' title="bbox 570 3553 2154 3626">
     <span class='ocr_line' id='line_1_37' title="bbox 570 3553 2154 3626; baseline 0.008 -21"><span class='ocrx_word' id='word_1_232' title='bbox 570 3567 664 3606; x_wconf 90' lang='lat' dir='ltr'><strong>ros</strong></span> <span class='ocrx_word' id='word_1_233' title='bbox 705 3553 1164 3620; x_wconf 82' lang='lat' dir='ltr'><strong>orthodoxorum,</strong></span> <span class='ocrx_word' id='word_1_234' title='bbox 1202 3564 1298 3610; x_wconf 87' lang='lat' dir='ltr'><strong>aut</strong></span> <span class='ocrx_word' id='word_1_235' title='bbox 1343 3555 1557 3626; x_wconf 89' lang='lat' dir='ltr'><strong>aliquos</strong></span> <span class='ocrx_word' id='word_1_236' title='bbox 1590 3557 1876 3617; x_wconf 61' lang='lat' dir='ltr'><strong>haereticos</strong></span> <span class='ocrx_word' id='word_1_237' title='bbox 1910 3563 2154 3618; x_wconf 80' lang='lat' dir='ltr'><strong>sanctiﬁ-</strong></span> 
     </span>
    </p>
   </div>
   <div class='ocr_carea' id='block_1_38' title="bbox 572 3642 2155 3716">
    <p class='ocr_par' dir='ltr' id='par_1_38' title="bbox 572 3642 2155 3716">
     <span class='ocr_line' id='line_1_38' title="bbox 572 3642 2155 3716; baseline 0.009 -22"><span class='ocrx_word' id='word_1_238' title='bbox 572 3651 748 3706; x_wconf 89' lang='lat' dir='ltr'><strong>cant;</strong></span> <span class='ocrx_word' id='word_1_239' title='bbox 811 3642 1018 3712; x_wconf 87' lang='lat' dir='ltr'><strong>pariter</strong></span> <span class='ocrx_word' id='word_1_240' title='bbox 1070 3644 1165 3714; x_wconf 89' lang='lat' dir='ltr'><strong>qui</strong></span> <span class='ocrx_word' id='word_1_241' title='bbox 1228 3644 1505 3716; x_wconf 85' lang='lat' dir='ltr'><strong>aliquibus</strong></span> <span class='ocrx_word' id='word_1_242' title='bbox 1568 3647 1885 3704; x_wconf 87' lang='lat' dir='ltr'><strong>ministrant</strong></span> <span class='ocrx_word' id='word_1_243' title='bbox 1938 3651 2155 3708; x_wconf 83' lang='lat' dir='ltr'><strong>divinas</strong></span> 
     </span>
    </p>
   </div>
   <div class='ocr_carea' id='block_1_39' title="bbox 577 3733 2155 3808">
    <p class='ocr_par' dir='ltr' id='par_1_39' title="bbox 577 3733 2155 3808">
     <span class='ocr_line' id='line_1_39' title="bbox 577 3733 2155 3808; baseline 0.01 -22"><span class='ocrx_word' id='word_1_244' title='bbox 577 3733 1068 3800; x_wconf 80' lang='lat' dir='ltr'><strong>sanctiﬁcationes,</strong></span> <span class='ocrx_word' id='word_1_245' title='bbox 1097 3735 1143 3791; x_wconf 90' lang='lat' dir='ltr'><strong>si</strong></span> <span class='ocrx_word' id='word_1_246' title='bbox 1175 3736 1229 3790; x_wconf 92' lang='lat' dir='ltr'><strong>in</strong></span> <span class='ocrx_word' id='word_1_247' title='bbox 1272 3736 1477 3793; x_wconf 88' lang='lat' dir='ltr'><strong>laboris</strong></span> <span class='ocrx_word' id='word_1_248' title='bbox 1506 3741 1786 3808; x_wconf 66' lang='lat' dir='ltr'><strong>praemium</strong></span> <span class='ocrx_word' id='word_1_249' title='bbox 1817 3747 2155 3802; x_wconf 87' lang='lat' dir='ltr'><strong>nummarias</strong></span> 
     </span>
    </p>
   </div>
   <div class='ocr_carea' id='block_1_40' title="bbox 573 3822 2155 3906">
    <p class='ocr_par' dir='ltr' id='par_1_40' title="bbox 573 3822 2155 3906">
     <span class='ocr_line' id='line_1_40' title="bbox 573 3822 2155 3906; baseline 0.01 -30"><span class='ocrx_word' id='word_1_250' title='bbox 573 3822 787 3892; x_wconf 88' lang='lat' dir='ltr'><strong>aliquas</strong></span> <span class='ocrx_word' id='word_1_251' title='bbox 841 3839 1088 3884; x_wconf 89' lang='lat' dir='ltr'><strong>summas</strong></span> <span class='ocrx_word' id='word_1_252' title='bbox 1141 3826 1210 3881; x_wconf 88' lang='lat' dir='ltr'><strong>ab</strong></span> <span class='ocrx_word' id='word_1_253' title='bbox 1263 3827 1330 3882; x_wconf 91' lang='lat' dir='ltr'><strong>iis</strong></span> <span class='ocrx_word' id='word_1_254' title='bbox 1378 3827 1619 3900; x_wconf 74' lang='lat' dir='ltr'><strong>exigant,</strong></span> <span class='ocrx_word' id='word_1_255' title='bbox 1668 3843 1886 3889; x_wconf 86' lang='lat' dir='ltr'><strong>rectene</strong></span> <span class='ocrx_word' id='word_1_256' title='bbox 1924 3835 2155 3906; x_wconf 74' lang='lat' dir='ltr'><strong>iaciunt,</strong></span> 
     </span>
    </p>
   </div>
   <div class='ocr_carea' id='block_1_41' title="bbox 572 3917 793 3970">
    <p class='ocr_par' dir='ltr' id='par_1_41' title="bbox 572 3917 793 3970">
     <span class='ocr_line' id='line_1_41' title="bbox 572 3917 793 3970; baseline 0 0"><span class='ocrx_word' id='word_1_257' title='bbox 572 3917 793 3970; x_wconf 83' lang='lat' dir='ltr'><strong>annon?</strong></span> 
     </span>
    </p>
   </div>
   <div class='ocr_carea' id='block_1_42' title="bbox 644 4007 2156 4086">
    <p class='ocr_par' dir='ltr' id='par_1_42' title="bbox 644 4007 2156 4086">
     <span class='ocr_line' id='line_1_42' title="bbox 644 4007 2156 4086; baseline 0.008 -24"><span class='ocrx_word' id='word_1_258' title='bbox 644 4007 766 4063; x_wconf 77' lang='lat' dir='ltr'><strong>Res.</strong></span> <span class='ocrx_word' id='word_1_259' title='bbox 831 4007 1063 4075; x_wconf 80' lang='lat' dir='ltr'><strong>Milites,</strong></span> <span class='ocrx_word' id='word_1_260' title='bbox 1117 4009 1332 4081; x_wconf 87' lang='lat' dir='ltr'><strong>inquit,</strong></span> <span class='ocrx_word' id='word_1_261' title='bbox 1395 4013 1635 4084; x_wconf 89' lang='lat' dir='ltr'><strong>propriis</strong></span> <span class='ocrx_word' id='word_1_262' title='bbox 1695 4015 1985 4086; x_wconf 88' lang='lat' dir='ltr'><strong>stipendiis</strong></span> <span class='ocrx_word' id='word_1_263' title='bbox 2047 4035 2156 4074; x_wconf 92' lang='lat' dir='ltr'><strong>non</strong></span> 
     </span>
    </p>
   </div>
   <div class='ocr_carea' id='block_1_43' title="bbox 573 4100 2157 4173">
    <p class='ocr_par' dir='ltr' id='par_1_43' title="bbox 573 4100 2157 4173">
     <span class='ocr_line' id='line_1_43' title="bbox 573 4100 2157 4173; baseline 0.008 -20"><span class='ocrx_word' id='word_1_264' title='bbox 573 4100 816 4155; x_wconf 88' lang='lat' dir='ltr'><strong>aluntur.</strong></span> <span class='ocrx_word' id='word_1_265' title='bbox 850 4100 918 4156; x_wconf 88' lang='lat' dir='ltr'><strong>Et</strong></span> <span class='ocrx_word' id='word_1_266' title='bbox 964 4116 1060 4173; x_wconf 91' lang='lat' dir='ltr'><strong>per</strong></span> <span class='ocrx_word' id='word_1_267' title='bbox 1105 4100 1296 4158; x_wconf 79' lang='lat' dir='ltr'><strong>Mosen</strong></span> <span class='ocrx_word' id='word_1_268' title='bbox 1339 4101 1483 4158; x_wconf 76' lang='lat' dir='ltr'><strong>dixit</strong></span> <span class='ocrx_word' id='word_1_269' title='bbox 1523 4104 1689 4172; x_wconf 89' lang='lat' dir='ltr'><strong>Deus,</strong></span> <span class='ocrx_word' id='word_1_270' title='bbox 1719 4103 1839 4162; x_wconf 83' lang='lat' dir='ltr'><strong>Non</strong></span> <span class='ocrx_word' id='word_1_271' title='bbox 1881 4110 2157 4166; x_wconf 88' lang='lat' dir='ltr'><strong>constrin—</strong></span> 
     </span>
    </p>
   </div>
   <div class='ocr_carea' id='block_1_44' title="bbox 571 4193 2156 4270">
    <p class='ocr_par' dir='ltr' id='par_1_44' title="bbox 571 4193 2156 4270">
     <span class='ocr_line' id='line_1_44' title="bbox 571 4193 2156 4270; baseline 0.005 -22"><span class='ocrx_word' id='word_1_272' title='bbox 571 4208 666 4262; x_wconf 84' lang='lat' dir='ltr'><strong>ges</strong></span> <span class='ocrx_word' id='word_1_273' title='bbox 713 4207 777 4248; x_wconf 91' lang='lat' dir='ltr'><strong>os</strong></span> <span class='ocrx_word' id='word_1_274' title='bbox 827 4193 950 4248; x_wconf 84' lang='lat' dir='ltr'><strong>bovi</strong></span> <span class='ocrx_word' id='word_1_275' title='bbox 1003 4194 1306 4250; x_wconf 88' lang='lat' dir='ltr'><strong>trituranti.</strong></span> <span class='ocrx_word' id='word_1_276' title='bbox 1353 4194 1411 4250; x_wconf 92' lang='lat' dir='ltr'><strong>Si</strong></span> <span class='ocrx_word' id='word_1_277' title='bbox 1470 4197 1638 4267; x_wconf 75' lang='lat' dir='ltr'><strong>igitur</strong></span> <span class='ocrx_word' id='word_1_278' title='bbox 1686 4213 1784 4270; x_wconf 90' lang='lat' dir='ltr'><strong>per</strong></span> <span class='ocrx_word' id='word_1_279' title='bbox 1827 4199 2156 4258; x_wconf 84' lang='lat' dir='ltr'><strong>mediocrem</strong></span> 
     </span>
    </p>
   </div>
   <div class='ocr_carea' id='block_1_45' title="bbox 572 4283 2160 4356">
    <p class='ocr_par' dir='ltr' id='par_1_45' title="bbox 572 4283 2160 4356">
     <span class='ocr_line' id='line_1_45' title="bbox 572 4283 2160 4356; baseline 0.005 -18"><span class='ocrx_word' id='word_1_280' title='bbox 572 4283 847 4338; x_wconf 89' lang='lat' dir='ltr'><strong>dationem</strong></span> <span class='ocrx_word' id='word_1_281' title='bbox 895 4284 1160 4354; x_wconf 88' lang='lat' dir='ltr'><strong>aliquam,</strong></span> <span class='ocrx_word' id='word_1_282' title='bbox 1204 4291 1261 4339; x_wconf 91' lang='lat' dir='ltr'><strong>et</strong></span> <span class='ocrx_word' id='word_1_283' title='bbox 1303 4285 1534 4341; x_wconf 89' lang='lat' dir='ltr'><strong>arbitrio</strong></span> <span class='ocrx_word' id='word_1_284' title='bbox 1576 4287 1834 4356; x_wconf 78' lang='lat' dir='ltr'><strong>ordinati,</strong></span> <span class='ocrx_word' id='word_1_285' title='bbox 1870 4290 1956 4344; x_wconf 83' lang='lat' dir='ltr'><strong>vel</strong></span> <span class='ocrx_word' id='word_1_286' title='bbox 1999 4292 2160 4347; x_wconf 87' lang='lat' dir='ltr'><strong>aliter</strong></span> 
     </span>
    </p>
   </div>
   <div class='ocr_carea' id='block_1_46' title="bbox 574 4372 2158 4447">
    <p class='ocr_par' dir='ltr' id='par_1_46' title="bbox 574 4372 2158 4447">
     <span class='ocr_line' id='line_1_46' title="bbox 574 4372 2158 4447; baseline 0.005 -18"><span class='ocrx_word' id='word_1_287' title='bbox 574 4372 930 4438; x_wconf 86' lang='lat' dir='ltr'><strong>sauctilicati,</strong></span> <span class='ocrx_word' id='word_1_288' title='bbox 958 4373 1214 4428; x_wconf 81' lang='lat' dir='ltr'><strong>solatium</strong></span> <span class='ocrx_word' id='word_1_289' title='bbox 1255 4374 1512 4444; x_wconf 87' lang='lat' dir='ltr'><strong>accipere</strong></span> <span class='ocrx_word' id='word_1_290' title='bbox 1557 4387 1808 4447; x_wconf 70' lang='lat' dir='ltr'><strong>quaerunt</strong></span> <span class='ocrx_word' id='word_1_291' title='bbox 1844 4381 2158 4437; x_wconf 86' lang='lat' dir='ltr'><strong>sacerdotes</strong></span> 
     </span>
    </p>
   </div>
   <div class='ocr_carea' id='block_1_47' title="bbox 574 4464 2157 4539">
    <p class='ocr_par' dir='ltr' id='par_1_47' title="bbox 574 4464 2157 4539">
     <span class='ocr_line' id='line_1_47' title="bbox 574 4464 2157 4539; baseline 0.005 -19"><span class='ocrx_word' id='word_1_292' title='bbox 574 4473 629 4521; x_wconf 91' lang='lat' dir='ltr'><strong>et</strong></span> <span class='ocrx_word' id='word_1_293' title='bbox 660 4464 972 4530; x_wconf 76' lang='lat' dir='ltr'><strong>pontiﬁces,</strong></span> <span class='ocrx_word' id='word_1_294' title='bbox 1001 4464 1094 4532; x_wconf 89' lang='lat' dir='ltr'><strong>qui</strong></span> <span class='ocrx_word' id='word_1_295' title='bbox 1122 4464 1383 4520; x_wconf 83' lang='lat' dir='ltr'><strong>ordinant</strong></span> <span class='ocrx_word' id='word_1_296' title='bbox 1411 4467 1492 4522; x_wconf 90' lang='lat' dir='ltr'><strong>vel</strong></span> <span class='ocrx_word' id='word_1_297' title='bbox 1520 4469 1826 4539; x_wconf 85' lang='lat' dir='ltr'><strong>baptizant,</strong></span> <span class='ocrx_word' id='word_1_298' title='bbox 1861 4472 1997 4527; x_wconf 83' lang='lat' dir='ltr'><strong>nihil</strong></span> <span class='ocrx_word' id='word_1_299' title='bbox 2031 4473 2157 4528; x_wconf 91' lang='lat' dir='ltr'><strong>mali</strong></span> 
     </span>
    </p>
   </div>
   <div class='ocr_carea' id='block_1_48' title="bbox 577 4554 2159 4628">
    <p class='ocr_par' dir='ltr' id='par_1_48' title="bbox 577 4554 2159 4628">
     <span class='ocr_line' id='line_1_48' title="bbox 577 4554 2159 4628; baseline 0.008 -20"><span class='ocrx_word' id='word_1_300' title='bbox 577 4555 808 4610; x_wconf 83' lang='lat' dir='ltr'><strong>faciunt.</strong></span> <span class='ocrx_word' id='word_1_301' title='bbox 838 4555 973 4610; x_wconf 83' lang='lat' dir='ltr'><strong>Nam</strong></span> <span class='ocrx_word' id='word_1_302' title='bbox 1016 4554 1263 4611; x_wconf 87' lang='lat' dir='ltr'><strong>solemne</strong></span> <span class='ocrx_word' id='word_1_303' title='bbox 1295 4566 1381 4612; x_wconf 88' lang='lat' dir='ltr'><strong>est</strong></span> <span class='ocrx_word' id='word_1_304' title='bbox 1427 4573 1524 4628; x_wconf 86' lang='lat' dir='ltr'><strong>per</strong></span> <span class='ocrx_word' id='word_1_305' title='bbox 1562 4563 2041 4628; x_wconf 83' lang='lat' dir='ltr'><strong>consuetudinem,</strong></span> <span class='ocrx_word' id='word_1_306' title='bbox 2066 4580 2159 4620; x_wconf 84' lang='lat' dir='ltr'><strong>or-</strong></span> 
     </span>
    </p>
   </div>
   <div class='ocr_carea' id='block_1_49' title="bbox 2253 618 3800 693">
    <p class='ocr_par' dir='ltr' id='par_1_49' title="bbox 2253 618 3800 693">
     <span class='ocr_line' id='line_1_49' title="bbox 2253 618 3800 693; baseline 0.002 -19"><span class='ocrx_word' id='word_1_307' title='bbox 2253 621 2435 692; x_wconf 81' lang='grc' dir='ltr'>ῥητῶς</span> <span class='ocrx_word' id='word_1_308' title='bbox 2461 621 2591 691; x_wconf 82' lang='grc' dir='ltr'>περὶ</span> <span class='ocrx_word' id='word_1_309' title='bbox 2621 619 2824 674; x_wconf 86' lang='grc' dir='ltr'>τούτων</span> <span class='ocrx_word' id='word_1_310' title='bbox 2853 618 3359 690; x_wconf 81' lang='grc' dir='ltr'>ὲκαλλιγράφησαν,</span> <span class='ocrx_word' id='word_1_311' title='bbox 3407 620 3551 684; x_wconf 78' lang='grc' dir='ltr'>Τοὺς</span> <span class='ocrx_word' id='word_1_312' title='bbox 3588 621 3721 693; x_wconf 76' lang='grc' dir='ltr'>ἅπαξ</span> <span class='ocrx_word' id='word_1_313' title='bbox 3752 628 3800 678; x_wconf 81' lang='grc' dir='ltr'><strong>έν</strong></span> 
     </span>
    </p>
   </div>
   <div class='ocr_carea' id='block_1_50' title="bbox 2251 711 3798 788">
    <p class='ocr_par' dir='ltr' id='par_1_50' title="bbox 2251 711 3798 788">
     <span class='ocr_line' id='line_1_50' title="bbox 2251 711 3798 788; baseline -0.001 -20"><span class='ocrx_word' id='word_1_314' title='bbox 2251 714 2441 786; x_wconf 83' lang='grc' dir='ltr'>κλήρῳ</span> <span class='ocrx_word' id='word_1_315' title='bbox 2483 711 2857 783; x_wconf 76' lang='grc' dir='ltr'><strong>τεταγμένους</strong></span> <span class='ocrx_word' id='word_1_316' title='bbox 2904 713 3000 766; x_wconf 67' lang='grc' dir='ltr'><strong>καὶ⁵</strong></span> <span class='ocrx_word' id='word_1_317' title='bbox 3053 712 3324 782; x_wconf 83' lang='grc' dir='ltr'>μοναστάς</span> <span class='ocrx_word' id='word_1_318' title='bbox 3366 712 3652 784; x_wconf 85' lang='grc' dir='ltr'>ῶρίσαμεν</span> <span class='ocrx_word' id='word_1_319' title='bbox 3687 717 3798 788; x_wconf 74' lang='grc' dir='ltr'>μήτε</span> 
     </span>
    </p>
   </div>
   <div class='ocr_carea' id='block_1_51' title="bbox 2249 801 3796 874">
    <p class='ocr_par' dir='ltr' id='par_1_51' title="bbox 2249 801 3796 874">
     <span class='ocr_line' id='line_1_51' title="bbox 2249 801 3796 874; baseline 0.001 -15"><span class='ocrx_word' id='word_1_320' title='bbox 2249 803 2345 859; x_wconf 71' lang='grc' dir='ltr'><strong>ἐπὶ</strong></span> <span class='ocrx_word' id='word_1_321' title='bbox 2380 803 2692 873; x_wconf 82' lang='grc' dir='ltr'><strong>στρατείας,</strong></span> <span class='ocrx_word' id='word_1_322' title='bbox 2713 803 2870 872; x_wconf 64' lang='grc' dir='ltr'>ῐμήτε</span> <span class='ocrx_word' id='word_1_323' title='bbox 2898 801 2994 857; x_wconf 76' lang='grc' dir='ltr'><strong>ἐπὶ</strong></span> <span class='ocrx_word' id='word_1_324' title='bbox 3027 802 3187 868; x_wconf 80' lang='grc' dir='ltr'>ἀξίαν</span> <span class='ocrx_word' id='word_1_325' title='bbox 3223 803 3502 874; x_wconf 79' lang='grc' dir='ltr'><strong>κοσμικὴν</strong></span> <span class='ocrx_word' id='word_1_326' title='bbox 3533 803 3796 874; x_wconf 76' lang='grc' dir='ltr'>ἔρχεσθαι·</span> 
     </span>
    </p>
   </div>
   <div class='ocr_carea' id='block_1_52' title="bbox 2249 894 3799 966">
    <p class='ocr_par' dir='ltr' id='par_1_52' title="bbox 2249 894 3799 966">
     <span class='ocr_line' id='line_1_52' title="bbox 2249 894 3799 966; baseline 0.002 -16"><span class='ocrx_word' id='word_1_327' title='bbox 2249 896 2307 966; x_wconf 80' lang='grc' dir='ltr'>ἢ,</span> <span class='ocrx_word' id='word_1_328' title='bbox 2339 895 2497 950; x_wconf 88' lang='grc' dir='ltr'>τοῦτο</span> <span class='ocrx_word' id='word_1_329' title='bbox 2545 895 2886 966; x_wconf 82' lang='grc' dir='ltr'><strong>τολμῶντας,</strong></span> <span class='ocrx_word' id='word_1_330' title='bbox 2943 895 3038 949; x_wconf 76' lang='grc' dir='ltr'>καὶ</span> <span class='ocrx_word' id='word_1_331' title='bbox 3071 894 3148 966; x_wconf 79' lang='grc' dir='ltr'>μὴ</span> <span class='ocrx_word' id='word_1_332' title='bbox 3191 895 3664 966; x_wconf 77' lang='grc' dir='ltr'><strong>μεταμελομένους</strong></span> <span class='ocrx_word' id='word_1_333' title='bbox 3684 898 3799 954; x_wconf 77' lang='grc' dir='ltr'>ὥστε</span> 
     </span>
    </p>
   </div>
   <div class='ocr_carea' id='block_1_53' title="bbox 2250 987 3798 1060">
    <p class='ocr_par' dir='ltr' id='par_1_53' title="bbox 2250 987 3798 1060">
     <span class='ocr_line' id='line_1_53' title="bbox 2250 987 3798 1060; baseline 0.002 -19"><span class='ocrx_word' id='word_1_334' title='bbox 2250 988 2578 1060; x_wconf 68' lang='grc' dir='ltr'>ἐπιστρέψαι</span> <span class='ocrx_word' id='word_1_335' title='bbox 2607 990 2701 1042; x_wconf 69' lang='grc' dir='ltr'><strong>ἰπὶ</strong></span> <span class='ocrx_word' id='word_1_336' title='bbox 2723 989 2884 1044; x_wconf 87' lang='grc' dir='ltr'>τοῦτο</span> <span class='ocrx_word' id='word_1_337' title='bbox 2909 988 2939 1042; x_wconf 84' lang='grc' dir='ltr'><strong>ὃ</strong></span> <span class='ocrx_word' id='word_1_338' title='bbox 2957 987 3046 1042; x_wconf 83' lang='grc' dir='ltr'><strong>διὰ</strong></span> <span class='ocrx_word' id='word_1_339' title='bbox 3069 987 3200 1042; x_wconf 84' lang='grc' dir='ltr'><strong>Θεὸν</strong></span> <span class='ocrx_word' id='word_1_340' title='bbox 3234 987 3461 1053; x_wconf 81' lang='grc' dir='ltr'>εἴλοντο,</span> <span class='ocrx_word' id='word_1_341' title='bbox 3494 989 3798 1060; x_wconf 82' lang='grc' dir='ltr'>ἀναθεματί-</span> 
     </span>
    </p>
   </div>
   <div class='ocr_carea' id='block_1_54' title="bbox 2250 1078 3798 1149">
    <p class='ocr_par' dir='ltr' id='par_1_54' title="bbox 2250 1078 3798 1149">
     <span class='ocr_line' id='line_1_54' title="bbox 2250 1078 3798 1149; baseline 0.004 -17"><span class='ocrx_word' id='word_1_342' title='bbox 2250 1079 2462 1144; x_wconf 79' lang='grc' dir='ltr'>ζεσθαι.</span> <span class='ocrx_word' id='word_1_343' title='bbox 2520 1080 2630 1134; x_wconf 71' lang='grc' dir='ltr'><strong>Καὶ</strong></span> <span class='ocrx_word' id='word_1_344' title='bbox 2683 1083 2711 1135; x_wconf 88' lang='grc' dir='ltr'><strong>ό</strong></span> <span class='ocrx_word' id='word_1_345' title='bbox 2766 1079 2859 1149; x_wconf 82' lang='grc' dir='ltr'>πγ¹</span> <span class='ocrx_word' id='word_1_346' title='bbox 2915 1078 3099 1134; x_wconf 86' lang='grc' dir='ltr'>κανὼν</span> <span class='ocrx_word' id='word_1_347' title='bbox 3139 1079 3249 1133; x_wconf 80' lang='grc' dir='ltr'><strong>τῶν</strong></span> <span class='ocrx_word' id='word_1_348' title='bbox 3300 1079 3470 1148; x_wconf 81' lang='grc' dir='ltr'>ἁγίων</span> <span class='ocrx_word' id='word_1_349' title='bbox 3520 1083 3798 1138; x_wconf 72' lang='grc' dir='ltr'>ἀποστόλων</span> 
     </span>
    </p>
   </div>
   <div class='ocr_carea' id='block_1_55' title="bbox 2249 1171 3793 1247">
    <p class='ocr_par' dir='ltr' id='par_1_55' title="bbox 2249 1171 3793 1247">
     <span class='ocr_line' id='line_1_55' title="bbox 2249 1171 3793 1247; baseline -0.001 -19"><span class='ocrx_word' id='word_1_350' title='bbox 2249 1174 2424 1228; x_wconf 89' lang='grc' dir='ltr'>ταῦτα</span> <span class='ocrx_word' id='word_1_351' title='bbox 2487 1173 2768 1238; x_wconf 81' lang='grc' dir='ltr'><strong>διέξεισιν·</strong></span> <span class='ocrx_word' id='word_1_352' title='bbox 2848 1173 3196 1240; x_wconf 79' lang='grc' dir='ltr'>Ἐπίσκοπος,</span> <span class='ocrx_word' id='word_1_353' title='bbox 3257 1173 3292 1244; x_wconf 82' lang='grc' dir='ltr'>ἢ</span> <span class='ocrx_word' id='word_1_354' title='bbox 3353 1171 3793 1247; x_wconf 77' lang='grc' dir='ltr'>πρεσϐύτερος,ῆ</span> 
     </span>
    </p>
   </div>
   <div class='ocr_carea' id='block_1_56' title="bbox 2249 1265 3794 1338">
    <p class='ocr_par' dir='ltr' id='par_1_56' title="bbox 2249 1265 3794 1338">
     <span class='ocr_line' id='line_1_56' title="bbox 2249 1265 3794 1338; baseline -0.001 -18"><span class='ocrx_word' id='word_1_355' title='bbox 2249 1267 2497 1330; x_wconf 83' lang='grc' dir='ltr'>διάκονος</span> <span class='ocrx_word' id='word_1_356' title='bbox 2529 1266 2792 1338; x_wconf 80' lang='grc' dir='ltr'>στρατείᾳ</span> <span class='ocrx_word' id='word_1_357' title='bbox 2824 1266 3124 1336; x_wconf 74' lang='grc' dir='ltr'>σχολάζων,</span> <span class='ocrx_word' id='word_1_358' title='bbox 3159 1265 3256 1319; x_wconf 80' lang='grc' dir='ltr'>καὶ</span> <span class='ocrx_word' id='word_1_359' title='bbox 3296 1265 3621 1336; x_wconf 81' lang='grc' dir='ltr'>βουλόμενος</span> <span class='ocrx_word' id='word_1_360' title='bbox 3647 1268 3794 1338; x_wconf 63' lang='grc' dir='ltr'>ἀμφό-</span> 
     </span>
    </p>
   </div>
   <div class='ocr_carea' id='block_1_57' title="bbox 2249 1357 3792 1432">
    <p class='ocr_par' dir='ltr' id='par_1_57' title="bbox 2249 1357 3792 1432">
     <span class='ocr_line' id='line_1_57' title="bbox 2249 1357 3792 1432; baseline -0.001 -19"><span class='ocrx_word' id='word_1_361' title='bbox 2249 1377 2385 1432; x_wconf 85' lang='grc' dir='ltr'>τερα</span> <span class='ocrx_word' id='word_1_362' title='bbox 2439 1360 2714 1429; x_wconf 83' lang='grc' dir='ltr'>κατέχειν,</span> <span class='ocrx_word' id='word_1_363' title='bbox 2787 1357 3102 1429; x_wconf 80' lang='grc' dir='ltr'>Ῥωμαϊκὴν</span> <span class='ocrx_word' id='word_1_364' title='bbox 3161 1357 3336 1429; x_wconf 83' lang='grc' dir='ltr'>ἀρχὴν</span> <span class='ocrx_word' id='word_1_365' title='bbox 3391 1358 3488 1412; x_wconf 76' lang='grc' dir='ltr'>καὶ</span> <span class='ocrx_word' id='word_1_366' title='bbox 3550 1359 3792 1430; x_wconf 65' lang='grc' dir='ltr'>ἱερατικὴν</span> 
     </span>
    </p>
   </div>
   <div class='ocr_carea' id='block_1_58' title="bbox 2250 1450 3787 1523">
    <p class='ocr_par' dir='ltr' id='par_1_58' title="bbox 2250 1450 3787 1523">
     <span class='ocr_line' id='line_1_58' title="bbox 2250 1450 3787 1523; baseline -0.001 -17"><span class='ocrx_word' id='word_1_367' title='bbox 2250 1451 2552 1515; x_wconf 86' lang='grc' dir='ltr'>διακονίαν,</span> <span class='ocrx_word' id='word_1_368' title='bbox 2578 1450 2972 1522; x_wconf 80' lang='grc' dir='ltr'>καθαιρείσθω.</span> <span class='ocrx_word' id='word_1_369' title='bbox 2996 1450 3078 1504; x_wconf 84' lang='grc' dir='ltr'>Τὰ</span> <span class='ocrx_word' id='word_1_370' title='bbox 3094 1451 3204 1521; x_wconf 80' lang='grc' dir='ltr'><strong>γὰρ</strong></span> <span class='ocrx_word' id='word_1_371' title='bbox 3222 1452 3527 1522; x_wconf 82' lang='grc' dir='ltr'>Καίσαρος,</span> <span class='ocrx_word' id='word_1_372' title='bbox 3553 1451 3787 1523; x_wconf 81' lang='grc' dir='ltr'>Καίσαρι·</span> 
     </span>
    </p>
   </div>
   <div class='ocr_carea' id='block_1_59' title="bbox 2251 1540 3790 1612">
    <p class='ocr_par' dir='ltr' id='par_1_59' title="bbox 2251 1540 3790 1612">
     <span class='ocr_line' id='line_1_59' title="bbox 2251 1540 3790 1612; baseline -0.002 -14"><span class='ocrx_word' id='word_1_373' title='bbox 2251 1547 2346 1598; x_wconf 62' lang='grc' dir='ltr'>καὶ</span> <span class='ocrx_word' id='word_1_374' title='bbox 2375 1545 2443 1598; x_wconf 67' lang='grc' dir='ltr'>τὰ</span> <span class='ocrx_word' id='word_1_375' title='bbox 2476 1544 2570 1596; x_wconf 90' lang='grc' dir='ltr'><strong>τοῦ</strong></span> <span class='ocrx_word' id='word_1_376' title='bbox 2616 1541 2776 1607; x_wconf 85' lang='grc' dir='ltr'>Θεοῦ,</span> <span class='ocrx_word' id='word_1_377' title='bbox 2823 1541 2901 1612; x_wconf 83' lang='grc' dir='ltr'>τῷ</span> <span class='ocrx_word' id='word_1_378' title='bbox 2939 1541 3077 1610; x_wconf 82' lang='grc' dir='ltr'><strong>Θέᾧ.</strong></span> <span class='ocrx_word' id='word_1_379' title='bbox 3127 1543 3426 1612; x_wconf 84' lang='grc' dir='ltr'>Γενήσεται</span> <span class='ocrx_word' id='word_1_380' title='bbox 3472 1540 3568 1595; x_wconf 82' lang='grc' dir='ltr'><strong>οῦν</strong></span> <span class='ocrx_word' id='word_1_381' title='bbox 3599 1543 3683 1594; x_wconf 69' lang='grc' dir='ltr'><strong>ἐπὶ</strong></span> <span class='ocrx_word' id='word_1_382' title='bbox 3703 1545 3790 1605; x_wconf 80' lang='grc' dir='ltr'>τοῖς</span> 
     </span>
    </p>
   </div>
   <div class='ocr_carea' id='block_1_60' title="bbox 2249 1633 3789 1704">
    <p class='ocr_par' dir='ltr' id='par_1_60' title="bbox 2249 1633 3789 1704">
     <span class='ocr_line' id='line_1_60' title="bbox 2249 1633 3789 1704; baseline -0.001 -15"><span class='ocrx_word' id='word_1_383' title='bbox 2249 1636 2392 1692; x_wconf 75' lang='grc' dir='ltr'>οὕτω</span> <span class='ocrx_word' id='word_1_384' title='bbox 2419 1635 2599 1697; x_wconf 86' lang='grc' dir='ltr'>καλῶς</span> <span class='ocrx_word' id='word_1_385' title='bbox 2629 1635 3073 1704; x_wconf 78' lang='grc' dir='ltr'>πολιτευομένοις</span> <span class='ocrx_word' id='word_1_386' title='bbox 3107 1635 3364 1703; x_wconf 86' lang='grc' dir='ltr'>μοναχοῖς</span> <span class='ocrx_word' id='word_1_387' title='bbox 3393 1651 3454 1686; x_wconf 86' lang='grc' dir='ltr'><strong>τε</strong></span> <span class='ocrx_word' id='word_1_388' title='bbox 3491 1633 3588 1687; x_wconf 77' lang='grc' dir='ltr'>καὶ</span> <span class='ocrx_word' id='word_1_389' title='bbox 3618 1633 3789 1698; x_wconf 55' lang='lat' dir='ltr'><strong>iamsi;</strong></span> 
     </span>
    </p>
   </div>
   <div class='ocr_carea' id='block_1_61' title="bbox 2250 1725 3422 1796">
    <p class='ocr_par' dir='ltr' id='par_1_61' title="bbox 2250 1725 3422 1796">
     <span class='ocr_line' id='line_1_61' title="bbox 2250 1725 3422 1796; baseline 0 -16"><span class='ocrx_word' id='word_1_390' title='bbox 2250 1729 2318 1780; x_wconf 81' lang='grc' dir='ltr'>τὰ</span> <span class='ocrx_word' id='word_1_391' title='bbox 2347 1729 2402 1781; x_wconf 80' lang='grc' dir='ltr'>ὲν</span> <span class='ocrx_word' id='word_1_392' title='bbox 2422 1730 2536 1790; x_wconf 85' lang='grc' dir='ltr'>τοῖς</span> <span class='ocrx_word' id='word_1_393' title='bbox 2551 1726 2817 1788; x_wconf 80' lang='grc' dir='ltr'>τοιούτοις</span> <span class='ocrx_word' id='word_1_394' title='bbox 2846 1726 3040 1780; x_wconf 86' lang='grc' dir='ltr'>κανόσι</span> <span class='ocrx_word' id='word_1_395' title='bbox 3064 1725 3422 1796; x_wconf 78' lang='grc' dir='ltr'>διωρισμένα.</span> 
     </span>
    </p>
   </div>
   <div class='ocr_carea' id='block_1_62' title="bbox 2323 1897 3787 1973">
    <p class='ocr_par' dir='ltr' id='par_1_62' title="bbox 2323 1897 3787 1973">
     <span class='ocr_line' id='line_1_62' title="bbox 2323 1897 3787 1973; baseline 0.002 -21"><span class='ocrx_word' id='word_1_396' title='bbox 2323 1899 2639 1969; x_wconf 83' lang='grc' dir='ltr'>Ἐρώτησις</span> <span class='ocrx_word' id='word_1_397' title='bbox 2668 1897 2772 1960; x_wconf 78' lang='grc' dir='ltr'>κζ’.</span> <span class='ocrx_word' id='word_1_398' title='bbox 2813 1898 3105 1969; x_wconf 79' lang='grc' dir='ltr'>Ὀμόζυγοι</span> <span class='ocrx_word' id='word_1_399' title='bbox 3133 1900 3276 1954; x_wconf 87' lang='grc' dir='ltr'><strong>κατά</strong></span> <span class='ocrx_word' id='word_1_400' title='bbox 3297 1901 3486 1967; x_wconf 85' lang='grc' dir='ltr'>κοινὴν</span> <span class='ocrx_word' id='word_1_401' title='bbox 3519 1901 3656 1972; x_wconf 87' lang='grc' dir='ltr'><strong>τάχα</strong></span> <span class='ocrx_word' id='word_1_402' title='bbox 3675 1903 3787 1973; x_wconf 72' lang='grc' dir='ltr'>ψυχ-</span> 
     </span>
    </p>
   </div>
   <div class='ocr_carea' id='block_1_63' title="bbox 2250 1994 3792 2067">
    <p class='ocr_par' dir='ltr' id='par_1_63' title="bbox 2250 1994 3792 2067">
     <span class='ocr_line' id='line_1_63' title="bbox 2250 1994 3792 2067; baseline -0.001 -18"><span class='ocrx_word' id='word_1_403' title='bbox 2250 1995 2431 2064; x_wconf 66' lang='grc' dir='ltr'>ωφελῆ</span> <span class='ocrx_word' id='word_1_404' title='bbox 2481 1994 2699 2063; x_wconf 87' lang='grc' dir='ltr'>θέλησιν</span> <span class='ocrx_word' id='word_1_405' title='bbox 2770 1994 2863 2048; x_wconf 71' lang='grc' dir='ltr'><strong>καὶ</strong></span> <span class='ocrx_word' id='word_1_406' title='bbox 2924 1994 3220 2064; x_wconf 80' lang='grc' dir='ltr'>ἀρέσκειαν</span> <span class='ocrx_word' id='word_1_407' title='bbox 3303 1995 3397 2048; x_wconf 82' lang='grc' dir='ltr'><strong>τὸν</strong></span> <span class='ocrx_word' id='word_1_408' title='bbox 3444 1998 3650 2066; x_wconf 74' lang='grc' dir='ltr'>μονήρη</span> <span class='ocrx_word' id='word_1_409' title='bbox 3700 1997 3792 2067; x_wconf 74' lang='grc' dir='ltr'>βίον</span> 
     </span>
    </p>
   </div>
   <div class='ocr_carea' id='block_1_64' title="bbox 2252 2080 3791 2158">
    <p class='ocr_par' dir='ltr' id='par_1_64' title="bbox 2252 2080 3791 2158">
     <span class='ocr_line' id='line_1_64' title="bbox 2252 2080 3791 2158; baseline 0.003 -22"><span class='ocrx_word' id='word_1_410' title='bbox 2252 2083 2574 2149; x_wconf 74' lang='grc' dir='ltr'>ἐπελέξαντο</span> <span class='ocrx_word' id='word_1_411' title='bbox 2593 2097 2608 2112; x_wconf 90' lang='grc'><strong>·</strong></span> <span class='ocrx_word' id='word_1_412' title='bbox 2637 2085 2720 2136; x_wconf 82' lang='grc' dir='ltr'>ὅτι</span> <span class='ocrx_word' id='word_1_413' title='bbox 2745 2083 2800 2136; x_wconf 85' lang='grc' dir='ltr'>δὲ</span> <span class='ocrx_word' id='word_1_414' title='bbox 2817 2085 2912 2138; x_wconf 76' lang='grc' dir='ltr'>καὶ</span> <span class='ocrx_word' id='word_1_415' title='bbox 2935 2080 3092 2147; x_wconf 82' lang='grc' dir='ltr'>αὖθις</span> <span class='ocrx_word' id='word_1_416' title='bbox 3116 2085 3174 2137; x_wconf 85' lang='grc' dir='ltr'>ἐν</span> <span class='ocrx_word' id='word_1_417' title='bbox 3203 2087 3302 2156; x_wconf 77' lang='grc' dir='ltr'><strong>μιᾷ</strong></span> <span class='ocrx_word' id='word_1_418' title='bbox 3332 2087 3587 2158; x_wconf 71' lang='grc' dir='ltr'>κατοικία</span> <span class='ocrx_word' id='word_1_419' title='bbox 3609 2086 3791 2155; x_wconf 76' lang='grc' dir='ltr'>διάγον-</span> 
     </span>
    </p>
   </div>
   <div class='ocr_carea' id='block_1_65' title="bbox 2252 2175 3791 2249">
    <p class='ocr_par' dir='ltr' id='par_1_65' title="bbox 2252 2175 3791 2249">
     <span class='ocr_line' id='line_1_65' title="bbox 2252 2175 3791 2249; baseline 0.001 -19"><span class='ocrx_word' id='word_1_420' title='bbox 2252 2194 2357 2241; x_wconf 87' lang='grc' dir='ltr'>σιν,</span> <span class='ocrx_word' id='word_1_421' title='bbox 2428 2175 2732 2245; x_wconf 84' lang='grc' dir='ltr'>όμοδίαιτοι</span> <span class='ocrx_word' id='word_1_422' title='bbox 2791 2176 3010 2238; x_wconf 82' lang='grc' dir='ltr'>πάντως</span> <span class='ocrx_word' id='word_1_423' title='bbox 3069 2175 3224 2236; x_wconf 81' lang='grc' dir='ltr'>ὅντες</span> <span class='ocrx_word' id='word_1_424' title='bbox 3279 2176 3376 2230; x_wconf 80' lang='grc' dir='ltr'>καὶ</span> <span class='ocrx_word' id='word_1_425' title='bbox 3437 2177 3791 2249; x_wconf 72' lang='grc' dir='ltr'>ὁμοτράπεζοι,</span> 
     </span>
    </p>
   </div>
   <div class='ocr_carea' id='block_1_66' title="bbox 2253 2264 3377 2338">
    <p class='ocr_par' dir='ltr' id='par_1_66' title="bbox 2253 2264 3377 2338">
     <span class='ocr_line' id='line_1_66' title="bbox 2253 2264 3377 2338; baseline 0.004 -20"><span class='ocrx_word' id='word_1_426' title='bbox 2253 2266 2399 2338; x_wconf 79' lang='grc' dir='ltr'>ζητῶ</span> <span class='ocrx_word' id='word_1_427' title='bbox 2427 2265 2488 2319; x_wconf 83' lang='grc' dir='ltr'>τὸ</span> <span class='ocrx_word' id='word_1_428' title='bbox 2525 2264 2778 2335; x_wconf 81' lang='grc' dir='ltr'>ποιητέον</span> <span class='ocrx_word' id='word_1_429' title='bbox 2804 2266 2893 2320; x_wconf 76' lang='grc' dir='ltr'><strong>ἐπὶ</strong></span> <span class='ocrx_word' id='word_1_430' title='bbox 2917 2264 3130 2329; x_wconf 80' lang='grc' dir='ltr'>τούτοις</span> <span class='ocrx_word' id='word_1_431' title='bbox 3159 2265 3377 2336; x_wconf 79' lang='grc' dir='ltr'>μαθεῖν.</span> 
     </span>
    </p>
   </div>
   <div class='ocr_carea' id='block_1_67' title="bbox 2323 2357 3792 2430">
    <p class='ocr_par' dir='ltr' id='par_1_67' title="bbox 2323 2357 3792 2430">
     <span class='ocr_line' id='line_1_67' title="bbox 2323 2357 3792 2430; baseline 0.002 -18"><span class='ocrx_word' id='word_1_432' title='bbox 2323 2360 2448 2412; x_wconf 77' lang='grc' dir='ltr'>Ἀπ.</span> <span class='ocrx_word' id='word_1_433' title='bbox 2479 2360 2542 2411; x_wconf 89' lang='grc' dir='ltr'>Οί</span> <span class='ocrx_word' id='word_1_434' title='bbox 2577 2357 2715 2411; x_wconf 87' lang='grc' dir='ltr'>θεῖοι</span> <span class='ocrx_word' id='word_1_435' title='bbox 2759 2357 2987 2422; x_wconf 79' lang='grc' dir='ltr'>κανόνες</span> <span class='ocrx_word' id='word_1_436' title='bbox 3023 2359 3124 2429; x_wconf 82' lang='grc' dir='ltr'>τῆς</span> <span class='ocrx_word' id='word_1_437' title='bbox 3163 2360 3223 2411; x_wconf 68' lang='grc' dir='ltr'>ἐν</span> <span class='ocrx_word' id='word_1_438' title='bbox 3257 2359 3335 2429; x_wconf 86' lang='grc' dir='ltr'>τῷ</span> <span class='ocrx_word' id='word_1_439' title='bbox 3369 2359 3485 2430; x_wconf 79' lang='grc' dir='ltr'>ναῷ</span> <span class='ocrx_word' id='word_1_440' title='bbox 3521 2359 3622 2414; x_wconf 87' lang='grc' dir='ltr'><strong>τῶν</strong></span> <span class='ocrx_word' id='word_1_441' title='bbox 3650 2359 3792 2430; x_wconf 76' lang='grc' dir='ltr'>ἁγίων</span> 
     </span>
    </p>
   </div>
   <div class='ocr_carea' id='block_1_68' title="bbox 2253 2447 3794 2522">
    <p class='ocr_par' dir='ltr' id='par_1_68' title="bbox 2253 2447 3794 2522">
     <span class='ocr_line' id='line_1_68' title="bbox 2253 2447 3794 2522; baseline 0.003 -21"><span class='ocrx_word' id='word_1_442' title='bbox 2253 2447 2567 2502; x_wconf 52' lang='grc' dir='ltr'>ἀποστόλων</span> <span class='ocrx_word' id='word_1_443' title='bbox 2606 2449 2882 2519; x_wconf 83' lang='grc' dir='ltr'>συστάσης</span> <span class='ocrx_word' id='word_1_444' title='bbox 2927 2449 3090 2518; x_wconf 82' lang='grc' dir='ltr'>ἁγίας</span> <span class='ocrx_word' id='word_1_445' title='bbox 3147 2452 3243 2504; x_wconf 71' lang='grc' dir='ltr'>καὶ</span> <span class='ocrx_word' id='word_1_446' title='bbox 3284 2451 3659 2522; x_wconf 78' lang='grc' dir='ltr'>οἱκουμενικῆς</span> <span class='ocrx_word' id='word_1_447' title='bbox 3688 2470 3794 2505; x_wconf 63' lang='grc' dir='ltr'>συν-</span> 
     </span>
    </p>
   </div>
   <div class='ocr_carea' id='block_1_69' title="bbox 2250 2538 3789 2613">
    <p class='ocr_par' dir='ltr' id='par_1_69' title="bbox 2250 2538 3789 2613">
     <span class='ocr_line' id='line_1_69' title="bbox 2250 2538 3789 2613; baseline 0.002 -20"><span class='ocrx_word' id='word_1_448' title='bbox 2250 2539 2394 2606; x_wconf 87' lang='grc' dir='ltr'>όδου,</span> <span class='ocrx_word' id='word_1_449' title='bbox 2428 2543 2533 2608; x_wconf 81' lang='grc' dir='ltr'>τῆς·</span> <span class='ocrx_word' id='word_1_450' title='bbox 2568 2540 2870 2610; x_wconf 84' lang='grc' dir='ltr'>λεγομένης</span> <span class='ocrx_word' id='word_1_451' title='bbox 2893 2538 2940 2593; x_wconf 89' lang='grc' dir='ltr'>α’</span> <span class='ocrx_word' id='word_1_452' title='bbox 2987 2542 3083 2595; x_wconf 75' lang='grc' dir='ltr'>καὶ</span> <span class='ocrx_word' id='word_1_453' title='bbox 3114 2539 3180 2612; x_wconf 83' lang='grc' dir='ltr'><strong>β’,</strong></span> <span class='ocrx_word' id='word_1_454' title='bbox 3228 2541 3551 2613; x_wconf 77' lang='grc' dir='ltr'>διορίζονται</span> <span class='ocrx_word' id='word_1_455' title='bbox 3589 2544 3720 2597; x_wconf 79' lang='grc' dir='ltr'><strong>κατά</strong></span> <span class='ocrx_word' id='word_1_456' title='bbox 3741 2545 3789 2596; x_wconf 73' lang='grc' dir='ltr'><strong>τὸ</strong></span> 
     </span>
    </p>
   </div>
   <div class='ocr_carea' id='block_1_70' title="bbox 2253 2633 3792 2706">
    <p class='ocr_par' dir='ltr' id='par_1_70' title="bbox 2253 2633 3792 2706">
     <span class='ocr_line' id='line_1_70' title="bbox 2253 2633 3792 2706; baseline 0.001 -20"><span class='ocrx_word' id='word_1_457' title='bbox 2253 2633 2631 2704; x_wconf 85' lang='grc' dir='ltr'>ἀπαραίτητον</span> <span class='ocrx_word' id='word_1_458' title='bbox 2675 2633 2756 2696; x_wconf 84' lang='grc' dir='ltr'><strong>είς</strong></span> <span class='ocrx_word' id='word_1_459' title='bbox 2815 2635 3155 2704; x_wconf 85' lang='grc' dir='ltr'>μοναστήρια</span> <span class='ocrx_word' id='word_1_460' title='bbox 3203 2633 3302 2698; x_wconf 72' lang='grc' dir='ltr'>τὰς</span> <span class='ocrx_word' id='word_1_461' title='bbox 3356 2637 3678 2706; x_wconf 76' lang='grc' dir='ltr'>ἀποκαρσεις</span> <span class='ocrx_word' id='word_1_462' title='bbox 3722 2634 3792 2704; x_wconf 85' lang='grc' dir='ltr'>γί-</span> 
     </span>
    </p>
   </div>
   <div class='ocr_carea' id='block_1_71' title="bbox 2253 2724 3789 2797">
    <p class='ocr_par' dir='ltr' id='par_1_71' title="bbox 2253 2724 3789 2797">
     <span class='ocr_line' id='line_1_71' title="bbox 2253 2724 3789 2797; baseline 0.002 -20"><span class='ocrx_word' id='word_1_463' title='bbox 2253 2724 2462 2789; x_wconf 86' lang='grc' dir='ltr'>νεσθαι,</span> <span class='ocrx_word' id='word_1_464' title='bbox 2509 2727 2604 2779; x_wconf 75' lang='grc' dir='ltr'>καὶ</span> <span class='ocrx_word' id='word_1_465' title='bbox 2636 2725 2740 2779; x_wconf 76' lang='grc' dir='ltr'><strong>ὑπὸ</strong></span> <span class='ocrx_word' id='word_1_466' title='bbox 2774 2725 3050 2796; x_wconf 86' lang='grc' dir='ltr'>ἀναδόχων</span> <span class='ocrx_word' id='word_1_467' title='bbox 3083 2729 3182 2790; x_wconf 71' lang='grc' dir='ltr'>τὰς</span> <span class='ocrx_word' id='word_1_468' title='bbox 3235 2726 3513 2797; x_wconf 77' lang='grc' dir='ltr'>συνθήκας</span> <span class='ocrx_word' id='word_1_469' title='bbox 3542 2727 3641 2780; x_wconf 81' lang='grc' dir='ltr'><strong>τῶν</strong></span> <span class='ocrx_word' id='word_1_470' title='bbox 3669 2727 3789 2782; x_wconf 60' lang='lat' dir='ltr'><strong>dao-</strong></span> 
     </span>
    </p>
   </div>
   <div class='ocr_carea' id='block_1_72' title="bbox 2253 2815 3793 2889">
    <p class='ocr_par' dir='ltr' id='par_1_72' title="bbox 2253 2815 3793 2889">
     <span class='ocr_line' id='line_1_72' title="bbox 2253 2815 3793 2889; baseline 0.002 -20"><span class='ocrx_word' id='word_1_471' title='bbox 2253 2815 2588 2886; x_wconf 84' lang='grc' dir='ltr'>κειρομένων</span> <span class='ocrx_word' id='word_1_472' title='bbox 2615 2816 2890 2886; x_wconf 87' lang='grc' dir='ltr'>δέχεσθαι.</span> <span class='ocrx_word' id='word_1_473' title='bbox 2924 2818 2988 2870; x_wconf 88' lang='grc' dir='ltr'><strong>Οἱ</strong></span> <span class='ocrx_word' id='word_1_474' title='bbox 3032 2816 3163 2886; x_wconf 83' lang='grc' dir='ltr'>γοῦν</span> <span class='ocrx_word' id='word_1_475' title='bbox 3213 2817 3288 2889; x_wconf 85' lang='grc' dir='ltr'>μὴ</span> <span class='ocrx_word' id='word_1_476' title='bbox 3321 2817 3593 2887; x_wconf 75' lang='grc' dir='ltr'>διάγοντες</span> <span class='ocrx_word' id='word_1_477' title='bbox 3629 2820 3709 2881; x_wconf 83' lang='grc' dir='ltr'><strong>είς</strong></span> <span class='ocrx_word' id='word_1_478' title='bbox 3739 2818 3793 2872; x_wconf 72' lang='grc' dir='ltr'>τὰ</span> 
     </span>
    </p>
   </div>
   <div class='ocr_carea' id='block_1_73' title="bbox 2256 2905 3792 2977">
    <p class='ocr_par' dir='ltr' id='par_1_73' title="bbox 2256 2905 3792 2977">
     <span class='ocr_line' id='line_1_73' title="bbox 2256 2905 3792 2977; baseline 0.003 -20"><span class='ocrx_word' id='word_1_479' title='bbox 2256 2906 2598 2976; x_wconf 81' lang='grc' dir='ltr'>μοναστήρια</span> <span class='ocrx_word' id='word_1_480' title='bbox 2641 2907 2722 2969; x_wconf 88' lang='grc' dir='ltr'><strong>είς</strong></span> <span class='ocrx_word' id='word_1_481' title='bbox 2767 2905 2804 2961; x_wconf 75' lang='grc' dir='ltr'>ἃ.</span> <span class='ocrx_word' id='word_1_482' title='bbox 2851 2905 3445 2977; x_wconf 83' lang='grc' dir='ltr'>μετεσχηματίσθησαν</span> <span class='ocrx_word' id='word_1_483' title='bbox 3486 2911 3576 2961; x_wconf 77' lang='grc' dir='ltr'>καὶ</span> <span class='ocrx_word' id='word_1_484' title='bbox 3608 2907 3792 2962; x_wconf 77' lang='grc' dir='ltr'>ἀπεκά-</span> 
     </span>
    </p>
   </div>
   <div class='ocr_carea' id='block_1_74' title="bbox 2256 2995 3794 3066">
    <p class='ocr_par' dir='ltr' id='par_1_74' title="bbox 2256 2995 3794 3066">
     <span class='ocr_line' id='line_1_74' title="bbox 2256 2995 3794 3066; baseline 0.003 -20"><span class='ocrx_word' id='word_1_485' title='bbox 2256 3012 2450 3066; x_wconf 82' lang='grc' dir='ltr'>ρησαν,</span> <span class='ocrx_word' id='word_1_486' title='bbox 2492 2995 2606 3048; x_wconf 79' lang='grc' dir='ltr'>ἀλλ’</span> <span class='ocrx_word' id='word_1_487' title='bbox 2657 2997 2736 3059; x_wconf 88' lang='grc' dir='ltr'><strong>είς</strong></span> <span class='ocrx_word' id='word_1_488' title='bbox 2791 2996 3036 3066; x_wconf 82' lang='grc' dir='ltr'>κοσμικά</span> <span class='ocrx_word' id='word_1_489' title='bbox 3080 2996 3427 3065; x_wconf 87' lang='grc' dir='ltr'>καταγώγια,</span> <span class='ocrx_word' id='word_1_490' title='bbox 3482 3014 3794 3064; x_wconf 66' lang='grc' dir='ltr'>καταναγκαο</span> 
     </span>
    </p>
   </div>
   <div class='ocr_carea' id='block_1_75' title="bbox 2256 3087 3795 3160">
    <p class='ocr_par' dir='ltr' id='par_1_75' title="bbox 2256 3087 3795 3160">
     <span class='ocr_line' id='line_1_75' title="bbox 2256 3087 3795 3160; baseline 0.002 -22"><span class='ocrx_word' id='word_1_491' title='bbox 2256 3088 2550 3156; x_wconf 76' lang='grc' dir='ltr'>σθήσονται</span> <span class='ocrx_word' id='word_1_492' title='bbox 2604 3088 2758 3158; x_wconf 85' lang='grc' dir='ltr'><strong>παρά</strong></span> <span class='ocrx_word' id='word_1_493' title='bbox 2815 3087 2911 3141; x_wconf 90' lang='grc' dir='ltr'><strong>τοῦ</strong></span> <span class='ocrx_word' id='word_1_494' title='bbox 2975 3088 3244 3160; x_wconf 74' lang='grc' dir='ltr'>ἐγχωρίου</span> <span class='ocrx_word' id='word_1_495' title='bbox 3303 3089 3618 3152; x_wconf 75' lang='grc' dir='ltr'>ἐπισκόπου,</span> <span class='ocrx_word' id='word_1_496' title='bbox 3670 3088 3795 3159; x_wconf 73' lang='grc' dir='ltr'><strong>μετά</strong></span> 
     </span>
    </p>
   </div>
   <div class='ocr_carea' id='block_1_76' title="bbox 2254 3177 3794 3252">
    <p class='ocr_par' dir='ltr' id='par_1_76' title="bbox 2254 3177 3794 3252">
     <span class='ocr_line' id='line_1_76' title="bbox 2254 3177 3794 3252; baseline 0.002 -23"><span class='ocrx_word' id='word_1_497' title='bbox 2254 3177 2586 3248; x_wconf 82' lang='grc' dir='ltr'>ἀφορισμοῦ,</span> <span class='ocrx_word' id='word_1_498' title='bbox 2623 3179 2716 3231; x_wconf 75' lang='grc' dir='ltr'>καὶ</span> <span class='ocrx_word' id='word_1_499' title='bbox 2755 3179 3101 3250; x_wconf 85' lang='grc' dir='ltr'>δριμυτάτων</span> <span class='ocrx_word' id='word_1_500' title='bbox 3145 3179 3461 3251; x_wconf 70' lang='grc' dir='ltr'>ὲπιτιμίων,</span> <span class='ocrx_word' id='word_1_501' title='bbox 3492 3181 3794 3252; x_wconf 57' lang='grc' dir='ltr'>ὑποστρέψαι</span> 
     </span>
    </p>
   </div>
   <div class='ocr_carea' id='block_1_77' title="bbox 2174 3268 3092 3350">
    <p class='ocr_par' dir='ltr' id='par_1_77' title="bbox 2174 3268 3092 3350">
     <span class='ocr_line' id='line_1_77' title="bbox 2174 3268 3092 3350; baseline 0.007 -29"><span class='ocrx_word' id='word_1_502' title='bbox 2174 3287 2219 3350; x_wconf 79' lang='lat' dir='ltr'><strong>C</strong></span> <span class='ocrx_word' id='word_1_503' title='bbox 2256 3268 2439 3333; x_wconf 86' lang='grc' dir='ltr'>καλῶς</span> <span class='ocrx_word' id='word_1_504' title='bbox 2477 3270 2600 3323; x_wconf 84' lang='grc' dir='ltr'>ὅθεν</span> <span class='ocrx_word' id='word_1_505' title='bbox 2631 3269 2854 3339; x_wconf 76' lang='grc' dir='ltr'>ἐξῆλθον</span> <span class='ocrx_word' id='word_1_506' title='bbox 2883 3271 3092 3335; x_wconf 82' lang='grc' dir='ltr'>κακῶς.</span> 
     </span>
    </p>
   </div>
   <div class='ocr_carea' id='block_1_78' title="bbox 2339 3359 3793 3434">
    <p class='ocr_par' dir='ltr' id='par_1_78' title="bbox 2339 3359 3793 3434">
     <span class='ocr_line' id='line_1_78' title="bbox 2339 3359 3793 3434; baseline 0.001 -20"><span class='ocrx_word' id='word_1_507' title='bbox 2339 3359 2668 3428; x_wconf 74' lang='grc' dir='ltr'>Ἐρώτησις</span> <span class='ocrx_word' id='word_1_508' title='bbox 2695 3360 2806 3429; x_wconf 83' lang='grc' dir='ltr'>κη’.</span> <span class='ocrx_word' id='word_1_509' title='bbox 2842 3364 2905 3416; x_wconf 86' lang='grc' dir='ltr'><strong>υἱ</strong></span> <span class='ocrx_word' id='word_1_510' title='bbox 2937 3361 3370 3434; x_wconf 78' lang='grc' dir='ltr'>χειροτονοῦντες</span> <span class='ocrx_word' id='word_1_511' title='bbox 3402 3364 3673 3434; x_wconf 82' lang='grc' dir='ltr'>ἀρχιερεῖς</span> <span class='ocrx_word' id='word_1_512' title='bbox 3707 3362 3793 3415; x_wconf 78' lang='grc' dir='ltr'>δια-</span> 
     </span>
    </p>
   </div>
   <div class='ocr_carea' id='block_1_79' title="bbox 2254 3451 3792 3525">
    <p class='ocr_par' dir='ltr' id='par_1_79' title="bbox 2254 3451 3792 3525">
     <span class='ocr_line' id='line_1_79' title="bbox 2254 3451 3792 3525; baseline 0.001 -21"><span class='ocrx_word' id='word_1_513' title='bbox 2254 3451 2446 3516; x_wconf 88' lang='grc' dir='ltr'>κόνους</span> <span class='ocrx_word' id='word_1_514' title='bbox 2498 3453 2592 3507; x_wconf 70' lang='grc' dir='ltr'>καὶ</span> <span class='ocrx_word' id='word_1_515' title='bbox 2649 3454 2834 3524; x_wconf 86' lang='grc' dir='ltr'>ἱερεῖς,</span> <span class='ocrx_word' id='word_1_516' title='bbox 2895 3454 3032 3508; x_wconf 80' lang='grc' dir='ltr'>ἀλλὰ</span> <span class='ocrx_word' id='word_1_517' title='bbox 3064 3454 3169 3525; x_wconf 74' lang='grc' dir='ltr'>μὴν</span> <span class='ocrx_word' id='word_1_518' title='bbox 3217 3457 3309 3508; x_wconf 71' lang='grc' dir='ltr'>καὶ</span> <span class='ocrx_word' id='word_1_519' title='bbox 3343 3455 3392 3508; x_wconf 81' lang='lat' dir='ltr'><strong>oi</strong></span> <span class='ocrx_word' id='word_1_520' title='bbox 3421 3455 3509 3509; x_wconf 73' lang='grc' dir='ltr'>διὰ</span> <span class='ocrx_word' id='word_1_521' title='bbox 3542 3455 3634 3508; x_wconf 87' lang='grc' dir='ltr'><strong>τοῦ</strong></span> <span class='ocrx_word' id='word_1_522' title='bbox 3673 3455 3792 3509; x_wconf 75' lang='grc' dir='ltr'>θείου</span> 
     </span>
    </p>
   </div>
   <div class='ocr_carea' id='block_1_80' title="bbox 2256 3539 3792 3616">
    <p class='ocr_par' dir='ltr' id='par_1_80' title="bbox 2256 3539 3792 3616">
     <span class='ocr_line' id='line_1_80' title="bbox 2256 3539 3792 3616; baseline 0.001 -23"><span class='ocrx_word' id='word_1_523' title='bbox 2256 3539 2634 3612; x_wconf 86' lang='grc' dir='ltr'>βαπτίσματος</span> <span class='ocrx_word' id='word_1_524' title='bbox 2683 3543 2882 3607; x_wconf 77' lang='grc' dir='ltr'>παῖδας</span> <span class='ocrx_word' id='word_1_525' title='bbox 2933 3543 3227 3615; x_wconf 74' lang='grc' dir='ltr'>όρθοδόξων</span> <span class='ocrx_word' id='word_1_526' title='bbox 3277 3546 3678 3616; x_wconf 72' lang='grc' dir='ltr'>ἀγιάζοντες,ἢ</span> <span class='ocrx_word' id='word_1_527' title='bbox 3723 3545 3792 3598; x_wconf 78' lang='grc' dir='ltr'><strong>καί</strong></span> 
     </span>
    </p>
   </div>
   <div class='ocr_carea' id='block_1_81' title="bbox 2253 3634 3794 3710">
    <p class='ocr_par' dir='ltr' id='par_1_81' title="bbox 2253 3634 3794 3710">
     <span class='ocr_line' id='line_1_81' title="bbox 2253 3634 3794 3710; baseline 0.003 -25"><span class='ocrx_word' id='word_1_528' title='bbox 2253 3651 2408 3696; x_wconf 89' lang='grc' dir='ltr'>τινας</span> <span class='ocrx_word' id='word_1_529' title='bbox 2440 3634 2750 3705; x_wconf 79' lang='grc' dir='ltr'>αἱρετικούς</span> <span class='ocrx_word' id='word_1_530' title='bbox 2771 3652 2787 3668; x_wconf 76' lang='grc' dir='ltr'><strong>ο</strong></span> <span class='ocrx_word' id='word_1_531' title='bbox 2821 3635 3086 3701; x_wconf 84' lang='grc' dir='ltr'>ὡσαύτως</span> <span class='ocrx_word' id='word_1_532' title='bbox 3134 3637 3229 3691; x_wconf 77' lang='grc' dir='ltr'>καὶ</span> <span class='ocrx_word' id='word_1_533' title='bbox 3259 3641 3309 3692; x_wconf 80' lang='grc' dir='ltr'>οἱ</span> <span class='ocrx_word' id='word_1_534' title='bbox 3354 3639 3712 3710; x_wconf 85' lang='grc' dir='ltr'>μεταδιδόντες</span> <span class='ocrx_word' id='word_1_535' title='bbox 3732 3654 3794 3690; x_wconf 78' lang='grc' dir='ltr'>τιο</span> 
     </span>
    </p>
   </div>
   <div class='ocr_carea' id='block_1_82' title="bbox 2257 3723 3793 3797">
    <p class='ocr_par' dir='ltr' id='par_1_82' title="bbox 2257 3723 3793 3797">
     <span class='ocr_line' id='line_1_82' title="bbox 2257 3723 3793 3797; baseline 0.002 -20"><span class='ocrx_word' id='word_1_536' title='bbox 2257 3723 2351 3786; x_wconf 76' lang='grc' dir='ltr'><strong>νὰς</strong></span> <span class='ocrx_word' id='word_1_537' title='bbox 2383 3724 2490 3778; x_wconf 88' lang='grc' dir='ltr'><strong>τῶν</strong></span> <span class='ocrx_word' id='word_1_538' title='bbox 2517 3724 2677 3778; x_wconf 82' lang='grc' dir='ltr'>θείων</span> <span class='ocrx_word' id='word_1_539' title='bbox 2705 3726 3082 3797; x_wconf 78' lang='grc' dir='ltr'>ἀγιασμάτων,</span> <span class='ocrx_word' id='word_1_540' title='bbox 3114 3728 3212 3782; x_wconf 74' lang='grc' dir='ltr'><strong>ἐὰν</strong></span> <span class='ocrx_word' id='word_1_541' title='bbox 3239 3728 3545 3783; x_wconf 86' lang='grc' dir='ltr'>ἀπαιτῶσιν</span> <span class='ocrx_word' id='word_1_542' title='bbox 3567 3730 3624 3794; x_wconf 75' lang='grc' dir='ltr'>ἐξ</span> <span class='ocrx_word' id='word_1_543' title='bbox 3648 3729 3793 3782; x_wconf 69' lang='grc' dir='ltr'>αὐτῶν</span> 
     </span>
    </p>
   </div>
   <div class='ocr_carea' id='block_1_83' title="bbox 2257 3814 3792 3887">
    <p class='ocr_par' dir='ltr' id='par_1_83' title="bbox 2257 3814 3792 3887">
     <span class='ocr_line' id='line_1_83' title="bbox 2257 3814 3792 3887; baseline 0.001 -21"><span class='ocrx_word' id='word_1_544' title='bbox 2257 3814 2414 3885; x_wconf 78' lang='grc' dir='ltr'>χάριν</span> <span class='ocrx_word' id='word_1_545' title='bbox 2449 3814 2620 3867; x_wconf 83' lang='grc' dir='ltr'>κόπου</span> <span class='ocrx_word' id='word_1_546' title='bbox 2652 3815 2860 3869; x_wconf 84' lang='grc' dir='ltr'>τούτων</span> <span class='ocrx_word' id='word_1_547' title='bbox 2892 3816 3193 3887; x_wconf 74' lang='grc' dir='ltr'>ποσότητας</span> <span class='ocrx_word' id='word_1_548' title='bbox 3225 3833 3378 3880; x_wconf 84' lang='grc' dir='ltr'>τινας</span> <span class='ocrx_word' id='word_1_549' title='bbox 3408 3816 3792 3887; x_wconf 72' lang='grc' dir='ltr'>νομισματικὰς,</span> 
     </span>
    </p>
   </div>
   <div class='ocr_carea' id='block_1_84' title="bbox 2258 3904 2946 3977">
    <p class='ocr_par' dir='ltr' id='par_1_84' title="bbox 2258 3904 2946 3977">
     <span class='ocr_line' id='line_1_84' title="bbox 2258 3904 2946 3977; baseline 0.001 -19"><span class='ocrx_word' id='word_1_550' title='bbox 2258 3905 2441 3969; x_wconf 85' lang='grc' dir='ltr'>καλῶς</span> <span class='ocrx_word' id='word_1_551' title='bbox 2472 3904 2741 3973; x_wconf 84' lang='grc' dir='ltr'>ποιοῦσιν,</span> <span class='ocrx_word' id='word_1_552' title='bbox 2781 3907 2814 3977; x_wconf 75' lang='grc' dir='ltr'><strong>ἢ</strong></span> <span class='ocrx_word' id='word_1_553' title='bbox 2843 3905 2905 3960; x_wconf 85' lang='grc' dir='ltr'><strong>οῦ</strong></span> <span class='ocrx_word' id='word_1_554' title='bbox 2931 3925 2946 3973; x_wconf 90' lang='lat'><strong>;</strong></span> 
     </span>
    </p>
   </div>
   <div class='ocr_carea' id='block_1_85' title="bbox 2339 3997 3794 4070">
    <p class='ocr_par' dir='ltr' id='par_1_85' title="bbox 2339 3997 3794 4070">
     <span class='ocr_line' id='line_1_85' title="bbox 2339 3997 3794 4070; baseline 0.001 -18"><span class='ocrx_word' id='word_1_555' title='bbox 2339 3997 2705 4068; x_wconf 80' lang='grc' dir='ltr'>Ἀπόκρισις.</span> <span class='ocrx_word' id='word_1_556' title='bbox 2761 3999 2824 4052; x_wconf 81' lang='grc' dir='ltr'>Οἱ</span> <span class='ocrx_word' id='word_1_557' title='bbox 2879 3998 3230 4067; x_wconf 89' lang='grc' dir='ltr'>στρατιῶται,</span> <span class='ocrx_word' id='word_1_558' title='bbox 3265 3999 3455 4070; x_wconf 69' lang='grc' dir='ltr'>φησιν,</span> <span class='ocrx_word' id='word_1_559' title='bbox 3499 4000 3646 4065; x_wconf 79' lang='grc' dir='ltr'>ἰδίοις</span> <span class='ocrx_word' id='word_1_560' title='bbox 3681 3999 3794 4070; x_wconf 64' lang='grc' dir='ltr'>ὀψω-</span> 
     </span>
    </p>
   </div>
   <div class='ocr_carea' id='block_1_86' title="bbox 2259 4089 3794 4162">
    <p class='ocr_par' dir='ltr' id='par_1_86' title="bbox 2259 4089 3794 4162">
     <span class='ocr_line' id='line_1_86' title="bbox 2259 4089 3794 4162; baseline -0.001 -17"><span class='ocrx_word' id='word_1_561' title='bbox 2259 4089 2391 4154; x_wconf 87' lang='grc' dir='ltr'>νίοις</span> <span class='ocrx_word' id='word_1_562' title='bbox 2449 4091 2550 4144; x_wconf 74' lang='grc' dir='ltr'>οὐκ</span> <span class='ocrx_word' id='word_1_563' title='bbox 2592 4091 3014 4162; x_wconf 79' lang='grc' dir='ltr'>ἀνατρέφονται.</span> <span class='ocrx_word' id='word_1_564' title='bbox 3066 4092 3178 4146; x_wconf 79' lang='grc' dir='ltr'><strong>Καὶ</strong></span> <span class='ocrx_word' id='word_1_565' title='bbox 3223 4093 3312 4146; x_wconf 86' lang='grc' dir='ltr'><strong>διά</strong></span> <span class='ocrx_word' id='word_1_566' title='bbox 3339 4094 3582 4157; x_wconf 78' lang='grc' dir='ltr'>Μωσέως</span> <span class='ocrx_word' id='word_1_567' title='bbox 3617 4089 3794 4147; x_wconf 80' lang='grc' dir='ltr'>εῐπενὸ</span> 
     </span>
    </p>
   </div>
   <div class='ocr_carea' id='block_1_87' title="bbox 2259 4181 3795 4258">
    <p class='ocr_par' dir='ltr' id='par_1_87' title="bbox 2259 4181 3795 4258">
     <span class='ocr_line' id='line_1_87' title="bbox 2259 4181 3795 4258; baseline 0.001 -23"><span class='ocrx_word' id='word_1_568' title='bbox 2259 4181 2412 4246; x_wconf 77' lang='grc' dir='ltr'>Θεὸς,</span> <span class='ocrx_word' id='word_1_569' title='bbox 2437 4181 2512 4235; x_wconf 88' lang='grc' dir='ltr'><strong>Ού</strong></span> <span class='ocrx_word' id='word_1_570' title='bbox 2537 4181 2806 4251; x_wconf 76' lang='grc' dir='ltr'>φιμώσεις</span> <span class='ocrx_word' id='word_1_571' title='bbox 2829 4181 2955 4252; x_wconf 83' lang='grc' dir='ltr'>βοῦν</span> <span class='ocrx_word' id='word_1_572' title='bbox 2977 4182 3238 4239; x_wconf 81' lang='grc' dir='ltr'>ἀλοῶντα.</span> <span class='ocrx_word' id='word_1_573' title='bbox 3265 4184 3327 4238; x_wconf 81' lang='grc' dir='ltr'>Εἰ</span> <span class='ocrx_word' id='word_1_574' title='bbox 3354 4185 3484 4254; x_wconf 90' lang='grc' dir='ltr'>γοῦν</span> <span class='ocrx_word' id='word_1_575' title='bbox 3501 4185 3586 4239; x_wconf 83' lang='grc' dir='ltr'><strong>διά</strong></span> <span class='ocrx_word' id='word_1_576' title='bbox 3609 4184 3795 4258; x_wconf 79' lang='grc' dir='ltr'>μετρίας</span> 
     </span>
    </p>
   </div>
   <div class='ocr_carea' id='block_1_88' title="bbox 2259 4273 3799 4349">
    <p class='ocr_par' dir='ltr' id='par_1_88' title="bbox 2259 4273 3799 4349">
     <span class='ocr_line' id='line_1_88' title="bbox 2259 4273 3799 4349; baseline 0 -19"><span class='ocrx_word' id='word_1_577' title='bbox 2259 4274 2404 4339; x_wconf 74' lang='grc' dir='ltr'>τινος</span> <span class='ocrx_word' id='word_1_578' title='bbox 2451 4273 2673 4338; x_wconf 88' lang='grc' dir='ltr'>δόσεως,</span> <span class='ocrx_word' id='word_1_579' title='bbox 2717 4275 2812 4332; x_wconf 80' lang='grc' dir='ltr'>καὶ</span> <span class='ocrx_word' id='word_1_580' title='bbox 2841 4277 2908 4346; x_wconf 82' lang='grc' dir='ltr'>τῇ</span> <span class='ocrx_word' id='word_1_581' title='bbox 2936 4277 3259 4348; x_wconf 80' lang='grc' dir='ltr'>προαιρέσει</span> <span class='ocrx_word' id='word_1_582' title='bbox 3301 4277 3399 4331; x_wconf 88' lang='grc' dir='ltr'><strong>τοῦ</strong></span> <span class='ocrx_word' id='word_1_583' title='bbox 3430 4278 3799 4349; x_wconf 75' lang='grc' dir='ltr'>χειροτονουμέ-</span> 
     </span>
    </p>
   </div>
   <div class='ocr_carea' id='block_1_89' title="bbox 2260 4370 3798 4445">
    <p class='ocr_par' dir='ltr' id='par_1_89' title="bbox 2260 4370 3798 4445">
     <span class='ocr_line' id='line_1_89' title="bbox 2260 4370 3798 4445; baseline -0.002 -19"><span class='ocrx_word' id='word_1_584' title='bbox 2260 4389 2374 4436; x_wconf 90' lang='grc' dir='ltr'>νου,</span> <span class='ocrx_word' id='word_1_585' title='bbox 2403 4370 2436 4442; x_wconf 87' lang='grc' dir='ltr'>ἢ</span> <span class='ocrx_word' id='word_1_586' title='bbox 2471 4370 2646 4434; x_wconf 77' lang='grc' dir='ltr'>ἄλλως</span> <span class='ocrx_word' id='word_1_587' title='bbox 2669 4370 3054 4441; x_wconf 79' lang='grc' dir='ltr'>ἀγιαζομένου,</span> <span class='ocrx_word' id='word_1_588' title='bbox 3092 4374 3551 4445; x_wconf 84' lang='grc' dir='ltr'>παρηγορηθῆναι</span> <span class='ocrx_word' id='word_1_589' title='bbox 3581 4373 3798 4444; x_wconf 73' lang='grc' dir='ltr'>ζητοῦσιν</span> 
     </span>
    </p>
   </div>
   <div class='ocr_carea' id='block_1_90' title="bbox 2260 4463 3797 4536">
    <p class='ocr_par' dir='ltr' id='par_1_90' title="bbox 2260 4463 3797 4536">
     <span class='ocr_line' id='line_1_90' title="bbox 2260 4463 3797 4536; baseline 0.002 -20"><span class='ocrx_word' id='word_1_590' title='bbox 2260 4464 2310 4516; x_wconf 80' lang='grc' dir='ltr'>οἱ</span> <span class='ocrx_word' id='word_1_591' title='bbox 2339 4463 2772 4533; x_wconf 86' lang='grc' dir='ltr'>χειροτονοῦντες</span> <span class='ocrx_word' id='word_1_592' title='bbox 2799 4465 2831 4534; x_wconf 80' lang='grc' dir='ltr'>ἢ</span> <span class='ocrx_word' id='word_1_593' title='bbox 2860 4463 3232 4533; x_wconf 75' lang='grc' dir='ltr'>βαπτίζοντες.</span> <span class='ocrx_word' id='word_1_594' title='bbox 3268 4467 3459 4536; x_wconf 86' lang='grc' dir='ltr'>Ὶερεῖς</span> <span class='ocrx_word' id='word_1_595' title='bbox 3499 4485 3558 4520; x_wconf 84' lang='grc' dir='ltr'><strong>τε</strong></span> <span class='ocrx_word' id='word_1_596' title='bbox 3597 4469 3685 4521; x_wconf 83' lang='grc' dir='ltr'>καὶ</span> <span class='ocrx_word' id='word_1_597' title='bbox 3718 4467 3797 4536; x_wconf 81' lang='grc' dir='ltr'>ἀρ-</span> 
     </span>
    </p>
   </div>
   <div class='ocr_carea' id='block_1_91' title="bbox 2261 4554 3797 4629">
    <p class='ocr_par' dir='ltr' id='par_1_91' title="bbox 2261 4554 3797 4629">
     <span class='ocr_line' id='line_1_91' title="bbox 2261 4554 3797 4629; baseline -0.001 -21"><span class='ocrx_word' id='word_1_598' title='bbox 2261 4557 2488 4626; x_wconf 88' lang='grc' dir='ltr'>χιερεῖς,</span> <span class='ocrx_word' id='word_1_599' title='bbox 2521 4554 2675 4609; x_wconf 80' lang='grc' dir='ltr'>οὐδέν</span> <span class='ocrx_word' id='word_1_600' title='bbox 2702 4571 2755 4608; x_wconf 88' lang='grc' dir='ltr'><strong>τι</strong></span> <span class='ocrx_word' id='word_1_601' title='bbox 2787 4555 3004 4608; x_wconf 87' lang='grc' dir='ltr'>ποιοῦσι</span> <span class='ocrx_word' id='word_1_602' title='bbox 3038 4557 3229 4610; x_wconf 82' lang='grc' dir='ltr'>κακόν.</span> <span class='ocrx_word' id='word_1_603' title='bbox 3254 4556 3592 4627; x_wconf 81' lang='grc' dir='ltr'>Νενόμισται</span> <span class='ocrx_word' id='word_1_604' title='bbox 3615 4559 3712 4629; x_wconf 75' lang='grc' dir='ltr'><strong>γὰρ</strong></span> <span class='ocrx_word' id='word_1_605' title='bbox 3731 4555 3797 4608; x_wconf 70' lang='grc' dir='ltr'>διὰ</span> 
     </span>
    </p>
   </div>
   <div class='ocr_carea' id='block_1_92' title="bbox 576 4638 2152 4725">
    <p class='ocr_par' dir='ltr' id='par_1_92' title="bbox 576 4643 2152 4725">
     <span class='ocr_line' id='line_1_92' title="bbox 576 4643 2152 4725; baseline 0.009 -27"><span class='ocrx_word' id='word_1_606' title='bbox 576 4643 834 4700; x_wconf 88' lang='lat' dir='ltr'><strong>dinantes</strong></span> <span class='ocrx_word' id='word_1_607' title='bbox 886 4646 1141 4716; x_wconf 86' lang='lat' dir='ltr'><strong>accipere</strong></span> <span class='ocrx_word' id='word_1_608' title='bbox 1215 4645 1500 4704; x_wconf 79' lang='lat' dir='ltr'><strong>solatium.</strong></span> <span class='ocrx_word' id='word_1_609' title='bbox 1557 4648 1714 4716; x_wconf 90' lang='lat' dir='ltr'><strong>Quod</strong></span> <span class='ocrx_word' id='word_1_610' title='bbox 1748 4653 1796 4709; x_wconf 89' lang='lat' dir='ltr'><strong>si</strong></span> <span class='ocrx_word' id='word_1_611' title='bbox 1848 4653 2152 4725; x_wconf 71' lang='lat' dir='ltr'><strong>huiusmodi</strong></span> 
     </span>
    </p>
   </div>
   <div class='ocr_carea' id='block_1_93' title="bbox 2255 4638 3797 4725">
    <p class='ocr_par' dir='ltr' id='par_1_93' title="bbox 2269 4646 3797 4718">
     <span class='ocr_line' id='line_1_93' title="bbox 2269 4646 3797 4718; baseline 0 -20"><span class='ocrx_word' id='word_1_612' title='bbox 2269 4646 2560 4718; x_wconf 69' lang='grc' dir='ltr'>συνήθειαν</span> <span class='ocrx_word' id='word_1_613' title='bbox 2593 4646 3031 4718; x_wconf 79' lang='grc' dir='ltr'>παρηγορεῖσθαι</span> <span class='ocrx_word' id='word_1_614' title='bbox 3082 4649 3209 4710; x_wconf 84' lang='grc' dir='ltr'>τοὺς</span> <span class='ocrx_word' id='word_1_615' title='bbox 3253 4648 3708 4718; x_wconf 83' lang='grc' dir='ltr'>χειροτονοῦντας.</span> <span class='ocrx_word' id='word_1_616' title='bbox 3751 4647 3797 4699; x_wconf 77' lang='lat' dir='ltr'><strong>Ei</strong></span> 
     </span>
    </p>
   </div>
   <div class='ocr_carea' id='block_1_94' title="bbox 579 4736 2159 4818">
    <p class='ocr_par' dir='ltr' id='par_1_94' title="bbox 579 4736 2159 4818">
     <span class='ocr_line' id='line_1_94' title="bbox 579 4736 2159 4818; baseline 0.009 -28"><span class='ocrx_word' id='word_1_617' title='bbox 579 4736 775 4791; x_wconf 89' lang='lat' dir='ltr'><strong>solitas</strong></span> <span class='ocrx_word' id='word_1_618' title='bbox 823 4738 1235 4796; x_wconf 82' lang='lat' dir='ltr'><strong>muniﬁcentias</strong></span> <span class='ocrx_word' id='word_1_619' title='bbox 1285 4755 1394 4796; x_wconf 89' lang='lat' dir='ltr'><strong>non</strong></span> <span class='ocrx_word' id='word_1_620' title='bbox 1441 4744 1752 4812; x_wconf 85' lang='lat' dir='ltr'><strong>requirant,</strong></span> <span class='ocrx_word' id='word_1_621' title='bbox 1800 4745 1898 4802; x_wconf 87' lang='lat' dir='ltr'><strong>sed</strong></span> <span class='ocrx_word' id='word_1_622' title='bbox 1953 4747 2159 4818; x_wconf 84' lang='lat' dir='ltr'><strong>majora</strong></span> 
     </span>
    </p>
   </div>
   <div class='ocr_carea' id='block_1_95' title="bbox 579 4831 2160 4907">
    <p class='ocr_par' dir='ltr' id='par_1_95' title="bbox 579 4831 2160 4907">
     <span class='ocr_line' id='line_1_95' title="bbox 579 4831 2160 4907; baseline 0.007 -21"><span class='ocrx_word' id='word_1_623' title='bbox 579 4832 747 4895; x_wconf 85' lang='lat' dir='ltr'><strong>dona,</strong></span> <span class='ocrx_word' id='word_1_624' title='bbox 779 4839 830 4885; x_wconf 92' lang='lat' dir='ltr'><strong>et</strong></span> <span class='ocrx_word' id='word_1_625' title='bbox 867 4848 989 4902; x_wconf 65' lang='lat' dir='ltr'><strong>quae</strong></span> <span class='ocrx_word' id='word_1_626' title='bbox 1027 4832 1267 4887; x_wconf 91' lang='lat' dir='ltr'><strong>ordinati</strong></span> <span class='ocrx_word' id='word_1_627' title='bbox 1310 4831 1600 4890; x_wconf 81' lang='lat' dir='ltr'><strong>facultates</strong></span> <span class='ocrx_word' id='word_1_628' title='bbox 1628 4847 2022 4907; x_wconf 77' lang='lat' dir='ltr'><strong>coangustent,</strong></span> <span class='ocrx_word' id='word_1_629' title='bbox 2051 4856 2160 4896; x_wconf 92' lang='lat' dir='ltr'><strong>non</strong></span> 
     </span>
    </p>
   </div>
   <div class='ocr_carea' id='block_1_96' title="bbox 578 4924 2164 5004">
    <p class='ocr_par' dir='ltr' id='par_1_96' title="bbox 578 4924 2164 5004">
     <span class='ocr_line' id='line_1_96' title="bbox 578 4924 2164 5004; baseline 0.006 -26"><span class='ocrx_word' id='word_1_630' title='bbox 578 4931 794 4978; x_wconf 86' lang='lat' dir='ltr'><strong>tantum</strong></span> <span class='ocrx_word' id='word_1_631' title='bbox 835 4941 943 4979; x_wconf 91' lang='lat' dir='ltr'><strong>non</strong></span> <span class='ocrx_word' id='word_1_632' title='bbox 979 4924 1374 4992; x_wconf 79' lang='lat' dir='ltr'><strong>cxaudientur,</strong></span> <span class='ocrx_word' id='word_1_633' title='bbox 1410 4927 1504 4983; x_wconf 91' lang='lat' dir='ltr'><strong>sed</strong></span> <span class='ocrx_word' id='word_1_634' title='bbox 1541 4938 1594 4983; x_wconf 91' lang='lat' dir='ltr'><strong>et</strong></span> <span class='ocrx_word' id='word_1_635' title='bbox 1629 4928 1956 4999; x_wconf 89' lang='lat' dir='ltr'><strong>depositioni</strong></span> <span class='ocrx_word' id='word_1_636' title='bbox 1991 4933 2164 5004; x_wconf 85' lang='lat' dir='ltr'><strong>subji-</strong></span> 
     </span>
    </p>
   </div>
   <div class='ocr_carea' id='block_1_97' title="bbox 2261 4739 3795 4814">
    <p class='ocr_par' dir='ltr' id='par_1_97' title="bbox 2261 4739 3795 4814">
     <span class='ocr_line' id='line_1_97' title="bbox 2261 4739 3795 4814; baseline 0 -22"><span class='ocrx_word' id='word_1_637' title='bbox 2261 4739 2318 4792; x_wconf 78' lang='grc' dir='ltr'>δὲ</span> <span class='ocrx_word' id='word_1_638' title='bbox 2366 4739 2622 4804; x_wconf 89' lang='grc' dir='ltr'>τοιαύτας</span> <span class='ocrx_word' id='word_1_639' title='bbox 2682 4739 2782 4810; x_wconf 84' lang='grc' dir='ltr'>μὲν</span> <span class='ocrx_word' id='word_1_640' title='bbox 2839 4739 3094 4810; x_wconf 76' lang='grc' dir='ltr'>συνήθεις</span> <span class='ocrx_word' id='word_1_641' title='bbox 3142 4740 3394 4808; x_wconf 80' lang='grc' dir='ltr'>εὐλογίας</span> <span class='ocrx_word' id='word_1_642' title='bbox 3446 4742 3509 4795; x_wconf 79' lang='grc' dir='ltr'>οὐ</span> <span class='ocrx_word' id='word_1_643' title='bbox 3561 4740 3795 4814; x_wconf 81' lang='grc' dir='ltr'>ζητοῦσιν,</span> 
     </span>
    </p>
   </div>
   <div class='ocr_carea' id='block_1_98' title="bbox 2263 4831 3796 4906">
    <p class='ocr_par' dir='ltr' id='par_1_98' title="bbox 2263 4831 3796 4906">
     <span class='ocr_line' id='line_1_98' title="bbox 2263 4831 3796 4906; baseline 0.001 -20"><span class='ocrx_word' id='word_1_644' title='bbox 2263 4832 2400 4887; x_wconf 81' lang='grc' dir='ltr'><strong>ἀλλά</strong></span> <span class='ocrx_word' id='word_1_645' title='bbox 2422 4831 2633 4903; x_wconf 82' lang='grc' dir='ltr'>δόματα</span> <span class='ocrx_word' id='word_1_646' title='bbox 2666 4831 2904 4903; x_wconf 86' lang='grc' dir='ltr'>σθεναρά</span> <span class='ocrx_word' id='word_1_647' title='bbox 2932 4833 3028 4888; x_wconf 77' lang='grc' dir='ltr'>καὶ</span> <span class='ocrx_word' id='word_1_648' title='bbox 3053 4833 3151 4904; x_wconf 78' lang='grc' dir='ltr'>τὴν</span> <span class='ocrx_word' id='word_1_649' title='bbox 3179 4835 3334 4905; x_wconf 71' lang='grc' dir='ltr'>ἰσχὺν</span> <span class='ocrx_word' id='word_1_650' title='bbox 3366 4835 3465 4888; x_wconf 90' lang='grc' dir='ltr'><strong>τοῦ</strong></span> <span class='ocrx_word' id='word_1_651' title='bbox 3505 4851 3796 4906; x_wconf 73' lang='grc' dir='ltr'>χειροτονονο</span> 
     </span>
    </p>
   </div>
   <div class='ocr_carea' id='block_1_99' title="bbox 2267 4925 3793 4999">
    <p class='ocr_par' dir='ltr' id='par_1_99' title="bbox 2267 4925 3793 4999">
     <span class='ocr_line' id='line_1_99' title="bbox 2267 4925 3793 4999; baseline 0.002 -20"><span class='ocrx_word' id='word_1_652' title='bbox 2267 4927 2428 4995; x_wconf 86' lang='grc' dir='ltr'>μένου</span> <span class='ocrx_word' id='word_1_653' title='bbox 2470 4925 2931 4997; x_wconf 87' lang='grc' dir='ltr'>στενοχωροῦντα,</span> <span class='ocrx_word' id='word_1_654' title='bbox 2987 4929 3050 4981; x_wconf 87' lang='grc' dir='ltr'><strong>ού</strong></span> <span class='ocrx_word' id='word_1_655' title='bbox 3113 4927 3274 4999; x_wconf 89' lang='grc' dir='ltr'>μόνον</span> <span class='ocrx_word' id='word_1_656' title='bbox 3327 4931 3430 4984; x_wconf 81' lang='grc' dir='ltr'>οὐκ</span> <span class='ocrx_word' id='word_1_657' title='bbox 3481 4929 3793 4996; x_wconf 79' lang='grc' dir='ltr'>εἰσακουσθή·</span> 
     </span>
    </p>
   </div>
   <div class='ocr_carea' id='block_1_100' title="bbox 578 5016 2152 5094">
    <p class='ocr_par' dir='ltr' id='par_1_100' title="bbox 578 5016 2152 5082">
     <span class='ocr_line' id='line_1_100' title="bbox 578 5016 2152 5082; baseline 0.008 -13"><span class='ocrx_word' id='word_1_658' title='bbox 578 5016 814 5070; x_wconf 89' lang='lat' dir='ltr'><strong>cientur.</strong></span> <span class='ocrx_word' id='word_1_659' title='bbox 844 5016 934 5072; x_wconf 84' lang='lat' dir='ltr'><strong>Ait</strong></span> <span class='ocrx_word' id='word_1_660' title='bbox 978 5019 1126 5073; x_wconf 82' lang='lat' dir='ltr'><strong>enim</strong></span> <span class='ocrx_word' id='word_1_661' title='bbox 1162 5020 1197 5073; x_wconf 77' lang='lat'><strong>2</strong></span> <span class='ocrx_word' id='word_1_662' title='bbox 1229 5035 1407 5076; x_wconf 89' lang='lat' dir='ltr'><strong>canon</strong></span> <span class='ocrx_word' id='word_1_663' title='bbox 1463 5031 1668 5077; x_wconf 65' lang='lat' dir='ltr'><strong>sancta“:</strong></span> <span class='ocrx_word' id='word_1_664' title='bbox 1715 5033 1770 5080; x_wconf 87' lang='lat' dir='ltr'><strong>et</strong></span> <span class='ocrx_word' id='word_1_665' title='bbox 1814 5027 2152 5082; x_wconf 69' lang='lat' dir='ltr'><strong>tecumenica</strong></span> 
     </span>
    </p>
   </div>
   <div class='ocr_carea' id='block_1_101' title="bbox 2255 5016 3790 5094">
    <p class='ocr_par' dir='ltr' id='par_1_101' title="bbox 2267 5017 3790 5094">
     <span class='ocr_line' id='line_1_101' title="bbox 2267 5017 3790 5094; baseline 0.003 -23"><span class='ocrx_word' id='word_1_666' title='bbox 2267 5035 2471 5084; x_wconf 84' lang='grc' dir='ltr'>σονται,</span> <span class='ocrx_word' id='word_1_667' title='bbox 2506 5017 2642 5072; x_wconf 81' lang='grc' dir='ltr'><strong>ἀλλά</strong></span> <span class='ocrx_word' id='word_1_668' title='bbox 2687 5017 2783 5073; x_wconf 77' lang='grc' dir='ltr'>καὶ</span> <span class='ocrx_word' id='word_1_669' title='bbox 2812 5018 3133 5091; x_wconf 81' lang='grc' dir='ltr'>καθαιρέσει</span> <span class='ocrx_word' id='word_1_670' title='bbox 3162 5021 3650 5094; x_wconf 78' lang='grc' dir='ltr'>ύποϐληθήσονται.</span> <span class='ocrx_word' id='word_1_671' title='bbox 3692 5022 3790 5089; x_wconf 52' lang='lat' dir='ltr'><strong>Qui</strong></span> 
     </span>
    </p>
   </div>
   <div class='ocr_carea' id='block_1_102' title="bbox 581 5107 2167 5186">
    <p class='ocr_par' dir='ltr' id='par_1_102' title="bbox 581 5107 2167 5186">
     <span class='ocr_line' id='line_1_102' title="bbox 581 5107 2167 5186; baseline 0.007 -23"><span class='ocrx_word' id='word_1_672' title='bbox 581 5107 774 5179; x_wconf 80' lang='lat' dir='ltr'><strong>synodi</strong></span> <span class='ocrx_word' id='word_1_673' title='bbox 804 5126 818 5162; x_wconf 93' lang='lat'><strong>:</strong></span> <span class='ocrx_word' id='word_1_674' title='bbox 851 5108 908 5162; x_wconf 88' lang='lat' dir='ltr'><strong>Si</strong></span> <span class='ocrx_word' id='word_1_675' title='bbox 943 5110 1069 5179; x_wconf 92' lang='lat' dir='ltr'><strong>quis</strong></span> <span class='ocrx_word' id='word_1_676' title='bbox 1108 5110 1404 5182; x_wconf 88' lang='lat' dir='ltr'><strong>episcopus</strong></span> <span class='ocrx_word' id='word_1_677' title='bbox 1450 5123 1677 5185; x_wconf 89' lang='lat' dir='ltr'><strong>propter</strong></span> <span class='ocrx_word' id='word_1_678' title='bbox 1707 5118 1968 5186; x_wconf 87' lang='lat' dir='ltr'><strong>pecunias</strong></span> <span class='ocrx_word' id='word_1_679' title='bbox 2010 5119 2167 5174; x_wconf 90' lang='lat' dir='ltr'><strong>ordi-</strong></span> 
     </span>
    </p>
   </div>
   <div class='ocr_carea' id='block_1_103' title="bbox 582 5200 2164 5280">
    <p class='ocr_par' dir='ltr' id='par_1_103' title="bbox 582 5200 2164 5280">
     <span class='ocr_line' id='line_1_103' title="bbox 582 5200 2164 5280; baseline 0.008 -27"><span class='ocrx_word' id='word_1_680' title='bbox 582 5201 864 5255; x_wconf 84' lang='lat' dir='ltr'><strong>nationem</strong></span> <span class='ocrx_word' id='word_1_681' title='bbox 910 5200 1126 5268; x_wconf 89' lang='lat' dir='ltr'><strong>l&#39;ecerit,</strong></span> <span class='ocrx_word' id='word_1_682' title='bbox 1152 5211 1210 5257; x_wconf 87' lang='lat' dir='ltr'><strong>et</strong></span> <span class='ocrx_word' id='word_1_683' title='bbox 1235 5218 1344 5258; x_wconf 89' lang='lat' dir='ltr'><strong>non</strong></span> <span class='ocrx_word' id='word_1_684' title='bbox 1391 5205 1641 5262; x_wconf 85' lang='lat' dir='ltr'><strong>venalem</strong></span> <span class='ocrx_word' id='word_1_685' title='bbox 1683 5208 1914 5280; x_wconf 80' lang='lat' dir='ltr'><strong>gratiam</strong></span> <span class='ocrx_word' id='word_1_686' title='bbox 1945 5210 1998 5264; x_wconf 92' lang='lat' dir='ltr'><strong>in</strong></span> <span class='ocrx_word' id='word_1_687' title='bbox 2028 5225 2164 5266; x_wconf 85' lang='lat' dir='ltr'><strong>ven-</strong></span> 
     </span>
    </p>
   </div>
   <div class='ocr_carea' id='block_1_104' title="bbox 580 5291 2161 5368">
    <p class='ocr_par' dir='ltr' id='par_1_104' title="bbox 580 5291 2161 5368">
     <span class='ocr_line' id='line_1_104' title="bbox 580 5291 2161 5368; baseline 0.006 -20"><span class='ocrx_word' id='word_1_688' title='bbox 580 5292 844 5348; x_wconf 87' lang='lat' dir='ltr'><strong>ditionem</strong></span> <span class='ocrx_word' id='word_1_689' title='bbox 878 5291 1191 5359; x_wconf 81' lang='lat' dir='ltr'><strong>deduxerit,</strong></span> <span class='ocrx_word' id='word_1_690' title='bbox 1225 5302 1280 5350; x_wconf 90' lang='lat' dir='ltr'><strong>et</strong></span> <span class='ocrx_word' id='word_1_691' title='bbox 1325 5306 1550 5367; x_wconf 86' lang='lat' dir='ltr'><strong>propter</strong></span> <span class='ocrx_word' id='word_1_692' title='bbox 1578 5301 1839 5368; x_wconf 84' lang='lat' dir='ltr'><strong>pecunias</strong></span> <span class='ocrx_word' id='word_1_693' title='bbox 1871 5301 2161 5358; x_wconf 86' lang='lat' dir='ltr'><strong>ordinave-</strong></span> 
     </span>
    </p>
   </div>
   <div class='ocr_carea' id='block_1_105' title="bbox 586 5383 2160 5463">
    <p class='ocr_par' dir='ltr' id='par_1_105' title="bbox 586 5383 2160 5463">
     <span class='ocr_line' id='line_1_105' title="bbox 586 5383 2160 5463; baseline 0.008 -28"><span class='ocrx_word' id='word_1_694' title='bbox 586 5383 657 5436; x_wconf 90' lang='lat' dir='ltr'><strong>rit</strong></span> <span class='ocrx_word' id='word_1_695' title='bbox 684 5383 1130 5454; x_wconf 82' lang='lat' dir='ltr'><strong>episc0pum,vel</strong></span> <span class='ocrx_word' id='word_1_696' title='bbox 1158 5383 1633 5458; x_wconf 86' lang='lat' dir='ltr'><strong>chorepisc0pum,</strong></span> <span class='ocrx_word' id='word_1_697' title='bbox 1651 5391 1736 5446; x_wconf 90' lang='lat' dir='ltr'><strong>vel</strong></span> <span class='ocrx_word' id='word_1_698' title='bbox 1762 5392 2160 5463; x_wconf 86' lang='lat' dir='ltr'><strong>presbyterum,</strong></span> 
     </span>
    </p>
   </div>
   <div class='ocr_carea' id='block_1_106' title="bbox 2263 5110 3793 5186">
    <p class='ocr_par' dir='ltr' id='par_1_106' title="bbox 2263 5110 3793 5186">
     <span class='ocr_line' id='line_1_106' title="bbox 2263 5110 3793 5186; baseline 0.001 -22"><span class='ocrx_word' id='word_1_699' title='bbox 2263 5111 2372 5182; x_wconf 77' lang='grc' dir='ltr'><strong>γὰρ</strong></span> <span class='ocrx_word' id='word_1_700' title='bbox 2425 5111 2456 5164; x_wconf 87' lang='grc' dir='ltr'><strong>δ</strong></span> <span class='ocrx_word' id='word_1_701' title='bbox 2513 5111 2557 5183; x_wconf 87' lang='grc' dir='ltr'><strong>β’</strong></span> <span class='ocrx_word' id='word_1_702' title='bbox 2586 5110 2770 5166; x_wconf 85' lang='grc' dir='ltr'>κανὼν</span> <span class='ocrx_word' id='word_1_703' title='bbox 2800 5111 2901 5182; x_wconf 82' lang='grc' dir='ltr'>τῆς</span> <span class='ocrx_word' id='word_1_704' title='bbox 2950 5112 3112 5182; x_wconf 81' lang='grc' dir='ltr'>ἁγίας</span> <span class='ocrx_word' id='word_1_705' title='bbox 3153 5114 3249 5168; x_wconf 76' lang='grc' dir='ltr'>καὶ</span> <span class='ocrx_word' id='word_1_706' title='bbox 3282 5116 3659 5186; x_wconf 83' lang='grc' dir='ltr'>οίκουμενικῆς</span> <span class='ocrx_word' id='word_1_707' title='bbox 3699 5133 3793 5168; x_wconf 70' lang='grc' dir='ltr'>σνν-</span> 
     </span>
    </p>
   </div>
   <div class='ocr_carea' id='block_1_107' title="bbox 2259 5202 3796 5278">
    <p class='ocr_par' dir='ltr' id='par_1_107' title="bbox 2259 5202 3796 5278">
     <span class='ocr_line' id='line_1_107' title="bbox 2259 5202 3796 5278; baseline -0.008 -22"><span class='ocrx_word' id='word_1_708' title='bbox 2259 5203 2403 5266; x_wconf 72' lang='grc' dir='ltr'>όδου,</span> <span class='ocrx_word' id='word_1_709' title='bbox 2425 5202 2583 5266; x_wconf 84' lang='grc' dir='ltr'>Είτις</span> <span class='ocrx_word' id='word_1_710' title='bbox 2614 5203 2915 5268; x_wconf 73' lang='grc' dir='ltr'>ἐπίσκοπος</span> <span class='ocrx_word' id='word_1_711' title='bbox 2937 5206 3031 5259; x_wconf 73' lang='grc' dir='ltr'><strong>ἐπὶ</strong></span> <span class='ocrx_word' id='word_1_712' title='bbox 3057 5207 3304 5276; x_wconf 76' lang='grc' dir='ltr'>χρήμασι</span> <span class='ocrx_word' id='word_1_713' title='bbox 3325 5210 3648 5278; x_wconf 72' lang='grc' dir='ltr'>χειροτονίαν</span> <span class='ocrx_word' id='word_1_714' title='bbox 3676 5209 3796 5272; x_wconf 40' lang='lat' dir='ltr'><strong>mut.</strong></span> 
     </span>
    </p>
   </div>
   <div class='ocr_carea' id='block_1_108' title="bbox 2269 5294 3795 5371">
    <p class='ocr_par' dir='ltr' id='par_1_108' title="bbox 2269 5294 3795 5371">
     <span class='ocr_line' id='line_1_108' title="bbox 2269 5294 3795 5371; baseline 0.001 -24"><span class='ocrx_word' id='word_1_715' title='bbox 2269 5310 2374 5360; x_wconf 90' lang='grc' dir='ltr'>σει,</span> <span class='ocrx_word' id='word_1_716' title='bbox 2409 5294 2506 5349; x_wconf 85' lang='grc' dir='ltr'>καὶ</span> <span class='ocrx_word' id='word_1_717' title='bbox 2530 5297 2608 5358; x_wconf 81' lang='grc' dir='ltr'><strong>είς</strong></span> <span class='ocrx_word' id='word_1_718' title='bbox 2641 5295 2842 5366; x_wconf 83' lang='grc' dir='ltr'>πράσιν</span> <span class='ocrx_word' id='word_1_719' title='bbox 2874 5297 3105 5366; x_wconf 75' lang='grc' dir='ltr'>κατάγει</span> <span class='ocrx_word' id='word_1_720' title='bbox 3145 5299 3243 5370; x_wconf 84' lang='grc' dir='ltr'>τὴν</span> <span class='ocrx_word' id='word_1_721' title='bbox 3275 5299 3523 5371; x_wconf 77' lang='grc' dir='ltr'>ἄπρατον</span> <span class='ocrx_word' id='word_1_722' title='bbox 3547 5300 3710 5371; x_wconf 80' lang='grc' dir='ltr'>χάριν,</span> <span class='ocrx_word' id='word_1_723' title='bbox 3727 5298 3795 5349; x_wconf 71' lang='grc' dir='ltr'>καὶ</span> 
     </span>
    </p>
   </div>
   <div class='ocr_carea' id='block_1_109' title="bbox 2270 5387 3796 5464">
    <p class='ocr_par' dir='ltr' id='par_1_109' title="bbox 2270 5387 3796 5464">
     <span class='ocr_line' id='line_1_109' title="bbox 2270 5387 3796 5464; baseline 0.001 -27"><span class='ocrx_word' id='word_1_724' title='bbox 2270 5387 2634 5456; x_wconf 80' lang='grc' dir='ltr'>χειροτονήσει</span> <span class='ocrx_word' id='word_1_725' title='bbox 2665 5387 2755 5439; x_wconf 76' lang='grc' dir='ltr'><strong>ἐπὶ</strong></span> <span class='ocrx_word' id='word_1_726' title='bbox 2783 5388 3060 5458; x_wconf 83' lang='grc' dir='ltr'>χρήμασιν</span> <span class='ocrx_word' id='word_1_727' title='bbox 3091 5390 3411 5456; x_wconf 77' lang='grc' dir='ltr'>ἐπίσκοπον,</span> <span class='ocrx_word' id='word_1_728' title='bbox 3467 5393 3500 5464; x_wconf 79' lang='grc' dir='ltr'><strong>ἢ</strong></span> <span class='ocrx_word' id='word_1_729' title='bbox 3541 5388 3796 5463; x_wconf 75' lang='grc' dir='ltr'>πρεσϐύτε-</span> 
     </span>
    </p>
   </div>
   <div class='ocr_carea' id='block_1_110' title="bbox 585 5473 2152 5554">
    <p class='ocr_par' dir='ltr' id='par_1_110' title="bbox 585 5473 2152 5553">
     <span class='ocr_line' id='line_1_110' title="bbox 585 5473 2152 5553; baseline 0.006 -27"><span class='ocrx_word' id='word_1_730' title='bbox 585 5473 670 5527; x_wconf 88' lang='lat' dir='ltr'><strong>vel</strong></span> <span class='ocrx_word' id='word_1_731' title='bbox 724 5473 1042 5541; x_wconf 87' lang='lat' dir='ltr'><strong>diaconum,</strong></span> <span class='ocrx_word' id='word_1_732' title='bbox 1084 5475 1168 5530; x_wconf 84' lang='lat' dir='ltr'><strong>vel</strong></span> <span class='ocrx_word' id='word_1_733' title='bbox 1224 5475 1464 5548; x_wconf 80' lang='lat' dir='ltr'><strong>aliquem</strong></span> <span class='ocrx_word' id='word_1_734' title='bbox 1513 5494 1728 5547; x_wconf 90' lang='lat' dir='ltr'><strong>eorum,</strong></span> <span class='ocrx_word' id='word_1_735' title='bbox 1774 5482 1868 5553; x_wconf 91' lang='lat' dir='ltr'><strong>qui</strong></span> <span class='ocrx_word' id='word_1_736' title='bbox 1918 5483 1972 5537; x_wconf 93' lang='lat' dir='ltr'><strong>iu</strong></span> <span class='ocrx_word' id='word_1_737' title='bbox 2018 5483 2152 5538; x_wconf 81' lang='lat' dir='ltr'><strong>clerc</strong></span> 
     </span>
    </p>
   </div>
   <div class='ocr_carea' id='block_1_111' title="bbox 2255 5473 3794 5554">
    <p class='ocr_par' dir='ltr' id='par_1_111' title="bbox 2277 5475 3794 5554">
     <span class='ocr_line' id='line_1_111' title="bbox 2277 5475 3794 5554; baseline -0.001 -24"><span class='ocrx_word' id='word_1_738' title='bbox 2277 5492 2390 5547; x_wconf 88' lang='grc' dir='ltr'>ρον,</span> <span class='ocrx_word' id='word_1_739' title='bbox 2416 5477 2450 5548; x_wconf 76' lang='grc' dir='ltr'>ἢ</span> <span class='ocrx_word' id='word_1_740' title='bbox 2482 5475 2806 5549; x_wconf 78' lang='grc' dir='ltr'>διὰκονον,ἢ</span> <span class='ocrx_word' id='word_1_741' title='bbox 2833 5479 3272 5549; x_wconf 87' lang='grc' dir='ltr'>χωρεπίσκοπον,</span> <span class='ocrx_word' id='word_1_742' title='bbox 3298 5482 3331 5553; x_wconf 78' lang='grc' dir='ltr'>ἢ</span> <span class='ocrx_word' id='word_1_743' title='bbox 3368 5482 3555 5554; x_wconf 73' lang='grc' dir='ltr'>ἕτερόν</span> <span class='ocrx_word' id='word_1_744' title='bbox 3581 5497 3688 5536; x_wconf 84' lang='grc' dir='ltr'>τινα</span> <span class='ocrx_word' id='word_1_745' title='bbox 3712 5477 3794 5531; x_wconf 75' lang='grc' dir='ltr'><strong>τῶν</strong></span> 
     </span>
    </p>
   </div>
   <div class='ocr_carea' id='block_1_112' title="bbox 586 5567 2152 5650">
    <p class='ocr_par' dir='ltr' id='par_1_112' title="bbox 586 5567 2152 5644">
     <span class='ocr_line' id='line_1_112' title="bbox 586 5567 2152 5644; baseline 0.006 -27"><span class='ocrx_word' id='word_1_746' title='bbox 586 5575 1061 5632; x_wconf 84' lang='lat' dir='ltr'><strong>annumerantur,</strong></span> <span class='ocrx_word' id='word_1_747' title='bbox 1109 5567 1196 5624; x_wconf 90' lang='lat' dir='ltr'><strong>vel</strong></span> <span class='ocrx_word' id='word_1_748' title='bbox 1244 5579 1469 5640; x_wconf 90' lang='lat' dir='ltr'><strong>propter</strong></span> <span class='ocrx_word' id='word_1_749' title='bbox 1521 5574 1785 5642; x_wconf 85' lang='lat' dir='ltr'><strong>pecunias</strong></span> <span class='ocrx_word' id='word_1_750' title='bbox 1833 5574 2152 5644; x_wconf 76' lang='lat' dir='ltr'><strong>promoverit</strong></span> 
     </span>
    </p>
   </div>
   <div class='ocr_carea' id='block_1_113' title="bbox 2255 5567 3792 5650">
    <p class='ocr_par' dir='ltr' id='par_1_113' title="bbox 2277 5570 3792 5650">
     <span class='ocr_line' id='line_1_113' title="bbox 2277 5570 3792 5650; baseline -0.001 -26"><span class='ocrx_word' id='word_1_751' title='bbox 2277 5572 2338 5624; x_wconf 78' lang='grc' dir='ltr'>ἐν</span> <span class='ocrx_word' id='word_1_752' title='bbox 2380 5570 2460 5639; x_wconf 82' lang='grc' dir='ltr'><strong>τῷ</strong></span> <span class='ocrx_word' id='word_1_753' title='bbox 2507 5570 2695 5642; x_wconf 83' lang='grc' dir='ltr'>κλήρῳ</span> <span class='ocrx_word' id='word_1_754' title='bbox 2743 5573 3270 5645; x_wconf 81' lang='grc' dir='ltr'>κατηριθμημένων,</span> <span class='ocrx_word' id='word_1_755' title='bbox 3316 5577 3350 5648; x_wconf 73' lang='grc' dir='ltr'>ἢ</span> <span class='ocrx_word' id='word_1_756' title='bbox 3398 5574 3792 5650; x_wconf 66' lang='grc' dir='ltr'>προδήλοιτοέπὶ</span> 
     </span>
    </p>
   </div>
   <div class='ocr_carea' id='block_1_114' title="bbox 588 5658 2168 5734">
    <p class='ocr_par' dir='ltr' id='par_1_114' title="bbox 588 5658 2168 5734">
     <span class='ocr_line' id='line_1_114' title="bbox 588 5658 2168 5734; baseline 0.004 -21"><span class='ocrx_word' id='word_1_757' title='bbox 588 5670 969 5723; x_wconf 67' lang='lat' dir='ltr'><strong>trcouemum,</strong></span> <span class='ocrx_word' id='word_1_758' title='bbox 1021 5658 1106 5715; x_wconf 90' lang='lat' dir='ltr'><strong>vel</strong></span> <span class='ocrx_word' id='word_1_759' title='bbox 1152 5659 1531 5729; x_wconf 79' lang='lat' dir='ltr'><strong>defensorem,</strong></span> <span class='ocrx_word' id='word_1_760' title='bbox 1581 5662 1664 5718; x_wconf 89' lang='lat' dir='ltr'><strong>vel</strong></span> <span class='ocrx_word' id='word_1_761' title='bbox 1705 5663 2168 5734; x_wconf 84' lang='lat' dir='ltr'><strong>paramonarinm,</strong></span> 
     </span>
    </p>
   </div>
   <div class='ocr_carea' id='block_1_115' title="bbox 2277 5663 3788 5741">
    <p class='ocr_par' dir='ltr' id='par_1_115' title="bbox 2277 5663 3788 5741">
     <span class='ocr_line' id='line_1_115' title="bbox 2277 5663 3788 5741; baseline 0 -24"><span class='ocrx_word' id='word_1_762' title='bbox 2277 5663 2556 5733; x_wconf 83' lang='grc' dir='ltr'>χρήμασιν</span> <span class='ocrx_word' id='word_1_763' title='bbox 2585 5665 2890 5737; x_wconf 74' lang='grc' dir='ltr'>οἰκονόμον,</span> <span class='ocrx_word' id='word_1_764' title='bbox 2923 5665 2957 5737; x_wconf 82' lang='grc' dir='ltr'>ἢ</span> <span class='ocrx_word' id='word_1_765' title='bbox 2992 5665 3232 5734; x_wconf 73' lang='grc' dir='ltr'>ἔκδικον,</span> <span class='ocrx_word' id='word_1_766' title='bbox 3262 5669 3297 5740; x_wconf 79' lang='grc' dir='ltr'>ἦ</span> <span class='ocrx_word' id='word_1_767' title='bbox 3343 5671 3735 5741; x_wconf 80' lang='grc' dir='ltr'>προσμονάριον,</span> <span class='ocrx_word' id='word_1_768' title='bbox 3766 5663 3788 5731; x_wconf 65' lang='grc' dir='ltr'><strong>ἢ</strong></span> 
     </span>
    </p>
   </div>
   <div class='ocr_carea' id='block_1_116' title="bbox 1889 5774 2557 5837">
    <p class='ocr_par' dir='ltr' id='par_1_116' title="bbox 1889 5774 2557 5837">
     <span class='ocr_line' id='line_1_116' title="bbox 1889 5774 2557 5837; baseline 0.01 -8"><span class='ocrx_word' id='word_1_769' title='bbox 1889 5774 2120 5831; x_wconf 69' lang='grc' dir='ltr'><strong>ΥΔΒΙΕ</strong></span> <span class='ocrx_word' id='word_1_770' title='bbox 2150 5776 2557 5837; x_wconf 72' lang='lat' dir='ltr'><strong>LECTIONES.</strong></span> 
     </span>
    </p>
   </div>
   <div class='ocr_carea' id='block_1_117' title="bbox 663 5840 1033 5908">
    <p class='ocr_par' dir='ltr' id='par_1_117' title="bbox 663 5840 1033 5908">
     <span class='ocr_line' id='line_1_117' title="bbox 663 5840 1033 5908; baseline 0.014 -17"><span class='ocrx_word' id='word_1_771' title='bbox 663 5847 688 5874; x_wconf 87' lang='grc'>¹¹</span> <span class='ocrx_word' id='word_1_772' title='bbox 713 5840 1033 5908; x_wconf 72' lang='lat' dir='ltr'><strong>sponsiones.</strong></span> 
     </span>
    </p>
   </div>
  </div>
