3948 6594
295 455 432 522 1061

1585 451 1854 515 ϐΡιΛίΟΟ
1900 453 2304 520 ROMANUM.

3413 463 3551 532 1062

291 577 470 639 ἄλλως
508 570 631 631 τινὰ
657 569 752 624 τοῦ
784 569 1007 634 κανόνος
1037 570 1106 624 δι’
1142 569 1609 642 αἰσχροκέρδειαν,
1643 571 1672 624 ὁ
1703 569 1877 640 τούτῳ

1984 571 2066 627 vel
2117 575 2346 629 omnino
2398 575 2638 648 aliquem
2690 591 2755 632 ex
2800 590 3030 645 canone,
3079 581 3254 652 turpis
3307 595 3551 655 quaestus

289 667 677 738 ἐπιχειρήσας,
711 662 989 733 ἐλεγχθεὶς
1019 661 1378 716 κινδυνευέτω
1411 663 1537 732 περ)⁸
1563 662 1654 716 τὸν
1681 662 1881 738 οἰκεῖον

292 736 523 830 βαθμόν.
574 757 688 812 Καὶ
721 759 750 810 ό
785 753 1284 826 χειροτονούμενος,
1327 753 1496 826 μηδὲν
1538 754 1602 806 ὲκ
1628 753 1730 821 τῆς
1757 736 1881 805 κατ’

293 848 572 918 ἐμπορίαν
602 844 923 916 ὠφελείσθω
947 843 1336 917 χειροτονείας,
1360 844 1394 917 ἢ
1427 843 1700 914 προϐολῆς
1719 859 1734 874 ο
1761 841 1878 897 ἀλλ’

289 941 434 994 ἔστω
479 939 761 1010 ἀλλότριος
788 939 886 1007 τῆς
917 937 1074 1002 ἀξίας
1125 937 1159 1007 ἢ
1191 937 1286 990 τοῦ
1328 937 1760 1007 φροντίσματος,
1790 933 1879 991 οῦ-

290 1050 358 1084 πε
368 1051 402 1104 ρ
430 1033 521 1086 ἐπὶ
549 1033 827 1103 χρήμασιν
851 1029 1054 1101 ἔτυχεν.
1080 1031 1142 1084 El
1160 1029 1218 1082 δέ
1243 1046 1326 1093 τις
1357 1029 1660 1100 μεσιτεύων
1682 1030 1875 1102 φανείη

291 1126 404 1186 τοῖς
435 1123 611 1187 οὕτως
663 1123 912 1193 αἰσχροῖς
973 1124 1069 1175 καὶ
1115 1120 1398 1192 ἀθεμίτοις
1447 1121 1722 1192 λήμμασι,
1780 1123 1877 1177 καὶ

289 1206 474 1279 οὗτος,
533 1216 584 1268 εί
638 1214 736 1286 μὲν
775 1212 1036 1283 κληρικδς
1064 1214 1174 1282 είη,
1211 1212 1305 1267 τοῦ
1334 1212 1536 1267 οἰκείου
1564 1215 1877 1268 ὲκπιπτέτω

294 1307 510 1378 βαθμοῦ
539 1326 551 1339 ·
589 1310 637 1361 εἰ
669 1308 725 1362 δὲ
757 1309 946 1373 λαῖκὸς
979 1309 1011 1377 ἢ
1049 1308 1145 1362 καὶ
1178 1306 1446 1376 μονάζων,
1483 1307 1878 1377 ἀναθεματιζέ-

293 1399 432 1452 σθω.
490 1398 602 1453 Καὶ
646 1398 673 1451 ὀ
706 1399 792 1469 κγ’
825 1398 1004 1454 κανὼν
1053 1399 1154 1466 τῆς
1190 1399 1247 1451 ἐν
1273 1396 1353 1468 τῷ
1378 1396 1632 1468 Τρούλλῳ
1654 1397 1749 1450 τοῦ
1781 1413 1876 1466 με·

293 1492 466 1559 γάλου
526 1492 790 1545 παλατίου
836 1494 1113 1562 συστάσης
1160 1491 1320 1561 ἁγίας
1357 1491 1451 1544 καὶ
1492 1493 1876 1560 οξκουμενικῆς

296 1584 518 1644 συνόδου
552 1585 724 1638 ταῦτα
747 1583 968 1650 διέξεισι
1004 1585 1132 1656 περὶ
1177 1583 1271 1638 τοῦ
1301 1584 1523 1653 Μηδένα
1554 1585 1870 1649 ἐπίσκοπον,

292 1677 408 1730 εἴτε
446 1677 839 1748 πρεσϐύτερον,
895 1677 1007 1730 είτε
1045 1677 1312 1742 διάκονον,
1344 1677 1440 1746 τῆς
1471 1675 1741 1747 ἀχράντου
1778 1692 1874 1744 με-

291 1767 575 1821 ταδιδόντα
607 1769 911 1832 κοινωνίας,
944 1768 1095 1839 παρᾶ
1125 1767 1217 1820 τοῦ
1242 1767 1560 1838 μετέχοντος
1614 1767 1875 1840 εἰσπράτ-

291 1878 431 1924 τειν,
491 1862 587 1930 τῆς
627 1861 881 1930 τοιαύτης
943 1859 1294 1930 μεταλήψεως
1337 1860 1516 1931 χάριν,
1582 1859 1790 1924 ὀϐολὸν,
1839 1859 1870 1931 ἢ

294 1913 442 2016 είδος
472 1913 785 2004 τδιοίονοῦν.
837 1913 974 2002 licet
1009 1913 1674 2021 γὰριπεπραΙμένηΙὲστὶν
1704 1951 1736 2020 ἡ
1906 1913 1950 1969 Β

298 2060 408 2113 ρις,
442 2042 561 2095 οὐδὲ
593 2042 840 2113 χρήμασι
867 2041 959 2095 τὸν
999 2041 1269 2111 ἁγιασμδν
1292 2041 1386 2094 τοῦ
1419 2040 1728 2111 πνεύματος
1783 2057 1877 2111 με·

293 2133 637 2203 ταδιδόαμεν,
701 2132 836 2186 ἀλλά
887 2134 999 2194 τοῖς
1039 2131 1210 2196 ἀξίοις
1255 2131 1349 2185 τοῦ
1395 2131 1567 2202 δώρου
1599 2133 1874 2202 ἀπανούρ-

293 2227 506 2295 γεύτως
539 2225 883 2296 μεταδοτέον.
917 2228 977 2280 El
1009 2227 1064 2279 δὲ
1095 2227 1286 2296 φανείη
1313 2243 1399 2289 τις
1427 2226 1536 2280 τῶν
1561 2227 1618 2279 ὲν
1641 2225 1717 2297 τῷ
1747 2226 1879 2296 κλή..

295 2336 379 2390 ρῳ
441 2317 879 2388 κατειλεγμένων
951 2317 1206 2372 ἀπαιτῶν
1272 2311 1317 2388 ᾧ
1388 2319 1711 2388 μεταδίδωσι
1775 2319 1877 2389 τῆς

294 2409 568 2480 ἀχράντου
604 2409 887 2473 κοινωνίας
938 2409 998 2462 τὸ
1031 2409 1238 2463 οίονοῦν
1287 2406 1448 2476 εἶδος,
1481 2410 1873 2480 καθαιρείσθω,

295 2502 375 2565 ὠς
411 2501 510 2572 τῆς
542 2500 637 2554 τοῦ
673 2501 912 2572 Σίμωνος
955 2499 1203 2572 ζηλωτὴς
1247 2501 1457 2574 πλάνης
1489 2503 1585 2557 καὶ
1637 2520 1877 2574 κακουρ-

299 2593 446 2662 γίας.

381 2684 703 2754 Ἐρώτησις
755 2683 862 2740 κσ.
917 2686 981 2740 Oi
1016 2686 1136 2741 κατ’
1184 2686 1482 2756 ἐπίγνωσιν
1524 2687 1702 2758 ἀληθῆ
1740 2687 1877 2759 πρὸς

295 2776 398 2846 τὴν
445 2777 724 2848 ὀρθόδοξον
759 2778 940 2832 πίστιν
973 2778 1282 2849 ἐρχόμενοι,
1331 2779 1690 2851 Νεσινοριιιινο)⁸
1721 2778 1878 2850 δηλο-

296 2867 436 2932 νότι,
480 2869 778 2939 Ἀρμένιοι,
821 2869 1152 2934 Ἰακωϐῖται,
1183 2869 1275 2924 καὶ
1311 2869 1488 2939 ἕτεροι
1529 2871 1874 2941 αίρεσιῶται,

297 2959 388 3014 διὰ
425 2960 588 3032 μόνου
619 2963 712 3016 τοῦ
743 2963 901 3032 ἁγίου
935 2961 1109 3034 μύρου
1131 2963 1408 3033 ὀφείλουσι
1447 2963 1807 3029 τελειοῦσθαι,
1840 2964 1874 3036 ἢ

299 3053 399 3108 καὶ
424 3053 514 3107 διά
545 3053 692 3108 θείου
723 3055 1137 3127 βαπτίσματος;

387 3149 518 3203 Ἀττ.
557 3149 616 3202 'U
643 3148 724 3217 ke'
751 3150 932 3204 κανὼν
962 3153 1060 3221 τῆς
1107 3153 1165 3204 ἐν
1211 3148 1288 3221 τῷ
1329 3151 1586 3220 Τρούλλῳ
1633 3150 1874 3214 συνόδου,

1984 665 2178 734 gratia,
2233 666 2326 737 qui
2375 668 2482 723 hoc
2521 678 2762 727 tentasse
2796 673 3085 729 convictus
3118 672 3303 738 fuerit,
3329 676 3397 731 de
3426 691 3556 746 pro-

1981 753 2102 824 prio
2137 756 2307 826 gradu
2339 759 2398 812 in
2424 759 2728 829 periculum
2760 761 2940 816 veniat
2964 771 3068 830 ενοι
3097 764 3190 833 qui
3225 771 3307 818 est
3331 765 3553 820 ordina-

1983 853 2107 911 tus.
2149 863 2214 904 ex
2263 849 2611 906 ordinatione
2649 852 2735 907 vel
2789 853 3168 922 prometione,
3211 871 3333 926 quae
3377 860 3552 912 instar

1981 949 2350 996 mencatorum
2401 941 2769 1010 venundatur,
2807 944 2944 998 nihil
2973 944 3216 1015 juvetur,
3275 947 3375 1002 sed
3417 950 3488 1004 sit
3520 965 3552 1004 a

1983 1030 2250 1100 dignitate
2308 1032 2391 1089 vel
2452 1033 2737 1092 curatione
2787 1036 3042 1103 alienus,
3092 1053 3258 1109 quam
3301 1041 3554 1110 pecuniis

1981 1123 2213 1194 adeptus
2259 1133 2366 1181 est.
2396 1126 2459 1182 Si
2489 1129 2613 1198 quis
2648 1137 2829 1184 autem
2881 1138 3165 1199 sequester
3195 1141 3247 1187 et
3286 1132 3556 1190 interces-

1978 1230 2074 1271 sor
2126 1217 2262 1272 adeo
2310 1220 2562 1289 turpibus
2609 1229 2669 1277 et'
2712 1222 2940 1277 nefariis
2990 1222 3161 1280 lucris
3207 1224 3550 1294 apparuerit,

1977 1304 2068 1360 hic
2118 1321 2355 1377 quoque,
2389 1309 2435 1364 si
2471 1309 2544 1365 sit
2581 1310 2810 1380 quidem
2837 1301 3092 1379 clericus,
3127 1315 3350 1384 proprio
3379 1313 3550 1383 gradu

1975 1397 2231 1466 excidat;
2265 1400 2310 1456 si
2350 1403 2423 1456 sit
2473 1410 2655 1458 autem
2699 1404 2898 1470 laicus,
2933 1406 3018 1462 vel
3064 1407 3387 1472 monachus,
3423 1420 3553 1459 ana-

1978 1488 2391 1546 thematizetur.
2425 1491 2492 1545 Et
2540 1492 2610 1547 25
2653 1507 2829 1548 canon
2871 1505 3076 1550 sancta:
3109 1505 3162 1551 et
3202 1495 3554 1550 mettmenicw

1975 1581 2166 1652 synodi
2208 1582 2260 1636 in
2296 1582 2487 1637 Trullo
2527 1587 2706 1654 magni
2755 1587 2937 1655 palatii
2973 1596 3176 1644 coacta:
3221 1588 3335 1642 hac
3366 1602 3553 1656 perse-

1976 1673 2168 1741 quitur
2197 1691 2211 1728 :
2245 1671 2312 1728 Ut
2348 1675 2555 1738 nullus,
2597 1676 2713 1731 sive
2754 1678 3066 1746 episcopus,
3098 1678 3212 1733 sive
3240 1678 3547 1748 presbyter,

1976 1767 2090 1822 sive
2140 1765 2429 1832 diaconus,
2461 1768 2866 1822 immaculatam
2912 1771 3160 1840 praebens
3205 1771 3551 1825 communio-

1975 1874 2125 1924 nem,
2158 1859 2227 1914 ab
2269 1875 2354 1922 eo,
2393 1861 2486 1932 qui
2521 1863 2909 1928 communicat,
2947 1862 3067 1930 ejus
3115 1863 3553 1932 participationis

1979 1953 2176 2022 gratia,
2206 1953 2420 2019 obolos,
2452 1955 2532 2008 vel
2577 1955 2829 2022 quamvis
2874 1956 3035 2008 aliam
3080 1956 3317 2025 speciem
3348 1955 3548 2026 exigat.

1978 2041 2096 2096 Non
2134 2052 2219 2099 est
2253 2045 2399 2099 enim
2432 2046 2640 2100 venalis
2670 2046 2867 2116 gratia,
2908 2062 3006 2101 nec
3033 2062 3133 2116 pro
3157 2048 3406 2116 pecuniis
3437 2047 3551 2117 spi-

1977 2135 2120 2191 ritus
2160 2135 2652 2192 sanctilicationem
2690 2138 3032 2206 impertimnr
3064 2157 3078 2194 :
3113 2139 3208 2194 sed
3247 2155 3312 2194 ea
3340 2140 3426 2201 iis,
3458 2141 3552 2210 qui

1976 2226 2128 2298 digni
2170 2237 2318 2292 sunt,
2356 2229 2561 2298 absque
2591 2229 2700 2284 ulla
2735 2239 2820 2284 est
2867 2231 3164 2286 calliditate
3191 2238 3217 2265 °
3244 2235 3555 2286 communi-

1977 2319 2173 2373 canda.
2215 2318 2270 2374 Si
2302 2320 2425 2391 quis
2455 2329 2635 2376 autem
2667 2337 2877 2386 eorum,
2913 2324 3004 2393 qui
3052 2331 3182 2378 sunt
3213 2323 3265 2377 in
3299 2324 3427 2379 cieri
3460 2339 3552 2379 ca-

1979 2409 2181 2479 talogo,
2211 2411 2280 2465 ab
2323 2425 2408 2475 eo,
2445 2412 2531 2466 cui
2581 2411 2984 2468 immaculatum
3026 2413 3268 2484 impertit
3306 2429 3554 2470 commu-

1978 2501 2221 2566 nionem,
2247 2502 2416 2557 ullam
2444 2504 2682 2574 speciem
2718 2505 2940 2576 exigere
2967 2506 3118 2561 visus
3155 2506 3348 2572 fuerit,
3381 2507 3551 2577 depo-

1979 2600 2165 2658 natur,
2188 2601 2246 2648 ut
2272 2593 2567 2650 Simoniaci
2595 2597 2800 2653 erroris
2823 2607 2876 2653 et
2901 2598 3148 2652 maleﬁcii
3178 2601 3484 2653 aemulator.

2052 2685 2219 2740 Inter.
2272 2688 2362 2742 29.
2420 2686 2524 2753 Qui
2585 2703 2681 2757 per
2740 2703 2920 2742 veram
2961 2690 3322 2760 cognitionem
3354 2689 3420 2743 ad
3465 2705 3556 2742 or-

1977 2778 2204 2833 thoxam
2273 2778 2435 2833 ﬁdem
2499 2778 2812 2843 accedunt,
2867 2777 3202 2834 Nestioriani
3251 2778 3549 2843 videlicet,

1981 2869 2248 2936 Armenii,
2279 2869 2561 2938 Jacobitte,
2605 2879 2658 2926 et
2689 2870 2779 2924 alii
2810 2870 3074 2937 haeretici,
3104 2885 3172 2924 an
3207 2870 3327 2926 solo
3360 2878 3552 2924 sancto

1979 2971 2262 3034 unguento
2314 2963 2549 3018 debeant
2595 2961 2826 3026 initiari,
2874 2974 2943 3014 an
2985 2975 3114 3017 vero
3154 2960 3318 3016 etiam
3368 2960 3552 3015 divino

1979 3053 2236 3109 lavacro?

2050 3145 2205 3218 Resp.
2248 3145 2438 3201 Canon
2479 3144 2548 3201 95
2592 3145 2786 3217 synodi
2813 3145 2867 3199 in
2900 3144 3089 3200 Trullo
3133 3152 3358 3202 secutas
3398 3145 3429 3198 7
3463 3160 3554 3200 ca-

296 3242 671 3314 ἀκολουθήσας
705 3241 780 3313 τῷ
811 3242 854 3308 ζ’
889 3244 1075 3296 κανόνι
1110 3243 1206 3314 τῆς
1253 3243 1415 3311 ἁγίας
1447 3243 1541 3295 καὶ
1567 3245 1876 3313 οίκουμενι-

1982 3255 2177 3294 nonem
2225 3247 2430 3294 sanctae
2475 3247 2528 3294 et
2574 3237 2931 3294 (ecumenicae
2973 3237 3009 3291 2
3053 3238 3282 3309 synodi,
3321 3239 3439 3294 haec
3483 3236 3552 3291 ad

298 3335 406 3404 κῆς
435 3334 478 3406 β’
508 3335 743 3399 συνόδου,
778 3336 902 3391 τάδε
945 3334 1088 3389 κατά
1120 3334 1271 3408 ῥῆμα
1303 3335 1660 3406 διαλαμϐάνει
1684 3351 1697 3366 ο
1739 3335 1877 3400 Τοὺς

299 3428 759 3499 προστιθεμένους
780 3431 844 3501 τῇ
871 3428 1147 3500 όρθοδοξίᾳ
1173 3430 1268 3482 καὶ
1292 3430 1356 3500 τῇ
1388 3427 1564 3499 μερίδι
1582 3427 1688 3481 τῶν
1715 3427 1879 3492 σωζο-

302 3519 485 3591 μένων
506 3520 614 3573 ἁπδ
637 3519 951 3591 αίρετικῶν,
975 3520 1242 3591 δεχόμεθα
1279 3520 1420 3573 κατά
1443 3518 1537 3590 τὴν
1559 3520 1876 3587 ύποτεταγο

300 3611 474 3682 μένην
503 3612 820 3665 ἀκολουθίαν
859 3629 918 3665 τε
957 3613 1051 3665 καὶ
1081 3613 1388 3685 συνήθειαν,
1429 3612 1744 3682 ’Ᾱρειανοὺς
1777 3612 1877 3682 μὲν

298 3706 398 3759 καὶ
428 3703 858 3767 Μακεδονιανοὺς
889 3705 984 3757 καὶ
1018 3703 1424 3770 Ναϐατιανοὺς,
1458 3704 1584 3768 τοὺς
1621 3704 1878 3774 λέγοντας

297 3797 534 3861 ἑαυτοὺς
567 3797 864 3868 καθαροὺς,
893 3796 986 3850 καὶ
1024 3797 1367 3867 ἀριστεροὺς,
1405 3797 1643 3860 καὶτοὺς
1681 3813 1878 3852 τεσσα-

299 3888 806 3961 ρεσκαιδεκατίτας,
833 3889 950 3958 ἦτοι
976 3887 1310 3958 τετραδίτας,
1343 3886 1510 3957 ἧγουν
1540 3889 1560 3917 ²
1592 3887 1878 3941 Ἀπολιναο

301 3985 557 4054 ριαστάς,
585 3982 850 4053 δεχόμεθα
872 3981 1112 4044 διδόντας
1139 3979 1438 4046 λιϐέλλους,
1485 3979 1580 4033 καὶ
1610 3979 1880 4050 ἀναθεμα-

298 4076 550 4140 τίζοντας
588 4076 768 4129 πᾶσαν
799 4074 1012 4147 αἵρεσιν
1042 4074 1116 4146 μὴ
1153 4072 1458 4146 φρονοῦσαν
1505 4072 1580 4137 ὡς
1610 4075 1798 4143 φρονεῖ
1843 4076 1874 4145 ἡ

302 4165 439 4233 ἁγία
464 4164 555 4219 τοῦ
587 4166 721 4222 Θεοῦ
749 4165 1014 4237 καθολικὴ
1041 4167 1135 4222 καὶ
1169 4165 1504 4236 ἀποστολικὴ
1539 4164 1837 4234 Ἐκκλησία
1860 4179 1874 4194 ⁸

301 4257 781 4329 σφραγιζομένους
823 4260 943 4330 ἦτοι
995 4259 1322 4329 χριομένους
1375 4258 1592 4329 πρῶτον
1635 4255 1712 4326 τῷ
1737 4258 1879 4328 ἁγίῳ

303 4348 467 4418 μύρῳ
499 4349 580 4416 τό,
611 4366 671 4402 τε
703 4349 952 4420 μέτωπον
985 4350 1079 4402 καὶ
1108 4351 1232 4413 τοὺς
1258 4349 1593 4420 ὀφθαλμοὺς,
1645 4349 1741 4403 καὶ
1777 4351 1878 4414 τὰς

303 4441 484 4509 ῥῖνας,
518 4439 612 4493 καὶ
639 4439 699 4492 τὸ
732 4440 927 4509 στόμα,
957 4440 1050 4492 καὶ
1074 4438 1144 4492 τὰ
1181 4434 1317 4493 ὦτα.
1351 4441 1462 4492 Καὶ
1488 4438 1878 4509 σφραγίξοντες

301 4529 524 4595 αὐτοὺς,
551 4529 807 4601 λέγομεν,
834 4531 1076 4601 Σφραγὶς
1103 4531 1310 4602 δωρεᾶς
1353 4531 1663 4600 πνεύματος
1691 4532 1872 4600 ἁγίου.

305 4619 444 4690 Περὶ
506 4619 561 4674 δὲ
616 4621 724 4676 τῶν
782 4621 1271 4686 παυλιανισάντων,
1306 4617 1424 4675 εἶτα
1455 4622 1878 4692 προσφυγόντων

300 4715 371 4783 τῇ
409 4711 668 4784 καθολικῇ
716 4712 1039 4784 Ἐκκλησία,
1072 4715 1196 4785 ὅρος
1224 4714 1550 4782 ὲκτέθειται,
1577 4715 1886 4771 ἀναϐατιτί.

304 4801 496 4867 ζεσθαι
528 4802 728 4865 αὐτοὺς
761 4801 820 4866 eg
851 4801 1111 4866 ἅπαντος.
1139 4804 1508 4874 Εὑνομιανοῦς
1539 4806 1720 4875 μέντοι
1754 4807 1882 4869 τοὺς

303 4895 387 4958 είς
415 4895 545 4962 μίαν
573 4895 872 4949 κατάδυσιν
898 4894 1356 4965 βαπτιζομένους,
1388 4896 1482 4950 καὶ
1505 4897 1882 4962 Μοντανιστάς

302 4983 432 5047 τοὺς
467 4983 706 5037 ἑκταῦθα
729 4983 1058 5056 λεγομένους
1079 4985 1320 5056 Φρύγας,
1347 4986 1441 5039 καὶ
1470 4987 1884 5054 Σαϐελλιανοὺς,

303 5080 433 5142 τοὺς
478 5080 829 5154 υίοπατορίαν
874 5080 1201 5146 δοξάζοντας
1225 5123 1241 5149 ,
1301 5082 1395 5135 καὶ
1435 5081 1599 5154 ἕτερά
1629 5101 1753 5136 τινα
1781 5101 1882 5154 χα-

303 5169 448 5223 λεπὰ
499 5173 784 5236 ποιοῦντας
813 5187 828 5202 °
884 5173 982 5227 καὶ
1040 5170 1220 5236 πάσας
1268 5173 1385 5242 τὰςῖ
1418 5173 1584 5237 ἄλλας
1618 5175 1881 5244 αἱρέσεις,

306 5261 498 5340 ἐπειδὴ
557 5263 742 5317 πολλοί
795 5264 932 5318 είσιν
977 5263 1235 5330 ἐνταῦθα,
1293 5265 1526 5335 μάλιστα
1568 5266 1749 5320 οίάπὺ
1785 5270 1884 5336 τῆς

303 5354 569 5408 Γαλατῶν
606 5354 790 5427 χώρας
818 5355 1153 5428 ὁρμώμενοι,
1186 5356 1394 5421 πάντας
1424 5359 1550 5421 τοὺς
1575 5358 1671 5411 ἀπ’
1703 5359 1880 5412 αὐτῶν

308 5446 565 5510 θέλοντας
596 5447 984 5518 προστίθεσθαι
1014 5450 1082 5520 τῇ
1131 5447 1443 5520 ὀρθοδοξίᾳ,
1496 5449 1571 5512 ὡς
1616 5449 1882 5521 Ἕλληνας

306 5538 573 5608 δεχόμεθα
603 5554 619 5568 ο
660 5539 754 5592 καὶ
777 5537 1128 5611 τὴνπρὼτην
1163 5537 1375 5608 ἡμέραν
1406 5537 1666 5609 ποιοῦμεν
1685 5541 1884 5604 αὐτοὺς

311 5633 692 5701 Κριστιανοὺς,
729 5633 821 5684 καὶ
847 5631 948 5703 τὴν
969 5632 1227 5700 δευτέραν
1251 5633 1717 5703 κατηχουμένους,
1759 5627 1880 5686 εἶτα

1981 3331 2206 3386 verbum
2235 3329 2620 3399 complectitur
2652 3347 2666 3384 :
2707 3329 2832 3392 Eos,
2868 3331 2963 3400 qui
2997 3335 3164 3385 rectae
3190 3330 3257 3384 de
3293 3329 3396 3384 lide
3423 3345 3553 3383 sen-

1980 3425 2165 3481 tentia:
2191 3424 2480 3489 accedunt,
2511 3431 2566 3479 et
2614 3424 2754 3494 parti
2799 3438 3010 3488 eorum,
3035 3417 3131 3493 qui
3171 3437 3240 3478 ex
3283 3423 3553 3478 haereticis

1981 3527 2291 3581 servantur,
2317 3517 2474 3588 juxta
2517 3518 2822 3586 subiectam
2865 3517 3314 3586 consequentiam
3341 3527 3394 3570 et
3422 3529 3549 3570 con-

1979 3612 2328 3667 suetudinem
2370 3611 2718 3680 recipientes,
2749 3609 2981 3664 Arianos
3013 3608 3257 3679 quidem,
3289 3614 3344 3662 et.
3367 3606 3543 3662 Mace-

1980 3703 2270 3770 donianos,
2314 3711 2370 3758 et
2403 3701 2757 3766 Novatianos,
2795 3701 2890 3772 qui
2935 3715 2993 3755 se
3036 3700 3310 3770 καθαροὺς
3351 3697 3429 3771 [id
3469 3703 3554 3758 est

1983 3794 2175 3867 puros]
2215 3795 2511 3865 appellant,
2541 3803 2594 3849 et
2634 3805 2876 3850 tessares
2905 3793 3172 3848 decatitas
3203 3807 3302 3848 seu
3327 3791 3554 3846 tetradi-

1981 3887 2142 3952 ditas,
2164 3894 2217 3941 et
2245 3885 2684 3954 Apollinaristas,
2705 3883 3000 3954 recipimus
3028 3882 3221 3938 dantes
3245 3882 3476 3947 libellos,
3499 3887 3555 3940 et

1979 3991 2197 4032 omnem
2231 3975 2480 4030 hmresim
2507 3972 3052 4037 anathematizantes,
3077 3985 3198 4040 quae
3225 3984 3332 4024 non
3358 3970 3551 4036 sentit,

1980 4079 2042 4125 ut
2062 4066 2228 4125 sentit
2248 4076 2434 4122 sancta
2471 4064 2565 4120 Dei
2599 4061 2928 4118 universalis
2953 4069 3008 4117 et
3029 4059 3330 4130 apostolica
3361 4058 3553 4114 Eccle-

1965 4163 2058 4218 ‘sia
2078 4179 2092 4217 :
2112 4169 2305 4217 saneto
2336 4159 2568 4229 primum
2596 4157 2892 4213 chrismate
2913 4161 2967 4210 et
2987 4153 3243 4219 frontem,
3260 4163 3313 4208 et
3340 4153 3530 4208 oculos

1979 4265 2035 4313 et
2072 4271 2256 4320 nares,
2297 4261 2352 4309 et
2397 4268 2479 4316 os,
2513 4260 2567 4306 et
2633 4264 2796 4304 aures
2855 4247 3254 4318 imprimentes,
3287 4244 3550 4300 dicimus:

1985 4347 2344 4417 Signaculum
2380 4343 2507 4400 doni
2537 4341 2775 4412 Spiritus
2802 4338 3000 4394 sancti.
3038 4339 3108 4392 De
3131 4335 3200 4391 iis
3232 4342 3434 4401 autem,
3457 4335 3554 4404 qui

1978 4442 2230 4499 Pauliani
2265 4451 2474 4497 seetam
2507 4435 2684 4493 secuti
2716 4441 2870 4497 sunt,
2896 4429 3094 4488 deinde
3127 4429 3192 4484 ad
3227 4429 3554 4484 catholicam

1981 4537 2281 4594 Ecclesium
2317 4532 2704 4602 confugerunt,
2747 4537 3007 4584 statutum
3040 4529 3123 4580 est
3173 4529 3230 4578 ut
3261 4522 3298 4577 ii
3330 4521 3556 4576 omnino

1983 4629 2411 4700 rebaptizentur.
2458 4622 2830 4678 Eunomianos
2880 4629 3119 4688 quoque,
3153 4613 3246 4686 qui
3289 4613 3343 4667 in
3389 4626 3552 4666 unam

1983 4720 2386 4777 demersionem
2443 4715 2744 4785 baptizant,
2787 4719 2842 4766 et
2889 4707 3280 4771 Montanistas,
3322 4704 3418 4776 qui
3466 4703 3556 4758 hic

1983 4811 2245 4866 dicuntur
2281 4807 2549 4877 Phryges,
2574 4813 2627 4858 et
2659 4801 3024 4866 Sabellianos,
3057 4797 3149 4869 qui
3179 4795 3376 4851 Filium
3411 4795 3552 4849 idem

1984 4918 2106 4958 esse
2142 4913 2270 4956 cum
2301 4899 2464 4953 Patre
2505 4894 2846 4957 existimant,
2875 4900 2928 4948 et
2954 4891 3060 4947 alia
3093 4890 3338 4960 quaedam
3369 4887 3554 4958 gravia

1985 4991 2227 5053 iaciunt,
2273 4996 2327 5044 et
2366 5001 2558 5042 omnes
2603 4983 2740 5041 alias
2787 4983 3055 5046 haereses,
3096 4981 3352 5052 quoniam
3399 4976 3557 5033 multi

1986 5083 2074 5137 hic
2131 5089 2297 5146 sunt,
2350 5085 2404 5135 et
2442 5077 2681 5132 maxime
2729 5075 2822 5144 qui
2868 5089 2934 5130 ex
2981 5071 3292 5127 Galatarum
3334 5071 3557 5141 regione

1985 5172 2212 5244 proiecti
2247 5178 2374 5225 sunt
2408 5186 2422 5223 :
2457 5181 2648 5224 omnes
2679 5166 2860 5230 exiis,
2891 5165 2985 5235 qui
3019 5165 3086 5219 ad
3118 5171 3322 5219 rectam
3356 5161 3424 5216 de
3453 5161 3557 5216 (ide

1986 5261 2312 5320 sententiam
2335 5260 2525 5315 volunt
2557 5258 2843 5322 accedere,
2869 5255 3164 5324 recipimus
3189 5263 3246 5306 ιιι
3271 5252 3488 5307 ϐιαιως
3503 5260 3551 5306 ν.

1986 5355 2053 5410 Et
2103 5355 2286 5427 primo
2315 5353 2538 5425 quidem
2585 5351 2712 5417 die,
2765 5366 2861 5407 eos
2907 5348 3251 5405 Christianos
3287 5343 3556 5409 facimus,

1987 5447 2228 5505 secundo
2262 5455 2465 5511 autem,
2498 5445 2952 5506 catechumenos,
2988 5440 3183 5496 deinde
3243 5436 3424 5502 tertio,
3456 5435 3550 5490 ad.

1980 5540 2257 5611 juramus,
2285 5537 2450 5594 simul
2475 5537 2638 5592 etiam
2666 5545 2750 5590 ter
2784 5534 2840 5588 in
2871 5533 3066 5588 faciem
3105 5539 3159 5584 et
3185 5541 3347 5583 aures
3377 5527 3554 5596 inspi-

1984 5639 2170 5684 rantes
2206 5646 2221 5684 :
2254 5635 2310 5684 et
2343 5629 2421 5684 sic
2449 5627 2755 5693 initiamus,
2783 5630 2839 5680 et
2865 5622 2958 5677 diu
2989 5621 3046 5676 in
3074 5617 3308 5677 ecclesia
3348 5616 3558 5674 versari

1567 5808 1805 5868 VARIIE
1834 5809 2237 5870 LECTIONES.

379 5919 401 5944 ε
434 5907 643 5976 fraude.
725 5915 752 5956 Ρ
790 5921 1044 5975 paganos.
