3822 6580
401 414 546 482 1063

1663 413 1694 474 J
1706 411 1800 473 US
1838 409 2122 472 CANONI
2129 412 2289 473 CUM

3505 415 3618 483 1064

396 544 451 589 et
487 531 801 602 Scripturas
854 529 1045 586 audire
1085 528 1339 595 facimus,
1365 535 1420 584 et
1449 534 1584 582 tunc
1615 526 1766 597 ipsos
1795 526 1975 596 bapti-

2083 528 2174 581 καὶ
2216 527 2314 598 τὴν
2369 525 2562 598 τρίτην
2593 524 3079 598 ὲξορκιζομένους,
3111 524 3252 598 μετά
3280 525 3373 580 τοῦ
3405 528 3617 606 ὲμφυσᾷν

398 638 610 680 zamus.
659 620 971 687 Quinetiam
1033 619 1384 685 Manichaaos,
1439 625 1494 673 et
1539 617 1977 685 Valentinianos,

399 727 453 771 et
499 714 904 775 Marcionistas,
932 718 988 766 et
1015 711 1222 767 similes
1265 709 1578 766 hareticos.
1622 707 1980 764 Nestorianos

399 815 582 861 autem
629 809 850 874 oportet
899 801 1116 857 libellos
1167 801 1369 867 facere,
1420 807 1476 856 et
1526 799 1775 854 haeresim
1823 813 1980 853 suam

399 895 910 958 anathematizato,
956 902 1012 948 et
1051 893 1359 947 Nestorium
1388 933 1403 958 ,
1448 899 1500 948 et
1551 891 1869 962 Eutychen,
1927 897 1984 944 et

401 987 747 1050 Dioscorum,
774 993 829 1040 et
875 984 1162 1048 Severum,
1190 991 1244 1039 et
1292 985 1533 1053 reliquos
1571 983 1762 1036 talium
1808 981 1981 1036 haere-

397 1093 527 1133 seon
561 1077 862 1147 principes,
893 1085 946 1132 et
973 1076 1067 1147 qui
1099 1077 1312 1144 eadem,
1344 1092 1468 1147 qua:
1497 1075 1600 1140 illi,
1625 1075 1894 1136 sentiunt,
1927 1080 1984 1126 et

397 1183 589 1224 omnes
641 1167 937 1237 praedictas
1015 1166 1253 1223 haereses
1287 1206 1301 1233 ,
1349 1173 1404 1220 et
1461 1168 1542 1222 sic
1595 1181 1718 1222 esse
1773 1177 1978 1222 sanctas

396 1258 806 1315 communionis
835 1259 1156 1327 participes.
1183 1258 1376 1329 Itaque
1416 1257 1573 1328 juxta
1604 1258 1832 1314 canonis
1877 1259 1981 1314 hu-

391 1347 484 1415 jus
520 1357 767 1403 tenorem
799 1348 892 1402 alii
924 1347 1144 1418 quidem
1193 1348 1436 1404 haaretici
1484 1349 1705 1403 lavacro
1732 1349 1979 1404 sanctiﬁ-

399 1445 617 1502 cantur,
649 1439 740 1494 alii
771 1448 954 1494 autem
1001 1449 1193 1497 sancto
1229 1439 1498 1496 duntaxat
1526 1449 1806 1512 unguento
1842 1456 1979 1496 con-

396 1536 707 1584 secrantur.

2080 621 2261 692 τρίτον
2290 620 2369 683 εἰς
2393 619 2452 672 τὸ
2477 620 2790 690 πρόσωπον,
2823 622 2917 676 καὶ
2942 622 3023 685 εἰς
3051 620 3122 675 τὰ
3176 615 3290 675 ὦτα
3313 637 3329 652 ⁶
3366 623 3456 677 καὶ
3479 625 3620 695 οὕτως

2083 708 2449 780 κατηχοῦμεν,
2481 710 2576 763 καὶ
2603 709 2863 781 ποιοῦμεν
2906 711 3178 782 χρονίζειν
3222 713 3302 776 είς
3334 712 3429 785 τὴν
3454 717 3622 790 ἐκκλη-

2086 801 2228 866 σίαν,
2255 802 2349 855 καὶ
2373 801 2678 871 ἀκροᾶσθαι
2711 801 2822 854 τῶν
2866 802 3102 872 Γραφῶν
3127 818 3143 834 ο
3183 803 3280 856 καὶ
3314 803 3431 857 τότε
3461 808 3625 874 αὐτοὺς

2087 891 2445 962 βαπτίζομεν.
2491 893 2600 946 Καὶ
2629 892 2757 956 τοὺς
2791 893 3129 962 Μανιχαίους
3166 892 3244 960 δὲ,
3277 894 3375 948 καὶ
3399 898 3508 961 τοὺς
3536 900 3621 954 Γα-

2084 983 2445 1046 λεντινιανοὺς
2474 982 2544 1046 ⁸⁸,
2565 983 2660 1038 καὶ
2683 984 2810 1047 τοὺς
2833 983 3288 1056 Μαρκιωνιστὰς,
3325 986 3417 1038 καὶ
3446 991 3552 1054 τοὺς
3575 993 3625 1046 ὲκ

2084 1071 2194 1125 τῶν
2216 1071 2418 1140 ὁμοίων
2446 1072 2737 1144 αίρέσεων,
2783 1072 2912 1136 τοὺς
2953 1073 3379 1144 Νεστοριανοῦς,
3421 1079 3513 1148 χρὴ
3531 1097 3622 1133 ποι·

2082 1167 2161 1218 εῖν
2185 1164 2480 1229 λιδὲλλους,
2514 1165 2610 1219 καὶ
2633 1164 3060 1236 ἀναθεματίζειν
3088 1167 3187 1237 τὴν
3222 1167 3436 1236 αἵρεσιν
3459 1170 3624 1239 αὐτῶν,

2079 1256 2175 1310 καὶ
2222 1257 2544 1326 Νεστόριον,
2588 1258 2686 1310 καὶ
2735 1256 3005 1327 Εὑτυχέα,
3063 1257 3160 1311 καὶ
3211 1259 3513 1329 Διόσκορον,
3550 1264 3625 1316 καὶ

2076 1347 2338 1418 Σεόῆρον,
2378 1349 2475 1401 καὶ
2527 1348 2651 1412 τοὺς
2693 1348 2916 1414 λοιποὺς
2951 1349 3213 1420 ἐξάρχους
3248 1350 3358 1403 τῶν
3410 1351 3626 1407 τοιούτων

2075 1441 2367 1509 αἱρέσεων,
2427 1439 2522 1493 καὶ
2556 1440 2684 1502 τοὺς
2716 1439 3054 1508 φρονοῦντας
3083 1441 3152 1494 τὰ
3191 1440 3400 1504 αὐτῶν,
3436 1444 3518 1493 καὶ⁵
3543 1445 3625 1496 πά-

2076 1549 2175 1595 σας
2242 1531 2764 1601 προσαναφυομένας
2805 1533 3082 1603 αίρέσεις’
3114 1533 3210 1586 καὶ
3251 1531 3429 1596 οὕτως
3487 1552 3624 1603 μετα-

393 1621 693 1692 λαμϐάνειν
719 1623 816 1694 τῆς
855 1623 1016 1692 ἁγίας
1047 1624 1353 1689 κοινωνίας.
1389 1624 1548 1679 Κατὰ
1574 1625 1704 1694 γοῦν
1731 1623 1831 1694 τὴν
1861 1624 1954 1679 τοῦ
1994 1625 2237 1678 τοιούτου
2268 1625 2496 1688 κανόνος
2524 1624 2836 1695 περίληψιν,
2906 1626 2957 1677 οἱ
3023 1623 3123 1694 μὲν
3159 1624 3269 1678 τῶν
3332 1625 3626 1695 αίρεσιωτῶν

395 1717 482 1771 διὰ
528 1717 904 1788 βαπτίσματος
941 1720 1278 1787 ἁγιάζονται,
1334 1721 1384 1773 οἰ
1424 1719 1482 1772 δὲ
1525 1719 1615 1773 διά
1670 1721 1833 1789 μόνου
1877 1721 1970 1774 τοῦ
2011 1719 2166 1788 ἁγίου
2201 1719 2373 1790 μύρου
2400 1719 2752 1772 τελειοῦνται.

470 1813 642 1868 Inter.
682 1813 772 1868 50.
811 1813 871 1869 Si
918 1815 1214 1872 haereticus
1265 1816 1524 1871 sacerdos
1574 1816 1660 1869 vel
1711 1816 1980 1872 diaconus
2013 1823 2053 1877 Β

397 1905 599 1974 dignus
651 1905 873 1961 habitus
923 1905 1110 1960 divino
1158 1914 1212 1960 et
1261 1916 1456 1961 sancto
1501 1905 1853 1975 baptismate,
1896 1905 1981 1959 vel

399 2011 496 2065 per
531 2003 780 2049 sanctam
814 1996 1127 2050 unctionem
1170 1996 1550 2052 sanctiﬁcatus
1592 1997 1684 2060 sit,
1723 1996 1981 2052 licebitne

397 2085 448 2139 ei
490 2099 649 2139 sacra
696 2083 876 2139 lacere
919 2099 1042 2138 cum
1080 2085 1265 2153 priore
1317 2085 1690 2152 ordinatione,
1737 2101 1806 2141 an
1849 2101 1981 2142 vero

399 2176 446 2231 si
486 2189 641 2230 sacra
670 2176 986 2230 ministrare
1015 2176 1163 2240 velit,
1213 2177 1500 2233 iterabitur
1529 2179 1648 2246 ejus
1677 2179 1982 2234 ordinatio?

472 2265 598 2319 Res.
633 2264 822 2319 Canon
862 2265 930 2320 80
964 2275 1279 2321 sanctorum
1331 2270 1701 2338 apostolorum
1739 2284 1855 2337 eos,
1885 2269 1978 2340 qui

398 2374 464 2415 ex
506 2372 718 2428 pagana
763 2358 872 2412 vita
914 2357 981 2412 ad
1024 2359 1386 2414 orthodoxam
1433 2361 1595 2417 ﬁdem
1631 2361 1897 2416 accedunt
1927 2369 1982 2417 et

400 2455 776 2527 baptizantur,
806 2453 1172 2525 episcopalem
1213 2455 1377 2510 etiam
1409 2454 1727 2526 dignitatem
1760 2470 1979 2525 prome-

400 2547 506 2601 reri
539 2545 751 2600 deliuit.
784 2544 975 2600 Priore
1018 2546 1187 2616 igitur
1229 2547 1540 2602 sacerdotio
1582 2561 1681 2616 pro
1710 2548 1978 2616 sacrilego

400 2637 610 2704 habito,
637 2648 692 2693 et
741 2653 840 2708 pro
885 2654 995 2693 non
1046 2638 1216 2704 facto,
1248 2640 1293 2694 si
1341 2654 1468 2695 cum
1511 2641 1776 2695 canonica
1813 2640 1982 2696 disci-

398 2729 547 2799 plina
583 2728 880 2798 judicatus,
910 2729 1002 2799 qui
1041 2730 1124 2785 sic
1168 2729 1334 2784 fuerit
1360 2731 1704 2788 orthodoxus
1733 2730 1978 2799 eﬂ'ectus,

399 2831 454 2878 et
499 2837 621 2876 cum
672 2831 822 2877 esset
863 2821 1159 2891 aliquando
1201 2821 1462 2891 prolanus
1491 2821 1769 2889 sacerdos,
1801 2823 1856 2876 in
1884 2837 1980 2893 po-

2167 1813 2493 1883 Ἐρώτησις
2522 1811 2600 1868 λ’.
2647 1813 2774 1866 Ἐὰν
2812 1814 3105 1885 αἱρετικὸς,
3163 1812 3368 1884 ίερεὺς,
3413 1813 3443 1883 ἢ
3476 1814 3626 1869 διάκο-

2087 1923 2196 1971 νος,
2232 1905 2435 1976 ἀξιωθῇ
2463 1903 2559 1958 τοῦ
2612 1903 2759 1958 θείου
2787 1905 2880 1957 καὶ
2903 1905 3061 1972 ἁγίου
3090 1905 3534 1976 βαπτίσματος,ἢ
3558 1907 3628 1960 διὰ

2086 1996 2175 2051 τοῦ
2205 1995 2361 2065 ἁγίου
2401 1995 2576 2067 μύρου
2612 1996 2847 2067 ἁγιασθῇ
2869 2036 2886 2061 ,
2933 1997 3142 2048 ὲσεῖται
3182 1998 3482 2068 ίερουργὼν
3516 2001 3629 2066 μετά

2085 2089 2184 2159 τῆς
2216 2088 2488 2159 προτέρας
2519 2087 2857 2158 χειροτονίας
2897 2087 3086 2154 αὐτοῦ,
3118 2086 3150 2158 ἢ
3182 2087 3382 2159 ἑτέρας
3407 2087 3629 2162 ἀξιωθείη

2086 2179 2441 2250 χειροτονίας,
2471 2178 2567 2231 ὲὰν
2597 2178 2800 2252 θελήσῃ
2829 2179 3162 2249 ίερουργεῖνς

2175 2270 2295 2323 Ἀπ.
2339 2267 2400 2322 '0
2417 2267 2528 2322 τῶν
2563 2267 2735 2337 ἁγίων
2787 2268 3102 2322 ἀποστόλων
3132 2266 3187 2322 π’
3215 2269 3405 2324 κανὼν
3442 2271 3554 2335 τοὺς
3583 2273 3630 2338 ἐξ

2085 2361 2299 2416 ὲθνικοῦ
2333 2361 2448 2431 βίου
2480 2360 2878 2432 προσελθόντας
2939 2365 3006 2432 τῇ
3045 2363 3314 2434 ὁρθοδόξῳ
3352 2362 3523 2418 πίστει
3554 2367 3633 2420 καὶ

2087 2452 2500 2523 βαπτισθέντας,
2527 2453 2622 2506 καὶ
2645 2453 3007 2507 ὲπισκοπικοῦ
3031 2453 3350 2523 ἀξιώματος
3381 2456 3632 2521 καταξιοῦ-

2086 2543 2212 2597 σθαι
2235 2543 2548 2615 διορίζεται.
2573 2544 2684 2614 Τῆς
2715 2541 2846 2611 γοῦν
2876 2543 3151 2613 προτέρας
3186 2544 3502 2615 ἱερωσύνης,
3527 2562 3632 2614 μιαν

2090 2635 2339 2708 ρωσὺνης
2397 2635 2778 2706 νομιζομένης,
2805 2636 2900 2688 καὶ
2920 2635 2994 2699 ὡς
3018 2636 3093 2706 μὴ
3131 2637 3428 2706 γινομένης
3455 2637 3629 2706 λογιζο-

2089 2728 2280 2798 μένης,
2321 2725 2416 2780 ὲάν
2465 2727 2605 2796 μετὰ
2634 2727 2733 2797 τῆς
2764 2727 3057 2797 κανονικῆς
3097 2727 3396 2798 ἀκριϐείας
3433 2730 3632 2801 ἀνακριο

2087 2820 2307 2890 νόμενος
2340 2821 2368 2872 ὁ
2394 2817 2566 2882 οὕτως
2593 2818 2976 2891 ὀρθοδοξήσας,
3029 2818 3125 2872 καὶ
3163 2819 3239 2873 ῶν
3272 2837 3404 2874 ποτε
3437 2820 3634 2891 βέϐηλος

399 2913 628 2968 steriorc
671 2913 781 2967 vita
827 2927 924 2968 sua
979 2912 1366 2968 indemnabilis
1415 2913 1749 2983 apparuerit,
1782 2913 1975 2984 dignus

2087 2906 2289 2976 ἱερεὺς,
2345 2907 2474 2976 περὶ
2518 2906 2613 2959 τοῦ
2652 2909 2882 2979 ὑστέρου
2921 2907 3088 2962 αὑτοῦ
3134 2908 3251 2979 βίου
3287 2910 3632 2982 ἀκατάκριτος

398 3013 689 3060 censeatur
732 3019 843 3059 non
891 3005 1219 3061 sacerdotali
1264 3006 1440 3069 solum
1471 3005 1758 3076 dignitate,
1791 3004 1887 3062 sed
1923 3012 1975 3061 et

2084 2999 2401 3071 ἀναφανείη,
2431 2998 2686 3069 ἀξιωθείη
2712 3000 2772 3053 οὑ
2808 2999 2970 3070 μόνον
3000 3002 3278 3072 ίερατικοῦ
3326 3003 3629 3073 ἀξιώματος,

398 3096 719 3166 episcopali,
752 3111 850 3166 per
877 3104 1173 3152 consuetos
1203 3097 1431 3153 omnino
1456 3097 1658 3168 gradus
1683 3097 1752 3153 ad
1783 3099 1975 3153 docto-

2084 3091 2219 3144 ἀλλά
2266 3091 2360 3144 καὶ
2410 3091 2792 3158 ἑπισκοπικοῦ,
2843 3092 2933 3146 διὰ
2984 3093 3097 3147 τῶν
3147 3095 3399 3164 συνήθων
3445 3095 3633 3159 ἰηιςιὶντιιιι⁸

397 3185 533 3238 riam
568 3194 852 3254 promotus
877 3186 1291 3241 sublimitatem.

473 3274 643 3332 Inter.
696 3277 785 3332 3t.
837 3277 896 3333 Si
945 3278 1207 3343 haeretici,
1263 3277 1362 3349 qui
1409 3277 1476 3334 ad
1542 3277 1970 3336 orthodoxorum

399 3367 562 3424 ﬁdem
610 3371 866 3436 accessit,
912 3387 1051 3427 uxor
1096 3383 1149 3428 et
1189 3373 1369 3436 liberi,
1404 3374 1489 3430 vel
1518 3376 1682 3431 etiam
1718 3375 1809 3431 alii
1851 3375 1974 3446 ejus

399 3457 699 3514 familiares
739 3468 794 3514 et
840 3461 1150 3528 domestici,
1198 3478 1306 3517 non
1351 3465 1483 3520 liant
1529 3466 1844 3532 orthodoxi,
1875 3464 1974 3521 sed

398 3547 708 3604 inhaereant
752 3552 924 3620 priori
972 3552 1191 3619 haeresi,
1239 3570 1308 3610 an
1355 3557 1736 3626 prohibebitur
1777 3560 1848 3625 is,
1879 3557 1976 3628 qui

399 3641 482 3712 (ut
512 3642 776 3714 diximus)
827 3643 1155 3714 baptismate
1187 3647 1436 3706 initiatus
1481 3661 1587 3717 est,
1621 3651 1687 3705 ad
1714 3651 1976 3707 sacerdo-

399 3733 560 3788 talem
609 3735 691 3789 vel
734 3736 1052 3808 episcopum
1100 3741 1400 3796 ascendere
1440 3740 1670 3812 gradum
1701 3758 1716 3797 :
1745 3757 1814 3796 an
1844 3757 1974 3799 vero

399 3835 623 3895 propter
667 3826 886 3884 illorum
919 3816 1184 3886 malitiam
1231 3842 1288 3888 et
1321 3833 1436 3904 ipse
1477 3835 1573 3892 tali
1609 3836 1757 3892 bono
1793 3836 1976 3908 priva-

401 3914 581 3971 bitur?

467 4005 588 4062 Res.
651 4007 840 4066 Canon
891 4012 1113 4082 quidem
1159 4015 1228 4071 39
1279 4017 1473 4088 synodi
1523 4017 1974 4091 Carthaginensis

400 4099 500 4163 ait,
533 4109 592 4155 ut
621 4102 886 4174 episcopi,
915 4115 971 4161 et
1000 4107 1324 4179 presbyteri,
1356 4119 1410 4164 et
1436 4110 1650 4167 diaconi
1681 4129 1789 4170 non
1822 4115 1975 4171 ordi-

394 4200 616 4259 nentur,
654 4195 974 4266 priusquam
1006 4213 1198 4254 ornnes
1227 4200 1320 4269 qui
1346 4210 1476 4256 sunt
1507 4203 1560 4258 in
1589 4206 1706 4261 suis
1737 4207 1972 4274 aedibus,

395 4285 743 4344 Christianos
806 4287 1148 4346 orthodoxos
1217 4291 1468 4349 fecerint.
1533 4296 1720 4353 Canon
1789 4305 1972 4354 autem

393 4377 462 4430 72
502 4387 707 4434 sanctae
743 4387 797 4435 et
836 4381 1192 4438 tneumenicte
1222 4384 1276 4440 in
1308 4385 1499 4443 Trullo
1536 4389 1732 4461 synodi
1773 4390 1888 4446 haec
1916 4391 1972 4446 in

2005 3173 2048 3232 C
2083 3184 2308 3256 βαθμῶν
2341 3187 2422 3248 είς
2456 3185 2516 3238 τὸ
2549 3185 2925 3240 διδασκαλικὸν
2957 3185 3090 3256 ὕψος
3123 3187 3479 3257 ἀναγόμενος.

2159 3275 2482 3344 Ἐρώτησις
2507 3274 2621 3331 λα’.
2653 3275 2780 3330 Ἐὰν
2809 3276 2903 3330 τοῦ
2947 3277 3340 3346 προσελθόντος
3367 3281 3431 3350 τῇ
3476 3279 3636 3332 πίστει

2076 3367 2184 3422 τῶν
2209 3368 2505 3439 όρθοδόξων
2527 3368 2806 3439 αίρετικοῦ
2829 3371 2861 3439 ἡ
2892 3369 3057 3440 γυνὴ.
3095 3370 3188 3422 καὶ
3214 3371 3264 3422 οἱ
3286 3371 3490 3436 παῖδες,
3508 3371 3538 3441 ἢ
3556 3373 3637 3424 καὶ

2075 3460 2252 3531 ἕτεροι
2276 3459 2450 3529 τούτῳ
2471 3459 2857 3514 συνέστιοικαὶ
2895 3461 3273 3529 συγκάτοικοι,
3307 3463 3410 3515 οὺχ
3447 3463 3638 3534 690050-

2077 3552 2350 3623 ξήσουσιν,
2398 3550 2514 3605 ἀλλ’
2542 3550 2817 3623 ἑξέχονται
2843 3553 2940 3623 τῆς
2975 3553 3249 3624 προτέρας
3279 3553 3559 3626 αἱρέσεως,
3585 3555 3635 3608 οὗ

2076 3646 2446 3718 κωλυθήσεται
2479 3647 2508 3699 ὀ
2561 3647 2894 3714 τελειωθεὶς,
2938 3647 3015 3713 ὡς
3041 3650 3282 3720 είρηται,
3314 3650 3401 3704 διὰ
3434 3651 3527 3703 τοῦ
3557 3649 3641 3719 βαε-

2075 3738 2421 3808 πτίσματος,
2479 3739 2559 3802 είς
2611 3739 2891 3810 ίερατικέιν
2941 3739 3150 3811 βαθμὸν
3203 3741 3237 3812 ἢ
3297 3741 3639 3794 ὲπισκοπικδν

2075 3829 2320 3884 ἀνελθεῖν
2346 3846 2359 3884 τ
2401 3829 2434 3902 ἢ
2457 3829 2546 3884 διὰ
2567 3828 2664 3900 τὴν
2689 3829 2914 3885 ἐκείνων
2946 3830 3147 3886 κακίαν
3173 3831 3268 3886 καὶ
3295 3829 3639 3895 αὑτὺςτοσού-

2074 3937 2168 3975 του
2195 3920 2396 3990 ἀγαθοῦ
2431 3921 2782 3993 ἀποστερηθῇ
2811 3939 2824 3984 ;

2159 4014 2287 4068 Ἀπί.
2358 4011 2416 4067 ’0
2458 4011 2558 4082 μὲν
2599 4011 2690 4079 λς’
2721 4012 2901 4068 κανὼν
2926 4013 3025 4085 τῆς
3053 4014 3110 4069 ἐν
3155 4015 3492 4086 Καρθαγένῃ
3528 4029 3638 4068 συν-

2075 4103 2218 4170 όδου,
2252 4104 2440 4175 φησὶν,
2475 4103 2810 4159 Ἐπίσκοπον
2836 4105 2930 4160 καὶ
2963 4104 3336 4177 πρεσῦῦτερον
3366 4108 3462 4160 καὶ⁵
3480 4105 3640 4159 διάκο-

2074 4211 2163 4250 νον
2196 4195 2271 4266 μὴ
2309 4195 2736 4266 χειροτονεῖσθαι
2779 4195 2911 4268 πρὶν
2948 4197 3160 4261 πάντας
3179 4199 3309 4262 τοὺς
3331 4200 3386 4251 ὲν
3410 4198 3488 4268 τῷ
3515 4199 3636 4266 οίκῳ

2074 4290 2252 4345 αὐτῶν
2281 4289 2589 4361 ὀρθοδόξους
2615 4291 2976 4359 Χριστιανοὺς
3001 4293 3346 4364 ποιήσουσιν.
3409 4292 3469 4348 '0
3507 4293 3560 4346 δὲ
3595 4288 3637 4360 β’

2073 4380 2256 4437 κανὼν
2293 4383 2394 4453 τῆς
2437 4383 2494 4435 ὲν
2533 4383 2612 4452 τῷ
2653 4382 2906 4454 Τρούλλῳ
2945 4385 3110 4452 ἁγίας
3142 4386 3237 4438 καὶ
3260 4384 3636 4454 οἰκουμενικῆς

394 4480 548 4540 parte
603 4471 798 4526 deﬁnit
849 4473 1154 4542 expressim
1213 4493 1227 4529 :
1279 4477 1337 4532 Si
1387 4488 1572 4535 autem
1630 4482 1822 4552 aliqui,
1877 4482 1971 4564 qui

2083 4475 2294 4531 συνόδου
2315 4475 2610 4545 διορίζεται
2639 4477 2696 4529 ὲν
2723 4476 2880 4546 μέρει
2908 4475 3082 4530 ταῦτα
3111 4477 3312 4548 ρητῶς,
3335 4477 3394 4530 Ei
3421 4477 3480 4530 δέ
3505 4491 3639 4537 τινες

396 4564 577 4619 adhuc
621 4573 752 4619 sunt
801 4564 1066 4630 inﬁdeles,
1099 4575 1152 4622 et
1196 4569 1249 4624 in
1293 4571 1724 4628 orthodoxorum
1753 4591 1967 4645 gregem

391 4653 635 4708 nondum
671 4653 829 4708 relati
872 4665 1020 4721 sunt,
1052 4657 1190 4714 inter
1237 4676 1296 4717 se
1343 4663 1588 4732 legitimo
1620 4672 1748 4720 sunt
1777 4666 1968 4720 matri-

393 4745 580 4800 monio
622 4745 905 4813 conjuncti
955 4767 969 4803 :
1014 4749 1213 4807 deinde
1259 4752 1350 4807 hic
1402 4754 1621 4824 quidem
1669 4771 1775 4824 eo,
1821 4757 1967 4827 quod

388 4844 473 4891 est
511 4837 864 4907 honestuum,
900 4841 1097 4910 electo,
1131 4843 1198 4898 ad
1228 4844 1400 4900 lucem
1431 4847 1682 4904 veritatis
1710 4862 1966 4905 accurre-

388 4927 460 4980 rit
502 4944 516 4981 :
567 4928 658 4983 ille
686 4944 814 4984 vero
853 4933 1063 4990 erroris
1093 4933 1310 4990 vinculo
1349 4936 1604 4993 detentus
1637 4937 1823 5005 fuerit,
1861 4953 1965 4994 no-

387 5018 507 5073 lens
559 5019 776 5077 divinos
831 5024 1016 5080 radios
1060 5024 1184 5081 lixis
1229 5027 1405 5083 oculis
1465 5029 1685 5094 intueri,
1725 5037 1779 5085 et
1817 5030 1962 5085 ﬁdeli

387 5110 598 5180 placeat
645 5128 769 5166 cum
819 5114 1022 5170 infideli
1071 5118 1408 5183 cohabitare,
1473 5135 1541 5175 ne
1571 5135 1600 5175 a
1635 5136 1694 5176 se
1727 5121 1961 5176 invicem

390 5211 736 5268 separentur.
771 5202 849 5257 Ex
880 5205 1048 5261 divini
1077 5208 1217 5262 enim
1247 5208 1402 5264 Pauli
1434 5211 1723 5277 sententia,
1756 5213 1963 5268 sancti-

387 5290 582 5349 ﬁcatus
599 5305 682 5350 est
704 5298 786 5351 vir
821 5298 1057 5355 inﬁdelis
1086 5301 1138 5354 in
1163 5301 1412 5367 muliere,
1434 5311 1488 5358 et
1515 5304 1852 5360 sanetiﬁcata
1878 5313 1964 5362 est

390 5385 590 5441 mulier
619 5387 854 5445 inlidelis
883 5389 938 5444 in
973 5392 1112 5444 viro.
1143 5391 1598 5451 Conlrarietatem
1625 5396 1792 5466 igitur
1817 5395 1952 5451 duo-

383 5491 502 5530 rum
555 5494 848 5546 canonum,
895 5497 1017 5552 quae
1067 5497 1192 5539 esse
1239 5485 1478 5553 videtur,
1527 5489 1790 5544 canonice
1841 5488 1956 5542 sol-

2076 4566 2156 4620 ἔτι
2194 4567 2251 4619 ὲν
2290 4567 2356 4636 τῇ
2391 4565 2616 4636 ἀπιστίᾳ
2665 4565 3046 4635 τυγχάνοντες,
3089 4568 3185 4620 καὶ
3240 4566 3389 4619 οὗπω
3437 4568 3506 4637 τῇ
3539 4565 3640 4618 τῶν

2068 4655 2365 4725 ὀρθοδόξων
2411 4654 2874 4724 ἐγκαταλεγέντες
2906 4656 3134 4728 ποίμνῃ,
3187 4657 3440 4728 ἀλλήλοις
3484 4656 3640 4726 γάμῳ

2067 4748 2284 4819 νομίμῳ
2327 4748 2685 4819 ήρμόσθησαν
2713 4765 2728 4781 ο
2762 4744 2881 4802 εἶτα
2913 4750 2940 4802 ὁ
2971 4750 3073 4820 μὲν
3125 4751 3188 4804 τὸ
3231 4751 3391 4806 καλὸν
3426 4751 3641 4816 ἐκλεξά-

2070 4857 2249 4910 μενος,
2296 4839 2372 4908 τῷ
2423 4840 2562 4908 φωτὶ
2603 4839 2700 4911 τῆς
2744 4840 3005 4910 ἀληθείας
3070 4844 3452 4914 προσέδραμεν
3482 4861 3499 4876 ·
3533 4844 3561 4896 ὁ
3589 4843 3640 4895 δὲ

2067 4931 2171 4984 ὑπὸ
2199 4931 2292 4985 τοῦ
2322 4931 2421 5000 τῆς
2447 4930 2655 5000 πλάνης
2684 4932 2993 5003 κατεσχέθη
3019 4934 3240 5005 δεσμοῦ,
3275 4936 3349 5007 μὴ
3374 4935 3519 5006 πρὸς
3550 4936 3638 4996 τὰς

2066 5022 2213 5087 θείας
2263 5023 2509 5077 ἀτενίσαι
2556 5025 2779 5086 ἀκτῖνας
2833 5026 3130 5095 ἑλόμενος·
3197 5027 3407 5080 εὐδοκεῖ
3457 5028 3518 5080 δὲ
3566 5025 3637 5093 τῷ

2067 5113 2300 5186 πιστῷή
2335 5114 2583 5181 ἄπιστος,
2618 5115 2651 5187 ἢ
2681 5115 2742 5169 τὸ
2776 5114 3004 5170 ἔκπαλῑν
3040 5119 3068 5170 ὁ
3099 5116 3324 5180 ἄπιστος
3370 5115 3636 5167 συνοικεῖν

2063 5211 2130 5280 τῇ
2175 5209 2340 5278 πιστῇ
2373 5223 2388 5239 ο
2432 5205 2507 5277 μὴ
2536 5205 2879 5278 χωριζέσθω,
2911 5207 3053 5262 κατὰ
3100 5208 3192 5261 τὸν
3241 5207 3374 5262 θεῖον
3399 5207 3637 5260 ἀπόστο-

2063 5300 2174 5354 λον.
2245 5298 2534 5367 Ἦγίασται
2582 5300 2691 5369 γὰρ
2720 5301 2748 5352 ὁ
2781 5299 3010 5363 ἄπιστος
3043 5301 3180 5371 ἀνὴρ
3211 5301 3268 5353 ὲν
3297 5300 3358 5370 τῇ
3386 5296 3635 5365 γυναικὶ,

2071 5393 2104 5464 ἢ
2140 5391 2397 5462 ἡγίασται
2431 5391 2464 5461 ή
2499 5390 2728 5454 ἄπιστος
2757 5392 2894 5463 γυνὴ
2935 5393 2992 5446 ἐν
3027 5390 3103 5461 τῷ
3142 5391 3320 5462 ἀνδρί.
3356 5389 3474 5462 Τὴν
3508 5391 3634 5442 ἀνα-

2065 5484 2396 5555 φαινομένην
2439 5481 2532 5537 οῦν
2559 5483 2910 5555 ἐναντιότητα
2966 5483 3077 5539 τῶν
3107 5483 3200 5538 δύο
3241 5483 3443 5537 τούτων
3477 5477 3633 5536 κανό-

1677 5641 1916 5698 VARI/IS
1947 5640 2366 5699 LECTIONES.

452 5725 496 5756 ‘°
522 5725 982 5790 Βαλιντινιανούς.
1013 5718 1016 5722 ’

448 5843 644 5913 (ιίμιοά
691 5842 880 5896 bonum
932 5855 1028 5899 est.
