3948 6572
241 409 366 474 1065

1500 406 2200 471 ϐΒίΕΟΟἮΟΜΑΝΗΜ.

3337 411 3473 476 1066

239 543 335 582 νων
370 521 664 586 κανονικῶς
686 522 928 589 λύοντες,
957 522 1187 594 λέγομεν
1217 523 1318 590 ὅτι,
1351 524 1379 576 ὁ
1405 526 1501 594 μὲν
1535 528 1598 578 ἐκ
1646 543 1795 594 γενε-

1912 537 2116 591 ventes,
2155 525 2394 584 dicimus
2427 542 2579 592 eum,
2614 525 2708 597 qui
2749 541 2873 583 cum
2906 541 2937 583 a
2971 527 3253 584 nativitate
3289 529 3475 582 ortho-

238 621 326 687 τῆς
372 615 444 670 ὣν
479 617 754 687 ὀρθὸδοξος
783 657 798 682 ,
865 617 1004 688 μετὰ
1046 618 1302 684 γυναικὸς
1347 619 1626 688 αίρετικῆς
1673 637 1796 671 συν-

237 711 432 776 αφθεὶς,
469 709 568 762 οὐκ
595 708 855 780 ἀξιωθείη
886 707 1236 781 κληρώσεως,
1271 709 1321 763 εί
1354 708 1429 780 μὴ
1463 709 1556 763 καὶ
1585 710 1708 774 τοὺς
1739 712 1798 764 ὲν

235 804 305 875 τῷ
339 802 468 872 οίκῳ
497 801 660 855 αὐτοῦ
693 802 908 871 ποιήσει
930 800 1244 872 όρθοδόξους
1271 801 1626 872 Χριστιανούς
1651 817 1666 832 ο
1713 801 1796 855 ὃτι

235 895 321 948 καὶ
373 893 466 962 τῆς
521 888 982 961 ὲκκλησιαστικῆς
1028 890 1439 961 κεχωρισμένος
1497 889 1617 942 ἐστὶ
1672 907 1796 944 συν-

235 987 412 1051 άξεως,
439 984 512 1046 ὡς
540 985 604 1054 τῇ
632 982 725 1035 τοῦ
757 981 994 1053 Χριστοῦ
1031 980 1207 1052 μερίδι
1248 981 1564 1051 συμπλέξας
1598 980 1800 1052 κλῆρον

231 1075 560 1147 ἀμαρτωλόν.
633 1074 691 1127 Ὀ
744 1074 802 1128 δὲ
853 1071 1184 1145 αἱρεσιώτης
1234 1072 1311 1127 ὣν
1353 1074 1419 1128 ἐκ
1468 1074 1800 1144 σπαργάνων

233 1169 418 1230 αὐτῶν,
444 1167 540 1221 ἐὰν
577 1165 674 1237 τὴν
696 1166 976 1237 ὀρθόδοξον
1003 1166 1186 1220 πίστιν
1208 1167 1524 1238 προέληται,
1547 1167 1793 1234 δικαίως,

232 1261 317 1315 ἐὰν
347 1258 451 1312 ἀπό
481 1274 627 1321 τινος
679 1258 866 1327 ἐτέρου
917 1257 1077 1327 λόγου
1123 1258 1224 1311 οὐκ
1265 1258 1653 1328 ἐμποδίζηται,
1681 1276 1797 1330 χει,-

234 1353 462 1424 ροτονίας
506 1351 765 1422 ἀξιωθείη
825 1353 1124 1422 ἱερατικῆς.
1162 1352 1227 1411 Τί
1265 1353 1374 1422 γὰρ
1427 1347 1595 1419 οἶδας,
1633 1353 1798 1424 φησὶν

232 1447 260 1498 ό
308 1445 476 1514 μέγας
531 1442 876 1506 Ἀπόστολος,
913 1443 1008 1496 ἐὰν
1038 1445 1068 1497 ό
1121 1443 1308 1508 πιστὸς
1359 1443 1644 1515 μεταγάγῃ
1697 1445 1799 1513 τὴν

231 1536 443 1591 ἄπιστον
471 1533 703 1602 σύζυγον
718 1534 890 1588 ,αὑτοῦ
920 1535 1057 1607 πρὸς
1085 1534 1183 1606 τὴν
1219 1537 1448 1602 .πίστιν;
1486 1537 1676 1602 Καλῶς
1705 1533 1799 1591 οὖν

231 1626 356 1687 όείς
386 1625 483 1696 τὴν
538 1624 822 1698 όρθόδοξον
879 1625 1060 1684 πίστιν
1114 1624 1288 1680 ἐλθὼν
1340 1627 1448 1682 ἀπὸ
1499 1627 1800 1698 θρησκείας

231 1717 540 1790 αἱρετικῶν,
579 1716 721 1770 κατὰ
753 1717 985 1781 κανόνας
1023 1717 1283 1790 ἀξιωθείη
1315 1718 1626 1790 ἀξιώματος
1654 1722 1799 1792 lepa-

231 1807 392 1875 τικοῦ,
433 1809 534 1864 κᾶν
574 1809 651 1881 μὴ
694 1809 1185 1884 όρθοδοξήσωσινὴ
1233 1812 1371 1884 γυνὴ
1415 1813 1602 1866 καὶτὰ
1632 1813 1800 1869 τέκνα

231 1918 401 1955 αυτου.

307 1994 499 2061 Ἐρώτ.
570 1992 673 2062 λβ⁹.
757 1994 1288 2067 Ἀπροκριμάτιστόν
1347 1995 1464 2050 ὲστι
1527 1997 1799 2053 τελεῖσθαι

229 2085 418 2141 τέκνων
447 2087 718 2158 ἀναδοχὰς
768 2088 858 2142 διὰ
887 2089 1151 2156 Λατίνων,
1192 2091 1516 2162 Ἀρμενίων,
1563 2092 1800 2152 Μονοθε-

231 2178 414 2249 λητῶν,
461 2179 870 2248 Νεστοριανῶν,
905 2181 998 2236 καὶ
1023 2181 1224 2238 λοιπῶν
1257 2183 1514 2238 τοιούτων
1543 2201 1557 2217 ο
1587 2184 1622 2258 ἢ
1661 2187 1799 2253 μᾶλ-

229 2269 311 2322 λον
336 2271 562 2342 μισητὸν
589 2271 684 2326 καὶ
713 2273 1125 2344 ἁποτρόπαιονς

295 2360 482 2415 Ἁπόκ.
521 2361 599 2415 Τὸ
651 2359 697 2433 β’
751 2361 1031 2434 θέσπισμα
1077 2363 1172 2418 τοῦ
1226 2371 1258 2418 ι’
1287 2365 1586 2436 κεφαλαίου
1617 2363 1710 2420 τοῦ
1750 2362 1797 2420 α’

228 2453 394 2508 τίτλον
427 2454 520 2509 τοῦ
582 2453 632 2512 α’
687 2456 894 2529 βιϐλίου
951 2457 1060 2513 τῶν
1099 2459 1451 2528 Βασιλικῶν;
1490 2460 1798 2532 Δίρετικὸς,

232 2548 407 2620 φησὶν,
441 2551 590 2614 ἐστὶ,
627 2549 723 2604 καὶ
749 2553 863 2616 τοῖς
888 2551 1033 2606 κατὰ
1061 2569 1171 2608 των
1196 2553 1489 2624 αίρετικῶν
1517 2555 1800 2609 ὑπόκειται

231 2639 431 2711 νόμως,
489 2642 518 2696 ὸ
583 2642 781 2714 μικρὸν
831 2643 962 2712 γοῦν
992 2643 1257 2699 ἐκκλίνων
1277 2647 1376 2716 τῆς
1398 2644 1679 2716 όρθοδόξου
1710 2647 1802 2700 πί-

233 2749 408 2797 στεως.
478 2735 639 2790 Ἐπεὶ
686 2735 816 2806 γοῦν
846 2736 1046 2801 πάντες
1090 2738 1139 2790 oi
1179 2737 1660 2810 ἁπαριθμηθέντες
1715 2741 1799 2804 είς

223 2824 318 2897 ,τὴν
369 2827 657 2900 παροῦσαν
700 2828 991 2901 ἐρώτησιν,
1041 2829 1104 2884 ού
1144 2829 1234 2884 δία
1289 2831 1509 2902 μικρὸν,
1539 2832 1674 2886 ἀλλὰ
1708 2833 1799 2890 διὰ

232 2918 422 2980 πλάτος
457 2920 612 2990 μέγα
649 2921 742 2974 καὶ
769 2921 1164 2992 δυσδιιξίτητον
1193 2923 1259 2976 ὲκ
1301 2922 1403 2992 τῆς
1434 2923 1545 2976 τῶν
1586 2923 1800 2994 ὀρθοδό-

233 3009 328 3076 ξων
376 3011 708 3084 Ἐκκλησίας
737 3011 1186 3084 ἁπεξενώθησαν,
1218 3014 1437 3078 πάντως
1469 3014 1592 3068 οὐδὲ
1637 3015 1800 3086 χάριν

231 3103 482 3176 ἀναδοχῆς
530 3106 747 3170 παίδων
797 3107 1191 3177 πνευματικῶν
1248 3107 1684 3180 μεσιτευομένης
1728 3108 1798 3164 δι’

231 3193 388 3262 ἁγίων
414 3196 598 3266 εὐχῶν
626 3197 720 3251 καὶ
743 3197 1098 3268 ἁγιασμὰτων
1131 3197 1362 3263 πολλῶν,
1406 3201 1538 3271 ἡμῖν
1569 3217 1795 3269 συγκοι-

233 3289 553 3358 νωνήσουσιν
587 3303 600 3316 ·
637 3288 724 3342 ἵνα
775 3289 851 3360 μὴ
895 3289 990 3344 καὶ
1035 3291 1191 3344 αὐτοὶ
1237 3291 1602 3363 ἁκοινωνησίᾳ
1628 3273 1826 3352 κατα(

233 3376 518 3447 κριθῶμεν,
558 3379 703 3434 κατὰ
728 3379 821 3433 τὸν
853 3380 1072 3446 κανόνα,
1103 3381 1196 3435 τὸν
1220 3379 1469 3451 λέγοντα,
1517 3381 1576 3437 '0
1599 3398 1793 3438 κοινωο

233 3469 329 3524 νῶν
356 3471 730 3544 ἅκοινωνήτῳ,
763 3474 858 3528 καὶ
892 3473 1056 3538 αὐτὸς
1095 3473 1460 3546 ἀκοινώνητός
1485 3475 1655 3529 ἐστιν.

227 3565 232 3576 “
307 3559 496 3633 Ἐρώτ.
568 3565 673 3634 λγ’.
737 3564 1040 3636 Ὀρθόδοξοι
1114 3567 1372 3635 γυναῖκες
1439 3566 1802 3622 συνάπτονται

234 3654 360 3726 τάχα
386 3656 648 3728 γαμικῶς
691 3655 828 3728 μετὰ
858 3658 1214 3731 Σαρακηνῶν,
1246 3658 1280 3730 ἦ
1319 3658 1412 3713 κοιλ⁵
1438 3657 1800 3729 αίρεσιωτῶν,

234 3749 320 3802 καὶ
351 3749 622 3815 θέλουσιν,
655 3750 730 3814 ὡς
761 3750 1163 3822 όρθοδοξοῦσαι,
1198 3749 1381 3814 καθὼς
1415 3749 1799 3817 διενίστανται,

237 3841 669 3914 μταλαμόάνειν
725 3843 836 3897 τῶν
885 3842 1044 3897 θείων
1088 3843 1482 3912 ἁγιασμὼιωνο
1527 3840 1804 3914 ζητοῦμεν

233 3931 314 3986 οῦν
339 3932 398 3987 τὸ
422 3934 679 4005 ποιητέον
709 3933 923 4004 μαθεῖν.

307 4028 495 4084 ’Λπόκ.
542 4028 608 4082 Ὀ
636 4026 676 4082 o'
709 4027 892 4082 κανὼν
927 4027 1027 4098 τῆς
1070 4028 1128 4082 ὲν
1181 4026 1258 4099 τῷ
1290 4025 1544 4097 Τρού).λῳ
1584 4025 1802 4080 συνόδου
1845 4023 1852 4028 ’

231 4120 392 4184 ταῦτά
419 4139 563 4194 φησι
588 4137 603 4152 ⁸
657 4121 748 4192 Μὴ
782 4119 982 4186 ἐξεῖναι
1021 4119 1301 4191 όρθόδοξον
1332 4120 1502 4190 ἄνδρα
1551 4119 1800 4189 αἱρετικῇ

234 4199 595 4268 συνάπτεσθαι
619 4213 858 4283 γυναικὶ,
887 4213 1028 4284 μήτε
1057 4211 1318 4284 αίρετικῷ
1341 4212 1493 4281 ἀνδρὶ
1523 4209 1805 4280 όρθόδοξον

231 4308 451 4372 γυναῖκα
489 4305 921 4374 συζεύγνυσθαι.
977 4303 1120 4357 Ἀλλ’
1162 4304 1210 4356 εἰ
1259 4304 1355 4356 καὶ
1383 4304 1527 4372 φανῇ
1561 4300 1804 4355 τοιοῦτον

232 4393 327 4448 ὑπό
346 4413 486 4460 τινος
520 4395 637 4450 τῶν
666 4395 924 4450 ἁπάντων
946 4395 1252 4464 γινόμενον,
1283 4392 1487 4464 ἄκυρον
1511 4392 1604 4446 τὸν
1627 4393 1804 4463 γάμον

231 4484 506 4554 ἡγεῖσθαι,
555 4484 651 4538 καὶ
691 4483 754 4538 τὸ
797 4483 1040 4554 ἄθεσμον
1079 4481 1390 4537 διαλύεσθαι
1445 4483 1803 4538 συνοικέσιον.

1904 619 2080 676 doxus
2109 628 2276 684 esset,
2304 634 2429 674 cum
2465 619 2720 676 haeretica
2747 620 2974 676 muliere
3005 620 3336 689 conjunctus
3370 631 3477 686 est,

1905 712 2133 782 dignum
2167 726 2274 769 non
2314 713 2550 777 censeri,
2583 715 2678 784 qui
2710 713 2765 768 in
2815 714 3027 770 clerum
3060 713 3348 782 allegatur,
3375 714 3480 768 nisi

1904 803 2238 860 domesticos
2277 818 2410 862 suos
2445 819 2639 862 omnes
2668 805 3012 862 Christianos
3063 803 3252 860 fecerit
3295 806 3484 859 ortho-

1907 897 2077 952 doxos
2109 913 2124 950 :
2160 897 2288 966 quia
2325 909 2378 952 et
2413 896 2484 953 ab
2505 899 2892 972 ecclesiastica
2921 907 3008 954 est
3049 907 3293 956 remotus
3331 913 3482 954 com-

1906 989 2188 1054 munione,
2219 997 2405 1060 utpote
2437 989 2530 1059 qui
2559 989 2763 1046 Christi
2812 990 3064 1061 partibus
3116 991 3480 1060 peccatricem

1907 1086 2110 1132 sortem
2144 1080 2509 1148 implcxncrit.
2543 1079 2647 1149 Qui
2679 1089 2881 1146 autem,
2914 1081 3210 1136 haereticus
3235 1097 3358 1134 cum
3391 1096 3484 1136 es-

1905 1178 1992 1225 set
2035 1171 2104 1225 ab
2155 1171 2527 1235 incunabulis,
2578 1172 2939 1229 orthodoxam
2991 1171 3151 1228 ﬁdem
3193 1173 3480 1242 delegerit,

1904 1258 2050 1330 jure,
2078 1261 2185 1315 nisi
2217 1277 2340 1331 qua:
2361 1261 2520 1332 justa
2552 1277 2724 1319 causa
2763 1263 3048 1336 impediat,
3078 1263 3484 1318 ordinationem

1905 1350 2301 1406 sacerdotalem
2352 1353 2614 1424 consequi
2661 1353 2856 1424 possit.
2898 1353 3037 1420 Quid
3088 1354 3232 1408 enim
3283 1353 3485 1424 (inquit

1907 1456 2138 1511 magnus
2162 1442 2483 1514 Apostolus)
2516 1445 2686 1511 nosti,
2714 1445 2759 1501 si
2809 1443 2986 1501 ﬁdelis
3017 1446 3259 1502 .deducat
3289 1445 3486 1500 intide-

1906 1531 2011 1586 lem
2059 1533 2350 1606 conjugem
2390 1535 2458 1590 ad
2501 1536 2704 1591 ﬁdem?
2736 1536 2906 1592 Recte
2949 1537 3136 1607 igitur,
3167 1537 3260 1608 qui
3291 1535 3360 1591 ad
3389 1551 3485 1591 or-

1907 1622 2202 1680 thodoxam
2251 1625 2414 1682 ﬁdem
2467 1628 2614 1682 venit
2661 1628 2731 1684 ab
2777 1628 3161 1686 haereticorum
3215 1627 3486 1698 supersti-

1908 1713 2094 1778 tione,
2153 1716 2474 1788 sacerdotali
2535 1718 2840 1795 secundum
2886 1735 3128 1782 canones
3185 1720 3487 1776 bonoretur

1908 1807 2191 1878 dignitate,
2232 1811 2360 1868 licet
2407 1827 2543 1868 uxor
2577 1822 2632 1869 et
2678 1814 2833 1872 liberi
2881 1815 3004 1886 ejus
3050 1814 3341 1872 orthodoxi
3372 1829 3486 1874 non

1827 1892 1874 1953 Β
1903 1898 2056 1956 ﬁant.

1972 1991 2176 2048 Interr.
2199 1993 2288 2050 52.
2315 1995 2397 2050 An
2430 2003 2582 2052 extra
2616 1995 2994 2069 praejudicium
3025 1995 3316 2052 infantium
3359 2009 3487 2052 sus-

1900 2087 2181 2156 ceptioncs
2211 2087 2350 2144 ﬁunt
2389 2103 2421 2144 a
2469 2088 2703 2156 Latinis,
2744 2090 3042 2158 Armeniis,
3075 2089 3482 2155 ltlonotheletis,

1900 2177 2271 2244 Nestorianis,
2318 2187 2372 2236 et
2410 2181 2626 2236 caeteris
2674 2181 2968 2252 ejusmodi,
3013 2195 3083 2236 an
3131 2179 3314 2251 potius
3357 2177 3485 2233 odio

1900 2270 2126 2340 dignum
2160 2280 2325 2342 atque
2364 2269 2788 2328 detestandum?

1970 2361 2131 2432 Resp.
2158 2361 2360 2418 Thema
2385 2363 2443 2430 2,
2462 2377 2585 2434 cap.
2617 2365 2707 2429 40,
2741 2365 2824 2418 tit.
2853 2379 2896 2428 1,
2927 2364 3021 2421 lib.
3055 2363 3478 2422 tBasilicorum:

1903 2454 2223 2523 llaereticus,
2257 2456 2460 2527 inquit,
2491 2465 2611 2522 est,
2647 2463 2702 2514 et
2737 2457 2972 2530 legibus,
3005 2473 3126 2529 qum
3156 2458 3222 2513 de
3265 2459 3482 2514 haereti-

1901 2547 1984 2601 cis
2018 2554 2169 2611 sunt,
2206 2546 2531 2617 subjicitur,
2565 2547 2656 2616 qui
2692 2547 2910 2617 paulum
2945 2546 3012 2602 ab
3043 2547 3350 2604 orthodoxa
3381 2548 3486 2604 ﬁde

1903 2639 2165 2696 declinat.
2193 2639 2330 2700 Cum
2363 2639 2532 2711 igitur
2577 2640 2613 2696 ii
2650 2654 2864 2707 omnes,
2896 2639 2990 2712 qui
3035 2640 3139 2697 hac
3183 2641 3483 2714 interroga-

1889 2732 2051 2792 tione
2077 2733 2384 2796 enumerati
2417 2741 2569 2800 sunt,
2599 2747 2706 2787 non
2735 2747 2930 2803 parvo,
2965 2734 3060 2790 sed
3089 2734 3251 2805 longo
3281 2735 3486 2808 spatio,

1900 2829 1953 2877 et
1983 2822 2129 2893 quod
2173 2823 2392 2882 ditlicile
2431 2823 2682 2902 superari
2720 2831 2906 2895 queat,
2940 2824 3008 2880 ab
3052 2824 3484 2882 orthodoxorum

1899 2911 2152 2976 Ecclesia
2207 2931 2434 2986 prorsus
2479 2917 2785 2978 exsulent:
2839 2931 2947 2972 non
2995 2919 3485 2975 communicabuut

1901 3007 2192 3062 nobiscum
2232 3007 2467 3078 gratiam
2495 3008 2877 3080 susceptionis
2915 3008 3216 3064 liberorum
3258 3011 3486 3081 spirita-

1904 3096 2061 3160 lium,
2097 3112 2194 3168 per
2225 3111 2414 3153 sacras
2442 3113 2633 3172 preces
2682 3107 2736 3156 et
2771 3098 3240 3166 sanctiﬁcationes
3283 3102 3484 3157 umttas

1904 3187 2294 3246 intercedentis
2331 3206 2346 3245 :
2388 3203 2457 3244 ne
2505 3198 2561 3254 et
2605 3192 3182 3248 excommunicatione
3220 3191 3484 3248 condem-

1906 3293 2120 3346 nemur,
2157 3280 2315 3350 juxta
2352 3295 2617 3337 canonem
2648 3281 2944 3348 dicentem,
2978 3282 3080 3350 Qui
3113 3285 3486 3341 communicat

1903 3383 2028 3424 cum
2073 3371 2572 3438 excommunicato,
2601 3381 2687 3428 est
2725 3376 3236 3433 cxcommunicatus
3259 3385 3315 3434 et
3342 3379 3484 3449 ipse.

1981 3551 2182 3616 Interr.
2217 3556 2308 3612 3'5.
2357 3554 2691 3614 Orthodoxue
2747 3557 3008 3624 mulieres
3069 3561 3485 3634 coniunguntur

1905 3645 2048 3703 forte
2083 3662 2176 3719 per
2201 3650 2423 3719 nuptias
2459 3663 2583 3706 cum
2617 3649 2910 3712 Saracenis
2944 3655 3026 3709 vel
3058 3653 3354 3719 haereticis,
3386 3671 3485 3711 vo-

1905 3739 2154 3811 luntque,
2185 3751 2248 3802 ut
2277 3741 2416 3798 bene
2445 3742 2512 3798 de
2544 3742 2648 3806 ﬁde
2678 3744 2995 3812 sentientes,
3021 3745 3486 3816 quemadmodum

1901 3841 2231 3888 constanter
2264 3832 2643 3902 instituerunt,
2677 3837 2971 3909 participes
3012 3837 3130 3895 ﬁer!
3170 3837 3485 3896 divinarum

1905 3923 2430 3981 sanctiﬁcationutn.
2489 3924 2798 3993 Quaerimus
2849 3929 2979 4000 quid
3034 3928 3344 3984 faciendum
3389 3933 3484 3986 sit.

1980 4010 2135 4084 Resp.
2158 4013 2346 4070 Canon
2367 4017 2436 4072 70
2467 4019 2663 4086 synodi
2689 4018 2743 4073 in
2780 4019 2969 4075 Trullo
2993 4021 3108 4076 lucc
3138 4022 3379 4078 ait:Non
3413 4024 3484 4077 li-

1906 4121 2032 4162 cere
2076 4107 2193 4162 viro
2231 4107 2540 4164 orthodoxa
2583 4124 2706 4165 cum
2756 4112 2986 4167 muliere
3043 4100 3296 4168 haeretica
3354 4129 3488 4169 con-

1901 4199 2084 4269 jungi,
2117 4215 2294 4269 neque
2341 4215 2470 4256 vero
2521 4202 2844 4258 orthodoxa
2891 4218 3015 4258 cum
3068 4207 3188 4260 viro
3227 4205 3486 4262 haeretica

1907 4292 2174 4362 copulari.
2207 4293 2314 4357 Sed
2343 4294 2447 4350 etsi
2479 4294 2613 4366 quid
2663 4294 2934 4366 ejusmodi
2959 4298 3035 4352 ab
3067 4298 3182 4353 ullo
3211 4314 3276 4354 ex
3303 4300 3485 4354 omni-

1907 4384 2012 4441 bus
2049 4384 2254 4442 factum
2300 4388 2633 4458 apparuerit,
2670 4389 2858 4446 irritas
2902 4391 3123 4460 nuptias
3155 4391 3483 4455 existimari,

1906 4488 1964 4534 et
2005 4478 2275 4536 nefarium
2313 4480 2628 4558 conjugium
2666 4480 2889 4538 dissolvi
2929 4501 2944 4538 :
2977 4499 3152 4555 neque
3208 4485 3356 4538 enim
3396 4499 3484 4548 ea,

234 4576 303 4627 Οὐ
332 4577 438 4648 γὰρ
471 4575 586 4646 χρὴ
627 4575 695 4628 τὰ
725 4575 934 4646 ἄμικτα
957 4575 1240 4646 μιγνύναι,
1288 4574 1410 4627 ούδὲ
1439 4574 1518 4644 τῷ
1541 4574 1801 4646 προϐάτῳ

1912 4587 2031 4642 quae
2075 4587 2184 4626 non
2223 4581 2352 4628 sunt
2398 4575 2699 4640 miscenda,
2741 4575 2995 4643 misceri;
3031 4592 3133 4631 nec
3163 4591 3318 4632 ovem
3358 4591 3486 4632 cum

233 4666 317 4720 τὸν
335 4667 496 4722 λύκον
524 4665 960 4738 συμπλέκεσθαι,
993 4666 1091 4721 καὶ
1113 4668 1177 4737 τῇ
1196 4665 1292 4718 τοῦ
1325 4665 1566 4736 Χριστοῦ
1598 4666 1805 4738 ποίμνῃ

231 4758 316 4812 τὸν
370 4761 479 4815 τῶν
528 4758 876 4830 ἁμαρτωλῶν
919 4757 1142 4829 κλῆρον.
1182 4758 1246 4811 El
1272 4757 1330 4811 δὲ
1362 4759 1582 4828 παραϐῇ
1617 4775 1700 4821 τις
1735 4758 1805 4812 τὰ

234 4849 358 4922 παρ’
387 4850 552 4922 ἡμῶν
576 4848 886 4920 ὁρισθέντα,
923 4846 1287 4918 ἀφοριζέσθω.
1327 4845 1542 4910 Ἠλγοῦν
1575 4846 1665 4900 διὰ
1705 4844 1804 4918 τὴν

239 4940 700 5012 ἄθεσμον-ταύτην
726 4937 1012 4994 κοινωνίαν
1044 4937 1186 5009 μετὰ
1243 4938 1549 5010 αίρετικοῦ,
1591 4939 1806 5008 ἀφωρι-

1911 4665 2062 4736 lupo,
2101 4680 2202 4721 nec
2231 4674 2593 4736 peccatorum
2633 4675 2844 4744 sortem
2901 4683 3028 4745 cum
3077 4667 3282 4726 Christi
3326 4659 3489 4741 parte

1902 4757 2166 4828 conjungi
2198 4766 2438 4829 oportet.
2494 4758 2552 4813 Si
2589 4758 2721 4828 quis
2757 4767 2946 4826 autem
2982 4775 3069 4826 ea,
3097 4777 3220 4832 quae
3249 4778 3280 4816 a
3325 4763 3488 4819 nobis
3521 4805 3523 4807 .

1909 4849 2131 4910 decreta
2173 4862 2324 4916 sunt,
2360 4861 2738 4924 transgressus
2766 4853 2956 4918 fuerit,
2986 4867 3321 4928 sesi-egetur.
3357 4859 3487 4926 Qua

1909 4942 2081 5013 igitur
2109 4957 2208 5012 per
2242 4943 2670 5021 illicitambanc
2693 4960 2822 5004 cum
2861 4945 3116 5006 lueretico
3149 4951 3488 5018 societatem,

235 5033 405 5101 σμένη
437 5032 574 5088 οῦσα
605 5033 701 5086 καὶ
730 5029 1116 5102 ἀκοινώνητος,
1152 5031 1272 5095 πῶς
1316 5031 1426 5084 τῶν
1457 5031 1615 5084 θείων
1643 5031 1801 5098 ἁγια-

1912 5037 2274 5092 exterminata
2305 5037 2891 5113 excommunicataque
2911 5046 3029 5105 .est,
3062 5054 3298 5110 quonam
3328 5043 3454 5097 mod
3481 5068 3491 5082 -

237 5127 458 5198 σμάτων
497 5125 802 5196 ἁξιωθείης
833 5123 1053 5188 πάντως
1079 5123 1342 5195 οὐδαμοῦ,
1379 5123 1428 5176 εί
1458 5123 1533 5194 μὴ
1588 5123 1803 5194 ἀποστῇ

234 5219 326 5275 τοῦ
355 5217 556 5285 κακοῦ,
590 5217 686 5274 καὶ
715 5220 1018 5282 κανονικοῖς
1049 5215 1346 5288 ἐπιτιμίοις
1370 5213 1661 5286 διορθωθῇ.

314 5403 519 5474 Ἐρὼτ.
595 5400 694 5466 λδ’.
776 5402 934 5466 Τινὲς
1011 5399 1342 5471 γυναικείων
1423 5397 1807 5470 μοναστηρίων

1915 5127 2208 5184 habebitur
2257 5128 2461 5192 divinis
2511 5129 3042 5194 sanctiﬁcationibus
3096 5134 3295 5204 digna?
3339 5135 3485 5190 nullc

1914 5235 2164 5290 prorsus,
2194 5221 2302 5276 nisi
2347 5236 2382 5277 a
2423 5222 2568 5278 malo
2599 5221 2857 5292 divertat,
2893 5231 2950 5282 et
2981 5227 3266 5282 canonicis
3298 5242 3488 5284 emen-

1916 5312 2044 5367 data
2075 5311 2146 5366 sit
2175 5311 2640 5376 correctionibus.

1985 5401 2188 5458 Interr.
2225 5401 2317 5460 '54.
2357 5403 2618 5472 Quaedam
2647 5407 2998 5481 ntuliebrium
3023 5410 3488 5468 monasteriorum

237 5498 584 5569 προεστῶσαν,
610 5495 867 5568 ζητοῦσιν
903 5495 1212 5566 ἐκχώρησιν
1240 5493 1610 5563 ὲπισκοπικὴν
1647 5492 1801 5563 χάριν

1913 5493 2184 5564 praelecta:
2223 5496 2594 5569 episcopalem
2643 5502 2933 5574 requirunt
2980 5501 3193 5557 veniam
3217 5511 3263 5569 τ,
3290 5511 3350 5558 ut
3380 5504 3486 5560 sibi

237 5591 331 5646 τοῦ
376 5591 633 5662 δέχεσθαι
679 5588 972 5659 λογισμοὺς
1028 5587 1137 5640 τῶν
1182 5584 1275 5639 ὑπ’
1311 5585 1484 5650 αὐτὰς
1531 5584 1805 5656 μοναχῶν.

241 5683 519 5754 Ζητοῦμεν
547 5679 639 5738 οὖν
679 5684 728 5736 εί
758 5683 908 5735 ἔστιν
946 5677 1295 5750 ἐνδεχόμενον
1336 5676 1493 5732 τοῦτο
1525 5676 1804 5746 γενέσθαι.

1911 5585 2258 5648 subditarum
2283 5591 2602 5648 monialium
2627 5592 2920 5662 ratiocinia
2943 5605 2963 5632 ε
2979 5594 3304 5667 suscipiant.
3326 5595 3488 5664 ρηωο

1914 5678 2112 5744 rimus,
2147 5695 2216 5737 an
2257 5681 2391 5740 illud
2431 5683 2647 5740 admitti
2684 5685 2880 5756 possit.

1540 5769 1772 5828 VARIE
1811 5768 2215 5830 LECTIONES.

321 5879 344 5908 τ
378 5869 798 5924 uermissionem.
883 5869 904 5897 '
944 5865 1315 5936 confessiones.

562 5965 832 6036 Ρλτιιοι..
879 5963 994 6026 Gn.
1033 5961 1264 6026 CXIX.

3093 5966 3170 6028 34
