3822 6602
243 427 361 498 1060

1481 411 2184 476 GRAECO-ROMANUM.
2251 487 2257 494 ,

3299 405 3436 472 1070

240 541 382 602 πάθος
425 533 688 604 ἠπείγετο.
743 532 815 586 Τὸ
855 533 911 587 δὲ
944 533 1286 602 ἐπιγονάτιον
1342 535 1416 594 εἰς
1463 531 1631 586 τύπον
1661 527 1754 580 τοῦ

1883 526 2045 581 lebat.
2082 525 2488 598 Supergennale
2519 533 2725 590 autem,
2769 523 2939 596 ﬁgura
2973 534 3057 581 est
3087 523 3261 590 lintei,
3293 527 3438 596 quod

234 630 410 687 λεντίου
439 626 595 687 ἐστὶν,
635 623 663 676 δ
699 625 725 676 ὁ
749 624 949 695 Κύριος
990 625 1294 687 ἐνεδύσατο,
1327 626 1568 685 καὶτοὺς
1596 623 1757 687 πόδας

235 723 324 778 τῶν
345 715 583 790 μαθητῶν
614 714 814 784 ἔνιψεν.
848 717 1058 787 Ὥσπερ
1083 716 1173 771 οὖν
1195 718 1255 770 οὐ
1275 716 1454 786 δοθείη
1479 717 1760 786 ἐπισκόπῳ

232 815 320 867 τινὶ
349 810 409 863 τά
439 811 540 869 τοῖς
571 809 942 879 πατριάρχαις
976 808 1402 879 φιλοτιμηθέντα
1424 808 1509 862 διὰ
1537 807 1761 878 ἐνδυμε-

233 907 334 966 νίας
361 900 683 972 χαρίσματα,
708 900 910 963 σάκκος
940 900 1182 972 δηλονότι
1237 901 1332 955 καὶ
1362 899 1762 969 πολυσταύριον

230 995 441 1065 (τούτους
476 992 578 1059 γὰρ
616 989 719 1042 ὑπὸ
749 992 952 1046 τούτων
989 991 1340 1046 κυδαίνεσθαι
1375 992 1642 1055 δέδοκται,
1688 993 1764 1055 ὠς

229 1088 312 1141 καὶ
345 1082 769 1152 ἀναφερομένους
796 1085 876 1144 είς
913 1084 1012 1150 τῆς
1053 1085 1379 1156 οἰκουμένης
1417 1083 1477 1137 τὰ
1525 1085 1761 1156 πέρατα·

226 1182 379 1245 οὕτως
422 1179 534 1233 οὐδὲ
569 1178 638 1233 τά
677 1181 791 1243 τοῖς
833 1180 1155 1244 ἐπισκόποις
1187 1180 1602 1252 ἀπονεμηθέντα
1636 1197 1767 1249 προ-

225 1273 367 1341 νόμια
410 1271 516 1330 τοῖς
560 1267 762 1338 ἱερεῦσι
810 1269 1132 1340 δοθήσεται*
1179 1271 1265 1324 ἴνα
1312 1271 1386 1344 μὴ
1426 1271 1534 1324 τῶν
1565 1271 1767 1342 ἐκκλη-

224 1355 490 1411 σιαστικῶν
537 1354 852 1425 προνομίων
917 1358 1181 1427 σύγχυσις
1239 1358 1486 1430 γένηται,
1545 1359 1642 1414 καὶ
1689 1359 1765 1430 τῷ

223 1451 467 1505 Πλάσαντι
501 1447 632 1520 εἴπῃ
654 1447 714 1501 τὸ
741 1448 986 1519 πλάσμω
1029 1449 1343 1523 Ἐξισοῦμαί
1372 1470 1477 1508 σοι.

293 1540 478 1609 Ἐρώτ.
533 1537 635 1608 λη’.
704 1539 838 1594 Ἀπὸ
881 1541 1114 1611 ἀρχαίας
1161 1544 1428 1616 ἐγχωρίου
1478 1547 1765 1619 συνηθείας

220 1633 496 1688 θάπτονται
545 1629 775 1698 λείψανα
823 1629 1118 1701 όρθοδόξων
1143 1634 1222 1698 είς
1253 1634 1354 1698 τὰς
1397 1636 1538 1691 κατὰ
1582 1637 1766 1709 χώραν

218 1721 489 1793 ἐκκλησίας
534 1721 730 1792 ἡμῶν.
775 1721 932 1792 Ζητῶ
976 1719 1068 1778 οὖν
1115 1723 1308 1795 μαθεῖν
1354 1728 1402 1781 εί
1447 1727 1561 1783 ἐστι
1610 1729 1768 1783 τοῦτο

215 1813 677 1884 ἁποκριμάτιστον.

1867 616 2043 670 induit
2091 617 2376 678 Dominus,
2421 630 2546 668 cum
2603 613 2999 685 discipulorum
3063 615 3229 684 pedes
3282 616 3438 670 lavit.

1865 707 2334 772 Quemadmodum
2386 708 2551 778 igitur
2598 724 2720 778 quae
2774 708 3098 778 patriarchis
3143 724 3237 778 per
3281 710 3442 764 indu-

1865 809 2046 854 un-nta
2095 802 2284 871 gratiie
2325 801 2544 855 tributae
2581 803 2776 866 sunt‘,
2823 801 2918 856 ulli
2961 801 3054 854 alii
3097 816 3206 856 non
3242 802 3444 858 dantur

1865 892 2146 962 episcopo,
2189 908 2386 947 saccus
2431 891 2681 947 videlicet
2710 901 2764 948 et
2795 908 2930 947 crux
2971 893 3295 964 multiplexu
3327 893 3444 964 (eos

1865 982 2010 1035 enim
2040 983 2190 1038 hisce
2225 984 2472 1038 decorari
2509 985 2737 1055 placuit,
2763 992 2948 1056 utpote
2976 985 3177 1040 relatos
3209 985 3318 1038 ad'
3348 983 3442 1038 ha-

1866 1070 2106 1126 bitabilis
2129 1075 2278 1128 orbis
2312 1076 2599 1144 extrema):
2643 1074 2723 1129 sic
2749 1089 2848 1130 nec
2877 1075 3152 1145 episcopis
3176 1089 3439 1130 concessa

1868 1165 2148 1235 privilegia
2179 1168 2558 1223 sacerdotibus
2597 1167 2894 1234 dabuntur,
2926 1183 2993 1223 ne
3027 1168 3439 1240 privilegiorum

1868 1255 2367 1313 ecclesiasticorum
2433 1259 2690 1315 confusio
2751 1259 2865 1326 ﬁat,
2911 1269 2966 1316 et
3002 1259 3250 1318 Creatori
3295 1260 3444 1318 dicat

1869 1359 2142 1418 creatura,
2182 1352 2448 1423 Exaequor
2481 1353 2598 1409 tibi.

1946 1531 2146 1587 Inlerr.
2186 1533 2274 1588 58.
2318 1533 2509 1591 Vetere
2542 1536 2836 1606 provincia:
2885 1540 3280 1596 consuetudine
3311 1541 3443 1596 reli-

1872 1624 2055 1693 qniie'
2105 1625 2540 1680 mthodoxorum
2586 1628 2640 1681 in
2681 1637 2882 1684 nostra:
2929 1631 3168 1700 regionis
3195 1631 3443 1688 ecclesiis

1874 1716 2232 1787 sepeliuntur.
2268 1717 2462 1784 Quaero
2489 1718 2654 1787 igitur
2677 1719 2909 1788 discere,
2931 1736 2998 1776 an
3021 1722 3124 1778 hoc
3145 1723 3282 1777 citra
3307 1739 3445 1796 pra-

1871 1807 2137 1876 judicium
2173 1807 2286 1860 ﬁat.

290 1846 476 1961 ’Aryzdx.
499 1904 746 1977 Διαφορὰ
775 1905 984 1978 μεγάλη
1008 1906 1472 1980 ἐστἰνὲκκλησιῶν
1503 1928 1768 1984 καοιερωη

1883 1846 2137 1874 ,..υ.υ......
2173 1846 2286 1860 ......
2635 1846 2656 1867 .

1947 1894 2103 1967 Resp.
2129 1897 2316 1968 Magna
2347 1896 2654 1954 dill‘erentia
2683 1910 2765 1954 est
2789 1899 2933 1956 inter
2953 1899 3216 1956 ecclesias
3245 1914 3447 1956 conse-

213 2000 393 2055 θεισῶν
447 2000 538 2054 διὰ
583 2000 878 2068 ἐγκαινίων
929 2000 1181 2067 άνοιξίων
1236 2003 1332 2056 καὶ
1383 2002 1762 2074 ὲνθρονισμοῢ,

211 2093 498 2165 χρίσματος
530 2109 592 2146 τε
617 2092 775 2161 ἁγίου
805 2091 1002 2164 μύρου,
1022 2094 1119 2148 καὶ
1147 2094 1461 2158 ἀποθέσεως
1497 2096 1766 2165 λειψάνων

210 2187 368 2254 ἁγίων
400 2185 780 2257 μαρτυρικῶν,
817 2187 912 2239 καὶ
937 2186 1047 2240 τῶν
1075 2187 1150 2257 μὴ
1177 2185 1350 2250 οὕτως
1375 2188 1764 2257 άγιασθεισῶν,

211 2279 298 2331 καὶ
322 2277 612 2350 εὐκτηρίου
638 2277 804 2331 τόπον
827 2277 1158 2348 ἐπεχουσῶν.
1190 2279 1283 2332 Διὸ
1317 2280 1374 2333 ὲν
1404 2281 1639 2344 ἐκείναις
1669 2282 1768 2352 μὲν

208 2373 259 2424 ἐν
289 2363 372 2434 αἷς
400 2368 649 2440 δηλονότι
687 2370 1002 2442 μαρτυρικὰ
1036 2369 1268 2441 λείψανα
1314 2372 1765 2445 τεθησαύρισται,

209 2463 296 2517 καὶ
338 2461 493 2530 ἁγίου
533 2461 708 2532 μύρου
749 2461 1123 2533 ὲμεσολάϐησε
1171 2464 1400 2535 χρίσμα,
1429 2465 1769 2536 ἀνθρώπινον

205 2555 446 2622 λείψανον
475 2553 866 2625 οίονδηποτοῦν
895 2553 957 2608 οὐ
994 2555 1296 2626 ταφήσεται
1328 2554 1488 2627 (κατὰ
1518 2558 1579 2611 τὸ
1607 2557 1650 2628 β’
1675 2575 1770 2612 κε-

207 2647 423 2716 φάλαιον
449 2646 545 2700 τοῦ
575 2646 626 2702 α’
670 2648 853 2702 τίτλου
876 2648 970 2703 τοῦ
996 2648 1038 2702 ε’
1066 2648 1273 2720 βιϐλίου
1313 2648 1420 2703 τῶν
1442 2649 1767 2714 Βασιλικῶν.

201 2739 258 2794 τὸ
285 2737 465 2810 λέγον⁸
493 2739 705 2810 Μηδεὶς
748 2741 806 2795 ὲν
833 2741 1100 2812 ἐκκλησίᾳ.
1125 2741 1376 2796 θαπτέτω
1417 2741 1629 2815 νεκρόν.
1661 2741 1771 2796 Καὶ

205 2831 340 2885 κατὰ
375 2829 468 2885 τὸν
517 2830 724 2896 ἔξωθεν
775 2831 943 2886 αὑτοῦ
989 2831 1243 2904 κείμενον
1278 2833 1530 2899 παλαιὸν,
1559 2833 1653 2888 τὸν
1679 2833 1772 2889 λέ-

200 2939 382 2992 γοντα·
419 2924 541 2978 Οὐκ
587 2922 766 2991 ἔξεστι
800 2923 1028 2978 θάπτειν
1059 2924 1180 2979 τινὰ
1218 2926 1276 2980 ἐν
1323 2925 1609 2998 ἐκκλησίᾳ,
1644 2925 1774 2982 ἔνθα

201 3015 436 3084 δηλονότι
485 3015 768 3088 μάρτυρος
818 3017 996 3071 ἐκεῖσε
1026 3017 1185 3088 σῶμα
1223 3017 1533 3090 ἀπόκειται)
1559 3036 1574 3051 ο
1599 3020 1679 3084 εἰς
1717 3019 1774 3074 δὲ

199 3107 320 3170 τοὺς
383 3107 460 3178 μὴ
529 3107 678 3162 οὕτω
732 3107 1187 3181 καθιερωθέντας,
1223 3111 1412 3179 ἁγίους
1451 3107 1776 3186 εὐκτηρίους

1871 1998 2053 2043 cratas
2116 2003 2213 2058 per
2270 1988 2604 2044 initiatorias
2670 1989 3086 2058 dedicationes,
3144 2001 3201 2048 et
3261 1995 3446 2050 throni

1871 2079 2348 2150 inaugurationem
2389 2083 2677 2153 sanctique
2711 2084 2973 2153 unguenti
3012 2087 3346 2153 unctionem,
3393 2099 3450 2144 et

1871 2181 2188 2230 sanctarqu
2221 2175 2573 2245 reliquiarum
2625 2187 2926 2249 martyrum
2973 2177 3446 2251 indigitationem;

1870 2274 1924 2322 ct
1963 2283 2057 2325 eas
2092 2285 2212 2340 qua:
2247 2270 2326 2325 sic
2371 2270 2728 2326 sanctiﬁcata:
2760 2286 2869 2328 non
2905 2282 3057 2338 sunt,
3092 2274 3447 2344 obtinentque

1870 2361 2097 2417 oratorii
2134 2363 2337 2419 locum.
2381 2362 2618 2434 Ideoque
2647 2363 2702 2417 in
2730 2363 2932 2434 quibus
2970 2364 3220 2420 videlicet
3244 2377 3449 2438 marty-

1869 2453 1998 2508 rica:
2037 2453 2281 2525 reliquias
2310 2455 2601 2510 recondita:
2631 2461 2778 2521 sunt,
2798 2463 2854 2510 et
2881 2455 3057 2510 sancti
3077 2458 3338 2528 unguenti
3365 2458 3449 2514 in-

1873 2543 2106 2599 tervenit
2171 2544 2378 2610 unctio,
2431 2543 2736 2598 humanum
2799 2544 3178 2616 qualecunque
3215 2547 3447 2604 cadaver

1872 2649 1982 2689 non
2010 2633 2330 2705 sepelietur,
2355 2632 2515 2702 juxta
2551 2632 2588 2687 2
2615 2641 2801 2704 caput,
2834 2634 2860 2688 1
2911 2635 3019 2700 tit.,
3065 2634 3098 2689 5
3125 2634 3219 2691 lib.
3258 2635 3455 2692 Basili-

1873 2737 2061 2779 corum
2088 2723 2376 2795 inquiens:
2399 2723 2596 2779 Nullus
2630 2723 2686 2778 in
2709 2722 2946 2779 ecclesia
2973 2725 3272 2792 sepeliatur
3303 2743 3451 2784 mor-

1875 2824 2027 2871 tuus.
2065 2815 2131 2870 Et
2168 2815 2469 2872 secundum
2498 2823 2797 2882 veteremi,
2826 2826 2979 2872 extra
3009 2831 3134 2874 eum
3178 2821 3451 2891 positum:

1873 2906 1994 2963 Non
2024 2908 2152 2964 licet
2177 2907 2410 2978 sepelire
2441 2921 2773 2980 quemquam
2807 2906 2862 2962 in
2885 2907 3139 2978 ecclesia,
3168 2910 3261 2969 ubi
3299 2913 3452 2970 scili-

1878 3009 1966 3054 cet
2003 2999 2259 3073 martyris
2286 3015 2483 3071 corpus
2506 2999 2813 3071 depositum
2835 3011 2938 3057 est.
2962 3000 3019 3057 In
3043 3005 3251 3060 sanctis
3268 3015 3452 3062 autem

1878 3093 2140 3148 oratoriis
2207 3094 2516 3166 appellatis,
2545 3109 2668 3166 quae
2703 3096 2779 3150 ita
2808 3104 3134 3152 consecrata
3166 3112 3276 3153 non
3302 3110 3450 3164 sunt,

199 3195 765 3271 κατονομαζομένους,
850 3200 1150 3266 ἀκινδύνως
1244 3185 1774 3276 ὲνταφιασθήσονται
1798 3211 1846 3276 c
1878 3185 2121 3258 reliquiae
2139 3187 2258 3244 είηθ
2287 3187 2530 3259 Parimlo
2558 3187 2908 3260 sepeliantur-

197 3287 450 3360 λείψανα.

273 3385 482 3452 Ἐρώτ.
543 3382 650 3444 λθ’.
708 3385 968 3440 Κάτοικοί
1016 3403 1176 3441 τινων
1232 3386 1479 3460 ὲνοριῶν,
1515 3390 1615 3454 τὰς
1668 3390 1778 3445 τῶν

193 3474 417 3532 οὲκείων
449 3477 764 3549 ἀρχιερέων
795 3479 1136 3549 χειροτονίας
1174 3483 1625 3552 παραιτούμενοι,
1657 3483 1778 3538 hs-

199 3583 305 3637 ρων
341 3568 581 3638 ὲνοριῶν
615 3569 940 3632 ἐπισκόποις
972 3571 1368 3642 προσέρχονται
1404 3572 1499 3627 καὶ
1539 3591 1780 3646 χειροτοο

193 3659 342 3722 νιῶν,
409 3659 606 3723 καθὼς
663 3660 896 3724 ἕκαστος
964 3660 1076 3732 ἔχει
1145 3661 1467 3735 θελήματος.
1526 3663 1589 3718 El
1651 3665 1780 3736 γοῦν

192 3749 459 3815 ἀσφαλῶς
497 3750 692 3815 αὐτοῖς
729 3751 942 3820 γίνεται
967 3753 1148 3819 τοῦτο,
1183 3754 1332 3826 ζητῶ
1369 3753 1581 3825 μαθεῖν.

275 3841 497 3899 Ἀπὸκ.
541 3841 684 3906 Τοὺς
715 3842 812 3913 μὲν
841 3842 1194 3911 ἀναγνώστας
1237 3846 1364 3908 τοὺς
1406 3845 1780 3917 άθετήσαντας

189 3932 286 3996 τὰς
313 3932 674 4004 χειροτονίας
693 3933 802 3987 τῶν
825 3935 1136 3989 ἐπισκόπων
1149 3936 1350 4000 αὐτῶν,
1375 3937 1470 3990 καὶ
1491 3939 1570 4001 είς
1589 3939 1782 4010 ἐτέρας

187 4023 414 4094 ἐνορίας
474 4025 730 4095 μείζονος
775 4025 1108 4090 ἀξιωθέντας
1157 4025 1366 4098 βαθμοῦ
1405 4029 1492 4084 διὰ
1542 4029 1783 4102 χειροθε-

189 4116 313 4178 σίας
333 4115 746 4184 ὲπισκοπικῆς,
771 4115 1172 4186 ἀκοινωνησίας
1196 4117 1456 4188 ἐπιτιμίῳ
1482 4119 1530 4171 οἱ
1559 4119 1782 4183 κανόνες

186 4206 690 4261 καθυποεάλλουσι
717 4221 732 4238 ⁸
777 4211 869 4262 καὶ
915 4210 976 4262 οὐ
1030 4209 1191 4278 μόνον
1239 4209 1457 4272 αὐτοὺς,
1501 4210 1636 4264 ἀλλὰ
1687 4213 1784 4265 καὶ

181 4300 312 4360 τοὺς
379 4301 895 4369 χειροτονήσαντας
965 4297 1226 4365 τούτους,
1298 4300 1478 4362 καθὼς
1534 4301 1601 4356 τά
1655 4303 1784 4373 περὶ

182 4388 386 4441 τούτου
455 4389 801 4458 παρίσταται
857 4388 964 4440 ἀπὸ
1020 4389 1114 4442 τοῦ
1172 4387 1242 4444 νδ¹
1305 4391 1527 4454 κανόνος
1579 4391 1677 4462 τῆς
1725 4393 1783 4444 ὲν

178 4481 544 4552 Καρθαγένῃ
593 4481 848 4545 συνόδου,
891 4481 1063 4536 ταῦτα
1094 4483 1234 4537 κατὰ
1282 4472 1434 4555 ῥῆμα
1481 4483 1784 4555 διαλαμϐά-

180 4589 375 4632 νοντος
417 4587 436 4602 ο
488 4570 807 4641 Κληρικοὺς
863 4572 944 4634 είς
995 4571 1292 4636 ἐκκλησίαν
1345 4572 1653 4639 τελοῦντας,
1713 4573 1787 4638 ὡς

175 4665 283 4734 ἤδη
307 4664 639 4734 ὡρίσαμεν,
662 4663 737 4733 μὴ
758 4664 956 4730 ἐξεῖναι
978 4665 1056 4726 είς
1073 4663 1236 4734 ἄλλης
1255 4664 1464 4729 πόλεως
1492 4665 1784 4719 τάττεσθαι

175 4756 532 4827 ἐκκλησίαν,
573 4755 710 4808 ἀλλὰ
759 4756 1005 4826 στέργειν
1051 4757 1264 4823 ἐκείνην
1294 4759 1350 4809 ὲν
1388 4751 1787 4829 ᾖλειτουργεῖν

171 4847 233 4912 ἐξ
263 4848 467 4918 ἀρχῆς
512 4845 830 4916 ἠξιώθησαν
851 4863 865 4878 ο
910 4848 1064 4912 ἐκτὸς
1107 4849 1329 4902 ἐκείνων
1358 4850 1553 4913 οἵτινες
1587 4850 1787 4904 ἀπολέ-

175 4955 393 5001 σαντες
427 4937 541 5000 τὰς
576 4938 713 5000 ἰδίας
757 4937 1048 5006 πατρίδας,
1084 4939 1188 4991 ὑπὸ
1228 4941 1472 5012 ἀνάγκης
1507 4943 1586 5005 είς
1619 4942 1788 5011 ἄλλην

166 5031 514 5097 ἐκκλησίαν
550 5029 834 5100 μετῆλθον.
870 5030 930 5082 El
957 5029 1012 5082 δέ
1050 5047 1135 5093 τις
1173 5031 1492 5098 ἐπίσκοπος,
1528 5035 1666 5104 μετά
1695 5037 1788 5089 τὸν

168 5117 308 5188 ὅρον
371 5117 610 5181 τοῦτον,
661 5116 1128 5193 άλλῳιὲπισκόπῳ
1175 5121 1522 5190 προσήκοντα
1572 5121 1790 5193 δέξηται

163 5207 507 5277 κληρικὺν,
561 5207 740 5270 ἔδοξεν
769 5205 1134 5276 ἀκοινώνητον
1161 5204 1300 5262 εἶναι
1329 5211 1420 5262 καὶ
1456 5212 1545 5264 τὸν
1576 5213 1791 5284 δεχθένο

165 5315 241 5351 τα
275 5301 384 5352 καὶ
414 5299 525 5350 τὸν
570 5296 865 5368 δεξάμενον
887 5312 900 5324 ⁶
937 5297 1044 5362 ἕως
1073 5298 1141 5352 ἂν
1165 5302 1192 5352 ὁ
1224 5301 1497 5370 μεταστάς
1531 5302 1792 5374 κληρικξις

160 5395 248 5457 είς
305 5393 427 5463 τὴν
495 5391 634 5444 ἰδίαν
683 5391 948 5462 ἐπανέλθῃ
993 5391 1337 5460 Ἐκκλησίαν.
1387 5395 1521 5464 Περὶ
1575 5397 1630 5449 δὲ
1684 5397 1792 5450 τῶν

161 5483 407 5536 λαῖκῶν
474 5482 822 5553 συνεξητήθη
895 5482 1024 5535 ποτὲ
1083 5484 1236 5551 παρὰ,
1293 5484 1464 5556 ταύτῃ
1527 5490 1592 5558 τῇ
1661 5488 1793 5559 ἁγίᾳ

158 5574 401 5644 συνόδῳ
448 5573 563 5639 τῆς
592 5573 698 5625 τῶν
740 5573 1388 5627 Κωνσταντινουπολιτὼν
1437 5577 1783 5646 Ἐκκλησίας,

161 5664 720 5735 πατριαρχεύοντος
747 5664 840 5720 τοῦ
880 5665 1183 5734 ἁγιωτάτου
1217 5667 1274 5718 ἐν
1303 5668 1665 5738 πατριάρχαις
1698 5675 1794 5725 καὶ

1894 3433 1898 3438 ς
1954 3371 2153 3430 Interr.
2181 3373 2270 3430 39.
2291 3375 2661 3442 Quarumdam
2684 3376 3050 3447 parmciarum
3084 3377 3295 3443 incolas,
3327 3392 3456 3434 suo-

1883 3482 2001 3522 rum
2075 3467 2394 3538 pontillcum
2455 3467 2830 3526 ordinationes
2897 3478 3248 3541 respuentes,
3315 3471 3452 3526 alia-

1883 3574 2005 3614 rum
2030 3560 2352 3616 diazcesium
2383 3566 2440 3616 ct
2465 3559 2870 3618 ordinationem
2900 3563 3188 3633 episcopos
3227 3565 3454 3628 adeunt,

1883 3661 2045 3724 prout
2074 3652 2309 3723 quisque
2369 3651 2622 3706 vultzan
2675 3660 2794 3708 tuto
2852 3651 3080 3721 faciant,
3133 3671 3321 3726 quaero
3368 3659 3452 3714 di-

1883 3760 2057 3800 scere.
2199 3815 2206 3820 ι

1957 3835 2115 3905 Resp.
2141 3834 2396 3891 Lectores
2423 3835 2665 3905 quidem,
2691 3837 2784 3906 qui
2816 3853 3042 3894 suorum
3072 3841 3456 3912 episcoporum

1885 3925 2260 3981 ordinationes
2287 3934 2648 3996 spreverunt:
2685 3935 2739 3982 et
2769 3929 2822 3982 in
2853 3929 2978 3986 aliis
3007 3933 3304 4000 provinciis
3343 3951 3460 3990 ma-

1880 4016 2056 4090 jorem
2096 4017 2321 4088 gradum
2353 4033 2448 4087 per
2477 4018 2802 4088 episcopalis
2832 4034 3027 4077 manus
3055 4022 3460 4093 impositionem

1890 4109 2170 4166 consecuti
2202 4120 2368 4178 sunt,
2399 4111 2986 4167 excommunicationis
3017 4129 3192 4183 paenae
3222 4131 3462 4172 canones

1893 4203 2216 4271 siibjiciunt,
2247 4217 2346 4257 nec
2377 4217 2470 4257 eos
2497 4201 2676 4269 modo,
2701 4203 2796 4259 sed
2819 4211 2873 4258 et
2900 4219 3016 4270 eos,
3039 4208 3132 4276 qui
3173 4207 3458 4265 ordinave-

1885 4303 2035 4368 runt,
2058 4295 2515 4364 quemadmodum
2563 4296 2901 4368 exprimitur]
2919 4313 3130 4354 canone
3155 4299 3225 4354 54
3262 4303 3455 4372 synodi

1888 4385 2362 4456 Carthaginiensis,
2416 4386 2530 4442 haec
2582 4387 2979 4456 complectente
3031 4390 3098 4444 ad
3164 4392 3388 4446 verbum
3443 4410 3458 4446 :

1894 4475 2137 4532 Clericos
2161 4477 2214 4530 in
2241 4477 2471 4532 ecclesia
2493 4489 2738 4548 agentes,
2766 4489 2825 4534 ut
2853 4480 2966 4550 jam
2995 4480 3326 4547 deliniimus,
3351 4499 3461 4540 non

1814 4570 1869 4631 D
1897 4569 2058 4625 licere
2086 4568 2342 4625 ordinare
2388 4569 2440 4625 in
2480 4571 2620 4625 alius
2645 4572 2885 4628 civitatis
2916 4573 3169 4638 ecclesia,
3194 4575 3289 4640 sed
3327 4591 3460 4632 con-

1895 4672 2076 4715 tentos
2096 4675 2218 4714 esse
2247 4660 2358 4724 illa,
2394 4661 2578 4730 inqua
2618 4661 2686 4715 ab
2717 4661 2876 4716 initio
2907 4664 3224 4721 ministrare
3255 4683 3468 4724 merue-

1893 4765 2021 4808 runt
2069 4771 2083 4807 :
2125 4755 2193 4808 iis
2234 4755 2500 4822 exceptis,
2535 4755 2627 4823 qui
2667 4756 2867 4810 amissa
2904 4772 3004 4812 sua
3033 4759 3232 4828 patria,
3261 4775 3329 4816 ex
3364 4777 3464 4818 ne-

1893 4847 2148 4902 cessitate
2200 4848 2254 4899 in
2312 4846 2473 4898 aliam
2523 4848 2808 4902 ecclesiam
2860 4849 3182 4918 migrorunt.
3225 4853 3382 4920 Quod
3417 4858 3464 4910 si

1892 4938 2018 5008 quis
2062 4937 2353 5005 episcopus
2407 4943 2528 5004 post
2572 4937 2712 4992 hanc
2760 4937 3152 5005 deﬁnitionem.
3203 4945 3466 5002 clericum

1893 5027 2196 5096 susceperit
2224 5026 2290 5080 ad
2324 5025 2492 5080 alium
2538 5028 2862 5099 episc0pum,
2887 5017 3252 5102 pertinentem
3280 5076 3296 5099 ,
3343 5037 3463 5106 pla-

1893 5122 2006 5184 cuit
2034 5118 2568 5175 excommunicalum
2592 5135 2736 5187 esse,
2773 5131 2882 5178 tam
2922 5138 3262 5198 susceptum,
3296 5144 3463 5199 quam

1894 5211 2309 5283 suscipientem,
2334 5210 2509 5266 donec
2537 5213 2632 5282 qui
2669 5214 2925 5286 migravit
2953 5217 3210 5282 clericus,
3242 5219 3308 5273 ad
3336 5235 3465 5288 pro-

1894 5304 2068 5374 priam
2103 5301 2390 5358 ecclesiam
2427 5311 2748 5360 revertatur.
2783 5306 2860 5362 De
2907 5306 3062 5363 laicis
3085 5316 3266 5364 autem
3301 5309 3462 5370 simul

1895 5394 2185 5467 quaesitum
2244 5405 2330 5448 est
2384 5393 2441 5447 in
2489 5403 2677 5450 sancta
2731 5394 3467 5468 Constantinopolitanorum

1897 5485 2157 5540 Ecclesiae
2198 5484 2430 5556 synodo,
2462 5486 2888 5556 patriarchatum
2925 5489 3208 5545 obtinente
3237 5491 3470 5545 sanctis-

1897 5581 2038 5634 simo
2083 5579 2223 5633 inter
2271 5578 2612 5648 patriarchas
2676 5589 2732 5636 et
2781 5580 3191 5650 sapientissimo
3240 5581 3468 5637 domino

1881 5664 2159 5726 'uichaeie
2182 5669 2472 5736 Anchiale,
2507 5680 2565 5725 et
2599 5657 2788 5727 mense
2814 5671 3129 5740 Novembri,
3167 5673 3469 5732 indictione

1523 5787 1754 5843 VAKIE
1778 5786 2183 5845 LECTIONES.

242 5887 262 5922 τ
301 5900 415 5951 per
471 5881 856 5945 supellectilem
888 5880 1136 5948 beneﬁcia
1177 5883 1376 5936 tributa
1418 5892 1560 5937 sunt.

150 5965 182 5978 ν
224 5963 569 6012 cadauera.
638 5962 664 6001 1
693 5955 916 6014 scilicet.
948 5953 1304 6020 interpretem.

1641 5895 1665 5922 υ
1707 5885 2116 5954 ροίῃδιαιινὶιιυι.

2197 5893 2218 5919 ν
2246 5898 2465 5952 quorum
2503 5883 2714 5938 nomina
2759 5882 3057 5954 referuntur
3103 5885 3156 5941 in
3189 5885 3354 5942 sacris
3377 5886 3465 5941 ad.
