3948 6570
370 431 506 500 UT!

1635 417 1772 478 JUS
1810 413 2250 477 CANONICUM

3486 405 3621 471 1072

366 560 578 621 quarta,
639 541 920 617 synoda’lis
963 548 1046 596 est
1092 537 1234 594 facta
1286 533 1621 592 subnotatio,
1667 547 1731 584 ex
1770 532 1944 583 ravio-

2074 531 2366 602 ποφωτάτου
2410 527 2604 600 κυρίου
2634 524 2848 598 Μιχαὴλ
2895 522 2989 580 τοῦ
3032 521 3322 594 Ἀγχιάλου
3349 537 3361 551 ·
3401 523 3497 575 καὶ
3531 537 3622 590 γε-

373 658 492 698 rum
527 649 799 694 canonum
837 630 1163 704 allegatione
1201 635 1498 699 excepta',
1533 639 1596 678 ex
1641 636 1800 692 mquo
1837 635 1944 690 pu-

370 734 479 790 niri
510 746 658 795 eum,
694 728 787 800 qui
826 743 890 782 ex
936 725 1113 780 aliena
1151 721 1434 792 provincia
1462 716 1682 772 ordinat
1719 715 1943 778 laicum,

371 837 570 898 preter
593 819 834 893 episcopi
867 815 1044 887 ipsius
1078 812 1430 876 sententiam,
1459 809 1755 880 ipsumque
1779 807 1943 860 etiam

371 919 708 975 ordinatum.

450 1190 646 1248 interr.
673 1185 762 1242 ιθ.
787 1183 1030 1241 Possunt
1055 1179 1270 1236 diaconi
1303 1187 1500 1250 praeter
1530 1172 1948 1229 arcliidiacono-

373 1300 498 1342 rum
537 1282 871 1337 voluntatem
919 1273 1315 1334 sacerdotalem
1361 1268 1623 1338 consequi
1678 1263 1945 1337 gratiam,

375 1371 609 1530 mgf};
627 1458 804 1530 Hujus
831 1457 908 1512 rei
933 1451 1276 1527 providentia
1298 1465 1392 1521 per
1415 1445 1749 1504 sacrosancti
1773 1443 1951 1514 Spiri-

377 1567 468 1612 tus
513 1554 743 1625 gratiam
781 1547 1057 1620 episcopis
1110 1545 1313 1599 tributa
1354 1549 1454 1597 est.
1498 1539 1680 1604 Ouare
1726 1546 1781 1592 et
1823 1549 1949 1590 cum

374 1664 567 1704 eorum
589 1657 859 1700 cimsensu
891 1637 1106 1695 diaconi
1135 1636 1517 1699 sacrabuntur,
1543 1627 1950 1694 arcliidiacono,

376 1749 439 1795 ut
460 1737 764 1798 contratre.
789 1731 966 1790 solum
994 1735 1284 1800 praesente.

456 1922 656 1977 Inierr.
688 1919 777 1975 ll.
802 1913 1087 1984 Laici,qui
1120 1909 1393 1968 secundas
1419 1911 1814 1964 contraxerunt
1843 1918 1950 1957 nu-

384 2027 546 2087 ptas,
571 2015 705 2068 alias
737 2009 974 2080 nuptias,
992 2005 1183 2062 tertias
1209 2003 1436 2067 scilicet,
1467 1999 1704 2070 legitime
1726 2003 1952 2052 contra-

383 2111 535 2168 lient,
569 2119 749 2158 annon
779 2100 805 2154 ’ί

464 2199 601 2265 [ἔστιν
650 2194 816 2250 Vetus
841 2191 1061 2263 quidem
1100 2188 1182 2244 lex
1220 2196 1274 2244 et
1297 2186 1487 2243 tertias
1514 2182 1752 2254 nuptias,
1783 2188 1843 2235 ut
1873 2179 1955 2232 le-

382 2291 621 2362 gitimas,
655 2283 904 2356 agnovit,
935 2290 990 2336 et
1019 2295 1084 2335 ex
1126 2277 1195 2333 iis
1233 2283 1570 2347 procreatos,
1611 2267 1872 2330 lmrcdes,
1902 2273 1956 2320 et

386 2358 442 2436 in
479 2385 744 2452 potestate
772 2373 964 2429 habuit
997 2370 1260 2442 parentis.
1297 2368 1550 2424 Canones
1594 2371 1776 2418 autem
1817 2358 1957 2414 divi-

389 2451 586 2528 norum
636 2481 690 2525 et
735 2477 1054 2524 sanctorum
1086 2461 1332 2525 Patrum,
1391 2474 1498 2514 non
1550 2456 1726 2512 solum
1765 2451 1957 2508 tertias

389 2563 609 2635 nuptias
668 2575 776 2614 non
833 2563 1175 2627 agnoscunt,
1238 2567 1423 2608 rerum
1471 2550 1635 2606 etiam
1687 2546 1958 2604 secundas

390 2670 566 2726 poma:
597 2651 888 2706 moderatas
921 2647 1238 2719 subjiciunt.
1272 2645 1410 2712 Quia
1444 2652 1625 2699 autem
1656 2642 1960 2712 imperante

391 2749 596 2817 inctyto
615 2743 878 2816 principe,
891 2741 1110 2795 domino
1127 2737 1304 2793 Leone
1324 2733 1958 2806 phi1050pbo,dissidium

390 2835 492 2894 fuit
530 2849 782 2909 magnum
841 2833 984 2888 inter
1017 2844 1210 2887 omnes
1257 2829 1447 2884 mundi
1484 2826 1783 2887 Ecclesias.
1815 2823 1958 2894 quod

392 2930 646 3001 princeps
673 2941 780 2980 non
807 2923 984 2978 solum
1011 2921 1212 2978 tertias
1251 2919 1624 2981 contraheret,
1664 2916 1758 2972 sed
1793 2916 1959 2970 etiam

394 3028 643 3092 quartas,
721 3014 1017 3089 synodicus
1059 3013 1235 3068 iactus
1273 3021 1357 3068 est
1383 3021 1689 3067 conventus
1713 3009 1960 3065 omnium

394 3113 524 3176 fere,
548 3126 666 3181 qua:
694 3109 893 3177 ubique
917 3111 1046 3161 sunt
1070 3103 1388 3160 dimcesium
1418 3102 1746 3168 antistitum,
1764 3100 1797 3156 8
1830 3099 1965 3156 indi-

2047 641 2173 695 γονε
2225 624 2369 678 κατὰ
2431 623 2575 694 μῆνα
2623 619 2954 690 Νοέμεριον,
2996 616 3374 687 ἑπινεμήσεως
3421 612 3485 679 δ’,
3526 632 3624 685 ση·

2051 714 2273 786 μείωμα
2301 714 2602 776 συνοδικδν,
2655 708 3166 781 συγκεκροτημένον
3198 706 3307 760 ἀπὸ
3347 705 3623 776 διαφόρων

2050 809 2292 862 κανόνων
2324 804 2728 877 προσκομιδῖῃ·
2777 802 2976 872 ιπίσης
3014 797 3372 871 γνωματεῦον
3395 796 3624 861 κολάζε-

2051 899 2176 953 σθαι
2196 900 2290 952 καὶ
2316 898 2407 951 τὸν
2430 896 2489 962 ἐξ
2508 897 2699 966 ἐτέρας
2718 893 2932 964 ἔνορίας
2957 883 3416 964 χειροτονήσαντα
3439 887 3626 943 λαῖκδν

2050 993 2202 1062 παρὰ
2247 993 2472 1061 γνώμην
2515 986 2610 1042 τοῦ
2659 987 2960 1041 ἐπισκόπου
2999 982 3190 1050 αὑτοῦ,
3228 981 3325 1036 καὶ
3365 980 3529 1037 αὐτὸν
3561 979 3625 1047 δὴ

2049 1083 2141 1137 τὸν
2177 1080 2640 1152 χειροτονηθέντα.

2135 1175 2334 1243 Ἔρώτ.
2395 1179 2467 1244 μ’.
2521 1172 2785 1225 Δύνανται
2827 1168 2878 1222 oi
2917 1166 3156 1223 διάκονοι
3205 1164 3356 1235 παρὰ
3397 1161 3626 1232 γνώμην

2051 1265 2160 1320 τῶν
2194 1262 2588 1336 ἀρχιδιακόνων
2647 1260 2826 1313 αὐτῶν
2891 1255 3172 1326 ἱερατικοῦ
3236 1252 3627 1318 καταξιοῦσθαι

2051 1356 2418 1426 χαρίσματος,
2454 1351 2487 1422 ἦ
2517 1350 2578 1405 οὔ
2605 1369 2620 1420 ;

2138 1445 2338 1498 Ἀπόκ.
2361 1445 2488 1507 Τοῖς
2513 1440 2832 1503 ἐπισκόποις
2853 1439 2888 1509 ἡ
2911 1438 3038 1510 περὶ
3061 1435 3251 1491 τούτου
3277 1435 3507 1507 πρόνοια
3532 1449 3628 1487 πε-

2055 1539 2406 1611 φιλοτίμηται
2447 1536 2598 1606 παρὰ
2641 1535 2741 1605 τῆς
2770 1533 2994 1603 χάριτος
3038 1529 3132 1584 τοῦ
3163 1526 3436 1597 παναγίου
3463 1523 3633 1580 Πνεῦ-

2057 1649 2247 1704 ματος.
2283 1631 2377 1684 Διδ
2408 1629 2504 1683 καὶ
2537 1627 2675 1697 μετὰ
2705 1627 2930 1695 γνώμης
2958 1621 3138 1677 αὐτῶν
3170 1621 3558 1692 ίερωθήσονται
3582 1616 3630 1668 oi

2054 1725 2312 1785 διάκονοι,
2362 1719 2458 1774 τοῦ
2504 1715 2909 1790 ἁρχιδιακόνου,
2953 1714 3030 1768 ὡς
3068 1712 3427 1782 συναδέλφου,
3473 1708 3630 1779 μόνον

2057 1832 2134 1870 πα
2143 1813 2551 1885 ρουσιάζοντοςς

2141 1907 2339 1978 Ἐρώτ.
2391 1905 2504 1978 μα’.
2560 1907 2624 1959 Οἱ
2676 1902 3080 1974 διγαμήσαντες
3131 1897 3328 1964 λαῖκοὶ,
3393 1895 3489 1950 καὶ
3517 1893 3636 1947 ἑτέ-

2059 2017 2154 2071 ρου
2205 1999 2409 2068 γάμου,
2469 1996 2589 2068 ἦτοι
2645 1993 2856 2064 τρίτου,
2923 1989 3168 2061 νομίμως
3214 1984 3634 2057 ἀξιωθήσονται,

2053 2090 2215 2164 ἢοΰς

2141 2184 2338 2239 Ἀπόκ.
2372 2183 2432 2236 '0
2458 2179 2555 2251 μὲν
2577 2176 2808 2241 παλαιὸς
2828 2177 2993 2247 νόμος
3025 2176 3121 2230 καὶ
3143 2174 3324 2248 τρίτον
3356 2171 3536 2243 γάμον
3561 2168 3635 2233 ὡς

2057 2279 2282 2349 ἔννομον
2308 2276 2665 2345 ὲπεγίνωσκε,
2695 2271 2793 2326 καὶ
2817 2272 2942 2335 τοὺς
2968 2272 3030 2323 ὲκ
3044 2269 3234 2324 τούτου
3252 2265 3634 2336 γεννηθέντας,

2073 2370 2446 2441 κληρονόμους
2497 2368 2592 2421 καὶ
2617 2363 2969 2432 ὑπεξουσίους
3000 2357 3113 2434 εἶχε
3165 2360 3256 2414 τοῦ
3314 2358 3584 2427 φύσαντος
3619 2367 3633 2383 ·

2059 2465 2109 2519 οἱ
2142 2463 2199 2518 δὲ
2228 2462 2454 2526 κανόνες
2499 2460 2607 2514 τῶν
2646 2459 2807 2512 θείων
2859 2455 2956 2510 καὶ
3012 2454 3185 2524 ἁγίων
3232 2452 3515 2521 Πατέρων,
3572 2445 3634 2498 οὒ

2065 2558 2227 2630 μόνον
2252 2555 2344 2608 τὸν
2397 2552 2580 2624 τρίτον
2629 2551 2807 2622 γάμον
2856 2549 2955 2601 οὐκ
2993 2543 3468 2615 ἐπιγινώσκουσιν,
3503 2537 3640 2592 ἀλλὰ

2063 2648 2266 2705 καὶτὸν
2303 2646 2554 2716 δεύτερον
2591 2641 2851 2711 ἐπιτιμίῳ
2880 2637 3084 2710 μετρίῳ
3111 2633 3637 2690 καθυποϐἀλλουσιν.

2066 2741 2188 2795 Ὀτι
2221 2737 2277 2793 δὲ
2317 2733 2691 2808 βασιλεύοντος
2725 2731 2820 2786 τοῦ
2847 2729 3092 2798 ἀοιδίμου
3144 2725 3409 2799 βασιλέως
3444 2723 3638 2794 κυρίου

2065 2833 2292 2894 Λέοντος
2317 2847 2378 2883 το
2398 2830 2428 2882 ὖ
2462 2826 2636 2896 Σοφοῦ
2663 2825 2870 2896 σχίσμα
2916 2825 3107 2892 γέγονε
3141 2820 3282 2891 μέγα
3323 2817 3476 2890 παρὰ
3520 2819 3641 2879 ταῖς

2078 2922 2430 2996 Ἐκκλησίιις
2453 2919 2777 2990 τοῦ’κόσμου
2817 2915 3039 2982 παντὸς,
3078 2913 3164 2966 διὰ
3197 2913 3258 2965 τὸ
3285 2909 3377 2964 τδν
3415 2907 3641 2980 βασιλέα

2070 3017 2146 3091 μὴ
2175 3018 2336 3090 μόνον
2380 3013 2744 3086 τριγαμῆσαι,
2774 3009 2910 3064 ἀλλὰ
2932 3009 3026 3062 καὶ
3049 3003 3486 3077 τετραγαμῆσαι,
3518 3017 3642 3052 συνο

2076 3111 2290 3174 ἐλευσις
2335 3106 2592 3176 ἐτελέσθη
2629 3101 2881 3173 συνοδικὴ
2929 3101 3147 3155 πάντων
3193 3096 3378 3168 σχεδὸν
3407 3094 3518 3146 τῶν
3548 3093 3643 3163 ἀρ-

393 3206 574 3259 ctionc
601 3201 728 3256 anni
769 3199 928 3254 διεδ.
958 3197 1027 3254 Et
1062 3197 1397 3269 disputatum
1424 3205 1529 3262 est,
1552 3194 1649 3268 qui
1692 3193 1961 3263 nuptiales

2074 3199 2496 3274 χιερατευόντων
2541 3198 2601 3250 ὲν
2643 3197 2764 3260 ταῖς
2793 3191 3106 3262 ἁπανταχοῦ
3153 3189 3473 3257 διοικήσεσι,
3503 3184 3643 3238 κατὰ

393 3296 636 3368 fugiendi
675 3295 784 3349 sint
823 3300 1158 3357 contractus,
1193 3299 1246 3346 et
1280 3290 1372 3360 qui
1424 3287 1794 3360 permittendi,
1819 3288 1968 3340 velut

397 3389 648 3458 legitimi,
677 3383 1072 3456 imperantibus
1097 3383 1300 3454 inclle
1330 3381 1577 3453 principe
1604 3379 1968 3435 Constantino

398 3481 940 3552 Porphyrogenucta,
967 3483 1019 3531 et
1056 3475 1175 3545 ejus
1201 3489 1395 3530 socero
1434 3473 1657 3529 domino
1696 3471 1968 3527 Romano.

397 3569 528 3626 Post
545 3568 741 3623 multas
758 3563 1164 3630 altercationes,
1179 3571 1232 3620 et
1247 3575 1488 3621 exactam
1507 3563 1970 3634 disquisitionem,

397 3661 608 3718 decisio
629 3671 656 3701 ι
696 3656 956 3730 synodica
978 3657 1256 3728 eleganter
1279 3655 1485 3728 scripta
1509 3663 1615 3715 est,
1648 3653 1972 3710 conﬁrmata

396 3753 562 3809 etiam
587 3750 850 3822 principis
869 3749 1027 3805 solita
1054 3748 1458 3820 subscriptione
1478 3766 1490 3803 :
1507 3755 1734 3819 quartas
1750 3747 1971 3818 quidem

398 3844 618 3914 nuptias
649 3840 985 3914 respuendas
1015 3855 1160 3906 esse,
1188 3855 1287 3895 nec
1317 3839 1713 3910 permittendas
1743 3837 1974 3894 :tertias

396 3949 581 3994 autem
626 3951 774 3991 nunc
827 3933 1223 4006 permittendas
1271 3948 1421 4001 esse,
1475 3949 1620 3989 nunc
1671 3947 1780 3988 non
1823 3946 1969 3988 esse.

398 4029 597 4084 Deﬁnit
616 4029 758 4084 enim
793 4025 1050 4093 binubos,
1073 4033 1128 4081 et
1156 4023 1319 4080 simul
1343 4024 1526 4087 orbos,
1557 4023 1648 4094 qui
1673 4022 1976 4094 quadrage-

398 4122 600 4177 simum
658 4133 864 4175 annum
917 4122 1158 4173 nondum
1203 4117 1589 4186 impleverunt,
1644 4115 1974 4182 contrahere

399 4215 564 4270 etiam
610 4212 800 4268 tertias
839 4209 1057 4280 nuptias
1097 4207 1163 4262 ad
1189 4206 1442 4262 orbitatis
1495 4203 1818 4269 remedium,
1866 4201 1972 4257 nisi

400 4306 543 4376 quod
563 4321 658 4376 per
677 4312 850 4360 totum
868 4298 1306 4372 quinquennium
1328 4310 1559 4351 censura
1590 4295 1973 4358 emendantur,

401 4415 470 4455 ne
505 4398 722 4452 divinas
743 4399 1029 4452 assumant
1053 4389 1540 4447 sanctilicationes.
1571 4386 1753 4442 Finito
1790 4395 1971 4440 autem

404 4487 804 4564 quinquennio,
835 4492 919 4538 ter
965 4481 1020 4535 in
1071 4492 1216 4533 anno
1253 4483 1560 4533 assumant.
1593 4475 1699 4530 Sed
1733 4482 1788 4528 et
1816 4473 1976 4527 trice-

402 4563 598 4646 nariis,
629 4575 880 4648 quamvis
913 4574 1115 4628 liberos
1146 4568 1496 4631 habentibus.
1530 4565 1678 4622 tertii
1705 4564 1964 4620 connubii
1993 4563 2048 4626 D

401 4679 644 4746 potestas
683 4669 825 4722 facta
866 4673 977 4728 est,
1009 4673 1234 4734 propter
1259 4659 1444 4716 aetatis
1468 4657 1879 4713 inﬁrmitatem:
1914 4666 1976 4712 ut

404 4772 459 4818 et
486 4762 539 4815 lii
566 4773 662 4830 per
677 4754 1096 4828 quadriennium
1121 4767 1247 4808 esse
1274 4765 1384 4806 non
1407 4750 1642 4804 debeant
1665 4747 1973 4804 divinarum

398 4848 898 4909 sanctiticationum
957 4843 1295 4916 participes:
1347 4855 1458 4910 quo
1512 4847 1756 4912 peracto,
1795 4848 1878 4894 ter
1917 4839 1974 4896 in

402 4957 550 4999 anno
567 4940 750 4995 divina
772 4935 1148 5009 participaturi
1179 4934 1289 4990 sint
1321 4937 1685 4988 sacramenta.
1705 4931 1776 4988 lis
1791 4938 1972 4987 autem

402 5033 496 5105 qui
550 5030 1029 5103 quadragesimum
1087 5039 1292 5080 annum
1347 5032 1751 5088 excesserunt,
1822 5022 1973 5078 nullo

402 5123 565 5180 modo
584 5122 772 5178 tertias
793 5133 917 5175 esse
932 5115 1310 5172 concedendas
1331 5114 1552 5184 nuptias
1578 5113 1748 5168 divini
1781 5111 1971 5170 Patres

399 5215 626 5272 oraculo
651 5212 1097 5287 pronuntiarunt.
1148 5209 1212 5263 Et
1249 5207 1364 5262 hac
1404 5206 1624 5277 quidem
1662 5206 1880 5261 uuionis
1909 5221 1973 5261 ea

401 5307 607 5363 decisio
653 5305 864 5359 delinit.
903 5300 1172 5355 Castorum
1223 5295 1466 5352 Ecclesia
1516 5295 1738 5351 tandem
1781 5305 1972 5353 nostra

399 5410 559 5456 aetate
581 5398 725 5453 tertii
756 5391 1088 5452 matrimonii
1120 5395 1460 5444 contractum
1490 5404 1599 5444 non
1629 5391 1897 5460 permisit.

2071 3293 2170 3366 τὴν
2200 3297 2249 3363 η’
2269 3290 2593 3359 ἐπινέμησιν
2620 3285 2715 3340 τοῦ
2743 3282 2923 3359 ,ςυκη’
2956 3283 3128 3346 ιτους,
3161 3281 3271 3334 Καὶ
3303 3277 3640 3348 συνεζητήθη

2072 3363 2203 3437 ποῖα
2246 3378 2462 3451 γαμικὰ
2485 3373 2912 3444 συναλλάγματα
2962 3373 3102 3426 εἰσιν
3139 3367 3503 3440 ἀποτρόπαια,
3551 3363 3643 3418 καὶ

2072 3477 2202 3530 ποῖα
2228 3471 2610 3544 συγχωρητέα,
2643 3467 2720 3532 ὡς
2769 3467 2968 3536 ἔννομα
2989 3479 3005 3496 ο
3039 3460 3430 3535 βασιλευόντων
3451 3455 3548 3511 τοῦ
3585 3473 3642 3509 τε

2071 3568 2317 3638 ἀοιδίμου
2347 3562 2611 3637 βασιλέως
2634 3559 3047 3615 Κωνσταντίνου
3081 3554 3175 3610 τοῦ
3199 3549 3646 3625 Πορφυρογεννή·

2072 3673 2188 3724 του,
2245 3656 2338 3711 καὶ
2391 3653 2487 3708 τοῦ
2533 3648 2798 3722 πενθεροῦ
2857 3646 3025 3704 αὐτοῦ
3086 3644 3276 3717 κυρίου
3338 3639 3641 3712 Ῥωμανοῦ.

2072 3747 2229 3804 Μετὰ
2278 3742 2480 3807 πολλὰς
2506 3741 2634 3811 γοῦν
2687 3735 2997 3807 ἀντιλογίας
3059 3736 3154 3790 καὶ
3204 3733 3345 3804 μετὰ
3398 3730 3644 3796 ἐξέτασιν

2071 3838 2295 3912 ἀκρισῆ,
2337 3834 2785 3906 ὲκαλλιγραφήθη
2834 3831 3002 3902 τόμος
3037 3826 3337 3889 συνοδικδς,
3359 3839 3643 3893 κατησςρα-

2073 3932 2329 4004 λισμίνος
2344 3933 2437 3984 καὶ
2459 3931 2528 4000 τῇ
2554 3925 2648 3980 τοῦ
2677 3923 2940 3998 βασιλέως
2970 3919 3189 3992 συνήθει
3218 3917 3531 3988 ὑπογραφῇ,
3558 3913 3645 3965 τὸν

2078 4024 2178 4096 μὲν
2209 4023 2468 4094 τέταρτον
2495 4020 2692 4089 γάμον,
2720 4016 3068 4071 ἀπόπτυστον
3096 4008 3234 4065 εἶναι
3266 4011 3363 4062 καὶ
3393 4005 3645 4074 ἀσυγχώ-

2077 4091 2243 4188 ρητον
2266 4129 2282 4147 ο
2317 4091 2406 4166 {sv
2430 4111 2488 4165 δὲ
2529 4109 2732 4182 τρίτον,
2783 4108 2857 4176 πῆ
2915 4105 3014 4175 μὲν
3067 4098 3454 4170 συγχωρητέον
3487 4091 3643 4158 εἶναι,

2181 4205 2239 4258 δὲ
2258 4201 2665 4274 ἀσυγχώρητον.
2691 4196 2992 4268 Διορίζεται
3016 4194 3146 4262 γὰρ,
3167 4191 3290 4254 τοὺς
3318 4190 3483 4257 μήπω
3512 4185 3645 4254 πλη-

2077 4301 2359 4374 ρώσαντας
2385 4298 2446 4352 τὸ
2465 4293 2897 4364 τεσσαρακοστὸν
2927 4290 3065 4355 ἔτος,
3096 4287 3526 4356 διγαμήσαντας,
3558 4283 3647 4335 καὶ

2075 4372 2309 4456 ἀπαιδας
2342 4389 2520 4456 δντας,
2557 4386 2938 4442 συναλλάττειν
2974 4383 3068 4436 καλ⁵
3099 4379 3284 4451 τρίτον
3325 4378 3525 4446 γάμον,
3559 4372 3646 4425 διὰ

2075 4486 2175 4556 τὴν
2199 4481 2503 4554 θεραπείαν
2530 4479 2630 4550 τῆς
2649 4478 2927 4540 ἀπαιδίας.
2987 4474 3133 4543 Πλὴν
3159 4466 3645 4538 ὲπιτετιμημὲνους

2075 4573 2303 4632 εῖναιδι⁹
2344 4572 2474 4644 ὅλης
2520 4570 2867 4634 πενταετίας,
2904 4565 3051 4620 ὥστε
3099 4564 3172 4634 μὴ
3207 4557 3645 4631 μεταλαμόάνειν

2076 4667 2187 4723 τῶν
2227 4665 2390 4720 θείων
2437 4661 2796 4732 ἁγιασμάτων
2828 4675 2842 4692 ο
2879 4657 3016 4726 μετὰ
3059 4657 3116 4710 δὲ
3159 4654 3259 4724 τὴν
3305 4649 3644 4711 πενταετίαν,

2077 4761 2200 4832 τρὶς
2247 4757 2340 4812 τοῦ
2385 4755 2538 4818 ἔτους
2588 4749 3024 4823 μεταλαμϐάνειν
3077 4745 3292 4807 αὐτούς.
3345 4742 3505 4795 Ἀλλὰ
3557 4739 3648 4792 καὶ

2076 4848 2205 4911 τοὺς
2237 4842 2680 4917 τριακονταετεῖς
2709 4838 2891 4902 ὄντας,
2938 4837 3040 4890 κᾶν
3067 4834 3260 4896 παῖδας
3288 4831 3507 4903 ἔχωσιν,
3538 4829 3648 4894 ἑξε-

2077 4937 2360 5011 χώρησαν,
2426 4932 2518 4987 διὰ
2570 4931 2670 5001 τὴν
2733 4931 2797 4982 ἐκ
2821 4929 2917 4999 τῆς
2967 4927 3186 4998 ἡλικίας
3217 4923 3525 4985 ἀσθένειαν,
3556 4917 3648 4972 καὶ

2079 5029 2265 5102 τρίτον
2298 5026 2480 5096 γάμον
2506 5041 2521 5055 ο
2561 5022 2878 5095 ὀφείλοντας
2926 5023 3020 5074 καὶ
3054 5018 3277 5080 τούτους
3309 5017 3402 5069 ἐπὶ
3429 5027 3646 5080 τετραε-

2077 5100 2201 5175 τίαν
2220 5118 2520 5190 ἅμετόχους
2541 5107 2682 5168 εἶναι
2713 5111 2822 5166 τῶν
2845 5110 3004 5164 θείων
3043 5109 3419 5176 ἀγιασμέιτων,
3459 5103 3532 5166 ὡς
3557 5100 3648 5152 ἕκ-

2078 5225 2203 5265 τοτε
2239 5208 2336 5263 καὶ
2363 5207 2545 5261 αὐτῶν
2577 5203 2880 5277 μελλόντων
2905 5202 3024 5270 τρὶς
3057 5200 3151 5252 τοῦ
3181 5199 3330 5260 ἔτους
3362 5195 3470 5248 τῶν
3493 5193 3645 5246 θείων

2085 5298 2526 5374 μεταλαμσάνειν
2546 5294 2880 5366 μυστηρίων.
2934 5293 3059 5356 Τοῖς
3095 5291 3152 5344 δὲ
3185 5289 3276 5343 τὸν
3317 5300 3645 5356 τεσσαρακο-

2084 5372 2212 5444 στὸν
2242 5389 2435 5460 χρόνον
2485 5383 2921 5454 ὑπερανασᾶσιν,
2954 5381 3013 5447 ἐξ
3066 5379 3280 5440 οὐδενὸς
3306 5378 3506 5448 τρόπου
3555 5372 3643 5424 τδν

399 5496 580 5564 τρίτον
619 5495 796 5562 γάμον
845 5483 1228 5559 συγχωρητέον
1276 5481 1414 5538 εἶναι
1459 5485 1510 5537 oi
1543 5483 1678 5538 θεῖοι
1725 5485 1969 5559 Πατέρες
2006 5485 2419 5556 ὲθεσπιῴδησαν
2453 5493 2468 5508 ⁸
2510 5479 2606 5534 καὶ
2633 5480 2664 5532 δ
2696 5477 2794 5549 μὲν
2831 5475 2996 5547 τόμος
3031 5466 3188 5536 οὗτος
3243 5471 3345 5540 τῆς
3411 5467 3642 5533 ἑνώσεως

406 5559 572 5639 ταῦτα
604 5559 936 5656 διορίζεται·
979 5581 1015 5650 ἡ
1055 5575 1349 5644 Ἐκκλησία
1373 5575 1431 5630 δὲ
1457 5576 1561 5630 οὐκ
1589 5577 1856 5649 ἐπέτρεψε
1878 5577 2017 5643 τέως
2091 5578 2186 5632 ὲπὶ
2250 5575 2362 5630 τῶν
2417 5571 2702 5646 ἡμετέρων
2749 5567 2958 5640 χρόνων
2998 5565 3182 5637 τρίτου
3229 5561 3412 5632 γάμου
3459 5559 3641 5615 συνάλ.

402 5694 606 5751 λαγμα.

1743 5760 1979 5818 VARI!!!
2014 5761 2418 5822 LECTIONBS.

484 5865 780 5934 lconfecla.
838 5875 864 5906 ι
907 5871 1098 5918 tomus.
