3948 6566
301 385 427 451 1073
1559 376 1830 439 ΟΒΑΞΕΟ
1868 374 1884 432 l

1990 372 2272 436 llANUM.
3413 363 3554 424 107’s

371 489 560 557 Ἐρώτ.
627 487 734 560 νβ’.
803 490 926 552 Τοῖς
997 488 1490 557 παλλακευομένας
1565 503 1850 556 συγχωρηο

2029 480 2225 537 Ιηιενν.
2268 480 2353 534 42.
2387 481 2441 534 ln
2463 478 2832 535 concubinatu
2862 480 3151 548 agentibus
3183 473 3560 545 permittenda.

295 586 385 639 τέα
423 583 570 636 ἐστὶν
619 586 655 654 ἡ
707 583 816 636 τῶν
851 583 1012 637 θείων
1050 581 1408 653 ἁγιασμάτων
1465 579 1787 651 μετάληψις,
1824 580 1857 648 ἦ

1990 585 2047 630 :st
2072 575 2382 629 divinarum
2409 572 2907 630 sanctillcationunt
2936 569 3304 644 participatio,
3337 583 3507 623 necne
3527 567 3566 620 i-

294 675 382 730 οὓς

370 719 564 821 ὶλπόκ.
601 764 659 820 '0
684 763 858 836 μέγας
881 767 937 818 ὲν
965 764 1279 836 ἀρχιερεῦσι
1297 743 1572 824 Βασίλειος
1601 761 1658 815 ἐν
1673 757 1861 830 διαφό-

2037 755 2189 826 Resp.
2231 754 2461 827 Magnus
2502 755 2556 810 in
2589 752 2932 810 antistitibus
2971 751 3229 815 Basilius,
3291 749 3344 804 in
3382 751 3568 806 variis

300 875 404 928 ροις
425 857 645 911 κανόσιν
666 856 831 913 αὑτοῦ
858 858 918 911 οὒ
954 857 1170 911 δίδωσιν
1222 856 1408 911 ἄδειαν
1458 857 1570 919 τοῖς
1640 851 1864 923 πορνεῦ-

1990 847 2276 902 :anonibus
2303 847 2419 902 suis
2449 861 2556 902 non
2584 845 2679 900 dat
2707 843 3080 901 scortantibus
3109 842 3384 897 licentiam
3415 841 3554 894 divi-

294 965 408 1002 ουσι
433 946 543 1001 τῶν
581 947 740 1002 θείων
771 946 1131 1018 ἁγιασμάτων
1182 942 1646 1017 μεταλαμϐάνειν.
1689 940 1780 993 Ἐν
1807 939 1865 993 δὲ

1990 952 2068 993 tas
2095 937 2560 993 sanctilicationes
2587 935 2923 993 assumendi.
2959 933 3015 988 In
3039 933 3314 1003 80;autetn
3341 947 3562 986 canone

296 1039 369 1110 τῷ
409 1046 463 1094 π’
514 1041 699 1094 κανόνι
755 1037 920 1093 αὑτοῦ
975 1038 1292 1110 διορίζεται,
1321 1037 1422 1107 τὴν
1473 1033 1864 1106 πορνεύουσαν,

1990 1027 2180 1095 Iellnlt,
2229 1029 2635 1093 scortatricem,
2669 1042 2790 1099 qua:
2837 1037 2867 1082 a
2899 1025 3234 1082 scortatione
3276 1023 3551 1101 discessit,

296 1135 605 1187 ἀποστᾶσαν
636 1134 734 1204 τῆς
761 1133 1039 1204 πορνείας,
1073 1133 1146 1202 μὴ
1183 1128 1536 1196 ἀπεντεῦθεν,
1559 1127 1693 1181 ἀλλά
1728 1125 1869 1198 μετὰ

1990 1135 2079 1174 ιοη
2117 1119 2333 1182 exinde,
2359 1117 2456 1174 sed
2491 1126 2616 1190 post
2642 1117 2963 1186 triennium,
3000 1117 3312 1174 divinarum
3345 1114 3554 1171 sancti-

295 1225 528 1300 τριετίαν
551 1224 658 1279 τῶν
681 1223 840 1280 θείων
865 1225 1223 1297 ἀγιασμάτων
1247 1223 1704 1295 μεταλαμϐάνειν.

1990 1209 2290 1264 icationum
2320 1209 2648 1280 participem
2685 1207 2825 1265 ﬁeri.

375 1317 574 1388 Ἐρώτ.
637 1317 748 1390 pf.
824 1319 890 1373 Ἠ
959 1317 1333 1390 συμπενθερία
1388 1315 1498 1370 τῶν
1560 1315 1866 1369 συντὲκνων

2044 1299 2244 1356 lnterr.
2293 1303 2386 1357 45.
2417 1301 2820 1357 Consoceratus
2851 1309 3200 1372 compatrum
3227 1298 3292 1353 ad
3325 1304 3552 1369 quotum

300 1411 457 1481 μέχρι
485 1411 654 1464 πόσου
687 1410 898 1482 βαθμοῦ
925 1409 1191 1466 κωλύεται
1218 1426 1232 1475 ;

1990 1410 2149 1464 isque
2185 1394 2411 1466 gradum
2453 1393 2823 1464 prohibetur?

362 1497 568 1553 Ἀπόκ.
614 1481 804 1568 Ὀγμὲν
837 1497 920 1569 νγ¹
947 1499 1128 1554 κανὼν
1157 1498 1254 1569 τῆς
1296 1499 1354 1552 ἐν
1383 1496 1458 1568 τῷ
1488 1496 1742 1570 Τρούλλῳ
1777 1494 1870 1550 τοῦ

2041 1481 2199 1556 Resp.
2269 1484 2458 1540 Cauon
2518 1485 2736 1555 quidem
2780 1483 3267 1554 quinquagesimns
3322 1489 3556 1550 quartus

299 1592 531 1662 μεγάλου
562 1591 833 1647 παλατίου
865 1593 1138 1662 συστάσης
1167 1592 1328 1661 ἀγίας
1359 1591 1454 1644 καὶ
1484 1589 1872 1660 οίκουμενικῆς

1990 1589 2178 1635 sanctae
2201 1588 2254 1634 et
2285 1580 2637 1635 tecumenicze
2667 1579 2883 1650 synodi,
2911 1578 2962 1631 in
2982 1575 3366 1645 Trullomagni
3403 1572 3557 1644 pala-

298 1683 509 1736 συνόδου
548 1684 768 1750 κολάζει
806 1685 930 1748 τοὺς
959 1683 1254 1756 ἀναδόχους
1301 1683 1672 1737 συνάπτεσθαι
1704 1699 1873 1752 γαμι-

1990 1672 2034 1727 Lii
2068 1682 2291 1735 coactae,
2335 1679 2481 1725 vetat
2523 1680 2873 1740 susc0ptores
2912 1667 3188 1724 connubio
3229 1666 3379 1738 jungi
3429 1679 3553 1720 cum

299 1775 407 1840 κῶς
441 1777 564 1840 ταῖς
607 1777 850 1848 μητράσι
899 1776 1010 1830 τῶν
1057 1777 1120 1831 ὲκ
1161 1775 1256 1831 τοῦ
1307 1775 1465 1846 ἁγίου
1498 1775 1872 1848 βαπτίσματος

1990 1763 2246 1820 matribus
2285 1763 2577 1817 infantium
2611 1775 2641 1818 e
2678 1771 2868 1816 sancto
2895 1761 3111 1816 lavacro
3142 1769 3552 1830 susceptorum,

299 1827 1000 1938 ινᾶδεάθὲνὲωζῗῐιὶᾉεδῴζζ
1059 1827 1372 1940 ἰαιῖιεέἆ
1413 1827 1723 1922 satisﬁat?
1753 1827 1873 1920 ’τοέ

1990 1866 2030 1911 3t
2066 1865 2186 1926 post
2240 1856 2637 1911 discessionem
2672 1869 2702 1908 α
2735 1853 2902 1920 ntalo,
2946 1853 3166 1924 stthjicit
3193 1854 3554 1908 scortantium

299 1959 488 2024 κακοῦ,
539 1958 952 2015 καθυποὸἀλλει
983 1963 1352 2032 πορνευόντων
1385 1961 1668 2031 ἐπιτιμίῳ.
1711 1958 1785 2014 Τὸ
1820 1958 1876 2018 δὲ

1990 1963 2174 2017 Mente.
2201 1947 2438 2004 Ultimus
2471 1957 2651 2002 autem
2696 1947 3003 2002 versiculus
3050 1947 3116 2001 10
3145 1962 3196 2002 c.
3237 1945 3293 2010 5,
3339 1945 3420 1999 tit.
3459 1945 3553 2010 28,

297 2051 602 2106 τελευταῖον
637 2052 919 2124 θέσπισμα
963 2053 1057 2107 τοῦ
1085 2051 1116 2107 ι’
1150 2053 1442 2124 κεφαλαίου
1483 2051 1577 2105 τοῦ
1627 2049 1668 2104 ε’
1697 2051 1874 2105 τίτλου

1990 2037 2120 2092 libro
2171 2035 2473 2100 Basilicwv,
2515 2037 2745 2094 alterius
2777 2037 3113 2108 punitionent
3143 2036 3405 2092 extendit.
3448 2035 3558 2091 Sed

297 2143 384 2200 τοῦ
415 2153 500 2216 κη’
537 2146 750 2217 βιϐλίου
780 2146 886 2202 τῶν
913 2145 1223 2201 Βασιλικῶν
1253 2145 1345 2198 ἐπὶ
1377 2143 1541 2200 πλέον
1574 2144 1877 2198 ἐπεκτείνει

295 2238 392 2311 τὴν
415 2238 662 2294 κόλασιν.
696 2239 818 2294 Ὀτι
839 2237 896 2293 δὲ
916 2239 1010 2293 καὶ
1029 2241 1056 2293 ό
1075 2237 1334 2310 δηλωθεὶς
1366 2237 1547 2294 κανὼν
1573 2237 1668 2292 κοιλ⁵
1697 2237 1726 2290 ό
1759 2236 1878 2291 δια-

296 2331 517 2402 ληφθεὶς
545 2333 715 2404 νόμος
754 2330 977 2403 μείζονα
1003 2331 1101 2402 τὴν
1134 2331 1274 2384 κατά
1303 2329 1520 2402 πνεῦμα
1556 2328 1877 2398 συγγένειαν

298 2425 506 2494 λέγουσι
534 2425 638 2496 τῆς
673 2423 993 2495 σωματικῆς
1017 2422 1334 2493 συναφείας,
1359 2421 1550 2490 γέγονε
1583 2421 1878 2493 σημείωμα

301 2518 571 2573 συνοδικδν
601 2515 696 2571 ἐπὶ
721 2517 814 2572 τοῦ
843 2516 1175 2586 ἅγιωτάτου.
1219 2515 1463 2570 Ἐκείνου
1499 2515 1640 2586 παρτ
1652 2513 1876 2586 ριάρχου

299 2610 482 2681 κυρίου
518 2608 820 2672 Νικολάου,
848 2606 991 2664 κατά
1029 2607 1176 2679 μῆνα
1193 2608 1372 2662 Μάῖον
1399 2605 1500 2676 τῆς
1531 2602 1592 2658 ιε’
1618 2605 1880 2678 ἐπινεμή.

301 2721 452 2767 σεως,
482 2703 580 2757 ἐπὶ
637 2703 909 2774 ἐρωτήσει
957 2701 1052 2755 τοῦ
1107 2701 1415 2774 ὕπερτίμου
1444 2699 1654 2756 ἐκείνου
1685 2703 1878 2773 κυρίου

301 2796 597 2866 Γρηγορίου
625 2795 720 2848 τοῦ
743 2793 944 2865 Ξηροῦ,
981 2792 1351 2864 διοριζόμενον
1379 2793 1490 2861 τοῖς
1521 2797 1704 2860 αὐτοῖς
1733 2797 1881 2864 ὅροις

302 2881 694 2953 συσφίγγεσθαι
743 2883 838 2939 καὶ
888 2882 1273 2952 ὑφαπλοῦσθαι
1305 2885 1402 2956 τὴν
1423 2885 1511 2940 διὰ
1542 2886 1643 2957 τῆς
1687 2902 1878 2940 συντε-

301 2963 448 3039 κπίας
472 2978 756 3031 συστᾶσαν
800 2975 1182 3048 πνευματικὴν
1225 2977 1568 3053 συγγένειαν,
1595 2972 1675 3044 οἷς
1701 2977 1796 3032 καὶ
1821 2975 1878 3032 αἱ

304 3070 608 3138 σωματικαὶ
634 3068 946 3138 συγγένειαι
968 3067 1395 3143 περιορίζονται.

1979 2129 2242 2201 quoniam
2279 2138 2332 2185 et
2376 2128 2689 2186 declaratus
2719 2143 2924 2201 canon,
2959 2136 3014 2185 et
3045 2144 3208 2200 supra
3240 2130 3441 2200 scripta
3471 2129 3501 2182 ι·
3526 2143 3555 2183 x

1978 2219 2284 2290 spiritalem
2310 2220 2693 2295 cognationem
2715 2221 2902 2275 dicunt
2922 2222 3180 2288 majorem
3209 2220 3556 2288 conjunctio-

1981 2325 2054 2366 ne
2106 2309 2383 2380 corporali
2437 2325 2452 2364 :
2512 2307 2653 2367 facta
2707 2307 2810 2364 l‘uit
2836 2311 3099 2382 synodica
3146 2310 3556 2379 subnotationo,

1979 2409 2228 2474 tempore
2259 2402 2601 2458 sanctissimi
2627 2402 2776 2459 illius
2801 2403 3146 2473 patriarcha',
3169 2402 3374 2458 domini
3396 2402 3560 2457 Nico-

1980 2496 2075 2559 lai,
2109 2497 2298 2551 mense
2332 2493 2494 2562 Maio,
2541 2495 2946 2567 declmaquinta
2985 2495 3309 2560 indictione,
3367 2495 3435 2550 ad
3480 2497 3562 2550 in-

1981 2585 2406 2661 terrogationem
2465 2603 2729 2660 perquam
2780 2588 3086 2645 honorandi
3140 2589 3289 2646 illius
3347 2587 3556 2644 domini

1978 2678 2232 2752 Gregorii
2259 2679 2415 2749 Xeri,
2449 2681 2720 2738 deﬁniens
2753 2681 2946 2737 iisdem
2979 2682 3282 2754 constringi
3315 2687 3370 2737 et
3396 2684 3565 2754 expli-

1978 2777 2094 2832 cari
2124 2777 2378 2833 terminis
2403 2777 2432 2818 b
2457 2776 2780 2847 spiritalem,
2804 2791 2926 2845 quae
2950 2776 3561 2846 percompaternitatem

1979 2871 2345 2935 contrahitur,
2364 2870 2745 2941 cognationem
2769 2887 2784 2936 ;
2808 2868 3006 2942 quibus
3022 2869 3335 2941 corporales
3361 2871 3564 2948 cogna-

1984 2963 2167 3020 tiones
2196 2963 2753 3020 circumscribuntur.

379 3129 578 3232 iEpa'ir.
632 3129 762 3233 μᾶζ’
793 3158 858 3216 Ἥ
917 3129 1072 3234 χώρα
1298 3159 1692 3234 Ἀλεξανδρέων
1749 3160 1880 3216 πολ-

2059 3148 2257 3204 Interr.
2283 3147 2373 3204 Η.
2405 3145 2899 3204 Alexandrinorum
2937 3149 3085 3221 regio
3121 3145 3304 3204 multis
3339 3129 3566 3221 genera-

302 3251 412 3315 λαῖς
463 3253 700 3324 μυριάσι
757 3255 1252 3326 γενεαλογουμὲνη,
1309 3254 1408 3309 καὶ
1477 3251 1880 3327 πληθυνομένη,

301 3343 592 3415 όρθοδόξων
650 3345 1140 3416 Χριστιανῶν......
1193 3345 1466 3416 ζητοῦμεν
1511 3341 1606 3400 οὖν
1666 3346 1881 3417 μαθεῖν,

301 3438 346 3489 εί
397 3437 614 3505 ἀφεῖται
669 3437 766 3490 καὶ
814 3437 964 3502 ὲντδς
1010 3436 1103 3492 τοῦ
1159 3436 1214 3505 ς’
1257 3435 1468 3509 βαθμοῦ
1531 3439 1885 3511 συνάλλαγμα

302 3526 543 3594 γίνεσθαι
603 3526 872 3597 γαμικὸν,
931 3526 1020 3582 διὰ
1057 3527 1157 3602 τὴν
1206 3529 1454 3600 ἀνάγκην
1499 3527 1596 3582 τοῦ
1628 3529 1886 3602 πράγμα-

302 3637 406 3680 τος.

380 3713 575 3770 Ἀπόκ.
613 3713 678 3768 Ol
706 3712 838 3768 θεῖοι
867 3711 963 3766 καὶ
993 3711 1126 3783 ἱεροὶ
1157 3713 1382 3776 κανόνες
1418 3713 1511 3770 καὶ
1538 3713 1691 3783 νόμοι
1724 3713 1887 3786 χάριν

302 3807 402 3861 τῶν
434 3807 696 3879 γαμικῶν
751 3805 1215 3878 συναλλαγμάτων
1266 3807 1327 3859 ὲν
1383 3803 1550 3862 πᾶσιν
1580 3805 1887 3879 όμοτρονήο

303 3899 510 3965 σαντες,
537 3901 637 3954 καὶ
685 3899 1000 3972 θεαρέστοις
1051 3899 1407 3970 σχοινίσμασι
1455 3897 1551 3954 καὶ
1592 3900 1887 3971 διδάγμασι

302 3993 366 4046 τὰ
389 3993 608 4065 γαμικά
651 3993 1063 4064 περιορίσαντες
1104 3992 1551 4062 συναλλάγματα.
1581 3992 1641 4058 ἐξ
1680 3993 1891 4065 οίουδή-

301 4100 442 4148 τινος
465 4084 678 4155 τρόπον
713 4081 952 4149 ἐξελθεῖν
991 4079 1166 4137 ταῦτα
1207 4081 1308 4136 οὐκ
1351 4081 1701 4154 ἐξεχώρησαν
1726 4100 1740 4113 ’
1773 4081 1890 4136 ἀλλ’

304 4174 394 4228 ἐπὶ
427 4175 525 4245 μὲν
551 4174 664 4228 τῶν
712 4175 974 4229 ἀνιόντων
1024 4175 1117 4228 καὶ
1157 4174 1456 4230 κατιόντων
1494 4175 1595 4244 τὴν
1643 4175 1891 4249 γαμικὴν

305 4267 604 4339 συνάφειαν
635 4267 848 4322 κεκωλυ
859 4266 1028 4339 μένην
1057 4261 1200 4321 εἶναι
1228 4268 1512 4333 παντελῶς
1541 4268 1887 4340 διωρίσαντο·

302 4358 408 4415 τῶν
437 4362 501 4415 ἑκ
537 4360 774 4429 πλαγίου
826 4359 883 4414 δὲ
914 4359 1012 4431 τὴν
1057 4360 1384 4428 συγγένειαν
1419 4360 1615 4432 μέχρις
1658 4361 1890 4432 ἑϐδόμου

305 4450 514 4523 βαθμοῦ
574 4451 804 4515 δικαίως
861 4450 1332 4525 ἐστενοχώρησαν.
1379 4451 1490 4519 Τὴν
1531 4450 1590 4505 δὲ
1624 4451 1685 4518 ἐξ
1725 4453 1890 4524 ἀγχι-

305 4542 508 4605 στείας,
545 4543 668 4613 ἦτοι
730 4539 1158 4611 συμπενθερίας,
1207 4540 1550 4609 συγγένειαν,
1600 4542 1740 4594 κα.τά
1793 4540 1886 4596 τὸν

302 4633 455 4687 ἕκτον
474 4633 686 4704 βαθμὸν
708 4633 1009 4689 ἀπέλυσαν.
1039 4630 1284 4702 Ὀφείλου
1294 4651 1342 4686 σι
1357 4632 1489 4703 γοῦν
1510 4633 1604 4688 καὶ
1633 4633 1682 4688 οἱ
1705 4633 1886 4704 Ἀλεξ-

301 4725 512 4798 ανδρείς
555 4724 702 4780 οῦτω
734 4725 994 4797 γαμικῶς
1042 4725 1449 4790 συναλλάττειν,
1488 4729 1582 4780 καὶ
1625 4728 1725 4798 τὴν
1764 4745 1886 4782 στε-

303 4815 566 4892 νοχωρίαν
600 4817 711 4869 τῶν
766 4813 1062 4884 ὀρθοδόξων
1091 4815 1436 4888 Χριστιανῶν
1478 4818 1559 4881 εἰς
1607 4818 1884 4888 ἁμαρτίας

302 4904 578 4980 δικαίωμα
626 4906 704 4978 μὴ
729 4903 1146 4978 προϐάλλεσθαι.
1179 4907 1652 4978 Διασπασθήσεται
1690 4909 1798 4980 γὰρ
1826 4905 1890 4963 τδ

304 4999 454 5069 παρὰ
475 4999 652 5054 ταῦτα
681 4999 1047 5071 γενησόμενον
1077 5000 1410 5054 συνοικέσιον
1443 5017 1459 5033 ο
1487 5002 1579 5056 καὶ
1605 5002 1887 5072 μοιχευόν-

303 5105 410 5144 των
447 5089 746 5164 ἐπιτιμίοις
777 5091 828 5146 oi
865 5092 926 5146 τὺ
951 5092 1211 5163 ἀθέμιτον
1268 5093 1698 5159 συναλλάξαντες
1744 5096 1884 5152 καθ-

304 5183 805 5256 υποὸληθήσονται.
854 5185 1009 5238 Ἐπεὶ
1038 5183 1094 5238 δὲ
1132 5182 1229 5238 καὶ
1279 5183 1388 5237 ἀπὸ
1436 5183 1530 5237 τοῦ
1566 5185 1732 5256 τόμου
1789 5185 1885 5240 τοῦ

305 5275 614 5342 ἁγιωτάτου
643 5277 985 5348 πατριάρχου
1019 5275 1232 5329 ἐκείνου
1270 5274 1464 5346 κυρίου
1496 5275 1758 5329 Σισιννίου
1790 5275 1886 5330 δύο

311 5365 514 5435 πρῶτοι
544 5364 830 5439 ὲξάδελφοι
880 5366 976 5420 δύο
1020 5365 1259 5437 ἀδελφὰς
1304 5365 1368 5419 οὐ
1394 5362 1755 5436 λαμϐάνουσι,
1791 5369 1886 5421 καὶ

308 5456 502 5526 ταῦτα,
531 5460 628 5514 τοῦ
679 5460 1134 5532 συναλλάγματος
1167 5458 1508 5531 ἀναγομένου
1532 5460 1613 5521 είς
1640 5459 1797 5513 ἕκτον
1825 5457 1886 5525 ἐξ

309 5549 620 5620 ἀγχιστείας
656 5551 886 5622 βαθμὸν,
914 5553 1007 5606 ἔσο
1042 5553 1138 5607 καὶ
1165 5551 1234 5606 τὰ
1267 5551 1396 5623 περὶ
1454 5549 1646 5605 τούτου
1682 5550 1838 5616 είδὼς
1864 5566 1880 5582 ο

313 5636 397 5690 ἵνα
428 5638 503 5712 μὴ
528 5646 669 5698 κατά
688 5644 862 5718 λήθην
892 5643 967 5718 τῷ
996 5645 1092 5717 τῆς
1113 5643 1443 5715 Ἐκκλησίας
1467 5642 1578 5697 [Ott
1610 5639 1887 5713 ψυχοϐλαο

312 5727 420 5795 σῶς
438 5734 789 5808 ἐναντιωθῇς.

397 5919 426 5960 δ
443 5922 656 5977 extendi
685 5922 903 5992 ﬁnibus.

1988 3241 2198 3298 tionum
2257 3240 2598 3314 myriadibus
2659 3243 2922 3314 populosa
2988 3253 3074 3296 est
3117 3250 3170 3298 et
3213 3242 3564 3313 ampliﬁcata.

1983 3331 2320 3391 Christianis
2350 3341 2530 3388 autem
2566 3334 2893 3391 ortltodoxis
2935 3343 3315 3403 coangustata.
3358 3335 3569 3402 Quaeri-

1985 3442 2109 3482 mus
2137 3442 2268 3498 ergo
2313 3429 2552 3494 discere,
2595 3442 2663 3482 an
2697 3426 3028 3499 permissum
3065 3428 3137 3483 sit
3167 3437 3220 3483 et
3259 3427 3405 3484 intra
3444 3445 3571 3486 sex-

1989 3529 2103 3574 tum
2129 3522 2357 3591 gradum
2383 3523 2604 3596 nuptias
2641 3523 2993 3591 contrahere,
3029 3531 3250 3595 promer
3279 3523 3355 3579 rei
3381 3541 3572 3582 ncces-

1989 3615 2237 3671 sitatem.

2067 3707 2222 3778 Resp.
2257 3709 2434 3763 Dirini
2451 3717 2506 3764 et
2531 3709 2672 3766 sacri
2692 3724 2954 3771 canones.
2975 3717 3028 3764 et
3051 3707 3217 3780 leges,
3241 3709 3566 3782 nnptialium

1990 3807 2374 3855 contractuum
2424 3815 2591 3855 causa
2645 3799 2698 3852 in
2739 3799 2997 3854 omnibus
3043 3800 3473 3866 consentientes,
3514 3811 3569 3858 et

1992 3897 2101 3954 Deo
2131 3896 2300 3968 gratis
2333 3897 2634 3952 intervallis
2658 3905 2710 3952 et
2734 3897 3017 3965 praeceptis
3053 3896 3321 3966 nuptiales
3349 3909 3570 3962 contra-

1991 3999 2114 4048 ctus
2144 3987 2685 4055 circumscribentes,
2723 3987 2875 4044 nullo
2914 3989 3074 4044 modo
3113 4005 3177 4043 ea
3205 3989 3388 4058 egredi
3425 3990 3570 4048 sive-

1995 4092 2120 4138 runt
2147 4081 2277 4139 :sed
2299 4083 2441 4138 inter
2465 4081 2824 4138 ascendentes
2853 4081 3071 4151 quidem
3097 4092 3150 4138 et
3171 4081 3570 4140 descendentes

1991 4173 2294 4245 nuptialem
2356 4173 2608 4244 copulam
2673 4170 2998 4243 prohibitam
3046 4171 3568 4230 csse-deﬁnierunt.

1995 4263 2194 4320 Eorum
2227 4275 2432 4328 autem,
2458 4265 2549 4336 qui
2580 4273 2792 4320 suntex
2817 4274 3147 4329 transverso,
3186 4249 3568 4336 cognatidnena

1992 4355 2063 4415 ad
2103 4357 2397 4430 septimum
2439 4373 2613 4428 usque
2653 4358 2880 4428 gradum
2920 4357 3046 4427 jure
3097 4370 3567 4430 coangustarunt:

1994 4451 2378 4522 cognationem
2405 4465 2552 4518 vero,
2587 4465 2710 4522 quae
2738 4465 2835 4520 per
2871 4449 3211 4517 allinitatcnt,
3247 4452 3328 4508 vel
3371 4467 3572 4507 conso-

1991 4557 2240 4606 ceratum
2271 4548 2622 4614 conciliatur,
2659 4557 2783 4618 post
2811 4551 3026 4604 sextum
3054 4546 3280 4618 gradum
3315 4545 3574 4603 obsolue-

1994 4647 2145 4696 runt.
2182 4640 2392 4695 Debent
2420 4639 2588 4710 igitur
2617 4647 2672 4694 et
2703 4638 3060 4695 Alexandrini
3092 4639 3311 4709 nuptias
3343 4639 3398 4694 in
3429 4640 3576 4694 hunc

1994 4731 2216 4786 modum
2267 4731 2619 4797 contrahere,
2673 4738 2728 4786 et
2773 4729 3101 4800 paucitatem
3141 4731 3572 4786 orthodoxorutn

1991 4821 2439 4878 Christianorum
2477 4822 2544 4877 ad
2573 4821 3253 4893 peecatijustillcationem
3295 4837 3405 4878 non
3444 4837 3574 4892 pro-

1995 4930 2218 4984 ponere.
2258 4913 2592 4970 Distrahitur
2628 4927 2782 4984 ergo,
2819 4913 2965 4982 quod
3001 4920 3197 4982 prater
3227 4913 3341 4967 lucc
3371 4913 3572 4968 factum

1993 5008 2184 5072 fuerit,
2234 5007 2605 5076 conjugium;
2659 5015 2718 5060 et
2769 5003 3165 5062 mmchantium
3227 5004 3426 5070 pontis,
3477 5001 3572 5071 qtti

1994 5096 2246 5153 illicitum
2301 5095 2695 5162 contraxerint,
2748 5093 3135 5165 sulajicientur.
3193 5093 3333 5160 Quia
3389 5100 3571 5166 autem

1993 5188 2335 5246 sanctissimi
2358 5188 2527 5242 etiam
2553 5187 2881 5257 patriarcha:
2905 5186 3079 5249 illius,
3103 5183 3308 5238 domini
3344 5181 3570 5238 Sisinnii
3625 5227 3633 5242 .

1991 5282 2275 5340 decisione
2298 5325 2312 5348 ,
2345 5281 2456 5337 duo
2495 5282 2772 5351 patrueles
2813 5295 2911 5335 seu
2957 5277 3298 5339 consobrini,
3350 5291 3572 5334 sorores

1991 5376 2132 5430 duas
2160 5390 2268 5430 non
2308 5373 2612 5444 accipiunt,
2643 5379 2698 5448 ct
2731 5373 2866 5439 haec,
2899 5377 3188 5428 contractu
3226 5367 3464 5424 deducto
3501 5367 3569 5422 ad

1993 5476 2206 5522 sextum
2247 5464 2529 5520 aliinitatis
2563 5463 2817 5537 gradum,
2851 5461 3026 5525 disce,
3050 5472 3173 5528 quae
3213 5456 3266 5510 in
3301 5470 3364 5512 ea
3395 5455 3574 5512 conti-

1992 5561 2226 5611 nentur:
2266 5571 2356 5620 ne,
2388 5569 2484 5625 per
2507 5553 2864 5616 oblivionem,
2898 5548 3157 5608 Ecclesia:
3187 5544 3572 5626 consuetudini

1994 5663 2120 5702 cunt
2159 5648 2356 5704 anima:
2385 5647 2714 5703 dettizncnto
2747 5643 3076 5702 adrerscris.

1603 5829 1838 5886 ΥᾹΙΠᾸ]
1881 5828 2285 5887 LECTIONES.
