3822 6610
321 418 466 488 1075

323 633 536 703 captiva
578 632 912 702 Christiana,
952 638 1269 708 pariterque
1300 638 1626 705 orthodoxa,
1661 639 1780 696 sine
1814 653 1907 709 pe-

327 725 503 778 riculo
534 732 594 780 ut
629 740 842 782 servam
876 741 995 782 eam
1029 729 1276 784 vendet?

400 907 556 978 Resp.
584 909 919 965 Potestatem
941 910 1104 968 habet
1131 912 1389 968 dominus
1420 929 1448 968 a
1481 930 1540 970 se
1573 923 1905 985 constupra-

328 1008 436 1052 tam
469 1000 724 1066 ancillam
768 1016 924 1056 suam
957 1001 1252 1070 vendendi,
1283 1003 1514 1074 ejusque
1545 1004 1780 1074 pretium
1821 1005 1906 1058 lu-

327 1091 672 1150 cril‘aciendi.
705 1093 860 1151 Tunc
889 1095 1034 1150 enim
1074 1095 1382 1152 libertatem
1425 1107 1774 1167 promeretur
1807 1112 1907 1152 an-

326 1185 491 1250 cilla,
547 1201 670 1256 quae
726 1200 852 1242 cum
913 1187 1137 1242 domino
1205 1189 1368 1245 simul
1431 1199 1691 1261 corrupta
1745 1201 1828 1246 est
1855 1190 1907 1257 ά,

326 1276 546 1342 quando
579 1276 646 1332 ad
681 1285 990 1332 extremum
1026 1293 1200 1350 usque
1234 1280 1511 1350 spiritum,
1546 1281 1756 1336 nullum
1789 1282 1909 1352 ejus

327 1363 685 1422 divendenda:
728 1367 956 1437 praebuit
999 1379 1402 1440 argumentum.
1436 1371 1682 1428 Aitenim
1716 1373 1750 1426 2
1782 1388 1905 1444 cap.

331 1455 396 1509 t9
451 1457 532 1512 tit.
580 1457 649 1514 48
691 1458 786 1513 lib.
832 1459 945 1515 haec
1020 1461 1338 1517 nominatim
1405 1481 1419 1518 :
1481 1463 1536 1518 Si
1604 1464 1730 1532 quis
1797 1481 1905 1521 non

327 1546 538 1602 habens
570 1563 824 1613 uxorem,
855 1552 910 1606 in
945 1568 1046 1608 suo
1071 1555 1366 1609 concubitu
1399 1556 1653 1611 ancillam
1685 1558 1925 1626 habeat,
1958 1593 1963 1597 -

328 1646 382 1690 et
419 1653 541 1693 cum
583 1655 646 1694 ea
687 1642 754 1695 ad
799 1653 1028 1700 mortem
1079 1662 1254 1718 usque
1297 1658 1540 1714 maneat,
1582 1651 1696 1706 sive
1732 1666 1798 1707 ex
1843 1666 1905 1706 ea

329 1730 660 1800 susceperit,
702 1733 820 1789 sive
859 1749 965 1790 non
1007 1744 1062 1791 et
1102 1737 1170 1792 de
1207 1753 1269 1794 ea
1313 1738 1445 1794 nihil
1483 1741 1538 1794 in
1580 1751 1906 1797 testamento

230 1863 232 1865 .
329 1837 433 1876 suo
467 1822 668 1878 diter-it
697 1844 711 1879 :
745 1825 816 1882 sit
854 1827 938 1882 illa
972 1827 1163 1883 libera.

405 2008 600 2066 Interr.
644 2003 736 2068 4'7.
781 2013 836 2067 Si
873 2014 1219 2071 orthodoxus
1247 2024 1525 2074 scortatus
1557 2019 1778 2074 sitcum
1811 2021 1907 2075 Ju-

329 2104 464 2170 drea,
489 2115 582 2160 ant
604 2105 850 2174 Agarena
880 2107 1126 2175 muliere,
1145 2123 1376 2166 censura
1408 2112 1808 2179 emendabitur,
1839 2130 1905 2168 an

330 2195 794 2264 rebaptizabilur?

400 2287 555 2358 Resp.
617 2289 1086 2364 Quadragesimus
1144 2294 1409 2365 septimus
1454 2297 1675 2368 quidem
1729 2314 1905 2356 canon

331 2387 647 2436 sanctorum
695 2389 752 2436 et
803 2384 951 2439 omni
996 2384 1156 2441 laude
1191 2387 1489 2444 celebrinm
1533 2391 1906 2460 apostolorum

330 2471 444 2544 inec
490 2472 566 2526 ait
613 2490 628 2529 :
680 2472 1000 2544 Episcopus,
1049 2476 1132 2532 vel
1179 2479 1489 2550 presbyter,
1529 2482 1576 2538 si
1620 2498 1766 2550 eum,
1812 2483 1905 2554 qui

330 2580 458 2621 vere
488 2565 649 2622 habet
681 2567 1036 2638 baptismum,
1065 2569 1134 2626 de
1167 2572 1381 2645 integro
1413 2572 1794 2647 baptizaverit,
1823 2577 1906 2632 vel

331 2660 380 2715 si
410 2675 559 2726 eum,
589 2661 682 2732 qui
715 2661 786 2718 ab
818 2661 1002 2734 impiis
1033 2663 1274 2734 pollutus
1303 2673 1408 2732 est,
1442 2681 1552 2722 non
1591 2667 1905 2738 baptizave-

332 2749 444 2816 rit,
489 2751 812 2823 deponatur,
855 2760 910 2808 ut
951 2754 1044 2825 qui
1075 2754 1301 2811 irrideat
1338 2767 1568 2813 mortem
1605 2766 1659 2814 et
1687 2774 1906 2816 crucem

333 2841 572 2910 [)oinini,
602 2853 657 2900 et
685 2859 790 2900 non
822 2846 1105 2904 discernat
1133 2849 1449 2907 sacerdotes
1480 2866 1509 2906 a
1543 2850 1696 2908 falsis
1729 2868 1910 2910 sacer-

332 2932 576 2989 dotibus.
633 2931 842 2992 Forsan
899 2920 1064 3008 igitur
1120 2938 1320 2995 dixerit
1374 2940 1672 3012 quispiam,
1716 2945 1906 2999 ortho-

334 3023 558 3091 dtulttll,
611 3025 706 3096 qui
761 3041 886 3082 cum
942 3028 1106 3100 impia
1155 3038 1432 3087 scortatus
1482 3042 1586 3100 est,
1638 3034 1906 3104 pollutum

334 3129 476 3178 esse,
509 3121 562 3169 et
609 3116 935 3190 rebaptizari
963 3119 1183 3179 debere.
1206 3121 1362 3188 Quod
1404 3138 1594 3179 verum
1633 3140 1744 3180 non
1783 3139 1904 3183 est:

1622 435 1657 497 J
1663 435 1760 497 US
1792 433 2235 496 CANONICUM

403 541 597 595 Interr.
622 539 708 596 46.
740 541 925 613 Siquis
950 551 1227 602 scortatus
1267 545 1431 602 fuerit
1455 557 1476 586 ε
1514 562 1636 602 cum
1675 545 1910 600 muliere
1941 549 1988 606 Λ

3436 437 3545 505 10ῖὸ

2103 546 2301 614 Ἐρώτ.
2371 551 2490 612 με’.
2585 545 2712 599 Ἐάν
2789 563 2871 610 τις
2935 544 3210 618 πορνικῶς
3292 550 3546 625 συμφθαρῇ

2013 636 2152 706 μετά
2219 636 2480 706 γυναικὸς
2528 637 2878 707 αἰχμαλώτου
2923 640 3278 710 Χριστιανῆς,
3309 637 3402 693 καὶ
3439 648 3552 703 κατὰ

2009 724 2204 778 ταύτὸν
2252 724 2559 792 ὀρθοδόξου,
2615 725 2915 792 ἀκινδύνως
2966 728 3042 792 ὠς
3085 728 3282 800 δούλην
3339 731 3550 805 πωλήσει

2010 817 2218 888 αύτήν;

2089 909 2299 965 Ἀπόκ.
2343 910 2561 966 ¹Ἀδειαν
2612 913 2640 966 ὁ
2676 910 2943 980 δεσπότης
2968 910 3078 975 ἕξει
3108 910 3208 984 τὴν
3263 911 3369 965 ὑπὸ
3395 915 3552 972 τούτου

2011 1000 2414 1071 πορνευομένην
2468 1002 2664 1073 δούλην
2727 1001 2894 1057 αὑτοῦ
2943 1003 3165 1066 πωλεῖν,
3199 1003 3297 1056 καὶ
3344 1004 3554 1077 ἀποκερ-

2006 1093 2208 1147 δαίνειν
2244 1093 2307 1146 τὸ
2330 1094 2538 1164 ταύτης
2583 1095 2823 1164 τίμημα.
2887 1093 3236 1164 Ἐλευθερίας
3279 1093 3391 1165 γὰρ
3451 1100 3550 1153 τότε

2007 1184 2254 1250 ἀξιοῦται
2295 1186 2326 1256 ἡ
2372 1185 2530 1258 δούλη
2591 1185 2731 1256 μετὰ
2787 1184 2882 1239 τοῦ
2941 1187 3204 1240 δεσπότου
3255 1188 3554 1260 συμφθειρο-

2013 1278 2172 1348 μὲνη,
2229 1277 2317 1330 ὅτε
2361 1276 2522 1347 μέχρι
2567 1276 2882 1340 τελευταίας
2915 1277 3107 1332 τούτου
3135 1279 3413 1350 ἀναπνοῆς
3432 1283 3556 1337 οὐδέν

2008 1388 2060 1423 τι
2091 1369 2222 1440 περὶ
2279 1369 2630 1439 διαπράσεως
2679 1369 2883 1441 ταύτης
2926 1369 3558 1446 φθάσειγενέσθαι.Φησ“ι

2008 1459 2116 1532 γὰρ
2137 1461 2198 1513 τὸ
2231 1458 2276 1530 β’
2309 1461 2604 1528 κεφάλαιον
2649 1460 2742 1515 τοῦ
2769 1460 2834 1515 ιϐ’
2863 1463 2915 1514 τί
2927 1462 3043 1514 τλου
3103 1461 3197 1515 τοῦ
3260 1470 3354 1532 μη¹
3385 1463 3557 1534 βιϐλίου

2009 1554 2181 1608 ταῦτα
2244 1557 2445 1628 ῥητῶς·
2487 1554 2612 1609 Ἐάν
2657 1573 2742 1618 τις
2769 1554 2967 1625 δούλην
2998 1558 3098 1626 σχῇ
3132 1557 3190 1608 ὲν
3213 1558 3281 1624 τῇ
3320 1556 3428 1627 ἰδίᾳ
3455 1575 3560 1611 συν-

2006 1645 2192 1716 αφείᾳ,
2226 1646 2300 1718 μὴ
2329 1645 2470 1717 ἔχων
2531 1645 2818 1714 γαμετὴν,
2871 1647 2966 1699 καὶ
3031 1646 3193 1716 μείνῃ
3251 1647 3377 1716 μετ’
3421 1649 3558 1718 αὐτῆς

2008 1739 2169 1809 μέχρι
2197 1738 2474 1807 τελευτῆς,
2509 1737 2617 1790 εἴτε
2647 1736 2784 1807 ἔχων
2815 1737 3007 1799 παῖδας
3033 1737 3091 1802 ἐξ
3119 1738 3312 1807 αὐτῆς,
3331 1737 3442 1789 εἴτε
3474 1741 3551 1810 μήθ

2009 1832 2105 1885 καὶ
2132 1832 2300 1902 μηδὲν
2351 1832 2480 1902 εἴπῃ
2508 1831 2638 1901 περὶ
2667 1830 2834 1901 αὐτῆς
2862 1832 2918 1882 ὲν
2947 1828 3054 1900 ἰδίᾳ
3077 1829 3337 1902 διαθήκῃ·
3379 1829 3556 1898 γίνεται

2013 1927 2196 1994 ἐκείνη
2229 1924 2513 1996 ἐλευθέρα.
2903 1919 2908 1923 ’

2090 2017 2286 2086 Ἐρώτ.
2365 2019 2472 2090 pi".
2555 2019 2682 2073 Ἐὰν
2741 2017 3022 2087 ὁρθόδοξος
3079 2014 3383 2086 συμφθαρῇ
3448 2032 3564 2084 πορ-

2007 2107 2173 2172 νικῶς
2233 2109 2370 2178 μετά
2408 2108 2668 2171 Ἰουδαίας
2737 2107 2769 2178 ἢ
2820 2106 3135 2178 ’Δγαρηνῆς
3186 2105 3465 2175 γυναικὸς,
3508 2104 3565 2160 δι’

2008 2200 2284 2267 ἐπιτιμίου
2315 2199 2658 2270 διορθωθείη,
2686 2199 2718 2270 ἢ
2756 2196 3336 2268 ἁναϐαπτισθησεταις

2098 2293 2154 2349 Ἀ
2165 2293 2303 2348 πόκ.
2347 2291 2405 2344 '0
2431 2293 2528 2362 μὲν
2549 2290 2636 2364 μζ
2666 2290 2846 2346 κανὼν
2866 2289 2975 2343 τῶν
3003 2289 3172 2358 ἁγίων
3187 2289 3282 2342 καὶ
3307 2290 3569 2359 πανευφή-

2010 2404 2128 2458 μων
2163 2386 2479 2441 ἀποστόλων
2530 2384 2701 2439 ταῦτά
2739 2400 2927 2453 φησιν’
2977 2381 3307 2444 Ἐπίσκοπος
3343 2381 3379 2451 ἦ
3456 2397 3574 2452 πρε-

2009 2479 2278 2551 σσύτερος
2329 2479 2421 2532 τὸν
2457 2478 2598 2532 κατά
2652 2475 2910 2548 ἀλήθειαν
2939 2475 3133 2546 ἔχοντα
3168 2473 3454 2545 βάπτισμα
3489 2472 3572 2525 ἐὰν

2007 2571 2216 2628 ἀνωθεν
2267 2569 2591 2642 βαπτίσῃ,ἢ
2647 2565 2741 2621 τὸν
2808 2565 3224 2639 μεμολυσμένον
3283 2564 3441 2634 παρὰ
3480 2563 3577 2616 τῶν

2008 2663 2221 2719 ἀσεϐῶν
2278 2662 2352 2734 μὴ
2396 2660 2657 2734 βαπτίσῃ,
2710 2657 3103 2730 καθαιρείσθω.
3156 2654 3231 2720 ὡς
3273 2654 3453 2723 γελῶν
3495 2654 3578 2708 τὸν

2009 2753 2244 2828 σταυρὸν
2278 2755 2372 2809 καὶ
2423 2754 2516 2809 τὸν
2568 2752 2662 2808 τοῦ
2707 2751 2910 2824 Κυρίου
2950 2750 3208 2812 θάνατον,
3235 2749 3335 2800 καὶ
3377 2746 3453 2816 μὴ
3476 2746 3581 2800 δια-

2007 2847 2209 2918 κρίνων
2247 2847 2427 2919 ἱερέας
2484 2843 2863 2916 ψευδοῖερέων.
2927 2840 3089 2905 Ἴσως
3158 2838 3254 2893 οῦν
3309 2840 3458 2892 εἴποι
3503 2854 3581 2899 τις

2006 2938 2240 3008 ὀφείλειν
2286 2935 2501 2991 καὶτὸν
2549 2934 2922 3008 πορνεύσαντα
2949 2930 3231 3005 ὀρθόδοξον
3298 2929 3449 3001 μετά
3490 2929 3583 2998 τῆς

2007 3029 2241 3094 ἀσεϐοῦς
2301 3027 2651 3102 μολυνθῆναι,
2683 3027 2778 3082 καὶ
2822 3022 3302 3094 ἀνασαπτισθῆναι
3331 3021 3581 3091 ὀφείλειν.

2010 3123 2126 3176 Ούκ
2179 3121 2294 3175 ἔστι
2322 3120 2379 3175 δὲ
2411 3120 2572 3174 τοῦτο
2631 3117 2854 3189 ἀληθές.
2889 3118 3128 3179 Ἐκεῖνος
3154 3114 3265 3186 γὰρ
3302 3113 3586 3185 μολύνεται

334 3205 383 3261 is
414 3206 557 3260 enim
587 3207 657 3263 ab
686 3208 752 3265 iis
786 3209 1070 3280 polluitur,
1095 3211 1189 3283 qui
1222 3221 1416 3284 sponte
1445 3213 1721 3272 abluendo
1753 3221 1906 3276 exuit

2025 3212 2163 3285 παρὰ
2211 3211 2320 3267 τῶν
2363 3209 2598 3276 ἀσεϐῶν,
2635 3207 2695 3273 ὃς
2727 3209 2908 3263 ἑκοντὶ
2966 3207 3066 3278 μὲν
3121 3204 3488 3261 ἀπονίπτεται
3533 3202 3590 3255 τδ

333 3298 578 3355 divinum
615 3309 975 3374 sanctumque
1016 3302 1289 3376 baptisma
1322 3304 1605 3379 induitque
1633 3308 1904 3380 baptisma

337 3391 656 3462 impiorum.
699 3390 918 3450 Judicio
955 3410 1087 3467 ergo
1120 3396 1416 3468 episcopali
1463 3413 1560 3471 per
1600 3400 1903 3469 graviorem

333 3499 555 3554 pcenam
577 3485 978 3555 emendabitur,
995 3499 1049 3544 et
1079 3497 1139 3544 ut
1165 3499 1460 3552 scortator.
1486 3499 1541 3546 et
1567 3499 1626 3546 ut
1649 3493 1907 3548 satanica:

333 3575 738 3630 communionis
768 3576 1066 3650 cumimpio
1115 3577 1293 3634 factus
1327 3579 1598 3652 particeps
1649 3598 1663 3636 :
1715 3597 1904 3636 verum

335 3681 448 3720 non
483 3665 546 3721 ba
556 3666 874 3737 ptizabitur.

407 3755 609 3815 lnterr.
633 3759 724 3815 48.
753 3760 898 3826 Quot
929 3775 1196 3816 annorum
1226 3776 1342 3819 mas
1363 3761 1675 3820 autl'emina
1705 3763 1908 3819 admit-

336 3858 485 3906 tatur
509 3851 574 3905 ad
603 3851 1050 3908 confessionem?

411 3942 566 4014 Resp.
610 3943 786 4016 Leges
809 3945 1034 4017 quidem
1063 3946 1284 4004 delictis
1324 3948 1666 4020 impuberum
1707 3951 1912 4006 condo-

337 4036 581 4091 nandum
615 4051 739 4093 esse
767 4035 978 4093 dicunt.
1015 4037 1331 4109 impuberes
1361 4047 1541 4094 autem
1574 4048 1702 4095 sunt
1734 4055 1910 4096 mares

338 4129 585 4200 quidem,
635 4131 731 4201 qui
779 4129 1054 4186 decimum
1103 4139 1360 4200 quartum
1407 4145 1608 4186 annum
1655 4133 1913 4203 impleve-

338 4229 471 4277 runt
519 4241 534 4279 :
578 4221 798 4278 feminae
833 4237 986 4290 vero,
1031 4223 1320 4279 duodecim
1362 4238 1652 4280 annorum.
1697 4223 1906 4281 Forsan

339 4315 505 4385 igilur
533 4315 732 4370 dixerit
762 4314 962 4386 aliquis
996 4325 1118 4386 post
1144 4315 1526 4371 duodecimum
1561 4327 1614 4373 et
1640 4318 1909 4374 decimum

339 4413 594 4474 quartum
629 4407 806 4463 aetatis
837 4421 1037 4460 annum
1074 4421 1168 4463 eos
1199 4407 1396 4462 debere
1431 4417 1653 4479 peccata
1690 4426 1787 4466 sua
1819 4410 1913 4466 de-

340 4498 600 4554 clarare:
657 4506 848 4569 utpote
905 4496 1232 4553 delictorum
1280 4498 1550 4569 judicium
1593 4499 1908 4567 subeuntes,

2009 3305 2150 3360 Θεῖον
2173 3307 2269 3358 καὶ
2315 3302 2471 3372 ἅγιον
2501 3301 2806 3374 βάπτισμα,
2837 3300 3080 3354 ἐνδύεται
3109 3299 3165 3353 δὲ
3189 3297 3453 3369 βάπισμα
3473 3297 3592 3350 ἀσε-

2009 3399 2134 3453 6ῶι.
2162 3398 2239 3451 Δι’
2270 3395 2544 3467 ἐπιτιμίου
2578 3393 2709 3464 γοῦν
2760 3392 3116 3465 σφοδροτέρου
3170 3391 3295 3445 κατ’
3369 3393 3591 3443 ἐπισκο-

2009 3491 2177 3562 πικὴν
2216 3489 2490 3560 διάκρισιν
2515 3486 2868 3558 διορθωθείη,’
2932 3487 3027 3539 καὶ
3074 3485 3150 3546 ὡς
3200 3483 3442 3554 πόρνος,
3506 3483 3596 3535 καὶ

2008 3584 2083 3647 ὡς
2111 3581 2448 3652 κοινωνήσας
2489 3579 2630 3650 μετά
2659 3577 2892 3641 ἀσεσοῦς
2925 3575 3212 3639 κοινωνίας
3267 3573 3593 3643 σατανικῆς·

2009 3678 2106 3732 ἀλλ
2128 3677 2188 3730 οὐ
2217 3674 2670 3746 βαπτισθήσεται.

2093 3767 2292 3836 Ἐρώτ.
2344 3771 2455 3838 μησ.
2506 3764 2783 3833 Ποσαετὴς
2815 3762 3018 3836 ἀνὴρῆ
3068 3760 3205 3832 γυνὴ
3249 3758 3473 3831 δεχθείη
3522 3759 3598 3820 εἰς

2012 3859 2365 3929 ὲξαγορείαν;
2409 3895 2414 3900 -
2951 3925 2964 3940 ι

2093 3953 2288 4006 Ἁπόκ.
2315 3950 2378 4004 Οἱ
2413 3949 2512 4017 μὲν
2547 3949 2703 4018 νόμοι
2747 3947 3105 4019 συγχωρητέα
3132 3946 3199 3999 τὰ
3233 3947 3340 3998 τῶν
3375 3943 3602 4014 ἀνήϐων

2013 4043 2385 4116 ἁμαρτήματα
2426 4041 2680 4109 λέγουσιν
2727 4035 2888 4095 εἶναι.
2936 4041 3160 4109 Ἀνηεοι
3200 4037 3255 4090 δὲ
3308 4038 3457 4089 εἰσιν
3509 4035 3604 4089 ὲπί

2017 4136 2115 4209 μὲν
2145 4133 2254 4188 τῶν
2292 4132 2560 4204 ἀρῤἐνων,
2589 4133 2638 4184 οἱ
2662 4131 2753 4185 τὸν
2773 4128 3373 4200 τεσσαρεσκαιδέκατον
3400 4127 3603 4197 χρόνον

2015 4225 2404 4296 πληρώσαντες
2425 4239 2442 4257 ⁸
2471 4223 2565 4277 ἐπὶ
2586 4223 2640 4276 δὲ
2665 4222 2774 4276 τῶν
2799 4221 3050 4291 Θηλειῶν,
3107 4222 3163 4274 at
3205 4219 3605 4279 δωδεκαετεῖς.

2018 4321 2180 4382 Ἴσως
2195 4317 2286 4372 οῦν
2308 4314 2436 4390 εἴπῃ
2488 4332 2594 4380 τις,
2630 4315 2765 4385 μετὰ
2790 4313 2879 4366 τὸν
2909 4311 3210 4365 δωδέκατον
3243 4311 3337 4363 καὶ
3355 4310 3459 4361 τὸν
3484 4325 3609 4360 τεσ-

2021 4409 2516 4483 σαρεσκαιδέκατον
2540 4407 2731 4478 χρόνον
2758 4405 2857 4474 τῆς
2892 4404 3110 4475 ἡλικίας
3138 4402 3318 4456 αὐτῶν
3355 4401 3609 4471 ὀφείλειν

2015 4500 2240 4566 τούτους
2260 4499 2624 4574 ἐξαγορεύειν,
2653 4498 2728 4561 ὡς
2751 4498 2843 4552 καὶ
2868 4496 2927 4563 ἐξ
2964 4495 3382 4567 ἁμαρτημάτων
3435 4492 3609 4546 εὐθυ-

341 4600 394 4644 et
443 4605 676 4662 capaces
725 4590 1101 4657 scortationis,
1139 4590 1482 4662 aliorumque
1525 4595 1908 4663 quorumpiam

2025 4595 2394 4666 νομένους,καὶ
2421 4592 2714 4661 γεγονότας
2737 4590 2993 4659 πορνείας
3017 4591 3109 4640 καὶ
3127 4587 3318 4658 ιἄλλων
3341 4587 3612 4655 ἁμαρτη-

343 4690 698 4754 peccatorum
734 4680 978 4736 effectos.
1018 4680 1130 4738 Nos
1159 4692 1336 4737 autem
1373 4684 1442 4738 ab
1473 4682 1590 4752 ipsa
1629 4682 1913 4752 experien-

342 4775 438 4839 tia,
470 4774 564 4829 sed
598 4773 666 4829 ab
705 4771 794 4840 iis,
825 4789 945 4845 qua:
979 4773 1170 4829 talium
1203 4774 1570 4845 quorumdam
1607 4789 1773 4830 causa
1818 4789 1915 4845 per

341 4864 496 4919 varia
528 4871 780 4936 tempora
822 4866 1081 4937 synodice
1117 4865 1325 4936 prolata
1360 4874 1507 4932 sunt,
1539 4866 1911 4933 consulimus;

343 4963 404 5011 ut
442 4963 566 5028 post
597 4966 809 5013 sextum
843 4973 1046 5012 annum
1088 4972 1270 5013 mares
1297 4964 1352 5012 et
1385 4956 1599 5012 femina:
1634 4972 1729 5028 per
1774 4972 1913 5013 con-

2017 4687 2208 4758 μάτων
2234 4687 2397 4738 τινῶν
2419 4680 2720 4744 δεκτικούς.
2771 4680 2934 4750 Ἡμῖν
2963 4679 3020 4732 δὲ
3045 4678 3151 4731 ἀπὸ
3179 4677 3373 4748 πείρας
3403 4677 3614 4748 αὐτῆς,

2014 4777 2154 4834 ἀλλά
2190 4778 2297 4850 μὴν
2317 4777 2412 4830 καὶ
2435 4774 2543 4828 ἀπὸ
2566 4772 2909 4844 λαληθέντων
2936 4769 3229 4833 συνοδικῶς
3293 4767 3448 4822 κατὰ
3493 4768 3616 4820 δια-

2015 4871 2216 4944 φόρους
2251 4868 2498 4939 καιροῦς,
2539 4867 2701 4939 χάριν
2734 4863 2992 4918 τοιούτων
3023 4864 3206 4927 τινῶν,
3234 4862 3619 4930 γνωμοέοτεῖ-

2021 4979 2145 5016 ταιο
2186 4960 2323 5033 μετά
2346 4961 2437 5013 τὸν
2462 4959 2622 5012 ἕκτον
2654 4955 2901 5009 ἐνιαυτὸν
2931 4955 3172 5024 ὀφείλειν
3201 4955 3299 5008 καὶ
3335 4955 3484 5016 τοὺς
3516 4953 3620 5024 ἄῤ-

345 5049 620 5106 l'essiones
647 5051 925 5107 emendari
959 5059 1014 5107 et
1043 5051 1376 5108 sanctiﬁcari
1406 5050 1660 5106 debeant.
1692 5051 1828 5117 Quia
1861 5058 1909 5106 et

2025 5057 2180 5125 ρενας
2227 5053 2318 5106 καὶ
2371 5051 2470 5114 τὰς
2516 5048 2734 5121 θηλείας
2765 5048 2834 5102 δι’
2877 5047 3193 5117 ἐξαγορείας
3249 5045 3622 5115 διορθοῦσθαι

344 5140 580 5198 clericus
625 5143 845 5212 quidam
887 5158 984 5213 per
1017 5143 1340 5214 ohligatoria
1381 5143 1608 5214 scripta,
1644 5145 1909 5215 desponsa

2025 5145 2110 5200 καὶ
2135 5143 2480 5213 ἀγιάζεσθαι.
2515 5143 2638 5195 Ὀτι
2666 5143 2757 5195 καὶ
2786 5138 3046 5210 κληρικός
3072 5155 3156 5200 τις
3199 5138 3288 5190 διὰ
3315 5138 3369 5189 δε
3383 5154 3617 5205 σμωτι-

344 5248 518 5289 uxore
569 5236 841 5305 septenni,
888 5245 942 5289 et
1000 5242 1121 5304 post
1173 5236 1292 5305 ejus
1345 5245 1575 5292 mortem
1636 5237 1727 5292 alii
1782 5253 1909 5292 con-

2025 5239 2131 5294 κῶν
2154 5238 2448 5309 ἐγγράφων
2505 5233 3025 5304 κατεγγυησάμενος
3057 5233 3294 5300 γυναῖκα
3326 5229 3627 5298 ἑπταετῆ,

337 5326 569 5396 junctus
615 5327 855 5392 mulieri,
901 5327 1161 5400 synodice
1203 5342 1311 5382 non
1355 5328 1686 5399 impetravit,
1732 5336 1790 5382 ut
1828 5343 1909 5382 ca-

2025 5329 2113 5381 καὶ
2147 5327 2284 5397 μετά
2324 5325 2551 5379 Θάνατον
2576 5323 2783 5393 ταύτης
2808 5322 2972 5393 ἑτέρα
3001 5320 3314 5389 συζευχοεὶς
3339 5320 3624 5383 russam",

342 5419 598 5475 nonieam
688 5427 1124 5491 consequeretur
1200 5421 1644 5487 ordinationem,
1726 5429 1909 5490 utpote

2025 5420 2080 5473 ού
2135 5416 2505 5490 παρεχωρὴθη
2581 5413 2875 5476 συνοδικῶς
2929 5413 3220 5483 κανονικῆς
3291 5410 3631 5479 ἀξιωθῆναι

340 5508 618 5581 bigamus.
684 5511 777 5565 Ait
832 5511 978 5566 enim
1047 5519 1238 5565 sancta
1305 5510 1909 5582 Constantinopolitana

2025 5509 2376 5582 χειροτονίας,
2433 5499 2786 5577 ὡς’δῐγαμος.
2843 5499 2979 5559 Εἵπε
3006 5504 3116 5575 γὰρ
3144 5506 3175 5575 ἡ
3213 5505 3270 5556 ὲν
3300 5503 3631 5556 Κωνσταν·

343 5599 609 5672 synodus,
662 5586 989 5671 septennem'
1027 5599 1286 5656 feminam
1337 5602 1542 5658 amoris
1588 5617 1709 5657 esse
1747 5615 1909 5671 capa-

2025 5603 2326 5658 τινουπὸλει
2366 5602 2496 5671 ἀγία
2526 5600 2742 5665 σύνοδος
2773 5599 2870 5672 τὴν
2896 5599 3132 5670 ἑπταετῆ
3160 5599 3402 5668 γυναῖκα
3433 5596 3633 5650 δεκτιο

1623 5737 1856 5794 VARIE
1880 5737 2281 5796 LECTIONES.

452 5895 474 5924 ι
507 5883 681 5940 stupri
697 5883 1125 5940 consuetudinem
1157 5883 1419 5940 habuerit.
1493 5882 1519 5923 ἀ
1547 5882 1716 5952 stupri
1737 5881 2160 5938 consuetudinem
2212 5881 2387 5938 habet.
