3822 6596
166 415 276 488 1081

1375 399 2082 479 GRECO~ROMANUM.

3230 417 3365 482 1032

162 521 474 594 ἀδδηφαγίας.
522 513 678 569 Κατὶ
725 514 780 569 δὲ
817 517 916 588 τὴν
953 518 1224 591 ἑϐδομάδα
1259 521 1358 591 τῆς
1389 523 1682 595 διακινησί-

1799 526 1960 582 viem.
1994 522 2342 579 Hebdomade
2391 529 2570 578 autem
2621 523 3014 592 antipascnalis
3065 522 3182 576 sine
3227 527 3372 594 peri-

161 637 246 693 μου
277 616 318 650 u
342 609 625 672 ἀκινδύνως
657 613 1146 680 κρεωξαγήσομεν,
1199 615 1341 669 κατὰ
1379 614 1476 684 τὴν
1516 615 1688 686 αὐτῆς

158 707 376 782 τετράδα,
397 702 485 758 καὶ
521 703 897 773 παρασκευήν.
945 703 1032 767 Ὦς
1086 706 1187 775 μίοι
1247 705 1354 777 γὰρ
1416 707 1688 776 λογίζεται

154 798 456 872 κυριώνυμος
482 793 541 847 τδ
574 792 922 864 ἐπταήμερον
947 793 1110 848 τοῦτο
1157 797 1454 867 διάστημα.

222 889 403 959 Ἔρὼτ.
435 893 527 954 νγ’.
584 886 648 938 Δί
700 888 948 956 νηστεῖαι
1001 887 1096 956 τῆς
1137 888 1331 960 ἑορτῆς
1367 889 1477 942 τῶν
1513 889 1689 959 ἁγίων

156 981 467 1045 ἀποστόλων,
514 976 608 1031 καὶ
645 976 744 1046 τῆς
788 977 1022 1043 Χριστοῦ
1066 981 1413 1051 γεννήσεως,
1461 981 1688 1052 καὶτῆς

153 1075 430 1146 κοιμήσεως
483 1069 578 1138 τῆς
634 1069 794 1138 ἁγίας
833 1069 1118 1136 Θεοτόκου,
1167 1073 1386 1126 καὶτοῦ
1411 1073 1686 1144 Σωτῆρος,

148 1161 479 1236 ἀπαραίτητοι
509 1162 666 1225 εἰσιν,
691 1161 723 1229 ἢ
767 1164 1146 1234 συγχωρητέαι
1172 1163 1269 1218 καὶ
1299 1165 1620 1236 ἀδιάφοροις

223 1255 402 1312 Ἇπόκ.
489 1249 553 1304 Ἥ
619 1251 720 1332 μὲν
799 1252 858 1305 ὲν
922 1251 1488 1308 Κωνσταντινουπόλει
1555 1255 1689 1324 ἁγία

149 1344 337 1406 σύνοδος
390 1339 481 1394 ἐπὶ
543 1339 652 1393 τῶν
688 1340 915 1411 ἡμερῶν
973 1339 1068 1394 τοῦ
1122 1342 1432 1410 ἁγιωτάτου
1476 1344 1685 1398 ἐκείνου

144 1434 618 1505 πατριάρχου.......
651 1431 989 1502 ἐρωτηθεῖσα
1010 1433 1058 1485 εί
1080 1431 1186 1504 χρὴ
1213 1432 1313 1503 τὴν
1359 1433 1419 1487 ὲν
1453 1434 1532 1506 τῷ
1573 1435 1685 1488 Αύ-

141 1529 331 1598 γούστῳ
358 1523 610 1594 νηστείαν
648 1522 941 1588 ἐπιτελεῖν,
999 1523 1378 1597 ἀπελογήσατο
1435 1527 1512 1591 ὡς
1547 1529 1684 1601 αὕτη

140 1616 398 1692 ήνηστεία
445 1614 726 1687 μετετέθη,
781 1614 868 1669 διὰ
919 1615 979 1669 τὸ
1029 1615 1104 1687 μὴ
1142 1618 1494 1688 περιπίπτειν
1557 1623 1682 1685 ταῖς

137 1712 259 1767 κατὰ
283 1710 371 1763 τὸν
393 1706 583 1778 καιρὸν
605 1705 795 1760 τοῦτον
840 1707 1156 1778 γινομέναις
1186 1709 1431 1774 ἐθνικαῖς
1460 1713 1684 1781 νηστεί-

136 1821 228 1867 αις.
256 1801 398 1872 Πλὴν
413 1799 510 1854 καὶ
538 1799 620 1852 ἐτι
654 1799 842 1854 πολλοὶ
873 1799 982 1853 τῶν
1027 1800 1334 1872 ἀνθρώπων
1355 1802 1560 1873 ταύτην
1586 1803 1684 1873 τὴν

134 1864 367 1964 νηστείαν
411 1889 790 1962 νηστεύουσιν.
825 1887 1020 1961 Ἡμεῖς
1065 1864 1149 1958 δὲ,
1201 1864 1574 1964 σκοπήσαντες
1617 1864 1687 1948 τὰ
1716 1864 1759 1920 Β

131 1987 243 2057 περὶ
265 1984 478 2046 τούτου,
506 1981 950 2054 ἀπολογούμεθα,
997 1982 1080 2038 ὅτι
1124 1985 1183 2052 ἐξ
1239 1982 1491 2056 ἀνάγκης
1545 2002 1681 2057 προσ

127 2073 362 2146 ηγοῦνται
397 2074 645 2143 νηστεται
674 2072 780 2143 πρὸ
793 2070 902 2126 τῶν
924 2073 1202 2145 τεσσάρων
1217 2076 1422 2131 τούτων
1447 2075 1644 2148 ἑορτῶν
1667 2091 1684 2108 ⁸

129 2167 279 2236 ἤγουν
311 2166 539 2238 πρὸτῆς
572 2166 767 2238 ἑορτῆς
798 2163 909 2220 τῶν
950 2167 1153 2236 ’Λγίων
1182 2168 1548 2235 Ἀποστὸλων,
1585 2168 1686 2238 τῆς

125 2256 412 2328 Γεννήσεως
460 2258 560 2310 τοῦ
606 2256 867 2328 Χριστοῦ,
919 2260 1020 2324 τῆς
1050 2259 1540 2331 Μεταμορφώσεως
1590 2257 1683 2312 τοῦ

120 2346 338 2418 Χριστοῦ
368 2347 466 2401 καὶ
509 2345 652 2401 θεοῦ
697 2348 878 2419 ἡμῶν,
935 2349 1032 2402 καὶ
1074 2348 1175 2420 τῆς
1204 2350 1534 2420 Κοιμήσεως
1583 2351 1683 2417 τῆς

121 2440 264 2508 ἁγίας
307 2437 605 2493 Θεοτόκου·
651 2439 791 2511 πλὴν
824 2441 1187 2512 ἑπταήμεροιι
1224 2441 1339 2495 Μία
1379 2442 1488 2513 γὰρ
1554 2459 1682 2495 τεσ-

117 2528 590 2601 σαρακονθήμερος
618 2530 841 2600 νηστεία
874 2529 1044 2597 ἐστὶν,
1080 2529 1226 2602 ἡτοῦ
1276 2530 1440 2599 ἁγίου
1471 2532 1564 2584 καὶ
1589 2548 1684 2602 με·

115 2620 265 2688 γὰλου
315 2619 533 2691 Πάσχα.
579 2617 643 2674 Ei
679 2621 736 2674 δέ
760 2637 843 2684 τις
877 2621 974 2676 καὶ
1018 2621 1178 2676 πλέον
1217 2621 1327 2675 τῶν
1360 2621 1500 2676 ἑπτὰ
1542 2625 1685 2693 ἡμε-

115 2709 210 2781 ρῶν
221 2711 359 2765 κατὰ
377 2713 478 2781 τὴν
498 2711 704 2783 ἑορτὴν
721 2711 830 2766 τῶν
855 2710 1054 2782 Ἁγίων
1074 2712 1134 2767 Ἀ
1143 2713 1419 2767 ποστόλων
1432 2711 1685 2768 καὶκατὰ

111 2801 198 2870 τὴν
239 2803 432 2874 ἑορτὴν
462 2803 570 2874 τῆς
619 2803 931 2872 Γεννήσεως
975 2803 1070 2859 τοῦ
1114 2805 1354 2874 Χριστοῦ
1409 2805 1680 2875 νηστεύει,

105 2894 134 2965 ἢ
161 2895 355 2958 ἑκοντὶ,
381 2894 416 2966 ἢ
442 2895 558 2949 ἀπὸ
603 2895 930 2967 κτητορικοῦ
960 2895 1193 2950 τυπικοῦ
1251 2894 1679 2966 συνωθούμενος,

105 2987 158 3040 οὐ
178 2987 740 3061 καταισχυνθήσεται.
776 2989 964 3053 Ὅπως
987 2989 1043 3041 δὲ
1071 2987 1162 3042 καὶ
1186 2987 1328 3042 διατί
1388 2987 1494 3059 πρὸ
1551 2987 1682 3042 ἑκά-

103 3099 224 3154 στης
281 3082 499 3137 τούτων
547 3083 666 3136 τῶν
711 3083 992 3152 τεσσάρων
1061 3079 1266 3151 ἑορτῶν
1327 3081 1682 3152 ἑπταὴμερον

1796 620 1918 674 culo
1951 618 2210 673 carnibus
2265 629 2556 673 vescemur
2596 616 2650 670 in
2703 614 2826 684 ejus
2889 615 3148 669 Mercurii
3196 616 3284 671 die
3317 627 3372 671 et

1791 710 2038 766 Veneris.
2079 709 2212 765 Nam
2242 723 2343 781 pro
2382 723 2491 763 uno
2522 706 2614 762 die
2669 703 2957 760 Bominico
2988 703 3230 760 habetur
3257 705 3366 761 hoc

1789 811 1994 872 septem
2024 802 2234 857 dierum
2264 800 2636 856 intervallum.

1861 894 2059 951 Interr.
2079 895 2168 950 55.
2199 893 2413 964 Jejunia
2441 894 2549 948 diei
2578 893 2700 950 festi
2718 893 3046 949 Sanctorum
3067 891 3365 961 Apostolo-

1791 1001 1936 1050 rum,
1973 997 2024 1040 et
2063 982 2274 1039 Natalis
2296 983 2504 1040 Christi
2527 1024 2542 1049 ,
2584 991 2638 1038 et
2671 982 3112 1040 Obdormitionis
3164 991 3369 1037 sanctae

1795 1079 2046 1148 Deipara:
2072 1087 2125 1132 et
2151 1076 2486 1142 Servatoris,
2539 1077 2937 1133 inexcusabilia
2969 1086 3120 1142 sunt,
3146 1079 3213 1130 ait
3249 1091 3370 1146 per-

1789 1169 2053 1224 mittenda
2079 1179 2132 1224 et
2155 1169 2566 1224 iudilierentia?

1861 1259 2014 1330 Resp.
2038 1259 2644 1329 ConstantinOpolitana
2667 1259 2888 1330 quidem
2909 1267 3099 1312 sancta
3125 1257 3365 1329 synodus

1789 1352 1844 1408 in
1874 1353 2068 1408 diebus
2097 1352 2431 1408 sanctissimi
2471 1353 2622 1407 illius
2668 1350 3089 1420 patriarcha...
3128 1345 3366 1403 interro-

1788 1455 1934 1515 gata,
1962 1459 2028 1498 an
2061 1451 2311 1515 oporteat
2362 1443 2594 1514 Augusti
2631 1443 2839 1498 mensis
2873 1441 3144 1511 jejunium
3195 1439 3362 1508 perfl-

1787 1551 1912 1593 cere
1944 1535 1963 1575 1
2002 1551 2016 1588 :
2056 1535 2360 1604 respondit,
2395 1537 2446 1590 id
2489 1535 2761 1606 jejunium
2796 1533 3065 1588 mutatum
3108 1545 3249 1595 esse.
3297 1545 3366 1584 ne

1786 1642 1910 1682 cum
1947 1627 2176 1697 paganis
2232 1625 2457 1695 jejuniis
2511 1639 2632 1694 qua:
2671 1623 2862 1678 eodem
2920 1631 3168 1691 tempore
3204 1620 3363 1684 nunt,

1787 1707 2101 1772 concurrat.
2134 1715 2286 1770 Multi
2310 1724 2490 1769 tamen
2522 1713 2771 1769 homines
2811 1712 2863 1767 id
2891 1712 3161 1780 jejunium
3183 1710 3366 1764 adhuc

1787 1811 2106 1864 observant.
2141 1806 2252 1862 Nos
2285 1816 2466 1862 autem
2498 1819 2622 1860 cum
2662 1819 2748 1870 ea,
2777 1817 2899 1874 quae
2939 1802 3003 1857 ad
3056 1801 3160 1855 hoc
3191 1800 3366 1871 perti-

1788 1906 1939 1962 nent,
1967 1897 2503 1954 consideraverimus
2526 1935 2542 1961 ,
2571 1893 2917 1950 defendimus
2935 1891 3143 1964 jejunia
3171 1906 3366 1948 neces—

1788 1993 1936 2050 sario
1956 1992 2265 2063 praecedere
2290 1990 2408 2044 haec
2422 1997 2659 2059 quatuor
2685 1986 2821 2042 festa
2847 2003 2862 2039 :
2890 1987 3147 2041 nimirum
3166 1984 3366 2040 festum

1788 2085 2112 2141 Sanctorum
2158 2083 2544 2153 Apostolorum
2569 2120 2584 2146 ,
2625 2077 2834 2134 Natalis
2875 2077 3115 2137 Christi,
3156 2074 3366 2130 Trans.

1788 2176 2130 2232 formationis
2153 2174 2357 2231 Christi
2386 2182 2442 2230 et
2475 2173 2566 2228 Dei
2598 2171 2793 2236 nostri,
2824 2178 2881 2226 et
2913 2167 3362 2224 Obdormitionis

1786 2280 1991 2324 saneta:
2023 2269 2286 2338 Deiparaa,
2313 2266 2404 2320 sed
2439 2274 2648 2319 tantum
2674 2269 2880 2331 septem
2919 2261 3154 2316 dierum.
3185 2259 3362 2314 Unum

1785 2362 1926 2418 enim
1957 2358 2420 2431 estquadragiuta
2440 2357 2652 2411 dierum
2681 2355 2950 2424 jejunium
2968 2351 3143 2407 sancti
3163 2361 3217 2405 et
3246 2366 3365 2404 ma-

1784 2454 1872 2524 gni
1903 2451 2216 2507 Pa‘schatis.
2256 2449 2413 2517 Quod
2443 2447 2488 2504 si
2523 2448 2650 2518 quis
2678 2448 2964 2517 plusquam
3003 2452 3212 2513 septem
3246 2443 3364 2497 die-

1783 2541 1888 2599 bus
1915 2543 2061 2598 circa
2097 2541 2294 2598 festum
2325 2539 2648 2596 Sanctorum
2671 2535 3059 2607 Apostolorum
3095 2541 3150 2588 et
3165 2532 3363 2586 festum

1785 2635 1991 2690 natalis
2018 2633 2222 2690 Christi
2253 2632 2486 2702 jejunet,
2524 2643 2618 2686 seu
2654 2637 2874 2699 sponte,
2913 2643 3010 2681 seu
3041 2642 3070 2680 a
3107 2623 3364 2678 fundato-

1783 2727 1865 2783 ria
1897 2725 2083 2796 regula
2112 2733 2154 2762 ω
2181 2723 2479 2794 impulsus,
2511 2737 2620 2777 non
2660 2719 3085 2789 vituperabitur.
3117 2717 3365 2782 Quonim

1782 2819 1854 2874 do
1872 2826 2076 2879 autem,
2113 2824 2167 2871 et
2185 2823 2407 2886 propter
2425 2813 2554 2883 quid
2573 2819 2699 2866 ante
2716 2807 3362 2879 unumquodquehorum

1783 2917 2025 2979 quatuor
2062 2905 2329 2962 festorum
2385 2905 2638 2974 jejunare
2669 2902 2992 2963 debeamus,
3025 2899 3364 2953 declaratum

1782 2999 1840 3056 in
1892 2997 2144 3072 synodali
2203 2997 2508 3062 decisione,
2537 2997 2605 3051 de
2658 3008 2724 3050 eo
2778 3009 2809 3048 a
2865 2993 3025 3047 nobis
3060 2987 3226 3045 facta.
3259 2989 3365 3055 Qui

1783 3093 1950 3164 igitur
1971 3108 2076 3147 non
2103 3091 2353 3163 jejunant
2385 3102 2512 3144 ante
2531 3084 2967 3156 unumquodque
3000 3084 3194 3138 horum
3223 3095 3366 3151 qua.

100 3173 338 3245 νηστείαν
366 3173 428 3241 ἐξ
457 3174 716 3244 ἀνάγκης
761 3171 1042 3246 νηστεύειν
1091 3172 1406 3241 ὀφείλομεν,
1435 3171 1676 3244 ἐδηλώθη

1799 3197 1910 3239 .uor
1941 3181 2204 3238 festorum
2236 3181 2358 3236 sine
2377 3179 2487 3234 ulla
2515 3178 2740 3234 omnino
2764 3173 3132 3230 excusatione
3151 3169 3366 3240 magnis

97 3267 149 3321 ἐν
177 3265 250 3338 τῷ
275 3267 534 3336 γεγονότι
581 3267 714 3336 παρ’
749 3265 908 3336 ἡμῶν
959 3265 1118 3336 χάριν
1176 3263 1368 3316 τούτου
1412 3261 1676 3336 συνοδικῷ

1786 3271 2226 3326 emendabuntur
2258 3269 2463 3340 pinnis;

97 3361 255 3429 τόμφ-
285 3358 352 3412 Οἱ
387 3357 528 3427 γοῦν
569 3357 648 3430 μὴ
679 3357 1034 3428 νηστεύοντες
1065 3355 1173 3429 πρὸ
1211 3355 1450 3428 ἑκάστης
1471 3355 1676 3412 τούτων
1713 3360 1824 3416 τῶν
1849 3364 2133 3434 τεσσάρων
2154 3362 2358 3434 ἑορτῶν
2397 3359 2540 3415 κατὰ
2604 3358 2666 3413 τὸ
2736 3355 2916 3428 πάντη
2969 3353 3364 3427 ἀπαραίτητον,

91 3451 152 3506 δι’
177 3451 482 3522 ἐπιτιμίων
511 3452 775 3525 μεγάλων
805 3451 1286 3524 διορθωθήσονται.

159 3545 362 3614 Ἐρώτ.
395 3545 499 3600 νδ⁸.
540 3545 612 3600 Οί
655 3543 796 3599 κατὰ
819 3545 1022 3608 ταύτας
1069 3546 1169 3609 τὰς
1195 3545 1449 3616 νηστείας
1475 3546 1684 3618 ἐγκρα-

89 3633 397 3704 τευόμενοι,
463 3634 618 3707 πρὸς
683 3634 740 3688 δὲ
804 3635 901 3688 καὶ
955 3637 1004 3689 oi
1066 3635 1211 3690 κατὰ
1266 3637 1366 3700 τὰς
1419 3638 1684 3709 τετράδας

88 3725 173 3776 καὶ
218 3724 608 3796 παρασκευὰς
673 3723 1134 3796 ξηροφαγοῦντες,
1203 3727 1684 3798 ὲκχωρηθήσονται

82 3815 161 3870 διὰ
186 3817 462 3889 δευτέρας
493 3817 792 3891 τραπέζης
822 3818 1160 3889 θεραπεῦσαι
1219 3820 1320 3891 τὴν
1363 3819 1458 3873 τοῦ
1495 3819 1681 3891 σώμα-

80 3924 160 3972 τος
181 3909 421 3977 ἔνδειαν,
469 3910 506 3982 ἢ
556 3908 669 3978 οὓς

154 3996 362 4052 Ἀπόκ.
385 3997 685 4069 Κυρίωςή
707 3997 1024 4068 ἐγκράτεια,
1042 3997 1267 4070 νηστεία
1285 3997 1433 4052 ἐστίν
1455 4012 1468 4028 ο
1487 4000 1568 4053 ὅτι
1585 3993 1683 4052 καὶ

77 4087 437 4154 παθοκτόνος,
499 4090 616 4144 οὐκ
659 4089 1110 4162 ἀνθρωποκτόνος
1148 4090 1420 4144 καλεῖται.
1453 4089 1517 4142 Εἰ
1549 4089 1682 4158 γοῦν

71 4179 119 4232 οι
171 4179 697 4254 ἑγκρατευόμενοι,
750 4181 842 4236 διὰ
872 4179 1136 4236 σύστασιν
1180 4181 1274 4235 τοῦ
1306 4180 1556 4253 σώματος
1588 4181 1686 4236 καὶ

69 4272 330 4344 δευτέρας
396 4273 709 4343 τραπέζης
760 4273 1049 4344 δεηθῶσιν,
1103 4273 1165 4327 οὐ
1209 4268 1688 4346 προκριματισθή-

1852 3543 2055 3601 Interr.
2086 3541 2175 3598 54.
2227 3541 2331 3609 Qui
2365 3541 2451 3597 his
2495 3539 2722 3610 jejuniis
2772 3535 3123 3594 continenter
3169 3539 3360 3603 agunt.

1782 3635 1969 3690 adlttec
1999 3645 2048 3689 et
2073 3634 2268 3688 diebus
2303 3627 2556 3687 Mercurii
2591 3639 2646 3686 et
2664 3627 2894 3684 Veneris
2924 3625 3098 3681 aridis
3127 3637 3364 3678 vescun—

1783 3735 1895 3792 tur,
1923 3726 2176 3782 sinentur
2205 3740 2302 3795 per
2335 3722 2721 3779 secundariam
2756 3731 3000 3775 mensam
3020 3731 3216 3772 curare
3237 3729 3366 3771 cor-

1785 3817 1938 3890 poris
1970 3816 2353 3888 indigentiam,
2391 3812 2609 3870 annon?

1863 3991 2021 4063 Resp.
2059 3991 2289 4062 Proprie
2335 3989 2702 4054 continentia,
2761 3985 3036 4057 jejunium
3075 3989 3196 4051 est;
3236 3981 3365 4053 quia

1793 4093 1849 4142 et
1885 4083 2212 4149 aﬂ‘ecticida,
2249 4097 2357 4136 non
2391 4079 2661 4137 homicida
2705 4087 2952 4135 vocatur.
2985 4076 3043 4132 Si
3087 4091 3241 4145 ergo,
3271 4075 3364 4144 qui

1793 4177 2146 4234 continenter
2190 4177 2424 4239 vivunt,
2479 4173 2545 4228 ad
2604 4173 2858 4242 corporis
2909 4169 3364 4226 sustentationem

1793 4267 2122 4326 secundaria
2189 4280 2379 4321 mensa
2442 4263 2762 4332 indigeant,
2818 4259 3196 4331 praejudicium
3257 4269 3369 4311 non

71 4377 274 4418 σονται.
338 4364 599 4429 Πάντως
651 4365 760 4436 γὰρ
795 4365 890 4419 καὶ
915 4365 1068 4419 αὐτοὶ
1105 4365 1205 4437 τὴν
1253 4365 1554 4436 ὁλοὴμερον
1587 4364 1682 4418 οὐκ

1799 4363 2092 4432 patientur.
2121 4357 2256 4412 Nam
2291 4370 2394 4411 nec
2419 4355 2473 4409 hri
2511 4363 2623 4410 tota
2651 4353 2737 4408 die
2772 4350 3174 4408 continentiam
3221 4346 3367 4402 infa-

63 4455 446 4524 ἀτιμάσουσιν
509 4422 874 4526 ἐγκρατειαν,
913 4454 1001 4509 διὰ
1037 4422 1330 4527 ἐσπέρινῆς
1366 4422 1682 4542 ’ξκρασίαφ

1799 4453 2024 4508 mabunt
2061 4465 2158 4523 per
2191 4447 2651 4506 incontinentiam
2702 4454 3027 4500 nocturnam
3051 4450 3106 4496 ιιι
3134 4441 3192 4495 id
3219 4438 3366 4494 enim

66 4545 231 4601 Τοῦτο
260 4548 323 4602 δὲ
361 4550 747 4620 ποιήσαντες,
780 4547 1296 4618 ὲπιτιμηθήσονται.

137 4641 351 4709 Ἐρώτ.
396 4646 506 4696 γε’.
580 4639 742 4694 Κατὰ
787 4640 888 4713 τὴν
945 4640 1271 4712 παραμονὴν
1314 4640 1418 4711 τῆς
1467 4641 1534 4693 ἐκ
1593 4656 1687 4693 νε-

59 4733 207 4806 κρῶν
241 4735 563 4808 ὲγέρσεως
601 4733 696 4788 τοῦ
728 4735 942 4788 δικαίου
976 4734 1252 4806 Λαζάρου,
1297 4737 1394 4789 καὶ
1422 4733 1563 4788 κατὰ
1585 4735 1686 4806 τὴν

53 4828 252 4900 ἑορτὴν
280 4829 406 4883 τῶν
465 4825 666 4897 Ᾱγίων
688 4828 1135 4899 Τεσσαράκοντα,
1158 4826 1454 4890 ἀκινδύνως
1472 4826 1686 4880 τελείαν

55 4917 392 4992 ἱερουργίαν
457 4919 829 4992 ίερουργήσει
875 4937 982 4984 τις,
1035 4920 1069 4991 ἦ
1121 4918 1217 4988 ob;
1262 4918 1539 4980 Ὡσαύτως
1590 4917 1688 4971 καὶ

46 5012 192 5066 κατὰ
216 5014 331 5084 τὴν
374 5011 530 5086 ὅλην
569 5012 734 5080 ἁγίαν
762 5013 1222 5083 Τεσσαρακοστην
1266 5011 1444 5078 ἔξεστι
1476 5008 1688 5081 βαπτί-

45 5101 186 5170 ζειν,
249 5106 290 5177 ἢ
353 5105 693 5175 ίερολογίας
747 5107 942 5176 γάμων
995 5104 1094 5159 καὶ
1141 5103 1445 5178 μνηστειῶν
1486 5105 1684 5170 ποιεῖν,

39 5195 207 5266 ῆοῦς

111 5287 333 5346 Ἀπόσι.
372 5287 448 5346 '0
473 5285 569 5360 νβ’
584 5287 763 5343 κανὼν
775 5288 872 5360 τῆς
885 5288 944 5343 ἐν
963 5285 1040 5360 τῷ
1052 5283 1307 5361 Τρούλλῳ
1329 5282 1425 5338 τοῦ
1445 5280 1684 5357 μεγάλου

1794 4545 1841 4602 si
1887 4543 2138 4606 fecerint,
2167 4539 2597 4596 coercebuntur.

1866 4633 2066 4690 Interr.
2135 4632 2226 4688 55.
2289 4633 2347 4687 in
2402 4631 2819 4714 exspectatione
2868 4623 3296 4682 resurrectionis
3337 4635 3369 4675 a

1795 4729 2030 4784 mortuis
2053 4726 2186 4798 justi
2224 4724 2440 4789 Lazari,
2480 4733 2535 4778 et
2579 4725 2632 4777 in
2676 4722 2816 4776 festo
2855 4719 3185 4773 Sanctorum
3219 4715 3371 4781 Qua-

1795 4821 2070 4890 draginta,
2100 4819 2218 4873 sine
2247 4817 2495 4888 periculo
2524 4813 2858 4869 sacriﬁcium
2893 4810 3168 4880 quispiam
3191 4805 3373 4876 perfe-

1794 4924 1944 4970 ctum
1991 4909 2288 4968 celebrabit
2318 4951 2334 4978 ,
2385 4908 2606 4964 annon?
2665 4905 2882 4962 Pariter
2910 4913 2966 4958 et
3012 4910 3125 4956 tota
3175 4907 3368 4955 sancta

1795 5007 2159 5077 Quadragena
2202 5003 2337 5059 licet
2392 5002 2708 5072 baptizare,
2787 5003 2882 5051 aut
2959 4991 3370 5050 benedictioues

1793 5099 2118 5172 nuptiarum
2146 5094 2668 5168 sponsaliorumque
2699 5090 2908 5155 facere,
2940 5083 3164 5142 annon?

1864 5278 2022 5350 Resp.
2041 5275 2548 5351 Quinquagesimus
2571 5270 2850 5331 secundus
2875 5277 3057 5326 canon
3079 5271 3283 5322 sanctre
3312 5267 3368 5315 et

1389 5474 1622 5534 VARIAZ
1678 5467 2090 5533 LECTIONES.

102 5618 153 5650 ”
187 5612 703 5686 διακαινησίμου.

102 5755 123 5796 ι
161 5757 473 5828 Augusto!
503 5768 711 5816 mense.
747 5752 1015 5823 jejunium
1048 5760 1279 5828 servaret
1308 5766 1327 5805 :

1428 5764 1468 5793 ω
1497 5769 1586 5808 seu
1622 5771 1653 5808 a
1681 5752 1989 5819 municipali
2009 5752 2238 5821 quodam
2263 5745 2490 5821 decreto.

2585 5750 2612 5778 ι’
2643 5739 2872 5797 Omnino
2905 5743 3078 5791 tamen
3125 5742 3216 5783 nec
3265 5722 3366 5793 ipsi

27 5837 152 5883 tota
177 5815 716 5884 dié'contimratam
745 5815 1174 5894 temperantiam,
1199 5839 1290 5893 per
1317 5826 1666 5895 vespertinam
1706 5815 2170 5893 intemperantiam
2223 5815 2614 5890 deformabunt.
