3948 6596
495 373 632 434 1083

1763 379 1900 440 JUS
1937 378 2386 442 CANONICUM

3573 382 3578 385 ⁷
3615 372 3725 436 108i

490 483 847 538 (ecumrnicze
883 486 1180 556 sytodi,in
1212 487 1402 542 'l'rnllo
1452 487 1630 558 magni
1689 487 1873 557 palatii
1925 504 2049 542 con-

2167 489 2431 542 παλατίου
2452 487 2726 559 συστάσης
2759 488 2920 553 ἁγίας
2958 488 3049 542 καὶ
3074 487 3460 557 οἰκουμενικῆς
3501 491 3724 551 συνόδου,

488 585 746 645 gregatae,
780 576 897 632 haec
944 581 1054 632 ait:
1088 579 1144 634 In
1178 581 1434 636 omnibus
1485 589 1688 636 sancta:
1735 581 2060 652 Quadrage-

489 667 641 721 sione
696 668 894 740 je-juuii
958 671 1173 736 diebus,
1242 680 1437 742 praeter
1483 689 1644 742 quam
1698 673 1957 739 Sabbato,
2005 683 2060 729 et

488 757 794 823 Dominico,
823 770 876 816 et
907 772 1098 818 sancto
1121 763 1571 822 Annuntiationis
1597 765 1706 831 die,
1727 766 1817 820 ﬁat
1839 781 2059 822 sacrum

489 852 1073 919 przesanctiﬁcatorum
1154 856 1544 911 ministerium.
1605 859 1672 912 Et
1746 859 1814 914 49
1881 874 2057 915 canon

489 942 814 999 Laodicena:
840 947 1035 1016 synodi
1074 947 1186 1002 tunc
1213 950 1496 1004 enuntiat:
1531 949 1683 1016 Quod
1714 966 1821 1004 non
1848 958 2060 1021 oportet

490 1035 544 1088 in
586 1034 1019 1106 Qttadragesima
1065 1053 1257 1107 panem
1290 1039 1510 1107 oﬂ'erre,
1566 1041 1670 1096 nisi
1705 1041 1970 1104 Sabbato,
2007 1048 2060 1095 ct

487 1127 622 1181 solis
683 1128 1006 1187 Dominicis.
1055 1130 1121 1186 Et
1186 1132 1245 1186 5|
1317 1147 1496 1187 canon
1557 1134 1801 1203 ejusdem
1861 1133 2057 1205 synodi

489 1218 696 1290 inquit:
737 1220 893 1284 Quod
929 1237 1037 1278 non
1063 1232 1280 1293 oportet
1327 1225 1381 1278 in
1424 1223 1860 1293 Quadragesima
1912 1240 2062 1278 mar-

489 1319 665 1381 tyrum
701 1313 913 1367 natales
947 1329 1228 1383 peragere,
1265 1315 1360 1370 sed
1395 1323 1713 1370 sanctorum
1752 1324 2056 1386 martyrum

489 1404 670 1458 facere
699 1406 1252 1462 commemorationes
1284 1408 1338 1462 in
1374 1406 1630 1462 Sabbatis
1654 1416 1708 1462 et
1735 1406 2056 1480 Dominicis.

486 1495 547 1548 Et
579 1495 647 1548 5'2
677 1496 753 1549 ait
788 1514 802 1550 :
847 1494 1002 1561 Quod
1037 1513 1143 1552 non
1169 1507 1381 1566 oportet
1423 1501 1475 1552 in
1505 1499 1934 1568 Quadragcsima
1963 1514 2063 1552 nu-

483 1586 651 1657 ptias,
699 1586 782 1640 vel
827 1587 1074 1642 natalitia
1113 1588 1414 1644 celebrare.
1463 1587 1718 1657 Ejusdem
1775 1591 2060 1660 syuodi45

482 1679 909 1748 complectitur:
940 1679 1094 1744 Quod
1125 1695 1235 1734 non
1272 1668 1490 1748 oportet
1514 1691 1640 1750 post
1681 1679 1820 1735 duas
1850 1681 2056 1736 hebdo-

481 1768 674 1824 madas
713 1768 1164 1839 Quadragesima:
1192 1771 1257 1824 ad
1290 1770 1743 1826 illuminationem
1773 1781 1792 1802 °
1822 1771 2054 1827 admitti.

482 1861 586 1927 Qui
625 1861 791 1932 igitur
815 1873 1003 1918 contra
1037 1865 1231 1921 horum
1293 1878 1536 1924 tenorem
1607 1870 1815 1924 faciunt
1877 1872 2060 1942 bapti-

480 1962 679 2019 smata,
716 1953 796 2010 vel
845 1957 1110 2025 nuptiales
1157 1959 1566 2016 benedictiones
1624 1962 1676 2016 in
1712 1970 1822 2014 tota
1870 1975 2058 2018 sancta

482 2062 676 2116 magna
706 2047 1200 2119 Quadragcna,vcl
1255 2053 1528 2122 perfectas
1580 2053 1796 2128 hostias.
1847 2055 2058 2110 sacriﬁ-

481 2146 694 2200 cantes,
731 2148 961 2210 excepto
990 2142 1109 2195 solo
1131 2141 1398 2208 Sabbato,
1432 2151 1484 2197 et
1531 2144 1619 2198 die
1653 2143 1960 2221 Dominico,
2002 2154 2057 2201 et

481 2229 947 2298 evangelizatione
966 2241 1010 2296 ιτ,
1035 2231 1238 2300 injuste
1254 2243 1438 2303 agunt,
1458 2244 1510 2288 et
1529 2235 1786 2304 gravibus
1803 2237 2058 2292 eruenda-

480 2319 685 2374 bnntur
720 2323 922 2391 poenis,
948 2323 1091 2392 quod
1119 2338 1179 2377 ea
1211 2325 1613 2391 commiserint,
1665 2344 1786 2398 quae
1838 2328 2052 2383 veniam

480 2425 588 2464 non
623 2420 927 2467 merentur.
978 2413 1300 2471 Canonibus
1355 2431 1488 2472 sane
1535 2417 1818 2472 deﬁnitum
1852 2429 1958 2485 est,
1997 2420 2052 2475 in

478 2514 674 2568 magno
707 2499 949 2557 Sabbato
1009 2503 1335 2573 baptismata
1399 2506 1537 2560 ﬁeri.
1598 2506 1752 2574 Quod
1813 2507 1859 2562 si
1925 2508 2052 2564 vita:

478 2588 659 2644 exitus
718 2599 910 2661 urgeat
987 2593 1156 2647 divini
1230 2594 1579 2665 baptismatis
1661 2597 2049 2666 initiationem,

479 2679 758 2735 lavacrum
789 2681 1166 2746 exhibebitur,
1201 2685 1363 2740 etiam
1389 2687 1497 2740 alio
1528 2688 1615 2743 die
1659 2688 2051 2761 Quadragena‘.

482 2771 616 2826 Nam
635 2779 690 2827 et
723 2771 812 2839 iis,
844 2775 938 2843 qui
963 2775 1030 2828 ad
1064 2782 1372 2831 extremum
1420 2789 1750 2835 coercentur
1773 2791 1822 2847 (ι,
1853 2791 1906 2837 et
1930 2798 2053 2852 per-

479 2871 644 2934 petua
705 2865 1281 2925 excommunicatione
1335 2869 1578 2926 damnati
1635 2881 1788 2938 sunt,
1852 2875 2050 2931 mortis

479 2954 781 3024 auxiliatur
813 2957 1161 3028 mysterium,
1191 2961 1260 3018 ad
1299 2971 1621 3018 sanctorqu
1659 2965 2050 3036 mysteriorum

475 3047 979 3119 participationem.

2162 580 2336 634 ταῦτά
2388 598 2574 653 φησιν·
2615 581 2703 633 Ἐν
2736 581 2940 646 πάσαις
2996 583 3115 645 ταῖς
3144 581 3241 651 τῆς
3267 581 3427 649 ἁγίας
3465 577 3726 647 Τεσσιρα-

2164 674 2364 744 κοστῆς
2402 673 2512 726 τῶν
2541 672 2806 742 νηστειῶν
2844 672 3100 743 ἡμέραις,
3128 672 3308 743 παρὲξ
3337 671 3625 724 Σαϐϐάτου
3653 672 3728 725 καὶ

2163 765 2468 835 Κυριακῆς,
2508 764 2599 819 καὶ
2621 765 2719 834 τῆς
2748 764 2907 833 άγίας
2941 762 3035 818 τοῦ
3059 762 3478 833 Εὑαγγελισμοῦ
3511 763 3725 834 ἡμέρας,

2162 859 2194 926 ἡ
2235 856 2344 909 τῶν
2401 856 2855 926 προηγιασμένων
2914 855 3076 926 ἱερῶν
3123 855 3438 924 λειτουργία
3486 855 3724 923 γινέσθω.

2165 951 2270 1002 Καὶ
2304 949 2332 1000 ό
2361 948 2446 1017 μθ¹
2480 947 2577 1017 τῆς
2617 949 2672 1000 ἐν
2696 947 2988 1017 Λαοδικείᾳ
3019 946 3234 1000 συνόδου
3259 947 3431 1000 ταῦτα
3466 945 3724 1010 διέξεισιν,

2165 1040 2248 1092 ὅτι
2288 1040 2363 1091 Οὐ
2396 1038 2477 1091 δεῖ
2509 1041 2576 1108 τῇ
2617 1038 3048 1109 Τεσσαρακοστῇ
3081 1037 3246 1108 ἄρτον
3294 1037 3653 1108 προσφέρειν.
3686 1041 3724 1089 εί

2165 1129 2240 1199 μὴ
2296 1131 2353 1184 ὲν
2411 1131 2672 1202 Σαϐϐάτῳ
2715 1131 2809 1184 καὶ
2839 1132 3092 1200 κυριακῇ
3123 1130 3304 1198 μόνον.
3335 1129 3448 1183 Kal.
3478 1130 3508 1180 ὁ
3537 1127 3621 1182 να⁹
3643 1146 3723 1181 κα-

2161 1221 2268 1276 νὼν
2301 1225 2398 1293 τῆς
2429 1224 2599 1292 αὐτῆς
2630 1222 2849 1276 συνόδου
2875 1221 3147 1291 φησ¹ιν,ὂτι
3167 1221 3241 1274 Οὐ
3264 1221 3345 1274 δεῖ
3361 1224 3424 1291 τῇ
3451 1221 3720 1289 Τεσσαρα-

2162 1318 2332 1388 κοστῇ
2373 1314 2668 1386 μαρτύρων
2719 1311 2972 1382 γενέθλια
3039 1311 3234 1376 τελεῖν,
3300 1309 3435 1363 ἀλλὰ
3484 1309 3589 1371 τὰς
3637 1309 3722 1362 τῶν

2163 1408 2338 1475 ἁγίων
2380 1409 2676 1479 μαρτύρων
2729 1407 2952 1476 μνήμας
3003 1405 3180 1458 ποιεῖν
3239 1405 3298 1456 ὲν
3355 1403 3469 1463 τοῖς
3500 1401 3721 1454 Σάϐϐασι

2162 1499 2255 1552 καὶ
2279 1499 2396 1562 ταῖς
2430 1498 2757 1569 Κυριακαῖς.
2791 1497 2899 1550 Καὶ
2926 1493 3048 1565 ὁζνβ⁹
3076 1495 3246 1562 λέγει,
3277 1492 3358 1546 ὅτι
3389 1491 3466 1544 Οὐ
3482 1491 3565 1544 δεῖ
3584 1492 3638 1541 ὲν
3668 1494 3719 1559 τῇ

2167 1592 2593 1660 Τεσσαρακοστῇ
2623 1588 2838 1660 γάμους
2871 1589 2903 1660 ἢ
2946 1585 3200 1656 γενέθλιοι
3228 1583 3525 1638 ἐπιτελεῖν.
3573 1580 3636 1636 ’0
3656 1581 3721 1650 με’

2160 1687 2261 1753 τῆς
2288 1685 2460 1756 αὐτῆς
2491 1685 2710 1739 συνόδου
2741 1681 3096 1753 διαλαμϐάνει
3146 1681 3229 1734 δτι
3260 1680 3318 1733 οὗ
3350 1679 3434 1733 δεῖ
3474 1678 3616 1744 μετὰ
3650 1677 3722 1731 δὲο

2164 1777 2465 1849 ἑϐδομάδας
2516 1777 2617 1844 τῆς
2643 1777 3110 1846 Τεσσαρακοστῆς
3139 1773 3391 1844 δέχεσθαι
3419 1773 3502 1835 εἰς
3535 1771 3600 1824 τὸ
3629 1769 3720 1838 φώ-

2116 1863 2132 1908 7
2161 1887 2351 1938 τισμα.
2390 1867 2451 1922 Οί
2475 1868 2605 1935 γοῦν
2636 1866 2916 1930 ποιοῦντες
2962 1867 3112 1937 παρὰ
3139 1863 3238 1936 τὴν
3265 1864 3474 1918 τούτων
3510 1863 3721 1932 περίλη-

2159 1957 2252 2026 ψιν
2279 1956 2654 2026 βαπτίσματα,
2683 1957 2716 2026 ἣ
2756 1956 3061 2026 ίερολογίας
3090 1955 3355 2025 γαμικὰς,
3391 1954 3459 2006 δι’
3483 1953 3614 2022 ὅλης
3641 1954 3723 2016 τῖς

2160 2049 2322 2118 ἁγίας
2365 2049 2609 2122 μεγάλης
2640 2048 3135 2121 Τεσσαρακοστῆς,
3187 2047 3220 2117 ἦ
3292 2045 3503 2109 τελείας
3547 2045 3722 2107 θυσίας

2162 2137 2590 2213 ἱερουργοῦντες,
2653 2143 2782 2195 ἄνευ
2843 2139 3004 2210 μόνου
3048 2139 3142 2192 τοῦ
3192 2138 3476 2192 Σαϐϐάτου
3519 2139 3616 2190 καὶ
3641 2137 3722 2204 τῆς

2159 2234 2442 2304 Κυριακῆς
2459 2231 2662 2287 καὶτοῦ
2682 2229 3116 2302 Εὐαγγελισμοῦ,
3145 2228 3647 2301 παρανομοῦσι,κα“ι
3665 2229 3720 2281 δι’

2158 2325 2448 2396 ἐπιτιμίων
2486 2325 2736 2394 μεγάλων
2753 2323 3227 2394 διορθωθήσονται,
3266 2322 3341 2383 ὡς
3369 2320 3721 2386 ἁσύγγνωστα

2157 2416 2671 2487 πλημμελήσαντες.
2714 2416 2873 2470 Κατὰ
2933 2415 3118 2484 μέντοι
3157 2413 3217 2466 τὸ
3281 2411 3424 2482 μέγα
3458 2410 3721 2488 Σάϐϐα-ιον

2157 2508 2539 2562 κεκανόνισται
2580 2507 2648 2561 τὰ
2683 2505 3038 2578 βαπτίσματα
3083 2503 3350 2574 γίνεσθαι.
3385 2503 3448 2556 Et
3497 2503 3553 2556 δὲ
3607 2519 3720 2555 κατ·

2154 2597 2366 2664 επείγει
2408 2595 2506 2668 τὴν
2554 2595 2648 2651 τοῦ
2701 2595 2848 2650 θείου
2903 2595 3279 2666 βαπτίσματος
3319 2591 3607 2662 τελετὴνή
3642 2591 3720 2644 τοῦ

2158 2689 2273 2761 βίου
2295 2689 2646 2760 μετάστασις,
2679 2689 2970 2759 γενήσεται
3016 2687 3300 2759 βάπτισμα
3329 2687 3424 2740 καὶ
3463 2685 3587 2740 καθ’
3622 2686 3723 2738 ἑτέ-

2158 2801 2257 2857 ραν
2285 2782 2500 2854 ημέραν
2527 2782 2625 2851 τῆς
2647 2780 3103 2852 Τεσσαρακοστῆς
3123 2796 3138 2810 ο
3170 2780 3253 2832 ὅτι
3295 2778 3392 2833 καὶ
3417 2780 3530 2842 τοῖς
3570 2776 3722 2847 ,ἐσχά-

2153 2891 2261 2937 τως
2285 2871 2654 2942 ἐπιτιμηθεῖσι
2679 2871 2776 2924 καὶ
2801 2868 3170 2942 ἁκοινωνησίᾳ
3187 2866 3568 2937 κατακριθεῐσι
3597 2883 3720 2920 παν.

2153 2962 2302 3016 τελεῖ
2330 2962 2392 3016 τὸ
2447 2961 2542 3016 τοῦ
2616 2959 2848 3014 θανάτου
2903 2959 3202 3032 μυστήριον
3247 2955 3434 3029 βοηθεῖ
3467 2956 3606 3028 προς
3637 2955 3722 3026 τὴν

2155 3053 2264 3108 τῶν
2285 3054 2457 3124 ἁγίων
2497 3052 2810 3126 μυστηρίων
2841 3050 3165 3123 μετάληψιν.

478 3189 484 3196 .
547 3137 746 3197 Interr.
778 3142 871 3198 56.
909 3143 1039 3200 Siue
1061 3144 1307 3214 periculo
1344 3146 1474 3200 ﬁunt
1506 3145 1886 3205 ordinationes
1919 3149 2047 3205 sub-

2234 3144 2440 3214 Ἔρώτ.
2500 3150 2608 3210 νς¹.
2688 3140 3008 3206 Ἀκινδύνως
3086 3142 3328 3210 γίνονται
3397 3137 3716 3223 χειροτονίαι

474 3230 858 3298 diaconorum,
890 3235 1276 3299 diaconorum,
1316 3240 1688 3305 sacerdotum,
1730 3249 1783 3297 et
1829 3243 2047 3313 pontiﬁ-

473 3337 598 3378 cum
634 3323 687 3379 in
711 3333 903 3382 sancta
927 3336 984 3383 et
1010 3343 1205 3400 magna
1239 3328 1622 3401 Quadragena,
1659 3333 1882 3388 annon?

548 3500 699 3570 Resp.
732 3501 1053 3561 Canonibus
1077 3514 1344 3561 statutum
1371 3517 1454 3564 est
1481 3511 1565 3577 (ut.
1609 3511 1866 3582 superius
1909 3511 2050 3568 dixi-

476 3591 620 3661 mus)
657 3608 722 3648 ne
781 3593 1024 3660 perfecta
1055 3598 1383 3653 sacriﬁcatio
1436 3599 1530 3655 ﬁat
1570 3609 1684 3655 toto
1731 3603 1801 3658 40
1831 3604 2044 3659 dierqu

472 3679 706 3750 jejunio,
740 3684 984 3754 exceptis
1034 3687 1168 3742 solis
1217 3687 1488 3754 Sabbatis,
1547 3699 1601 3743 et
1639 3691 1964 3758 Dominicis,
1995 3702 2051 3748 et

475 3770 613 3825 festo
645 3772 1163 3844 Evangelizatiouis.
1192 3779 1291 3833 His
1319 3779 1501 3849 itaque
1554 3780 1773 3846 diebus,
1828 3785 2049 3854 quando

475 3865 702 3934 mystica
728 3877 1059 3922 consecrata
1088 3869 1311 3924 victima
1344 3873 1647 3940 perﬁcitur,
1669 3875 2047 3932 ordinationes

472 3956 613 4014 citra
647 3957 816 4012 ullum
860 3959 1070 4015 crimen
1107 3961 1244 4030 ﬁunt
1269 3979 1281 4016 :
1309 3965 1522 4020 caeteris
1557 3974 1738 4020 autem
1764 3965 2046 4035 jejunato-

471 4045 571 4103 riis
603 4047 819 4114 diebus,
869 4051 1090 4120 quando
1130 4052 1372 4121 perfecta
1430 4057 1762 4110 sacriﬁcatio
1816 4073 1925 4114 non
1965 4058 2045 4127 ﬁt,

472 4153 575 4195 nec
607 4138 884 4196 ordinatio
915 4142 1082 4196 ullius
1109 4158 1320 4211 eorum,
1354 4146 1445 4214 qui
1477 4146 1635 4200 altari
1687 4147 2042 4216 ministrant,

470 4230 752 4300 multoque
775 4235 959 4288 minus
983 4235 1315 4306 episcopalis
1339 4238 1671 4307 perﬁcietur.
1711 4237 1999 4295 Ordinatio
2023 4250 2045 4278 τ

470 4323 616 4377 enim
650 4331 737 4380 est
787 4324 990 4394 publici
1027 4333 1334 4383 conventus
1370 4336 1608 4400 tempus,
1667 4338 1723 4385 et
1775 4330 2040 4401 gloriﬁca-

467 4415 638 4471 tionis
712 4416 830 4480 Dei,
911 4417 1093 4489 dignis
1155 4420 1431 4490 elargiens
1504 4422 1781 4492 spiritales
1863 4423 2044 4496 digni-

469 4516 631 4563 tates.
1476 4496 1486 4506 ’

538 4599 736 4655 lnterr.
777 4599 866 4656 57.
903 4599 1036 4667 Qua':
1064 4600 1119 4656 in
1149 4601 1355 4656 sanctis
1383 4601 1475 4657 Dei
1515 4603 1774 4660 Ecclesiis
1833 4605 1902 4661 ab
1934 4607 2036 4660 ali-

464 4690 668 4760 quibus
709 4690 1058 4764 oIIeruntur;
1087 4708 1173 4749 res
1223 4694 1672 4766 qualescunque,
1727 4698 1812 4752 vel
1871 4698 2038 4753 etiam

467 4781 674 4845 edulia,
726 4782 798 4838 ab
845 4783 958 4838 ullo
1003 4785 1347 4855 accipientur
1382 4799 1430 4852 ε,
1475 4796 1528 4841 et
1579 4802 1773 4842 eorum
1825 4790 2036 4846 tribue-

467 4882 557 4927 tur
588 4873 851 4932 licentia?
885 4875 1015 4933 ltem
1064 4894 1211 4949 quae,
1250 4887 1304 4934 et
1355 4880 1536 4950 qualia
1571 4889 1699 4935 sunt
1747 4881 2035 4947 canonica,

469 4982 592 5036 quae
639 4967 1024 5029 sacerdotibus
1049 4983 1104 5028 et
1161 4974 1511 5046 pontiﬁcibus
1554 4974 1851 5044 quotannis
1901 4975 2039 5031 dau-

463 5058 596 5112 tur?

537 5149 696 5220 Resp.
741 5153 923 5209 Aurea
977 5155 1200 5225 quidem
1265 5166 1318 5213 et
1383 5167 1676 5230 argentea,
1746 5173 1869 5229 quae
1927 5158 2037 5213 Deo

462 5239 799 5309 offeruntur,
861 5259 990 5300 vasa
1041 5256 1096 5302 et
1155 5249 1559 5318 supellectilia,
1617 5251 1739 5306 sine
1809 5248 2035 5303 domino

464 5342 596 5388 sunt
626 5335 671 5400 ι,
713 5341 768 5388 et
803 5351 899 5407 per
925 5338 1216 5408 episcopos
1255 5339 1366 5397 Deo
1398 5349 1821 5397 consecrantur.
1859 5339 2033 5393 Escu-

462 5425 608 5480 lenta
660 5438 864 5496 autem,
913 5439 966 5485 et
1014 5431 1334 5501 potulenta,
1402 5449 1524 5489 oua:
1592 5434 1743 5488 "uxta
1805 5447 2034 5498 morem,

2152 3236 2294 3292 κατὰ
2319 3236 2418 3307 τὴν
2473 3234 2636 3304 ἁγίαν
2682 3233 2777 3288 καὶ
2825 3230 3069 3303 μεγάλην
3119 3229 3585 3300 Τεσσαρακοστὴν
3625 3227 3722 3280 τῶν

2154 3325 2551 3392 ὑποδιακόνων,
2593 3324 2704 3380 τῶν
2767 3323 3052 3389 διακόνων,
3101 3322 3212 3376 τῶν
3266 3321 3458 3396 ἱερέων
3488 3322 3581 3374 καὶ
3623 3319 3722 3372 τῶν

2150 3418 2470 3489 ἀρχιερέων,
2497 3417 2530 3489 ἢ
2562 3414 2620 3470 οὔ
2641 3433 2656 3482 ;

2231 3509 2426 3566 Ἀπόκ.
2474 3508 2866 3564 Κεκανόνισται
2893 3506 3096 3579 (καθὼς
3123 3503 3328 3560 ἄνωθεν
3368 3505 3606 3575 εἴρηται)
3653 3499 3721 3572 μὴ

2155 3598 2402 3668 γίνεσθαι
2439 3598 2652 3652 τελείαν
2701 3598 3106 3669 ίεροτελεστίαν
3135 3596 3205 3650 δι’
3255 3595 3385 3666 ὅλης
3410 3597 3508 3656 τῆς
3532 3609 3719 3646 τεσσαο

2155 3691 2569 3764 ρακονθημέρου
2606 3689 2883 3760 νηστείας,
2923 3691 3052 3744 ἄνευ
3089 3689 3275 3759 μόνων
3303 3688 3409 3742 τῶν
3439 3686 3722 3739 Σαϐϐάτων

2152 3783 2367 3837 καὶτῶν
2385 3781 2700 3854 Κυριακῶν,
2726 3781 2934 3851 καὶτῆς
2959 3781 3151 3851 ἑορτῆς
3167 3779 3262 3832 τοῦ
3288 3773 3716 3847 Εὐάγγελισμοῦ.

2151 3875 2238 3928 Διὸ
2264 3874 2404 3928 κατὰ
2441 3876 2539 3943 μὲν
2569 3874 2666 3938 τὰς
2717 3873 2927 3944 ἡμέρας
2952 3871 3176 3938 ταύτας,
3223 3873 3313 3926 ὅτε
3365 3872 3458 3925 καὶ
3497 3865 3718 3941 μυστικῂ

2149 3964 2545 4036 τετελειωμένη
2578 3963 2736 4018 θυσία
2768 3962 3022 4027 τελεῖται,
3059 3959 3381 4032 γενήσονται
3409 3960 3718 4031 χειροτονίαι

2149 4058 2290 4111 κατὰ
2319 4057 2380 4110 τὸ
2409 4056 2585 4125 πάντη
2639 4055 3068 4127 ἁκριμάτιστον·
3123 4055 3180 4106 ἐν
3231 4054 3288 4107 δὲ
3347 4055 3467 4118 ταῖς
3517 4053 3717 4114 λοιπαῖς

2149 4147 2431 4220 νηστίμοις
2454 4148 2712 4220 ⁴ἡμέραις,
2744 4148 2832 4202 ὅτε
2887 4137 3066 4201 τελεία
3094 4146 3463 4218 ίεροτελεστὶα
3495 4145 3554 4199 οὖ
3581 4145 3717 4211 γίνεο

2149 4258 2261 4302 ται,
2296 4241 2414 4294 οὐδὲ
2441 4239 2747 4311 χειροτονία
2786 4240 2934 4302 τινὸς
2977 4238 3088 4292 τῶν
3115 4238 3209 4292 τοῦ
3243 4238 3512 4320 βήματος,
3546 4233 3716 4304 πολλῷ

2147 4333 2203 4388 δὲ
2233 4334 2394 4388 πλέον
2421 4333 2752 4404 ἐπισκοπικὴ
2782 4331 3188 4402 τελεσθήσεται.
3225 4332 3338 4386 Καὶ
3367 4321 3716 4401 ήχειροτονία

2147 4429 2257 4498 γὰρ
2313 4426 2673 4498 πανηγύρεως
2699 4428 2815 4479 ἐστι
2867 4425 3078 4497 καιρὸς,
3106 4425 3199 4478 καὶ
3225 4423 3533 4494 δοξολογίας
3565 4420 3714 4488 Θεοᾶ,

2073 4510 2118 4566 ί)
2145 4523 2258 4581 τοῖς
2283 4519 2454 4584 ἀξίοις
2487 4518 2819 4589 χαριζομένη
2859 4516 3208 4587 πνευματικὰ
3241 4517 3548 4584 ἀξιώματα.

2224 4611 2422 4679 Ἐρώτ.
2480 4609 2576 4674 vg'.
2628 4609 2709 4662 Τὰ
2767 4610 2825 4662 ὲν
2863 4613 2981 4672 ταῖς
3034 4609 3216 4676 ἁγίαις
3269 4607 3363 4660 τοῦ
3402 4605 3536 4660 Θεοῦ
3597 4605 3715 4656 Ἐκ-

2140 4701 2395 4772 κλησίαις
2445 4702 2598 4773 παρά
2624 4717 2784 4754 τινων
2827 4701 3248 4770 προσφερόμενα
3274 4699 3551 4769 οίαδήτινα
3578 4696 3710 4766 πρά-

2141 4805 2351 4865 γματα,
2407 4793 2440 4863 ἢ
2486 4792 2581 4847 καὶ
2614 4792 2856 4863 τρωκτά,
2877 4792 3028 4862 παρὰ
3061 4791 3209 4855 τίνος
3241 4791 3592 4862 δεχθήσονται
3622 4788 3713 4840 καὶ

2143 4881 2659 4952 ἐξουσιασθήσονται
2683 4897 2698 4948 ς
2726 4881 2833 4932 Καὶ
2859 4880 3000 4947 τίνα,
3035 4881 3132 4935 καὶ
3162 4880 3293 4933 ποῖά
3334 4880 3441 4932 εἰσι
3488 4878 3554 4931 τὰ
3591 4879 3712 4945 ἐτη-

2149 4975 2282 5038 σίως
2332 4973 2586 5044 διδόμενα
2639 4974 2752 5037 τοῖς
2795 4971 3025 5043 ἱερεῦσι,
3053 4973 3145 5026 καὶ
3172 4969 3487 5044 ἀρχιερεῦσι
3515 4985 3711 5022 κανονι-

2147 5081 2255 5130 κα;

2230 5149 2426 5212 Ἀπόκ.
2445 5155 2528 5210 Τὰ
2561 5155 2660 5227 μὲν
2686 5153 2761 5226 τῷ
2781 5155 2899 5224 Θεῷ
2916 5153 3302 5225 προσαγόμενα
3320 5154 3495 5225 χρυσᾶ
3511 5150 3596 5204 καὶ
3614 5149 3708 5220 ἁρ-

2143 5247 2289 5318 γυρᾶ
2318 5246 2488 5317 σκεύη
2519 5247 2614 5299 καὶ
2649 5245 2873 5310 ἔπιπλα,
2902 5246 3174 5299 ἀδέσποτά
3201 5247 3332 5309 εῖσι,
3365 5245 3467 5298 κᾶν
3495 5241 3576 5297 διὰ
3602 5240 3705 5292 τῶν

2144 5339 2462 5391 ἐπισκόπων
2522 5336 2941 5408 προσφέρωνται
2981 5337 3058 5407 τῷ
3109 5336 3258 5406 Θεῷ·
3297 5338 3366 5389 τὰ
3402 5337 3456 5390 δὲ
3499 5330 3704 5403 τρωκτὰ

2148 5428 2243 5481 καὶ
2277 5427 2420 5482 ποτὰ
2461 5427 2703 5498 συνήθως
2735 5429 2792 5480 ἐν
2819 5427 3064 5498 μνήμαις
3084 5426 3253 5495 ἁγίων
3286 5427 3380 5480 καὶ
3411 5426 3542 5494 ὑπὲρ
3568 5438 3695 5493 μνη-

1727 5585 1965 5642 VARUE
1999 5584 2404 5642 LECTIONES.

534 5736 556 5756 °
585 5726 654 5778 ad
681 5727 1020 5794 θανιὶεηωση.
1100 5743 1124 5779 ι·
1159 5743 1208 5786 et
1238 5733 1691 5788 Aummtintitmis.
1771 5742 1798 5780 ει
1827 5733 1914 5800 qui
1952 5743 2181 5786 extreme
2205 5731 2515 5797 puniuntur.

1573 5805 1592 5832 ⁸
1633 5820 1861 5871 quonam
1891 5804 2212 5869 accipientur
2260 5815 2307 5855 et
2362 5800 2762 5854 retinebantur?

460 5808 535 5849 est
591 5800 821 5865 occasio,
867 5810 917 5854 et
982 5801 1347 5859 celtl'rationis
1381 5803 1492 5858 Dei.

2602 5739 2619 5764 ν
2648 5745 2770 5780 nam
2809 5738 2857 5782 et
2885 5726 3178 5788 ordinatio,
3214 5728 3410 5794 publici
3438 5733 3694 5780 conuentu:

2841 5802 2855 5834 ι
2895 5799 2948 5852 in
2978 5798 3176 5852 mil/ius
3210 5797 3442 5853 dominio
3470 5805 3595 5850 sunt.
