3948 6572
178 408 313 474 1085

1430 417 2136 486 ϐΒβΕΕΟοΗΟΜΑΝΗΜ.

3290 428 3424 494 1086

184 522 420 595 μοσύνων
487 521 891 593 κατοιχομένων
921 523 1348 596 είσκομιζόμενα
1376 529 1452 599 τῷ
1488 529 1622 601 ναῷ.
1657 532 1747 584 καὶ

1856 543 2175 591 sanctorum
2204 538 2506 604 memoriis,
2553 543 2605 591 et
2640 551 2740 606 pro
2791 547 3135 594 mortuorum
3179 553 3422 596 comme-

179 619 240 669 τὰ
267 615 402 686 ὑπὲρ
428 613 678 685 ψυχικῶν
732 615 1022 670 διαδόσεων
1067 620 1190 683 ταῖς
1215 620 1539 690 ἐκκλησίαις
1596 623 1750 694 παρά

178 724 328 760 τινων
351 706 794 777 προσφερόμενα,
819 711 932 773 τοῖς
965 710 1285 774 ἐπισκόποις
1315 712 1554 768 δίδοσθαι
1584 731 1752 768 κεκα-

178 798 430 860 νόνισται,
477 801 574 853 καὶ
635 800 789 872 παρά
813 801 1020 856 τούτων
1045 805 1183 873 πρός
1217 821 1276 856 τε
1303 805 1424 868 τοὺς
1455 805 1750 878 κληρικοὺς

179 890 266 944 καὶ
294 891 417 953 τοὺς
448 889 823 962 ξενιζομένους
848 894 942 947 καὶ
971 895 1144 958 άλλως
1165 896 1560 968 πενητεύοντας
1598 898 1751 951 ἀδελ-

180 983 303 1050 φοὺς
332 981 766 1052 διαμερίζεσθαι,
798 985 942 1040 κατά
964 987 1062 1057 τὴν
1085 989 1290 1040 τούτων
1309 989 1749 1060 διάκρισιν.Φησὶ

179 1073 276 1143 γὰρ
305 1075 331 1126 ὀ
355 1070 402 1139 γ’
435 1072 617 1126 κανὼν
647 1075 756 1128 τῶν
785 1076 957 1144 ἁγίων
993 1078 1308 1131 ἀποστόλων
1338 1079 1509 1132 ταῦτα
1545 1081 1744 1151 ρητῶςο

179 1165 238 1217 Ei
260 1182 339 1227 τις
371 1163 673 1228 ἐπίσκοπος
705 1165 736 1234 ἢ
776 1168 1150 1238 πρεσϐύτερος
1212 1171 1361 1240 παρὰ
1385 1170 1483 1242 τὴν
1508 1170 1602 1224 τοῦ
1637 1172 1749 1225 Κυ-

182 1257 287 1327 ρίου
317 1256 562 1321 διάταξιν
591 1257 690 1328 τὴν
720 1258 813 1311 ἐπὶ
873 1262 940 1331 τῇ
982 1261 1142 1332 θυσίᾳ
1199 1263 1540 1335 προσενέγκῃ
1587 1261 1751 1330 ἕτερά

179 1367 289 1400 τινα
317 1349 407 1401 ἐπὶ
452 1348 518 1401 τὸ
562 1347 972 1420 θυσιαστήριον,
1011 1351 1042 1421 ἢ
1078 1352 1220 1421 μέλι,
1273 1352 1305 1421 ἢ
1357 1352 1519 1422 γάλα,
1561 1354 1594 1414 ἢ
1627 1354 1749 1407 ἀντὶ

178 1445 308 1495 οἴνου
350 1443 547 1512 σίκερα
607 1444 954 1514 ἐπιτηδευτά,
1022 1446 1055 1516 ἣ
1103 1446 1271 1516 ὅρνις,
1303 1447 1335 1518 ἢ
1372 1445 1489 1512 cos
1533 1448 1742 1518 τινα,ἣ

178 1537 386 1604 ὀσπρια,
439 1535 597 1607 παρά
647 1537 746 1608 τὴν
793 1536 1075 1603 διάταξιν,
1124 1541 1540 1611 καθαιρείσθωο
1608 1541 1748 1613 πλὴν

177 1628 300 1679 νέων
331 1625 558 1698 χίδρων,
605 1629 682 1699 τῷ
709 1631 888 1701 καιρῷ
928 1631 1006 1702 τῷ
1032 1631 1225 1686 δέοντι.
1261 1634 1354 1704 Μὴ
1375 1633 1494 1699 ἐξὸν
1523 1634 1578 1688 δὲ
1609 1635 1750 1688 ἔστω

184 1718 360 1790 ἕτερόν
390 1737 443 1774 τι
491 1721 864 1790 προσάγεσθαι
895 1725 976 1788 είς
1005 1726 1065 1778 τὸ
1092 1724 1497 1798 θυσιαστήριον,
1525 1727 1558 1800 ἢ
1589 1727 1750 1796 μόνον

179 1811 349 1864 ἔλαιον
389 1813 473 1875 εἰς
511 1813 615 1882 τὴν
664 1814 908 1886 λυχνίαν,
939 1818 1035 1872 καὶ
1061 1817 1313 1889 θυμίαμα
1335 1818 1412 1889 τῷ
1448 1818 1626 1889 καιρῷ
1649 1819 1750 1889 τῆς

183 1903 330 1970 ἁγίας
355 1907 677 1976 προσφορᾶς
696 1924 711 1940 ο
742 1908 774 1978 ή
804 1908 937 1978 ἄλλη
965 1909 1020 1963 δὲ
1055 1911 1204 1963 πᾶσα
1238 1909 1430 1981 ὀπώρα
1485 1912 1567 1975 εἰς
1598 1907 1747 1966 οἷκον

178 1995 610 2064 ἀποστελλέσθω,
647 1999 868 2071 ἀπαρχὴ
893 2001 971 2073 τῷ
1006 2001 1293 2074 ἐπισκόπῳ
1330 2003 1560 2068 καὶτοῖς
1611 2021 1748 2075 ’πρε⁴

183 2086 480 2157 σόυτέροις,
510 2088 650 2143 ἀλλὰ
677 2090 752 2162 μὴ
801 2092 938 2161 πρὸς
959 2092 1021 2146 τὸ
1055 2091 1463 2166 θυσιαστήριον.
1491 2095 1661 2165 Δῆλον
1689 2095 1747 2149 δὲ

181 2178 248 2241 ὡς
277 2178 305 2230 ὀ
329 2178 632 2245 ἐπίσκοπος
656 2181 750 2234 καὶ
767 2184 815 2236 οἱ
841 2184 1203 2256 πρεσϐύτεροι
1223 2185 1609 2259 ἐπιμερίσουσι
1635 2190 1749 2252 τοῖς

180 2267 432 2334 διακόνοις
462 2272 561 2325 καὶ
600 2274 715 2336 τοῖς
754 2272 966 2338 λοιποῖς
995 2275 1296 2347 κληρικοῖς.
1351 2279 1462 2333 Καὶ
1498 2280 1525 2333 ὀ
1565 2279 1610 2344 ζ’
1652 2281 1748 2335 καὶ

181 2362 206 2412 δ
225 2358 269 2430 η’
293 2360 472 2415 κανὼν
495 2361 602 2432 τῆς
618 2364 676 2418 ὲν
696 2364 924 2437 Γάγγρᾳ
943 2367 1159 2420 συνόδου
1174 2367 1346 2423 ταῦτα
1371 2370 1746 2440 παρακελεύε-

180 2465 280 2503 ται·
312 2451 379 2506 Εί
398 2469 484 2516 τις
514 2454 901 2526 καρποφορίας
931 2456 1104 2510 ἐθέλει
1135 2455 1456 2527 λαμϐάνειν,
1489 2459 1520 2529 ἦ
1547 2459 1746 2514 διδόναι

182 2542 276 2609 ἔξω
305 2543 402 2616 τῆς
425 2545 748 2616 ἐκκλησίας,
801 2546 954 2619 παρά
996 2547 1222 2619 γνώμην
1260 2550 1356 2603 τοῦ
1417 2552 1743 2617 ἐπισκόπου,

182 2636 211 2708 ἦ
237 2637 325 2691 τοῦ
355 2640 840 2710 ἐγκεχειρισμένου
856 2642 926 2694 τὰ
947 2641 1193 2710 τοιαῦτα,
1216 2644 1310 2696 καὶ
1332 2644 1406 2715 μὴ
1444 2645 1580 2715 μετά
1605 2648 1746 2715 γνὼ-

186 2745 283 2799 μης
301 2729 466 2784 αὐτοῦ
523 2730 703 2784 ἐθέλει
765 2733 1051 2803 πράττειν,
1085 2734 1336 2806 ἀνάθεμα
1380 2736 1540 2792 ἔστω.
1581 2741 1689 2792 Καὶ
1720 2741 1748 2793 ὁ

181 2821 249 2888 οβ’
271 2821 626 2888 ἀποστολικδς
654 2823 835 2877 κανὼν
863 2822 1038 2880 ταῦτά
1064 2841 1252 2896 φησιν’
1283 2827 1349 2881 Et
1357 2844 1437 2890 τις
1462 2827 1746 2900 κληρικὸς,

182 2907 425 2978 ἢλαῖκδς,
455 2909 573 2964 ἀπὸ
601 2909 702 2982 τῆς
733 2911 896 2981 ἁγίας
926 2914 1224 2983 ἐκκλησίας
1278 2915 1544 2987 ἀφέληται
1580 2919 1750 2987 κηρὸν

182 2998 211 3067 ἢ
237 2999 428 3069 ἔλαιον,
454 3003 826 3074 ἀφοριζέσθω.
858 3005 968 3061 Καὶ
994 3007 1024 3060 ὀ
1043 3004 1123 3077 ογ⁰
1153 3003 1332 3064 κανὼν
1361 3007 1530 3078 λέγει·
1549 3011 1749 3076 Σκεῦος

185 3091 455 3165 γρυσοῦνῆ
487 3095 772 3166 ἀργυροῦν
822 3097 1104 3166 ἀγιασθὲν,
1145 3098 1179 3171 ἦ
1211 3092 1424 3172 ὀθόνην,
1461 3103 1650 3174 μηδεὶς
1667 3107 1748 3168 είς

1851 627 2250 684 morationibus
2282 629 2596 685 inferuntur
2625 631 2678 684 in
2722 631 2982 701 templum
3010 674 3025 698 ,
3070 643 3124 687 et
3159 648 3280 703 quae
3325 649 3425 703 pro

1851 721 2180 778 animalibus
2209 723 2628 793 trajectionihus
2667 725 2918 781 ecclesiis
2953 737 2980 764 ιι
3025 725 3095 780 ab
3148 727 3422 796 aliquibus

1851 812 2185 878 offeruntur,
2213 816 2488 886 episcopis
2522 817 2640 872 dari
2693 818 2965 872 canonice
3001 825 3268 872 statutum
3315 826 3422 882 est,

1849 912 1901 956 et
1933 901 2000 955 ab
2028 903 2116 958 his
2148 903 2405 959 distribui
2439 906 2492 959 in
2525 908 2762 963 clericos
2814 907 3133 978 peregrinos
3186 907 3424 975 hospitio

1851 1003 2134 1061 exceptos,
2167 1002 2220 1048 et
2253 996 2498 1066 alioquin
2545 998 2730 1068 inopia
2754 1013 2978 1068 pressos
3012 997 3236 1060 fratres,
3262 1008 3424 1069 prout

1852 1083 1954 1152 ipsi
1977 1083 2367 1152 judicaverint.
2393 1089 2482 1142 Ait
2507 1091 2653 1145 enim
2680 1093 2875 1147 tertius
2903 1106 3079 1146 canon
3105 1099 3424 1146 sanctorum

1851 1177 2224 1245 apostolorum
2259 1178 2377 1233 haec
2415 1183 2763 1250 expressim:
2820 1183 2876 1238 Si
2931 1184 3057 1254 quis
3105 1185 3422 1253 episcopus,

1851 1269 1935 1322 vel
1973 1271 2280 1342 presbyter,
2321 1281 2520 1341 praeter
2551 1272 2764 1328 Domini
2791 1275 2858 1328 de
2894 1276 3175 1331 sacrificio
3204 1276 3425 1330 ordina-

1851 1361 2079 1423 tionem,
2115 1363 2221 1416 alia
2257 1364 2506 1433 quaedam
2534 1364 2600 1418 ad
2633 1365 2806 1420 altare
2854 1366 3126 1433 attulerit,
3179 1368 3305 1429 tnel,
3340 1367 3425 1422 vel

1852 1453 1956 1517 lac,
1987 1455 2070 1510 vel
2103 1470 2202 1524 pro
2233 1455 2360 1510 vino
2390 1457 2630 1512 siceram
2665 1467 2714 1520 ν,
2745 1459 2829 1512 vel
2861 1458 3129 1523 confecta,
3162 1459 3242 1513 vel
3272 1474 3424 1526 aves,

1850 1545 1934 1598 vel
1963 1545 2141 1614 aliqua
2175 1547 2433 1602 animalia
2460 1586 2474 1610 ,
2512 1549 2596 1604 vel
2633 1549 2929 1619 legumina,
2965 1560 3161 1619 praeter
3205 1552 3425 1606 ordina-

1841 1630 2080 1698 tionem,
2113 1631 2449 1702 deponatur:
2512 1645 2874 1708 praeterquam
2927 1655 3066 1695 nova
3123 1639 3425 1708 legumina,

1855 1731 2104 1794 tempore
2127 1736 2463 1796 opportuno.
2499 1727 2578 1784 Ne
2610 1729 2772 1785 liceat
2800 1739 2985 1786 autem
3030 1731 3236 1800 aliquid
3275 1731 3424 1785 aliud

1854 1816 1922 1870 ad
1983 1816 2158 1873 altare
2205 1817 2425 1887 offerre,
2478 1835 2644 1892 quam
2690 1820 2872 1877 oleum
2911 1821 2979 1876 ad
3039 1822 3328 1889 luminare,
3373 1833 3429 1878 et

1852 1909 2164 1976 incensum,
2243 1919 2495 1983 tempore
2564 1921 2773 1970 sancta:
2832 1913 3152 1970 oblationis.
3231 1914 3426 1970 Omnis

1849 2006 2034 2054 autem
2097 1999 2240 2057 alius
2305 2000 2521 2058 fructus
2577 2004 2802 2058 domum
2860 2006 3145 2069 mittatur,
3204 2015 3262 2059 ιιι
3316 2005 3426 2059 sint

1850 2094 2110 2164 primitiae
2140 2095 2422 2166 episcopo,
2455 2103 2510 2151 et
2561 2097 2920 2168 presbyteris.
2977 2095 3195 2151 Clarum
3239 2104 3421 2151 autem

1849 2195 1954 2251 est,
1986 2189 2303 2258 episcopum
2337 2197 2391 2243 et
2419 2191 2778 2260 presbyteros
2811 2191 3078 2257 diaconis,
3105 2197 3158 2244 et
3195 2191 3424 2258 reliquis

1850 2279 2067 2335 clericis
2099 2279 2524 2336 disuibuturos.
2562 2280 2623 2334 Et
2677 2281 2707 2334 7
2739 2289 2794 2336 et
2826 2281 2859 2335 8
2885 2297 3064 2336 canon
3121 2282 3425 2350 Gangrenze

1849 2370 2044 2441 synodi
2081 2371 2196 2427 haec
2229 2373 2510 2442 praecipit:
2547 2373 2602 2428 Si
2632 2374 2758 2444 quis
2785 2374 2902 2428 vult
2933 2373 3146 2428 fructus
3174 2373 3426 2428 ecclesiae

1850 2464 2068 2519 oblatos
2104 2465 2383 2534 accipere,
2413 2467 2499 2522 vel
2522 2468 2653 2521 dare
2689 2474 2842 2520 extra
2870 2465 3185 2528 ecclesiam,
3229 2474 3425 2532 prater

1849 2555 2094 2626 episcopi
2145 2558 2498 2623 sententiam,
2554 2557 2640 2611 vel
2701 2556 2857 2626 ejus,
2907 2555 2996 2609 cui
3058 2569 3192 2607 cura
3233 2570 3421 2608 eorum

1850 2649 2054 2704 tradita
2088 2658 2192 2715 est,
2245 2659 2300 2704 et
2351 2665 2462 2704 non
2504 2665 2628 2704 cum
2689 2648 2811 2720 ejus
2861 2647 3132 2704 sententia
3186 2659 3248 2700 ea
3292 2644 3423 2699 velit

1852 2756 2044 2812 agere,
2075 2743 2148 2798 sit
2176 2742 2490 2797 anathema.
2522 2741 2590 2796 Et
2613 2741 2682 2794 7‘2
2731 2739 3072 2810 apostolicus
3105 2753 3280 2793 canon
3308 2736 3423 2792 bare

1848 2834 1962 2889 ait:
1992 2833 2050 2888 Si
2083 2834 2210 2906 quis
2232 2835 2490 2896 clericus,
2524 2833 2608 2890 vel
2645 2833 2842 2896 laicus,
2888 2847 2918 2886 a
2955 2839 3144 2884 sancta
3187 2828 3422 2883 ecclesia

1848 2939 2035 2980 ceram
2065 2924 2148 2980 vel
2175 2924 2354 2980 oleum
2398 2923 2630 2988 auferat,
2654 2929 2995 2994 segregetur.
3041 2920 3103 2975 Et
3150 2921 3218 2975 73
3247 2934 3422 2974 canon

1852 3014 1962 3069 ait:
1995 3012 2104 3069 Vas
2131 3028 2381 3078 aureum,
2409 3012 2496 3069 vel
2531 3020 2876 3082 argenteum,
2910 3012 2992 3067 vel
3028 3011 3207 3066 velum
3260 3024 3423 3064 sanc-

1850 3105 2140 3173 tiﬁcatum,
2177 3119 2338 3161 nemo
2365 3105 2602 3175 amplius
2632 3104 2686 3159 in
2723 3119 2884 3160 suum
2914 3118 3076 3159 usum
3103 3111 3385 3158 convertat
3401 3119 3431 3162 ι,

180 3184 372 3238 οἰκείαν
423 3188 628 3258 χρῆσιν
678 3190 1115 3260 σφετεριζέσθωο
1150 3192 1468 3264 παράνομον
1513 3195 1643 3266 γάρ.
1685 3197 1747 3252 Εἰ

1850 3199 1955 3256 hoc
1991 3198 2137 3256 enim
2168 3198 2228 3254 tit
2265 3198 2588 3270 praeterjus,
2631 3206 2684 3252 et
2731 3205 2924 3252 contra
2972 3196 3146 3266 leges.
3203 3193 3262 3251 Si
3294 3193 3422 3266 quis

183 3274 236 3330 δέ
265 3294 350 3343 τις
377 3280 694 3353 φωραθείη,
723 3283 1070 3354 ἐπιτιμάσθω
1091 3285 1408 3358 ἀφορισμῷ.
1437 3285 1497 3340 '0
1517 3288 1575 3342 δὲ
1597 3288 1627 3343 ι’
1657 3307 1752 3344 κα-

183 3367 277 3424 νὼν
294 3372 392 3443 τῆς
406 3375 465 3428 ἐν
484 3373 569 3445 τῷ
595 3374 710 3446 ναῷ
727 3375 837 3430 τῶν
877 3377 1077 3446 Ἀγίων
1113 3379 1456 3435 Ἀποστόλων
1476 3383 1751 3454 συστάσης

183 3464 553 3536 οίκουμενικῆς
577 3466 740 3534 ἁγίας
762 3467 1005 3536 συνόδου,
1026 3469 1153 3532 τοὺς
1188 3471 1286 3538 μὲν
1307 3472 1749 3536 κοινοποιοῦντας

182 3553 243 3607 τὰ
279 3553 373 3608 τοῦ
445 3557 699 3628 βήματος
756 3557 876 3628 ἱερά
947 3558 1266 3631 καθαιρέσει
1306 3562 1748 3616 καθυποϐάλ).ειο

183 3648 298 3713 τοὺς
324 3649 380 3704 δέ
406 3651 477 3706 τὰ
505 3651 712 3718 ἔξωθεν
759 3651 854 3704 τοῦ
884 3651 1126 3723 βήματος
1157 3654 1285 3708 ὄντα
1319 3655 1440 3726 ἱερὰ
1469 3656 1636 3728 σκεύη
1668 3659 1751 3721 είς

185 3741 380 3813 ἀνίερον
431 3744 636 3815 χρῆσιν
679 3745 1130 3815 μεταποιοῦντας,
1195 3748 1484 3820 ἀφορίζειο
1521 3752 1645 3814 τοὺς
1693 3752 1750 3806 δὲ

186 3832 542 3902 ἁρπάζοντας,
571 3837 647 3903 ὡς
679 3839 994 3908 ἱεροσύλους
1025 3842 1366 3912 κατακρίνει.
1410 3843 1468 3894 '0
1492 3843 1550 3896 δὲ
1575 3844 1751 3914 μέγας

186 3924 434 3997 Κύριλλος
458 3931 522 3984 ἐν
554 3932 619 4002 τῇ
649 3930 781 3999 πρὸς
813 3931 1016 4000 Δόμνον
1054 3933 1310 4004 ἐπιστολῇ
1343 3934 1516 3988 ταῦτά
1549 3953 1712 4006 φησιν
1735 3953 1750 3969 ο

185 4017 437 4086 Ἕκαστος
463 4023 630 4094 ἡμῶν
678 4023 786 4077 τῶν
832 4023 979 4077 ἰδίων
1020 4025 1231 4094 καιρῶν
1279 4026 1437 4078 δώσει
1460 4025 1650 4096 λόγους
1674 4027 1752 4099 τῷ

183 4112 386 4169 πάντων
433 4117 641 4189 Κριτῇ.
709 4117 1011 4187 Κειμήλιον
1065 4119 1166 4188 μὲν
1211 4117 1340 4189 γὰρ,
1382 4120 1478 4172 καὶ
1531 4122 1749 4192 κτήσεις

183 4207 453 4280 ἀκινήτους
521 4211 860 4282 ἀνεκποίητα
915 4215 1037 4275 ταῖς
1092 4213 1410 4280 ἐκκλησίαις
1474 4214 1751 4279 σώζεσθαι

183 4297 717 4372 χρὴ,θαρσεῖσθαιδὲ
745 4303 857 4367 τοῖς
908 4304 1051 4356 κατὰ
1087 4304 1281 4374 καιρὸν
1321 4304 1420 4375 τήν
1459 4306 1611 4359 θείαν
1668 4307 1751 4360 διο

184 4387 385 4444 έπουσιν
409 4391 746 4465 ἱερωσύνην,
770 4391 880 4444 τῶν
905 4395 1368 4463 παραπιπτόντων
1384 4396 1753 4466 ἀναλωμάτων

181 4481 270 4553 τὴν
293 4487 625 4560 οἰκονομίαν.
656 4487 818 4560 Ζήτει
843 4488 937 4541 καὶ
986 4487 1192 4558 βιϐλίου
1231 4489 1303 4542 νδ¹
1347 4490 1524 4544 τίτλον
1556 4499 1623 4561 γ’,
1654 4509 1747 4545 κε·

183 4573 393 4642 ςάλαιον
424 4578 487 4649 β’.
532 4579 706 4650 Χάριν
737 4579 794 4632 δὲ
830 4579 932 4651 τῆς
956 4579 1277 4650 ὀφειλούσης
1307 4580 1544 4636 δίδοσθαι
1579 4583 1744 4636 ποσό-

181 4681 327 4735 τητος
344 4669 480 4743 ὑπὲρ
518 4670 806 4724 κανονικοῦ
846 4671 999 4742 παρὰ
1043 4673 1413 4737 κοινολαῖτῶν,
1437 4676 1485 4727 οἱ
1517 4675 1742 4740 κανόνες

185 4756 272 4822 μὲν
297 4760 446 4815 οὐδέν
473 4779 530 4816 τι
555 4759 903 4830 διορίζονται,
922 4763 1255 4832 πρόσταγμα
1282 4763 1339 4816 δὲ
1365 4763 1460 4817 τοῦ
1494 4765 1741 4836 ἀοιδίμου

183 4845 432 4916 βασιλέως
464 4852 682 4908 ἐκείνου
741 4852 932 4924 κυρίου
987 4854 1257 4908 Ἰσαακίου
1295 4855 1390 4908 τοῦ
1453 4857 1742 4928 Κομνηνοῦ

181 4939 432 4999 ύποτυποϊ
465 4946 641 5000 πολλά
667 4963 789 5000 τινα
821 4944 1059 5000 δίδοσθαι
1094 4933 1205 5011 τοῖς
1234 4948 1554 5014 ἐπισκόποις
1585 4950 1736 5020 παρὰ

179 5031 278 5086 τῶν
302 5036 357 5091 ἐν
383 5039 506 5103 ταῖς
538 5037 775 5108 ἐνορίαις
797 5037 974 5092 αὐτῶν
1008 5039 1482 5110 προσκαθημένων
1509 5041 1734 5098 λαῖκῶν.

193 5117 336 5177 Ἐπεὶ
387 5124 444 5179 δὲ
494 5127 531 5198 ή
579 5127 688 5181 τῶν
722 5127 1065 5198 πραγμάτων
1112 5129 1398 5200 ἀνωμαλία
1431 5132 1524 5185 καὶ
1557 5131 1736 5187 ἔνδεια

179 5211 271 5283 τὴν
298 5217 502 5273 τούτων
543 5218 816 5289 ἐκάλυψεν
861 5219 1211 5273 ὑποτύπωσιν
1255 5221 1738 5295 (πολλοστημόριον

183 5306 282 5376 γάρ
303 5325 384 5374 τις
416 5311 598 5366 αὐτῶν
633 5311 694 5365 οὐ
729 5311 919 5365 δίδωσι
971 5312 1107 5383 πρὸς
1157 5313 1500 5385 ἐπίσκοπον),
1542 5318 1744 5389 ἀρκού-

189 5398 318 5466 μεθα
339 5406 404 5476 τῇ
445 5404 707 5478 συνηθείᾳ
739 5407 836 5460 καὶ
868 5407 1190 5478 προαιρέσει
1216 5408 1326 5463 τῶν
1354 5408 1630 5466 διδόντων.

1851 3304 2031 3350 autem
2063 3293 2436 3364 deprehensus
2467 3292 2656 3358 fuerit,
2686 3292 2969 3348 multetur.
3005 3290 3196 3345 Canon
3234 3302 3421 3345 autem

1850 3384 2098 3441 decimus
2128 3383 2483 3439 oecumeuicaa
2507 3389 2708 3438 sanctae
2739 3381 2952 3452 synodi,
2994 3387 3335 3451 congregatae
3365 3380 3422 3434 in

1852 3475 2058 3544 templo
2113 3472 2444 3528 Sanctorum
2517 3470 2951 3542 Apostolorum,
3008 3483 3103 3525 eos
3174 3467 3423 3538 quidem,

1851 3567 1943 3638 qui
1972 3567 2162 3621 altaris
2183 3580 2340 3622 sacra
2361 3565 2763 3627 contaminant,
2792 3563 3125 3632 depositioni
3165 3561 3420 3629 subjicit:

1851 3675 1947 3716 eos
1980 3671 2186 3726 autem,
2221 3659 2312 3728 qui
2349 3668 2507 3712 extra
2537 3657 2712 3711 altare
2740 3655 3064 3711 exsisteutia
3085 3669 3244 3710 sacra
3297 3669 3424 3708 vasa

1852 3753 1907 3807 in
1951 3751 2242 3821 profanum
2301 3765 2464 3804 nsunt
2517 3755 2875 3810 convertunt,
2937 3747 3422 3802 excomtnunicat:

1855 3858 1952 3898 eos
1987 3857 2138 3908 vero,
2163 3843 2254 3912 qui
2278 3840 2565 3910 diripiunt,
2620 3847 2679 3892 ut
2712 3837 3015 3907 sacrilegos
3069 3837 3421 3891 condemnat.

1849 3933 2023 3989 Porro
2049 3948 2280 4004 magnus
2329 3931 2569 4001 Cyrillus
2626 3931 2682 3984 in
2741 3929 2971 3999 epistola
3045 3929 3110 3982 ad
3151 3929 3422 3984 Domuum

1851 4028 2079 4096 scripta,
2109 4026 2223 4081 haec
2241 4026 2318 4080 ait
2344 4041 2359 4079 :
2385 4023 2780 4094 Unusquisque
2801 4029 3054 4076 nostrum
3076 4019 3421 4089 propriorum

1853 4131 2156 4190 temporum
2222 4118 2466 4174 rationes
2520 4115 2715 4172 reddet
2779 4113 2960 4169 Judici
3017 4113 3287 4167 omnium.
3319 4108 3426 4164 Va-

1851 4227 2038 4270 sorum
2060 4211 2206 4267 enim
2240 4211 2556 4272 thesauros,
2589 4217 2642 4264 et
2675 4207 3058 4279 possessiones
3091 4203 3420 4270 immobiles,

1851 4304 2234 4360 inalienabiles
2305 4303 2558 4360 ecclesiis
2631 4301 2952 4357 conservari
3033 4308 3283 4369 oportet:
3355 4295 3424 4351 iis

1852 4406 2056 4462 autem,
2091 4396 2183 4466 qui
2221 4409 2317 4466 per
2355 4402 2572 4465 tempus
2605 4392 2791 4448 divino
2832 4390 3138 4461 funguntur
3167 4384 3428 4443 sacerdo-

1852 4489 1953 4553 tio,
2023 4484 2564 4540 administrationem
2637 4484 2954 4552 sumptuum
3024 4478 3423 4548 erogandorum

1851 4580 2052 4636 tiducia
2080 4579 2364 4650 praeditam
2398 4592 2520 4633 esse
2549 4584 2597 4631 κ.
2640 4576 2834 4643 ριισειε
2863 4581 2918 4628 et
2957 4571 3082 4626 libri
3123 4571 3209 4633 5st,
3249 4570 3336 4622 tit.
3365 4570 3421 4628 5,

1851 4690 1972 4744 cap.
2007 4674 2064 4728 2.
2101 4672 2178 4729 De
2205 4673 2514 4742 quantitate
2563 4677 2768 4732 autem,
2826 4681 2950 4736 quae
2983 4680 3082 4734 pro
3129 4660 3427 4717 canonario

1850 4767 2026 4822 danda
2048 4777 2131 4824 est
2159 4782 2189 4820 a
2226 4764 2452 4834 plebeiis
2487 4773 2538 4828 γ,
2571 4775 2816 4816 canones
2877 4759 3099 4828 quidem
3134 4756 3269 4810 nihil
3297 4754 3429 4809 deﬂ-

1850 4859 2048 4914 niunt:
2114 4874 2302 4913 verum
2361 4856 2540 4926 jussio
2597 4854 2781 4925 inclyti
2853 4851 3199 4922 imperatoris
3256 4851 3425 4917 illius,

1843 4950 2049 5008 domini
2073 4949 2264 5003 lsaacii
2285 4945 2572 5008 Comneni,
2601 4945 2830 5000 formam
2854 4941 3105 5013 designat
3125 4943 3424 4996 multorum

1845 5039 2240 5112 quorumdam,
2277 5052 2398 5107 quae
2423 5035 2698 5106 episcopis
2760 5033 2966 5088 (lantur
3015 5048 3044 5088 a
3105 5033 3280 5097 laicis,
3332 5035 3427 5104 qui

1843 5133 2003 5191 sedes
2026 5133 2080 5186 in
2111 5146 2296 5187 eorum
2327 5128 2659 5184 dimcrsibus
2685 5128 3040 5183 stabilierunt
3074 5138 3123 5181 ι.
3153 5127 3424 5192 Quoniam

1848 5235 2031 5280 autem
2073 5239 2256 5280 rerum
2290 5220 2673 5292 irregularitas
2712 5229 2766 5275 et
2819 5220 3197 5290 indulgentiaa
3232 5219 3425 5272 horum

1847 5318 2146 5374 occultavit
2171 5314 2599 5384 descriptionem
2638 5313 3028 5385 (multesimam
3065 5311 3209 5366 cnim
3234 5323 3422 5364 eorum

1851 5416 2060 5479 partem
2093 5407 2355 5477 episcopo
2385 5407 2480 5460 dat
2503 5404 2713 5468 nemo),
2747 5403 2991 5458 contenti
3043 5415 3234 5457 sumus
3289 5413 3424 5455 con-

1854 5500 2168 5565 suetudine,
2199 5509 2253 5554 et
2286 5499 2536 5554 dantiutn
2579 5496 2929 5552 liberalitate.

1445 5615 1682 5674 VARIE
1723 5621 2130 5680 LECTIONES.

250 5701 276 5731 ι
297 5710 412 5777 φαμι
439 5703 647 5777 nomine
675 5703 1112 5777 distributionum
1142 5707 1463 5777 spiritalium
1488 5711 1746 5768 ecclesiis.

188 5768 533 5851 fg'ﬁﬂdych
564 5776 846 5851 conmitti.
921 5783 1094 5851 (qua
1147 5768 1389 5834 canonici
1437 5783 1646 5838 nomine
1687 5768 2008 5851 pru’standa’
2048 5796 2124 5841 ρει
2165 5768 2196 5840 ἐι
2230 5768 2401 5841 micis,

187 5833 274 5886 riis
299 5835 582 5901 domicilia.
660 5858 684 5887 ⁸
723 5854 772 5900 et
798 5833 1003 5916 iuopiw.

1857 5723 1883 5749 ν
1916 5718 2139 5769 siceram
2177 5714 2466 5782 factitiam,
2512 5711 2589 5766 rel
2616 5709 2876 5786 gallinas.
2904 5779 2913 5786 _
2983 5722 3008 5749 ι
3040 5705 3426 5786 erogandorum

2483 5794 2502 5820 ι
2538 5782 2626 5850 qui
2658 5780 2850 5834 habens
2897 5779 2948 5832 iu
2981 5797 3160 5835 eorum
3220 5779 3427 5833 territo-
