  <div class='ocr_page' id='page_1' title='image "/cluster/home/n/w/nwhite01/storage/ocr_20150623/119/hvd.32044019208156/551.png"; bbox 0 0 3948 6582; ppageno 0'>
   <div class='ocr_carea' id='block_1_1' title="bbox 525 396 662 463">
    <p class='ocr_par' dir='ltr' id='par_1_1' title="bbox 525 396 662 463">
     <span class='ocr_line' id='line_1_1' title="bbox 525 396 662 463; baseline -0.022 0"><span class='ocrx_word' id='word_1_1' title='bbox 525 396 662 463; x_wconf 68' lang='grc'><strong>1057</strong></span> 
     </span>
    </p>
   </div>
   <div class='ocr_carea' id='block_1_2' title="bbox 520 605 2094 676">
    <p class='ocr_par' dir='ltr' id='par_1_2' title="bbox 520 605 2094 676">
     <span class='ocr_line' id='line_1_2' title="bbox 520 605 2094 676; baseline 0.001 -17"><span class='ocrx_word' id='word_1_2' title='bbox 520 614 632 666; x_wconf 80' lang='lat' dir='ltr'><strong>tus.</strong></span> <span class='ocrx_word' id='word_1_3' title='bbox 670 613 724 659; x_wconf 92' lang='lat' dir='ltr'><strong>et</strong></span> <span class='ocrx_word' id='word_1_4' title='bbox 782 620 877 673; x_wconf 87' lang='lat' dir='ltr'><strong>per</strong></span> <span class='ocrx_word' id='word_1_5' title='bbox 909 605 1016 660; x_wconf 99' lang='lat' dir='ltr'><strong>vim</strong></span> <span class='ocrx_word' id='word_1_6' title='bbox 1064 606 1425 662; x_wconf 72' lang='lat' dir='ltr'><strong>orthodoxam</strong></span> <span class='ocrx_word' id='word_1_7' title='bbox 1487 607 1644 662; x_wconf 82' lang='lat' dir='ltr'><strong>ﬁdem</strong></span> <span class='ocrx_word' id='word_1_8' title='bbox 1699 608 1970 676; x_wconf 84' lang='lat' dir='ltr'><strong>ejuratus.</strong></span> <span class='ocrx_word' id='word_1_9' title='bbox 2029 622 2094 662; x_wconf 87' lang='lat' dir='ltr'><strong>ac</strong></span> 
     </span>
    </p>
   </div>
   <div class='ocr_carea' id='block_1_3' title="bbox 521 696 2092 766">
    <p class='ocr_par' dir='ltr' id='par_1_3' title="bbox 521 696 2092 766">
     <span class='ocr_line' id='line_1_3' title="bbox 521 696 2092 766; baseline 0.003 -18"><span class='ocrx_word' id='word_1_10' title='bbox 521 696 907 762; x_wconf 82' lang='lat' dir='ltr'><strong>circumcisus,</strong></span> <span class='ocrx_word' id='word_1_11' title='bbox 930 697 1139 766; x_wconf 80' lang='lat' dir='ltr'><strong>absque</strong></span> <span class='ocrx_word' id='word_1_12' title='bbox 1175 697 1584 754; x_wconf 79' lang='lat' dir='ltr'><strong>intermissione</strong></span> <span class='ocrx_word' id='word_1_13' title='bbox 1627 697 1741 753; x_wconf 82' lang='lat' dir='ltr'><strong>fere</strong></span> <span class='ocrx_word' id='word_1_14' title='bbox 1793 697 2092 753; x_wconf 57' lang='lat' dir='ltr'><strong>immundi-</strong></span> 
     </span>
    </p>
   </div>
   <div class='ocr_carea' id='block_1_4' title="bbox 524 787 2091 854">
    <p class='ocr_par' dir='ltr' id='par_1_4' title="bbox 524 787 2091 854">
     <span class='ocr_line' id='line_1_4' title="bbox 524 787 2091 854; baseline 0.003 -15"><span class='ocrx_word' id='word_1_15' title='bbox 524 787 654 840; x_wconf 91' lang='lat' dir='ltr'><strong>tiem</strong></span> <span class='ocrx_word' id='word_1_16' title='bbox 711 787 892 853; x_wconf 75' lang='lat' dir='ltr'><strong>deﬁet,</strong></span> <span class='ocrx_word' id='word_1_17' title='bbox 947 796 1001 842; x_wconf 91' lang='lat' dir='ltr'><strong>et</strong></span> <span class='ocrx_word' id='word_1_18' title='bbox 1060 789 1200 842; x_wconf 90' lang='lat' dir='ltr'><strong>clam</strong></span> <span class='ocrx_word' id='word_1_19' title='bbox 1261 805 1384 844; x_wconf 90' lang='lat' dir='ltr'><strong>eum</strong></span> <span class='ocrx_word' id='word_1_20' title='bbox 1449 787 1770 845; x_wconf 84' lang='lat' dir='ltr'><strong>orthodoxis</strong></span> <span class='ocrx_word' id='word_1_21' title='bbox 1815 788 2091 854; x_wconf 88' lang='lat' dir='ltr'><strong>convenit,</strong></span> 
     </span>
    </p>
   </div>
   <div class='ocr_carea' id='block_1_5' title="bbox 523 878 2094 949">
    <p class='ocr_par' dir='ltr' id='par_1_5' title="bbox 523 878 2094 949">
     <span class='ocr_line' id='line_1_5' title="bbox 523 878 2094 949; baseline 0.003 -17"><span class='ocrx_word' id='word_1_22' title='bbox 523 878 852 949; x_wconf 85' lang='lat' dir='ltr'><strong>iuvocatque</strong></span> <span class='ocrx_word' id='word_1_23' title='bbox 880 883 1133 937; x_wconf 78' lang='lat' dir='ltr'><strong>salutem.</strong></span> <span class='ocrx_word' id='word_1_24' title='bbox 1169 880 1307 947; x_wconf 87' lang='lat' dir='ltr'><strong>Quia</strong></span> <span class='ocrx_word' id='word_1_25' title='bbox 1337 889 1520 938; x_wconf 88' lang='lat' dir='ltr'><strong>autem</strong></span> <span class='ocrx_word' id='word_1_26' title='bbox 1556 881 1675 936; x_wconf 85' lang='lat' dir='ltr'><strong>vult</strong></span> <span class='ocrx_word' id='word_1_27' title='bbox 1719 889 2094 936; x_wconf 84' lang='lat' dir='ltr'><strong>sacramento-</strong></span> 
     </span>
    </p>
   </div>
   <div class='ocr_carea' id='block_1_6' title="bbox 524 969 2095 1044">
    <p class='ocr_par' dir='ltr' id='par_1_6' title="bbox 524 969 2095 1044">
     <span class='ocr_line' id='line_1_6' title="bbox 524 969 2095 1044; baseline 0.002 -23"><span class='ocrx_word' id='word_1_28' title='bbox 524 984 646 1022; x_wconf 85' lang='lat' dir='ltr'><strong>rum</strong></span> <span class='ocrx_word' id='word_1_29' title='bbox 691 969 806 1024; x_wconf 90' lang='lat' dir='ltr'><strong>ﬁeri</strong></span> <span class='ocrx_word' id='word_1_30' title='bbox 858 972 1161 1041; x_wconf 77' lang='lat' dir='ltr'><strong>particeps,</strong></span> <span class='ocrx_word' id='word_1_31' title='bbox 1206 973 1531 1042; x_wconf 76' lang='lat' dir='ltr'><strong>quaerimus,</strong></span> <span class='ocrx_word' id='word_1_32' title='bbox 1581 971 1714 1044; x_wconf 89' lang='lat' dir='ltr'><strong>quid</strong></span> <span class='ocrx_word' id='word_1_33' title='bbox 1756 971 1833 1028; x_wconf 89' lang='lat' dir='ltr'><strong>sit</strong></span> <span class='ocrx_word' id='word_1_34' title='bbox 1893 970 2095 1026; x_wconf 79' lang='lat' dir='ltr'><strong>facien-</strong></span> 
     </span>
    </p>
   </div>
   <div class='ocr_carea' id='block_1_7' title="bbox 521 1059 675 1116">
    <p class='ocr_par' dir='ltr' id='par_1_7' title="bbox 521 1059 675 1116">
     <span class='ocr_line' id='line_1_7' title="bbox 521 1059 675 1116; baseline -0.006 0"><span class='ocrx_word' id='word_1_35' title='bbox 521 1059 675 1116; x_wconf 89' lang='lat' dir='ltr'><strong>dum.</strong></span> 
     </span>
    </p>
   </div>
   <div class='ocr_carea' id='block_1_8' title="bbox 596 1150 2096 1224">
    <p class='ocr_par' dir='ltr' id='par_1_8' title="bbox 596 1150 2096 1224">
     <span class='ocr_line' id='line_1_8' title="bbox 596 1150 2096 1224; baseline 0.006 -19"><span class='ocrx_word' id='word_1_36' title='bbox 596 1150 754 1223; x_wconf 77' lang='lat' dir='ltr'><strong>Resp.</strong></span> <span class='ocrx_word' id='word_1_37' title='bbox 797 1152 1137 1208; x_wconf 81' lang='lat' dir='ltr'><strong>Certantium</strong></span> <span class='ocrx_word' id='word_1_38' title='bbox 1186 1162 1316 1210; x_wconf 88' lang='lat' dir='ltr'><strong>sunt</strong></span> <span class='ocrx_word' id='word_1_39' title='bbox 1374 1171 1614 1224; x_wconf 65' lang='lat' dir='ltr'><strong>coronre,</strong></span> <span class='ocrx_word' id='word_1_40' title='bbox 1645 1167 1695 1212; x_wconf 91' lang='lat' dir='ltr'><strong>et</strong></span> <span class='ocrx_word' id='word_1_41' title='bbox 1721 1157 1986 1214; x_wconf 86' lang='lat' dir='ltr'><strong>Dominus</strong></span> <span class='ocrx_word' id='word_1_42' title='bbox 2031 1172 2096 1214; x_wconf 81' lang='lat' dir='ltr'><strong>ac</strong></span> 
     </span>
    </p>
   </div>
   <div class='ocr_carea' id='block_1_9' title="bbox 526 1242 2095 1316">
    <p class='ocr_par' dir='ltr' id='par_1_9' title="bbox 526 1242 2095 1316">
     <span class='ocr_line' id='line_1_9' title="bbox 526 1242 2095 1316; baseline 0.004 -20"><span class='ocrx_word' id='word_1_43' title='bbox 526 1244 669 1297; x_wconf 89' lang='lat' dir='ltr'><strong>Deus</strong></span> <span class='ocrx_word' id='word_1_44' title='bbox 704 1252 896 1298; x_wconf 84' lang='lat' dir='ltr'><strong>noster</strong></span> <span class='ocrx_word' id='word_1_45' title='bbox 923 1242 1084 1299; x_wconf 66' lang='lat' dir='ltr'><strong>Iesus</strong></span> <span class='ocrx_word' id='word_1_46' title='bbox 1117 1244 1412 1302; x_wconf 81' lang='lat' dir='ltr'><strong>Christus:</strong></span> <span class='ocrx_word' id='word_1_47' title='bbox 1450 1246 1506 1300; x_wconf 91' lang='lat' dir='ltr'><strong>Si</strong></span> <span class='ocrx_word' id='word_1_48' title='bbox 1539 1247 1663 1316; x_wconf 83' lang='lat' dir='ltr'><strong>quis</strong></span> <span class='ocrx_word' id='word_1_49' title='bbox 1712 1263 1798 1304; x_wconf 84' lang='lat' dir='ltr'><strong>me</strong></span> <span class='ocrx_word' id='word_1_50' title='bbox 1829 1248 2095 1304; x_wconf 86' lang='lat' dir='ltr'><strong>conﬁtea-</strong></span> 
     </span>
    </p>
   </div>
   <div class='ocr_carea' id='block_1_10' title="bbox 525 1335 2098 1410">
    <p class='ocr_par' dir='ltr' id='par_1_10' title="bbox 525 1335 2098 1410">
     <span class='ocr_line' id='line_1_10' title="bbox 525 1335 2098 1410; baseline 0.006 -23"><span class='ocrx_word' id='word_1_51' title='bbox 525 1343 614 1387; x_wconf 89' lang='lat' dir='ltr'><strong>tur</strong></span> <span class='ocrx_word' id='word_1_52' title='bbox 635 1375 650 1399; x_wconf 93' lang='lat'><strong>,</strong></span> <span class='ocrx_word' id='word_1_53' title='bbox 677 1335 894 1404; x_wconf 89' lang='lat' dir='ltr'><strong>inquit,</strong></span> <span class='ocrx_word' id='word_1_54' title='bbox 923 1351 1107 1391; x_wconf 88' lang='lat' dir='ltr'><strong>coram</strong></span> <span class='ocrx_word' id='word_1_55' title='bbox 1162 1337 1479 1395; x_wconf 87' lang='lat' dir='ltr'><strong>hominibus</strong></span> <span class='ocrx_word' id='word_1_56' title='bbox 1505 1380 1520 1404; x_wconf 90' lang='lat'><strong>,</strong></span> <span class='ocrx_word' id='word_1_57' title='bbox 1553 1349 1609 1395; x_wconf 89' lang='lat' dir='ltr'><strong>et</strong></span> <span class='ocrx_word' id='word_1_58' title='bbox 1646 1355 1748 1410; x_wconf 81' lang='lat' dir='ltr'><strong>ego</strong></span> <span class='ocrx_word' id='word_1_59' title='bbox 1795 1341 2098 1396; x_wconf 83' lang='lat' dir='ltr'><strong>conﬁtebor</strong></span> 
     </span>
    </p>
   </div>
   <div class='ocr_carea' id='block_1_11' title="bbox 526 1427 2097 1501">
    <p class='ocr_par' dir='ltr' id='par_1_11' title="bbox 526 1427 2097 1501">
     <span class='ocr_line' id='line_1_11' title="bbox 526 1427 2097 1501; baseline 0.003 -19"><span class='ocrx_word' id='word_1_60' title='bbox 526 1443 651 1482; x_wconf 90' lang='lat' dir='ltr'><strong>eum</strong></span> <span class='ocrx_word' id='word_1_61' title='bbox 678 1442 864 1483; x_wconf 84' lang='lat' dir='ltr'><strong>coram</strong></span> <span class='ocrx_word' id='word_1_62' title='bbox 897 1427 1058 1484; x_wconf 85' lang='lat' dir='ltr'><strong>Patre</strong></span> <span class='ocrx_word' id='word_1_63' title='bbox 1089 1445 1234 1496; x_wconf 88' lang='lat' dir='ltr'><strong>meo,</strong></span> <span class='ocrx_word' id='word_1_64' title='bbox 1270 1431 1361 1501; x_wconf 91' lang='lat' dir='ltr'><strong>qui</strong></span> <span class='ocrx_word' id='word_1_65' title='bbox 1411 1432 1464 1486; x_wconf 89' lang='lat' dir='ltr'><strong>in</strong></span> <span class='ocrx_word' id='word_1_66' title='bbox 1506 1433 1667 1488; x_wconf 78' lang='lat' dir='ltr'><strong>caelis</strong></span> <span class='ocrx_word' id='word_1_67' title='bbox 1711 1441 1819 1488; x_wconf 86' lang='lat' dir='ltr'><strong>est.</strong></span> <span class='ocrx_word' id='word_1_68' title='bbox 1853 1432 2097 1488; x_wconf 88' lang='lat' dir='ltr'><strong>Immun-</strong></span> 
     </span>
    </p>
   </div>
   <div class='ocr_carea' id='block_1_12' title="bbox 521 1514 2097 1594">
    <p class='ocr_par' dir='ltr' id='par_1_12' title="bbox 521 1514 2097 1594">
     <span class='ocr_line' id='line_1_12' title="bbox 521 1514 2097 1594; baseline 0.006 -25"><span class='ocrx_word' id='word_1_69' title='bbox 521 1514 652 1570; x_wconf 91' lang='lat' dir='ltr'><strong>dum</strong></span> <span class='ocrx_word' id='word_1_70' title='bbox 711 1533 844 1588; x_wconf 76' lang='lat' dir='ltr'><strong>ergo</strong></span> <span class='ocrx_word' id='word_1_71' title='bbox 897 1534 1015 1582; x_wconf 73' lang='lat' dir='ltr'><strong>vas,</strong></span> <span class='ocrx_word' id='word_1_72' title='bbox 1068 1521 1134 1575; x_wconf 88' lang='lat' dir='ltr'><strong>ad</strong></span> <span class='ocrx_word' id='word_1_73' title='bbox 1181 1522 1590 1591; x_wconf 84' lang='lat' dir='ltr'><strong>susceptionem</strong></span> <span class='ocrx_word' id='word_1_74' title='bbox 1645 1524 1934 1592; x_wconf 77' lang='lat' dir='ltr'><strong>unguenti,</strong></span> <span class='ocrx_word' id='word_1_75' title='bbox 1987 1537 2097 1594; x_wconf 86' lang='lat' dir='ltr'><strong>qua</strong></span> 
     </span>
    </p>
   </div>
   <div class='ocr_carea' id='block_1_13' title="bbox 524 1609 2101 1681">
    <p class='ocr_par' dir='ltr' id='par_1_13' title="bbox 524 1609 2101 1681">
     <span class='ocr_line' id='line_1_13' title="bbox 524 1609 2101 1681; baseline 0.007 -21"><span class='ocrx_word' id='word_1_76' title='bbox 524 1609 731 1664; x_wconf 88' lang='lat' dir='ltr'><strong>mentis</strong></span> <span class='ocrx_word' id='word_1_77' title='bbox 788 1611 1122 1667; x_wconf 85' lang='lat' dir='ltr'><strong>alienatione</strong></span> <span class='ocrx_word' id='word_1_78' title='bbox 1162 1613 1516 1668; x_wconf 82' lang='lat' dir='ltr'><strong>admittetur?</strong></span> <span class='ocrx_word' id='word_1_79' title='bbox 1563 1613 1932 1681; x_wconf 83' lang='lat' dir='ltr'><strong>Quamobrem</strong></span> <span class='ocrx_word' id='word_1_80' title='bbox 1966 1630 2101 1671; x_wconf 82' lang='lat' dir='ltr'><strong>con-</strong></span> 
     </span>
    </p>
   </div>
   <div class='ocr_carea' id='block_1_14' title="bbox 522 1698 2098 1778">
    <p class='ocr_par' dir='ltr' id='par_1_14' title="bbox 522 1698 2098 1778">
     <span class='ocr_line' id='line_1_14' title="bbox 522 1698 2098 1778; baseline 0.006 -26"><span class='ocrx_word' id='word_1_81' title='bbox 522 1698 852 1753; x_wconf 86' lang='lat' dir='ltr'><strong>solationem</strong></span> <span class='ocrx_word' id='word_1_82' title='bbox 880 1701 1104 1770; x_wconf 79' lang='lat' dir='ltr'><strong>quidem</strong></span> <span class='ocrx_word' id='word_1_83' title='bbox 1135 1704 1531 1775; x_wconf 90' lang='lat' dir='ltr'><strong>episc0picam,</strong></span> <span class='ocrx_word' id='word_1_84' title='bbox 1563 1715 1620 1761; x_wconf 89' lang='lat' dir='ltr'><strong>et</strong></span> <span class='ocrx_word' id='word_1_85' title='bbox 1664 1705 1813 1762; x_wconf 80' lang='lat' dir='ltr'><strong>aliud</strong></span> <span class='ocrx_word' id='word_1_86' title='bbox 1844 1707 2098 1778; x_wconf 81' lang='lat' dir='ltr'><strong>spiritale</strong></span> 
     </span>
    </p>
   </div>
   <div class='ocr_carea' id='block_1_15' title="bbox 522 1789 2096 1864">
    <p class='ocr_par' dir='ltr' id='par_1_15' title="bbox 522 1789 2096 1864">
     <span class='ocr_line' id='line_1_15' title="bbox 522 1789 2096 1864; baseline 0.009 -23"><span class='ocrx_word' id='word_1_87' title='bbox 522 1789 856 1859; x_wconf 85' lang='lat' dir='ltr'><strong>colloquium</strong></span> <span class='ocrx_word' id='word_1_88' title='bbox 885 1792 974 1847; x_wconf 88' lang='lat' dir='ltr'><strong>ille</strong></span> <span class='ocrx_word' id='word_1_89' title='bbox 1016 1794 1097 1848; x_wconf 90' lang='lat' dir='ltr'><strong>sic</strong></span> <span class='ocrx_word' id='word_1_90' title='bbox 1152 1796 1452 1864; x_wconf 76' lang='lat' dir='ltr'><strong>paenitens,</strong></span> <span class='ocrx_word' id='word_1_91' title='bbox 1490 1806 1543 1853; x_wconf 91' lang='lat' dir='ltr'><strong>et</strong></span> <span class='ocrx_word' id='word_1_92' title='bbox 1595 1798 1738 1854; x_wconf 86' lang='lat' dir='ltr'><strong>bona</strong></span> <span class='ocrx_word' id='word_1_93' title='bbox 1784 1801 2096 1856; x_wconf 85' lang='lat' dir='ltr'><strong>mutatione</strong></span> 
     </span>
    </p>
   </div>
   <div class='ocr_carea' id='block_1_16' title="bbox 524 1879 2100 1954">
    <p class='ocr_par' dir='ltr' id='par_1_16' title="bbox 524 1879 2100 1954">
     <span class='ocr_line' id='line_1_16' title="bbox 524 1879 2100 1954; baseline 0.011 -23"><span class='ocrx_word' id='word_1_94' title='bbox 524 1879 726 1936; x_wconf 81' lang='lat' dir='ltr'><strong>mutari</strong></span> <span class='ocrx_word' id='word_1_95' title='bbox 768 1883 981 1948; x_wconf 90' lang='lat' dir='ltr'><strong>volcns,</strong></span> <span class='ocrx_word' id='word_1_96' title='bbox 1012 1888 1452 1954; x_wconf 84' lang='lat' dir='ltr'><strong>promerebitur;</strong></span> <span class='ocrx_word' id='word_1_97' title='bbox 1509 1889 1606 1944; x_wconf 87' lang='lat' dir='ltr'><strong>sed</strong></span> <span class='ocrx_word' id='word_1_98' title='bbox 1660 1892 1868 1948; x_wconf 85' lang='lat' dir='ltr'><strong>sanctis</strong></span> <span class='ocrx_word' id='word_1_99' title='bbox 1915 1907 2100 1948; x_wconf 82' lang='lat' dir='ltr'><strong>saera-</strong></span> 
     </span>
    </p>
   </div>
   <div class='ocr_carea' id='block_1_17' title="bbox 523 1975 2098 2055">
    <p class='ocr_par' dir='ltr' id='par_1_17' title="bbox 523 1975 2098 2055">
     <span class='ocr_line' id='line_1_17' title="bbox 523 1975 2098 2055; baseline 0.009 -28"><span class='ocrx_word' id='word_1_100' title='bbox 523 1976 723 2029; x_wconf 83' lang='lat' dir='ltr'><strong>mcntis</strong></span> <span class='ocrx_word' id='word_1_101' title='bbox 749 1975 948 2046; x_wconf 79' lang='lat' dir='ltr'><strong>dignus</strong></span> <span class='ocrx_word' id='word_1_102' title='bbox 968 1994 1074 2033; x_wconf 82' lang='lat' dir='ltr'><strong>non</strong></span> <span class='ocrx_word' id='word_1_103' title='bbox 1102 1980 1415 2036; x_wconf 71' lang='lat' dir='ltr'><strong>habebitur.</strong></span> <span class='ocrx_word' id='word_1_104' title='bbox 1440 1982 1608 2038; x_wconf 88' lang='lat' dir='ltr'><strong>Debet</strong></span> <span class='ocrx_word' id='word_1_105' title='bbox 1629 1985 1774 2039; x_wconf 85' lang='lat' dir='ltr'><strong>enim</strong></span> <span class='ocrx_word' id='word_1_106' title='bbox 1796 1985 2098 2055; x_wconf 83' lang='lat' dir='ltr'><strong>impietatis</strong></span> 
     </span>
    </p>
   </div>
   <div class='ocr_carea' id='block_1_18' title="bbox 523 2068 2098 2146">
    <p class='ocr_par' dir='ltr' id='par_1_18' title="bbox 523 2068 2098 2146">
     <span class='ocr_line' id='line_1_18' title="bbox 523 2068 2098 2146; baseline 0.008 -25"><span class='ocrx_word' id='word_1_107' title='bbox 523 2068 716 2124; x_wconf 84' lang='lat' dir='ltr'><strong>sordes</strong></span> <span class='ocrx_word' id='word_1_108' title='bbox 743 2070 989 2135; x_wconf 86' lang='lat' dir='ltr'><strong>abluere,</strong></span> <span class='ocrx_word' id='word_1_109' title='bbox 1021 2080 1074 2126; x_wconf 88' lang='lat' dir='ltr'><strong>et</strong></span> <span class='ocrx_word' id='word_1_110' title='bbox 1103 2073 1175 2126; x_wconf 85' lang='lat' dir='ltr'><strong>ita</strong></span> <span class='ocrx_word' id='word_1_111' title='bbox 1201 2074 1414 2129; x_wconf 82' lang='lat' dir='ltr'><strong>admitti</strong></span> <span class='ocrx_word' id='word_1_112' title='bbox 1440 2093 1455 2130; x_wconf 86' lang='lat'><strong>:</strong></span> <span class='ocrx_word' id='word_1_113' title='bbox 1480 2084 1535 2130; x_wconf 94' lang='lat' dir='ltr'><strong>et</strong></span> <span class='ocrx_word' id='word_1_114' title='bbox 1570 2085 1695 2144; x_wconf 86' lang='lat' dir='ltr'><strong>post</strong></span> <span class='ocrx_word' id='word_1_115' title='bbox 1730 2079 2098 2146; x_wconf 82' lang='lat' dir='ltr'><strong>praestitutum</strong></span> 
     </span>
    </p>
   </div>
   <div class='ocr_carea' id='block_1_19' title="bbox 523 2169 2100 2242">
    <p class='ocr_par' dir='ltr' id='par_1_19' title="bbox 523 2169 2100 2242">
     <span class='ocr_line' id='line_1_19' title="bbox 523 2169 2100 2242; baseline 0.008 -26"><span class='ocrx_word' id='word_1_116' title='bbox 523 2170 741 2232; x_wconf 85' lang='lat' dir='ltr'><strong>tempus</strong></span> <span class='ocrx_word' id='word_1_117' title='bbox 767 2174 970 2220; x_wconf 81' lang='lat' dir='ltr'><strong>sanctae</strong></span> <span class='ocrx_word' id='word_1_118' title='bbox 1021 2169 1188 2222; x_wconf 88' lang='lat' dir='ltr'><strong>etiam</strong></span> <span class='ocrx_word' id='word_1_119' title='bbox 1220 2169 1744 2228; x_wconf 81' lang='lat' dir='ltr'><strong>communicationis</strong></span> <span class='ocrx_word' id='word_1_120' title='bbox 1801 2170 1893 2228; x_wconf 90' lang='lat' dir='ltr'><strong>ﬁet</strong></span> <span class='ocrx_word' id='word_1_121' title='bbox 1923 2172 2100 2242; x_wconf 88' lang='lat' dir='ltr'><strong>parti-</strong></span> 
     </span>
    </p>
   </div>
   <div class='ocr_carea' id='block_1_20' title="bbox 521 2267 673 2322">
    <p class='ocr_par' dir='ltr' id='par_1_20' title="bbox 521 2267 673 2322">
     <span class='ocr_line' id='line_1_20' title="bbox 521 2267 673 2322; baseline 0.007 -15"><span class='ocrx_word' id='word_1_122' title='bbox 521 2267 673 2322; x_wconf 90' lang='lat' dir='ltr'><strong>ceps.</strong></span> 
     </span>
    </p>
   </div>
   <div class='ocr_carea' id='block_1_21' title="bbox 593 2341 2102 2425">
    <p class='ocr_par' dir='ltr' id='par_1_21' title="bbox 593 2341 2102 2425">
     <span class='ocr_line' id='line_1_21' title="bbox 593 2341 2102 2425; baseline 0.009 -29"><span class='ocrx_word' id='word_1_123' title='bbox 593 2341 794 2399; x_wconf 81' lang='lat' dir='ltr'><strong>Interr.</strong></span> <span class='ocrx_word' id='word_1_124' title='bbox 856 2345 947 2402; x_wconf 82' lang='lat'><strong>59.</strong></span> <span class='ocrx_word' id='word_1_125' title='bbox 994 2346 1328 2405; x_wconf 76' lang='lat' dir='ltr'><strong>Vicanorum</strong></span> <span class='ocrx_word' id='word_1_126' title='bbox 1383 2350 1557 2407; x_wconf 82' lang='lat' dir='ltr'><strong>turbae</strong></span> <span class='ocrx_word' id='word_1_127' title='bbox 1610 2366 1760 2417; x_wconf 89' lang='lat' dir='ltr'><strong>eum,</strong></span> <span class='ocrx_word' id='word_1_128' title='bbox 1815 2353 1909 2422; x_wconf 91' lang='lat' dir='ltr'><strong>qui</strong></span> <span class='ocrx_word' id='word_1_129' title='bbox 1966 2351 2102 2425; x_wconf 86' lang='lat' dir='ltr'><strong>ipsis</strong></span> 
     </span>
    </p>
   </div>
   <div class='ocr_carea' id='block_1_22' title="bbox 521 2435 2094 2513">
    <p class='ocr_par' dir='ltr' id='par_1_22' title="bbox 521 2435 2094 2513">
     <span class='ocr_line' id='line_1_22' title="bbox 521 2435 2094 2513; baseline 0.007 -26"><span class='ocrx_word' id='word_1_130' title='bbox 521 2435 741 2489; x_wconf 87' lang='lat' dir='ltr'><strong>videtur</strong></span> <span class='ocrx_word' id='word_1_131' title='bbox 766 2453 889 2494; x_wconf 76' lang='lat' dir='ltr'><strong>eSSe</strong></span> <span class='ocrx_word' id='word_1_132' title='bbox 916 2439 1117 2508; x_wconf 75' lang='lat' dir='ltr'><strong>dignus</strong></span> <span class='ocrx_word' id='word_1_133' title='bbox 1160 2443 1479 2513; x_wconf 85' lang='lat' dir='ltr'><strong>episcopali,</strong></span> <span class='ocrx_word' id='word_1_134' title='bbox 1511 2443 1592 2498; x_wconf 90' lang='lat' dir='ltr'><strong>vel</strong></span> <span class='ocrx_word' id='word_1_135' title='bbox 1637 2444 1973 2500; x_wconf 83' lang='lat' dir='ltr'><strong>sacerdotali</strong></span> <span class='ocrx_word' id='word_1_136' title='bbox 2016 2444 2094 2498; x_wconf 87' lang='lat' dir='ltr'><strong>di-</strong></span> 
     </span>
    </p>
   </div>
   <div class='ocr_carea' id='block_1_23' title="bbox 527 2528 2101 2607">
    <p class='ocr_par' dir='ltr' id='par_1_23' title="bbox 527 2528 2101 2607">
     <span class='ocr_line' id='line_1_23' title="bbox 527 2528 2101 2607; baseline 0.006 -27"><span class='ocrx_word' id='word_1_137' title='bbox 527 2528 760 2598; x_wconf 74' lang='lat' dir='ltr'><strong>gnitatc,</strong></span> <span class='ocrx_word' id='word_1_138' title='bbox 790 2531 924 2585; x_wconf 90' lang='lat' dir='ltr'><strong>mihi</strong></span> <span class='ocrx_word' id='word_1_139' title='bbox 967 2533 1260 2599; x_wconf 78' lang='lat' dir='ltr'><strong>exhibent;</strong></span> <span class='ocrx_word' id='word_1_140' title='bbox 1296 2545 1595 2606; x_wconf 85' lang='lat' dir='ltr'><strong>petuntque</strong></span> <span class='ocrx_word' id='word_1_141' title='bbox 1627 2543 1686 2590; x_wconf 94' lang='lat' dir='ltr'><strong>ut</strong></span> <span class='ocrx_word' id='word_1_142' title='bbox 1736 2536 1854 2593; x_wconf 90' lang='lat' dir='ltr'><strong>sine</strong></span> <span class='ocrx_word' id='word_1_143' title='bbox 1880 2535 2101 2607; x_wconf 85' lang='lat' dir='ltr'><strong>repulsa</strong></span> 
     </span>
    </p>
   </div>
   <div class='ocr_carea' id='block_1_24' title="bbox 527 2622 2096 2696">
    <p class='ocr_par' dir='ltr' id='par_1_24' title="bbox 527 2622 2096 2696">
     <span class='ocr_line' id='line_1_24' title="bbox 527 2622 2096 2696; baseline 0.007 -24"><span class='ocrx_word' id='word_1_144' title='bbox 527 2622 879 2676; x_wconf 87' lang='lat' dir='ltr'><strong>renuntietur</strong></span> <span class='ocrx_word' id='word_1_145' title='bbox 909 2623 1312 2696; x_wconf 85' lang='lat' dir='ltr'><strong>ordineturque</strong></span> <span class='ocrx_word' id='word_1_146' title='bbox 1342 2627 1611 2696; x_wconf 77' lang='lat' dir='ltr'><strong>pontifex,</strong></span> <span class='ocrx_word' id='word_1_147' title='bbox 1666 2636 1763 2683; x_wconf 92' lang='lat' dir='ltr'><strong>aut</strong></span> <span class='ocrx_word' id='word_1_148' title='bbox 1811 2628 2096 2692; x_wconf 86' lang='lat' dir='ltr'><strong>sacerdos,</strong></span> 
     </span>
    </p>
   </div>
   <div class='ocr_carea' id='block_1_25' title="bbox 523 2710 2100 2786">
    <p class='ocr_par' dir='ltr' id='par_1_25' title="bbox 523 2710 2100 2786">
     <span class='ocr_line' id='line_1_25' title="bbox 523 2710 2100 2786; baseline 0.011 -26"><span class='ocrx_word' id='word_1_149' title='bbox 523 2710 607 2764; x_wconf 90' lang='lat' dir='ltr'><strong>vel</strong></span> <span class='ocrx_word' id='word_1_150' title='bbox 671 2711 962 2768; x_wconf 86' lang='lat' dir='ltr'><strong>diaconus.</strong></span> <span class='ocrx_word' id='word_1_151' title='bbox 1021 2713 1218 2780; x_wconf 58' lang='lat' dir='ltr'><strong>Quaero</strong></span> <span class='ocrx_word' id='word_1_152' title='bbox 1281 2716 1484 2786; x_wconf 75' lang='lat' dir='ltr'><strong>igitur,</strong></span> <span class='ocrx_word' id='word_1_153' title='bbox 1542 2733 1612 2774; x_wconf 89' lang='lat' dir='ltr'><strong>an</strong></span> <span class='ocrx_word' id='word_1_154' title='bbox 1665 2720 2100 2778; x_wconf 86' lang='lat' dir='ltr'><strong>acclamationes</strong></span> 
     </span>
    </p>
   </div>
   <div class='ocr_carea' id='block_1_26' title="bbox 524 2803 1299 2876">
    <p class='ocr_par' dir='ltr' id='par_1_26' title="bbox 524 2803 1299 2876">
     <span class='ocr_line' id='line_1_26' title="bbox 524 2803 1299 2876; baseline 0.009 -20"><span class='ocrx_word' id='word_1_155' title='bbox 524 2803 709 2874; x_wconf 85' lang='lat' dir='ltr'><strong>populi</strong></span> <span class='ocrx_word' id='word_1_156' title='bbox 736 2806 890 2874; x_wconf 83' lang='lat' dir='ltr'><strong>sequi</strong></span> <span class='ocrx_word' id='word_1_157' title='bbox 926 2808 1226 2876; x_wconf 85' lang='lat' dir='ltr'><strong>compellar</strong></span> <span class='ocrx_word' id='word_1_158' title='bbox 1248 2808 1299 2862; x_wconf 73' lang='grc' dir='ltr'><strong>δ.</strong></span> 
     </span>
    </p>
   </div>
   <div class='ocr_carea' id='block_1_27' title="bbox 593 2891 2096 2974">
    <p class='ocr_par' dir='ltr' id='par_1_27' title="bbox 593 2891 2096 2974">
     <span class='ocr_line' id='line_1_27' title="bbox 593 2891 2096 2974; baseline 0.009 -27"><span class='ocrx_word' id='word_1_159' title='bbox 593 2891 751 2962; x_wconf 80' lang='lat' dir='ltr'><strong>Resp.</strong></span> <span class='ocrx_word' id='word_1_160' title='bbox 791 2892 931 2950; x_wconf 90' lang='lat' dir='ltr'><strong>Olim</strong></span> <span class='ocrx_word' id='word_1_161' title='bbox 962 2897 1258 2967; x_wconf 87' lang='lat' dir='ltr'><strong>aliquando</strong></span> <span class='ocrx_word' id='word_1_162' title='bbox 1287 2899 1667 2958; x_wconf 81' lang='lat' dir='ltr'><strong>ordinationes</strong></span> <span class='ocrx_word' id='word_1_163' title='bbox 1693 2903 2096 2974; x_wconf 78' lang='lat' dir='ltr'><strong>episcoporum,</strong></span> 
     </span>
    </p>
   </div>
   <div class='ocr_carea' id='block_1_28' title="bbox 520 2985 2100 3054">
    <p class='ocr_par' dir='ltr' id='par_1_28' title="bbox 520 2985 2100 3054">
     <span class='ocr_line' id='line_1_28' title="bbox 520 2985 2100 3054; baseline 0.009 -18"><span class='ocrx_word' id='word_1_164' title='bbox 520 2992 576 3036; x_wconf 87' lang='lat' dir='ltr'><strong>et</strong></span> <span class='ocrx_word' id='word_1_165' title='bbox 605 2985 949 3054; x_wconf 86' lang='lat' dir='ltr'><strong>reliquorum</strong></span> <span class='ocrx_word' id='word_1_166' title='bbox 975 2988 1152 3043; x_wconf 83' lang='lat' dir='ltr'><strong>sacris</strong></span> <span class='ocrx_word' id='word_1_167' title='bbox 1198 2987 1538 3046; x_wconf 87' lang='lat' dir='ltr'><strong>initiatorum</strong></span> <span class='ocrx_word' id='word_1_168' title='bbox 1571 2993 1864 3049; x_wconf 85' lang='lat' dir='ltr'><strong>ordinibus</strong></span> <span class='ocrx_word' id='word_1_169' title='bbox 1895 2994 2100 3050; x_wconf 79' lang='lat' dir='ltr'><strong>ﬁebant</strong></span> 
     </span>
    </p>
   </div>
   <div class='ocr_carea' id='block_1_29' title="bbox 521 3079 2096 3156">
    <p class='ocr_par' dir='ltr' id='par_1_29' title="bbox 521 3079 2096 3156">
     <span class='ocr_line' id='line_1_29' title="bbox 521 3079 2096 3156; baseline 0.01 -27"><span class='ocrx_word' id='word_1_170' title='bbox 521 3093 619 3148; x_wconf 88' lang='lat' dir='ltr'><strong>per</strong></span> <span class='ocrx_word' id='word_1_171' title='bbox 645 3079 971 3136; x_wconf 89' lang='lat' dir='ltr'><strong>electionem</strong></span> <span class='ocrx_word' id='word_1_172' title='bbox 1005 3081 1397 3148; x_wconf 88' lang='lat' dir='ltr'><strong>multitudinis,</strong></span> <span class='ocrx_word' id='word_1_173' title='bbox 1426 3099 1751 3156; x_wconf 88' lang='lat' dir='ltr'><strong>eorumque,</strong></span> <span class='ocrx_word' id='word_1_174' title='bbox 1805 3087 1901 3156; x_wconf 87' lang='lat' dir='ltr'><strong>qui</strong></span> <span class='ocrx_word' id='word_1_175' title='bbox 1931 3087 2096 3145; x_wconf 87' lang='lat' dir='ltr'><strong>simul</strong></span> 
     </span>
    </p>
   </div>
   <div class='ocr_carea' id='block_1_30' title="bbox 1818 395 2436 458">
    <p class='ocr_par' dir='ltr' id='par_1_30' title="bbox 1818 395 2436 458">
     <span class='ocr_line' id='line_1_30' title="bbox 1818 395 2436 458; baseline -0.005 0"><span class='ocrx_word' id='word_1_176' title='bbox 1818 396 1957 458; x_wconf 78' lang='lat' dir='ltr'><strong>JUS</strong></span> <span class='ocrx_word' id='word_1_177' title='bbox 1994 395 2436 457; x_wconf 65' lang='lat' dir='ltr'><strong>CANON’ICUM</strong></span> 
     </span>
    </p>
   </div>
   <div class='ocr_carea' id='block_1_31' title="bbox 591 511 2166 585">
    <p class='ocr_par' dir='ltr' id='par_1_31' title="bbox 591 511 2166 585">
     <span class='ocr_line' id='line_1_31' title="bbox 591 511 2166 585; baseline 0.004 -19"><span class='ocrx_word' id='word_1_178' title='bbox 591 511 788 567; x_wconf 83' lang='lat' dir='ltr'><strong>Interr.</strong></span> <span class='ocrx_word' id='word_1_179' title='bbox 824 512 913 568; x_wconf 83' lang='lat'><strong>58.</strong></span> <span class='ocrx_word' id='word_1_180' title='bbox 955 512 1306 568; x_wconf 82' lang='lat' dir='ltr'><strong>()rthodoxus</strong></span> <span class='ocrx_word' id='word_1_181' title='bbox 1333 514 1554 583; x_wconf 87' lang='lat' dir='ltr'><strong>quidam</strong></span> <span class='ocrx_word' id='word_1_182' title='bbox 1575 514 1642 567; x_wconf 88' lang='lat' dir='ltr'><strong>ab</strong></span> <span class='ocrx_word' id='word_1_183' title='bbox 1666 515 1931 585; x_wconf 76' lang='lat' dir='ltr'><strong>Agareuis</strong></span> <span class='ocrx_word' id='word_1_184' title='bbox 1957 530 2084 585; x_wconf 83' lang='lat' dir='ltr'><strong>eap-</strong></span> <span class='ocrx_word' id='word_1_185' title='bbox 2121 516 2166 572; x_wconf 82' lang='grc' dir='ltr'><strong>Α</strong></span> 
     </span>
    </p>
   </div>
   <div class='ocr_carea' id='block_1_32' title="bbox 3645 387 3765 452">
    <p class='ocr_par' dir='ltr' id='par_1_32' title="bbox 3645 387 3765 452">
     <span class='ocr_line' id='line_1_32' title="bbox 3645 387 3765 452; baseline 0.025 -3"><span class='ocrx_word' id='word_1_186' title='bbox 3645 387 3765 452; x_wconf 70' lang='grc' dir='ltr'>Ῑθδθ</span> 
     </span>
    </p>
   </div>
   <div class='ocr_carea' id='block_1_33' title="bbox 2277 506 3768 587">
    <p class='ocr_par' dir='ltr' id='par_1_33' title="bbox 2277 506 3768 587">
     <span class='ocr_line' id='line_1_33' title="bbox 2277 506 3768 587; baseline -0.004 -22"><span class='ocrx_word' id='word_1_187' title='bbox 2277 513 2475 587; x_wconf 79' lang='grc' dir='ltr'>Ἑρώτ.</span> <span class='ocrx_word' id='word_1_188' title='bbox 2554 518 2656 583; x_wconf 69' lang='grc' dir='ltr'>νην.</span> <span class='ocrx_word' id='word_1_189' title='bbox 2747 510 3058 580; x_wconf 75' lang='grc' dir='ltr'>Ὀρθόδοξός</span> <span class='ocrx_word' id='word_1_190' title='bbox 3145 521 3231 568; x_wconf 74' lang='grc' dir='ltr'><strong>τις</strong></span> <span class='ocrx_word' id='word_1_191' title='bbox 3317 506 3768 578; x_wconf 69' lang='grc' dir='ltr'><strong>αἰχμαλωτισθεὶς</strong></span> 
     </span>
    </p>
   </div>
   <div class='ocr_carea' id='block_1_34' title="bbox 2196 600 3768 675">
    <p class='ocr_par' dir='ltr' id='par_1_34' title="bbox 2196 600 3768 675">
     <span class='ocr_line' id='line_1_34' title="bbox 2196 600 3768 675; baseline -0.004 -17"><span class='ocrx_word' id='word_1_192' title='bbox 2196 605 2350 674; x_wconf 68' lang='grc' dir='ltr'>παρὰ</span> <span class='ocrx_word' id='word_1_193' title='bbox 2397 603 2736 675; x_wconf 78' lang='grc' dir='ltr'>’Λγαρηνῶν,</span> <span class='ocrx_word' id='word_1_194' title='bbox 2791 603 2882 656; x_wconf 72' lang='grc' dir='ltr'>καὶ</span> <span class='ocrx_word' id='word_1_195' title='bbox 2912 603 3054 656; x_wconf 80' lang='grc' dir='ltr'>κατὰ</span> <span class='ocrx_word' id='word_1_196' title='bbox 3089 602 3210 672; x_wconf 85' lang='grc' dir='ltr'>βίαν</span> <span class='ocrx_word' id='word_1_197' title='bbox 3246 600 3343 670; x_wconf 78' lang='grc' dir='ltr'>τὴν</span> <span class='ocrx_word' id='word_1_198' title='bbox 3383 600 3662 670; x_wconf 71' lang='grc' dir='ltr'>όρῠόδοξον</span> <span class='ocrx_word' id='word_1_199' title='bbox 3689 602 3768 652; x_wconf 78' lang='grc' dir='ltr'><strong>πὶ·</strong></span> 
     </span>
    </p>
   </div>
   <div class='ocr_carea' id='block_1_35' title="bbox 2197 691 3766 764">
    <p class='ocr_par' dir='ltr' id='par_1_35' title="bbox 2197 691 3766 764">
     <span class='ocr_line' id='line_1_35' title="bbox 2197 691 3766 764; baseline -0.004 -16"><span class='ocrx_word' id='word_1_200' title='bbox 2197 712 2316 748; x_wconf 88' lang='grc' dir='ltr'>στιν</span> <span class='ocrx_word' id='word_1_201' title='bbox 2366 693 2792 764; x_wconf 65' lang='grc' dir='ltr'>ἐξομοσάμενος,</span> <span class='ocrx_word' id='word_1_202' title='bbox 2824 693 2920 746; x_wconf 60' lang='grc' dir='ltr'><strong>καλ</strong></span> <span class='ocrx_word' id='word_1_203' title='bbox 2974 693 3358 763; x_wconf 66' lang='grc' dir='ltr'>περιτμηθεὶς,</span> <span class='ocrx_word' id='word_1_204' title='bbox 3380 692 3558 744; x_wconf 85' lang='grc' dir='ltr'>διόλου</span> <span class='ocrx_word' id='word_1_205' title='bbox 3595 691 3766 759; x_wconf 69' lang='grc' dir='ltr'>σχεδὸν</span> 
     </span>
    </p>
   </div>
   <div class='ocr_carea' id='block_1_36' title="bbox 2193 784 3769 858">
    <p class='ocr_par' dir='ltr' id='par_1_36' title="bbox 2193 784 3769 858">
     <span class='ocr_line' id='line_1_36' title="bbox 2193 784 3769 858; baseline -0.003 -16"><span class='ocrx_word' id='word_1_206' title='bbox 2193 788 2294 858; x_wconf 84' lang='grc' dir='ltr'>τὴν</span> <span class='ocrx_word' id='word_1_207' title='bbox 2324 788 2669 858; x_wconf 74' lang='grc' dir='ltr'><strong>ἀκαθαρσίαν</strong></span> <span class='ocrx_word' id='word_1_208' title='bbox 2706 787 3089 852; x_wconf 86' lang='grc' dir='ltr'>ἀποκλαίεται,</span> <span class='ocrx_word' id='word_1_209' title='bbox 3127 787 3222 840; x_wconf 78' lang='grc' dir='ltr'>καὶ</span> <span class='ocrx_word' id='word_1_210' title='bbox 3270 785 3409 856; x_wconf 77' lang='grc' dir='ltr'>μετὰ</span> <span class='ocrx_word' id='word_1_211' title='bbox 3437 784 3543 838; x_wconf 84' lang='grc' dir='ltr'><strong>τῶν</strong></span> <span class='ocrx_word' id='word_1_212' title='bbox 3566 785 3769 854; x_wconf 73' lang='grc' dir='ltr'>ὀρθοδόο</span> 
     </span>
    </p>
   </div>
   <div class='ocr_carea' id='block_1_37' title="bbox 2197 875 3768 949">
    <p class='ocr_par' dir='ltr' id='par_1_37' title="bbox 2197 875 3768 949">
     <span class='ocr_line' id='line_1_37' title="bbox 2197 875 3768 949; baseline -0.003 -16"><span class='ocrx_word' id='word_1_213' title='bbox 2197 880 2302 946; x_wconf 79' lang='grc' dir='ltr'>ξων</span> <span class='ocrx_word' id='word_1_214' title='bbox 2340 879 2614 948; x_wconf 76' lang='grc' dir='ltr'><strong>λαθραίως</strong></span> <span class='ocrx_word' id='word_1_215' title='bbox 2648 879 2990 949; x_wconf 73' lang='grc' dir='ltr'><strong>συνέρχεται,</strong></span> <span class='ocrx_word' id='word_1_216' title='bbox 3017 879 3108 931; x_wconf 70' lang='grc' dir='ltr'>καὶ</span> <span class='ocrx_word' id='word_1_217' title='bbox 3145 875 3243 947; x_wconf 78' lang='grc' dir='ltr'>τὴν</span> <span class='ocrx_word' id='word_1_218' title='bbox 3269 876 3546 945; x_wconf 75' lang='grc' dir='ltr'>σωτηρίαν</span> <span class='ocrx_word' id='word_1_219' title='bbox 3572 877 3768 929; x_wconf 75' lang='grc' dir='ltr'>ἀνακαο</span> 
     </span>
    </p>
   </div>
   <div class='ocr_carea' id='block_1_38' title="bbox 2196 967 3770 1036">
    <p class='ocr_par' dir='ltr' id='par_1_38' title="bbox 2196 967 3770 1036">
     <span class='ocr_line' id='line_1_38' title="bbox 2196 967 3770 1036; baseline -0.002 -13"><span class='ocrx_word' id='word_1_220' title='bbox 2196 970 2388 1023; x_wconf 88' lang='grc' dir='ltr'>λεῖται.</span> <span class='ocrx_word' id='word_1_221' title='bbox 2437 969 2591 1022; x_wconf 74' lang='grc' dir='ltr'>Ἐπεὶ</span> <span class='ocrx_word' id='word_1_222' title='bbox 2629 969 2685 1022; x_wconf 75' lang='grc' dir='ltr'>δὲ</span> <span class='ocrx_word' id='word_1_223' title='bbox 2719 968 2894 1022; x_wconf 80' lang='grc' dir='ltr'><strong>ἐθέλει</strong></span> <span class='ocrx_word' id='word_1_224' title='bbox 2923 967 3018 1021; x_wconf 84' lang='grc' dir='ltr'>καὶ</span> <span class='ocrx_word' id='word_1_225' title='bbox 3049 969 3159 1021; x_wconf 86' lang='grc' dir='ltr'>τῶν</span> <span class='ocrx_word' id='word_1_226' title='bbox 3204 967 3568 1036; x_wconf 74' lang='grc' dir='ltr'>ἀγιασμάτων</span> <span class='ocrx_word' id='word_1_227' title='bbox 3616 985 3770 1032; x_wconf 80' lang='grc' dir='ltr'>μετα-</span> 
     </span>
    </p>
   </div>
   <div class='ocr_carea' id='block_1_39' title="bbox 2196 1059 3432 1134">
    <p class='ocr_par' dir='ltr' id='par_1_39' title="bbox 2196 1059 3432 1134">
     <span class='ocr_line' id='line_1_39' title="bbox 2196 1059 3432 1134; baseline -0.005 -18"><span class='ocrx_word' id='word_1_228' title='bbox 2196 1063 2523 1134; x_wconf 75' lang='grc' dir='ltr'>λαμῦἀνειν,</span> <span class='ocrx_word' id='word_1_229' title='bbox 2552 1061 2826 1132; x_wconf 80' lang='grc' dir='ltr'>ζητοῦμεν</span> <span class='ocrx_word' id='word_1_230' title='bbox 2851 1062 2912 1115; x_wconf 82' lang='grc' dir='ltr'>τὸ</span> <span class='ocrx_word' id='word_1_231' title='bbox 2935 1061 3186 1131; x_wconf 78' lang='grc' dir='ltr'><strong>ποιητέον</strong></span> <span class='ocrx_word' id='word_1_232' title='bbox 3217 1059 3432 1129; x_wconf 77' lang='grc' dir='ltr'>μαθεῖν.</span> 
     </span>
    </p>
   </div>
   <div class='ocr_carea' id='block_1_40' title="bbox 2281 1149 3765 1222">
    <p class='ocr_par' dir='ltr' id='par_1_40' title="bbox 2281 1149 3765 1222">
     <span class='ocr_line' id='line_1_40' title="bbox 2281 1149 3765 1222; baseline -0.004 -15"><span class='ocrx_word' id='word_1_233' title='bbox 2281 1153 2485 1208; x_wconf 77' lang='grc' dir='ltr'>Ἀπόκ.</span> <span class='ocrx_word' id='word_1_234' title='bbox 2518 1153 2640 1205; x_wconf 85' lang='grc' dir='ltr'><strong>Τῶν</strong></span> <span class='ocrx_word' id='word_1_235' title='bbox 2665 1152 3084 1222; x_wconf 78' lang='grc' dir='ltr'><strong>ἀγωνιζομένων</strong></span> <span class='ocrx_word' id='word_1_236' title='bbox 3114 1151 3253 1204; x_wconf 69' lang='grc' dir='ltr'>εἰσιν</span> <span class='ocrx_word' id='word_1_237' title='bbox 3290 1152 3339 1202; x_wconf 79' lang='lat' dir='ltr'><strong>oi</strong></span> <span class='ocrx_word' id='word_1_238' title='bbox 3375 1149 3652 1216; x_wconf 73' lang='grc' dir='ltr'>στέφανοι,</span> <span class='ocrx_word' id='word_1_239' title='bbox 3682 1150 3765 1201; x_wconf 67' lang='grc' dir='ltr'>καὶ</span> 
     </span>
    </p>
   </div>
   <div class='ocr_carea' id='block_1_41' title="bbox 2198 1240 3766 1318">
    <p class='ocr_par' dir='ltr' id='par_1_41' title="bbox 2198 1240 3766 1318">
     <span class='ocr_line' id='line_1_41' title="bbox 2198 1240 3766 1318; baseline -0.006 -18"><span class='ocrx_word' id='word_1_240' title='bbox 2198 1247 2227 1300; x_wconf 96' lang='lat'><strong>6</strong></span> <span class='ocrx_word' id='word_1_241' title='bbox 2256 1245 2458 1318; x_wconf 82' lang='grc' dir='ltr'>Κύριος</span> <span class='ocrx_word' id='word_1_242' title='bbox 2491 1246 2585 1299; x_wconf 82' lang='grc' dir='ltr'>καὶ</span> <span class='ocrx_word' id='word_1_243' title='bbox 2604 1245 2737 1308; x_wconf 82' lang='grc' dir='ltr'>Θεὸς</span> <span class='ocrx_word' id='word_1_244' title='bbox 2767 1244 2924 1314; x_wconf 81' lang='grc' dir='ltr'>ἡμῶν</span> <span class='ocrx_word' id='word_1_245' title='bbox 2957 1242 3167 1311; x_wconf 82' lang='grc' dir='ltr'>Ἰησοῦς</span> <span class='ocrx_word' id='word_1_246' title='bbox 3200 1241 3463 1312; x_wconf 82' lang='grc' dir='ltr'>Χριστός.</span> <span class='ocrx_word' id='word_1_247' title='bbox 3511 1240 3579 1294; x_wconf 73' lang='lat' dir='ltr'><strong>Et</strong></span> <span class='ocrx_word' id='word_1_248' title='bbox 3603 1240 3683 1300; x_wconf 76' lang='grc' dir='ltr'><strong>τίς</strong></span> <span class='ocrx_word' id='word_1_249' title='bbox 3705 1258 3766 1310; x_wconf 71' lang='grc' dir='ltr'><strong>με</strong></span> 
     </span>
    </p>
   </div>
   <div class='ocr_carea' id='block_1_42' title="bbox 2199 1332 3765 1408">
    <p class='ocr_par' dir='ltr' id='par_1_42' title="bbox 2199 1332 3765 1408">
     <span class='ocr_line' id='line_1_42' title="bbox 2199 1332 3765 1408; baseline -0.004 -17"><span class='ocrx_word' id='word_1_250' title='bbox 2199 1338 2548 1408; x_wconf 79' lang='grc' dir='ltr'><strong>ὁμολογήσει,</strong></span> <span class='ocrx_word' id='word_1_251' title='bbox 2580 1336 2766 1407; x_wconf 77' lang='grc' dir='ltr'>φησὶν,</span> <span class='ocrx_word' id='word_1_252' title='bbox 2801 1335 3112 1407; x_wconf 75' lang='grc' dir='ltr'>ἔμπροσθεν</span> <span class='ocrx_word' id='word_1_253' title='bbox 3139 1334 3246 1387; x_wconf 83' lang='grc' dir='ltr'><strong>τῶν</strong></span> <span class='ocrx_word' id='word_1_254' title='bbox 3274 1332 3604 1403; x_wconf 79' lang='grc' dir='ltr'>ἀνθρώπων,</span> <span class='ocrx_word' id='word_1_255' title='bbox 3629 1333 3765 1399; x_wconf 73' lang='grc' dir='ltr'>κάγὼ</span> 
     </span>
    </p>
   </div>
   <div class='ocr_carea' id='block_1_43' title="bbox 2199 1423 3763 1500">
    <p class='ocr_par' dir='ltr' id='par_1_43' title="bbox 2199 1423 3763 1500">
     <span class='ocr_line' id='line_1_43' title="bbox 2199 1423 3763 1500; baseline -0.005 -17"><span class='ocrx_word' id='word_1_256' title='bbox 2199 1428 2520 1500; x_wconf 78' lang='grc' dir='ltr'><strong>ὁμολογήσω</strong></span> <span class='ocrx_word' id='word_1_257' title='bbox 2541 1427 2705 1481; x_wconf 77' lang='grc' dir='ltr'>αὐτὸν</span> <span class='ocrx_word' id='word_1_258' title='bbox 2759 1427 3070 1499; x_wconf 70' lang='grc' dir='ltr'>ἔμπροσθεν</span> <span class='ocrx_word' id='word_1_259' title='bbox 3107 1425 3200 1479; x_wconf 85' lang='grc' dir='ltr'><strong>τοῦ</strong></span> <span class='ocrx_word' id='word_1_260' title='bbox 3227 1425 3440 1494; x_wconf 81' lang='grc' dir='ltr'>Πατρός</span> <span class='ocrx_word' id='word_1_261' title='bbox 3478 1441 3584 1494; x_wconf 85' lang='grc' dir='ltr'><strong>μου</strong></span> <span class='ocrx_word' id='word_1_262' title='bbox 3610 1423 3696 1476; x_wconf 89' lang='grc' dir='ltr'><strong>τοῦ</strong></span> <span class='ocrx_word' id='word_1_263' title='bbox 3715 1424 3763 1476; x_wconf 70' lang='grc' dir='ltr'>ἐν</span> 
     </span>
    </p>
   </div>
   <div class='ocr_carea' id='block_1_44' title="bbox 2199 1515 3763 1591">
    <p class='ocr_par' dir='ltr' id='par_1_44' title="bbox 2199 1515 3763 1591">
     <span class='ocr_line' id='line_1_44' title="bbox 2199 1515 3763 1591; baseline -0.004 -17"><span class='ocrx_word' id='word_1_264' title='bbox 2199 1521 2472 1591; x_wconf 78' lang='grc' dir='ltr'>οὐρανοῖς.</span> <span class='ocrx_word' id='word_1_265' title='bbox 2514 1520 2851 1591; x_wconf 77' lang='grc' dir='ltr'>Ἀκάθαρτον</span> <span class='ocrx_word' id='word_1_266' title='bbox 2906 1517 3039 1586; x_wconf 88' lang='grc' dir='ltr'>γοῦν</span> <span class='ocrx_word' id='word_1_267' title='bbox 3086 1521 3306 1585; x_wconf 79' lang='grc' dir='ltr'>ἀγγεῖον</span> <span class='ocrx_word' id='word_1_268' title='bbox 3336 1515 3473 1588; x_wconf 76' lang='grc' dir='ltr'>πρὸς</span> <span class='ocrx_word' id='word_1_269' title='bbox 3514 1517 3763 1585; x_wconf 73' lang='grc' dir='ltr'>ὑποδοχὴν</span> 
     </span>
    </p>
   </div>
   <div class='ocr_carea' id='block_1_45' title="bbox 2205 1609 3766 1684">
    <p class='ocr_par' dir='ltr' id='par_1_45' title="bbox 2205 1609 3766 1684">
     <span class='ocr_line' id='line_1_45' title="bbox 2205 1609 3766 1684; baseline -0.003 -18"><span class='ocrx_word' id='word_1_270' title='bbox 2205 1611 2376 1684; x_wconf 82' lang='grc' dir='ltr'>μύρου</span> <span class='ocrx_word' id='word_1_271' title='bbox 2413 1611 2528 1674; x_wconf 83' lang='grc' dir='ltr'><strong>πῶς</strong></span> <span class='ocrx_word' id='word_1_272' title='bbox 2559 1610 3062 1682; x_wconf 80' lang='grc' dir='ltr'>παραφρονοῦντως</span> <span class='ocrx_word' id='word_1_273' title='bbox 3097 1609 3465 1680; x_wconf 65' lang='grc' dir='ltr'>δεχθίισεται;</span> <span class='ocrx_word' id='word_1_274' title='bbox 3513 1609 3606 1661; x_wconf 75' lang='grc' dir='ltr'>Διὸ</span> <span class='ocrx_word' id='word_1_275' title='bbox 3646 1627 3766 1679; x_wconf 71' lang='grc' dir='ltr'>παρα</span> 
     </span>
    </p>
   </div>
   <div class='ocr_carea' id='block_1_46' title="bbox 2201 1700 3764 1776">
    <p class='ocr_par' dir='ltr' id='par_1_46' title="bbox 2201 1700 3764 1776">
     <span class='ocr_line' id='line_1_46' title="bbox 2201 1700 3764 1776; baseline -0.013 -17"><span class='ocrx_word' id='word_1_276' title='bbox 2201 1704 2428 1776; x_wconf 86' lang='grc' dir='ltr'>ηγορίας</span> <span class='ocrx_word' id='word_1_277' title='bbox 2485 1703 2583 1776; x_wconf 80' lang='grc' dir='ltr'>μὲν</span> <span class='ocrx_word' id='word_1_278' title='bbox 2625 1703 2999 1774; x_wconf 81' lang='grc' dir='ltr'>ὲπισκοπικῆς</span> <span class='ocrx_word' id='word_1_279' title='bbox 3053 1703 3148 1756; x_wconf 77' lang='grc' dir='ltr'>καὶ</span> <span class='ocrx_word' id='word_1_280' title='bbox 3195 1702 3361 1771; x_wconf 77' lang='grc' dir='ltr'>ἄλλης</span> <span class='ocrx_word' id='word_1_281' title='bbox 3402 1700 3764 1770; x_wconf 72' lang='grc' dir='ltr'><strong>πνευματικῆς</strong></span> 
     </span>
    </p>
   </div>
   <div class='ocr_carea' id='block_1_47' title="bbox 2202 1791 3765 1866">
    <p class='ocr_par' dir='ltr' id='par_1_47' title="bbox 2202 1791 3765 1866">
     <span class='ocr_line' id='line_1_47' title="bbox 2202 1791 3765 1866; baseline -0.003 -18"><span class='ocrx_word' id='word_1_282' title='bbox 2202 1795 2441 1865; x_wconf 78' lang='grc' dir='ltr'><strong>ὁμιλίας,</strong></span> <span class='ocrx_word' id='word_1_283' title='bbox 2495 1796 2522 1848; x_wconf 98' lang='lat'><strong>6</strong></span> <span class='ocrx_word' id='word_1_284' title='bbox 2573 1793 2717 1848; x_wconf 78' lang='grc' dir='ltr'>οὕτω</span> <span class='ocrx_word' id='word_1_285' title='bbox 2775 1794 3075 1866; x_wconf 79' lang='grc' dir='ltr'>μετανοῶν,</span> <span class='ocrx_word' id='word_1_286' title='bbox 3129 1793 3226 1846; x_wconf 77' lang='grc' dir='ltr'>καὶ</span> <span class='ocrx_word' id='word_1_287' title='bbox 3271 1791 3374 1862; x_wconf 66' lang='grc' dir='ltr'>τὴν</span> <span class='ocrx_word' id='word_1_288' title='bbox 3410 1791 3587 1859; x_wconf 73' lang='grc' dir='ltr'>καλὴν</span> <span class='ocrx_word' id='word_1_289' title='bbox 3620 1792 3765 1844; x_wconf 76' lang='grc' dir='ltr'>θέλων</span> 
     </span>
    </p>
   </div>
   <div class='ocr_carea' id='block_1_48' title="bbox 2201 1882 3768 1957">
    <p class='ocr_par' dir='ltr' id='par_1_48' title="bbox 2201 1882 3768 1957">
     <span class='ocr_line' id='line_1_48' title="bbox 2201 1882 3768 1957; baseline -0.002 -17"><span class='ocrx_word' id='word_1_290' title='bbox 2201 1886 2562 1957; x_wconf 81' lang='grc' dir='ltr'>ἀλλοιωθῆναι</span> <span class='ocrx_word' id='word_1_291' title='bbox 2595 1885 2900 1949; x_wconf 82' lang='grc' dir='ltr'>ἀλλοίωσιν,</span> <span class='ocrx_word' id='word_1_292' title='bbox 2934 1884 3299 1953; x_wconf 80' lang='grc' dir='ltr'>ἀξιωθήσεται</span> <span class='ocrx_word' id='word_1_293' title='bbox 3321 1899 3335 1914; x_wconf 79' lang='grc'><strong><em>⁸</em></strong></span> <span class='ocrx_word' id='word_1_294' title='bbox 3387 1882 3498 1936; x_wconf 73' lang='grc' dir='ltr'><strong>τῶν</strong></span> <span class='ocrx_word' id='word_1_295' title='bbox 3524 1882 3583 1934; x_wconf 82' lang='grc' dir='ltr'>δὲ</span> <span class='ocrx_word' id='word_1_296' title='bbox 3617 1883 3768 1949; x_wconf 78' lang='grc' dir='ltr'>ἁγίων</span> 
     </span>
    </p>
   </div>
   <div class='ocr_carea' id='block_1_49' title="bbox 2205 1975 3767 2050">
    <p class='ocr_par' dir='ltr' id='par_1_49' title="bbox 2205 1975 3767 2050">
     <span class='ocr_line' id='line_1_49' title="bbox 2205 1975 3767 2050; baseline -0.001 -19"><span class='ocrx_word' id='word_1_297' title='bbox 2205 1978 2526 2050; x_wconf 77' lang='grc' dir='ltr'>μυστηρίων</span> <span class='ocrx_word' id='word_1_298' title='bbox 2573 1979 2673 2030; x_wconf 84' lang='grc' dir='ltr'>οὐκ</span> <span class='ocrx_word' id='word_1_299' title='bbox 2708 1977 3097 2047; x_wconf 79' lang='grc' dir='ltr'>ἀξιωθήσεται.</span> <span class='ocrx_word' id='word_1_300' title='bbox 3124 1976 3398 2046; x_wconf 81' lang='grc' dir='ltr'>Πρότερον</span> <span class='ocrx_word' id='word_1_301' title='bbox 3431 1975 3550 2045; x_wconf 76' lang='grc' dir='ltr'>γὰρ</span> <span class='ocrx_word' id='word_1_302' title='bbox 3582 1975 3767 2044; x_wconf 73' lang='grc' dir='ltr'>όφεῦιει</span> 
     </span>
    </p>
   </div>
   <div class='ocr_carea' id='block_1_50' title="bbox 2199 2068 3768 2142">
    <p class='ocr_par' dir='ltr' id='par_1_50' title="bbox 2199 2068 3768 2142">
     <span class='ocr_line' id='line_1_50' title="bbox 2199 2068 3768 2142; baseline -0.004 -18"><span class='ocrx_word' id='word_1_303' title='bbox 2199 2071 2316 2140; x_wconf 65' lang='grc' dir='ltr'><strong>τῆςΔ</strong></span> <span class='ocrx_word' id='word_1_304' title='bbox 2340 2070 2594 2134; x_wconf 75' lang='grc' dir='ltr'>ἀσεϐείας</span> <span class='ocrx_word' id='word_1_305' title='bbox 2627 2069 2724 2142; x_wconf 78' lang='grc' dir='ltr'>τὴν</span> <span class='ocrx_word' id='word_1_306' title='bbox 2761 2069 3062 2141; x_wconf 77' lang='grc' dir='ltr'>βεδήλωσιν</span> <span class='ocrx_word' id='word_1_307' title='bbox 3081 2068 3470 2136; x_wconf 75' lang='grc' dir='ltr'>ἀπονίψασθαι,</span> <span class='ocrx_word' id='word_1_308' title='bbox 3499 2068 3768 2130; x_wconf 78' lang='grc' dir='ltr'>καίοὗτως</span> 
     </span>
    </p>
   </div>
   <div class='ocr_carea' id='block_1_51' title="bbox 2199 2158 3768 2233">
    <p class='ocr_par' dir='ltr' id='par_1_51' title="bbox 2199 2158 3768 2233">
     <span class='ocr_line' id='line_1_51' title="bbox 2199 2158 3768 2233; baseline -0.004 -17"><span class='ocrx_word' id='word_1_309' title='bbox 2199 2161 2496 2233; x_wconf 80' lang='grc' dir='ltr'>δεχθῆναι·</span> <span class='ocrx_word' id='word_1_310' title='bbox 2543 2161 2637 2215; x_wconf 77' lang='grc' dir='ltr'>καὶ</span> <span class='ocrx_word' id='word_1_311' title='bbox 2695 2162 2834 2231; x_wconf 73' lang='grc' dir='ltr'>μετὰ</span> <span class='ocrx_word' id='word_1_312' title='bbox 2869 2160 2959 2214; x_wconf 79' lang='grc' dir='ltr'>τὸν</span> <span class='ocrx_word' id='word_1_313' title='bbox 3013 2158 3402 2228; x_wconf 80' lang='grc' dir='ltr'>νενομισμένον</span> <span class='ocrx_word' id='word_1_314' title='bbox 3461 2158 3658 2228; x_wconf 67' lang='grc' dir='ltr'>καιρὶν</span> <span class='ocrx_word' id='word_1_315' title='bbox 3689 2159 3768 2211; x_wconf 80' lang='grc' dir='ltr'>καὶ</span> 
     </span>
    </p>
   </div>
   <div class='ocr_carea' id='block_1_52' title="bbox 2199 2251 3484 2326">
    <p class='ocr_par' dir='ltr' id='par_1_52' title="bbox 2199 2251 3484 2326">
     <span class='ocr_line' id='line_1_52' title="bbox 2199 2251 3484 2326; baseline -0.005 -18"><span class='ocrx_word' id='word_1_316' title='bbox 2199 2255 2300 2326; x_wconf 80' lang='grc' dir='ltr'>τῆς</span> <span class='ocrx_word' id='word_1_317' title='bbox 2331 2255 2495 2322; x_wconf 82' lang='grc' dir='ltr'>ἁγίας</span> <span class='ocrx_word' id='word_1_318' title='bbox 2535 2252 2892 2324; x_wconf 71' lang='grc' dir='ltr'>μεταλήψεως</span> <span class='ocrx_word' id='word_1_319' title='bbox 2918 2253 3206 2321; x_wconf 82' lang='grc' dir='ltr'>γενήσεται</span> <span class='ocrx_word' id='word_1_320' title='bbox 3237 2251 3484 2319; x_wconf 77' lang='grc' dir='ltr'><strong>μέτοχος.</strong></span> 
     </span>
    </p>
   </div>
   <div class='ocr_carea' id='block_1_53' title="bbox 2284 2338 3765 2416">
    <p class='ocr_par' dir='ltr' id='par_1_53' title="bbox 2284 2338 3765 2416">
     <span class='ocr_line' id='line_1_53' title="bbox 2284 2338 3765 2416; baseline -0.006 -16"><span class='ocrx_word' id='word_1_321' title='bbox 2284 2347 2477 2414; x_wconf 80' lang='grc' dir='ltr'>Ἐρώτ.</span> <span class='ocrx_word' id='word_1_322' title='bbox 2514 2346 2614 2401; x_wconf 79' lang='grc' dir='ltr'>νϐ’.</span> <span class='ocrx_word' id='word_1_323' title='bbox 2649 2345 2836 2416; x_wconf 82' lang='grc' dir='ltr'><strong>ιιλὴοη</strong></span> <span class='ocrx_word' id='word_1_324' title='bbox 2887 2343 3158 2415; x_wconf 72' lang='grc' dir='ltr'>χωριτικὰ</span> <span class='ocrx_word' id='word_1_325' title='bbox 3205 2342 3302 2396; x_wconf 72' lang='grc' dir='ltr'><strong>τὸν</strong></span> <span class='ocrx_word' id='word_1_326' title='bbox 3346 2341 3616 2395; x_wconf 82' lang='grc' dir='ltr'>δοκοῦντα</span> <span class='ocrx_word' id='word_1_327' title='bbox 3655 2338 3765 2392; x_wconf 74' lang='grc' dir='ltr'>τοῦ-</span> 
     </span>
    </p>
   </div>
   <div class='ocr_carea' id='block_1_54' title="bbox 2200 2433 3769 2509">
    <p class='ocr_par' dir='ltr' id='par_1_54' title="bbox 2200 2433 3769 2509">
     <span class='ocr_line' id='line_1_54' title="bbox 2200 2433 3769 2509; baseline -0.005 -16"><span class='ocrx_word' id='word_1_328' title='bbox 2200 2456 2314 2504; x_wconf 87' lang='grc' dir='ltr'>τοις</span> <span class='ocrx_word' id='word_1_329' title='bbox 2341 2439 2489 2504; x_wconf 76' lang='grc' dir='ltr'>ἀξιον</span> <span class='ocrx_word' id='word_1_330' title='bbox 2526 2433 2665 2493; x_wconf 74' lang='grc' dir='ltr'>εἶναι</span> <span class='ocrx_word' id='word_1_331' title='bbox 2703 2439 2841 2509; x_wconf 83' lang='grc' dir='ltr'>πρὸς</span> <span class='ocrx_word' id='word_1_332' title='bbox 2883 2435 3100 2506; x_wconf 80' lang='grc' dir='ltr'>ἀξίωμα</span> <span class='ocrx_word' id='word_1_333' title='bbox 3147 2436 3508 2490; x_wconf 71' lang='grc' dir='ltr'>ἐπισκοπικδν</span> <span class='ocrx_word' id='word_1_334' title='bbox 3552 2434 3588 2505; x_wconf 77' lang='grc' dir='ltr'><strong>ἢ</strong></span> <span class='ocrx_word' id='word_1_335' title='bbox 3635 2437 3769 2504; x_wconf 61' lang='lat' dir='ltr'><strong>iega—</strong></span> 
     </span>
    </p>
   </div>
   <div class='ocr_carea' id='block_1_55' title="bbox 2201 2527 3770 2604">
    <p class='ocr_par' dir='ltr' id='par_1_55' title="bbox 2201 2527 3770 2604">
     <span class='ocr_line' id='line_1_55' title="bbox 2201 2527 3770 2604; baseline -0.004 -17"><span class='ocrx_word' id='word_1_336' title='bbox 2201 2532 2352 2588; x_wconf 82' lang='grc' dir='ltr'>τικδν</span> <span class='ocrx_word' id='word_1_337' title='bbox 2384 2531 2692 2604; x_wconf 84' lang='grc' dir='ltr'>παριστῶσί</span> <span class='ocrx_word' id='word_1_338' title='bbox 2725 2549 2814 2602; x_wconf 83' lang='grc' dir='ltr'><strong>μοι</strong></span> <span class='ocrx_word' id='word_1_339' title='bbox 2838 2545 2854 2561; x_wconf 72' lang='grc'><strong><em>⁸</em></strong></span> <span class='ocrx_word' id='word_1_340' title='bbox 2888 2531 2985 2584; x_wconf 66' lang='grc' dir='ltr'>καὶ</span> <span class='ocrx_word' id='word_1_341' title='bbox 3011 2529 3234 2600; x_wconf 75' lang='grc' dir='ltr'>ζητοῦσι</span> <span class='ocrx_word' id='word_1_342' title='bbox 3287 2527 3430 2581; x_wconf 80' lang='grc' dir='ltr'><strong>κατά</strong></span> <span class='ocrx_word' id='word_1_343' title='bbox 3455 2528 3513 2581; x_wconf 77' lang='grc' dir='ltr'>τὸ</span> <span class='ocrx_word' id='word_1_344' title='bbox 3543 2527 3770 2596; x_wconf 63' lang='lat' dir='ltr'><strong>dmpsi-</strong></span> 
     </span>
    </p>
   </div>
   <div class='ocr_carea' id='block_1_56' title="bbox 2201 2620 3765 2698">
    <p class='ocr_par' dir='ltr' id='par_1_56' title="bbox 2201 2620 3765 2698">
     <span class='ocr_line' id='line_1_56' title="bbox 2201 2620 3765 2698; baseline -0.005 -18"><span class='ocrx_word' id='word_1_345' title='bbox 2201 2643 2365 2698; x_wconf 86' lang='grc' dir='ltr'>τητον</span> <span class='ocrx_word' id='word_1_346' title='bbox 2387 2624 2827 2696; x_wconf 76' lang='grc' dir='ltr'>ἐπικηρυχθῆναι</span> <span class='ocrx_word' id='word_1_347' title='bbox 2853 2622 2950 2678; x_wconf 74' lang='grc' dir='ltr'>καὶ</span> <span class='ocrx_word' id='word_1_348' title='bbox 3006 2620 3455 2693; x_wconf 74' lang='grc' dir='ltr'>χειροτονηθῆναι</span> <span class='ocrx_word' id='word_1_349' title='bbox 3495 2621 3765 2690; x_wconf 73' lang='grc' dir='ltr'>ἀρχιερέα,</span> 
     </span>
    </p>
   </div>
   <div class='ocr_carea' id='block_1_57' title="bbox 2200 2713 3769 2791">
    <p class='ocr_par' dir='ltr' id='par_1_57' title="bbox 2200 2713 3769 2791">
     <span class='ocr_line' id='line_1_57' title="bbox 2200 2713 3769 2791; baseline -0.005 -18"><span class='ocrx_word' id='word_1_350' title='bbox 2200 2721 2234 2791; x_wconf 80' lang='grc' dir='ltr'><strong>ἢ</strong></span> <span class='ocrx_word' id='word_1_351' title='bbox 2265 2717 2533 2774; x_wconf 82' lang='grc' dir='ltr'>διάκονον.</span> <span class='ocrx_word' id='word_1_352' title='bbox 2576 2717 2733 2787; x_wconf 87' lang='grc' dir='ltr'><strong>Ζητῶ</strong></span> <span class='ocrx_word' id='word_1_353' title='bbox 2757 2716 2934 2769; x_wconf 83' lang='grc' dir='ltr'>τοίνυν</span> <span class='ocrx_word' id='word_1_354' title='bbox 2972 2713 3165 2786; x_wconf 81' lang='grc' dir='ltr'>μαθεῖν</span> <span class='ocrx_word' id='word_1_355' title='bbox 3216 2714 3268 2768; x_wconf 79' lang='grc' dir='ltr'><strong>εί</strong></span> <span class='ocrx_word' id='word_1_356' title='bbox 3296 2715 3417 2777; x_wconf 86' lang='grc' dir='ltr'>ταῖς</span> <span class='ocrx_word' id='word_1_357' title='bbox 3449 2717 3651 2782; x_wconf 77' lang='grc' dir='ltr'>φωναῖς</span> <span class='ocrx_word' id='word_1_358' title='bbox 3673 2714 3769 2766; x_wconf 81' lang='grc' dir='ltr'>τῶν</span> 
     </span>
    </p>
   </div>
   <div class='ocr_carea' id='block_1_58' title="bbox 2200 2807 3295 2884">
    <p class='ocr_par' dir='ltr' id='par_1_58' title="bbox 2200 2807 3295 2884">
     <span class='ocr_line' id='line_1_58' title="bbox 2200 2807 3295 2884; baseline -0.005 -18"><span class='ocrx_word' id='word_1_359' title='bbox 2200 2813 2374 2884; x_wconf 73' lang='grc' dir='ltr'>ὄχλων</span> <span class='ocrx_word' id='word_1_360' title='bbox 2395 2809 2823 2880; x_wconf 77' lang='grc' dir='ltr'>ἀναγκαζόμεθα</span> <span class='ocrx_word' id='word_1_361' title='bbox 2850 2807 3295 2862; x_wconf 78' lang='grc' dir='ltr'>κατακολουθεῖν.</span> 
     </span>
    </p>
   </div>
   <div class='ocr_carea' id='block_1_59' title="bbox 2285 2897 3768 2972">
    <p class='ocr_par' dir='ltr' id='par_1_59' title="bbox 2285 2897 3768 2972">
     <span class='ocr_line' id='line_1_59' title="bbox 2285 2897 3768 2972; baseline -0.007 -13"><span class='ocrx_word' id='word_1_362' title='bbox 2285 2907 2406 2960; x_wconf 79' lang='grc' dir='ltr'>Ἇπ.</span> <span class='ocrx_word' id='word_1_363' title='bbox 2432 2903 2614 2958; x_wconf 84' lang='grc' dir='ltr'>Πάλαι</span> <span class='ocrx_word' id='word_1_364' title='bbox 2636 2901 2769 2956; x_wconf 74' lang='grc' dir='ltr'>ποτὲ</span> <span class='ocrx_word' id='word_1_365' title='bbox 2791 2902 2848 2954; x_wconf 90' lang='grc' dir='ltr'>αῑ</span> <span class='ocrx_word' id='word_1_366' title='bbox 2874 2899 3200 2972; x_wconf 77' lang='grc' dir='ltr'>χειροτονίαι</span> <span class='ocrx_word' id='word_1_367' title='bbox 3219 2898 3331 2951; x_wconf 82' lang='grc' dir='ltr'><strong>τῶν</strong></span> <span class='ocrx_word' id='word_1_368' title='bbox 3358 2897 3675 2952; x_wconf 59' lang='lat' dir='ltr'><strong>interdum</strong></span> <span class='ocrx_word' id='word_1_369' title='bbox 3687 2898 3768 2949; x_wconf 71' lang='grc' dir='ltr'>καὶ</span> 
     </span>
    </p>
   </div>
   <div class='ocr_carea' id='block_1_60' title="bbox 2199 2989 3767 3066">
    <p class='ocr_par' dir='ltr' id='par_1_60' title="bbox 2199 2989 3767 3066">
     <span class='ocr_line' id='line_1_60' title="bbox 2199 2989 3767 3066; baseline -0.008 -14"><span class='ocrx_word' id='word_1_370' title='bbox 2199 2997 2312 3052; x_wconf 83' lang='grc' dir='ltr'><strong>τῶν</strong></span> <span class='ocrx_word' id='word_1_371' title='bbox 2347 2995 2553 3050; x_wconf 83' lang='grc' dir='ltr'>λοιπῶν</span> <span class='ocrx_word' id='word_1_372' title='bbox 2604 2995 2923 3066; x_wconf 75' lang='grc' dir='ltr'>ἱερωμένων</span> <span class='ocrx_word' id='word_1_373' title='bbox 2955 2993 3023 3047; x_wconf 84' lang='grc' dir='ltr'><strong>δι’</strong></span> <span class='ocrx_word' id='word_1_374' title='bbox 3074 2991 3338 3059; x_wconf 75' lang='grc' dir='ltr'>ἐπιλογῆς</span> <span class='ocrx_word' id='word_1_375' title='bbox 3367 2989 3464 3044; x_wconf 87' lang='grc' dir='ltr'><strong>τοῦ</strong></span> <span class='ocrx_word' id='word_1_376' title='bbox 3499 2989 3656 3058; x_wconf 72' lang='grc' dir='ltr'>ὄχλου</span> <span class='ocrx_word' id='word_1_377' title='bbox 3683 2991 3767 3041; x_wconf 74' lang='grc' dir='ltr'>καὶ</span> 
     </span>
    </p>
   </div>
   <div class='ocr_carea' id='block_1_61' title="bbox 2198 3082 3770 3161">
    <p class='ocr_par' dir='ltr' id='par_1_61' title="bbox 2198 3082 3770 3161">
     <span class='ocr_line' id='line_1_61' title="bbox 2198 3082 3770 3161; baseline -0.007 -17"><span class='ocrx_word' id='word_1_378' title='bbox 2198 3090 2311 3146; x_wconf 87' lang='grc' dir='ltr'><strong>τῶν</strong></span> <span class='ocrx_word' id='word_1_379' title='bbox 2341 3086 2931 3161; x_wconf 76' lang='grc' dir='ltr'>παραδυναστευόντων</span> <span class='ocrx_word' id='word_1_380' title='bbox 2952 3085 3190 3154; x_wconf 65' lang='grc' dir='ltr'>ἐγίνοντο</span> <span class='ocrx_word' id='word_1_381' title='bbox 3213 3103 3224 3114; x_wconf 90' lang='grc'><strong>·</strong></span> <span class='ocrx_word' id='word_1_382' title='bbox 3256 3086 3285 3137; x_wconf 90' lang='lat'><strong>6</strong></span> <span class='ocrx_word' id='word_1_383' title='bbox 3304 3084 3362 3136; x_wconf 77' lang='grc' dir='ltr'>δὲ</span> <span class='ocrx_word' id='word_1_384' title='bbox 3383 3091 3451 3151; x_wconf 80' lang='grc' dir='ltr'>ιγ’</span> <span class='ocrx_word' id='word_1_385' title='bbox 3477 3083 3658 3136; x_wconf 78' lang='grc' dir='ltr'>κανὼν</span> <span class='ocrx_word' id='word_1_386' title='bbox 3680 3082 3770 3150; x_wconf 74' lang='grc' dir='ltr'>τῆς</span> 
     </span>
    </p>
   </div>
   <div class='ocr_carea' id='block_1_62' title="bbox 521 3170 2099 3258">
    <p class='ocr_par' dir='ltr' id='par_1_62' title="bbox 521 3170 2099 3240">
     <span class='ocr_line' id='line_1_62' title="bbox 521 3170 2099 3240; baseline 0.006 -16"><span class='ocrx_word' id='word_1_387' title='bbox 521 3170 890 3240; x_wconf 69' lang='lat' dir='ltr'><strong>irnprrabant.</strong></span> <span class='ocrx_word' id='word_1_388' title='bbox 921 3171 1179 3228; x_wconf 81' lang='lat' dir='ltr'><strong>Decimus</strong></span> <span class='ocrx_word' id='word_1_389' title='bbox 1219 3176 1417 3230; x_wconf 88' lang='lat' dir='ltr'><strong>tertius</strong></span> <span class='ocrx_word' id='word_1_390' title='bbox 1465 3186 1648 3232; x_wconf 86' lang='lat' dir='ltr'><strong>autem</strong></span> <span class='ocrx_word' id='word_1_391' title='bbox 1679 3192 1856 3233; x_wconf 87' lang='lat' dir='ltr'><strong>canon</strong></span> <span class='ocrx_word' id='word_1_392' title='bbox 1901 3179 2099 3236; x_wconf 55' lang='lat' dir='ltr'><strong>Laod&#39;p</strong></span> 
     </span>
    </p>
   </div>
   <div class='ocr_carea' id='block_1_63' title="bbox 2210 3170 3770 3258">
    <p class='ocr_par' dir='ltr' id='par_1_63' title="bbox 2210 3171 3770 3252">
     <span class='ocr_line' id='line_1_63' title="bbox 2210 3171 3770 3252; baseline -0.01 -14"><span class='ocrx_word' id='word_1_393' title='bbox 2210 3185 2261 3240; x_wconf 69' lang='grc' dir='ltr'><strong>ιν</strong></span> <span class='ocrx_word' id='word_1_394' title='bbox 2295 3171 2591 3252; x_wconf 74' lang='grc' dir='ltr'>Λαοδικείᾳ</span> <span class='ocrx_word' id='word_1_395' title='bbox 2619 3180 2864 3240; x_wconf 82' lang='grc' dir='ltr'>συνόδου,</span> <span class='ocrx_word' id='word_1_396' title='bbox 2899 3180 2992 3232; x_wconf 72' lang='grc' dir='ltr'>καὶ</span> <span class='ocrx_word' id='word_1_397' title='bbox 3023 3178 3050 3230; x_wconf 92' lang='lat'><strong>6</strong></span> <span class='ocrx_word' id='word_1_398' title='bbox 3077 3176 3126 3243; x_wconf 88' lang='grc' dir='ltr'>γ’</span> <span class='ocrx_word' id='word_1_399' title='bbox 3150 3174 3332 3229; x_wconf 85' lang='grc' dir='ltr'>κανὼν</span> <span class='ocrx_word' id='word_1_400' title='bbox 3367 3175 3465 3244; x_wconf 81' lang='grc' dir='ltr'>τῆς</span> <span class='ocrx_word' id='word_1_401' title='bbox 3493 3174 3660 3241; x_wconf 80' lang='grc' dir='ltr'>ἁγίας</span> <span class='ocrx_word' id='word_1_402' title='bbox 3683 3171 3770 3225; x_wconf 76' lang='grc' dir='ltr'>καὶ</span> 
     </span>
    </p>
   </div>
   <div class='ocr_carea' id='block_1_64' title="bbox 521 3264 2099 3343">
    <p class='ocr_par' dir='ltr' id='par_1_64' title="bbox 521 3264 2096 3335">
     <span class='ocr_line' id='line_1_64' title="bbox 521 3264 2096 3335; baseline 0.01 -20"><span class='ocrx_word' id='word_1_403' title='bbox 521 3275 673 3317; x_wconf 65' lang='lat' dir='ltr'><strong>cenae</strong></span> <span class='ocrx_word' id='word_1_404' title='bbox 717 3264 935 3335; x_wconf 75' lang='lat' dir='ltr'><strong>synodi,</strong></span> <span class='ocrx_word' id='word_1_405' title='bbox 982 3275 1034 3319; x_wconf 91' lang='lat' dir='ltr'><strong>ct</strong></span> <span class='ocrx_word' id='word_1_406' title='bbox 1081 3266 1116 3320; x_wconf 75' lang='lat'><strong>3</strong></span> <span class='ocrx_word' id='word_1_407' title='bbox 1166 3281 1340 3322; x_wconf 87' lang='lat' dir='ltr'><strong>canon</strong></span> <span class='ocrx_word' id='word_1_408' title='bbox 1389 3280 1597 3325; x_wconf 73' lang='lat' dir='ltr'><strong>sancta:</strong></span> <span class='ocrx_word' id='word_1_409' title='bbox 1642 3280 1697 3326; x_wconf 90' lang='lat' dir='ltr'><strong>et</strong></span> <span class='ocrx_word' id='word_1_410' title='bbox 1739 3275 2096 3330; x_wconf 68' lang='lat' dir='ltr'><strong>meurnenicie</strong></span> 
     </span>
    </p>
   </div>
   <div class='ocr_carea' id='block_1_65' title="bbox 2210 3264 3766 3343">
    <p class='ocr_par' dir='ltr' id='par_1_65' title="bbox 2210 3264 3766 3343">
     <span class='ocr_line' id='line_1_65' title="bbox 2210 3264 3766 3343; baseline -0.007 -16"><span class='ocrx_word' id='word_1_411' title='bbox 2210 3272 2585 3343; x_wconf 70' lang='grc' dir='ltr'>ιίκουμενικῆς</span> <span class='ocrx_word' id='word_1_412' title='bbox 2639 3269 2685 3334; x_wconf 76' lang='grc' dir='ltr'><strong>ζ’</strong></span> <span class='ocrx_word' id='word_1_413' title='bbox 2719 3270 2938 3325; x_wconf 82' lang='grc' dir='ltr'>συνόδου</span> <span class='ocrx_word' id='word_1_414' title='bbox 2961 3309 2976 3333; x_wconf 92' lang='grc'><strong>,</strong></span> <span class='ocrx_word' id='word_1_415' title='bbox 3018 3269 3115 3328; x_wconf 78' lang='grc' dir='ltr'>τὰς</span> <span class='ocrx_word' id='word_1_416' title='bbox 3151 3267 3410 3330; x_wconf 80' lang='grc' dir='ltr'>τοιαύτας</span> <span class='ocrx_word' id='word_1_417' title='bbox 3447 3264 3766 3337; x_wconf 78' lang='grc' dir='ltr'>χειροτονίας</span> 
     </span>
    </p>
   </div>
   <div class='ocr_carea' id='block_1_66' title="bbox 521 3354 2099 3436">
    <p class='ocr_par' dir='ltr' id='par_1_66' title="bbox 521 3354 2097 3426">
     <span class='ocr_line' id='line_1_66' title="bbox 521 3354 2097 3426; baseline 0.01 -18"><span class='ocrx_word' id='word_1_418' title='bbox 521 3354 552 3408; x_wconf 88' lang='grc'>7</span> <span class='ocrx_word' id='word_1_419' title='bbox 585 3357 796 3426; x_wconf 80' lang='lat' dir='ltr'><strong>synodi,</strong></span> <span class='ocrx_word' id='word_1_420' title='bbox 836 3356 1145 3423; x_wconf 61' lang='lat' dir='ltr'><strong>huiusmodi</strong></span> <span class='ocrx_word' id='word_1_421' title='bbox 1191 3361 1569 3417; x_wconf 85' lang='lat' dir='ltr'><strong>ordinationes</strong></span> <span class='ocrx_word' id='word_1_422' title='bbox 1612 3363 1680 3418; x_wconf 87' lang='lat' dir='ltr'><strong>ab</strong></span> <span class='ocrx_word' id='word_1_423' title='bbox 1721 3366 2097 3424; x_wconf 82' lang='lat' dir='ltr'><strong>ecclesiastico</strong></span> 
     </span>
    </p>
   </div>
   <div class='ocr_carea' id='block_1_67' title="bbox 2210 3354 3766 3436">
    <p class='ocr_par' dir='ltr' id='par_1_67' title="bbox 2210 3357 3766 3436">
     <span class='ocr_line' id='line_1_67' title="bbox 2210 3357 3766 3436; baseline -0.007 -18"><span class='ocrx_word' id='word_1_424' title='bbox 2210 3365 2312 3420; x_wconf 68' lang='grc' dir='ltr'>ἀπὸ</span> <span class='ocrx_word' id='word_1_425' title='bbox 2345 3367 2445 3436; x_wconf 79' lang='grc' dir='ltr'>τῆς</span> <span class='ocrx_word' id='word_1_426' title='bbox 2475 3362 2944 3433; x_wconf 80' lang='grc' dir='ltr'>ὲκκλησιαστικῆς</span> <span class='ocrx_word' id='word_1_427' title='bbox 2977 3361 3330 3425; x_wconf 72' lang='grc' dir='ltr'>ἁπεξένωσαν</span> <span class='ocrx_word' id='word_1_428' title='bbox 3366 3357 3766 3416; x_wconf 75' lang='grc' dir='ltr'>καταστάσεως.</span> 
     </span>
    </p>
   </div>
   <div class='ocr_carea' id='block_1_68' title="bbox 524 3446 2098 3530">
    <p class='ocr_par' dir='ltr' id='par_1_68' title="bbox 524 3446 2098 3530">
     <span class='ocr_line' id='line_1_68' title="bbox 524 3446 2098 3530; baseline 0.01 -32"><span class='ocrx_word' id='word_1_429' title='bbox 524 3446 713 3513; x_wconf 84' lang='lat' dir='ltr'><strong>rejecit</strong></span> <span class='ocrx_word' id='word_1_430' title='bbox 750 3456 918 3504; x_wconf 90' lang='lat' dir='ltr'><strong>statu.</strong></span> <span class='ocrx_word' id='word_1_431' title='bbox 947 3449 1042 3505; x_wconf 87' lang='lat' dir='ltr'><strong>Ille</strong></span> <span class='ocrx_word' id='word_1_432' title='bbox 1082 3451 1228 3506; x_wconf 87' lang='lat' dir='ltr'><strong>enim</strong></span> <span class='ocrx_word' id='word_1_433' title='bbox 1277 3453 1376 3517; x_wconf 91' lang='lat' dir='ltr'><strong>ait,</strong></span> <span class='ocrx_word' id='word_1_434' title='bbox 1429 3455 1604 3510; x_wconf 87' lang='lat' dir='ltr'><strong>turbis</strong></span> <span class='ocrx_word' id='word_1_435' title='bbox 1658 3472 1765 3511; x_wconf 91' lang='lat' dir='ltr'><strong>non</strong></span> <span class='ocrx_word' id='word_1_436' title='bbox 1817 3473 1940 3514; x_wconf 90' lang='lat' dir='ltr'><strong>esse</strong></span> <span class='ocrx_word' id='word_1_437' title='bbox 1971 3476 2098 3530; x_wconf 89' lang='lat' dir='ltr'><strong>per-</strong></span> 
     </span>
    </p>
   </div>
   <div class='ocr_carea' id='block_1_69' title="bbox 524 3539 2100 3612">
    <p class='ocr_par' dir='ltr' id='par_1_69' title="bbox 524 3539 2100 3612">
     <span class='ocr_line' id='line_1_69' title="bbox 524 3539 2100 3612; baseline 0.01 -20"><span class='ocrx_word' id='word_1_438' title='bbox 524 3539 850 3594; x_wconf 81' lang='lat' dir='ltr'><strong>mittendum</strong></span> <span class='ocrx_word' id='word_1_439' title='bbox 881 3555 1092 3608; x_wconf 90' lang='lat' dir='ltr'><strong>eorum,</strong></span> <span class='ocrx_word' id='word_1_440' title='bbox 1122 3545 1214 3612; x_wconf 92' lang='lat' dir='ltr'><strong>qui</strong></span> <span class='ocrx_word' id='word_1_441' title='bbox 1249 3555 1380 3600; x_wconf 88' lang='lat' dir='ltr'><strong>sunt</strong></span> <span class='ocrx_word' id='word_1_442' title='bbox 1433 3548 1485 3601; x_wconf 93' lang='lat' dir='ltr'><strong>in</strong></span> <span class='ocrx_word' id='word_1_443' title='bbox 1526 3549 1840 3606; x_wconf 86' lang='lat' dir='ltr'><strong>sacerdotio</strong></span> <span class='ocrx_word' id='word_1_444' title='bbox 1893 3553 2100 3608; x_wconf 84' lang='lat' dir='ltr'><strong>consti-</strong></span> 
     </span>
    </p>
   </div>
   <div class='ocr_carea' id='block_1_70' title="bbox 523 3629 2095 3710">
    <p class='ocr_par' dir='ltr' id='par_1_70' title="bbox 523 3629 2095 3710">
     <span class='ocr_line' id='line_1_70' title="bbox 523 3629 2095 3710; baseline 0.013 -28"><span class='ocrx_word' id='word_1_445' title='bbox 523 3629 740 3697; x_wconf 87' lang='lat' dir='ltr'><strong>tuendi,</strong></span> <span class='ocrx_word' id='word_1_446' title='bbox 772 3629 1100 3689; x_wconf 88' lang='lat' dir='ltr'><strong>electionem</strong></span> <span class='ocrx_word' id='word_1_447' title='bbox 1141 3633 1344 3690; x_wconf 82' lang='lat' dir='ltr'><strong>lacere.</strong></span> <span class='ocrx_word' id='word_1_448' title='bbox 1395 3635 1492 3692; x_wconf 84' lang='lat' dir='ltr'><strong>Hic</strong></span> <span class='ocrx_word' id='word_1_449' title='bbox 1521 3649 1702 3694; x_wconf 87' lang='lat' dir='ltr'><strong>autem</strong></span> <span class='ocrx_word' id='word_1_450' title='bbox 1741 3645 2095 3710; x_wconf 87' lang='lat' dir='ltr'><strong>pronuntiat:</strong></span> 
     </span>
    </p>
   </div>
   <div class='ocr_carea' id='block_1_71' title="bbox 521 3722 2099 3807">
    <p class='ocr_par' dir='ltr' id='par_1_71' title="bbox 521 3722 2099 3807">
     <span class='ocr_line' id='line_1_71' title="bbox 521 3722 2099 3807; baseline 0.01 -31"><span class='ocrx_word' id='word_1_451' title='bbox 521 3722 750 3778; x_wconf 86' lang='lat' dir='ltr'><strong>Omnem</strong></span> <span class='ocrx_word' id='word_1_452' title='bbox 783 3724 1130 3792; x_wconf 89' lang='lat' dir='ltr'><strong>electionem,</strong></span> <span class='ocrx_word' id='word_1_453' title='bbox 1189 3743 1310 3798; x_wconf 72' lang='lat' dir='ltr'><strong>quae</strong></span> <span class='ocrx_word' id='word_1_454' title='bbox 1345 3729 1402 3784; x_wconf 84' lang='lat' dir='ltr'><strong>lit</strong></span> <span class='ocrx_word' id='word_1_455' title='bbox 1443 3747 1476 3785; x_wconf 84' lang='lat' dir='ltr'><strong>a</strong></span> <span class='ocrx_word' id='word_1_456' title='bbox 1505 3732 1939 3802; x_wconf 77' lang='lat' dir='ltr'><strong>magistratibus,</strong></span> <span class='ocrx_word' id='word_1_457' title='bbox 1981 3737 2099 3807; x_wconf 81' lang='lat' dir='ltr'><strong>epi-</strong></span> 
     </span>
    </p>
   </div>
   <div class='ocr_carea' id='block_1_72' title="bbox 520 3813 2094 3890">
    <p class='ocr_par' dir='ltr' id='par_1_72' title="bbox 520 3813 2094 3890">
     <span class='ocr_line' id='line_1_72' title="bbox 520 3813 2094 3890; baseline 0.008 -18"><span class='ocrx_word' id='word_1_458' title='bbox 520 3813 701 3885; x_wconf 75' lang='lat' dir='ltr'><strong>scopi,</strong></span> <span class='ocrx_word' id='word_1_459' title='bbox 736 3817 819 3872; x_wconf 87' lang='lat' dir='ltr'><strong>vel</strong></span> <span class='ocrx_word' id='word_1_460' title='bbox 851 3819 1180 3890; x_wconf 81' lang='lat' dir='ltr'><strong>presbyteri,</strong></span> <span class='ocrx_word' id='word_1_461' title='bbox 1205 3821 1288 3876; x_wconf 89' lang='lat' dir='ltr'><strong>vel</strong></span> <span class='ocrx_word' id='word_1_462' title='bbox 1318 3821 1559 3888; x_wconf 89' lang='lat' dir='ltr'><strong>diaconi,</strong></span> <span class='ocrx_word' id='word_1_463' title='bbox 1590 3825 1802 3882; x_wconf 90' lang='lat' dir='ltr'><strong>irritam</strong></span> <span class='ocrx_word' id='word_1_464' title='bbox 1835 3844 2094 3886; x_wconf 85' lang='lat' dir='ltr'><strong>manere:</strong></span> 
     </span>
    </p>
   </div>
   <div class='ocr_carea' id='block_1_73' title="bbox 521 3909 2098 3986">
    <p class='ocr_par' dir='ltr' id='par_1_73' title="bbox 521 3909 2098 3986">
     <span class='ocr_line' id='line_1_73' title="bbox 521 3909 2098 3986; baseline 0.011 -26"><span class='ocrx_word' id='word_1_465' title='bbox 521 3921 590 3960; x_wconf 78' lang='lat' dir='ltr'><strong>ex</strong></span> <span class='ocrx_word' id='word_1_466' title='bbox 615 3921 827 3963; x_wconf 87' lang='lat' dir='ltr'><strong>canone</strong></span> <span class='ocrx_word' id='word_1_467' title='bbox 862 3909 1100 3976; x_wconf 86' lang='lat' dir='ltr'><strong>dicente,</strong></span> <span class='ocrx_word' id='word_1_468' title='bbox 1135 3909 1190 3966; x_wconf 92' lang='lat' dir='ltr'><strong>Si</strong></span> <span class='ocrx_word' id='word_1_469' title='bbox 1225 3914 1350 3982; x_wconf 89' lang='lat' dir='ltr'><strong>quis</strong></span> <span class='ocrx_word' id='word_1_470' title='bbox 1408 3917 1702 3986; x_wconf 86' lang='lat' dir='ltr'><strong>episcopus</strong></span> <span class='ocrx_word' id='word_1_471' title='bbox 1735 3921 2098 3978; x_wconf 64' lang='lat' dir='ltr'><strong>saecularibus</strong></span> 
     </span>
    </p>
   </div>
   <div class='ocr_carea' id='block_1_74' title="bbox 523 4000 2096 4076">
    <p class='ocr_par' dir='ltr' id='par_1_74' title="bbox 523 4000 2096 4076">
     <span class='ocr_line' id='line_1_74' title="bbox 523 4000 2096 4076; baseline 0.01 -25"><span class='ocrx_word' id='word_1_472' title='bbox 523 4000 934 4070; x_wconf 79' lang='lat' dir='ltr'><strong>magistratibus</strong></span> <span class='ocrx_word' id='word_1_473' title='bbox 974 4019 1128 4070; x_wconf 89' lang='lat' dir='ltr'><strong>usus,</strong></span> <span class='ocrx_word' id='word_1_474' title='bbox 1163 4021 1260 4076; x_wconf 88' lang='lat' dir='ltr'><strong>per</strong></span> <span class='ocrx_word' id='word_1_475' title='bbox 1291 4021 1387 4062; x_wconf 82' lang='lat' dir='ltr'><strong>eos</strong></span> <span class='ocrx_word' id='word_1_476' title='bbox 1438 4007 1728 4064; x_wconf 84' lang='lat' dir='ltr'><strong>ecclesiam</strong></span> <span class='ocrx_word' id='word_1_477' title='bbox 1771 4012 2096 4076; x_wconf 87' lang='lat' dir='ltr'><strong>obtinuerit,</strong></span> 
     </span>
    </p>
   </div>
   <div class='ocr_carea' id='block_1_75' title="bbox 522 4088 2098 4170">
    <p class='ocr_par' dir='ltr' id='par_1_75' title="bbox 522 4088 2098 4170">
     <span class='ocr_line' id='line_1_75' title="bbox 522 4088 2098 4170; baseline 0.011 -26"><span class='ocrx_word' id='word_1_478' title='bbox 522 4088 829 4160; x_wconf 84' lang='lat' dir='ltr'><strong>deponatur</strong></span> <span class='ocrx_word' id='word_1_479' title='bbox 853 4133 868 4158; x_wconf 94' lang='lat'><strong>,</strong></span> <span class='ocrx_word' id='word_1_480' title='bbox 900 4101 955 4148; x_wconf 88' lang='lat' dir='ltr'><strong>et</strong></span> <span class='ocrx_word' id='word_1_481' title='bbox 1000 4107 1356 4166; x_wconf 80' lang='lat' dir='ltr'><strong>segregetur,</strong></span> <span class='ocrx_word' id='word_1_482' title='bbox 1397 4107 1451 4152; x_wconf 89' lang='lat' dir='ltr'><strong>et</strong></span> <span class='ocrx_word' id='word_1_483' title='bbox 1483 4115 1676 4155; x_wconf 90' lang='lat' dir='ltr'><strong>omnes</strong></span> <span class='ocrx_word' id='word_1_484' title='bbox 1730 4102 1820 4170; x_wconf 92' lang='lat' dir='ltr'><strong>qui</strong></span> <span class='ocrx_word' id='word_1_485' title='bbox 1881 4118 2004 4158; x_wconf 89' lang='lat' dir='ltr'><strong>cum</strong></span> <span class='ocrx_word' id='word_1_486' title='bbox 2032 4121 2098 4160; x_wconf 91' lang='lat' dir='ltr'><strong>eo</strong></span> 
     </span>
    </p>
   </div>
   <div class='ocr_carea' id='block_1_76' title="bbox 523 4184 2101 4264">
    <p class='ocr_par' dir='ltr' id='par_1_76' title="bbox 523 4184 2101 4264">
     <span class='ocr_line' id='line_1_76' title="bbox 523 4184 2101 4264; baseline 0.01 -28"><span class='ocrx_word' id='word_1_487' title='bbox 523 4184 958 4239; x_wconf 84' lang='lat' dir='ltr'><strong>communicant.</strong></span> <span class='ocrx_word' id='word_1_488' title='bbox 992 4185 1218 4256; x_wconf 83' lang='lat' dir='ltr'><strong>Oportet</strong></span> <span class='ocrx_word' id='word_1_489' title='bbox 1245 4189 1391 4244; x_wconf 91' lang='lat' dir='ltr'><strong>enim</strong></span> <span class='ocrx_word' id='word_1_490' title='bbox 1416 4205 1565 4254; x_wconf 89' lang='lat' dir='ltr'><strong>eum,</strong></span> <span class='ocrx_word' id='word_1_491' title='bbox 1594 4193 1689 4261; x_wconf 88' lang='lat' dir='ltr'><strong>qui</strong></span> <span class='ocrx_word' id='word_1_492' title='bbox 1748 4201 1831 4248; x_wconf 90' lang='lat' dir='ltr'><strong>est</strong></span> <span class='ocrx_word' id='word_1_493' title='bbox 1880 4211 2101 4264; x_wconf 85' lang='lat' dir='ltr'><strong>promo-</strong></span> 
     </span>
    </p>
   </div>
   <div class='ocr_carea' id='block_1_77' title="bbox 524 4273 2102 4355">
    <p class='ocr_par' dir='ltr' id='par_1_77' title="bbox 524 4273 2102 4355">
     <span class='ocr_line' id='line_1_77' title="bbox 524 4273 2102 4355; baseline 0.008 -29"><span class='ocrx_word' id='word_1_494' title='bbox 524 4273 736 4330; x_wconf 90' lang='lat' dir='ltr'><strong>vcndus</strong></span> <span class='ocrx_word' id='word_1_495' title='bbox 759 4275 826 4330; x_wconf 90' lang='lat' dir='ltr'><strong>ad</strong></span> <span class='ocrx_word' id='word_1_496' title='bbox 853 4277 1256 4347; x_wconf 85' lang='lat' dir='ltr'><strong>episcopatum,</strong></span> <span class='ocrx_word' id='word_1_497' title='bbox 1285 4279 1353 4335; x_wconf 90' lang='lat' dir='ltr'><strong>ab</strong></span> <span class='ocrx_word' id='word_1_498' title='bbox 1375 4283 1649 4352; x_wconf 86' lang='lat' dir='ltr'><strong>episcopis</strong></span> <span class='ocrx_word' id='word_1_499' title='bbox 1693 4283 1855 4352; x_wconf 76' lang='lat' dir='ltr'><strong>eligi,</strong></span> <span class='ocrx_word' id='word_1_500' title='bbox 1906 4299 2102 4355; x_wconf 87' lang='lat' dir='ltr'><strong>quem-</strong></span> 
     </span>
    </p>
   </div>
   <div class='ocr_carea' id='block_1_78' title="bbox 522 4365 2098 4439">
    <p class='ocr_par' dir='ltr' id='par_1_78' title="bbox 522 4365 2098 4439">
     <span class='ocr_line' id='line_1_78' title="bbox 522 4365 2098 4439; baseline 0.008 -23"><span class='ocrx_word' id='word_1_501' title='bbox 522 4365 817 4421; x_wconf 89' lang='lat' dir='ltr'><strong>admodum</strong></span> <span class='ocrx_word' id='word_1_502' title='bbox 855 4382 884 4419; x_wconf 89' lang='lat' dir='ltr'><strong>a</strong></span> <span class='ocrx_word' id='word_1_503' title='bbox 911 4369 1121 4423; x_wconf 87' lang='lat' dir='ltr'><strong>sanctis</strong></span> <span class='ocrx_word' id='word_1_504' title='bbox 1161 4367 1419 4426; x_wconf 86' lang='lat' dir='ltr'><strong>Patribus</strong></span> <span class='ocrx_word' id='word_1_505' title='bbox 1447 4370 1626 4427; x_wconf 74' lang='lat' dir='ltr'><strong>Niceae</strong></span> <span class='ocrx_word' id='word_1_506' title='bbox 1677 4371 1959 4429; x_wconf 86' lang='lat' dir='ltr'><strong>decretum</strong></span> <span class='ocrx_word' id='word_1_507' title='bbox 1994 4384 2098 4439; x_wconf 91' lang='lat' dir='ltr'><strong>est,</strong></span> 
     </span>
    </p>
   </div>
   <div class='ocr_carea' id='block_1_79' title="bbox 526 4456 2100 4534">
    <p class='ocr_par' dir='ltr' id='par_1_79' title="bbox 526 4456 2100 4534">
     <span class='ocr_line' id='line_1_79' title="bbox 526 4456 2100 4534; baseline 0.007 -23"><span class='ocrx_word' id='word_1_508' title='bbox 526 4456 579 4511; x_wconf 92' lang='lat' dir='ltr'><strong>in</strong></span> <span class='ocrx_word' id='word_1_509' title='bbox 614 4471 828 4513; x_wconf 83' lang='lat' dir='ltr'><strong>canone</strong></span> <span class='ocrx_word' id='word_1_510' title='bbox 861 4459 954 4528; x_wconf 90' lang='lat' dir='ltr'><strong>qui</strong></span> <span class='ocrx_word' id='word_1_511' title='bbox 991 4459 1164 4514; x_wconf 86' lang='lat' dir='ltr'><strong>dicit:</strong></span> <span class='ocrx_word' id='word_1_512' title='bbox 1211 4459 1542 4532; x_wconf 86' lang='lat' dir='ltr'><strong>Episcopum</strong></span> <span class='ocrx_word' id='word_1_513' title='bbox 1588 4473 1808 4534; x_wconf 88' lang='lat' dir='ltr'><strong>oportet</strong></span> <span class='ocrx_word' id='word_1_514' title='bbox 1864 4468 2100 4522; x_wconf 79' lang='lat' dir='ltr'><strong>maxime</strong></span> 
     </span>
    </p>
   </div>
   <div class='ocr_carea' id='block_1_80' title="bbox 2215 3447 3769 3529">
    <p class='ocr_par' dir='ltr' id='par_1_80' title="bbox 2215 3447 3769 3529">
     <span class='ocr_line' id='line_1_80' title="bbox 2215 3447 3769 3529; baseline -0.008 -18"><span class='ocrx_word' id='word_1_515' title='bbox 2215 3457 2273 3511; x_wconf 87' lang='grc' dir='ltr'><strong>Ὀ</strong></span> <span class='ocrx_word' id='word_1_516' title='bbox 2315 3457 2414 3529; x_wconf 83' lang='grc' dir='ltr'>μὲν</span> <span class='ocrx_word' id='word_1_517' title='bbox 2435 3456 2545 3529; x_wconf 79' lang='grc' dir='ltr'>γάρ</span> <span class='ocrx_word' id='word_1_518' title='bbox 2573 3472 2707 3525; x_wconf 79' lang='grc' dir='ltr'>φησι</span> <span class='ocrx_word' id='word_1_519' title='bbox 2735 3455 2866 3524; x_wconf 73' lang='grc' dir='ltr'>περὶ</span> <span class='ocrx_word' id='word_1_520' title='bbox 2895 3451 2988 3508; x_wconf 89' lang='grc' dir='ltr'><strong>τοῦ</strong></span> <span class='ocrx_word' id='word_1_521' title='bbox 3013 3453 3087 3522; x_wconf 84' lang='grc' dir='ltr'>μὴ</span> <span class='ocrx_word' id='word_1_522' title='bbox 3116 3451 3296 3522; x_wconf 80' lang='grc' dir='ltr'>δχλοις</span> <span class='ocrx_word' id='word_1_523' title='bbox 3338 3449 3659 3518; x_wconf 68' lang='grc' dir='ltr'>ἐπιτρέπειν</span> <span class='ocrx_word' id='word_1_524' title='bbox 3684 3447 3769 3508; x_wconf 71' lang='grc' dir='ltr'>τὰς</span> 
     </span>
    </p>
   </div>
   <div class='ocr_carea' id='block_1_81' title="bbox 2199 3539 3768 3618">
    <p class='ocr_par' dir='ltr' id='par_1_81' title="bbox 2199 3539 3768 3618">
     <span class='ocr_line' id='line_1_81' title="bbox 2199 3539 3768 3618; baseline -0.008 -15"><span class='ocrx_word' id='word_1_525' title='bbox 2199 3547 2433 3618; x_wconf 75' lang='grc' dir='ltr'>ἐκλογὰς</span> <span class='ocrx_word' id='word_1_526' title='bbox 2482 3547 2753 3602; x_wconf 81' lang='grc' dir='ltr'>ποιεῖσθαι</span> <span class='ocrx_word' id='word_1_527' title='bbox 2788 3544 2900 3598; x_wconf 81' lang='grc' dir='ltr'><strong>τῶν</strong></span> <span class='ocrx_word' id='word_1_528' title='bbox 2942 3543 3248 3614; x_wconf 81' lang='grc' dir='ltr'>μελλόντων</span> <span class='ocrx_word' id='word_1_529' title='bbox 3297 3539 3660 3594; x_wconf 76' lang='grc' dir='ltr'>καθίστασθαι</span> <span class='ocrx_word' id='word_1_530' title='bbox 3700 3541 3768 3600; x_wconf 80' lang='grc' dir='ltr'><strong>εἰς</strong></span> 
     </span>
    </p>
   </div>
   <div class='ocr_carea' id='block_1_82' title="bbox 2203 3631 3767 3710">
    <p class='ocr_par' dir='ltr' id='par_1_82' title="bbox 2203 3631 3767 3710">
     <span class='ocr_line' id='line_1_82' title="bbox 2203 3631 3767 3710; baseline -0.008 -17"><span class='ocrx_word' id='word_1_531' title='bbox 2203 3642 2503 3710; x_wconf 81' lang='grc' dir='ltr'>ίερατεῖον·</span> <span class='ocrx_word' id='word_1_532' title='bbox 2541 3639 2571 3691; x_wconf 93' lang='lat'><strong>6</strong></span> <span class='ocrx_word' id='word_1_533' title='bbox 2605 3638 2662 3690; x_wconf 81' lang='grc' dir='ltr'>δὲ</span> <span class='ocrx_word' id='word_1_534' title='bbox 2708 3635 2882 3690; x_wconf 87' lang='grc' dir='ltr'>ταῦτα</span> <span class='ocrx_word' id='word_1_535' title='bbox 2910 3635 3155 3698; x_wconf 76' lang='grc' dir='ltr'>διέξεισι,</span> <span class='ocrx_word' id='word_1_536' title='bbox 3188 3633 3382 3686; x_wconf 74' lang='grc' dir='ltr'>Πᾶσαν</span> <span class='ocrx_word' id='word_1_537' title='bbox 3428 3631 3611 3700; x_wconf 77' lang='grc' dir='ltr'>ψῆφον</span> <span class='ocrx_word' id='word_1_538' title='bbox 3633 3646 3767 3697; x_wconf 87' lang='grc' dir='ltr'>γινο-</span> 
     </span>
    </p>
   </div>
   <div class='ocr_carea' id='block_1_83' title="bbox 2207 3723 3768 3810">
    <p class='ocr_par' dir='ltr' id='par_1_83' title="bbox 2207 3723 3768 3810">
     <span class='ocr_line' id='line_1_83' title="bbox 2207 3723 3768 3810; baseline -0.007 -24"><span class='ocrx_word' id='word_1_539' title='bbox 2207 3733 2377 3805; x_wconf 80' lang='grc' dir='ltr'>μένην</span> <span class='ocrx_word' id='word_1_540' title='bbox 2405 3730 2558 3802; x_wconf 81' lang='grc' dir='ltr'><strong>παρά</strong></span> <span class='ocrx_word' id='word_1_541' title='bbox 2585 3731 2695 3784; x_wconf 84' lang='grc' dir='ltr'><strong>τῶν</strong></span> <span class='ocrx_word' id='word_1_542' title='bbox 2715 3729 3016 3800; x_wconf 85' lang='grc' dir='ltr'>ἀρχόντων,</span> <span class='ocrx_word' id='word_1_543' title='bbox 3037 3726 3374 3790; x_wconf 59' lang='grc' dir='ltr'>ἐπισκόπου,</span> <span class='ocrx_word' id='word_1_544' title='bbox 3412 3724 3446 3795; x_wconf 79' lang='grc' dir='ltr'><strong>ἢ</strong></span> <span class='ocrx_word' id='word_1_545' title='bbox 3483 3723 3768 3810; x_wconf 73' lang='grc' dir='ltr'>πρεσϐυτέ-</span> 
     </span>
    </p>
   </div>
   <div class='ocr_carea' id='block_1_84' title="bbox 2205 3813 3768 3894">
    <p class='ocr_par' dir='ltr' id='par_1_84' title="bbox 2205 3813 3768 3894">
     <span class='ocr_line' id='line_1_84' title="bbox 2205 3813 3768 3894; baseline -0.007 -19"><span class='ocrx_word' id='word_1_546' title='bbox 2205 3839 2322 3894; x_wconf 86' lang='grc' dir='ltr'>ρου,</span> <span class='ocrx_word' id='word_1_547' title='bbox 2353 3822 2386 3892; x_wconf 80' lang='grc' dir='ltr'>ἦ</span> <span class='ocrx_word' id='word_1_548' title='bbox 2410 3820 2687 3884; x_wconf 82' lang='grc' dir='ltr'>διακόνου,</span> <span class='ocrx_word' id='word_1_549' title='bbox 2717 3819 2922 3889; x_wconf 78' lang='grc' dir='ltr'>ἄκυρον</span> <span class='ocrx_word' id='word_1_550' title='bbox 2951 3816 3154 3887; x_wconf 84' lang='grc' dir='ltr'>μένειν,</span> <span class='ocrx_word' id='word_1_551' title='bbox 3185 3815 3326 3869; x_wconf 85' lang='grc' dir='ltr'><strong>κατά</strong></span> <span class='ocrx_word' id='word_1_552' title='bbox 3355 3815 3448 3868; x_wconf 72' lang='grc' dir='ltr'>τὸν</span> <span class='ocrx_word' id='word_1_553' title='bbox 3470 3815 3672 3868; x_wconf 84' lang='grc' dir='ltr'>κανόνα</span> <span class='ocrx_word' id='word_1_554' title='bbox 3690 3813 3768 3864; x_wconf 70' lang='grc' dir='ltr'>τὸν</span> 
     </span>
    </p>
   </div>
   <div class='ocr_carea' id='block_1_85' title="bbox 2200 3904 3768 3984">
    <p class='ocr_par' dir='ltr' id='par_1_85' title="bbox 2200 3904 3768 3984">
     <span class='ocr_line' id='line_1_85' title="bbox 2200 3904 3768 3984; baseline -0.005 -18"><span class='ocrx_word' id='word_1_555' title='bbox 2200 3913 2450 3984; x_wconf 84' lang='grc' dir='ltr'>λέγοντα.</span> <span class='ocrx_word' id='word_1_556' title='bbox 2485 3912 2553 3967; x_wconf 80' lang='grc' dir='ltr'><strong>Εἴ</strong></span> <span class='ocrx_word' id='word_1_557' title='bbox 2575 3929 2658 3976; x_wconf 85' lang='grc' dir='ltr'><strong>τις</strong></span> <span class='ocrx_word' id='word_1_558' title='bbox 2681 3911 2980 3974; x_wconf 73' lang='grc' dir='ltr'>ἐπίσκοπος</span> <span class='ocrx_word' id='word_1_559' title='bbox 3005 3910 3287 3980; x_wconf 53' lang='grc' dir='ltr'>κοσμικοᾱ</span> <span class='ocrx_word' id='word_1_560' title='bbox 3317 3907 3550 3978; x_wconf 81' lang='grc' dir='ltr'>ἄρχουσι</span> <span class='ocrx_word' id='word_1_561' title='bbox 3577 3904 3768 3976; x_wconf 74' lang='grc' dir='ltr'>χρησά-</span> 
     </span>
    </p>
   </div>
   <div class='ocr_carea' id='block_1_86' title="bbox 2204 3997 3760 4077">
    <p class='ocr_par' dir='ltr' id='par_1_86' title="bbox 2204 3997 3760 4077">
     <span class='ocr_line' id='line_1_86' title="bbox 2204 3997 3760 4077; baseline -0.007 -18"><span class='ocrx_word' id='word_1_562' title='bbox 2204 4023 2388 4077; x_wconf 83' lang='grc' dir='ltr'>μενος,</span> <span class='ocrx_word' id='word_1_563' title='bbox 2417 4004 2485 4059; x_wconf 79' lang='grc' dir='ltr'>δι’</span> <span class='ocrx_word' id='word_1_564' title='bbox 2510 4003 2688 4059; x_wconf 79' lang='grc' dir='ltr'>αὐτῶν</span> <span class='ocrx_word' id='word_1_565' title='bbox 2702 4002 2977 4074; x_wconf 71' lang='grc' dir='ltr'>ἐγκρατὴς</span> <span class='ocrx_word' id='word_1_566' title='bbox 3003 4000 3299 4071; x_wconf 71' lang='grc' dir='ltr'>ἐκκλησίας</span> <span class='ocrx_word' id='word_1_567' title='bbox 3319 3999 3570 4070; x_wconf 79' lang='grc' dir='ltr'>γένηται,</span> <span class='ocrx_word' id='word_1_568' title='bbox 3589 3997 3760 4051; x_wconf 78' lang='grc' dir='ltr'>καθαι-</span> 
     </span>
    </p>
   </div>
   <div class='ocr_carea' id='block_1_87' title="bbox 2207 4086 3769 4169">
    <p class='ocr_par' dir='ltr' id='par_1_87' title="bbox 2207 4086 3769 4169">
     <span class='ocr_line' id='line_1_87' title="bbox 2207 4086 3769 4169; baseline -0.006 -19"><span class='ocrx_word' id='word_1_569' title='bbox 2207 4097 2407 4169; x_wconf 85' lang='grc' dir='ltr'>ρείσθω</span> <span class='ocrx_word' id='word_1_570' title='bbox 2453 4096 2548 4150; x_wconf 78' lang='grc' dir='ltr'>καὶ</span> <span class='ocrx_word' id='word_1_571' title='bbox 2603 4093 2972 4166; x_wconf 71' lang='grc' dir='ltr'>ἀφοριζέσθω,</span> <span class='ocrx_word' id='word_1_572' title='bbox 3009 4094 3107 4147; x_wconf 79' lang='grc' dir='ltr'>καὶ</span> <span class='ocrx_word' id='word_1_573' title='bbox 3131 4094 3182 4146; x_wconf 78' lang='grc' dir='ltr'>οἱ</span> <span class='ocrx_word' id='word_1_574' title='bbox 3227 4091 3616 4151; x_wconf 80' lang='grc' dir='ltr'>κοινωνοῦντες</span> <span class='ocrx_word' id='word_1_575' title='bbox 3637 4086 3769 4155; x_wconf 81' lang='grc' dir='ltr'><strong>αὑτῷ</strong></span> 
     </span>
    </p>
   </div>
   <div class='ocr_carea' id='block_1_88' title="bbox 2205 4183 3770 4259">
    <p class='ocr_par' dir='ltr' id='par_1_88' title="bbox 2205 4183 3770 4259">
     <span class='ocr_line' id='line_1_88' title="bbox 2205 4183 3770 4259; baseline -0.007 -16"><span class='ocrx_word' id='word_1_576' title='bbox 2205 4189 2432 4252; x_wconf 79' lang='grc' dir='ltr'>πάντες.</span> <span class='ocrx_word' id='word_1_577' title='bbox 2459 4190 2550 4240; x_wconf 87' lang='grc' dir='ltr'>Δεῖ</span> <span class='ocrx_word' id='word_1_578' title='bbox 2566 4187 2677 4259; x_wconf 84' lang='grc' dir='ltr'><strong>γὰρ</strong></span> <span class='ocrx_word' id='word_1_579' title='bbox 2703 4187 2794 4241; x_wconf 76' lang='grc' dir='ltr'>τὸν</span> <span class='ocrx_word' id='word_1_580' title='bbox 2820 4186 3089 4258; x_wconf 84' lang='grc' dir='ltr'>μέλλοντα</span> <span class='ocrx_word' id='word_1_581' title='bbox 3109 4183 3545 4256; x_wconf 75' lang='grc' dir='ltr'>προϐιὸἀζεσθαι</span> <span class='ocrx_word' id='word_1_582' title='bbox 3571 4184 3647 4245; x_wconf 85' lang='grc' dir='ltr'><strong>είς</strong></span> <span class='ocrx_word' id='word_1_583' title='bbox 3668 4183 3770 4233; x_wconf 70' lang='grc' dir='ltr'>ἐπι·</span> 
     </span>
    </p>
   </div>
   <div class='ocr_carea' id='block_1_89' title="bbox 2205 4274 3769 4352">
    <p class='ocr_par' dir='ltr' id='par_1_89' title="bbox 2205 4274 3769 4352">
     <span class='ocr_line' id='line_1_89' title="bbox 2205 4274 3769 4352; baseline -0.008 -16"><span class='ocrx_word' id='word_1_584' title='bbox 2205 4281 2437 4352; x_wconf 79' lang='grc' dir='ltr'>σκοπὴν,</span> <span class='ocrx_word' id='word_1_585' title='bbox 2493 4280 2599 4334; x_wconf 79' lang='grc' dir='ltr'><strong>ὑπὸ</strong></span> <span class='ocrx_word' id='word_1_586' title='bbox 2643 4279 2960 4333; x_wconf 71' lang='grc' dir='ltr'>ἐπισκόπων</span> <span class='ocrx_word' id='word_1_587' title='bbox 3012 4275 3380 4348; x_wconf 73' lang='grc' dir='ltr'>ψηφίζεσθαι·</span> <span class='ocrx_word' id='word_1_588' title='bbox 3452 4274 3631 4335; x_wconf 83' lang='grc' dir='ltr'>καθὼς</span> <span class='ocrx_word' id='word_1_589' title='bbox 3687 4277 3769 4325; x_wconf 84' lang='grc' dir='ltr'>καὶ</span> 
     </span>
    </p>
   </div>
   <div class='ocr_carea' id='block_1_90' title="bbox 2206 4365 3767 4444">
    <p class='ocr_par' dir='ltr' id='par_1_90' title="bbox 2206 4365 3767 4444">
     <span class='ocr_line' id='line_1_90' title="bbox 2206 4365 3767 4444; baseline -0.008 -18"><span class='ocrx_word' id='word_1_590' title='bbox 2206 4373 2359 4444; x_wconf 74' lang='grc' dir='ltr'>παρὰ</span> <span class='ocrx_word' id='word_1_591' title='bbox 2393 4371 2507 4435; x_wconf 68' lang='grc' dir='ltr'><strong>τῶν</strong></span> <span class='ocrx_word' id='word_1_592' title='bbox 2530 4369 2703 4439; x_wconf 80' lang='grc' dir='ltr'>ἁγίων</span> <span class='ocrx_word' id='word_1_593' title='bbox 2765 4369 3027 4441; x_wconf 78' lang='grc' dir='ltr'>Πατέρων</span> <span class='ocrx_word' id='word_1_594' title='bbox 3064 4368 3173 4422; x_wconf 87' lang='grc' dir='ltr'><strong>τῶν</strong></span> <span class='ocrx_word' id='word_1_595' title='bbox 3211 4369 3268 4421; x_wconf 81' lang='grc' dir='ltr'>ὲν</span> <span class='ocrx_word' id='word_1_596' title='bbox 3293 4365 3502 4438; x_wconf 80' lang='grc' dir='ltr'>Νικαίᾳ</span> <span class='ocrx_word' id='word_1_597' title='bbox 3532 4366 3767 4436; x_wconf 80' lang='grc' dir='ltr'>ὥρισται,</span> 
     </span>
    </p>
   </div>
   <div class='ocr_carea' id='block_1_91' title="bbox 2205 4454 3770 4535">
    <p class='ocr_par' dir='ltr' id='par_1_91' title="bbox 2205 4454 3770 4535">
     <span class='ocr_line' id='line_1_91' title="bbox 2205 4454 3770 4535; baseline -0.008 -16"><span class='ocrx_word' id='word_1_598' title='bbox 2205 4468 2262 4519; x_wconf 82' lang='grc' dir='ltr'>ὲν</span> <span class='ocrx_word' id='word_1_599' title='bbox 2282 4466 2360 4535; x_wconf 85' lang='grc' dir='ltr'>τῷ</span> <span class='ocrx_word' id='word_1_600' title='bbox 2395 4463 2582 4518; x_wconf 83' lang='grc' dir='ltr'>κανόνι</span> <span class='ocrx_word' id='word_1_601' title='bbox 2614 4462 2692 4533; x_wconf 83' lang='grc' dir='ltr'>τῷ</span> <span class='ocrx_word' id='word_1_602' title='bbox 2714 4463 2951 4530; x_wconf 84' lang='grc' dir='ltr'>λέγοντι.</span> <span class='ocrx_word' id='word_1_603' title='bbox 3005 4461 3341 4515; x_wconf 84' lang='grc' dir='ltr'>Ἐπίσκοπον</span> <span class='ocrx_word' id='word_1_604' title='bbox 3386 4461 3650 4530; x_wconf 79' lang='grc' dir='ltr'>προσήκει</span> <span class='ocrx_word' id='word_1_605' title='bbox 3673 4454 3770 4524; x_wconf 81' lang='grc' dir='ltr'><strong>μά-</strong></span> 
     </span>
    </p>
   </div>
   <div class='ocr_carea' id='block_1_92' title="bbox 524 4538 2099 4628">
    <p class='ocr_par' dir='ltr' id='par_1_92' title="bbox 524 4548 2095 4625">
     <span class='ocr_line' id='line_1_92' title="bbox 524 4548 2095 4625; baseline 0.007 -23"><span class='ocrx_word' id='word_1_606' title='bbox 524 4548 744 4618; x_wconf 86' lang='lat' dir='ltr'><strong>quidem</strong></span> <span class='ocrx_word' id='word_1_607' title='bbox 776 4550 844 4604; x_wconf 88' lang='lat' dir='ltr'><strong>ab</strong></span> <span class='ocrx_word' id='word_1_608' title='bbox 868 4549 1147 4617; x_wconf 88' lang='lat' dir='ltr'><strong>omnibus,</strong></span> <span class='ocrx_word' id='word_1_609' title='bbox 1180 4552 1275 4622; x_wconf 89' lang='lat' dir='ltr'><strong>qui</strong></span> <span class='ocrx_word' id='word_1_610' title='bbox 1302 4563 1432 4608; x_wconf 89' lang='lat' dir='ltr'><strong>sunt</strong></span> <span class='ocrx_word' id='word_1_611' title='bbox 1461 4555 1516 4608; x_wconf 91' lang='lat' dir='ltr'><strong>in</strong></span> <span class='ocrx_word' id='word_1_612' title='bbox 1553 4556 1853 4625; x_wconf 88' lang='lat' dir='ltr'><strong>provincia,</strong></span> <span class='ocrx_word' id='word_1_613' title='bbox 1884 4558 2095 4613; x_wconf 86' lang='lat' dir='ltr'><strong>consti-</strong></span> 
     </span>
    </p>
   </div>
   <div class='ocr_carea' id='block_1_93' title="bbox 2210 4538 3769 4628">
    <p class='ocr_par' dir='ltr' id='par_1_93' title="bbox 2210 4549 3769 4628">
     <span class='ocr_line' id='line_1_93' title="bbox 2210 4549 3769 4628; baseline -0.008 -17"><span class='ocrx_word' id='word_1_614' title='bbox 2210 4559 2365 4612; x_wconf 83' lang='grc' dir='ltr'>λιστα</span> <span class='ocrx_word' id='word_1_615' title='bbox 2388 4557 2486 4628; x_wconf 84' lang='grc' dir='ltr'>μὲν</span> <span class='ocrx_word' id='word_1_616' title='bbox 2514 4555 2618 4610; x_wconf 81' lang='grc' dir='ltr'><strong>ὑπὸ</strong></span> <span class='ocrx_word' id='word_1_617' title='bbox 2651 4556 2868 4610; x_wconf 83' lang='grc' dir='ltr'>πάντων</span> <span class='ocrx_word' id='word_1_618' title='bbox 2901 4553 3008 4607; x_wconf 85' lang='grc' dir='ltr'><strong>τῶν</strong></span> <span class='ocrx_word' id='word_1_619' title='bbox 3039 4555 3097 4606; x_wconf 75' lang='grc' dir='ltr'>ἑν</span> <span class='ocrx_word' id='word_1_620' title='bbox 3145 4555 3210 4622; x_wconf 81' lang='grc' dir='ltr'><strong>τῇ</strong></span> <span class='ocrx_word' id='word_1_621' title='bbox 3250 4549 3496 4623; x_wconf 73' lang='grc' dir='ltr'>ἐπαρχίᾳ</span> <span class='ocrx_word' id='word_1_622' title='bbox 3526 4549 3769 4604; x_wconf 79' lang='grc' dir='ltr'>καθίστα-</span> 
     </span>
    </p>
   </div>
   <div class='ocr_carea' id='block_1_94' title="bbox 529 4639 2101 4719">
    <p class='ocr_par' dir='ltr' id='par_1_94' title="bbox 529 4639 2101 4719">
     <span class='ocr_line' id='line_1_94' title="bbox 529 4639 2101 4719; baseline 0.006 -25"><span class='ocrx_word' id='word_1_623' title='bbox 529 4643 648 4694; x_wconf 89' lang='lat' dir='ltr'><strong>tui:</strong></span> <span class='ocrx_word' id='word_1_624' title='bbox 692 4639 739 4696; x_wconf 90' lang='lat' dir='ltr'><strong>si</strong></span> <span class='ocrx_word' id='word_1_625' title='bbox 802 4652 990 4696; x_wconf 87' lang='lat' dir='ltr'><strong>autem</strong></span> <span class='ocrx_word' id='word_1_626' title='bbox 1047 4642 1148 4698; x_wconf 91' lang='lat' dir='ltr'><strong>hoc</strong></span> <span class='ocrx_word' id='word_1_627' title='bbox 1221 4642 1439 4700; x_wconf 85' lang='lat' dir='ltr'><strong>diﬁicile</strong></span> <span class='ocrx_word' id='word_1_628' title='bbox 1489 4643 1682 4710; x_wconf 77' lang='lat' dir='ltr'><strong>fuerit,</strong></span> <span class='ocrx_word' id='word_1_629' title='bbox 1739 4647 1822 4702; x_wconf 88' lang='lat' dir='ltr'><strong>vel</strong></span> <span class='ocrx_word' id='word_1_630' title='bbox 1879 4658 2101 4719; x_wconf 90' lang='lat' dir='ltr'><strong>propter</strong></span> 
     </span>
    </p>
   </div>
   <div class='ocr_carea' id='block_1_95' title="bbox 531 4733 2100 4810">
    <p class='ocr_par' dir='ltr' id='par_1_95' title="bbox 531 4733 2100 4810">
     <span class='ocr_line' id='line_1_95' title="bbox 531 4733 2100 4810; baseline 0.008 -26"><span class='ocrx_word' id='word_1_631' title='bbox 531 4738 820 4800; x_wconf 80' lang='lat' dir='ltr'><strong>urgentem</strong></span> <span class='ocrx_word' id='word_1_632' title='bbox 861 4733 1274 4800; x_wconf 84' lang='lat' dir='ltr'><strong>necessitatem,</strong></span> <span class='ocrx_word' id='word_1_633' title='bbox 1334 4735 1673 4806; x_wconf 83' lang='lat' dir='ltr'><strong>velpropter</strong></span> <span class='ocrx_word' id='word_1_634' title='bbox 1722 4738 1824 4793; x_wconf 72' lang='lat' dir='ltr'><strong>vim</strong></span> <span class='ocrx_word' id='word_1_635' title='bbox 1856 4739 2100 4810; x_wconf 82' lang='lat' dir='ltr'><strong>longitu-</strong></span> 
     </span>
    </p>
   </div>
   <div class='ocr_carea' id='block_1_96' title="bbox 525 4823 2102 4904">
    <p class='ocr_par' dir='ltr' id='par_1_96' title="bbox 525 4823 2102 4904">
     <span class='ocr_line' id='line_1_96' title="bbox 525 4823 2102 4904; baseline 0.006 -26"><span class='ocrx_word' id='word_1_636' title='bbox 525 4823 734 4886; x_wconf 89' lang='lat' dir='ltr'><strong>dinem,</strong></span> <span class='ocrx_word' id='word_1_637' title='bbox 762 4833 874 4880; x_wconf 85' lang='lat' dir='ltr'><strong>tres</strong></span> <span class='ocrx_word' id='word_1_638' title='bbox 896 4826 1122 4880; x_wconf 91' lang='lat' dir='ltr'><strong>omnino</strong></span> <span class='ocrx_word' id='word_1_639' title='bbox 1138 4825 1327 4882; x_wconf 87' lang='lat' dir='ltr'><strong>eodem</strong></span> <span class='ocrx_word' id='word_1_640' title='bbox 1350 4828 1764 4894; x_wconf 84' lang='lat' dir='ltr'><strong>convenientes,</strong></span> <span class='ocrx_word' id='word_1_641' title='bbox 1787 4830 1854 4884; x_wconf 89' lang='lat' dir='ltr'><strong>iis</strong></span> <span class='ocrx_word' id='word_1_642' title='bbox 1882 4847 2102 4904; x_wconf 85' lang='lat' dir='ltr'><strong>quoque</strong></span> 
     </span>
    </p>
   </div>
   <div class='ocr_carea' id='block_1_97' title="bbox 524 4915 2098 4990">
    <p class='ocr_par' dir='ltr' id='par_1_97' title="bbox 524 4915 2098 4990">
     <span class='ocr_line' id='line_1_97' title="bbox 524 4915 2098 4990; baseline 0.01 -24"><span class='ocrx_word' id='word_1_643' title='bbox 524 4915 618 4985; x_wconf 89' lang='lat' dir='ltr'><strong>qui</strong></span> <span class='ocrx_word' id='word_1_644' title='bbox 653 4915 876 4980; x_wconf 85' lang='lat' dir='ltr'><strong>absunt,</strong></span> <span class='ocrx_word' id='word_1_645' title='bbox 909 4917 1071 4972; x_wconf 89' lang='lat' dir='ltr'><strong>simul</strong></span> <span class='ocrx_word' id='word_1_646' title='bbox 1097 4919 1420 4990; x_wconf 77' lang='lat' dir='ltr'><strong>suﬁragium</strong></span> <span class='ocrx_word' id='word_1_647' title='bbox 1454 4920 1780 4988; x_wconf 83' lang='lat' dir='ltr'><strong>ferentibus,</strong></span> <span class='ocrx_word' id='word_1_648' title='bbox 1818 4932 1872 4978; x_wconf 90' lang='lat' dir='ltr'><strong>et</strong></span> <span class='ocrx_word' id='word_1_649' title='bbox 1908 4939 2098 4980; x_wconf 84' lang='lat' dir='ltr'><strong>assen-</strong></span> 
     </span>
    </p>
   </div>
   <div class='ocr_carea' id='block_1_98' title="bbox 523 5005 2098 5078">
    <p class='ocr_par' dir='ltr' id='par_1_98' title="bbox 523 5005 2098 5078">
     <span class='ocr_line' id='line_1_98' title="bbox 523 5005 2098 5078; baseline 0.008 -18"><span class='ocrx_word' id='word_1_650' title='bbox 523 5005 790 5063; x_wconf 87' lang='lat' dir='ltr'><strong>tientibus</strong></span> <span class='ocrx_word' id='word_1_651' title='bbox 843 5023 942 5078; x_wconf 87' lang='lat' dir='ltr'><strong>per</strong></span> <span class='ocrx_word' id='word_1_652' title='bbox 1005 5009 1254 5078; x_wconf 87' lang='lat' dir='ltr'><strong>litteras,</strong></span> <span class='ocrx_word' id='word_1_653' title='bbox 1296 5019 1425 5067; x_wconf 88' lang='lat' dir='ltr'><strong>tunc</strong></span> <span class='ocrx_word' id='word_1_654' title='bbox 1493 5011 1677 5068; x_wconf 83' lang='lat' dir='ltr'><strong>facere</strong></span> <span class='ocrx_word' id='word_1_655' title='bbox 1747 5014 2098 5072; x_wconf 89' lang='lat' dir='ltr'><strong>electionem.</strong></span> 
     </span>
    </p>
   </div>
   <div class='ocr_carea' id='block_1_99' title="bbox 523 5082 2098 5174">
    <p class='ocr_par' dir='ltr' id='par_1_99' title="bbox 523 5082 2098 5174">
     <span class='ocr_line' id='line_1_99' title="bbox 523 5082 2098 5174; baseline 0.006 -22"><span class='ocrx_word' id='word_1_656' title='bbox 523 5082 728 5154; x_wconf 78' lang='lat' dir='ltr'><strong>Eorum</strong></span> <span class='ocrx_word' id='word_1_657' title='bbox 770 5109 976 5170; x_wconf 88' lang='lat' dir='ltr'><strong>autem,</strong></span> <span class='ocrx_word' id='word_1_658' title='bbox 1036 5118 1159 5174; x_wconf 64' lang='lat' dir='ltr'><strong>qua</strong></span> <span class='ocrx_word' id='word_1_659' title='bbox 1211 5117 1241 5157; x_wconf 85' lang='lat' dir='ltr'><strong>a</strong></span> <span class='ocrx_word' id='word_1_660' title='bbox 1302 5119 1362 5160; x_wconf 82' lang='lat' dir='ltr'><strong>se</strong></span> <span class='ocrx_word' id='word_1_661' title='bbox 1420 5105 1577 5172; x_wconf 87' lang='lat' dir='ltr'><strong>ﬁunt,</strong></span> <span class='ocrx_word' id='word_1_662' title='bbox 1626 5105 2098 5164; x_wconf 88' lang='lat' dir='ltr'><strong>conﬁrmationem</strong></span> 
     </span>
    </p>
   </div>
   <div class='ocr_carea' id='block_1_100' title="bbox 525 5190 1496 5267">
    <p class='ocr_par' dir='ltr' id='par_1_100' title="bbox 525 5190 1496 5267">
     <span class='ocr_line' id='line_1_100' title="bbox 525 5190 1496 5267; baseline 0.008 -22"><span class='ocrx_word' id='word_1_663' title='bbox 525 5190 660 5247; x_wconf 88' lang='lat' dir='ltr'><strong>dare</strong></span> <span class='ocrx_word' id='word_1_664' title='bbox 707 5193 1005 5264; x_wconf 88' lang='lat' dir='ltr'><strong>unicuique</strong></span> <span class='ocrx_word' id='word_1_665' title='bbox 1053 5197 1496 5267; x_wconf 88' lang='lat' dir='ltr'><strong>metropolitano.</strong></span> 
     </span>
    </p>
   </div>
   <div class='ocr_carea' id='block_1_101' title="bbox 598 5282 2096 5365">
    <p class='ocr_par' dir='ltr' id='par_1_101' title="bbox 598 5282 2096 5365">
     <span class='ocr_line' id='line_1_101' title="bbox 598 5282 2096 5365; baseline 0.008 -25"><span class='ocrx_word' id='word_1_666' title='bbox 598 5282 798 5341; x_wconf 79' lang='lat' dir='ltr'><strong>Interr.</strong></span> <span class='ocrx_word' id='word_1_667' title='bbox 831 5287 922 5344; x_wconf 87' lang='lat'><strong>60.</strong></span> <span class='ocrx_word' id='word_1_668' title='bbox 953 5287 1136 5345; x_wconf 88' lang='lat' dir='ltr'><strong>Liberi</strong></span> <span class='ocrx_word' id='word_1_669' title='bbox 1158 5305 1225 5346; x_wconf 78' lang='lat' dir='ltr'><strong>ex</strong></span> <span class='ocrx_word' id='word_1_670' title='bbox 1254 5290 1516 5347; x_wconf 89' lang='lat' dir='ltr'><strong>secundis</strong></span> <span class='ocrx_word' id='word_1_671' title='bbox 1560 5291 1767 5363; x_wconf 88' lang='lat' dir='ltr'><strong>nuptiis</strong></span> <span class='ocrx_word' id='word_1_672' title='bbox 1799 5299 2096 5365; x_wconf 85' lang='lat' dir='ltr'><strong>procreati,</strong></span> 
     </span>
    </p>
   </div>
   <div class='ocr_carea' id='block_1_102' title="bbox 523 5379 2096 5461">
    <p class='ocr_par' dir='ltr' id='par_1_102' title="bbox 523 5379 2096 5461">
     <span class='ocr_line' id='line_1_102' title="bbox 523 5379 2096 5461; baseline 0.007 -27"><span class='ocrx_word' id='word_1_673' title='bbox 523 5387 576 5434; x_wconf 90' lang='lat' dir='ltr'><strong>et</strong></span> <span class='ocrx_word' id='word_1_674' title='bbox 612 5379 708 5450; x_wconf 88' lang='lat' dir='ltr'><strong>qui</strong></span> <span class='ocrx_word' id='word_1_675' title='bbox 737 5394 802 5436; x_wconf 81' lang='lat' dir='ltr'><strong>ex</strong></span> <span class='ocrx_word' id='word_1_676' title='bbox 834 5381 1074 5448; x_wconf 86' lang='lat' dir='ltr'><strong>ancillis,</strong></span> <span class='ocrx_word' id='word_1_677' title='bbox 1110 5398 1176 5440; x_wconf 88' lang='lat' dir='ltr'><strong>ac</strong></span> <span class='ocrx_word' id='word_1_678' title='bbox 1209 5383 1565 5450; x_wconf 87' lang='lat' dir='ltr'><strong>concubinis,</strong></span> <span class='ocrx_word' id='word_1_679' title='bbox 1603 5386 1914 5444; x_wconf 88' lang='lat' dir='ltr'><strong>sacerdotio</strong></span> <span class='ocrx_word' id='word_1_680' title='bbox 1943 5390 2096 5461; x_wconf 76' lang='lat' dir='ltr'><strong>digni</strong></span> 
     </span>
    </p>
   </div>
   <div class='ocr_carea' id='block_1_103' title="bbox 526 5469 1199 5541">
    <p class='ocr_par' dir='ltr' id='par_1_103' title="bbox 526 5469 1199 5541">
     <span class='ocr_line' id='line_1_103' title="bbox 526 5469 1199 5541; baseline 0.013 -19"><span class='ocrx_word' id='word_1_681' title='bbox 526 5469 940 5541; x_wconf 86' lang='lat' dir='ltr'><strong>iudicabuntur,</strong></span> <span class='ocrx_word' id='word_1_682' title='bbox 973 5474 1199 5530; x_wconf 76' lang='lat' dir='ltr'><strong>annon?</strong></span> 
     </span>
    </p>
   </div>
   <div class='ocr_carea' id='block_1_104' title="bbox 596 5566 2096 5639">
    <p class='ocr_par' dir='ltr' id='par_1_104' title="bbox 596 5566 2096 5639">
     <span class='ocr_line' id='line_1_104' title="bbox 596 5566 2096 5639; baseline 0.007 -18"><span class='ocrx_word' id='word_1_683' title='bbox 596 5566 749 5638; x_wconf 74' lang='lat' dir='ltr'><strong>Resp.</strong></span> <span class='ocrx_word' id='word_1_684' title='bbox 774 5567 1151 5624; x_wconf 84' lang='lat' dir='ltr'><strong>Secundarum</strong></span> <span class='ocrx_word' id='word_1_685' title='bbox 1185 5569 1497 5639; x_wconf 87' lang='lat' dir='ltr'><strong>nuptiarum</strong></span> <span class='ocrx_word' id='word_1_686' title='bbox 1533 5570 1688 5628; x_wconf 86' lang='lat' dir='ltr'><strong>liberi</strong></span> <span class='ocrx_word' id='word_1_687' title='bbox 1710 5573 1857 5629; x_wconf 86' lang='lat' dir='ltr'><strong>nulla</strong></span> <span class='ocrx_word' id='word_1_688' title='bbox 1881 5575 2096 5632; x_wconf 89' lang='lat' dir='ltr'><strong>ratione</strong></span> 
     </span>
    </p>
   </div>
   <div class='ocr_carea' id='block_1_105' title="bbox 2211 4642 3769 4718">
    <p class='ocr_par' dir='ltr' id='par_1_105' title="bbox 2211 4642 3769 4718">
     <span class='ocr_line' id='line_1_105' title="bbox 2211 4642 3769 4718; baseline -0.01 -13"><span class='ocrx_word' id='word_1_689' title='bbox 2211 4651 2337 4704; x_wconf 89' lang='grc' dir='ltr'>σθαι</span> <span class='ocrx_word' id='word_1_690' title='bbox 2361 4667 2373 4679; x_wconf 92' lang='grc'><strong>·</strong></span> <span class='ocrx_word' id='word_1_691' title='bbox 2404 4651 2454 4701; x_wconf 88' lang='grc' dir='ltr'><strong>εί</strong></span> <span class='ocrx_word' id='word_1_692' title='bbox 2476 4649 2531 4702; x_wconf 78' lang='grc' dir='ltr'>δὲ</span> <span class='ocrx_word' id='word_1_693' title='bbox 2556 4648 2816 4718; x_wconf 82' lang='grc' dir='ltr'>δυσχερὲς</span> <span class='ocrx_word' id='word_1_694' title='bbox 2844 4649 2929 4718; x_wconf 86' lang='grc' dir='ltr'><strong>εῐη</strong></span> <span class='ocrx_word' id='word_1_695' title='bbox 2954 4644 3137 4708; x_wconf 84' lang='grc' dir='ltr'>τοῦτο,</span> <span class='ocrx_word' id='word_1_696' title='bbox 3170 4642 3314 4715; x_wconf 70' lang='grc' dir='ltr'>ἢδιὰ</span> <span class='ocrx_word' id='word_1_697' title='bbox 3346 4645 3769 4710; x_wconf 81' lang='grc' dir='ltr'>κατεπείγουσαν</span> 
     </span>
    </p>
   </div>
   <div class='ocr_carea' id='block_1_106' title="bbox 2207 4731 3769 4812">
    <p class='ocr_par' dir='ltr' id='par_1_106' title="bbox 2207 4731 3769 4812">
     <span class='ocr_line' id='line_1_106' title="bbox 2207 4731 3769 4812; baseline -0.009 -15"><span class='ocrx_word' id='word_1_698' title='bbox 2207 4745 2476 4812; x_wconf 75' lang='grc' dir='ltr'>ἀνάγκην,</span> <span class='ocrx_word' id='word_1_699' title='bbox 2507 4741 2538 4810; x_wconf 84' lang='grc' dir='ltr'><strong>ἢ</strong></span> <span class='ocrx_word' id='word_1_700' title='bbox 2569 4742 2657 4794; x_wconf 79' lang='grc' dir='ltr'><strong>διὰ</strong></span> <span class='ocrx_word' id='word_1_701' title='bbox 2691 4741 2864 4812; x_wconf 79' lang='grc' dir='ltr'>μῆκος</span> <span class='ocrx_word' id='word_1_702' title='bbox 2896 4739 3040 4804; x_wconf 83' lang='grc' dir='ltr'>ὁδοῦ,</span> <span class='ocrx_word' id='word_1_703' title='bbox 3074 4737 3134 4804; x_wconf 69' lang='grc' dir='ltr'>ἐξ</span> <span class='ocrx_word' id='word_1_704' title='bbox 3160 4738 3401 4800; x_wconf 71' lang='grc' dir='ltr'>ἅπαντος</span> <span class='ocrx_word' id='word_1_705' title='bbox 3435 4737 3586 4806; x_wconf 80' lang='grc' dir='ltr'>τρεῖς</span> <span class='ocrx_word' id='word_1_706' title='bbox 3613 4732 3700 4787; x_wconf 78' lang='grc' dir='ltr'><strong>ἐπὶ</strong></span> <span class='ocrx_word' id='word_1_707' title='bbox 3717 4731 3769 4783; x_wconf 79' lang='grc' dir='ltr'>τὸ</span> 
     </span>
    </p>
   </div>
   <div class='ocr_carea' id='block_1_107' title="bbox 2207 4823 3766 4904">
    <p class='ocr_par' dir='ltr' id='par_1_107' title="bbox 2207 4823 3766 4904">
     <span class='ocr_line' id='line_1_107' title="bbox 2207 4823 3766 4904; baseline -0.01 -14"><span class='ocrx_word' id='word_1_708' title='bbox 2207 4836 2343 4890; x_wconf 78' lang='grc' dir='ltr'>αὐτὸ</span> <span class='ocrx_word' id='word_1_709' title='bbox 2369 4835 2793 4904; x_wconf 77' lang='grc' dir='ltr'>συναγομένους,</span> <span class='ocrx_word' id='word_1_710' title='bbox 2850 4831 3158 4903; x_wconf 74' lang='grc' dir='ltr'>συμψήφων</span> <span class='ocrx_word' id='word_1_711' title='bbox 3210 4829 3517 4898; x_wconf 83' lang='grc' dir='ltr'>γινομένων</span> <span class='ocrx_word' id='word_1_712' title='bbox 3560 4823 3766 4879; x_wconf 74' lang='grc' dir='ltr'>καὶτῶν</span> 
     </span>
    </p>
   </div>
   <div class='ocr_carea' id='block_1_108' title="bbox 2207 4916 3765 4994">
    <p class='ocr_par' dir='ltr' id='par_1_108' title="bbox 2207 4916 3765 4994">
     <span class='ocr_line' id='line_1_108' title="bbox 2207 4916 3765 4994; baseline -0.012 -12"><span class='ocrx_word' id='word_1_713' title='bbox 2207 4928 2477 4994; x_wconf 84' lang='grc' dir='ltr'>ἀπόντων,</span> <span class='ocrx_word' id='word_1_714' title='bbox 2532 4925 2626 4980; x_wconf 73' lang='grc' dir='ltr'>καὶ</span> <span class='ocrx_word' id='word_1_715' title='bbox 2678 4924 3080 4994; x_wconf 77' lang='grc' dir='ltr'>συντιθεμένων</span> <span class='ocrx_word' id='word_1_716' title='bbox 3129 4920 3217 4974; x_wconf 79' lang='grc' dir='ltr'>διὰ</span> <span class='ocrx_word' id='word_1_717' title='bbox 3254 4920 3621 4990; x_wconf 81' lang='grc' dir='ltr'>γραμμάτων,</span> <span class='ocrx_word' id='word_1_718' title='bbox 3657 4916 3765 4968; x_wconf 76' lang='grc' dir='ltr'>τότε</span> 
     </span>
    </p>
   </div>
   <div class='ocr_carea' id='block_1_109' title="bbox 2209 5005 3767 5091">
    <p class='ocr_par' dir='ltr' id='par_1_109' title="bbox 2209 5005 3767 5091">
     <span class='ocr_line' id='line_1_109' title="bbox 2209 5005 3767 5091; baseline -0.01 -18"><span class='ocrx_word' id='word_1_719' title='bbox 2209 5019 2306 5091; x_wconf 82' lang='grc' dir='ltr'>τὴν</span> <span class='ocrx_word' id='word_1_720' title='bbox 2337 5017 2674 5090; x_wconf 83' lang='grc' dir='ltr'>χειροτονίαν</span> <span class='ocrx_word' id='word_1_721' title='bbox 2719 5015 3014 5069; x_wconf 85' lang='grc' dir='ltr'>ποιεῖσθαι.</span> <span class='ocrx_word' id='word_1_722' title='bbox 3051 5014 3124 5066; x_wconf 87' lang='lat' dir='ltr'><em>T6</em></span> <span class='ocrx_word' id='word_1_723' title='bbox 3153 5012 3209 5066; x_wconf 74' lang='grc' dir='ltr'>δὲ</span> <span class='ocrx_word' id='word_1_724' title='bbox 3237 5009 3408 5081; x_wconf 80' lang='grc' dir='ltr'>κῦρος</span> <span class='ocrx_word' id='word_1_725' title='bbox 3434 5009 3542 5063; x_wconf 80' lang='grc' dir='ltr'><strong>τῶν</strong></span> <span class='ocrx_word' id='word_1_726' title='bbox 3570 5005 3767 5078; x_wconf 77' lang='grc' dir='ltr'>γινομέ-</span> 
     </span>
    </p>
   </div>
   <div class='ocr_carea' id='block_1_110' title="bbox 2207 5101 3764 5177">
    <p class='ocr_par' dir='ltr' id='par_1_110' title="bbox 2207 5101 3764 5177">
     <span class='ocr_line' id='line_1_110' title="bbox 2207 5101 3764 5177; baseline -0.01 -12"><span class='ocrx_word' id='word_1_727' title='bbox 2207 5129 2315 5165; x_wconf 88' lang='grc' dir='ltr'><strong>νων</strong></span> <span class='ocrx_word' id='word_1_728' title='bbox 2353 5109 2591 5164; x_wconf 87' lang='grc' dir='ltr'>δίδοσθαι</span> <span class='ocrx_word' id='word_1_729' title='bbox 2648 5108 2774 5164; x_wconf 79' lang='grc' dir='ltr'>καθ’</span> <span class='ocrx_word' id='word_1_730' title='bbox 2799 5106 3040 5177; x_wconf 75' lang='grc' dir='ltr'>ἑκάστην</span> <span class='ocrx_word' id='word_1_731' title='bbox 3087 5102 3360 5174; x_wconf 63' lang='grc' dir='ltr'>ἐπαρχίαν</span> <span class='ocrx_word' id='word_1_732' title='bbox 3392 5101 3471 5172; x_wconf 82' lang='grc' dir='ltr'>τῷ</span> <span class='ocrx_word' id='word_1_733' title='bbox 3504 5115 3764 5172; x_wconf 76' lang='grc' dir='ltr'>μητροπο-</span> 
     </span>
    </p>
   </div>
   <div class='ocr_carea' id='block_1_111' title="bbox 2206 5201 2355 5257">
    <p class='ocr_par' dir='ltr' id='par_1_111' title="bbox 2206 5201 2355 5257">
     <span class='ocr_line' id='line_1_111' title="bbox 2206 5201 2355 5257; baseline 0.007 -1"><span class='ocrx_word' id='word_1_734' title='bbox 2206 5201 2355 5257; x_wconf 82' lang='grc' dir='ltr'>λίτη.</span> 
     </span>
    </p>
   </div>
   <div class='ocr_carea' id='block_1_112' title="bbox 2293 5220 3760 5362">
    <p class='ocr_par' dir='ltr' id='par_1_112' title="bbox 2293 5220 3760 5362">
     <span class='ocr_line' id='line_1_112' title="bbox 2293 5220 3760 5362; baseline -0.011 -13"><span class='ocrx_word' id='word_1_735' title='bbox 2293 5220 2493 5362; x_wconf 43' lang='grc' dir='ltr'>ἒρὼτ.</span> <span class='ocrx_word' id='word_1_736' title='bbox 2541 5289 2605 5358; x_wconf 80' lang='grc' dir='ltr'><strong>ξ’.</strong></span> <span class='ocrx_word' id='word_1_737' title='bbox 2643 5292 2708 5346; x_wconf 73' lang='lat' dir='ltr'><strong>Oi</strong></span> <span class='ocrx_word' id='word_1_738' title='bbox 2751 5288 2846 5344; x_wconf 89' lang='grc' dir='ltr'><strong>τοῦ</strong></span> <span class='ocrx_word' id='word_1_739' title='bbox 2895 5286 3152 5359; x_wconf 77' lang='grc' dir='ltr'>δευτέρου</span> <span class='ocrx_word' id='word_1_740' title='bbox 3181 5283 3362 5355; x_wconf 78' lang='grc' dir='ltr'>γάμου</span> <span class='ocrx_word' id='word_1_741' title='bbox 3413 5281 3620 5345; x_wconf 82' lang='grc' dir='ltr'>παῖδες,</span> <span class='ocrx_word' id='word_1_742' title='bbox 3674 5277 3760 5332; x_wconf 80' lang='grc' dir='ltr'>καὶ</span> 
     </span>
    </p>
   </div>
   <div class='ocr_carea' id='block_1_113' title="bbox 2208 5372 3763 5448">
    <p class='ocr_par' dir='ltr' id='par_1_113' title="bbox 2208 5372 3763 5448">
     <span class='ocr_line' id='line_1_113' title="bbox 2208 5372 3763 5448; baseline -0.009 -7"><span class='ocrx_word' id='word_1_743' title='bbox 2208 5389 2260 5443; x_wconf 78' lang='grc' dir='ltr'>οἱ</span> <span class='ocrx_word' id='word_1_744' title='bbox 2289 5387 2399 5441; x_wconf 83' lang='grc' dir='ltr'>ἀπὸ</span> <span class='ocrx_word' id='word_1_745' title='bbox 2423 5385 2678 5439; x_wconf 83' lang='grc' dir='ltr'>δουλίδων</span> <span class='ocrx_word' id='word_1_746' title='bbox 2734 5383 2830 5438; x_wconf 80' lang='grc' dir='ltr'>καὶ</span> <span class='ocrx_word' id='word_1_747' title='bbox 2880 5379 3173 5437; x_wconf 75' lang='grc' dir='ltr'>παλλακῶν</span> <span class='ocrx_word' id='word_1_748' title='bbox 3211 5376 3514 5448; x_wconf 82' lang='grc' dir='ltr'>τεχθέντες,</span> <span class='ocrx_word' id='word_1_749' title='bbox 3543 5372 3763 5442; x_wconf 78' lang='grc' dir='ltr'>ἀξιωθή-</span> 
     </span>
    </p>
   </div>
   <div class='ocr_carea' id='block_1_114' title="bbox 2213 5474 2948 5552">
    <p class='ocr_par' dir='ltr' id='par_1_114' title="bbox 2213 5474 2948 5552">
     <span class='ocr_line' id='line_1_114' title="bbox 2213 5474 2948 5552; baseline -0.008 -18"><span class='ocrx_word' id='word_1_750' title='bbox 2213 5497 2398 5534; x_wconf 87' lang='grc' dir='ltr'>σονται</span> <span class='ocrx_word' id='word_1_751' title='bbox 2428 5477 2753 5552; x_wconf 68' lang='grc' dir='ltr'>ἱερωσύνης,</span> <span class='ocrx_word' id='word_1_752' title='bbox 2789 5475 2823 5549; x_wconf 75' lang='grc' dir='ltr'>ἦ</span> <span class='ocrx_word' id='word_1_753' title='bbox 2851 5474 2948 5543; x_wconf 74' lang='grc' dir='ltr'>οὓς</span> 
     </span>
    </p>
   </div>
   <div class='ocr_carea' id='block_1_115' title="bbox 2275 5551 3761 5641">
    <p class='ocr_par' dir='ltr' id='par_1_115' title="bbox 2275 5551 3761 5641">
     <span class='ocr_line' id='line_1_115' title="bbox 2275 5551 3761 5641; baseline -0.013 -11"><span class='ocrx_word' id='word_1_754' title='bbox 2275 5575 2333 5629; x_wconf 77' lang='grc' dir='ltr'><em>Ἀ</em></span> <span class='ocrx_word' id='word_1_755' title='bbox 2345 5573 2487 5628; x_wconf 69' lang='grc' dir='ltr'>πόθι.</span> <span class='ocrx_word' id='word_1_756' title='bbox 2515 5572 2579 5626; x_wconf 84' lang='lat' dir='ltr'><strong>Ol.</strong></span> <span class='ocrx_word' id='word_1_757' title='bbox 2597 5569 2692 5625; x_wconf 87' lang='grc' dir='ltr'><strong>τοῦ</strong></span> <span class='ocrx_word' id='word_1_758' title='bbox 2709 5568 2964 5641; x_wconf 82' lang='grc' dir='ltr'>δευτέρου</span> <span class='ocrx_word' id='word_1_759' title='bbox 2982 5566 3162 5639; x_wconf 79' lang='grc' dir='ltr'>γάμου</span> <span class='ocrx_word' id='word_1_760' title='bbox 3187 5565 3374 5630; x_wconf 83' lang='grc' dir='ltr'>παῖδες</span> <span class='ocrx_word' id='word_1_761' title='bbox 3391 5562 3450 5630; x_wconf 76' lang='grc' dir='ltr'><strong>ἐξ</strong></span> <span class='ocrx_word' id='word_1_762' title='bbox 3465 5556 3665 5621; x_wconf 79' lang='grc' dir='ltr'>οὐδενὸς</span> <span class='ocrx_word' id='word_1_763' title='bbox 3683 5551 3761 5607; x_wconf 63' lang='grc' dir='ltr'>λό’</span> 
     </span>
    </p>
   </div>
   <div class='ocr_carea' id='block_1_116' title="bbox 1796 5747 2468 5809">
    <p class='ocr_par' dir='ltr' id='par_1_116' title="bbox 1796 5747 2468 5809">
     <span class='ocr_line' id='line_1_116' title="bbox 1796 5747 2468 5809; baseline 0.004 -6"><span class='ocrx_word' id='word_1_764' title='bbox 1796 5747 2026 5806; x_wconf 66' lang='grc' dir='ltr'>νΑῐιιιΕ</span> <span class='ocrx_word' id='word_1_765' title='bbox 2066 5747 2468 5809; x_wconf 74' lang='lat' dir='ltr'><strong>LECTIONES.</strong></span> 
     </span>
    </p>
   </div>
   <div class='ocr_carea' id='block_1_117' title="bbox 600 5836 1710 5911">
    <p class='ocr_par' dir='ltr' id='par_1_117' title="bbox 600 5836 1710 5911">
     <span class='ocr_line' id='line_1_117' title="bbox 600 5836 1710 5911; baseline 0.004 -20"><span class='ocrx_word' id='word_1_766' title='bbox 600 5836 628 5880; x_wconf 56' lang='grc' dir='ltr'><strong>Β</strong></span> <span class='ocrx_word' id='word_1_767' title='bbox 653 5854 721 5891; x_wconf 84' lang='lat' dir='ltr'><strong>an</strong></span> <span class='ocrx_word' id='word_1_768' title='bbox 767 5853 909 5893; x_wconf 78' lang='lat' dir='ltr'><strong>uoces</strong></span> <span class='ocrx_word' id='word_1_769' title='bbox 945 5851 1222 5910; x_wconf 74' lang='lat' dir='ltr'><strong>poputarcs</strong></span> <span class='ocrx_word' id='word_1_770' title='bbox 1267 5841 1410 5909; x_wconf 80' lang='lat' dir='ltr'><strong>sequi</strong></span> <span class='ocrx_word' id='word_1_771' title='bbox 1445 5855 1710 5911; x_wconf 79' lang='lat' dir='ltr'><strong>cogamur.</strong></span> 
     </span>
    </p>
   </div>
  </div>
