3822 6620
159 437 268 503 ιιιες

1353 421 1624 483 οιτΑιεο
1654 423 2039 485 ROMANUM

3183 431 3319 492 1090

154 568 228 622 γου
257 538 508 598 κωλύονται
556 530 826 622 ίερᾷσθαι.
867 529 923 584 Ὀ
973 530 1082 602 γὰρ
1108 531 1202 586 ἐπὶ
1231 531 1324 588 τοῦ
1368 533 1650 604 ιιορφυρο-

1764 545 2009 591 vetantur
2046 539 2224 592 sacris
2255 537 2544 594 ordinibus
2570 537 2800 593 initiari.
2853 538 3125 610 Synodica
3170 541 3319 595 enim

149 619 356 709 ίεννῆτου
397 625 480 680 καὶ
515 619 776 696 βασιλέως
840 620 1033 691 κυρίου
1089 622 1500 676 Κωνσταντίνου
1554 639 1648 691 γε-

149 725 283 801 γονὼς
313 721 453 791 τόμος
477 712 744 775 συνοδικδς
768 713 847 783 τῷ
871 711 1072 784 πρώτῳ
1091 713 1255 785 γάμῳ
1277 714 1368 768 τὸν
1395 713 1650 786 δεύτερον

145 823 216 877 ἐπὶ
259 816 404 869 πᾶσιν
440 807 676 874 ἐξίσωσε.
703 804 795 858 Διὸ
831 805 929 858 καὶ
959 804 1271 870 ὑπεξούσιοι
1319 806 1648 879 κληρονόμοι

145 911 216 968 τοῦ
236 903 408 976 πατρός
428 904 579 954 εἰσιν.
613 896 774 952 Ἀλλὰ
800 899 895 952 καὶ
927 899 976 953 oi
1012 899 1122 953 ἀπὸ
1139 898 1393 954 δουλίδων
1429 901 1650 970 τεχθέν-

140 1019 228 1064 τες,
262 998 342 1050 καὶ
369 988 665 1059 ἐλευθερίας
694 987 1040 1054 ἀξιωθέντες,
1072 988 1336 1054 ὡσαύτως
1359 991 1454 1044 καὶ
1500 993 1551 1044 οί
1585 993 1650 1046 ἐκ

141 1087 382 1150 παλλακῶν
411 1081 775 1152 γεννηθέντες,
807 1080 866 1146 ού
902 1079 1306 1152 κωλυθήσονται
1328 1082 1647 1152 ίερωθῆναι.

135 1187 187 1240 ,ιι
201 1183 288 1251 γὰρ
304 1178 518 1249 μητέρες
540 1174 721 1227 αὐτῶν
736 1173 1035 1245 ἐπιτιμίοις
1047 1175 1419 1246 πορνευόντων
1442 1176 1648 1230 ὑπέπε-

137 1295 224 1336 σον,
245 1271 379 1328 αὐτοὶ
406 1269 457 1320 δὲ
485 1266 632 1320 οὐδὲν
659 1267 930 1337 ἥμαρτον,
958 1266 1054 1321 καὶ
1073 1267 1161 1321 διὰ
1196 1266 1357 1322 τοῦτο
1385 1268 1507 1322 οὐδὲ
1529 1269 1651 1322 ὲπι-

133 1363 294 1432 τιμίοις
319 1357 634 1412 ὑπόκεινται.
663 1356 821 1410 Κατὰ
857 1355 988 1423 γοῦν
1012 1357 1139 1420 τοὺς
1166 1354 1389 1419 λοιποὺς
1435 1356 1649 1429 ἀνθρώ-

133 1470 238 1515 πους
262 1452 370 1512 τοὺς
395 1447 555 1519 μηδὲν
592 1447 1006 1518 ἡμαρτηκότας,
1038 1448 1132 1502 καὶ
1165 1448 1320 1504 αὐτοὶ
1371 1449 1535 1520 τιμῆς
1567 1449 1645 1506 ιε-

129 1543 321 1618 ρατικῆς
339 1540 470 1594 κατὰ
498 1539 729 1603 κανόνας
759 1537 1186 1609 ἁξιωθήσονται.

195 1654 372 1724 Ἐρώτ.
459 1649 559 1719 ξα’.
649 1652 1031 1723 Ἀναγνώστης
1111 1652 1266 1726 παρὰ
1337 1655 1646 1724 ἡγουμένου

124 1748 402 1818 ἐπιτραπεὶς
457 1744 662 1799 διέπειν
712 1745 974 1815 κτήματα
1023 1749 1463 1817 μοναστηριακά,
1499 1747 1646 1801 θέλει

1750 627 1997 695 decisio,
2037 629 2182 686 iacta
2217 638 2458 700 tempore
2511 629 2860 702 imperatoris
2917 633 3120 686 domini
3175 633 3322 689 Con-

1752 721 1982 778 stantini
2015 721 2571 793 Porphyrogennetze,
2598 723 2793 793 primis
2813 723 3021 794 nuptiis
3047 725 3320 781 secundas

1753 816 1810 870 in
1843 814 2104 870 omnibus
2145 816 2474 886 exaequavit.
2547 815 2782 884 ideoque
2837 825 2892 871 et
2937 816 3022 871 sui
3081 817 3322 872 hmredr-s

1753 915 1884 962 sunt
1917 910 2084 975 patri.
2123 907 2230 962 Sed
2257 915 2313 963 et
2341 908 2434 976 qui
2464 922 2530 963 ex
2573 908 2790 963 ancillis
2824 908 2962 971 nati,
3026 917 3081 962 et
3133 907 3320 960 donati

1751 998 2025 1066 libertate,
2058 999 2286 1069 parique
2319 999 2503 1062 modo,
2532 999 2626 1069 qui
2660 1014 2726 1053 ex
2755 999 3080 1054 concubinis
3125 998 3319 1068 geniti,

1751 1106 1861 1145 non
1911 1098 2166 1146 vetantur
2194 1090 2427 1146 sacrari.
2461 1089 2661 1145 Matres
2711 1089 2858 1144 enim
2899 1105 3091 1144 eorum
3145 1089 3322 1158 poenis

1750 1183 2107 1238 scortantium
2137 1183 2495 1239 succiderunt
2526 1192 2574 1247 ε,
2610 1181 2713 1251 ipsi
2753 1188 2934 1234 antem
2999 1180 3136 1234 nihil
3179 1179 3320 1235 deli-

1751 1287 2027 1347 quorum:
2061 1276 2421 1346 quamobrem
2449 1289 2550 1330 nec
2601 1274 2783 1344 pinnis
2817 1273 3214 1342 subjiciuntur.
3251 1271 3325 1329 Ut

1751 1370 1952 1440 reliqui
1991 1369 2158 1440 igitur
2190 1369 2462 1434 homines,
2494 1369 2588 1438 qui
2619 1368 2754 1422 nihil
2791 1375 3111 1437 peccarunt,
3144 1365 3325 1421 hono-

1752 1477 1870 1518 rem
1896 1461 2291 1519 sacerdotalem
2320 1462 2624 1517 secundum
2652 1473 2896 1515 canones
2915 1465 3326 1513 consenuentur

1752 1558 1809 1608 et
1837 1551 1962 1622 ipsi.

1822 1663 2020 1719 Interr.
2053 1663 2141 1718 6i.
2179 1661 2374 1718 Lector
2405 1667 2676 1732 potestate
2729 1673 2759 1714 a
2805 1659 2991 1730 priore
3019 1657 3047 1698 ά
3076 1664 3323 1728 accepta,

1751 1757 2178 1814 administrandi
2237 1757 2623 1826 possessiones
2698 1750 3152 1812 monasteriales,
3209 1747 3327 1802 vult

121 1835 456 1910 προκαθῆσθαι
505 1835 613 1889 τῶν
659 1839 838 1890 ικεῖσε
876 1837 1047 1892 ὄντων
1084 1839 1295 1909 ἱερέων,
1323 1842 1415 1895 καὶ
1443 1840 1644 1895 λοιπῶν

1764 1850 2057 1905 πεεοθᾱοτε
2092 1848 2428 1912 sacerdotes,
2459 1855 2513 1902 et
2549 1845 2684 1900 alios
2712 1843 2946 1898 clericos
3015 1841 3128 1894 illic
3182 1837 3327 1893 exsi-

121 1928 374 2000 κληρικῶν,
407 1927 499 1982 καὶ
549 1928 611 1982 ἂν
655 1931 778 1992 ταῖς
827 1929 1000 2001 ἱεραῖς
1055 1931 1364 1999 ἁγιστείαις
1394 1933 1532 2002 μετὰ
1554 1932 1646 1988 τὸν

117 2020 377 2092 ἡγούμενον
399 2019 861 2090 μνημονεύεσθαι.
910 2021 1130 2093 Ἐρωτῶ
1155 2023 1339 2078 τοίνυν
1374 2023 1568 2096 μαθεῖν
1599 2026 1649 2079 εί

116 2115 265 2177 καλῶς
291 2113 414 2184 περὶ
440 2111 633 2167 τούτου
663 2112 978 2182 φιλονεικεῖ.

176 2229 360 2285 'Aadx.
385 2226 556 2294 Τάξις
588 2229 807 2299 συνέχει
831 2228 899 2282 τὰ
936 2229 1166 2301 οὐράνια
1188 2231 1283 2284 καὶ
1309 2232 1376 2286 τὰ
1409 2233 1646 2302 ἐπίγεια.

108 2321 180 2374 Διὸ
208 2321 290 2374 καὶ
315 2321 343 2372 ὁ
372 2321 576 2392 Κύριος
634 2321 794 2392 ήμῶν
839 2321 1050 2392 Ἰησοῦς
1077 2323 1338 2394 Χριστὸς,
1360 2324 1461 2394 τῆς
1493 2343 1648 2379 κενο-

107 2414 256 2478 δοξίας
283 2412 626 2466 ἀναστέλλων
682 2413 781 2484 τὴν
823 2415 1187 2486 ματαιότητα,
1217 2415 1392 2472 Ὀταν
1445 2417 1650 2490 κληθῇς

104 2507 169 2569 είς
195 2505 357 2575 γάμον
397 2504 503 2558 ὑπὸ
550 2521 722 2570 τινος,
755 2505 979 2574 ἔφησεν,
1016 2509 1096 2568 είς
1125 2509 1525 2582 πρωτοκλισίας
1554 2510 1653 2565 τά-

103 2617 255 2671 πητας
277 2598 349 2672 μὴ
377 2598 704 2670 ἀνακλιθῇς,
735 2597 853 2652 ἀλλ’
883 2600 965 2661 είς
994 2599 1222 2670 ἔσχατον
1246 2599 1412 2653 τόπον
1443 2599 1648 2652 ἀνάπε-

101 2709 177 2746 σον
201 2709 218 2724 ο
245 2694 326 2746 ίνα
357 2691 608 2764 ἀκούσῃς
655 2692 807 2764 παρὰ
856 2691 950 2746 τοῦ
994 2693 1326 2764 κεκληκότος
1360 2709 1416 2746 σε
1454 2709 1471 2727 ο
1503 2693 1650 2759 Φίλε,

96 2783 466 2856 προσανάϐηθι.
534 2783 651 2839 Καὶ
681 2782 857 2848 οὕτως
905 2781 1061 2838 εσται
1125 2801 1208 2837 σοι
1264 2781 1393 2848 δόξα
1458 2781 1648 2854 πολλή.

105 2875 156 2929 '0
181 2875 300 2943 γοῦν
327 2873 512 2946 ζητῶν
568 2876 934 2946 ἀναγνώστης
968 2874 1075 2947 πρὸ
1104 2873 1212 2928 τῶν
1265 2873 1454 2946 ἱερέων
1516 2873 1642 2927 καθ·

87 2965 366 3037 ’ἦσθαι,καὶ
403 2966 555 3038 μετὰ
592 2965 687 3020 τὸν
715 2965 1025 3038 ἡγούμενον
1061 2964 1513 3037 μνημονεύεσθαι,
1539 2966 1654 3029 τοῖς

91 3059 364 3129 Κυριακοῖς
393 3059 813 3130 ἐναντιοτρρονεῖ
827 3056 1312 3128 παραγγέλμασιν.
1343 3057 1404 3109 Εἰ
1431 3057 1486 3110 δὲ
1512 3057 1652 3110 κατὰ

83 3147 170 3218 τήν
192 3147 445 3219 διήγησίν
473 3164 576 3202 σου
604 3150 633 3201 ὁ
666 3147 1026 3218 ἀναγνώστης
1047 3147 1127 3209 είς
1158 3147 1344 3219 χώραν
1373 3147 1649 3216 ἐπιδημεῖ,

87 3217 486 3310 καθηγουμένου
509 3238 682 3292 τόπον
715 3217 1070 3310 ἀναπληρῶν,
1109 3217 1412 3302 ἀκινδύνως
1449 3238 1652 3308 μᾶλλον
1680 3217 1726 3277 C

78 3329 128 3382 δὲ
153 3329 312 3395 ἀξίως
346 3329 666 3400 φιλονεικεῖ
701 3329 810 3401 πρὸ
876 3329 986 3383 τῶν
1013 3329 1203 3403 ίερέων
1237 3328 1531 3399 καθῆσθαι,
1560 3330 1656 3384 καὶ

83 3420 535 3489 μνημονεύεσθαι,
565 3421 646 3485 ώς
666 3420 834 3474 τόπον
874 3419 1093 3492 ἐπέχων
1133 3420 1227 3474 τοῦ
1259 3421 1655 3492 ἐπιτρέψαντος

75 3510 206 3582 αύτῷ
248 3513 310 3566 τὸ
356 3511 772 3584 λειτούργημα.
823 3510 936 3565 Καὶ
967 3510 1305 3583 παρίσταται
1359 3511 1518 3564 τοῦτο
1548 3511 1658 3565 ἀπὸ

75 3602 155 3656 τοῦ
178 3600 220 3667 ζ’
258 3603 498 3668 κανόνος
532 3602 640 3674 τῆς
688 3604 750 3657 ἑν
795 3601 1052 3674 Τρούλλῳ
1093 3599 1188 3656 τοῦ
1224 3601 1461 3673 μεγάλου
1484 3601 1660 3654 παλα-

69 3692 170 3748 τίου
195 3693 486 3763 συστάσης
544 3693 714 3763 ἁγίας
753 3695 851 3747 καὶ
893 3692 1287 3765 οίκουμενικῆς
1333 3690 1388 3758 ς’
1435 3693 1657 3746 συνόδου

71 3784 122 3836 ἐν
169 3785 326 3855 μέρει
365 3785 560 3840 ταῦτα
623 3785 939 3851 δὶεξιόντος.
991 3785 1417 3856 Μεμαθήκαμεν
1449 3785 1504 3838 ἓν
1546 3801 1658 3838 τισι

62 3877 158 3931 τῶν
189 3877 550 3950 Ἐκκλησιῶν
583 3878 864 3942 διακόνους
901 3879 1053 3942 τινὰς
1078 3877 1339 3950 αὐθαδείᾳ
1369 3879 1464 3931 καὶ
1496 3878 1660 3931 αύτο-

65 3969 212 4042 νομίᾳ
260 3973 687 4044 κεχρημένους,
718 3970 926 4042 τολμᾷν
958 3972 1067 4043 πρὸ
1107 3969 1216 4022 τῶν
1255 3969 1654 4041 πρεσϐυτέρων

58 4059 405 4130 καθέζεσθαι,
494 4099 515 4116 .
599 4104 616 4121 .
694 4101 711 4119 .
790 4099 806 4116 .
885 4077 901 4094 ο

57 4153 210 4219 ἐκτὸς
235 4156 288 4209 εί
348 4156 434 4228 μὴ
471 4155 545 4210 τὸ
575 4153 874 4226 πρόσωπον
915 4154 1131 4225 ἐπέχων
1159 4153 1255 4208 τοῦ
1309 4150 1514 4206 οἰκείου
1552 4166 1662 4202 πα·-

50 4247 330 4320 τριάρχου,
375 4249 413 4322 ἢ
454 4247 896 4320 μητροπολίτου,
929 4247 987 4300 ὲν
1033 4248 1196 4318 ἑτέρᾳ
1233 4247 1385 4300 πόλει
1415 4246 1658 4317 παραγί-

50 4354 223 4408 νηται,
277 4342 382 4396 ἐπί
409 4359 538 4395 τινι
567 4339 872 4410 κεφαλαίῳ.
893 4339 1027 4393 Τότε
1063 4340 1192 4410 γὰρ,
1225 4338 1300 4402 ώς
1330 4338 1420 4391 τὸν
1450 4337 1661 4392 ἐκείνου

42 4430 198 4486 τόπον
220 4431 618 4507 ἀναπληρῶν,
649 4431 1041 4506 τιμηθήσεται.

117 4634 330 4710 Ἐρώτ.
391 4635 514 4710 ξβν.
586 4633 1014 4710 ’Δγροικώτερος
1084 4635 1264 4707 ἱερεὺς
1330 4633 1425 4688 ἐὰν
1477 4599 1741 4704 τρίτουυ

43 4727 215 4799 γάμου
278 4729 629 4804 ίερολογίαν
697 4731 935 4802 ποιήσῃ,
997 4728 1096 4801 τήν
1162 4728 1525 4800 τριτογαμίαν
1586 4727 1664 4780 εί-

31 4818 154 4887 δὼς,
200 4821 568 4894 κολασθείη,
615 4820 650 4893 ἢ
697 4820 773 4887 ὡς
806 4821 1069 4894 χωρίτης,
1120 4817 1452 4891 συγγνώμης
1499 4818 1665 4886 ἀξιω-

34 4910 261 4983 θήσεται
295 4931 316 4983 ;

102 5029 330 5087 'Aardx.
393 5025 468 5084 Ὀ
532 5025 638 5099 μὲν
691 5025 899 5098 φάκτον
942 5025 1218 5098 ἀγνοήσας
1239 5065 1252 5088 ,
1296 5018 1409 5089 οἷος
1456 5024 1522 5079 ἂν
1569 5021 1664 5077 καὶ

25 5117 199 5188 ἔστιν,
243 5121 543 5190 ἀξιοῦται
591 5119 733 5175 κατὰ
784 5118 983 5190 νόμους
1027 5117 1390 5190 συγγνώμης·
1425 5119 1454 5171 ὁ
1490 5115 1546 5170 δὲ
1577 5115 1668 5168 νό-

19 5231 124 5282 μον
181 5215 561 5288 ἀγνοήσας,
591 5213 654 5266 ού
686 5211 1140 5282 συγγινώσκεται.
1180 5212 1332 5267 Ἐπεὶ
1352 5210 1407 5264 δὲ
1449 5210 1557 5264 ἀπὸ
1572 5208 1668 5280 τῆς

16 5307 248 5378 Νεαρᾶς
273 5306 654 5379 νομοθεσίας
698 5305 792 5360 τοῦ
853 5305 1099 5376 ἀοιδίμου
1159 5304 1420 5377 βασιλέως
1474 5303 1664 5374 κυρίου

8 5399 490 5456 Κωνσταντίνου
531 5396 632 5451 τοῦ
685 5397 1207 5469 Πορφυρογεννήτου
1252 5395 1280 5449 ὁ
1327 5395 1512 5467 τρίτος
1560 5393 1665 5462 γά-

11 5507 114 5558 μος
143 5493 232 5564 πῆ
278 5493 403 5563 μὲν
435 5489 840 5558 συγγνωστέος
887 5489 1026 5554 ἐστὶ,
1076 5487 1156 5558 πῆ
1187 5487 1245 5541 δὲ
1285 5487 1668 5556 ἀσύγγνωστος

0 5588 75 5657 (οἱ
115 5587 239 5659 γὰρ
279 5587 561 5659 ἔχοντες
588 5583 782 5650 παῖδας
807 5584 872 5637 ὲκ
898 5582 1118 5655 πρώτου
1170 5583 1204 5654 ἢ
1256 5582 1511 5653 δευτέρου
1555 5581 1668 5650 γιιί⁴

1748 1927 2064 2010 stantes,'et
2087 1941 2142 1996 in
2173 1941 2378 1996 sanctis
2408 1937 2697 1995 sacriﬁciis
2724 1943 2846 2006 post
2883 1931 3198 2004 praelectum
3232 1945 3326 1985 seu

1749 2035 1991 2107 priorem
2023 2049 2067 2102 ε,
2099 2033 2679 2090 commemorationem
2720 2029 2805 2084 sui
2833 2026 2971 2082 ﬁeri.
3006 2024 3204 2092 Quaero
3254 2037 3324 2077 an

1748 2134 1898 2183 recte
1924 2127 1990 2182 de
2015 2141 2082 2182 eo
2103 2123 2424 2182 contendat.

1821 2240 1976 2312 Resp.
2049 2239 2196 2295 Ordo
2264 2237 2510 2294 caelestia
2576 2243 2632 2291 et
2716 2232 2994 2289 terrestria
3059 2228 3324 2287 continet.

1750 2330 1987 2400 Idquue
2038 2329 2302 2384 Dominus
2359 2336 2552 2382 noster
2604 2324 2769 2381 Jesus
2817 2323 3076 2378 Christus
3145 2321 3326 2374 inanis

1750 2422 1937 2495 gloria:
1967 2421 2259 2476 vanitatem
2313 2420 2637 2490 reprimens,
2671 2417 2804 2473 Cum
2835 2425 3064 2472 vocatus
3123 2411 3320 2480 fueris,

1753 2516 1954 2586 inquit,
2001 2515 2069 2570 ad
2107 2514 2327 2586 nuptias
2387 2513 2457 2566 ab
2487 2512 2695 2579 aliquo,
2759 2523 2830 2564 ne
2881 2505 3204 2562 discumbas
3259 2503 3326 2557 ad

1753 2584 1916 2677 primi
1957 2584 2245 2659 accubitus
2299 2611 2528 2671 tapetes,
2557 2599 2651 2654 sed
2706 2597 2965 2656 recumbe
3023 2596 3075 2649 in
3137 2593 3327 2648 ultimo

1756 2700 1910 2755 loco:
1966 2708 2023 2751 ut
2065 2696 2258 2750 audias
2295 2694 2364 2748 ab
2417 2709 2482 2748 eo
2512 2690 2606 2764 qui
2665 2697 2720 2745 te
2778 2687 3032 2742 invitavit
3065 2700 3082 2739 :
3116 2684 3327 2749 Amice,

1754 2788 1988 2846 ascende
2018 2785 2295 2858 superius.
2338 2785 2404 2838 Et
2461 2784 2532 2838 ita
2597 2781 2703 2836 erit
2759 2781 2855 2836 tibi
2904 2779 3076 2848 gloria
3135 2775 3326 2828 nmlta.

1757 2881 1954 2937 Lector
2015 2881 2180 2950 igitur
2233 2878 2424 2932 volens
2484 2883 2612 2931 ante
2658 2871 2979 2934 sacerdotes
3027 2867 3241 2931 sedere,
3273 2874 3330 2921 et

1755 2983 1878 3045 post
1909 2971 2226 3042 praefectum
2261 2969 2280 3008 ί
2317 2966 2766 3029 commemorari,
2801 2961 3098 3017 Dominicis
3133 2960 3326 3016 adver-

1755 3072 1910 3121 satur
1937 3061 2244 3132 praeccplis.
2278 3057 2433 3124 Quod
2465 3057 2536 3124 si,
2587 3053 3052 3128 quemadmodum
3108 3063 3326 3110 narras,

1757 3156 1927 3210 lector
1958 3154 2014 3208 in
2069 3153 2288 3222 regione
2341 3149 2747 3220 peregrinatur,
2803 3143 3052 3216 praefecti
3091 3143 3270 3203 locum
3303 3141 3328 3182 ⁸

1757 3246 1992 3316 implens
2017 3284 2030 3310 ,
2060 3245 2179 3300 sine
2209 3240 2476 3313 periculo,
2511 3239 2591 3292 vel
2617 3238 2800 3308 potius
2835 3238 3053 3300 merito,
3103 3243 3330 3288 conten-

1758 3341 1839 3396 dit
1866 3347 1991 3392 ante
2021 3336 2340 3391 sacerdotes
2365 3332 2557 3388 sedere
2586 3341 2640 3386 et
2670 3327 3122 3390 commemorari,
3164 3323 3328 3380 veluti

1756 3431 1937 3486 locum
1995 3427 2250 3484 obtinens
2311 3424 2453 3496 ejus,
2518 3423 2609 3495 qui
2661 3421 2943 3476 mandavit
2996 3420 3045 3475 ei
3107 3435 3330 3474 munus.

1756 3523 1925 3594 quue
1955 3519 2266 3577 ostenditur
2289 3533 2320 3572 e
2351 3533 2563 3572 canone
2598 3517 2834 3586 septimo
2858 3525 3067 3570 sancta:
3098 3521 3152 3568 et
3183 3526 3335 3568 mru-

1757 3615 1987 3670 menicae
2023 3621 2188 3667 sexta:
2219 3609 2438 3682 synodi,
2459 3615 2804 3678 congregata:
2838 3607 2891 3660 in
2927 3604 3119 3659 Trullo
3149 3603 3333 3672 magni

1757 3705 1967 3777 palatii,
1997 3704 2114 3759 haec
2167 3703 2220 3756 in
2252 3710 2407 3772 parte
2470 3699 2894 3770 perscqueutis:
2936 3695 2993 3749 in
3049 3693 3334 3750 nonnullis

1760 3797 2024 3853 Ecclesiis
2078 3795 2340 3850 diacones
2405 3791 2581 3846 oliicia
2670 3787 3051 3844 ecclesiastica
3134 3784 3336 3838 habere

1759 3889 2086 3945 didicimus:
2112 3896 2163 3940 et
2194 3901 2258 3939 ex
2295 3885 2396 3940 hoc
2426 3881 2720 3937 nonnullos
2753 3894 2967 3944 eorum,
3022 3873 3336 3945 arrogantia

1761 3992 1814 4039 ct
1847 3981 2064 4036 licentia
2095 3977 2285 4041 fretos,
2312 3983 2438 4030 ante
2475 3972 2829 4044 presbyteros
2868 3969 3060 4024 sedere
3089 3985 3102 4021 :
3136 3966 3329 4022 statui-

1763 4089 1908 4138 mus,
1935 4082 1993 4124 ut
2026 4071 2314 4135 diaconus,
2347 4063 2564 4121 etiamsi
2627 4063 2681 4118 in
2709 4061 2996 4133 dignitate,
3029 4058 3084 4112 id
3133 4066 3242 4123 est,
3282 4056 3336 4109 in

1765 4165 1962 4235 quovis
1998 4163 2070 4218 sit
2110 4159 2288 4215 oﬂicio
2322 4155 2724 4218 ecclesiastica,
2787 4161 2911 4206 ante
2958 4149 3338 4221 presbyterum

1766 4271 1832 4310 ne
1867 4253 2085 4308 sedeat:
2127 4259 2518 4320 prmtcrquam,
2542 4246 2614 4301 sit
2647 4241 2850 4315 proprii
2875 4239 3223 4312 patriarchae,
3256 4239 3338 4291 vel

1767 4342 2172 4416 metropolitani
2203 4344 2376 4396 vicem
2415 4353 2634 4410 gerens,
2683 4335 2828 4390 adsit
2859 4333 2914 4388 in
2963 4331 3070 4385 alia
3118 4329 3340 4384 civitate

1771 4453 1938 4507 Super
1965 4436 2149 4506 aliquo
2176 4432 2375 4502 capite.
2425 4429 2583 4484 Tunc
2648 4427 2819 4492 enim,
2854 4432 2916 4479 ut
2973 4422 3150 4478 locum
3191 4419 3340 4473 illius

1771 4529 2022 4600 implens,
2054 4524 2438 4581 bonorabitur.

1843 4644 2045 4700 lnterr.
2083 4642 2173 4701 62.
2203 4638 2488 4712 Agrestior
2517 4634 2780 4693 sacerdos
2800 4633 2845 4690 si
2882 4631 3028 4686 tertii
3056 4627 3346 4686 matrimo-

1771 4739 1851 4795 nii
1887 4751 2103 4794 sacram
2136 4730 2573 4800 benedictionem
2603 4727 2785 4782 sciens
2817 4722 3029 4788 fecerit,
3060 4719 3343 4791 punietur,

1769 4845 1864 4895 an,
1892 4837 1952 4884 ut
1988 4825 2251 4890 rusticus,
2287 4821 2499 4878 veniam
2525 4813 2864 4882 merebituri

1837 5027 1997 5094 Resp.
2017 5023 2121 5092 Qui
2140 5022 2342 5078 factum
2367 5021 2575 5090 ignorat
2595 5015 2994 5090 qualiscunque
3011 5011 3106 5075 sit,
3134 5009 3344 5082 legibus

1771 5127 2071 5175 excusatur
2101 5134 2116 5172 :
2152 5114 2245 5185 qui
2277 5121 2457 5168 autem
2485 5111 2657 5181 legem
2693 5110 2930 5180 ignorat,
2969 5106 3184 5161 veniam
3235 5118 3344 5156 non

1775 5208 2160 5279 consequitur.
2203 5204 2474 5272 Quoniam
2501 5209 2681 5256 autem
2703 5201 2922 5256 Novella
2947 5196 3347 5253 constitutione

1779 5300 1968 5372 inclyti
1999 5293 2367 5367 imperatoris,
2395 5281 2600 5346 domini
2653 5289 3005 5347 Constantini
3037 5288 3350 5358 Porpher-

1775 5400 2044 5464 gennetze,
2101 5389 2279 5445 tertiae
2309 5384 2513 5456 nuptiae
2548 5384 2746 5455 partim
2802 5382 3105 5438 suntvenia
3146 5381 3346 5450 dignae,

1776 5487 1972 5558 partim
2019 5483 2244 5538 minime
2292 5483 2442 5551 (nam
2495 5481 2588 5549 qui
2643 5493 2726 5546 ex,
2762 5480 2960 5549 primo,
2995 5476 3077 5531 vel
3107 5471 3350 5530 secundo

1778 5577 2131 5636 matrimonio
2159 5575 2361 5631 habent
2389 5572 2616 5639 liberos,
2654 5581 2708 5629 et
2743 5572 2836 5643 qui
2869 5568 3347 5641 quadragesimum

1376 5745 1613 5801 VARUE
1649 5741 2052 5801 LECTIONES.

71 5875 94 5904 ε
149 5865 436 5921 obnoxia
470 5861 727 5933 fuerunt.
802 5861 924 5916 dab
975 5862 1182 5920 abbate.
1265 5875 1288 5903 ο
1320 5873 1434 5932 post
1469 5861 1729 5917 abbatem.
1815 5860 2134 5918 fabbatem.
2217 5859 2472 5916 'abbatis
2525 5858 2660 5915 vices
2702 5871 2904 5925 gerens.
