3948 6580
562 395 699 464 1091
1857 385 1994 445 JUS
2032 383 2158 443 CM“

2260 382 2474 444 llCUM
3667 385 3781 451 1092

556 507 739 566 aetatis
771 520 976 562 annum
1018 511 1398 567 excesserunt,
1437 501 1628 558 tertias
1670 499 1995 555 contrahere
2026 511 2134 550 non

2260 513 2370 561 ιου,
2406 496 2499 549 καὶ
2525 498 2572 550 οί
2604 495 3041 567 τεσσαρακοστὸν
3069 495 3260 568 χρόνον
3281 495 3384 566 τῆς
3404 495 3614 567 ἡλικίας
3634 501 3781 554 sim?»

556 601 812 674 possunt)
839 617 854 655 :
885 599 1120 656 dit-imus
1150 594 1622 665 sacerdotem,qui
1647 589 1960 662 huiusmodi
1995 589 2135 675 veti-

2260 587 2710 656 inepavaﬁvtsg,
2755 587 2939 657 τρίτον
2987 587 3366 641 συναλλάττειν
3385 587 3448 640 ού
3499 587 3781 656 δύνανται)-

556 701 739 748 tarum
770 690 1086 761 nuptiarum
1117 686 1554 743 benedictionem
1589 683 1801 747 fecerit,
1857 680 2135 749 deponen-

2260 677 2424 747 ραμὲν
2457 679 2539 731 ὅτι
2572 681 2600 731 6
2623 678 2867 731 τοιούτου
2899 677 3282 747 κεκωλυμένου
3311 679 3498 748 τρίτου
3528 680 3694 748 γάμου
3722 684 3782 733 is-

558 786 686 840 dum
719 799 876 840 esse:
913 783 1034 851 ejus
1082 783 1227 838 enim
1277 793 1461 834 crassa
1501 787 1585 831 est
1631 775 1767 845 legis
1806 770 2133 845 ignorantia.

2260 770 2491 838 >ολογίαν
2514 767 2830 840 πεποιηκὼς
2857 771 3053 843 ἱερεὺς,
3082 769 3440 840 καθαιρετέος
3493 768 3638 822 ἐστίν
3660 787 3672 800 ·
3699 789 3784 823 παι

559 875 774 932 Rustici
811 883 994 930 autem
1028 874 1074 928 si
1107 871 1468 928 subtilitatem
1495 868 1632 938 legis
1662 866 1934 936 ignorent,
1964 865 2138 917 inter—

2260 863 2447 931 ίύτητα
2484 861 2593 932 γὰρ
2621 862 2784 931 νόμου
2809 861 3094 932 ἠγνόησεν.
3123 863 3186 914 Οἱ
3216 862 3272 915 δὲ
3324 863 3580 930 χωρῖται,
3619 861 3785 914 λεπτό-

559 965 688 1020 dum
729 971 1101 1025 excusantur,
1151 974 1260 1014 non
1319 969 1520 1022 tamen,
1551 954 1597 1010 si
1638 952 1894 1008 omnibus
1919 949 2140 1004 manife-

2260 970 2378 1022 ςητσ.
2403 953 2569 1022 νόμου
2598 953 2949 1023 ἠγνοηκότες,
3015 952 3186 1006 ἐνίοτε
3224 953 3703 1020 συγγινώσκονται,
3736 952 3785 1004 οὗ

560 1064 644 1112 sta
667 1055 816 1124 jura.

2260 1043 2351 1110 ιὴν
2381 1043 2450 1096 τὰ
2483 1045 2615 1096 πᾶσι
2646 1041 2783 1114 δῆλα
2810 1043 3038 1113 νόμιμα.

629 1154 829 1209 Interr.
861 1150 951 1206 65.
973 1149 1168 1203 Mulier
1191 1143 1438 1216 quaedam
1479 1158 1506 1197 a
1539 1141 1758 1214 proprio
1785 1148 1938 1210 patre
1952 1147 2140 1194 coacta

2324 1133 2522 1202 Ἐρώτ.
2573 1135 2670 1206 if.
2728 1136 2867 1205 Γυνή
2891 1151 2974 1198 τις
3012 1133 3443 1204 -άναγκαζομένη
3525 1134 3669 1202 παρὰ
3708 1135 3784 1188 τοῦ

564 1250 810 1322 legitime
849 1242 1108 1313 conjungi
1144 1239 1282 1301 viro,
1315 1247 1371 1293 et
1403 1235 1595 1291 videns
1623 1233 1971 1300 obligatoriis
2001 1230 2141 1286 scri-

2260 1228 2442 1282 iixaiou
2501 1230 2710 1299 πατρὸς
2774 1229 3021 1299 νομίμως
3069 1228 3433 1298 συζευχθῆναι
3491 1227 3661 1298 ἀνδρὶ.
3710 1230 3784 1282 καὶ

562 1320 674 1416 ptis
700 1340 1018 1410 coniugium
1052 1351 1083 1390 a
1133 1342 1287 1404 patre
1321 1331 1615 1394 nmnitum,
1648 1326 1929 1390 indicavit,
1993 1323 2138 1394 quod

2260 1325 2521 1378 Ξ-λέπουσα
2557 1323 2626 1377 δι’
2657 1321 2953 1394 ἐγγράφων
3011 1321 3366 1391 δεσμωτικῶν
3411 1322 3515 1393 τὴν
3554 1320 3783 1389 συζυγίαν

564 1413 715 1491 recte
769 1433 974 1486 factum
1033 1437 1172 1492 erat,
1209 1423 1422 1480 cuidam
1470 1421 1734 1476 amatorie
1772 1432 1902 1487 erga
1963 1417 2138 1487 ipsam

2260 1419 2348 1472 in?)
2373 1416 2466 1470 τοῦ
2507 1416 2712 1486 πατρὸς
2745 1414 3206 1484 άσφαλιζομένην,
3258 1414 3483 1484 μήνυμα
3505 1413 3653 1467 ἔθετο
3673 1415 3782 1482 πρός

565 1527 784 1584 allecto.
812 1524 910 1578 llic
938 1530 1143 1584 autem,
1179 1528 1236 1572 ut
1269 1516 1480 1587 perdite
1515 1528 1728 1575 amans,
1757 1511 1892 1565 nihil
1923 1517 2146 1563 cuncta-

2260 1529 2364 1578 τινα
2389 1509 2734 1579 διακείμενον
2762 1507 3041 1579 ἐρωτικῶς
3071 1506 3209 1578 πρὸς
3254 1507 3426 1578 αὐτὴν
3455 1505 3550 1559 τοῦ
3596 1509 3783 1577 γινομέ-

563 1629 678 1681 tus,
722 1630 846 1671 cum
907 1610 1185 1668 nonnullis
1223 1608 1300 1662 rei
1362 1605 1571 1676 ignaris
1606 1603 1970 1682 l‘arniliarihus
2019 1600 2136 1655 suis

2260 1616 2335 1652 μου
2364 1598 2546 1652 καλοῦ.
2589 1596 2646 1649 '0
2679 1595 2758 1659 δὲ,
2801 1595 2967 1667 μηδὲν
3007 1595 3300 1666 μελλήσας,
3330 1595 3407 1659 ὡς
3433 1597 3780 1666 ὲρωτομανῶν,

564 1719 724 1764 nocte
739 1705 971 1776 quadam
998 1705 1052 1757 in
1083 1700 1330 1754 mulieris
1382 1696 1720 1752 domicilium
1751 1693 1966 1762 irrupit,
1995 1705 2144 1746 eam-

2260 1689 2386 1756 .LStC't
2441 1707 2603 1744 τινων
2645 1688 2984 1744 ἀπαιδεύτων
3044 1689 3291 1759 συνήθων
3338 1689 3492 1758 αύτῷ
3520 1693 3577 1742 ἐν
3604 1691 3782 1763 ἑσπέρᾳ

566 1817 673 1872 que
724 1799 992 1853 volentem
1055 1792 1260 1863 rapuit,
1330 1789 1663 1858 abduxitque
1709 1784 1929 1839 domum
1961 1797 2137 1843 suam,

565 1895 709 1947 intra
757 1876 902 1944 lines
939 1887 1080 1941 alius
1137 1882 1394 1938 territorii
1455 1880 1645 1934 sitam.
1683 1877 1898 1943 Quaero,
1951 1891 2016 1928 an
2049 1875 2140 1944 qui

564 1984 729 2038 talem
755 1988 971 2050 raptum
999 1977 1335 2037 molitisunt,
1369 1971 1584 2043 possint
1613 1987 1705 2041 per
1734 1984 1947 2024 sacram
1977 1969 2141 2022 bene-

567 2075 860 2131 dictionem
886 2069 1148 2125 canonice
1176 2068 1432 2137 conjungi
1469 2083 1483 2118 :
1510 2065 1766 2129 maxime,
1795 2077 1916 2118 cum
1953 2061 2144 2131 puellus

565 2175 822 2239 parentes
845 2163 976 2219 illttd
997 2161 1159 2216 modo
1193 2161 1306 2215 ﬁeri
1345 2159 1528 2213 velint.

2249 1783 2347 1853 μιᾷ
2381 1781 2478 1853 τὴν
2511 1781 2610 1852 τῆς
2649 1781 2902 1850 γυναικὸς
2926 1781 3208 1834 κατοικίαν
3229 1780 3496 1836 κατέλαϐε
3521 1799 3538 1816 ο
3572 1783 3660 1837 καὶ
3679 1785 3783 1838 ταύ-

2246 1875 2343 1945 τὴν
2372 1876 2590 1945 ἥρπασε
2622 1873 2907 1936 θέλουσαν,
2955 1875 3048 1927 καὶ
3095 1873 3383 1943 ἀπήγαγεν
3412 1876 3495 1937 είς
3517 1873 3786 1945 τὴνκατοι-

2247 1961 2369 2014 κίαν
2405 1957 2592 2024 αὑτοῦ,
2628 1958 2982 2027 διακειμένην
3041 1960 3122 2020 εἰς
3161 1958 3350 2029 ἑτέρου
3405 1959 3604 2030 χωρίου
3655 1976 3787 2029 περι-

2248 2055 2404 2124 οχήν.
2449 2053 2669 2124 Ἑρωτῶ
2701 2047 2794 2104 οὖν
2824 2051 3013 2121 μαθεῖν
3043 2051 3092 2103 εί
3133 2050 3384 2106 δύνανται
3413 2052 3787 2122 ειάίιρολογίας

2247 2147 2544 2209 κανονικὼς
2566 2145 2902 2216 συναφθῆναι
2930 2146 2978 2198 οἱ
2993 2145 3136 2199 οὕτω
3160 2145 3259 2217 τὴν
3287 2144 3545 2216 τοιαύτην
3565 2146 3785 2216 ἁρπαγὴν

2249 2238 2704 2302 συσκευάσαντες.
2741 2237 2850 2292 Καὶ
2875 2240 2923 2291 οἱ
2962 2241 3140 2308 γονεῖς
3177 2239 3284 2310 γάρ
3310 2239 3408 2310 τῆς
3437 2238 3681 2307 γυναικὸς
3713 2239 3787 2292 θέ-

2247 2332 2428 2384 λουσιν
2455 2330 2658 2401 ἀρτίως
2691 2329 2850 2383 τοῦτο
2887 2330 3162 2398 γενέσθαι.

2331 2427 2537 2480 Ἀπόθε.
2572 2425 2646 2477 Τὸ
2677 2422 2727 2493 γ’
2759 2425 3051 2495 κεφάλαιον
3081 2425 3174 2479 τοῦ
3204 2433 3285 2496 νη⁹
3321 2425 3501 2480 τίτλου
3531 2424 3620 2478 τυῦ
3649 2424 3689 2491 ξ’
3720 2423 3789 2494 βι-

2251 2516 2396 2589 βλίου
2425 2518 2531 2570 τῶν
2555 2516 2860 2571 Βασιλικῶν
2878 2515 3052 2572 ταῦτά
3082 2535 3216 2588 φησι
3255 2518 3461 2588 ῥητῶς·
3490 2516 3580 2588 Μὴ
3623 2517 3791 2585 γαμεί-

2252 2609 2364 2662 σθω
2393 2611 2426 2681 ἡ
2456 2608 2771 2678 ἁρπαγεῖσα
2816 2606 2894 2678 τῷ
2949 2609 3258 2677 ἁρπάσαντι
3296 2607 3470 2679 αύτήν
3495 2623 3512 2640 ·
3560 2607 3686 2662 ἁλλὰ
3715 2606 3791 2660 καὶ

2251 2702 2298 2753 εἰ
2333 2700 2707 2755 συναινέσουσι
2754 2699 2835 2771 τῷ
2879 2698 3108 2772 τοιούτῳ
3168 2701 3494 2771 συνοικεσίῳ
3527 2702 3575 2753 oi
3635 2703 3793 2768 γονεξ

2251 2793 2424 2864 αὐτῆς
2445 2833 2461 2860 ,
2511 2793 2936 2866 περιορίζονται.
3003 2793 3110 2847 Καὶ
3137 2794 3166 2846 6
3193 2792 3274 2858 κζ’
3305 2791 3489 2846 κανὼν
3519 2792 3616 2861 τῆς
3653 2791 3791 2856 ἁγίας

2253 2887 2346 2940 καὶ
2371 2884 2754 2955 οἱκουμενικῆς
2783 2882 2824 2937 δ’
2852 2883 3069 2937 συνόδου
3099 2881 3274 2939 ταῦτα
3321 2875 3498 2954 φησιί
3533 2883 3662 2944 Τοὺς
3707 2883 3792 2952 ἁρ-

639 2423 797 2493 Resp.
821 2422 1068 2479 Tertium
1092 2431 1254 2492 caput
1274 2421 1342 2476 58
1371 2421 1456 2476 tit.
1486 2420 1582 2475 lib.
1610 2419 1680 2476 60
1711 2419 2002 2486 Basilicon,
2031 2421 2146 2475 haec

569 2519 646 2570 ait
688 2514 1035 2572 nominatim.
1095 2513 1172 2570 Ne
1212 2515 1383 2568 nubat
1418 2522 1572 2582 rapta
1611 2513 1843 2581 raptori.
1871 2513 1976 2567 Sed
2009 2521 2065 2567 et
2101 2513 2147 2568 si

569 2611 663 2665 tali
684 2609 944 2680 conjugio
971 2616 1229 2678 parentes
1273 2607 1393 2677 ejus
1419 2608 1789 2671 consentiant,
1814 2607 2010 2662 exsilio
2040 2607 2149 2661 cir-

570 2700 1041 2756 cumscrihuntur.
1071 2697 1134 2753 Et
1161 2700 1231 2754 27
1257 2713 1432 2753 canon
1463 2707 1666 2753 sancta:
1713 2707 1768 2753 et
1799 2699 2151 2754 mcnmenica:

570 2800 782 2861 quarta
806 2789 1000 2863 synodi
1036 2790 1151 2844 hare
1180 2790 1391 2860 inquit:
1425 2788 1558 2854 Eos,
1591 2790 1684 2858 qui
1719 2789 1939 2844 nomine
1962 2789 2153 2858 conju-

570 2887 644 2958 gii
697 2885 955 2940 mulieres
1002 2883 1244 2953 rapiunt,
1281 2882 1365 2936 vel
1389 2897 1544 2951 opem
1583 2881 1765 2936 lerunt
1809 2895 1872 2935 ac
1921 2892 2153 2936 consen-

570 2980 717 3033 tiunt
746 2978 834 3038 iis.
865 2977 958 3047 qui
995 2975 1247 3046 rapiunt;
1288 2975 1480 3028 statuit
1505 2973 1768 3044 synodus,
1804 2974 1848 3028 si
1881 2973 1994 3028 sint
2025 2973 2152 3044 qui.

2260 2977 2527 3043 πάξοντας
2591 2979 2858 3047 γυναῖκας
2944 2977 3033 3031 ἐπ’
3102 2976 3329 3048 ὀνόματι
3393 2974 3792 3044 amsanctle

572 3069 692 3123 dem
729 3069 938 3134 clerici,
1000 3069 1227 3138 proprio
1269 3067 1442 3137 gradu
1470 3065 1726 3121 excidere
1763 3083 1777 3118 :
1831 3066 1915 3121 sin
1970 3074 2151 3119 autem

2260 3070 2724 3142 συμπράττοντας,
2755 3070 2790 3139 ἢ
2827 3068 3252 3140 συναιρομένους
3299 3069 3413 3132 τοῖς
3467 3069 3794 3139 ἁρπάζουσιν,

573 3163 726 3226 laici,
758 3161 1245 3217 anathematizari.
1283 3160 1651 3227 Quamobrem
1679 3168 1731 3213 et
1751 3174 1851 3213 nos
1881 3159 1994 3212 haec
2021 3159 2144 3228 legi-

2260 3163 2450 3233 ὥρισεν
2483 3165 2515 3232 ἡ
2553 3162 2684 3230 ἁγία
2707 3160 2945 3226 σύνοδος,
2976 3159 3150 3231 εἰμὲν
3202 3160 3458 3232 κληρικοὶ
3487 3157 3616 3223 εἷεν,
3659 3156 3796 3210 ἐκπί-

574 3259 707 3312 time
736 3258 1112 3327 canoniceque
1161 3258 1457 3311 constituta
1493 3265 1808 3326 sequentes,
1867 3252 2100 3310 dicimus
2134 3272 2147 3309 :

2260 3271 2416 3308 πτειν
2442 3254 2536 3308 τοῦ
2597 3252 2807 3323 βαθμοῦ
2829 3269 2843 3283 ·
2895 3254 2945 3306 εί
2996 3253 3051 3306 δὲ
3082 3251 3282 3316 λαῖκοὶ,
3311 3247 3796 3321 ἁναθεματίξεσθσι.

576 3352 623 3406 si
657 3367 781 3417 res,
836 3359 896 3406 ut
953 3349 1388 3418 interrogatione
1448 3359 1539 3403 tua
1600 3347 2054 3418 proposuisti,ita
2091 3361 2150 3401 se

2260 3347 2350 3400 Διὸ
2377 3347 2470 3400 καὶ
2498 3347 2658 3417 ἡμεῖς
2690 3347 2802 3408 τοῖς
2827 3344 2966 3398 οὕτω
2993 3343 3437 3414 διατεταγμένοις
3488 3343 3721 3411 νομίμως
3750 3356 3796 3392 τε

577 3443 775 3510 habet;
834 3457 1009 3511 neque
1037 3443 1257 3510 nuptias
1295 3439 1510 3493 futuras
1548 3440 1690 3493 inter
1745 3446 1952 3504 raptam
1982 3445 2036 3491 et
2064 3453 2154 3491 ra-

2260 3439 2354 3492 mi
2406 3437 2706 3500 κανονικῶς
2779 3435 3268 3507 ἀκολουθήσαντες,
3321 3435 3554 3503 λέγομεν
3617 3432 3689 3493 ὡς
3759 3432 3797 3483 εί

579 3543 815 3603 plorem,
868 3542 923 3586 et
981 3534 1028 3587 si
1080 3540 1236 3601 pater
1277 3531 1425 3585 illius
1479 3547 1590 3585 rem
1632 3531 1896 3600 approbet
1927 3547 1940 3583 :
1974 3546 2152 3600 neque

2260 3529 2429 3592 οὕτως
2467 3529 2650 3600 έχουσι
2685 3527 2754 3582 τὰ
2790 3527 2884 3582 τοῦ
2913 3529 3233 3599 πράγματος
3263 3526 3444 3591 καθὼς
3477 3528 3509 3596 ἠ
3561 3524 3797 3596 ἐρώτησις

577 3634 772 3695 raptus
801 3641 990 3692 pinnas
1029 3625 1373 3695 etl‘ugituros,
1399 3624 1490 3694 qui
1521 3623 1640 3691 ejus
1675 3625 1878 3679 fuerint
1921 3624 2151 3691 conscii,

2261 3623 2642 3693 περιέστησεν,
2679 3619 2801 3674 οὔτε
2831 3621 3009 3690 γάμος
3036 3620 3326 3690 γενήσεται
3354 3617 3558 3689 μεταξὺ
3581 3617 3675 3686 τῆς
3721 3616 3797 3685 ἁρ-

579 3717 673 3772 sed
703 3717 865 3771 etiam
901 3717 1093 3771 ultimo
1118 3716 1340 3772 allectos
1369 3717 1435 3771 iri
1465 3716 1759 3784 supplicio.

2264 3713 2530 3784 παγείσης
2564 3714 2658 3766 καὶ
2689 3711 2784 3765 τοῦ
2820 3711 3187 3784 ἁρπάσαντος,
3222 3711 3325 3765 κᾶν
3351 3711 3382 3762 6
3411 3710 3592 3778 πατὴρ
3627 3707 3799 3774 ταύτης

577 3807 891 3878 ἀσπάζηται
920 3806 979 3861 τὸ
1004 3809 1304 3878 γινόμενον,
1333 3806 1458 3860 οὔτε
1505 3805 1572 3860 τὰ
1605 3807 1703 3878 τῆς
1752 3808 2007 3879 ἁρπαγῆς
2037 3806 2284 3878 ἐπιτίμια
2323 3806 2701 3877 διαδράσουσιν
2729 3807 2780 3859 οἱ
2845 3804 3052 3876 ταύτης
3121 3803 3459 3874 συνίστορες,
3525 3801 3660 3856 ἀλλὰ
3728 3800 3800 3852 καὶ

579 3903 821 3974 ἐσχάτως
851 3920 904 3955 τι
912 3903 1354 3974 μωρηθήσονται.

651 3995 850 4053 lnterr.
874 3997 963 4052 64.
990 3994 1185 4051 Mulier
1213 3997 1459 4066 quaedam
1483 3995 1635 4068 gravi
1659 3995 1850 4051 morbo
1876 3995 2154 4059 laborans,

2346 3990 2548 4057 Ἐρώτ.
2613 3988 2706 4054 ξς’.
2765 3988 2906 4058 Γυνή
2967 4004 3050 4050 τις
3119 3986 3400 4059 ἀρρωστίᾳ
3463 3981 3799 4056 περιπεσοῦσα

581 4100 746 4145 nocte
801 4089 930 4144 mali
984 4089 1334 4143 amictionem
1381 4089 1518 4155 ulta,
1555 4091 1792 4157 seipsam
1835 4088 1890 4141 in
1929 4096 2158 4141 mortem

2260 4081 2428 4150 δεινῇ,
2467 4081 2525 4131 ὲν
2580 4077 2699 4149 ὥρᾳ
2749 4079 3062 4148 νυκτερινῇ,
3114 4076 3212 4130 τοῦ
3268 4077 3574 4148 νοσήματος
3627 4080 3800 4147 ἀμυνο-

586 4180 842 4251 projccit,
879 4189 933 4233 et
961 4178 1157 4233 mortis
1187 4179 1370 4232 hausit
1417 4178 1698 4248 poculum.
1739 4176 1836 4232 Vir
1860 4176 2002 4246 ejus,
2033 4193 2158 4232 curn

2265 4170 2400 4242 μένη
2429 4169 2592 4239 δῆθεν
2637 4169 2737 4238 τὴν
2767 4168 3033 4232 κάκωσιν,
3081 4167 3284 4238 ἑαυτὴν
3344 4169 3426 4231 είς
3469 4166 3694 4222 θάνατον
3733 4167 3802 4235 ἐρ·

584 4270 756 4325 lcctor
813 4277 942 4324 tunc
987 4279 1186 4334 esset,
1245 4268 1516 4337 hodieque
1561 4269 1662 4332 sit,
1721 4269 1936 4337 quaerit,
1983 4284 2052 4322 an
2091 4269 2158 4323 ob

2266 4263 2410 4335 ῥεψε,
2451 4260 2639 4315 καὶτὸ
2678 4259 2774 4312 τοῦ
2826 4260 3056 4313 θανάτου
3104 4261 3363 4332 ποτήριον
3389 4259 3563 4313 ἔπιεν.
3629 4257 3802 4328 Ἐρωτᾷ

583 4379 704 4419 eam
753 4377 866 4417 rem
917 4359 1322 4417 saderdotalem
1362 4361 1688 4432 dignitatem
1737 4362 2001 4433 consequi
2045 4378 2156 4417 non

585 4453 780 4525 possit.

663 4628 818 4696 Resp.
841 4627 922 4692 Si,
951 4625 1415 4698 quemadmodum
1435 4641 1654 4695 narras,
1678 4628 1752 4684 ita
1775 4643 1834 4685 se
1862 4643 1951 4684 res
1977 4628 2160 4695 habet,
2194 4608 2238 4664 Ῐ)

589 4717 764 4771 lector
782 4717 902 4772 sine
938 4716 1331 4786 impedimento
1358 4718 1692 4772 sacrabitur.
1749 4717 1820 4774 Ut
1868 4719 2009 4775 enim
2037 4719 2164 4774 dili-

589 4821 803 4884 gentem
838 4813 1059 4884 pigritia
1096 4827 1202 4868 non
1223 4813 1372 4868 laedit
1403 4814 1831 4885 negligentis,ex
1853 4816 2162 4870 divinorum

2264 4353 2356 4408 οὖν
2383 4356 2410 4408 6
2455 4353 2659 4423 ταύτης
2695 4351 2854 4422 ἀνὴρ,
2895 4351 3248 4422 ἀναγνώστης
3305 4351 3381 4405 ὣν
3429 4353 3524 4405 καὶ
3574 4353 3688 4404 τότε
3733 4350 3805 4409 καὶ

2270 4447 2534 4517 σήμερον,
2591 4447 2640 4498 εἰ
2683 4444 2934 4499 ἐντεῦθεν
2997 4444 3265 4499 κωλύεται
3321 4447 3508 4515 τυχεῖν
3566 4439 3804 4514 ἱερατικοῦ

2268 4537 2597 4607 ἀξιώματος.

2351 4629 2557 4683 Ἀπόκ.
2619 4629 2679 4680 Et
2722 4627 2866 4680 κατὰ
2910 4625 3008 4696 τὴν
3040 4625 3291 4696 διήγησίν
3324 4644 3416 4680 σου
3447 4628 3727 4681 συνέπεσον
3755 4627 3805 4678 τὰ

2266 4720 2361 4774 τοῦ
2431 4720 2774 4792 πράγματος,
2831 4720 3323 4790 ἁπαρεμποδίστως
3377 4721 3407 4772 6
3484 4721 3798 4788 ἀναγνώστῃ,

2269 4811 2644 4882 ἱερωθήσεται.
2709 4811 2794 4874 Ὠς
2835 4810 2944 4882 γὰρ
2991 4812 3050 4864 ού
3127 4811 3352 4878 βλάπτει
3403 4814 3498 4866 τὸν
3552 4812 3799 4866 σπουδαῖον

589 4919 861 4959 canonum
917 4905 1342 4960 sententiazsic
1400 4906 1593 4962 lectori
1648 4907 2022 4977 prajudicium
2057 4923 2158 4962 non

2272 4907 2306 4975 ἡ
2340 4903 2582 4975 ῥᾳθυμία
2629 4901 2724 4955 τοῦ
2781 4903 3036 4971 ἁμελοῠς,
3085 4904 3227 4956 κατὰ
3256 4903 3355 4973 τὴν
3381 4904 3492 4957 τῶν
3543 4904 3695 4958 θείων
3738 4901 3803 4953 νό-

593 4996 760 5052 faciet
795 5000 987 5053 uxoris
1049 4998 1174 5066 ejus
1229 5008 1539 5067 peccatum.
1576 4997 1964 5069 Unusquisque
2021 4999 2166 5055 enim

593 5089 832 5158 propriis
917 5089 1136 5145 catenis
1228 5091 1331 5161 (ut
1414 5091 1576 5164 vulgo
1655 5090 1867 5163 fertur)
1951 5103 2169 5148 coerce-

593 5189 684 5236 tur
732 5181 783 5234 δ.

767 5353 1092 5412 OFFlClUM
1127 5356 1218 5412 ET
1259 5358 1608 5418 DEFINITIO
1644 5361 1980 5420 EPISCOPI.

594 5447 681 5504 Ea:
732 5447 871 5504 libro
909 5446 974 5502 de
1010 5447 1177 5572 iure,
1204 5451 1302 5531 qui.
1345 5461 1422 5504 est
1475 5452 1688 5516 Basilii,
1741 5454 2079 5512 Constantini
2119 5468 2168 5512 et

1058 5535 1226 5572 coms.
1264 5522 1418 5572 titulo
1465 5539 1517 5572 ν.
1559 5539 1677 5572 can.
1712 5539 1750 5572 ι.

1058 5521 1226 5585 conis,
1264 5522 1418 5576 titulo
1465 5539 1517 5589 ν,
1559 5539 1677 5592 cap.
1712 5539 1750 5579 ι.

665 5664 971 5740 Episcopus
1025 5679 1112 5728 est
1143 5673 1421 5747 inspector
1453 5685 1507 5734 et
1541 5688 1764 5734 curator
1820 5682 2064 5735 omnium
2101 5682 2168 5736 ad

2281 5013 2396 5065 μων
2428 4993 2740 5063 περίληψιν,
2777 4993 2900 5046 οὐδὲ
2935 4994 3025 5046 τὸν
3064 4994 3420 5063 ἀναγνώστην
3480 4992 3804 5065 προκριματί-

2276 5099 2360 5135 σει
2401 5085 2498 5151 τῆς
2534 5081 2793 5149 γυναικὸς
2821 5081 2986 5134 αὐτοῦ
3009 5082 3070 5134 τὸ
3098 5081 3392 5152 ὀλίσθημα.
3440 5083 3698 5144 Ἕκαστος
3724 5080 3804 5146 γὰρ

2277 5177 2399 5236 ταῖς
2427 5173 2658 5237 οἰκείαις
2703 5175 2933 5244 σειραῖς,
2989 5174 3130 5227 κατὰ
3187 5173 3280 5227 τὸν
3321 5174 3563 5240 εἰπόντα,
3612 5169 3805 5239 συσφίγ-

2315 5283 2453 5319 εται.
3155 5317 3159 5322 ί

2315 5283 2453 5319 εται.
3155 5317 3159 5322 ⁴

2277 5283 2310 5334 γ
2336 5360 2424 5411 ΤΟ
2453 5358 2795 5414 ΚΑΘΗΚΟΝ
2827 5358 2947 5412 ΚΑΙ
2978 5359 3152 5412 ΟΡΟΣ
3194 5357 3333 5412 ΤΟΥ
3365 5355 3758 5412 ΕΠΙΣΚΟΠΟΥ.

2291 5450 2436 5504 Ἀπὸ
2488 5451 2594 5504 τοῦ
2676 5450 2931 5520 νομίμου
2992 5451 3238 5514 ,ϐιϐλίου
3299 5450 3637 5508 Βασίλειον.
3680 5449 3809 5501 Κων-

2348 5524 2675 5606 σταντίγου
2738 5519 2836 5574 καὶ
2904 5519 3183 5587 Λέοντος,
3225 5521 3345 5575 ἀπὸ
3405 5519 3513 5576 τοῦ
3543 5526 3584 5573 ε’
3614 5521 3804 5578 τίτλον,

2349 5608 2480 5659 περ.
2521 5609 2558 5643 α
2578 5630 2592 5645 .

2363 5684 2688 5749 Ἐπίσκοπος
2757 5685 2902 5738 ἐστιν
2963 5681 3296 5756 ἐπιτηρητὴς
3365 5683 3458 5739 καὶ
3513 5677 3806 5753 ἐπιμελητὴς

1916 5771 2146 5829 VARIAL
2188 5774 2608 5845 LECTIONES._

668 5850 700 5895 Ιι
733 5858 1138 5932 constringitur.
