  <div class='ocr_page' id='page_1' title='image "/cluster/home/n/w/nwhite01/storage/ocr_20150623/119/hvd.32044019208156/555.png"; bbox 0 0 3948 6574; ppageno 0'>
   <div class='ocr_carea' id='block_1_1' title="bbox 495 385 640 450">
    <p class='ocr_par' dir='ltr' id='par_1_1' title="bbox 495 385 640 450">
     <span class='ocr_line' id='line_1_1' title="bbox 495 385 640 450; baseline 0.014 -2"><span class='ocrx_word' id='word_1_1' title='bbox 495 385 640 450; x_wconf 85' lang='grc'>1095</span> 
     </span>
    </p>
   </div>
   <div class='ocr_carea' id='block_1_2' title="bbox 502 582 2077 655">
    <p class='ocr_par' dir='ltr' id='par_1_2' title="bbox 502 582 2077 655">
     <span class='ocr_line' id='line_1_2' title="bbox 502 582 2077 655; baseline -0.008 -7"><span class='ocrx_word' id='word_1_2' title='bbox 502 606 603 648; x_wconf 89' lang='lat' dir='ltr'><strong>nec</strong></span> <span class='ocrx_word' id='word_1_3' title='bbox 640 589 751 644; x_wconf 91' lang='lat' dir='ltr'><strong>ille.</strong></span> <span class='ocrx_word' id='word_1_4' title='bbox 780 617 849 628; x_wconf 90' lang='lat'><strong>—</strong></span> <span class='ocrx_word' id='word_1_5' title='bbox 877 585 1076 641; x_wconf 82' lang='lat' dir='ltr'><strong>lnterr.</strong></span> <span class='ocrx_word' id='word_1_6' title='bbox 1116 585 1220 652; x_wconf 87' lang='lat' dir='ltr'><strong>Qui</strong></span> <span class='ocrx_word' id='word_1_7' title='bbox 1249 596 1441 655; x_wconf 90' lang='lat' dir='ltr'><strong>captus</strong></span> <span class='ocrx_word' id='word_1_8' title='bbox 1465 599 1494 638; x_wconf 91' lang='lat' dir='ltr'><strong>a</strong></span> <span class='ocrx_word' id='word_1_9' title='bbox 1527 582 1845 655; x_wconf 74' lang='lat' dir='ltr'><strong>gentilibus,</strong></span> <span class='ocrx_word' id='word_1_10' title='bbox 1877 591 1930 639; x_wconf 78' lang='lat' dir='ltr'><strong>et</strong></span> <span class='ocrx_word' id='word_1_11' title='bbox 1962 595 2077 636; x_wconf 90' lang='lat' dir='ltr'><strong>am-</strong></span> 
     </span>
    </p>
   </div>
   <div class='ocr_carea' id='block_1_3' title="bbox 491 676 2078 755">
    <p class='ocr_par' dir='ltr' id='par_1_3' title="bbox 491 676 2078 755">
     <span class='ocr_line' id='line_1_3' title="bbox 491 676 2078 755; baseline -0.008 -16"><span class='ocrx_word' id='word_1_12' title='bbox 491 686 685 755; x_wconf 83' lang='lat' dir='ltr'><strong>plexus</strong></span> <span class='ocrx_word' id='word_1_13' title='bbox 726 681 1046 749; x_wconf 73' lang='lat' dir='ltr'><strong>religionem</strong></span> <span class='ocrx_word' id='word_1_14' title='bbox 1087 692 1378 748; x_wconf 79' lang='lat' dir='ltr'><strong>paganam,</strong></span> <span class='ocrx_word' id='word_1_15' title='bbox 1411 687 1574 746; x_wconf 89' lang='lat' dir='ltr'><strong>atque</strong></span> <span class='ocrx_word' id='word_1_16' title='bbox 1608 676 1662 731; x_wconf 90' lang='lat' dir='ltr'><strong>in</strong></span> <span class='ocrx_word' id='word_1_17' title='bbox 1692 676 1864 731; x_wconf 84' lang='lat' dir='ltr'><strong>cubili</strong></span> <span class='ocrx_word' id='word_1_18' title='bbox 1900 676 2078 746; x_wconf 90' lang='lat' dir='ltr'><strong>pollu-</strong></span> 
     </span>
    </p>
   </div>
   <div class='ocr_carea' id='block_1_4' title="bbox 493 765 2076 838">
    <p class='ocr_par' dir='ltr' id='par_1_4' title="bbox 493 765 2076 838">
     <span class='ocr_line' id='line_1_4' title="bbox 493 765 2076 838; baseline -0.005 -10"><span class='ocrx_word' id='word_1_19' title='bbox 493 784 583 828; x_wconf 83' lang='lat' dir='ltr'><strong>tus</strong></span> <span class='ocrx_word' id='word_1_20' title='bbox 638 771 869 826; x_wconf 84' lang='lat' dir='ltr'><strong>necdum</strong></span> <span class='ocrx_word' id='word_1_21' title='bbox 943 779 1123 823; x_wconf 89' lang='lat' dir='ltr'><strong>tamen</strong></span> <span class='ocrx_word' id='word_1_22' title='bbox 1173 767 1352 824; x_wconf 80' lang='lat' dir='ltr'><strong>factus</strong></span> <span class='ocrx_word' id='word_1_23' title='bbox 1400 775 1486 822; x_wconf 84' lang='lat' dir='ltr'><strong>est</strong></span> <span class='ocrx_word' id='word_1_24' title='bbox 1530 765 1909 824; x_wconf 80' lang='lat' dir='ltr'><strong>Musulmanus</strong></span> <span class='ocrx_word' id='word_1_25' title='bbox 1939 766 2076 838; x_wconf 72' lang='grc' dir='ltr'>(ιο),</span> 
     </span>
    </p>
   </div>
   <div class='ocr_carea' id='block_1_5' title="bbox 495 859 2075 931">
    <p class='ocr_par' dir='ltr' id='par_1_5' title="bbox 495 859 2075 931">
     <span class='ocr_line' id='line_1_5' title="bbox 495 859 2075 931; baseline -0.005 -10"><span class='ocrx_word' id='word_1_26' title='bbox 495 881 566 922; x_wconf 89' lang='lat' dir='ltr'><strong>an</strong></span> <span class='ocrx_word' id='word_1_27' title='bbox 616 863 895 918; x_wconf 89' lang='lat' dir='ltr'><strong>unctionis</strong></span> <span class='ocrx_word' id='word_1_28' title='bbox 926 860 982 915; x_wconf 85' lang='lat' dir='ltr'><strong>ﬁt</strong></span> <span class='ocrx_word' id='word_1_29' title='bbox 1015 860 1326 931; x_wconf 73' lang='lat' dir='ltr'><strong>particeps?</strong></span> <span class='ocrx_word' id='word_1_30' title='bbox 1359 859 1440 914; x_wconf 85' lang='lat' dir='ltr'><strong>vel</strong></span> <span class='ocrx_word' id='word_1_31' title='bbox 1475 859 1569 930; x_wconf 88' lang='lat' dir='ltr'><strong>qui</strong></span> <span class='ocrx_word' id='word_1_32' title='bbox 1602 869 1724 914; x_wconf 91' lang='lat' dir='ltr'><strong>vota</strong></span> <span class='ocrx_word' id='word_1_33' title='bbox 1751 859 1886 915; x_wconf 69' lang='lat' dir='ltr'><strong>dira:</strong></span> <span class='ocrx_word' id='word_1_34' title='bbox 1915 875 2075 914; x_wconf 90' lang='lat' dir='ltr'><strong>man-</strong></span> 
     </span>
    </p>
   </div>
   <div class='ocr_carea' id='block_1_6' title="bbox 497 947 2074 1021">
    <p class='ocr_par' dir='ltr' id='par_1_6' title="bbox 497 947 2074 1021">
     <span class='ocr_line' id='line_1_6' title="bbox 497 947 2074 1021; baseline 0.001 -18"><span class='ocrx_word' id='word_1_35' title='bbox 497 954 808 1011; x_wconf 59' lang='lat' dir='ltr'><strong>duciitiouis</strong></span> <span class='ocrx_word' id='word_1_36' title='bbox 828 952 1050 1021; x_wconf 82' lang='lat' dir='ltr'><strong>accipit,</strong></span> <span class='ocrx_word' id='word_1_37' title='bbox 1071 967 1137 1002; x_wconf 90' lang='lat' dir='ltr'><strong>an</strong></span> <span class='ocrx_word' id='word_1_38' title='bbox 1161 952 1324 1004; x_wconf 88' lang='lat' dir='ltr'><strong>etiam</strong></span> <span class='ocrx_word' id='word_1_39' title='bbox 1358 950 1761 1005; x_wconf 90' lang='lat' dir='ltr'><strong>communicat?</strong></span> <span class='ocrx_word' id='word_1_40' title='bbox 1791 948 1946 1018; x_wconf 86' lang='lat' dir='ltr'><strong>Resp.</strong></span> <span class='ocrx_word' id='word_1_41' title='bbox 1972 947 2074 1015; x_wconf 86' lang='lat' dir='ltr'><strong>Qui</strong></span> 
     </span>
    </p>
   </div>
   <div class='ocr_carea' id='block_1_7' title="bbox 494 1041 2076 1114">
    <p class='ocr_par' dir='ltr' id='par_1_7' title="bbox 494 1041 2076 1114">
     <span class='ocr_line' id='line_1_7' title="bbox 494 1041 2076 1114; baseline -0.004 -12"><span class='ocrx_word' id='word_1_42' title='bbox 494 1047 628 1102; x_wconf 63' lang='grc' dir='ltr'><strong>(ιη</strong></span> <span class='ocrx_word' id='word_1_43' title='bbox 658 1042 1102 1100; x_wconf 88' lang='lat' dir='ltr'><strong>manducationis</strong></span> <span class='ocrx_word' id='word_1_44' title='bbox 1137 1041 1312 1096; x_wconf 77' lang='lat' dir='ltr'><strong>factus</strong></span> <span class='ocrx_word' id='word_1_45' title='bbox 1346 1051 1430 1096; x_wconf 90' lang='lat' dir='ltr'><strong>est</strong></span> <span class='ocrx_word' id='word_1_46' title='bbox 1470 1043 1763 1114; x_wconf 71' lang='lat' dir='ltr'><strong>particeps,</strong></span> <span class='ocrx_word' id='word_1_47' title='bbox 1796 1041 2076 1098; x_wconf 84' lang='lat' dir='ltr'><strong>Christum</strong></span> 
     </span>
    </p>
   </div>
   <div class='ocr_carea' id='block_1_8' title="bbox 497 1133 2076 1209">
    <p class='ocr_par' dir='ltr' id='par_1_8' title="bbox 497 1133 2076 1209">
     <span class='ocr_line' id='line_1_8' title="bbox 497 1133 2076 1209; baseline -0.01 -15"><span class='ocrx_word' id='word_1_48' title='bbox 497 1148 696 1209; x_wconf 70' lang='lat' dir='ltr'><strong>negat;</strong></span> <span class='ocrx_word' id='word_1_49' title='bbox 731 1152 829 1191; x_wconf 88' lang='lat' dir='ltr'><strong>nec</strong></span> <span class='ocrx_word' id='word_1_50' title='bbox 869 1133 1158 1190; x_wconf 79' lang='lat' dir='ltr'><strong>confestim</strong></span> <span class='ocrx_word' id='word_1_51' title='bbox 1193 1133 1407 1187; x_wconf 84' lang='lat' dir='ltr'><strong>admitti</strong></span> <span class='ocrx_word' id='word_1_52' title='bbox 1449 1141 1651 1204; x_wconf 75' lang='lat' dir='ltr'><strong>potest,</strong></span> <span class='ocrx_word' id='word_1_53' title='bbox 1686 1135 1778 1190; x_wconf 85' lang='lat' dir='ltr'><strong>sed</strong></span> <span class='ocrx_word' id='word_1_54' title='bbox 1819 1143 1941 1206; x_wconf 69' lang='lat' dir='ltr'><strong>post</strong></span> <span class='ocrx_word' id='word_1_55' title='bbox 1971 1133 2076 1188; x_wconf 82' lang='lat' dir='ltr'><strong>ali.</strong></span> 
     </span>
    </p>
   </div>
   <div class='ocr_carea' id='block_1_9' title="bbox 495 1225 2078 1299">
    <p class='ocr_par' dir='ltr' id='par_1_9' title="bbox 495 1225 2078 1299">
     <span class='ocr_line' id='line_1_9' title="bbox 495 1225 2078 1299; baseline -0.003 -17"><span class='ocrx_word' id='word_1_56' title='bbox 495 1235 643 1299; x_wconf 88' lang='lat' dir='ltr'><strong>quod</strong></span> <span class='ocrx_word' id='word_1_57' title='bbox 678 1238 894 1297; x_wconf 89' lang='lat' dir='ltr'><strong>tempus</strong></span> <span class='ocrx_word' id='word_1_58' title='bbox 920 1267 935 1292; x_wconf 95' lang='lat'><strong>,</strong></span> <span class='ocrx_word' id='word_1_59' title='bbox 968 1225 1152 1294; x_wconf 77' lang='lat' dir='ltr'><strong>dignis</strong></span> <span class='ocrx_word' id='word_1_60' title='bbox 1185 1225 1516 1294; x_wconf 65' lang='lat' dir='ltr'><strong>paanitentize</strong></span> <span class='ocrx_word' id='word_1_61' title='bbox 1551 1225 1788 1296; x_wconf 81' lang='lat' dir='ltr'><strong>peractis</strong></span> <span class='ocrx_word' id='word_1_62' title='bbox 1819 1226 2078 1294; x_wconf 84' lang='lat' dir='ltr'><strong>operibus</strong></span> 
     </span>
    </p>
   </div>
   <div class='ocr_carea' id='block_1_10' title="bbox 497 1317 2073 1387">
    <p class='ocr_par' dir='ltr' id='par_1_10' title="bbox 497 1317 2073 1387">
     <span class='ocr_line' id='line_1_10' title="bbox 497 1317 2073 1387; baseline -0.003 -11"><span class='ocrx_word' id='word_1_63' title='bbox 497 1333 555 1376; x_wconf 93' lang='lat' dir='ltr'><strong>ut</strong></span> <span class='ocrx_word' id='word_1_64' title='bbox 588 1323 901 1375; x_wconf 78' lang='lat' dir='ltr'><strong>unctionem</strong></span> <span class='ocrx_word' id='word_1_65' title='bbox 942 1327 1334 1387; x_wconf 81' lang='lat' dir='ltr'><strong>consequatur,</strong></span> <span class='ocrx_word' id='word_1_66' title='bbox 1363 1333 1428 1371; x_wconf 88' lang='lat' dir='ltr'><strong>ac</strong></span> <span class='ocrx_word' id='word_1_67' title='bbox 1460 1327 1650 1386; x_wconf 88' lang='lat' dir='ltr'><strong>postea</strong></span> <span class='ocrx_word' id='word_1_68' title='bbox 1681 1317 2073 1372; x_wconf 87' lang='lat' dir='ltr'><strong>communicet.</strong></span> 
     </span>
    </p>
   </div>
   <div class='ocr_carea' id='block_1_11' title="bbox 496 1408 2077 1467">
    <p class='ocr_par' dir='ltr' id='par_1_11' title="bbox 496 1408 2077 1467">
     <span class='ocr_line' id='line_1_11' title="bbox 496 1408 2077 1467; baseline -0.002 -1"><span class='ocrx_word' id='word_1_69' title='bbox 496 1411 777 1467; x_wconf 83' lang='lat' dir='ltr'><strong>—Imerr.</strong></span> <span class='ocrx_word' id='word_1_70' title='bbox 827 1412 883 1467; x_wconf 85' lang='lat' dir='ltr'><strong>St</strong></span> <span class='ocrx_word' id='word_1_71' title='bbox 916 1409 1148 1465; x_wconf 87' lang='lat' dir='ltr'><strong>ecclesia</strong></span> <span class='ocrx_word' id='word_1_72' title='bbox 1183 1411 1360 1462; x_wconf 91' lang='lat' dir='ltr'><strong>locum</strong></span> <span class='ocrx_word' id='word_1_73' title='bbox 1397 1421 1606 1462; x_wconf 84' lang='lat' dir='ltr'><strong>certum</strong></span> <span class='ocrx_word' id='word_1_74' title='bbox 1644 1425 1751 1463; x_wconf 93' lang='lat' dir='ltr'><strong>non</strong></span> <span class='ocrx_word' id='word_1_75' title='bbox 1778 1409 1976 1463; x_wconf 84' lang='lat' dir='ltr'><strong>habeat</strong></span> <span class='ocrx_word' id='word_1_76' title='bbox 2009 1408 2077 1463; x_wconf 89' lang='lat' dir='ltr'><strong>ad</strong></span> 
     </span>
    </p>
   </div>
   <div class='ocr_carea' id='block_1_12' title="bbox 485 1500 2079 1572">
    <p class='ocr_par' dir='ltr' id='par_1_12' title="bbox 485 1500 2079 1572">
     <span class='ocr_line' id='line_1_12' title="bbox 485 1500 2079 1572; baseline -0.003 -12"><span class='ocrx_word' id='word_1_77' title='bbox 485 1505 888 1562; x_wconf 83' lang='lat' dir='ltr'><strong>.elIundendum</strong></span> <span class='ocrx_word' id='word_1_78' title='bbox 919 1520 1115 1572; x_wconf 86' lang='lat' dir='ltr'><strong>aquam</strong></span> <span class='ocrx_word' id='word_1_79' title='bbox 1154 1502 1434 1572; x_wconf 83' lang='lat' dir='ltr'><strong>baptismi,</strong></span> <span class='ocrx_word' id='word_1_80' title='bbox 1466 1500 1690 1558; x_wconf 84' lang='lat' dir='ltr'><strong>ubinam</strong></span> <span class='ocrx_word' id='word_1_81' title='bbox 1745 1501 1888 1558; x_wconf 86' lang='lat' dir='ltr'><strong>hanc</strong></span> <span class='ocrx_word' id='word_1_82' title='bbox 1917 1502 2079 1557; x_wconf 88' lang='lat' dir='ltr'><strong>debet</strong></span> 
     </span>
    </p>
   </div>
   <div class='ocr_carea' id='block_1_13' title="bbox 497 1593 2077 1664">
    <p class='ocr_par' dir='ltr' id='par_1_13' title="bbox 497 1593 2077 1664">
     <span class='ocr_line' id='line_1_13' title="bbox 497 1593 2077 1664; baseline -0.004 -9"><span class='ocrx_word' id='word_1_83' title='bbox 497 1598 818 1655; x_wconf 73' lang='lat' dir='ltr'><strong>etlundere?</strong></span> <span class='ocrx_word' id='word_1_84' title='bbox 863 1597 1016 1664; x_wconf 87' lang='lat' dir='ltr'><strong>Resp.</strong></span> <span class='ocrx_word' id='word_1_85' title='bbox 1054 1595 1158 1651; x_wconf 86' lang='lat' dir='ltr'><strong>Ubi</strong></span> <span class='ocrx_word' id='word_1_86' title='bbox 1204 1594 1438 1648; x_wconf 82' lang='lat' dir='ltr'><strong>mundus</strong></span> <span class='ocrx_word' id='word_1_87' title='bbox 1470 1602 1554 1648; x_wconf 92' lang='lat' dir='ltr'><strong>est</strong></span> <span class='ocrx_word' id='word_1_88' title='bbox 1603 1593 1778 1658; x_wconf 87' lang='lat' dir='ltr'><strong>locus,</strong></span> <span class='ocrx_word' id='word_1_89' title='bbox 1831 1594 1924 1663; x_wconf 86' lang='lat' dir='ltr'><strong>qui</strong></span> <span class='ocrx_word' id='word_1_90' title='bbox 1969 1609 2077 1648; x_wconf 90' lang='lat' dir='ltr'><strong>non</strong></span> 
     </span>
    </p>
   </div>
   <div class='ocr_carea' id='block_1_14' title="bbox 501 1683 2079 1757">
    <p class='ocr_par' dir='ltr' id='par_1_14' title="bbox 501 1683 2079 1757">
     <span class='ocr_line' id='line_1_14' title="bbox 501 1683 2079 1757; baseline -0.001 -18"><span class='ocrx_word' id='word_1_91' title='bbox 501 1691 853 1757; x_wconf 84' lang='lat' dir='ltr'><strong>proculcatur</strong></span> <span class='ocrx_word' id='word_1_92' title='bbox 883 1687 1134 1757; x_wconf 83' lang='lat' dir='ltr'><strong>pedibus.</strong></span> <span class='ocrx_word' id='word_1_93' title='bbox 1157 1715 1221 1726; x_wconf 93' lang='lat'><strong><em>—</em></strong></span> <span class='ocrx_word' id='word_1_94' title='bbox 1247 1685 1441 1739; x_wconf 81' lang='lat' dir='ltr'><strong>Interr.</strong></span> <span class='ocrx_word' id='word_1_95' title='bbox 1471 1683 1793 1740; x_wconf 86' lang='lat' dir='ltr'><strong>Oblationes</strong></span> <span class='ocrx_word' id='word_1_96' title='bbox 1825 1685 2079 1740; x_wconf 82' lang='lat' dir='ltr'><strong>meretri-</strong></span> 
     </span>
    </p>
   </div>
   <div class='ocr_carea' id='block_1_15' title="bbox 499 1775 2073 1848">
    <p class='ocr_par' dir='ltr' id='par_1_15' title="bbox 499 1775 2073 1848">
     <span class='ocr_line' id='line_1_15' title="bbox 499 1775 2073 1848; baseline -0.003 -12"><span class='ocrx_word' id='word_1_97' title='bbox 499 1796 626 1836; x_wconf 79' lang='lat' dir='ltr'><strong>c:im</strong></span> <span class='ocrx_word' id='word_1_98' title='bbox 657 1780 1060 1848; x_wconf 79' lang='lat' dir='ltr'><strong>accipiendame</strong></span> <span class='ocrx_word' id='word_1_99' title='bbox 1092 1786 1245 1844; x_wconf 88' lang='lat' dir='ltr'><strong>sunt,</strong></span> <span class='ocrx_word' id='word_1_100' title='bbox 1271 1777 1495 1830; x_wconf 90' lang='lat' dir='ltr'><strong>annon?</strong></span> <span class='ocrx_word' id='word_1_101' title='bbox 1524 1775 1677 1845; x_wconf 88' lang='lat' dir='ltr'><strong>Resp.</strong></span> <span class='ocrx_word' id='word_1_102' title='bbox 1702 1775 2073 1847; x_wconf 84' lang='lat' dir='ltr'><strong>Nequaquam.</strong></span> 
     </span>
    </p>
   </div>
   <div class='ocr_carea' id='block_1_16' title="bbox 501 1870 2075 1936">
    <p class='ocr_par' dir='ltr' id='par_1_16' title="bbox 501 1870 2075 1936">
     <span class='ocr_line' id='line_1_16' title="bbox 501 1870 2075 1936; baseline 0 -10"><span class='ocrx_word' id='word_1_103' title='bbox 501 1872 634 1926; x_wconf 79' lang='lat' dir='ltr'><strong>Nam</strong></span> <span class='ocrx_word' id='word_1_104' title='bbox 663 1872 764 1926; x_wconf 81' lang='lat' dir='ltr'><strong>sub</strong></span> <span class='ocrx_word' id='word_1_105' title='bbox 794 1887 1028 1926; x_wconf 84' lang='lat' dir='ltr'><strong>censura</strong></span> <span class='ocrx_word' id='word_1_106' title='bbox 1051 1879 1201 1936; x_wconf 88' lang='lat' dir='ltr'><strong>sunt,</strong></span> <span class='ocrx_word' id='word_1_107' title='bbox 1232 1886 1330 1924; x_wconf 86' lang='lat' dir='ltr'><strong>ncc</strong></span> <span class='ocrx_word' id='word_1_108' title='bbox 1351 1871 1418 1924; x_wconf 92' lang='lat' dir='ltr'><strong>ab</strong></span> <span class='ocrx_word' id='word_1_109' title='bbox 1449 1871 1528 1925; x_wconf 89' lang='lat' dir='ltr'><strong>eis</strong></span> <span class='ocrx_word' id='word_1_110' title='bbox 1547 1870 1750 1924; x_wconf 86' lang='lat' dir='ltr'><strong>oblatio</strong></span> <span class='ocrx_word' id='word_1_111' title='bbox 1769 1885 1867 1925; x_wconf 90' lang='lat' dir='ltr'><strong>nec</strong></span> <span class='ocrx_word' id='word_1_112' title='bbox 1891 1871 2075 1925; x_wconf 83' lang='lat' dir='ltr'><strong>incen-</strong></span> 
     </span>
    </p>
   </div>
   <div class='ocr_carea' id='block_1_17' title="bbox 501 1962 2078 2034">
    <p class='ocr_par' dir='ltr' id='par_1_17' title="bbox 501 1962 2078 2034">
     <span class='ocr_line' id='line_1_17' title="bbox 501 1962 2078 2034; baseline -0.003 -13"><span class='ocrx_word' id='word_1_113' title='bbox 501 1980 624 2021; x_wconf 87' lang='lat' dir='ltr'><strong>sum</strong></span> <span class='ocrx_word' id='word_1_114' title='bbox 653 1962 1273 2034; x_wconf 79' lang='lat' dir='ltr'><strong>accipietur.—lnterr.</strong></span> <span class='ocrx_word' id='word_1_115' title='bbox 1300 1963 1568 2018; x_wconf 87' lang='lat' dir='ltr'><strong>Sacerdos</strong></span> <span class='ocrx_word' id='word_1_116' title='bbox 1595 1963 1640 2018; x_wconf 90' lang='lat' dir='ltr'><strong>si</strong></span> <span class='ocrx_word' id='word_1_117' title='bbox 1671 1972 1866 2020; x_wconf 83' lang='lat' dir='ltr'><strong>tonsus</strong></span> <span class='ocrx_word' id='word_1_118' title='bbox 1895 1964 2078 2031; x_wconf 77' lang='lat' dir='ltr'><strong>fuerit,</strong></span> 
     </span>
    </p>
   </div>
   <div class='ocr_carea' id='block_1_18' title="bbox 501 2054 2082 2127">
    <p class='ocr_par' dir='ltr' id='par_1_18' title="bbox 501 2054 2082 2127">
     <span class='ocr_line' id='line_1_18' title="bbox 501 2054 2082 2127; baseline 0.001 -15"><span class='ocrx_word' id='word_1_119' title='bbox 501 2073 572 2112; x_wconf 90' lang='lat' dir='ltr'><strong>an</strong></span> <span class='ocrx_word' id='word_1_120' title='bbox 603 2056 683 2112; x_wconf 77' lang='lat' dir='ltr'><strong>fas</strong></span> <span class='ocrx_word' id='word_1_121' title='bbox 705 2059 810 2111; x_wconf 90' lang='lat' dir='ltr'><strong>erit</strong></span> <span class='ocrx_word' id='word_1_122' title='bbox 840 2073 968 2112; x_wconf 90' lang='lat' dir='ltr'><strong>eum</strong></span> <span class='ocrx_word' id='word_1_123' title='bbox 999 2072 1156 2113; x_wconf 89' lang='lat' dir='ltr'><strong>sacra</strong></span> <span class='ocrx_word' id='word_1_124' title='bbox 1179 2056 1483 2126; x_wconf 78' lang='lat' dir='ltr'><strong>peragere?</strong></span> <span class='ocrx_word' id='word_1_125' title='bbox 1522 2055 1677 2126; x_wconf 78' lang='lat' dir='ltr'><strong>Resp.</strong></span> <span class='ocrx_word' id='word_1_126' title='bbox 1713 2054 1994 2127; x_wconf 87' lang='lat' dir='ltr'><strong>Siquidem</strong></span> <span class='ocrx_word' id='word_1_127' title='bbox 2026 2067 2082 2114; x_wconf 91' lang='lat' dir='ltr'><strong>et</strong></span> 
     </span>
    </p>
   </div>
   <div class='ocr_carea' id='block_1_19' title="bbox 505 2149 2077 2219">
    <p class='ocr_par' dir='ltr' id='par_1_19' title="bbox 505 2149 2077 2219">
     <span class='ocr_line' id='line_1_19' title="bbox 505 2149 2077 2219; baseline -0.001 -15"><span class='ocrx_word' id='word_1_128' title='bbox 505 2159 666 2204; x_wconf 84' lang='lat' dir='ltr'><strong>antea</strong></span> <span class='ocrx_word' id='word_1_129' title='bbox 705 2149 904 2219; x_wconf 70' lang='lat' dir='ltr'><strong>dignus</strong></span> <span class='ocrx_word' id='word_1_130' title='bbox 936 2157 1072 2214; x_wconf 84' lang='lat' dir='ltr'><strong>erat,</strong></span> <span class='ocrx_word' id='word_1_131' title='bbox 1117 2164 1211 2216; x_wconf 90' lang='lat' dir='ltr'><strong>per</strong></span> <span class='ocrx_word' id='word_1_132' title='bbox 1253 2157 1537 2203; x_wconf 81' lang='lat' dir='ltr'><strong>tonsuram</strong></span> <span class='ocrx_word' id='word_1_133' title='bbox 1581 2163 1690 2202; x_wconf 92' lang='lat' dir='ltr'><strong>non</strong></span> <span class='ocrx_word' id='word_1_134' title='bbox 1735 2149 2077 2217; x_wconf 83' lang='lat' dir='ltr'><strong>prohibetur.</strong></span> 
     </span>
    </p>
   </div>
   <div class='ocr_carea' id='block_1_20' title="bbox 498 2238 2082 2311">
    <p class='ocr_par' dir='ltr' id='par_1_20' title="bbox 498 2238 2082 2311">
     <span class='ocr_line' id='line_1_20' title="bbox 498 2238 2082 2311; baseline 0.002 -19"><span class='ocrx_word' id='word_1_135' title='bbox 498 2238 779 2293; x_wconf 80' lang='lat' dir='ltr'><strong>—lnterr.</strong></span> <span class='ocrx_word' id='word_1_136' title='bbox 813 2238 979 2294; x_wconf 87' lang='lat' dir='ltr'><strong>Estne</strong></span> <span class='ocrx_word' id='word_1_137' title='bbox 1007 2239 1087 2293; x_wconf 80' lang='lat' dir='ltr'><strong>fas</strong></span> <span class='ocrx_word' id='word_1_138' title='bbox 1117 2238 1320 2294; x_wconf 89' lang='lat' dir='ltr'><strong>lumina</strong></span> <span class='ocrx_word' id='word_1_139' title='bbox 1350 2249 1666 2294; x_wconf 89' lang='lat' dir='ltr'><strong>sanctorum</strong></span> <span class='ocrx_word' id='word_1_140' title='bbox 1699 2240 2082 2311; x_wconf 89' lang='lat' dir='ltr'><strong>Theophanio-</strong></span> 
     </span>
    </p>
   </div>
   <div class='ocr_carea' id='block_1_21' title="bbox 500 2330 2084 2403">
    <p class='ocr_par' dir='ltr' id='par_1_21' title="bbox 500 2330 2084 2403">
     <span class='ocr_line' id='line_1_21' title="bbox 500 2330 2084 2403; baseline 0.002 -18"><span class='ocrx_word' id='word_1_141' title='bbox 500 2346 647 2395; x_wconf 86' lang='lat' dir='ltr'><strong>rum,</strong></span> <span class='ocrx_word' id='word_1_142' title='bbox 679 2331 1024 2400; x_wconf 87' lang='lat' dir='ltr'><strong>aliorumque</strong></span> <span class='ocrx_word' id='word_1_143' title='bbox 1057 2330 1322 2386; x_wconf 79' lang='lat' dir='ltr'><strong>festorum</strong></span> <span class='ocrx_word' id='word_1_144' title='bbox 1352 2331 1531 2386; x_wconf 78' lang='lat' dir='ltr'><strong>facere</strong></span> <span class='ocrx_word' id='word_1_145' title='bbox 1571 2347 1904 2403; x_wconf 90' lang='lat' dir='ltr'><strong>quocunque</strong></span> <span class='ocrx_word' id='word_1_146' title='bbox 1933 2333 2084 2388; x_wconf 86' lang='lat' dir='ltr'><strong>lubet</strong></span> 
     </span>
    </p>
   </div>
   <div class='ocr_carea' id='block_1_22' title="bbox 502 2421 2081 2488">
    <p class='ocr_par' dir='ltr' id='par_1_22' title="bbox 502 2421 2081 2488">
     <span class='ocr_line' id='line_1_22' title="bbox 502 2421 2081 2488; baseline 0.003 -12"><span class='ocrx_word' id='word_1_147' title='bbox 502 2422 556 2476; x_wconf 86' lang='lat' dir='ltr'><strong>in</strong></span> <span class='ocrx_word' id='word_1_148' title='bbox 586 2422 757 2476; x_wconf 87' lang='lat' dir='ltr'><strong>vase?</strong></span> <span class='ocrx_word' id='word_1_149' title='bbox 790 2421 948 2488; x_wconf 82' lang='lat' dir='ltr'><strong>Resp.</strong></span> <span class='ocrx_word' id='word_1_150' title='bbox 979 2421 1272 2477; x_wconf 87' lang='lat' dir='ltr'><strong>Sacrorum</strong></span> <span class='ocrx_word' id='word_1_151' title='bbox 1323 2423 1593 2476; x_wconf 89' lang='lat' dir='ltr'><strong>luminum</strong></span> <span class='ocrx_word' id='word_1_152' title='bbox 1630 2439 1758 2480; x_wconf 87' lang='lat' dir='ltr'><strong>vasa</strong></span> <span class='ocrx_word' id='word_1_153' title='bbox 1785 2424 1922 2480; x_wconf 87' lang='lat' dir='ltr'><strong>solis</strong></span> <span class='ocrx_word' id='word_1_154' title='bbox 1960 2425 2081 2481; x_wconf 88' lang='lat' dir='ltr'><strong>istis</strong></span> 
     </span>
    </p>
   </div>
   <div class='ocr_carea' id='block_1_23' title="bbox 505 2512 2082 2574">
    <p class='ocr_par' dir='ltr' id='par_1_23' title="bbox 505 2512 2082 2574">
     <span class='ocr_line' id='line_1_23' title="bbox 505 2512 2082 2574; baseline 0.005 -8"><span class='ocrx_word' id='word_1_155' title='bbox 505 2512 808 2569; x_wconf 86' lang='lat' dir='ltr'><strong>luminibus</strong></span> <span class='ocrx_word' id='word_1_156' title='bbox 819 2514 1066 2569; x_wconf 84' lang='lat' dir='ltr'><strong>dedicata</strong></span> <span class='ocrx_word' id='word_1_157' title='bbox 1081 2512 1542 2570; x_wconf 64' lang='lat' dir='ltr'><strong>suntm—Intern</strong></span> <span class='ocrx_word' id='word_1_158' title='bbox 1560 2515 1759 2571; x_wconf 89' lang='lat' dir='ltr'><strong>Servos</strong></span> <span class='ocrx_word' id='word_1_159' title='bbox 1771 2532 1894 2571; x_wconf 91' lang='lat' dir='ltr'><strong>cum</strong></span> <span class='ocrx_word' id='word_1_160' title='bbox 1907 2519 2082 2574; x_wconf 87' lang='lat' dir='ltr'><strong>servis</strong></span> 
     </span>
    </p>
   </div>
   <div class='ocr_carea' id='block_1_24' title="bbox 501 2611 2078 2682">
    <p class='ocr_par' dir='ltr' id='par_1_24' title="bbox 501 2611 2078 2682">
     <span class='ocr_line' id='line_1_24' title="bbox 501 2611 2078 2682; baseline 0.003 -18"><span class='ocrx_word' id='word_1_161' title='bbox 501 2611 790 2679; x_wconf 85' lang='lat' dir='ltr'><strong>copulatos</strong></span> <span class='ocrx_word' id='word_1_162' title='bbox 817 2626 846 2665; x_wconf 88' lang='lat' dir='ltr'><strong>a</strong></span> <span class='ocrx_word' id='word_1_163' title='bbox 871 2613 1108 2666; x_wconf 83' lang='lat' dir='ltr'><strong>dominis</strong></span> <span class='ocrx_word' id='word_1_164' title='bbox 1137 2613 1252 2666; x_wconf 85' lang='lat' dir='ltr'><strong>suis</strong></span> <span class='ocrx_word' id='word_1_165' title='bbox 1279 2612 1487 2682; x_wconf 83' lang='lat' dir='ltr'><strong>absque</strong></span> <span class='ocrx_word' id='word_1_166' title='bbox 1515 2612 1921 2674; x_wconf 84' lang='lat' dir='ltr'><strong>benedictione.</strong></span> <span class='ocrx_word' id='word_1_167' title='bbox 1946 2629 2078 2668; x_wconf 91' lang='lat' dir='ltr'><strong>num</strong></span> 
     </span>
    </p>
   </div>
   <div class='ocr_carea' id='block_1_25' title="bbox 501 2701 2083 2772">
    <p class='ocr_par' dir='ltr' id='par_1_25' title="bbox 501 2701 2083 2772">
     <span class='ocr_line' id='line_1_25' title="bbox 501 2701 2083 2772; baseline 0.003 -18"><span class='ocrx_word' id='word_1_168' title='bbox 501 2701 800 2772; x_wconf 89' lang='lat' dir='ltr'><strong>participes</strong></span> <span class='ocrx_word' id='word_1_169' title='bbox 841 2716 1012 2757; x_wconf 70' lang='lat' dir='ltr'><strong>sacra:</strong></span> <span class='ocrx_word' id='word_1_170' title='bbox 1056 2704 1465 2758; x_wconf 89' lang='lat' dir='ltr'><strong>communionis</strong></span> <span class='ocrx_word' id='word_1_171' title='bbox 1516 2704 1814 2768; x_wconf 81' lang='lat' dir='ltr'><strong>faciemus.</strong></span> <span class='ocrx_word' id='word_1_172' title='bbox 1851 2706 1936 2762; x_wconf 86' lang='lat' dir='ltr'><strong>vel</strong></span> <span class='ocrx_word' id='word_1_173' title='bbox 1984 2706 2083 2760; x_wconf 89' lang='lat' dir='ltr'><strong>ho-</strong></span> 
     </span>
    </p>
   </div>
   <div class='ocr_carea' id='block_1_26' title="bbox 503 2789 2084 2864">
    <p class='ocr_par' dir='ltr' id='par_1_26' title="bbox 503 2789 2084 2864">
     <span class='ocr_line' id='line_1_26' title="bbox 503 2789 2084 2864; baseline 0.004 -18"><span class='ocrx_word' id='word_1_174' title='bbox 503 2789 666 2846; x_wconf 88' lang='lat' dir='ltr'><strong>stiam</strong></span> <span class='ocrx_word' id='word_1_175' title='bbox 714 2805 903 2846; x_wconf 90' lang='lat' dir='ltr'><strong>eorum</strong></span> <span class='ocrx_word' id='word_1_176' title='bbox 933 2791 1349 2862; x_wconf 78' lang='lat' dir='ltr'><strong>suscipiemus?</strong></span> <span class='ocrx_word' id='word_1_177' title='bbox 1392 2794 1551 2864; x_wconf 82' lang='lat' dir='ltr'><strong>Resp.</strong></span> <span class='ocrx_word' id='word_1_178' title='bbox 1581 2794 1854 2862; x_wconf 85' lang='lat' dir='ltr'><strong>Quoniam</strong></span> <span class='ocrx_word' id='word_1_179' title='bbox 1895 2797 2084 2852; x_wconf 85' lang='lat' dir='ltr'><strong>coitus</strong></span> 
     </span>
    </p>
   </div>
   <div class='ocr_carea' id='block_1_27' title="bbox 503 2881 2082 2954">
    <p class='ocr_par' dir='ltr' id='par_1_27' title="bbox 503 2881 2082 2954">
     <span class='ocr_line' id='line_1_27' title="bbox 503 2881 2082 2954; baseline 0.007 -19"><span class='ocrx_word' id='word_1_180' title='bbox 503 2881 710 2952; x_wconf 79' lang='lat' dir='ltr'><strong>absque</strong></span> <span class='ocrx_word' id='word_1_181' title='bbox 745 2885 922 2938; x_wconf 90' lang='lat' dir='ltr'><strong>sacris</strong></span> <span class='ocrx_word' id='word_1_182' title='bbox 972 2887 1248 2954; x_wconf 89' lang='lat' dir='ltr'><strong>precibus,</strong></span> <span class='ocrx_word' id='word_1_183' title='bbox 1280 2895 1366 2942; x_wconf 87' lang='lat' dir='ltr'><strong>est</strong></span> <span class='ocrx_word' id='word_1_184' title='bbox 1407 2890 1696 2954; x_wconf 90' lang='lat' dir='ltr'><strong>scortatio,</strong></span> <span class='ocrx_word' id='word_1_185' title='bbox 1733 2889 1850 2944; x_wconf 84' lang='lat' dir='ltr'><strong>sive</strong></span> <span class='ocrx_word' id='word_1_186' title='bbox 1888 2903 2082 2946; x_wconf 88' lang='lat' dir='ltr'><strong>servus</strong></span> 
     </span>
    </p>
   </div>
   <div class='ocr_carea' id='block_1_28' title="bbox 505 2971 2081 3048">
    <p class='ocr_par' dir='ltr' id='par_1_28' title="bbox 505 2971 2081 3048">
     <span class='ocr_line' id='line_1_28' title="bbox 505 2971 2081 3048; baseline 0.005 -20"><span class='ocrx_word' id='word_1_187' title='bbox 505 2972 600 3036; x_wconf 82' lang='lat' dir='ltr'><strong>sit,</strong></span> <span class='ocrx_word' id='word_1_188' title='bbox 624 2971 716 3040; x_wconf 86' lang='lat' dir='ltr'><strong>qui</strong></span> <span class='ocrx_word' id='word_1_189' title='bbox 748 2972 1147 3032; x_wconf 83' lang='lat' dir='ltr'><strong>benedictionis</strong></span> <span class='ocrx_word' id='word_1_190' title='bbox 1171 2992 1370 3048; x_wconf 77' lang='lat' dir='ltr'><strong>expers</strong></span> <span class='ocrx_word' id='word_1_191' title='bbox 1392 2987 1500 3046; x_wconf 91' lang='lat' dir='ltr'><strong>est,</strong></span> <span class='ocrx_word' id='word_1_192' title='bbox 1539 2981 1658 3036; x_wconf 85' lang='lat' dir='ltr'><strong>sive</strong></span> <span class='ocrx_word' id='word_1_193' title='bbox 1693 2981 1852 3047; x_wconf 78' lang='lat' dir='ltr'><strong>liber,</strong></span> <span class='ocrx_word' id='word_1_194' title='bbox 1884 2997 1984 3038; x_wconf 88' lang='lat' dir='ltr'><strong>nec</strong></span> <span class='ocrx_word' id='word_1_195' title='bbox 2014 2981 2081 3037; x_wconf 88' lang='lat' dir='ltr'><strong>ad</strong></span> 
     </span>
    </p>
   </div>
   <div class='ocr_carea' id='block_1_29' title="bbox 503 3063 2082 3147">
    <p class='ocr_par' dir='ltr' id='par_1_29' title="bbox 503 3063 2082 3147">
     <span class='ocr_line' id='line_1_29' title="bbox 503 3063 2082 3147; baseline 0.009 -30"><span class='ocrx_word' id='word_1_196' title='bbox 503 3063 836 3120; x_wconf 86' lang='lat' dir='ltr'><strong>oblationem</strong></span> <span class='ocrx_word' id='word_1_197' title='bbox 878 3071 1121 3124; x_wconf 89' lang='lat' dir='ltr'><strong>muneris</strong></span> <span class='ocrx_word' id='word_1_198' title='bbox 1149 3080 1243 3126; x_wconf 81' lang='lat' dir='ltr'><strong>est</strong></span> <span class='ocrx_word' id='word_1_199' title='bbox 1281 3072 1674 3136; x_wconf 88' lang='lat' dir='ltr'><strong>admittendus,</strong></span> <span class='ocrx_word' id='word_1_200' title='bbox 1709 3089 1808 3129; x_wconf 89' lang='lat' dir='ltr'><strong>nec</strong></span> <span class='ocrx_word' id='word_1_201' title='bbox 1846 3075 1916 3130; x_wconf 87' lang='lat' dir='ltr'><strong>ad</strong></span> <span class='ocrx_word' id='word_1_202' title='bbox 1953 3091 2082 3147; x_wconf 91' lang='lat' dir='ltr'><strong>pre-</strong></span> 
     </span>
    </p>
   </div>
   <div class='ocr_carea' id='block_1_30' title="bbox 1787 370 2407 437">
    <p class='ocr_par' dir='ltr' id='par_1_30' title="bbox 1787 370 2407 437">
     <span class='ocr_line' id='line_1_30' title="bbox 1787 370 2407 437; baseline -0.002 -1"><span class='ocrx_word' id='word_1_203' title='bbox 1787 374 1924 437; x_wconf 86' lang='lat' dir='ltr'><strong>JUS</strong></span> <span class='ocrx_word' id='word_1_204' title='bbox 1963 370 2407 436; x_wconf 82' lang='lat' dir='ltr'><strong>CANONICUM</strong></span> 
     </span>
    </p>
   </div>
   <div class='ocr_carea' id='block_1_31' title="bbox 493 487 2080 565">
    <p class='ocr_par' dir='ltr' id='par_1_31' title="bbox 493 488 2068 565">
     <span class='ocr_line' id='line_1_31' title="bbox 493 488 2068 565; baseline -0.009 -9"><span class='ocrx_word' id='word_1_205' title='bbox 493 503 580 557; x_wconf 88' lang='lat' dir='ltr'><strong>sin</strong></span> <span class='ocrx_word' id='word_1_206' title='bbox 655 511 720 552; x_wconf 67' lang='lat' dir='ltr'><strong>es</strong></span> <span class='ocrx_word' id='word_1_207' title='bbox 783 495 1002 551; x_wconf 82' lang='lat' dir='ltr'><strong>luxuria</strong></span> <span class='ocrx_word' id='word_1_208' title='bbox 1063 501 1118 550; x_wconf 90' lang='lat' dir='ltr'><strong>et</strong></span> <span class='ocrx_word' id='word_1_209' title='bbox 1176 493 1456 565; x_wconf 87' lang='lat' dir='ltr'><strong>potatione</strong></span> <span class='ocrx_word' id='word_1_210' title='bbox 1520 489 1723 556; x_wconf 88' lang='lat' dir='ltr'><strong>nimia,</strong></span> <span class='ocrx_word' id='word_1_211' title='bbox 1783 504 1882 546; x_wconf 90' lang='lat' dir='ltr'><strong>nec</strong></span> <span class='ocrx_word' id='word_1_212' title='bbox 1933 488 2068 552; x_wconf 90' lang='lat' dir='ltr'><strong>hic,</strong></span> 
     </span>
    </p>
   </div>
   <div class='ocr_carea' id='block_1_32' title="bbox 2185 487 3336 565">
    <p class='ocr_par' dir='ltr' id='par_1_32' title="bbox 2185 487 3336 561">
     <span class='ocr_line' id='line_1_32' title="bbox 2185 487 3336 561; baseline 0.004 -21"><span class='ocrx_word' id='word_1_213' title='bbox 2185 487 2237 540; x_wconf 81' lang='grc' dir='ltr'>Εί</span> <span class='ocrx_word' id='word_1_214' title='bbox 2295 489 2354 543; x_wconf 76' lang='grc' dir='ltr'>δὲ</span> <span class='ocrx_word' id='word_1_215' title='bbox 2408 490 2473 542; x_wconf 71' lang='grc' dir='ltr'>ἐκ</span> <span class='ocrx_word' id='word_1_216' title='bbox 2534 487 2752 561; x_wconf 70' lang='grc' dir='ltr'>τρυφῆς</span> <span class='ocrx_word' id='word_1_217' title='bbox 2795 488 2889 543; x_wconf 74' lang='grc' dir='ltr'>καὶ</span> <span class='ocrx_word' id='word_1_218' title='bbox 2950 488 3290 555; x_wconf 76' lang='grc' dir='ltr'><strong>πολυποσίας</strong></span> <span class='ocrx_word' id='word_1_219' title='bbox 3321 528 3336 554; x_wconf 88' lang='grc'><strong>.</strong></span> 
     </span>
    </p>
   </div>
   <div class='ocr_carea' id='block_1_33' title="bbox 3615 375 3734 443">
    <p class='ocr_par' dir='ltr' id='par_1_33' title="bbox 3615 375 3734 443">
     <span class='ocr_line' id='line_1_33' title="bbox 3615 375 3734 443; baseline 0.008 -1"><span class='ocrx_word' id='word_1_220' title='bbox 3615 375 3734 443; x_wconf 77' lang='lat'><strong>1096</strong></span> 
     </span>
    </p>
   </div>
   <div class='ocr_carea' id='block_1_34' title="bbox 3396 487 3732 560">
    <p class='ocr_par' dir='ltr' id='par_1_34' title="bbox 3396 487 3732 560">
     <span class='ocr_line' id='line_1_34' title="bbox 3396 487 3732 560; baseline 0.015 -17"><span class='ocrx_word' id='word_1_221' title='bbox 3396 488 3539 560; x_wconf 83' lang='grc' dir='ltr'>μήτε</span> <span class='ocrx_word' id='word_1_222' title='bbox 3578 487 3732 556; x_wconf 57' lang='grc' dir='ltr'>οὕτω.</span> 
     </span>
    </p>
   </div>
   <div class='ocr_carea' id='block_1_35' title="bbox 2182 580 3736 654">
    <p class='ocr_par' dir='ltr' id='par_1_35' title="bbox 2182 580 3736 654">
     <span class='ocr_line' id='line_1_35' title="bbox 2182 580 3736 654; baseline 0.003 -20"><span class='ocrx_word' id='word_1_223' title='bbox 2182 581 2312 653; x_wconf 84' lang='grc' dir='ltr'>μήτ’</span> <span class='ocrx_word' id='word_1_224' title='bbox 2337 582 2564 646; x_wconf 77' lang='grc' dir='ltr'>ἐκεῖνος.</span> <span class='ocrx_word' id='word_1_225' title='bbox 2585 610 2660 624; x_wconf 89' lang='grc'><strong><em>-</em></strong></span> <span class='ocrx_word' id='word_1_226' title='bbox 2697 581 2892 652; x_wconf 78' lang='grc' dir='ltr'><strong>Ἐρὼτ.</strong></span> <span class='ocrx_word' id='word_1_227' title='bbox 2935 580 2995 635; x_wconf 91' lang='lat'><strong>&#39;0</strong></span> <span class='ocrx_word' id='word_1_228' title='bbox 3025 583 3105 647; x_wconf 89' lang='grc' dir='ltr'><strong>είς</strong></span> <span class='ocrx_word' id='word_1_229' title='bbox 3141 581 3270 654; x_wconf 77' lang='grc' dir='ltr'>ἔθνη</span> <span class='ocrx_word' id='word_1_230' title='bbox 3301 582 3618 653; x_wconf 77' lang='grc' dir='ltr'>κρατηθεὶς,</span> <span class='ocrx_word' id='word_1_231' title='bbox 3656 589 3736 639; x_wconf 79' lang='grc' dir='ltr'>καὶ</span> 
     </span>
    </p>
   </div>
   <div class='ocr_carea' id='block_1_36' title="bbox 2180 672 3736 746">
    <p class='ocr_par' dir='ltr' id='par_1_36' title="bbox 2180 672 3736 746">
     <span class='ocr_line' id='line_1_36' title="bbox 2180 672 3736 746; baseline 0.004 -22"><span class='ocrx_word' id='word_1_232' title='bbox 2180 672 2512 744; x_wconf 85' lang='grc' dir='ltr'>μαγαρίσας,</span> <span class='ocrx_word' id='word_1_233' title='bbox 2555 673 2654 728; x_wconf 76' lang='grc' dir='ltr'>καὶ</span> <span class='ocrx_word' id='word_1_234' title='bbox 2685 674 2742 728; x_wconf 71' lang='grc' dir='ltr'>ιν</span> <span class='ocrx_word' id='word_1_235' title='bbox 2791 674 2948 746; x_wconf 78' lang='grc' dir='ltr'>κοίτῃ</span> <span class='ocrx_word' id='word_1_236' title='bbox 2979 674 3264 746; x_wconf 77' lang='grc' dir='ltr'>μιανθεὶς,</span> <span class='ocrx_word' id='word_1_237' title='bbox 3301 676 3473 746; x_wconf 90' lang='grc' dir='ltr'>μήπω</span> <span class='ocrx_word' id='word_1_238' title='bbox 3497 675 3553 728; x_wconf 78' lang='grc' dir='ltr'>δὲ</span> <span class='ocrx_word' id='word_1_239' title='bbox 3589 677 3736 746; x_wconf 83' lang='grc' dir='ltr'>μουλ-</span> 
     </span>
    </p>
   </div>
   <div class='ocr_carea' id='block_1_37' title="bbox 2179 763 3735 838">
    <p class='ocr_par' dir='ltr' id='par_1_37' title="bbox 2179 763 3735 838">
     <span class='ocr_line' id='line_1_37' title="bbox 2179 763 3735 838; baseline 0.004 -24"><span class='ocrx_word' id='word_1_240' title='bbox 2179 763 2598 831; x_wconf 83' lang='grc' dir='ltr'>σουμανίσας⁸¹,</span> <span class='ocrx_word' id='word_1_241' title='bbox 2655 763 2969 834; x_wconf 84' lang='grc' dir='ltr'>μυρώνεται</span> <span class='ocrx_word' id='word_1_242' title='bbox 2994 784 3010 832; x_wconf 92' lang='lat'><strong>;</strong></span> <span class='ocrx_word' id='word_1_243' title='bbox 3042 765 3075 837; x_wconf 78' lang='grc' dir='ltr'>ἢ</span> <span class='ocrx_word' id='word_1_244' title='bbox 3102 765 3201 829; x_wconf 85' lang='grc' dir='ltr'><strong>τάς</strong></span> <span class='ocrx_word' id='word_1_245' title='bbox 3221 765 3392 837; x_wconf 70' lang='grc' dir='ltr'>εὐχὰς</span> <span class='ocrx_word' id='word_1_246' title='bbox 3432 767 3534 836; x_wconf 80' lang='grc' dir='ltr'>τῆς</span> <span class='ocrx_word' id='word_1_247' title='bbox 3559 784 3735 838; x_wconf 84' lang='grc' dir='ltr'>μιαρο-</span> 
     </span>
    </p>
   </div>
   <div class='ocr_carea' id='block_1_38' title="bbox 2179 853 3734 928">
    <p class='ocr_par' dir='ltr' id='par_1_38' title="bbox 2179 853 3734 928">
     <span class='ocr_line' id='line_1_38' title="bbox 2179 853 3734 928; baseline 0.005 -23"><span class='ocrx_word' id='word_1_248' title='bbox 2179 853 2382 920; x_wconf 81' lang='grc' dir='ltr'>φαγίας</span> <span class='ocrx_word' id='word_1_249' title='bbox 2447 853 2738 924; x_wconf 80' lang='grc' dir='ltr'>λαμϐάνει,</span> <span class='ocrx_word' id='word_1_250' title='bbox 2765 856 2862 910; x_wconf 76' lang='grc' dir='ltr'>καὶ</span> <span class='ocrx_word' id='word_1_251' title='bbox 2913 858 3204 924; x_wconf 83' lang='grc' dir='ltr'>κοινωνεί;</span> <span class='ocrx_word' id='word_1_252' title='bbox 3248 857 3460 913; x_wconf 73' lang='grc' dir='ltr'>Ἀπόκ.</span> <span class='ocrx_word' id='word_1_253' title='bbox 3520 858 3581 911; x_wconf 86' lang='grc' dir='ltr'>Ὀ</span> <span class='ocrx_word' id='word_1_254' title='bbox 3619 876 3734 928; x_wconf 72' lang='lat' dir='ltr'><strong>pta-</strong></span> 
     </span>
    </p>
   </div>
   <div class='ocr_carea' id='block_1_39' title="bbox 2180 947 3738 1021">
    <p class='ocr_par' dir='ltr' id='par_1_39' title="bbox 2180 947 3738 1021">
     <span class='ocr_line' id='line_1_39' title="bbox 2180 947 3738 1021; baseline 0.005 -25"><span class='ocrx_word' id='word_1_255' title='bbox 2180 947 2517 1016; x_wconf 77' lang='grc' dir='ltr'>ροφαγήσας,</span> <span class='ocrx_word' id='word_1_256' title='bbox 2545 948 2638 1001; x_wconf 81' lang='grc' dir='ltr'>τὸν</span> <span class='ocrx_word' id='word_1_257' title='bbox 2676 949 2912 1021; x_wconf 81' lang='grc' dir='ltr'>Χριστὸν</span> <span class='ocrx_word' id='word_1_258' title='bbox 2967 949 3250 1020; x_wconf 77' lang='grc' dir='ltr'>ἀρνεῖταιο</span> <span class='ocrx_word' id='word_1_259' title='bbox 3303 951 3400 1003; x_wconf 74' lang='grc' dir='ltr'>καὶ</span> <span class='ocrx_word' id='word_1_260' title='bbox 3449 950 3550 1003; x_wconf 82' lang='grc' dir='ltr'>οὐκ</span> <span class='ocrx_word' id='word_1_261' title='bbox 3595 952 3738 1016; x_wconf 80' lang='grc' dir='ltr'>εὐθὺς</span> 
     </span>
    </p>
   </div>
   <div class='ocr_carea' id='block_1_40' title="bbox 2181 1035 3738 1111">
    <p class='ocr_par' dir='ltr' id='par_1_40' title="bbox 2181 1035 3738 1111">
     <span class='ocr_line' id='line_1_40' title="bbox 2181 1035 3738 1111; baseline 0.005 -23"><span class='ocrx_word' id='word_1_262' title='bbox 2181 1035 2334 1090; x_wconf 65' lang='grc' dir='ltr'>ἔσται</span> <span class='ocrx_word' id='word_1_263' title='bbox 2359 1036 2567 1105; x_wconf 84' lang='grc' dir='ltr'>δεκτὸς,</span> <span class='ocrx_word' id='word_1_264' title='bbox 2589 1038 2726 1092; x_wconf 84' lang='grc' dir='ltr'><strong>ἀλλά</strong></span> <span class='ocrx_word' id='word_1_265' title='bbox 2751 1040 2892 1109; x_wconf 83' lang='grc' dir='ltr'><strong>μετά</strong></span> <span class='ocrx_word' id='word_1_266' title='bbox 2911 1039 3123 1111; x_wconf 80' lang='grc' dir='ltr'>χρόνον,</span> <span class='ocrx_word' id='word_1_267' title='bbox 3147 1039 3272 1107; x_wconf 77' lang='grc' dir='ltr'>ἀξια</span> <span class='ocrx_word' id='word_1_268' title='bbox 3301 1039 3591 1110; x_wconf 74' lang='grc' dir='ltr'><strong>μετανοίας</strong></span> <span class='ocrx_word' id='word_1_269' title='bbox 3617 1041 3738 1111; x_wconf 71' lang='grc' dir='ltr'>ἐργα</span> 
     </span>
    </p>
   </div>
   <div class='ocr_carea' id='block_1_41' title="bbox 2179 1133 3738 1206">
    <p class='ocr_par' dir='ltr' id='par_1_41' title="bbox 2179 1133 3738 1206">
     <span class='ocr_line' id='line_1_41' title="bbox 2179 1133 3738 1206; baseline 0.003 -21"><span class='ocrx_word' id='word_1_270' title='bbox 2179 1133 2433 1199; x_wconf 80' lang='grc' dir='ltr'>ποιήσας,</span> <span class='ocrx_word' id='word_1_271' title='bbox 2464 1133 2553 1187; x_wconf 82' lang='grc' dir='ltr'>ἵνα</span> <span class='ocrx_word' id='word_1_272' title='bbox 2602 1133 2831 1206; x_wconf 78' lang='grc' dir='ltr'>μυρωθῇ</span> <span class='ocrx_word' id='word_1_273' title='bbox 2859 1149 2873 1162; x_wconf 91' lang='grc'><strong>·</strong></span> <span class='ocrx_word' id='word_1_274' title='bbox 2927 1136 3022 1189; x_wconf 75' lang='grc' dir='ltr'>καὶ</span> <span class='ocrx_word' id='word_1_275' title='bbox 3059 1136 3199 1204; x_wconf 87' lang='grc' dir='ltr'><strong>μετά</strong></span> <span class='ocrx_word' id='word_1_276' title='bbox 3223 1134 3422 1200; x_wconf 77' lang='grc' dir='ltr'>ταῦτα,</span> <span class='ocrx_word' id='word_1_277' title='bbox 3465 1135 3552 1188; x_wconf 80' lang='grc' dir='ltr'>ἴνα.</span> <span class='ocrx_word' id='word_1_278' title='bbox 3589 1153 3738 1205; x_wconf 82' lang='grc' dir='ltr'>μετα-</span> 
     </span>
    </p>
   </div>
   <div class='ocr_carea' id='block_1_42' title="bbox 2179 1222 3737 1298">
    <p class='ocr_par' dir='ltr' id='par_1_42' title="bbox 2179 1222 3737 1298">
     <span class='ocr_line' id='line_1_42' title="bbox 2179 1222 3737 1298; baseline 0.003 -22"><span class='ocrx_word' id='word_1_279' title='bbox 2179 1222 2341 1295; x_wconf 79' lang='grc' dir='ltr'>λάϐῃ.</span> <span class='ocrx_word' id='word_1_280' title='bbox 2382 1250 2453 1262; x_wconf 90' lang='lat'><strong>—-</strong></span> <span class='ocrx_word' id='word_1_281' title='bbox 2501 1223 2700 1294; x_wconf 73' lang='grc' dir='ltr'><strong>Ἐρὼτ.</strong></span> <span class='ocrx_word' id='word_1_282' title='bbox 2757 1226 2821 1279; x_wconf 73' lang='lat' dir='ltr'><strong>Et</strong></span> <span class='ocrx_word' id='word_1_283' title='bbox 2867 1227 2968 1280; x_wconf 84' lang='grc' dir='ltr'><strong>ούκ</strong></span> <span class='ocrx_word' id='word_1_284' title='bbox 3026 1225 3142 1296; x_wconf 70' lang='grc' dir='ltr'>ἔχει</span> <span class='ocrx_word' id='word_1_285' title='bbox 3210 1228 3376 1280; x_wconf 82' lang='grc' dir='ltr'>τόπον</span> <span class='ocrx_word' id='word_1_286' title='bbox 3419 1229 3455 1297; x_wconf 85' lang='grc' dir='ltr'><strong>ή</strong></span> <span class='ocrx_word' id='word_1_287' title='bbox 3494 1228 3737 1298; x_wconf 72' lang='grc' dir='ltr'><strong>ἐκκλησία</strong></span> 
     </span>
    </p>
   </div>
   <div class='ocr_carea' id='block_1_43' title="bbox 2177 1314 3734 1389">
    <p class='ocr_par' dir='ltr' id='par_1_43' title="bbox 2177 1314 3734 1389">
     <span class='ocr_line' id='line_1_43' title="bbox 2177 1314 3734 1389; baseline 0.004 -23"><span class='ocrx_word' id='word_1_288' title='bbox 2177 1314 2274 1367; x_wconf 83' lang='grc' dir='ltr'>τοῦ</span> <span class='ocrx_word' id='word_1_289' title='bbox 2329 1314 2623 1386; x_wconf 84' lang='grc' dir='ltr'>ἀποχύνειν</span> <span class='ocrx_word' id='word_1_290' title='bbox 2655 1315 2714 1371; x_wconf 85' lang='grc' dir='ltr'><strong>τδ</strong></span> <span class='ocrx_word' id='word_1_291' title='bbox 2746 1317 3037 1387; x_wconf 87' lang='grc' dir='ltr'>ἀπόλουμα</span> <span class='ocrx_word' id='word_1_292' title='bbox 3059 1317 3158 1388; x_wconf 78' lang='grc' dir='ltr'>τῆς</span> <span class='ocrx_word' id='word_1_293' title='bbox 3202 1317 3614 1389; x_wconf 80' lang='grc' dir='ltr'>κολυμϐήθρας,</span> <span class='ocrx_word' id='word_1_294' title='bbox 3650 1318 3734 1372; x_wconf 78' lang='grc' dir='ltr'>ποῦ</span> 
     </span>
    </p>
   </div>
   <div class='ocr_carea' id='block_1_44' title="bbox 2179 1407 3737 1478">
    <p class='ocr_par' dir='ltr' id='par_1_44' title="bbox 2179 1407 3737 1478">
     <span class='ocr_line' id='line_1_44' title="bbox 2179 1407 3737 1478; baseline 0.002 -18"><span class='ocrx_word' id='word_1_295' title='bbox 2179 1407 2704 1478; x_wconf 70' lang='grc' dir='ltr'>όφείλειχύνεσθαις</span> <span class='ocrx_word' id='word_1_296' title='bbox 2773 1410 3132 1478; x_wconf 81' lang='grc' dir='ltr'><strong>Ἀπόκρισις.</strong></span> <span class='ocrx_word' id='word_1_297' title='bbox 3190 1410 3364 1463; x_wconf 84' lang='grc' dir='ltr'>Ὅπου</span> <span class='ocrx_word' id='word_1_298' title='bbox 3415 1411 3529 1462; x_wconf 77' lang='grc' dir='ltr'>ἐστι</span> <span class='ocrx_word' id='word_1_299' title='bbox 3596 1411 3737 1475; x_wconf 75' lang='grc' dir='ltr'>τόπος</span> 
     </span>
    </p>
   </div>
   <div class='ocr_carea' id='block_1_45' title="bbox 2179 1498 3738 1572">
    <p class='ocr_par' dir='ltr' id='par_1_45' title="bbox 2179 1498 3738 1572">
     <span class='ocr_line' id='line_1_45' title="bbox 2179 1498 3738 1572; baseline 0.001 -20"><span class='ocrx_word' id='word_1_300' title='bbox 2179 1498 2444 1568; x_wconf 77' lang='grc' dir='ltr'>καθαρὸς,</span> <span class='ocrx_word' id='word_1_301' title='bbox 2471 1499 2568 1555; x_wconf 75' lang='grc' dir='ltr'>καὶ</span> <span class='ocrx_word' id='word_1_302' title='bbox 2592 1501 2667 1572; x_wconf 79' lang='grc' dir='ltr'>μὴ</span> <span class='ocrx_word' id='word_1_303' title='bbox 2693 1499 3345 1572; x_wconf 77' lang='grc' dir='ltr'>πατούμενος.-Ἐρώτ.</span> <span class='ocrx_word' id='word_1_304' title='bbox 3376 1501 3442 1555; x_wconf 85' lang='grc' dir='ltr'>Δί</span> <span class='ocrx_word' id='word_1_305' title='bbox 3475 1501 3585 1555; x_wconf 83' lang='grc' dir='ltr'><strong>τῶν</strong></span> <span class='ocrx_word' id='word_1_306' title='bbox 3614 1502 3738 1554; x_wconf 76' lang='grc' dir='ltr'>ἑται-</span> 
     </span>
    </p>
   </div>
   <div class='ocr_carea' id='block_1_46' title="bbox 2182 1592 3734 1665">
    <p class='ocr_par' dir='ltr' id='par_1_46' title="bbox 2182 1592 3734 1665">
     <span class='ocr_line' id='line_1_46' title="bbox 2182 1592 3734 1665; baseline 0.003 -21"><span class='ocrx_word' id='word_1_307' title='bbox 2182 1592 2344 1662; x_wconf 87' lang='grc' dir='ltr'>ρίδων</span> <span class='ocrx_word' id='word_1_308' title='bbox 2375 1594 2684 1665; x_wconf 75' lang='grc' dir='ltr'>προσφοραὶ</span> <span class='ocrx_word' id='word_1_309' title='bbox 2703 1636 2718 1660; x_wconf 95' lang='grc'><strong>,</strong></span> <span class='ocrx_word' id='word_1_310' title='bbox 2747 1593 2934 1647; x_wconf 86' lang='grc' dir='ltr'>δεκταί</span> <span class='ocrx_word' id='word_1_311' title='bbox 2960 1595 3117 1660; x_wconf 79' lang='grc' dir='ltr'>εἰσιν,</span> <span class='ocrx_word' id='word_1_312' title='bbox 3148 1595 3181 1664; x_wconf 81' lang='grc' dir='ltr'>ἦ</span> <span class='ocrx_word' id='word_1_313' title='bbox 3213 1593 3308 1659; x_wconf 75' lang='grc' dir='ltr'>οὓς</span> <span class='ocrx_word' id='word_1_314' title='bbox 3356 1595 3557 1648; x_wconf 74' lang='grc' dir='ltr'>Ἀπόκ.</span> <span class='ocrx_word' id='word_1_315' title='bbox 3603 1595 3734 1662; x_wconf 73' lang='grc' dir='ltr'>Οὐχί.</span> 
     </span>
    </p>
   </div>
   <div class='ocr_carea' id='block_1_47' title="bbox 2191 1684 3736 1757">
    <p class='ocr_par' dir='ltr' id='par_1_47' title="bbox 2191 1684 3736 1757">
     <span class='ocr_line' id='line_1_47' title="bbox 2191 1684 3736 1757; baseline 0.001 -19"><span class='ocrx_word' id='word_1_316' title='bbox 2191 1685 2330 1738; x_wconf 82' lang='grc' dir='ltr'><strong>Ὑπὸ</strong></span> <span class='ocrx_word' id='word_1_317' title='bbox 2356 1685 2628 1756; x_wconf 77' lang='grc' dir='ltr'>ἐπιτίμιον</span> <span class='ocrx_word' id='word_1_318' title='bbox 2655 1686 2766 1756; x_wconf 87' lang='grc' dir='ltr'>γάρ</span> <span class='ocrx_word' id='word_1_319' title='bbox 2803 1687 2910 1740; x_wconf 83' lang='grc' dir='ltr'>είσι</span> <span class='ocrx_word' id='word_1_320' title='bbox 2933 1703 2948 1718; x_wconf 77' lang='grc' dir='ltr'><strong><em>ο</em></strong></span> <span class='ocrx_word' id='word_1_321' title='bbox 2983 1687 3080 1740; x_wconf 76' lang='grc' dir='ltr'>καὶ</span> <span class='ocrx_word' id='word_1_322' title='bbox 3123 1684 3247 1739; x_wconf 77' lang='grc' dir='ltr'>οὕτε</span> <span class='ocrx_word' id='word_1_323' title='bbox 3277 1688 3610 1757; x_wconf 78' lang='grc' dir='ltr'>προσφοραὶ.</span> <span class='ocrx_word' id='word_1_324' title='bbox 3633 1686 3736 1740; x_wconf 71' lang='grc' dir='ltr'>οὔτε</span> 
     </span>
    </p>
   </div>
   <div class='ocr_carea' id='block_1_48' title="bbox 2184 1776 3740 1849">
    <p class='ocr_par' dir='ltr' id='par_1_48' title="bbox 2184 1776 3740 1849">
     <span class='ocr_line' id='line_1_48' title="bbox 2184 1776 3740 1849; baseline 0.001 -20"><span class='ocrx_word' id='word_1_325' title='bbox 2184 1776 2436 1848; x_wconf 87' lang='grc' dir='ltr'>θυμίαμα</span> <span class='ocrx_word' id='word_1_326' title='bbox 2481 1777 2823 1849; x_wconf 75' lang='grc' dir='ltr'>δεχθήσεται.</span> <span class='ocrx_word' id='word_1_327' title='bbox 2868 1809 2933 1822; x_wconf 88' lang='lat'><strong>—-</strong></span> <span class='ocrx_word' id='word_1_328' title='bbox 2993 1776 3195 1848; x_wconf 77' lang='grc' dir='ltr'>Ἐρώτ.</span> <span class='ocrx_word' id='word_1_329' title='bbox 3251 1779 3453 1849; x_wconf 76' lang='grc' dir='ltr'>Ἰερεὺς</span> <span class='ocrx_word' id='word_1_330' title='bbox 3498 1780 3594 1832; x_wconf 77' lang='grc' dir='ltr'><strong>ἑάν</strong></span> <span class='ocrx_word' id='word_1_331' title='bbox 3628 1781 3740 1831; x_wconf 80' lang='grc' dir='ltr'>ἀπο-</span> 
     </span>
    </p>
   </div>
   <div class='ocr_carea' id='block_1_49' title="bbox 2183 1869 3740 1942">
    <p class='ocr_par' dir='ltr' id='par_1_49' title="bbox 2183 1869 3740 1942">
     <span class='ocr_line' id='line_1_49' title="bbox 2183 1869 3740 1942; baseline 0 -20"><span class='ocrx_word' id='word_1_332' title='bbox 2183 1873 2367 1940; x_wconf 85' lang='grc' dir='ltr'>καρῇ,</span> <span class='ocrx_word' id='word_1_333' title='bbox 2447 1869 2594 1922; x_wconf 76' lang='grc' dir='ltr'>ἔστιν</span> <span class='ocrx_word' id='word_1_334' title='bbox 2672 1869 2821 1936; x_wconf 82' lang='grc' dir='ltr'>ἄξιος</span> <span class='ocrx_word' id='word_1_335' title='bbox 2884 1871 3276 1942; x_wconf 75' lang='grc' dir='ltr'>ίερουργῆσαις</span> <span class='ocrx_word' id='word_1_336' title='bbox 3350 1871 3553 1926; x_wconf 78' lang='grc' dir='ltr'>Ἀπόκ.</span> <span class='ocrx_word' id='word_1_337' title='bbox 3633 1870 3740 1923; x_wconf 73' lang='grc' dir='ltr'>Ἐὰν</span> 
     </span>
    </p>
   </div>
   <div class='ocr_carea' id='block_1_50' title="bbox 2185 1957 3741 2034">
    <p class='ocr_par' dir='ltr' id='par_1_50' title="bbox 2185 1957 3741 2034">
     <span class='ocr_line' id='line_1_50' title="bbox 2185 1957 3741 2034; baseline 0 -20"><span class='ocrx_word' id='word_1_338' title='bbox 2185 1963 2281 2014; x_wconf 77' lang='grc' dir='ltr'>καὶ</span> <span class='ocrx_word' id='word_1_339' title='bbox 2311 1960 2502 2032; x_wconf 79' lang='grc' dir='ltr'>πρώην</span> <span class='ocrx_word' id='word_1_340' title='bbox 2551 1957 2619 2034; x_wconf 76' lang='grc' dir='ltr'>ἦν</span> <span class='ocrx_word' id='word_1_341' title='bbox 2663 1962 2834 2027; x_wconf 76' lang='grc' dir='ltr'>ἄξιος.</span> <span class='ocrx_word' id='word_1_342' title='bbox 2866 1964 2928 2016; x_wconf 85' lang='grc' dir='ltr'><strong>ού</strong></span> <span class='ocrx_word' id='word_1_343' title='bbox 2961 1963 3233 2018; x_wconf 79' lang='grc' dir='ltr'><strong>κωλύεται</strong></span> <span class='ocrx_word' id='word_1_344' title='bbox 3259 1963 3347 2017; x_wconf 88' lang='grc' dir='ltr'><strong>διά</strong></span> <span class='ocrx_word' id='word_1_345' title='bbox 3376 1964 3478 2034; x_wconf 82' lang='grc' dir='ltr'>τῆς</span> <span class='ocrx_word' id='word_1_346' title='bbox 3519 1963 3741 2034; x_wconf 77' lang='grc' dir='ltr'>ἀποκαρ-</span> 
     </span>
    </p>
   </div>
   <div class='ocr_carea' id='block_1_51' title="bbox 2187 2055 3742 2127">
    <p class='ocr_par' dir='ltr' id='par_1_51' title="bbox 2187 2055 3742 2127">
     <span class='ocr_line' id='line_1_51' title="bbox 2187 2055 3742 2127; baseline 0.001 -21"><span class='ocrx_word' id='word_1_347' title='bbox 2187 2071 2346 2118; x_wconf 86' lang='grc' dir='ltr'>σεως.</span> <span class='ocrx_word' id='word_1_348' title='bbox 2408 2088 2448 2098; x_wconf 84' lang='grc'><strong><em>-</em></strong></span> <span class='ocrx_word' id='word_1_349' title='bbox 2486 2055 2684 2124; x_wconf 78' lang='grc' dir='ltr'>Ἐρώτ.</span> <span class='ocrx_word' id='word_1_350' title='bbox 2711 2057 2899 2110; x_wconf 82' lang='grc' dir='ltr'>Ἔστιν</span> <span class='ocrx_word' id='word_1_351' title='bbox 2921 2055 3069 2121; x_wconf 81' lang='grc' dir='ltr'>ἀξιον</span> <span class='ocrx_word' id='word_1_352' title='bbox 3093 2059 3268 2110; x_wconf 81' lang='grc' dir='ltr'>ποιεῖν</span> <span class='ocrx_word' id='word_1_353' title='bbox 3299 2056 3622 2127; x_wconf 82' lang='grc' dir='ltr'>φωτίσματα</span> <span class='ocrx_word' id='word_1_354' title='bbox 3647 2057 3742 2110; x_wconf 83' lang='grc' dir='ltr'>τῶν</span> 
     </span>
    </p>
   </div>
   <div class='ocr_carea' id='block_1_52' title="bbox 2182 2147 3742 2221">
    <p class='ocr_par' dir='ltr' id='par_1_52' title="bbox 2182 2147 3742 2221">
     <span class='ocr_line' id='line_1_52' title="bbox 2182 2147 3742 2221; baseline 0.001 -21"><span class='ocrx_word' id='word_1_355' title='bbox 2182 2147 2353 2214; x_wconf 51' lang='grc' dir='ltr'>ἀξίων</span> <span class='ocrx_word' id='word_1_356' title='bbox 2384 2147 2713 2216; x_wconf 71' lang='grc' dir='ltr'>Θεοφανίων,</span> <span class='ocrx_word' id='word_1_357' title='bbox 2757 2150 2850 2202; x_wconf 81' lang='grc' dir='ltr'>καὶ</span> <span class='ocrx_word' id='word_1_358' title='bbox 2880 2148 3105 2216; x_wconf 80' lang='grc' dir='ltr'>λοιπῶν,</span> <span class='ocrx_word' id='word_1_359' title='bbox 3137 2151 3197 2204; x_wconf 80' lang='grc' dir='ltr'>ὲν</span> <span class='ocrx_word' id='word_1_360' title='bbox 3226 2149 3433 2220; x_wconf 78' lang='grc' dir='ltr'>ἀγγείῳ</span> <span class='ocrx_word' id='word_1_361' title='bbox 3461 2150 3742 2221; x_wconf 71' lang='grc' dir='ltr'>οἰῳδηποτο</span> 
     </span>
    </p>
   </div>
   <div class='ocr_carea' id='block_1_53' title="bbox 2183 2239 3740 2313">
    <p class='ocr_par' dir='ltr' id='par_1_53' title="bbox 2183 2239 3740 2313">
     <span class='ocr_line' id='line_1_53' title="bbox 2183 2239 3740 2313; baseline 0 -20"><span class='ocrx_word' id='word_1_362' title='bbox 2183 2239 2314 2307; x_wconf 83' lang='grc' dir='ltr'>οὖν;</span> <span class='ocrx_word' id='word_1_363' title='bbox 2361 2241 2567 2296; x_wconf 77' lang='grc' dir='ltr'>Ἀπόκ.</span> <span class='ocrx_word' id='word_1_364' title='bbox 2617 2241 2698 2296; x_wconf 87' lang='grc' dir='ltr'><strong>Τά</strong></span> <span class='ocrx_word' id='word_1_365' title='bbox 2742 2242 2852 2296; x_wconf 80' lang='grc' dir='ltr'><strong>τῶν</strong></span> <span class='ocrx_word' id='word_1_366' title='bbox 2903 2243 3063 2297; x_wconf 86' lang='grc' dir='ltr'>θείων</span> <span class='ocrx_word' id='word_1_367' title='bbox 3109 2242 3476 2313; x_wconf 78' lang='grc' dir='ltr'>φωτισμάτων</span> <span class='ocrx_word' id='word_1_368' title='bbox 3542 2243 3740 2308; x_wconf 74' lang='grc' dir='ltr'>ἀγγεῖα,</span> 
     </span>
    </p>
   </div>
   <div class='ocr_carea' id='block_1_54' title="bbox 2188 2333 3740 2406">
    <p class='ocr_par' dir='ltr' id='par_1_54' title="bbox 2188 2333 3740 2406">
     <span class='ocr_line' id='line_1_54' title="bbox 2188 2333 3740 2406; baseline 0.002 -21"><span class='ocrx_word' id='word_1_369' title='bbox 2188 2333 2367 2402; x_wconf 87' lang='grc' dir='ltr'>μόνοις</span> <span class='ocrx_word' id='word_1_370' title='bbox 2399 2336 2512 2398; x_wconf 80' lang='grc' dir='ltr'>τοῖς</span> <span class='ocrx_word' id='word_1_371' title='bbox 2562 2333 2909 2403; x_wconf 71' lang='grc' dir='ltr'>φωτίσμασιν</span> <span class='ocrx_word' id='word_1_372' title='bbox 2953 2335 3424 2406; x_wconf 72' lang='grc' dir='ltr'>ἀφοριζέσθωσαν.</span> <span class='ocrx_word' id='word_1_373' title='bbox 3453 2364 3525 2375; x_wconf 93' lang='grc'><strong><em>-</em></strong></span> <span class='ocrx_word' id='word_1_374' title='bbox 3569 2333 3740 2402; x_wconf 78' lang='grc' dir='ltr'>Ἐρὼτ.</span> 
     </span>
    </p>
   </div>
   <div class='ocr_carea' id='block_1_55' title="bbox 2185 2425 3744 2500">
    <p class='ocr_par' dir='ltr' id='par_1_55' title="bbox 2185 2425 3744 2500">
     <span class='ocr_line' id='line_1_55' title="bbox 2185 2425 3744 2500; baseline 0.003 -22"><span class='ocrx_word' id='word_1_375' title='bbox 2185 2425 2418 2486; x_wconf 81' lang='grc' dir='ltr'>Δούλους</span> <span class='ocrx_word' id='word_1_376' title='bbox 2480 2427 2576 2479; x_wconf 77' lang='grc' dir='ltr'>καὶ</span> <span class='ocrx_word' id='word_1_377' title='bbox 2632 2426 2826 2491; x_wconf 80' lang='grc' dir='ltr'>δούλας</span> <span class='ocrx_word' id='word_1_378' title='bbox 2866 2427 3266 2499; x_wconf 75' lang='grc' dir='ltr'>ζευγνυμένους</span> <span class='ocrx_word' id='word_1_379' title='bbox 3314 2428 3469 2500; x_wconf 81' lang='grc' dir='ltr'><strong>παρά</strong></span> <span class='ocrx_word' id='word_1_380' title='bbox 3512 2428 3618 2481; x_wconf 83' lang='grc' dir='ltr'>τῶν</span> <span class='ocrx_word' id='word_1_381' title='bbox 3661 2445 3744 2483; x_wconf 78' lang='grc' dir='ltr'>κυο</span> 
     </span>
    </p>
   </div>
   <div class='ocr_carea' id='block_1_56' title="bbox 2189 2516 3744 2590">
    <p class='ocr_par' dir='ltr' id='par_1_56' title="bbox 2189 2516 3744 2590">
     <span class='ocr_line' id='line_1_56' title="bbox 2189 2516 3744 2590; baseline 0.003 -22"><span class='ocrx_word' id='word_1_382' title='bbox 2189 2516 2319 2588; x_wconf 88' lang='grc' dir='ltr'>ρίων</span> <span class='ocrx_word' id='word_1_383' title='bbox 2337 2516 2517 2570; x_wconf 83' lang='grc' dir='ltr'>αὐτῶν</span> <span class='ocrx_word' id='word_1_384' title='bbox 2539 2518 2668 2572; x_wconf 79' lang='grc' dir='ltr'>ἄνευ</span> <span class='ocrx_word' id='word_1_385' title='bbox 2694 2517 3058 2588; x_wconf 78' lang='grc' dir='ltr'>εύλογὴσεως,</span> <span class='ocrx_word' id='word_1_386' title='bbox 3087 2519 3472 2590; x_wconf 83' lang='grc' dir='ltr'>μεταδώσομεν</span> <span class='ocrx_word' id='word_1_387' title='bbox 3491 2520 3586 2588; x_wconf 74' lang='grc' dir='ltr'>τῆς</span> <span class='ocrx_word' id='word_1_388' title='bbox 3607 2520 3744 2583; x_wconf 85' lang='grc' dir='ltr'>θείας</span> 
     </span>
    </p>
   </div>
   <div class='ocr_carea' id='block_1_57' title="bbox 2185 2610 3742 2682">
    <p class='ocr_par' dir='ltr' id='par_1_57' title="bbox 2185 2610 3742 2682">
     <span class='ocr_line' id='line_1_57' title="bbox 2185 2610 3742 2682; baseline 0.001 -22"><span class='ocrx_word' id='word_1_389' title='bbox 2185 2610 2505 2676; x_wconf 81' lang='grc' dir='ltr'>κοινωνίας,</span> <span class='ocrx_word' id='word_1_390' title='bbox 2561 2611 2595 2682; x_wconf 75' lang='grc' dir='ltr'>ἢ</span> <span class='ocrx_word' id='word_1_391' title='bbox 2658 2610 3068 2682; x_wconf 80' lang='grc' dir='ltr'>προσδεξόμεθα</span> <span class='ocrx_word' id='word_1_392' title='bbox 3125 2611 3225 2682; x_wconf 76' lang='grc' dir='ltr'>τὴν</span> <span class='ocrx_word' id='word_1_393' title='bbox 3299 2611 3496 2666; x_wconf 84' lang='grc' dir='ltr'>θυσίαν</span> <span class='ocrx_word' id='word_1_394' title='bbox 3547 2612 3742 2677; x_wconf 81' lang='grc' dir='ltr'>αύτῶν;</span> 
     </span>
    </p>
   </div>
   <div class='ocr_carea' id='block_1_58' title="bbox 2197 2699 3744 2773">
    <p class='ocr_par' dir='ltr' id='par_1_58' title="bbox 2197 2699 3744 2773">
     <span class='ocr_line' id='line_1_58' title="bbox 2197 2699 3744 2773; baseline -0.001 -18"><span class='ocrx_word' id='word_1_395' title='bbox 2197 2699 2398 2755; x_wconf 71' lang='grc' dir='ltr'>Ἀπόκ.</span> <span class='ocrx_word' id='word_1_396' title='bbox 2507 2701 2660 2754; x_wconf 76' lang='grc' dir='ltr'>Ἐπεὶ</span> <span class='ocrx_word' id='word_1_397' title='bbox 2731 2701 2878 2772; x_wconf 80' lang='grc' dir='ltr'>μίξις</span> <span class='ocrx_word' id='word_1_398' title='bbox 2947 2702 3080 2763; x_wconf 81' lang='grc' dir='ltr'>ᾷνευ</span> <span class='ocrx_word' id='word_1_399' title='bbox 3150 2702 3457 2773; x_wconf 83' lang='grc' dir='ltr'>ίερο).ογίας</span> <span class='ocrx_word' id='word_1_400' title='bbox 3536 2701 3744 2772; x_wconf 75' lang='grc' dir='ltr'>πορνεία</span> 
     </span>
    </p>
   </div>
   <div class='ocr_carea' id='block_1_59' title="bbox 2186 2789 3746 2867">
    <p class='ocr_par' dir='ltr' id='par_1_59' title="bbox 2186 2789 3746 2867">
     <span class='ocr_line' id='line_1_59' title="bbox 2186 2789 3746 2867; baseline 0.003 -23"><span class='ocrx_word' id='word_1_401' title='bbox 2186 2792 2323 2855; x_wconf 70' lang='grc' dir='ltr'>ἐστὶ,</span> <span class='ocrx_word' id='word_1_402' title='bbox 2353 2791 2454 2846; x_wconf 84' lang='grc' dir='ltr'><strong>κάν</strong></span> <span class='ocrx_word' id='word_1_403' title='bbox 2475 2808 2534 2845; x_wconf 87' lang='grc' dir='ltr'><strong>τε</strong></span> <span class='ocrx_word' id='word_1_404' title='bbox 2565 2792 2751 2856; x_wconf 83' lang='grc' dir='ltr'>δοῦλος</span> <span class='ocrx_word' id='word_1_405' title='bbox 2852 2796 2882 2848; x_wconf 87' lang='grc' dir='ltr'><strong>ό</strong></span> <span class='ocrx_word' id='word_1_406' title='bbox 2903 2794 3281 2863; x_wconf 82' lang='grc' dir='ltr'>ἀνευλόγητος,</span> <span class='ocrx_word' id='word_1_407' title='bbox 3315 2796 3418 2850; x_wconf 81' lang='grc' dir='ltr'><strong>κάν</strong></span> <span class='ocrx_word' id='word_1_408' title='bbox 3461 2812 3521 2848; x_wconf 87' lang='grc' dir='ltr'><strong>τε</strong></span> <span class='ocrx_word' id='word_1_409' title='bbox 3551 2794 3746 2848; x_wconf 80' lang='grc' dir='ltr'>ἐλεύθε-</span> 
     </span>
    </p>
   </div>
   <div class='ocr_carea' id='block_1_60' title="bbox 2189 2882 3745 2958">
    <p class='ocr_par' dir='ltr' id='par_1_60' title="bbox 2189 2882 3745 2958">
     <span class='ocr_line' id='line_1_60' title="bbox 2189 2882 3745 2958; baseline 0.001 -22"><span class='ocrx_word' id='word_1_410' title='bbox 2189 2900 2302 2954; x_wconf 87' lang='grc' dir='ltr'>ρος,</span> <span class='ocrx_word' id='word_1_411' title='bbox 2333 2882 2458 2938; x_wconf 74' lang='grc' dir='ltr'>οὔτε</span> <span class='ocrx_word' id='word_1_412' title='bbox 2480 2885 2560 2946; x_wconf 86' lang='grc' dir='ltr'><strong>είς</strong></span> <span class='ocrx_word' id='word_1_413' title='bbox 2582 2885 2922 2955; x_wconf 80' lang='grc' dir='ltr'>δωροφορίαν</span> <span class='ocrx_word' id='word_1_414' title='bbox 2947 2886 3328 2958; x_wconf 77' lang='grc' dir='ltr'>προσδεκτέος,</span> <span class='ocrx_word' id='word_1_415' title='bbox 3347 2885 3472 2940; x_wconf 81' lang='grc' dir='ltr'>οὕτε</span> <span class='ocrx_word' id='word_1_416' title='bbox 3492 2888 3570 2949; x_wconf 85' lang='grc' dir='ltr'><strong>είς</strong></span> <span class='ocrx_word' id='word_1_417' title='bbox 3593 2902 3745 2957; x_wconf 77' lang='grc' dir='ltr'>προσ-</span> 
     </span>
    </p>
   </div>
   <div class='ocr_carea' id='block_1_61' title="bbox 2186 2975 3746 3048">
    <p class='ocr_par' dir='ltr' id='par_1_61' title="bbox 2186 2975 3746 3048">
     <span class='ocr_line' id='line_1_61' title="bbox 2186 2975 3746 3048; baseline 0.001 -18"><span class='ocrx_word' id='word_1_418' title='bbox 2186 2977 2350 3045; x_wconf 81' lang='grc' dir='ltr'>ευχὴν</span> <span class='ocrx_word' id='word_1_419' title='bbox 2383 2978 2442 3032; x_wconf 74' lang='grc' dir='ltr'>ιν</span> <span class='ocrx_word' id='word_1_420' title='bbox 2473 2976 2550 3046; x_wconf 82' lang='grc' dir='ltr'><strong>τῷ</strong></span> <span class='ocrx_word' id='word_1_421' title='bbox 2574 2975 2711 3046; x_wconf 83' lang='grc' dir='ltr'>οἴκῳ</span> <span class='ocrx_word' id='word_1_422' title='bbox 2741 2975 2970 3048; x_wconf 78' lang='grc' dir='ltr'>Κυρίου.</span> <span class='ocrx_word' id='word_1_423' title='bbox 3023 2976 3174 3032; x_wconf 80' lang='grc' dir='ltr'>Ἐπεὶ</span> <span class='ocrx_word' id='word_1_424' title='bbox 3201 2979 3300 3032; x_wconf 74' lang='grc' dir='ltr'>καὶ</span> <span class='ocrx_word' id='word_1_425' title='bbox 3341 2980 3370 3032; x_wconf 90' lang='grc' dir='ltr'><strong>ό</strong></span> <span class='ocrx_word' id='word_1_426' title='bbox 3410 2978 3554 3042; x_wconf 76' lang='grc' dir='ltr'>θεῖος</span> <span class='ocrx_word' id='word_1_427' title='bbox 3601 2977 3746 3032; x_wconf 76' lang='grc' dir='ltr'>Ἀπό-</span> 
     </span>
    </p>
   </div>
   <div class='ocr_carea' id='block_1_62' title="bbox 2188 3069 3745 3141">
    <p class='ocr_par' dir='ltr' id='par_1_62' title="bbox 2188 3069 3745 3141">
     <span class='ocr_line' id='line_1_62' title="bbox 2188 3069 3745 3141; baseline 0.001 -19"><span class='ocrx_word' id='word_1_428' title='bbox 2188 3072 2373 3132; x_wconf 84' lang='grc' dir='ltr'>στολος</span> <span class='ocrx_word' id='word_1_429' title='bbox 2438 3070 2574 3140; x_wconf 86' lang='grc' dir='ltr'>μήτε</span> <span class='ocrx_word' id='word_1_430' title='bbox 2632 3069 2932 3124; x_wconf 77' lang='grc' dir='ltr'>συνεσθίειν</span> <span class='ocrx_word' id='word_1_431' title='bbox 2960 3069 3195 3136; x_wconf 75' lang='grc' dir='ltr'>κελεύει,</span> <span class='ocrx_word' id='word_1_432' title='bbox 3267 3071 3407 3141; x_wconf 83' lang='grc' dir='ltr'>μήτε</span> <span class='ocrx_word' id='word_1_433' title='bbox 3461 3070 3745 3140; x_wconf 77' lang='grc' dir='ltr'>συναναμίο</span> 
     </span>
    </p>
   </div>
   <div class='ocr_carea' id='block_1_63' title="bbox 504 3155 2080 3234">
    <p class='ocr_par' dir='ltr' id='par_1_63' title="bbox 504 3155 2077 3234">
     <span class='ocr_line' id='line_1_63' title="bbox 504 3155 2077 3234; baseline 0.008 -24"><span class='ocrx_word' id='word_1_434' title='bbox 504 3155 775 3212; x_wconf 86' lang='lat' dir='ltr'><strong>cationem</strong></span> <span class='ocrx_word' id='word_1_435' title='bbox 811 3158 866 3213; x_wconf 93' lang='lat' dir='ltr'><strong>in</strong></span> <span class='ocrx_word' id='word_1_436' title='bbox 897 3160 1062 3214; x_wconf 92' lang='lat' dir='ltr'><strong>domo</strong></span> <span class='ocrx_word' id='word_1_437' title='bbox 1104 3160 1342 3218; x_wconf 91' lang='lat' dir='ltr'><strong>Domini.</strong></span> <span class='ocrx_word' id='word_1_438' title='bbox 1382 3161 1598 3234; x_wconf 89' lang='lat' dir='ltr'><strong>Quippe</strong></span> <span class='ocrx_word' id='word_1_439' title='bbox 1643 3165 1866 3223; x_wconf 86' lang='lat' dir='ltr'><strong>divinus</strong></span> <span class='ocrx_word' id='word_1_440' title='bbox 1912 3168 2077 3222; x_wconf 90' lang='lat' dir='ltr'><strong>etiam</strong></span> 
     </span>
    </p>
   </div>
   <div class='ocr_carea' id='block_1_64' title="bbox 2185 3155 3746 3234">
    <p class='ocr_par' dir='ltr' id='par_1_64' title="bbox 2191 3160 3746 3232">
     <span class='ocr_line' id='line_1_64' title="bbox 2191 3160 3746 3232; baseline -0.001 -18"><span class='ocrx_word' id='word_1_441' title='bbox 2191 3161 2423 3228; x_wconf 89' lang='grc' dir='ltr'>γνυσθαι</span> <span class='ocrx_word' id='word_1_442' title='bbox 2454 3160 2688 3224; x_wconf 89' lang='grc' dir='ltr'>τούτοις.</span> <span class='ocrx_word' id='word_1_443' title='bbox 2731 3161 2894 3215; x_wconf 78' lang='grc' dir='ltr'><strong>Ἀλλά</strong></span> <span class='ocrx_word' id='word_1_444' title='bbox 2933 3161 3032 3216; x_wconf 81' lang='grc' dir='ltr'>καὶ</span> <span class='ocrx_word' id='word_1_445' title='bbox 3068 3164 3118 3216; x_wconf 73' lang='lat' dir='ltr'><strong>oi</strong></span> <span class='ocrx_word' id='word_1_446' title='bbox 3151 3161 3434 3227; x_wconf 82' lang='grc' dir='ltr'>δεσπόται,</span> <span class='ocrx_word' id='word_1_447' title='bbox 3459 3162 3584 3216; x_wconf 70' lang='grc' dir='ltr'>ἐπεὶ</span> <span class='ocrx_word' id='word_1_448' title='bbox 3623 3177 3746 3232; x_wconf 80' lang='grc' dir='ltr'>προ-</span> 
     </span>
    </p>
   </div>
   <div class='ocr_carea' id='block_1_65' title="bbox 503 3249 2082 3320">
    <p class='ocr_par' dir='ltr' id='par_1_65' title="bbox 503 3249 2082 3320">
     <span class='ocr_line' id='line_1_65' title="bbox 503 3249 2082 3320; baseline 0.008 -17"><span class='ocrx_word' id='word_1_449' title='bbox 503 3249 804 3318; x_wconf 83' lang='lat' dir='ltr'><strong>Apostolus</strong></span> <span class='ocrx_word' id='word_1_450' title='bbox 846 3250 934 3307; x_wconf 89' lang='lat' dir='ltr'><strong>ille</strong></span> <span class='ocrx_word' id='word_1_451' title='bbox 971 3267 1071 3308; x_wconf 86' lang='lat' dir='ltr'><strong>nec</strong></span> <span class='ocrx_word' id='word_1_452' title='bbox 1100 3256 1244 3310; x_wconf 88' lang='lat' dir='ltr'><strong>vesci</strong></span> <span class='ocrx_word' id='word_1_453' title='bbox 1277 3271 1402 3311; x_wconf 88' lang='lat' dir='ltr'><strong>cum</strong></span> <span class='ocrx_word' id='word_1_454' title='bbox 1433 3257 1534 3320; x_wconf 85' lang='lat' dir='ltr'><strong>eis,</strong></span> <span class='ocrx_word' id='word_1_455' title='bbox 1575 3272 1682 3314; x_wconf 90' lang='lat' dir='ltr'><strong>nec</strong></span> <span class='ocrx_word' id='word_1_456' title='bbox 1726 3261 2082 3316; x_wconf 88' lang='lat' dir='ltr'><strong>consuetudi-</strong></span> 
     </span>
    </p>
   </div>
   <div class='ocr_carea' id='block_1_66' title="bbox 504 3329 2080 3420">
    <p class='ocr_par' dir='ltr' id='par_1_66' title="bbox 504 3329 2080 3420">
     <span class='ocr_line' id='line_1_66' title="bbox 504 3329 2080 3420; baseline 0.01 -27"><span class='ocrx_word' id='word_1_457' title='bbox 504 3352 628 3394; x_wconf 86' lang='lat' dir='ltr'><strong>nem</strong></span> <span class='ocrx_word' id='word_1_458' title='bbox 662 3338 861 3396; x_wconf 86' lang='lat' dir='ltr'><strong>habere</strong></span> <span class='ocrx_word' id='word_1_459' title='bbox 899 3345 1163 3413; x_wconf 60' lang='lat' dir='ltr'><strong>praecipit.</strong></span> <span class='ocrx_word' id='word_1_460' title='bbox 1220 3347 1534 3412; x_wconf 83' lang='lat' dir='ltr'><strong>Quinetiam</strong></span> <span class='ocrx_word' id='word_1_461' title='bbox 1571 3349 1674 3420; x_wconf 88' lang='lat' dir='ltr'><strong>ipsi</strong></span> <span class='ocrx_word' id='word_1_462' title='bbox 1713 3351 1920 3406; x_wconf 90' lang='lat' dir='ltr'><strong>domini</strong></span> <span class='ocrx_word' id='word_1_463' title='bbox 1951 3329 2080 3408; x_wconf 73' lang='lat' dir='ltr'><strong>cum</strong></span> 
     </span>
    </p>
   </div>
   <div class='ocr_carea' id='block_1_67' title="bbox 506 3435 2080 3505">
    <p class='ocr_par' dir='ltr' id='par_1_67' title="bbox 506 3435 2080 3505">
     <span class='ocr_line' id='line_1_67' title="bbox 506 3435 2080 3505; baseline 0.01 -22"><span class='ocrx_word' id='word_1_464' title='bbox 506 3438 764 3486; x_wconf 81' lang='lat' dir='ltr'><strong>auctores</strong></span> <span class='ocrx_word' id='word_1_465' title='bbox 799 3435 911 3487; x_wconf 90' lang='lat' dir='ltr'><strong>sint</strong></span> <span class='ocrx_word' id='word_1_466' title='bbox 943 3435 1198 3492; x_wconf 85' lang='lat' dir='ltr'><strong>interitus</strong></span> <span class='ocrx_word' id='word_1_467' title='bbox 1217 3452 1520 3505; x_wconf 80' lang='lat' dir='ltr'><strong>servorum,</strong></span> <span class='ocrx_word' id='word_1_468' title='bbox 1545 3443 1672 3496; x_wconf 89' lang='lat' dir='ltr'><strong>dum</strong></span> <span class='ocrx_word' id='word_1_469' title='bbox 1705 3457 1800 3498; x_wconf 89' lang='lat' dir='ltr'><strong>eos</strong></span> <span class='ocrx_word' id='word_1_470' title='bbox 1829 3443 1896 3497; x_wconf 86' lang='lat' dir='ltr'><strong>ad</strong></span> <span class='ocrx_word' id='word_1_471' title='bbox 1929 3444 2080 3499; x_wconf 91' lang='lat' dir='ltr'><strong>illum</strong></span> 
     </span>
    </p>
   </div>
   <div class='ocr_carea' id='block_1_68' title="bbox 511 3523 2084 3604">
    <p class='ocr_par' dir='ltr' id='par_1_68' title="bbox 511 3523 2084 3604">
     <span class='ocr_line' id='line_1_68' title="bbox 511 3523 2084 3604; baseline 0.013 -31"><span class='ocrx_word' id='word_1_472' title='bbox 511 3523 718 3578; x_wconf 82' lang='lat' dir='ltr'><strong>coitum</strong></span> <span class='ocrx_word' id='word_1_473' title='bbox 753 3525 1009 3591; x_wconf 84' lang='lat' dir='ltr'><strong>invitant,</strong></span> <span class='ocrx_word' id='word_1_474' title='bbox 1038 3545 1205 3598; x_wconf 76' lang='lat' dir='ltr'><strong>quem</strong></span> <span class='ocrx_word' id='word_1_475' title='bbox 1248 3532 1495 3589; x_wconf 85' lang='lat' dir='ltr'><strong>inhibere</strong></span> <span class='ocrx_word' id='word_1_476' title='bbox 1535 3543 1809 3604; x_wconf 85' lang='lat' dir='ltr'><strong>poterant,</strong></span> <span class='ocrx_word' id='word_1_477' title='bbox 1838 3536 2084 3594; x_wconf 90' lang='lat' dir='ltr'><strong>dominio</strong></span> 
     </span>
    </p>
   </div>
   <div class='ocr_carea' id='block_1_69' title="bbox 507 3622 2086 3692">
    <p class='ocr_par' dir='ltr' id='par_1_69' title="bbox 507 3622 2086 3692">
     <span class='ocr_line' id='line_1_69' title="bbox 507 3622 2086 3692; baseline 0.01 -21"><span class='ocrx_word' id='word_1_478' title='bbox 507 3629 795 3672; x_wconf 85' lang='lat' dir='ltr'><strong>servorum</strong></span> <span class='ocrx_word' id='word_1_479' title='bbox 833 3622 1097 3676; x_wconf 81' lang='lat' dir='ltr'><strong>excidunt</strong></span> <span class='ocrx_word' id='word_1_480' title='bbox 1124 3623 1279 3692; x_wconf 80' lang='lat' dir='ltr'><strong>juxta</strong></span> <span class='ocrx_word' id='word_1_481' title='bbox 1315 3628 1589 3681; x_wconf 85' lang='lat' dir='ltr'><strong>novellam</strong></span> <span class='ocrx_word' id='word_1_482' title='bbox 1626 3631 1968 3685; x_wconf 87' lang='lat' dir='ltr'><strong>sanctionem</strong></span> <span class='ocrx_word' id='word_1_483' title='bbox 2003 3633 2086 3688; x_wconf 79' lang='lat' dir='ltr'><strong>in-</strong></span> 
     </span>
    </p>
   </div>
   <div class='ocr_carea' id='block_1_70' title="bbox 507 3709 2085 3782">
    <p class='ocr_par' dir='ltr' id='par_1_70' title="bbox 507 3709 2085 3782">
     <span class='ocr_line' id='line_1_70' title="bbox 507 3709 2085 3782; baseline 0.013 -20"><span class='ocrx_word' id='word_1_484' title='bbox 507 3709 634 3779; x_wconf 83' lang='lat' dir='ltr'><strong>clyti</strong></span> <span class='ocrx_word' id='word_1_485' title='bbox 655 3711 923 3782; x_wconf 87' lang='lat' dir='ltr'><strong>principis</strong></span> <span class='ocrx_word' id='word_1_486' title='bbox 951 3717 1148 3780; x_wconf 86' lang='lat' dir='ltr'><strong>nostri,</strong></span> <span class='ocrx_word' id='word_1_487' title='bbox 1179 3717 1880 3778; x_wconf 78' lang='lat' dir='ltr'><strong>dmniniAlexii.—-1nterr.</strong></span> <span class='ocrx_word' id='word_1_488' title='bbox 1900 3724 1983 3778; x_wconf 80' lang='lat' dir='ltr'><strong>An</strong></span> <span class='ocrx_word' id='word_1_489' title='bbox 2003 3725 2085 3782; x_wconf 78' lang='lat' dir='ltr'><strong>fas</strong></span> 
     </span>
    </p>
   </div>
   <div class='ocr_carea' id='block_1_71' title="bbox 507 3801 2085 3877">
    <p class='ocr_par' dir='ltr' id='par_1_71' title="bbox 507 3801 2085 3877">
     <span class='ocr_line' id='line_1_71' title="bbox 507 3801 2085 3877; baseline 0.011 -23"><span class='ocrx_word' id='word_1_490' title='bbox 507 3808 595 3855; x_wconf 88' lang='lat' dir='ltr'><strong>est</strong></span> <span class='ocrx_word' id='word_1_491' title='bbox 629 3817 659 3856; x_wconf 90' lang='lat' dir='ltr'><strong>e</strong></span> <span class='ocrx_word' id='word_1_492' title='bbox 703 3801 978 3872; x_wconf 87' lang='lat' dir='ltr'><strong>baptismo</strong></span> <span class='ocrx_word' id='word_1_493' title='bbox 1021 3807 1307 3877; x_wconf 78' lang='lat' dir='ltr'><strong>suscipere</strong></span> <span class='ocrx_word' id='word_1_494' title='bbox 1349 3809 1646 3868; x_wconf 89' lang='lat' dir='ltr'><strong>liberorum</strong></span> <span class='ocrx_word' id='word_1_495' title='bbox 1683 3829 1913 3869; x_wconf 84' lang='lat' dir='ltr'><strong>suorum</strong></span> <span class='ocrx_word' id='word_1_496' title='bbox 1944 3816 2085 3871; x_wconf 83' lang='lat' dir='ltr'><strong>libe-</strong></span> 
     </span>
    </p>
   </div>
   <div class='ocr_carea' id='block_1_72' title="bbox 508 3892 2083 3978">
    <p class='ocr_par' dir='ltr' id='par_1_72' title="bbox 508 3892 2083 3978">
     <span class='ocr_line' id='line_1_72' title="bbox 508 3892 2083 3978; baseline 0.011 -33"><span class='ocrx_word' id='word_1_497' title='bbox 508 3893 646 3946; x_wconf 87' lang='lat' dir='ltr'><strong>ros?</strong></span> <span class='ocrx_word' id='word_1_498' title='bbox 686 3892 845 3963; x_wconf 88' lang='lat' dir='ltr'><strong>Resp.</strong></span> <span class='ocrx_word' id='word_1_499' title='bbox 895 3895 1085 3968; x_wconf 78' lang='lat' dir='ltr'><strong>Neque</strong></span> <span class='ocrx_word' id='word_1_500' title='bbox 1128 3900 1239 3964; x_wconf 79' lang='lat' dir='ltr'><strong>lex,</strong></span> <span class='ocrx_word' id='word_1_501' title='bbox 1273 3917 1453 3972; x_wconf 90' lang='lat' dir='ltr'><strong>neque</strong></span> <span class='ocrx_word' id='word_1_502' title='bbox 1497 3905 1752 3976; x_wconf 84' lang='lat' dir='ltr'><strong>princeps</strong></span> <span class='ocrx_word' id='word_1_503' title='bbox 1791 3909 2083 3978; x_wconf 82' lang='lat' dir='ltr'><strong>quisquam</strong></span> 
     </span>
    </p>
   </div>
   <div class='ocr_carea' id='block_1_73' title="bbox 508 3981 2086 4071">
    <p class='ocr_par' dir='ltr' id='par_1_73' title="bbox 508 3981 2086 4071">
     <span class='ocr_line' id='line_1_73' title="bbox 508 3981 2086 4071; baseline 0.012 -35"><span class='ocrx_word' id='word_1_504' title='bbox 508 3981 612 4037; x_wconf 83' lang='lat' dir='ltr'><strong>hoc</strong></span> <span class='ocrx_word' id='word_1_505' title='bbox 633 3985 1177 4054; x_wconf 78' lang='lat' dir='ltr'><strong>proliibet.—lruerr.</strong></span> <span class='ocrx_word' id='word_1_506' title='bbox 1201 3992 1428 4050; x_wconf 84' lang='lat' dir='ltr'><strong>Licetne</strong></span> <span class='ocrx_word' id='word_1_507' title='bbox 1445 3998 1737 4065; x_wconf 85' lang='lat' dir='ltr'><strong>sacerdoti,</strong></span> <span class='ocrx_word' id='word_1_508' title='bbox 1759 4014 1918 4054; x_wconf 84' lang='lat' dir='ltr'><strong>suum</strong></span> <span class='ocrx_word' id='word_1_509' title='bbox 1951 4002 2086 4071; x_wconf 82' lang='lat' dir='ltr'><strong>bap-</strong></span> 
     </span>
    </p>
   </div>
   <div class='ocr_carea' id='block_1_74' title="bbox 510 4075 2083 4161">
    <p class='ocr_par' dir='ltr' id='par_1_74' title="bbox 510 4075 2083 4161">
     <span class='ocr_line' id='line_1_74' title="bbox 510 4075 2083 4161; baseline 0.012 -32"><span class='ocrx_word' id='word_1_510' title='bbox 510 4075 684 4132; x_wconf 81' lang='lat' dir='ltr'><strong>tizare</strong></span> <span class='ocrx_word' id='word_1_511' title='bbox 708 4079 975 4137; x_wconf 77' lang='lat' dir='ltr'><strong>infantem</strong></span> <span class='ocrx_word' id='word_1_512' title='bbox 999 4084 1023 4135; x_wconf 76' lang='grc'><strong>7</strong></span> <span class='ocrx_word' id='word_1_513' title='bbox 1044 4083 1195 4154; x_wconf 88' lang='lat' dir='ltr'><strong>Resp.</strong></span> <span class='ocrx_word' id='word_1_514' title='bbox 1234 4086 1348 4144; x_wconf 84' lang='lat' dir='ltr'><strong>Hoc</strong></span> <span class='ocrx_word' id='word_1_515' title='bbox 1367 4089 1592 4145; x_wconf 87' lang='lat' dir='ltr'><strong>minime</strong></span> <span class='ocrx_word' id='word_1_516' title='bbox 1614 4092 1946 4161; x_wconf 86' lang='lat' dir='ltr'><strong>prohibitum</strong></span> <span class='ocrx_word' id='word_1_517' title='bbox 1976 4103 2083 4151; x_wconf 90' lang='lat' dir='ltr'><strong>est.</strong></span> 
     </span>
    </p>
   </div>
   <div class='ocr_carea' id='block_1_75' title="bbox 510 4168 2082 4258">
    <p class='ocr_par' dir='ltr' id='par_1_75' title="bbox 510 4168 2082 4258">
     <span class='ocr_line' id='line_1_75' title="bbox 510 4168 2082 4258; baseline 0.015 -37"><span class='ocrx_word' id='word_1_518' title='bbox 510 4168 785 4226; x_wconf 82' lang='lat' dir='ltr'><strong>—Interr.</strong></span> <span class='ocrx_word' id='word_1_519' title='bbox 809 4172 865 4230; x_wconf 90' lang='lat' dir='ltr'><strong>Si</strong></span> <span class='ocrx_word' id='word_1_520' title='bbox 889 4175 1097 4234; x_wconf 74' lang='lat' dir='ltr'><strong>fuerint</strong></span> <span class='ocrx_word' id='word_1_521' title='bbox 1117 4179 1316 4237; x_wconf 86' lang='lat' dir='ltr'><strong>l&#39;ratres</strong></span> <span class='ocrx_word' id='word_1_522' title='bbox 1333 4182 1464 4248; x_wconf 89' lang='lat' dir='ltr'><strong>duo,</strong></span> <span class='ocrx_word' id='word_1_523' title='bbox 1495 4184 1578 4239; x_wconf 90' lang='lat' dir='ltr'><strong>vel</strong></span> <span class='ocrx_word' id='word_1_524' title='bbox 1600 4192 1736 4252; x_wconf 89' lang='lat' dir='ltr'><strong>tres,</strong></span> <span class='ocrx_word' id='word_1_525' title='bbox 1769 4187 1851 4242; x_wconf 89' lang='lat' dir='ltr'><strong>vel</strong></span> <span class='ocrx_word' id='word_1_526' title='bbox 1875 4188 2082 4258; x_wconf 87' lang='lat' dir='ltr'><strong>plures,</strong></span> 
     </span>
    </p>
   </div>
   <div class='ocr_carea' id='block_1_76' title="bbox 507 4267 2087 4344">
    <p class='ocr_par' dir='ltr' id='par_1_76' title="bbox 507 4267 2087 4344">
     <span class='ocr_line' id='line_1_76' title="bbox 507 4267 2087 4344; baseline 0.013 -26"><span class='ocrx_word' id='word_1_527' title='bbox 507 4271 564 4319; x_wconf 86' lang='lat' dir='ltr'><strong>et</strong></span> <span class='ocrx_word' id='word_1_528' title='bbox 588 4280 731 4321; x_wconf 75' lang='lat' dir='ltr'><strong>unus</strong></span> <span class='ocrx_word' id='word_1_529' title='bbox 759 4282 791 4322; x_wconf 90' lang='lat' dir='ltr'><strong>e</strong></span> <span class='ocrx_word' id='word_1_530' title='bbox 819 4267 1096 4339; x_wconf 88' lang='lat' dir='ltr'><strong>baptismo</strong></span> <span class='ocrx_word' id='word_1_531' title='bbox 1123 4278 1434 4344; x_wconf 86' lang='lat' dir='ltr'><strong>susceperit</strong></span> <span class='ocrx_word' id='word_1_532' title='bbox 1463 4277 1752 4342; x_wconf 80' lang='lat' dir='ltr'><strong>infantem,</strong></span> <span class='ocrx_word' id='word_1_533' title='bbox 1799 4294 1867 4335; x_wconf 83' lang='lat' dir='ltr'><strong>an</strong></span> <span class='ocrx_word' id='word_1_534' title='bbox 1895 4297 2087 4338; x_wconf 86' lang='lat' dir='ltr'><strong>omnes</strong></span> 
     </span>
    </p>
   </div>
   <div class='ocr_carea' id='block_1_77' title="bbox 509 4358 2086 4440">
    <p class='ocr_par' dir='ltr' id='par_1_77' title="bbox 509 4358 2086 4440">
     <span class='ocr_line' id='line_1_77' title="bbox 509 4358 2086 4440; baseline 0.014 -31"><span class='ocrx_word' id='word_1_535' title='bbox 509 4358 936 4428; x_wconf 84' lang='lat' dir='ltr'><strong>appellabuntur</strong></span> <span class='ocrx_word' id='word_1_536' title='bbox 969 4367 1321 4434; x_wconf 85' lang='lat' dir='ltr'><strong>compatres?</strong></span> <span class='ocrx_word' id='word_1_537' title='bbox 1350 4368 1502 4440; x_wconf 86' lang='lat' dir='ltr'><strong>Resp.</strong></span> <span class='ocrx_word' id='word_1_538' title='bbox 1539 4370 1681 4438; x_wconf 83' lang='lat' dir='ltr'><strong>Non,</strong></span> <span class='ocrx_word' id='word_1_539' title='bbox 1723 4373 1818 4429; x_wconf 83' lang='lat' dir='ltr'><strong>sed</strong></span> <span class='ocrx_word' id='word_1_540' title='bbox 1858 4374 1907 4430; x_wconf 88' lang='lat' dir='ltr'><strong>is</strong></span> <span class='ocrx_word' id='word_1_541' title='bbox 1939 4374 2086 4430; x_wconf 83' lang='lat' dir='ltr'><strong>dun-</strong></span> 
     </span>
    </p>
   </div>
   <div class='ocr_carea' id='block_1_78' title="bbox 2183 3253 3748 3325">
    <p class='ocr_par' dir='ltr' id='par_1_78' title="bbox 2183 3253 3748 3325">
     <span class='ocr_line' id='line_1_78' title="bbox 2183 3253 3748 3325; baseline 0.001 -18"><span class='ocrx_word' id='word_1_542' title='bbox 2183 3253 2335 3307; x_wconf 83' lang='grc' dir='ltr'>δόται</span> <span class='ocrx_word' id='word_1_543' title='bbox 2387 3257 2488 3325; x_wconf 83' lang='grc' dir='ltr'>τῆς</span> <span class='ocrx_word' id='word_1_544' title='bbox 2538 3253 2649 3307; x_wconf 83' lang='grc' dir='ltr'><strong>τῶν</strong></span> <span class='ocrx_word' id='word_1_545' title='bbox 2693 3253 2896 3309; x_wconf 86' lang='grc' dir='ltr'>δούλων</span> <span class='ocrx_word' id='word_1_546' title='bbox 2938 3254 3215 3318; x_wconf 84' lang='grc' dir='ltr'>ἀπωλείας</span> <span class='ocrx_word' id='word_1_547' title='bbox 3271 3255 3432 3322; x_wconf 72' lang='grc' dir='ltr'>εἰσὶν,</span> <span class='ocrx_word' id='word_1_548' title='bbox 3475 3255 3552 3318; x_wconf 85' lang='grc' dir='ltr'><strong>ὡς</strong></span> <span class='ocrx_word' id='word_1_549' title='bbox 3605 3253 3748 3308; x_wconf 71' lang='grc' dir='ltr'>αὐτοὶ</span> 
     </span>
    </p>
   </div>
   <div class='ocr_carea' id='block_1_79' title="bbox 2189 3329 3747 3420">
    <p class='ocr_par' dir='ltr' id='par_1_79' title="bbox 2189 3329 3747 3420">
     <span class='ocr_line' id='line_1_79' title="bbox 2189 3329 3747 3420; baseline 0.001 -20"><span class='ocrx_word' id='word_1_550' title='bbox 2189 3349 2622 3419; x_wconf 75' lang='grc' dir='ltr'>προτρεπόμενοι</span> <span class='ocrx_word' id='word_1_551' title='bbox 2647 3347 2871 3412; x_wconf 84' lang='grc' dir='ltr'>τούτους</span> <span class='ocrx_word' id='word_1_552' title='bbox 2906 3329 3324 3420; x_wconf 76' lang='grc' dir='ltr'>ἐπιμίγνυσθαι,</span> <span class='ocrx_word' id='word_1_553' title='bbox 3346 3347 3402 3401; x_wconf 82' lang='grc' dir='ltr'><strong>εί</strong></span> <span class='ocrx_word' id='word_1_554' title='bbox 3421 3365 3486 3416; x_wconf 88' lang='grc' dir='ltr'><strong>γε</strong></span> <span class='ocrx_word' id='word_1_555' title='bbox 3516 3350 3747 3402; x_wconf 78' lang='grc' dir='ltr'>δύναιντο</span> 
     </span>
    </p>
   </div>
   <div class='ocr_carea' id='block_1_80' title="bbox 2185 3441 3746 3512">
    <p class='ocr_par' dir='ltr' id='par_1_80' title="bbox 2185 3441 3746 3512">
     <span class='ocr_line' id='line_1_80' title="bbox 2185 3441 3746 3512; baseline 0 -16"><span class='ocrx_word' id='word_1_556' title='bbox 2185 3441 2536 3496; x_wconf 77' lang='grc' dir='ltr'>ἀναστέλλειν</span> <span class='ocrx_word' id='word_1_557' title='bbox 2583 3441 2644 3496; x_wconf 82' lang='grc' dir='ltr'>τὸ</span> <span class='ocrx_word' id='word_1_558' title='bbox 2694 3442 2888 3508; x_wconf 81' lang='grc' dir='ltr'>πάθος,</span> <span class='ocrx_word' id='word_1_559' title='bbox 2921 3446 3022 3512; x_wconf 83' lang='grc' dir='ltr'>τῆς</span> <span class='ocrx_word' id='word_1_560' title='bbox 3068 3443 3175 3495; x_wconf 84' lang='grc' dir='ltr'><strong>τῶν</strong></span> <span class='ocrx_word' id='word_1_561' title='bbox 3205 3443 3410 3496; x_wconf 89' lang='grc' dir='ltr'>δούλων</span> <span class='ocrx_word' id='word_1_562' title='bbox 3445 3442 3746 3504; x_wconf 78' lang='grc' dir='ltr'>δεσποτείας</span> 
     </span>
    </p>
   </div>
   <div class='ocr_carea' id='block_1_81' title="bbox 2185 3533 3744 3606">
    <p class='ocr_par' dir='ltr' id='par_1_81' title="bbox 2185 3533 3744 3606">
     <span class='ocr_line' id='line_1_81' title="bbox 2185 3533 3744 3606; baseline -0.002 -17"><span class='ocrx_word' id='word_1_563' title='bbox 2185 3534 2536 3600; x_wconf 69' lang='grc' dir='ltr'>ἐκπίπτουσι,</span> <span class='ocrx_word' id='word_1_564' title='bbox 2585 3536 2726 3590; x_wconf 84' lang='grc' dir='ltr'><strong>κατά</strong></span> <span class='ocrx_word' id='word_1_565' title='bbox 2757 3535 2820 3589; x_wconf 85' lang='grc' dir='ltr'>τὸ</span> <span class='ocrx_word' id='word_1_566' title='bbox 2864 3535 3056 3606; x_wconf 77' lang='grc' dir='ltr'>νεαρὸν</span> <span class='ocrx_word' id='word_1_567' title='bbox 3105 3536 3384 3605; x_wconf 72' lang='grc' dir='ltr'>θέσπισμα</span> <span class='ocrx_word' id='word_1_568' title='bbox 3414 3534 3510 3589; x_wconf 80' lang='grc' dir='ltr'>τοῦ</span> <span class='ocrx_word' id='word_1_569' title='bbox 3551 3533 3744 3587; x_wconf 80' lang='grc' dir='ltr'>κλεινοῦ</span> 
     </span>
    </p>
   </div>
   <div class='ocr_carea' id='block_1_82' title="bbox 2188 3625 3745 3699">
    <p class='ocr_par' dir='ltr' id='par_1_82' title="bbox 2188 3625 3745 3699">
     <span class='ocr_line' id='line_1_82' title="bbox 2188 3625 3745 3699; baseline -0.002 -19"><span class='ocrx_word' id='word_1_570' title='bbox 2188 3627 2350 3698; x_wconf 85' lang='grc' dir='ltr'>ἡμῶν</span> <span class='ocrx_word' id='word_1_571' title='bbox 2365 3627 2788 3699; x_wconf 73' lang='grc' dir='ltr'>αὐτοκράτορος,</span> <span class='ocrx_word' id='word_1_572' title='bbox 2806 3628 2974 3698; x_wconf 84' lang='grc' dir='ltr'>κυροῦ</span> <span class='ocrx_word' id='word_1_573' title='bbox 2999 3627 3238 3692; x_wconf 80' lang='grc' dir='ltr'>Ἀλεξίου</span> <span class='ocrx_word' id='word_1_574' title='bbox 3249 3665 3261 3680; x_wconf 92' lang='grc'><strong>.</strong></span> <span class='ocrx_word' id='word_1_575' title='bbox 3276 3657 3340 3670; x_wconf 86' lang='grc'><strong>--</strong></span> <span class='ocrx_word' id='word_1_576' title='bbox 3354 3625 3556 3695; x_wconf 76' lang='grc' dir='ltr'>Ἐρώτ.</span> <span class='ocrx_word' id='word_1_577' title='bbox 3573 3627 3745 3679; x_wconf 80' lang='grc' dir='ltr'>Ἔστιν</span> 
     </span>
    </p>
   </div>
   <div class='ocr_carea' id='block_1_83' title="bbox 2185 3718 3742 3790">
    <p class='ocr_par' dir='ltr' id='par_1_83' title="bbox 2185 3718 3742 3790">
     <span class='ocr_line' id='line_1_83' title="bbox 2185 3718 3742 3790; baseline -0.003 -15"><span class='ocrx_word' id='word_1_578' title='bbox 2185 3720 2336 3786; x_wconf 80' lang='grc' dir='ltr'>ἀξιον</span> <span class='ocrx_word' id='word_1_579' title='bbox 2390 3720 2746 3790; x_wconf 80' lang='grc' dir='ltr'>ἀναδέχεσθαι</span> <span class='ocrx_word' id='word_1_580' title='bbox 2793 3718 2863 3773; x_wconf 84' lang='grc' dir='ltr'>τὰ</span> <span class='ocrx_word' id='word_1_581' title='bbox 2915 3719 3104 3772; x_wconf 89' lang='grc' dir='ltr'>παιδία</span> <span class='ocrx_word' id='word_1_582' title='bbox 3145 3720 3254 3772; x_wconf 87' lang='grc' dir='ltr'><strong>τῶν</strong></span> <span class='ocrx_word' id='word_1_583' title='bbox 3305 3719 3517 3773; x_wconf 75' lang='grc' dir='ltr'>παίδων</span> <span class='ocrx_word' id='word_1_584' title='bbox 3547 3718 3742 3782; x_wconf 63' lang='lat' dir='ltr'><strong>abstini;</strong></span> 
     </span>
    </p>
   </div>
   <div class='ocr_carea' id='block_1_84' title="bbox 2199 3809 3746 3882">
    <p class='ocr_par' dir='ltr' id='par_1_84' title="bbox 2199 3809 3746 3882">
     <span class='ocr_line' id='line_1_84' title="bbox 2199 3809 3746 3882; baseline -0.002 -15"><span class='ocrx_word' id='word_1_585' title='bbox 2199 3812 2564 3881; x_wconf 74' lang='grc' dir='ltr'>Ἀπόκρισις.</span> <span class='ocrx_word' id='word_1_586' title='bbox 2603 3811 2718 3866; x_wconf 85' lang='grc' dir='ltr'>Ούκ</span> <span class='ocrx_word' id='word_1_587' title='bbox 2742 3811 2857 3866; x_wconf 77' lang='grc' dir='ltr'>ἐστι</span> <span class='ocrx_word' id='word_1_588' title='bbox 2889 3811 3074 3880; x_wconf 86' lang='grc' dir='ltr'>νόμος,</span> <span class='ocrx_word' id='word_1_589' title='bbox 3105 3812 3137 3882; x_wconf 76' lang='grc' dir='ltr'>ἢ</span> <span class='ocrx_word' id='word_1_590' title='bbox 3169 3810 3422 3880; x_wconf 74' lang='grc' dir='ltr'>βασιλεὺς</span> <span class='ocrx_word' id='word_1_591' title='bbox 3452 3809 3627 3864; x_wconf 82' lang='grc' dir='ltr'>ταῦτα</span> <span class='ocrx_word' id='word_1_592' title='bbox 3649 3829 3746 3864; x_wconf 86' lang='grc' dir='ltr'>κω-</span> 
     </span>
    </p>
   </div>
   <div class='ocr_carea' id='block_1_85' title="bbox 2187 3901 3746 3974">
    <p class='ocr_par' dir='ltr' id='par_1_85' title="bbox 2187 3901 3746 3974">
     <span class='ocr_line' id='line_1_85' title="bbox 2187 3901 3746 3974; baseline -0.001 -18"><span class='ocrx_word' id='word_1_593' title='bbox 2187 3901 2352 3958; x_wconf 86' lang='grc' dir='ltr'>λύων.</span> <span class='ocrx_word' id='word_1_594' title='bbox 2375 3932 2446 3942; x_wconf 90' lang='grc'><strong><em>-</em></strong></span> <span class='ocrx_word' id='word_1_595' title='bbox 2485 3901 2686 3971; x_wconf 79' lang='grc' dir='ltr'>Ἐρώτ.</span> <span class='ocrx_word' id='word_1_596' title='bbox 2724 3903 2912 3956; x_wconf 83' lang='grc' dir='ltr'>Ἔστιν</span> <span class='ocrx_word' id='word_1_597' title='bbox 2933 3903 3082 3968; x_wconf 79' lang='grc' dir='ltr'>ἀξιον</span> <span class='ocrx_word' id='word_1_598' title='bbox 3116 3903 3264 3973; x_wconf 71' lang='grc' dir='ltr'>ίερέα</span> <span class='ocrx_word' id='word_1_599' title='bbox 3284 3902 3606 3974; x_wconf 81' lang='grc' dir='ltr'>βαπτίσαιτδ</span> <span class='ocrx_word' id='word_1_600' title='bbox 3633 3903 3746 3956; x_wconf 72' lang='grc' dir='ltr'>ἴδιον</span> 
     </span>
    </p>
   </div>
   <div class='ocr_carea' id='block_1_86' title="bbox 2188 3995 3745 4064">
    <p class='ocr_par' dir='ltr' id='par_1_86' title="bbox 2188 3995 3745 4064">
     <span class='ocr_line' id='line_1_86' title="bbox 2188 3995 3745 4064; baseline -0.001 -15"><span class='ocrx_word' id='word_1_601' title='bbox 2188 3995 2425 4062; x_wconf 85' lang='grc' dir='ltr'>παιδίον;</span> <span class='ocrx_word' id='word_1_602' title='bbox 2455 3997 2663 4052; x_wconf 81' lang='grc' dir='ltr'>Ἀπόκ.</span> <span class='ocrx_word' id='word_1_603' title='bbox 2695 3995 2996 4050; x_wconf 78' lang='grc' dir='ltr'>Ἀκώλυτόν</span> <span class='ocrx_word' id='word_1_604' title='bbox 3010 3995 3388 4050; x_wconf 79' lang='grc' dir='ltr'>ὲστιτοῦτο.-</span> <span class='ocrx_word' id='word_1_605' title='bbox 3407 3995 3608 4064; x_wconf 75' lang='grc' dir='ltr'>Ἐρώτ.</span> <span class='ocrx_word' id='word_1_606' title='bbox 3638 3997 3745 4050; x_wconf 81' lang='grc' dir='ltr'>Ἐἀν</span> 
     </span>
    </p>
   </div>
   <div class='ocr_carea' id='block_1_87' title="bbox 2186 4081 3747 4160">
    <p class='ocr_par' dir='ltr' id='par_1_87' title="bbox 2186 4081 3747 4160">
     <span class='ocr_line' id='line_1_87' title="bbox 2186 4081 3747 4160; baseline -0.001 -18"><span class='ocrx_word' id='word_1_607' title='bbox 2186 4081 2321 4142; x_wconf 78' lang='grc' dir='ltr'>ὦσιν</span> <span class='ocrx_word' id='word_1_608' title='bbox 2350 4088 2570 4157; x_wconf 81' lang='grc' dir='ltr'>ἀδελφοὶ</span> <span class='ocrx_word' id='word_1_609' title='bbox 2593 4087 2707 4153; x_wconf 89' lang='grc' dir='ltr'>δύο,</span> <span class='ocrx_word' id='word_1_610' title='bbox 2736 4088 2768 4160; x_wconf 78' lang='grc' dir='ltr'>ἢ</span> <span class='ocrx_word' id='word_1_611' title='bbox 2800 4090 2970 4159; x_wconf 83' lang='grc' dir='ltr'>τρεῖς,</span> <span class='ocrx_word' id='word_1_612' title='bbox 3009 4089 3042 4159; x_wconf 78' lang='grc' dir='ltr'><strong>ἢ</strong></span> <span class='ocrx_word' id='word_1_613' title='bbox 3094 4088 3340 4155; x_wconf 83' lang='grc' dir='ltr'>πλείους,</span> <span class='ocrx_word' id='word_1_614' title='bbox 3376 4092 3470 4143; x_wconf 78' lang='grc' dir='ltr'>καὶ</span> <span class='ocrx_word' id='word_1_615' title='bbox 3494 4089 3702 4159; x_wconf 73' lang='grc' dir='ltr'>δέξηται</span> <span class='ocrx_word' id='word_1_616' title='bbox 3722 4089 3747 4141; x_wconf 85' lang='grc' dir='ltr'><strong>ό</strong></span> 
     </span>
    </p>
   </div>
   <div class='ocr_carea' id='block_1_88' title="bbox 2188 4177 3745 4252">
    <p class='ocr_par' dir='ltr' id='par_1_88' title="bbox 2188 4177 3745 4252">
     <span class='ocr_line' id='line_1_88' title="bbox 2188 4177 3745 4252; baseline -0.001 -16"><span class='ocrx_word' id='word_1_617' title='bbox 2188 4177 2272 4247; x_wconf 78' lang='grc' dir='ltr'>εἷς</span> <span class='ocrx_word' id='word_1_618' title='bbox 2291 4182 2523 4249; x_wconf 83' lang='grc' dir='ltr'>παιδίον,</span> <span class='ocrx_word' id='word_1_619' title='bbox 2545 4183 2634 4237; x_wconf 79' lang='grc' dir='ltr'>ἵνα</span> <span class='ocrx_word' id='word_1_620' title='bbox 2649 4183 2916 4252; x_wconf 74' lang='grc' dir='ltr'>λέγωνται</span> <span class='ocrx_word' id='word_1_621' title='bbox 2931 4183 2982 4236; x_wconf 83' lang='grc' dir='ltr'><strong>ὃ)</strong></span> <span class='ocrx_word' id='word_1_622' title='bbox 2992 4200 3040 4236; x_wconf 84' lang='grc' dir='ltr'><strong>οι</strong></span> <span class='ocrx_word' id='word_1_623' title='bbox 3060 4181 3361 4250; x_wconf 73' lang='grc' dir='ltr'>σύντεκνοις</span> <span class='ocrx_word' id='word_1_624' title='bbox 3378 4183 3439 4237; x_wconf 77' lang='grc' dir='ltr'><strong><em>Ἀ</em></strong></span> <span class='ocrx_word' id='word_1_625' title='bbox 3451 4185 3587 4238; x_wconf 81' lang='grc' dir='ltr'>πόκ.</span> <span class='ocrx_word' id='word_1_626' title='bbox 3608 4181 3745 4252; x_wconf 79' lang='grc' dir='ltr'>Οὐχί.</span> 
     </span>
    </p>
   </div>
   <div class='ocr_carea' id='block_1_89' title="bbox 2201 4275 3746 4347">
    <p class='ocr_par' dir='ltr' id='par_1_89' title="bbox 2201 4275 3746 4347">
     <span class='ocr_line' id='line_1_89' title="bbox 2201 4275 3746 4347; baseline -0.001 -19"><span class='ocrx_word' id='word_1_627' title='bbox 2201 4275 2361 4332; x_wconf 85' lang='grc' dir='ltr'><strong>Ἀλλά</strong></span> <span class='ocrx_word' id='word_1_628' title='bbox 2381 4276 2542 4347; x_wconf 79' lang='grc' dir='ltr'>μόνος</span> <span class='ocrx_word' id='word_1_629' title='bbox 2559 4279 2587 4330; x_wconf 91' lang='grc' dir='ltr'><strong>ό</strong></span> <span class='ocrx_word' id='word_1_630' title='bbox 2607 4276 2994 4347; x_wconf 78' lang='grc' dir='ltr'>δεξάμενος.--</span> <span class='ocrx_word' id='word_1_631' title='bbox 3012 4276 3213 4344; x_wconf 84' lang='grc' dir='ltr'><strong>Ἔρὼτ.</strong></span> <span class='ocrx_word' id='word_1_632' title='bbox 3257 4275 3382 4330; x_wconf 77' lang='grc' dir='ltr'>’Κάν</span> <span class='ocrx_word' id='word_1_633' title='bbox 3412 4276 3550 4346; x_wconf 78' lang='grc' dir='ltr'>γυνὴ</span> <span class='ocrx_word' id='word_1_634' title='bbox 3575 4276 3746 4344; x_wconf 79' lang='grc' dir='ltr'>εὑτρε-</span> 
     </span>
    </p>
   </div>
   <div class='ocr_carea' id='block_1_90' title="bbox 2187 4367 3748 4440">
    <p class='ocr_par' dir='ltr' id='par_1_90' title="bbox 2187 4367 3748 4440">
     <span class='ocr_line' id='line_1_90' title="bbox 2187 4367 3748 4440; baseline -0.002 -18"><span class='ocrx_word' id='word_1_635' title='bbox 2187 4369 2354 4440; x_wconf 83' lang='grc' dir='ltr'>πισθῇ</span> <span class='ocrx_word' id='word_1_636' title='bbox 2390 4369 2526 4439; x_wconf 82' lang='grc' dir='ltr'>πρὸς</span> <span class='ocrx_word' id='word_1_637' title='bbox 2558 4369 2740 4438; x_wconf 84' lang='grc' dir='ltr'>γάμου</span> <span class='ocrx_word' id='word_1_638' title='bbox 2797 4369 3108 4440; x_wconf 80' lang='grc' dir='ltr'>εὐλόγησιν,</span> <span class='ocrx_word' id='word_1_639' title='bbox 3150 4370 3247 4423; x_wconf 76' lang='grc' dir='ltr'>καὶ</span> <span class='ocrx_word' id='word_1_640' title='bbox 3294 4369 3476 4440; x_wconf 76' lang='grc' dir='ltr'>συμϐῇ</span> <span class='ocrx_word' id='word_1_641' title='bbox 3512 4369 3645 4440; x_wconf 78' lang='grc' dir='ltr'>αὐτῇ</span> <span class='ocrx_word' id='word_1_642' title='bbox 3688 4367 3748 4420; x_wconf 82' lang='grc' dir='ltr'><strong>τά</strong></span> 
     </span>
    </p>
   </div>
   <div class='ocr_carea' id='block_1_91' title="bbox 507 4453 2080 4565">
    <p class='ocr_par' dir='ltr' id='par_1_91' title="bbox 507 4454 2080 4535">
     <span class='ocr_line' id='line_1_91' title="bbox 507 4454 2080 4535; baseline 0.013 -32"><span class='ocrx_word' id='word_1_643' title='bbox 507 4454 788 4522; x_wconf 78' lang='lat' dir='ltr'><strong>taxat,qui</strong></span> <span class='ocrx_word' id='word_1_644' title='bbox 808 4458 1358 4527; x_wconf 80' lang='lat' dir='ltr'><strong>suscepit.-—Iuterr.</strong></span> <span class='ocrx_word' id='word_1_645' title='bbox 1379 4463 1436 4518; x_wconf 90' lang='lat' dir='ltr'><strong>Si</strong></span> <span class='ocrx_word' id='word_1_646' title='bbox 1470 4465 1668 4520; x_wconf 89' lang='lat' dir='ltr'><strong>mulier</strong></span> <span class='ocrx_word' id='word_1_647' title='bbox 1691 4476 1878 4535; x_wconf 88' lang='lat' dir='ltr'><strong>parata</strong></span> <span class='ocrx_word' id='word_1_648' title='bbox 1913 4467 1988 4524; x_wconf 88' lang='lat' dir='ltr'><strong>sit</strong></span> <span class='ocrx_word' id='word_1_649' title='bbox 2017 4471 2080 4524; x_wconf 91' lang='lat' dir='ltr'><strong>ad</strong></span> 
     </span>
    </p>
   </div>
   <div class='ocr_carea' id='block_1_92' title="bbox 2185 4453 3748 4565">
    <p class='ocr_par' dir='ltr' id='par_1_92' title="bbox 2190 4453 3748 4530">
     <span class='ocr_line' id='line_1_92' title="bbox 2190 4453 3748 4530; baseline -0.001 -20"><span class='ocrx_word' id='word_1_650' title='bbox 2190 4457 2420 4528; x_wconf 82' lang='grc' dir='ltr'>συνήθη,</span> <span class='ocrx_word' id='word_1_651' title='bbox 2456 4453 2567 4527; x_wconf 82' lang='grc' dir='ltr'>ἄρα</span> <span class='ocrx_word' id='word_1_652' title='bbox 2594 4458 2799 4526; x_wconf 82' lang='grc' dir='ltr'>ὀφείλει</span> <span class='ocrx_word' id='word_1_653' title='bbox 2827 4459 3186 4529; x_wconf 75' lang='grc' dir='ltr'>μεταλαϐείνς</span> <span class='ocrx_word' id='word_1_654' title='bbox 3234 4460 3441 4516; x_wconf 75' lang='grc' dir='ltr'>Ἀπόκ.</span> <span class='ocrx_word' id='word_1_655' title='bbox 3477 4459 3748 4530; x_wconf 78' lang='grc' dir='ltr'>Περιμενεί</span> 
     </span>
    </p>
   </div>
   <div class='ocr_carea' id='block_1_93' title="bbox 507 4544 2080 4625">
    <p class='ocr_par' dir='ltr' id='par_1_93' title="bbox 507 4544 2079 4625">
     <span class='ocr_line' id='line_1_93' title="bbox 507 4544 2079 4625; baseline 0.013 -29"><span class='ocrx_word' id='word_1_656' title='bbox 507 4544 821 4612; x_wconf 87' lang='lat' dir='ltr'><strong>nuptiarum</strong></span> <span class='ocrx_word' id='word_1_657' title='bbox 869 4547 1330 4618; x_wconf 86' lang='lat' dir='ltr'><strong>benedictionem,</strong></span> <span class='ocrx_word' id='word_1_658' title='bbox 1373 4555 1536 4625; x_wconf 88' lang='lat' dir='ltr'><strong>eique</strong></span> <span class='ocrx_word' id='word_1_659' title='bbox 1586 4557 1892 4613; x_wconf 88' lang='lat' dir='ltr'><strong>acciderint</strong></span> <span class='ocrx_word' id='word_1_660' title='bbox 1941 4575 2079 4617; x_wconf 92' lang='lat' dir='ltr'><strong>con-</strong></span> 
     </span>
    </p>
   </div>
   <div class='ocr_carea' id='block_1_94' title="bbox 2185 4544 3746 4625">
    <p class='ocr_par' dir='ltr' id='par_1_94' title="bbox 2187 4548 3746 4622">
     <span class='ocr_line' id='line_1_94' title="bbox 2187 4548 3746 4622; baseline -0.001 -20"><span class='ocrx_word' id='word_1_661' title='bbox 2187 4549 2287 4620; x_wconf 84' lang='grc' dir='ltr'>τὴν</span> <span class='ocrx_word' id='word_1_662' title='bbox 2316 4550 2608 4620; x_wconf 83' lang='grc' dir='ltr'>κάθαρσιν,</span> <span class='ocrx_word' id='word_1_663' title='bbox 2647 4551 2742 4604; x_wconf 84' lang='grc' dir='ltr'>καὶ</span> <span class='ocrx_word' id='word_1_664' title='bbox 2769 4549 2914 4604; x_wconf 83' lang='grc' dir='ltr'>οὓτω</span> <span class='ocrx_word' id='word_1_665' title='bbox 2947 4550 3016 4604; x_wconf 81' lang='grc' dir='ltr'>τὰ</span> <span class='ocrx_word' id='word_1_666' title='bbox 3056 4551 3157 4622; x_wconf 80' lang='grc' dir='ltr'>τῆς</span> <span class='ocrx_word' id='word_1_667' title='bbox 3200 4551 3503 4622; x_wconf 82' lang='grc' dir='ltr'>ἱερολογίας</span> <span class='ocrx_word' id='word_1_668' title='bbox 3548 4548 3746 4605; x_wconf 84' lang='grc' dir='ltr'>ἀκωλύ-</span> 
     </span>
    </p>
   </div>
   <div class='ocr_carea' id='block_1_95' title="bbox 509 4641 2080 4718">
    <p class='ocr_par' dir='ltr' id='par_1_95' title="bbox 509 4641 2078 4718">
     <span class='ocr_line' id='line_1_95' title="bbox 509 4641 2078 4718; baseline 0.014 -30"><span class='ocrx_word' id='word_1_669' title='bbox 509 4641 689 4699; x_wconf 84' lang='lat' dir='ltr'><strong>sueta,</strong></span> <span class='ocrx_word' id='word_1_670' title='bbox 723 4652 858 4692; x_wconf 83' lang='lat' dir='ltr'><strong>num</strong></span> <span class='ocrx_word' id='word_1_671' title='bbox 885 4642 1214 4714; x_wconf 81' lang='lat' dir='ltr'><strong>participare</strong></span> <span class='ocrx_word' id='word_1_672' title='bbox 1238 4645 1434 4702; x_wconf 81' lang='lat' dir='ltr'><strong>debet?</strong></span> <span class='ocrx_word' id='word_1_673' title='bbox 1458 4647 1611 4718; x_wconf 87' lang='lat' dir='ltr'><strong>Resp.</strong></span> <span class='ocrx_word' id='word_1_674' title='bbox 1633 4650 2078 4710; x_wconf 78' lang='lat' dir='ltr'><strong>Puriﬂcationem</strong></span> 
     </span>
    </p>
   </div>
   <div class='ocr_carea' id='block_1_96' title="bbox 2185 4641 3748 4718">
    <p class='ocr_par' dir='ltr' id='par_1_96' title="bbox 2188 4643 3748 4714">
     <span class='ocr_line' id='line_1_96' title="bbox 2188 4643 3748 4714; baseline 0 -18"><span class='ocrx_word' id='word_1_675' title='bbox 2188 4661 2318 4707; x_wconf 89' lang='grc' dir='ltr'>τως,</span> <span class='ocrx_word' id='word_1_676' title='bbox 2354 4644 2450 4697; x_wconf 80' lang='grc' dir='ltr'>καὶ</span> <span class='ocrx_word' id='word_1_677' title='bbox 2482 4643 2552 4698; x_wconf 84' lang='grc' dir='ltr'><strong>τά</strong></span> <span class='ocrx_word' id='word_1_678' title='bbox 2601 4643 2699 4712; x_wconf 82' lang='grc' dir='ltr'>τῆς</span> <span class='ocrx_word' id='word_1_679' title='bbox 2733 4643 3073 4712; x_wconf 86' lang='grc' dir='ltr'>μεταδόσεως</span> <span class='ocrx_word' id='word_1_680' title='bbox 3107 4643 3217 4699; x_wconf 85' lang='grc' dir='ltr'><strong>τῶν</strong></span> <span class='ocrx_word' id='word_1_681' title='bbox 3245 4645 3603 4714; x_wconf 83' lang='grc' dir='ltr'>ἀγιασμάτων</span> <span class='ocrx_word' id='word_1_682' title='bbox 3633 4659 3748 4711; x_wconf 80' lang='grc' dir='ltr'>προ·</span> 
     </span>
    </p>
   </div>
   <div class='ocr_carea' id='block_1_97' title="bbox 505 4728 2080 4816">
    <p class='ocr_par' dir='ltr' id='par_1_97' title="bbox 505 4728 2080 4816">
     <span class='ocr_line' id='line_1_97' title="bbox 505 4728 2080 4816; baseline 0.016 -39"><span class='ocrx_word' id='word_1_683' title='bbox 505 4728 874 4795; x_wconf 79' lang='lat' dir='ltr'><strong>exspectabit,</strong></span> <span class='ocrx_word' id='word_1_684' title='bbox 897 4739 1066 4802; x_wconf 83' lang='lat' dir='ltr'><strong>atque</strong></span> <span class='ocrx_word' id='word_1_685' title='bbox 1093 4735 1166 4789; x_wconf 86' lang='lat' dir='ltr'><strong>ita</strong></span> <span class='ocrx_word' id='word_1_686' title='bbox 1199 4745 1308 4791; x_wconf 89' lang='lat' dir='ltr'><strong>tam</strong></span> <span class='ocrx_word' id='word_1_687' title='bbox 1335 4753 1619 4795; x_wconf 89' lang='lat' dir='ltr'><strong>sacrarum</strong></span> <span class='ocrx_word' id='word_1_688' title='bbox 1645 4746 1935 4815; x_wconf 83' lang='lat' dir='ltr'><strong>conceptio</strong></span> <span class='ocrx_word' id='word_1_689' title='bbox 1959 4761 2080 4816; x_wconf 89' lang='lat' dir='ltr'><strong>pre-</strong></span> 
     </span>
    </p>
   </div>
   <div class='ocr_carea' id='block_1_98' title="bbox 2185 4728 3746 4816">
    <p class='ocr_par' dir='ltr' id='par_1_98' title="bbox 2189 4735 3746 4806">
     <span class='ocr_line' id='line_1_98' title="bbox 2189 4735 3746 4806; baseline -0.003 -16"><span class='ocrx_word' id='word_1_690' title='bbox 2189 4737 2441 4805; x_wconf 84' lang='grc' dir='ltr'>ϐήσεται.</span> <span class='ocrx_word' id='word_1_691' title='bbox 2469 4765 2540 4777; x_wconf 82' lang='lat'><strong>-—</strong></span> <span class='ocrx_word' id='word_1_692' title='bbox 2585 4736 2787 4804; x_wconf 77' lang='grc' dir='ltr'><strong>Ἐρώτ.</strong></span> <span class='ocrx_word' id='word_1_693' title='bbox 2810 4737 2873 4789; x_wconf 85' lang='grc' dir='ltr'>Εί</span> <span class='ocrx_word' id='word_1_694' title='bbox 2901 4735 2960 4788; x_wconf 73' lang='grc' dir='ltr'>δὲ</span> <span class='ocrx_word' id='word_1_695' title='bbox 2985 4735 3195 4802; x_wconf 79' lang='grc' dir='ltr'>ἀνάξιοί</span> <span class='ocrx_word' id='word_1_696' title='bbox 3220 4737 3360 4790; x_wconf 90' lang='grc' dir='ltr'>είσιν</span> <span class='ocrx_word' id='word_1_697' title='bbox 3391 4738 3442 4788; x_wconf 75' lang='lat' dir='ltr'><strong>oi</strong></span> <span class='ocrx_word' id='word_1_698' title='bbox 3466 4735 3746 4806; x_wconf 75' lang='grc' dir='ltr'>ἀμφότεροι</span> 
     </span>
    </p>
   </div>
   <div class='ocr_carea' id='block_1_99' title="bbox 506 4826 2080 4904">
    <p class='ocr_par' dir='ltr' id='par_1_99' title="bbox 506 4827 2080 4904">
     <span class='ocr_line' id='line_1_99' title="bbox 506 4827 2080 4904; baseline 0.017 -37"><span class='ocrx_word' id='word_1_699' title='bbox 506 4827 655 4882; x_wconf 91' lang='lat' dir='ltr'><strong>cum,</strong></span> <span class='ocrx_word' id='word_1_700' title='bbox 689 4832 855 4886; x_wconf 88' lang='lat' dir='ltr'><strong>quam</strong></span> <span class='ocrx_word' id='word_1_701' title='bbox 897 4837 1369 4883; x_wconf 86' lang='lat' dir='ltr'><strong>sacramentorum</strong></span> <span class='ocrx_word' id='word_1_702' title='bbox 1413 4832 1764 4904; x_wconf 88' lang='lat' dir='ltr'><strong>participatio</strong></span> <span class='ocrx_word' id='word_1_703' title='bbox 1805 4838 2080 4893; x_wconf 88' lang='lat' dir='ltr'><strong>succedet.</strong></span> 
     </span>
    </p>
   </div>
   <div class='ocr_carea' id='block_1_100' title="bbox 2185 4826 3747 4904">
    <p class='ocr_par' dir='ltr' id='par_1_100' title="bbox 2189 4826 3747 4899">
     <span class='ocr_line' id='line_1_100' title="bbox 2189 4826 3747 4899; baseline -0.002 -17"><span class='ocrx_word' id='word_1_704' title='bbox 2189 4829 2286 4882; x_wconf 81' lang='grc' dir='ltr'>τοῦ</span> <span class='ocrx_word' id='word_1_705' title='bbox 2319 4827 2780 4899; x_wconf 76' lang='grc' dir='ltr'>μεταλαμϐάνειν,</span> <span class='ocrx_word' id='word_1_706' title='bbox 2829 4826 2944 4898; x_wconf 85' lang='grc' dir='ltr'>ἆρα</span> <span class='ocrx_word' id='word_1_707' title='bbox 2989 4829 3262 4898; x_wconf 76' lang='grc' dir='ltr'>ὀφείλουσι</span> <span class='ocrx_word' id='word_1_708' title='bbox 3311 4830 3634 4898; x_wconf 78' lang='grc' dir='ltr'>μεταλαϐετν</span> <span class='ocrx_word' id='word_1_709' title='bbox 3672 4827 3747 4883; x_wconf 59' lang='lat' dir='ltr'><strong>citi</strong></span> 
     </span>
    </p>
   </div>
   <div class='ocr_carea' id='block_1_101' title="bbox 511 4905 2080 4999">
    <p class='ocr_par' dir='ltr' id='par_1_101' title="bbox 511 4905 2080 4999">
     <span class='ocr_line' id='line_1_101' title="bbox 511 4905 2080 4999; baseline 0.014 -38"><span class='ocrx_word' id='word_1_710' title='bbox 511 4905 788 4964; x_wconf 83' lang='lat' dir='ltr'><strong>—lnterr.</strong></span> <span class='ocrx_word' id='word_1_711' title='bbox 811 4909 866 4966; x_wconf 90' lang='lat' dir='ltr'><strong>Si</strong></span> <span class='ocrx_word' id='word_1_712' title='bbox 887 4929 1019 4969; x_wconf 78' lang='lat' dir='ltr'><strong>vero</strong></span> <span class='ocrx_word' id='word_1_713' title='bbox 1035 4916 1240 4989; x_wconf 74' lang='lat' dir='ltr'><strong>indigni</strong></span> <span class='ocrx_word' id='word_1_714' title='bbox 1259 4929 1386 4975; x_wconf 87' lang='lat' dir='ltr'><strong>sunt</strong></span> <span class='ocrx_word' id='word_1_715' title='bbox 1415 4908 1598 4990; x_wconf 84' lang='lat' dir='ltr'><strong>ambo,</strong></span> <span class='ocrx_word' id='word_1_716' title='bbox 1613 4925 1706 4994; x_wconf 87' lang='lat' dir='ltr'><strong>qui</strong></span> <span class='ocrx_word' id='word_1_717' title='bbox 1729 4928 2080 4999; x_wconf 88' lang='lat' dir='ltr'><strong>participent,</strong></span> 
     </span>
    </p>
   </div>
   <div class='ocr_carea' id='block_1_102' title="bbox 2185 4905 3746 4999">
    <p class='ocr_par' dir='ltr' id='par_1_102' title="bbox 2185 4921 3746 4993">
     <span class='ocr_line' id='line_1_102' title="bbox 2185 4921 3746 4993; baseline -0.001 -17"><span class='ocrx_word' id='word_1_718' title='bbox 2185 4924 2281 4993; x_wconf 76' lang='grc' dir='ltr'>τὴν</span> <span class='ocrx_word' id='word_1_719' title='bbox 2301 4921 2609 4990; x_wconf 80' lang='grc' dir='ltr'>εύλόγησιν,</span> <span class='ocrx_word' id='word_1_720' title='bbox 2634 4923 2728 4975; x_wconf 78' lang='grc' dir='ltr'>καὶ</span> <span class='ocrx_word' id='word_1_721' title='bbox 2753 4921 2939 4974; x_wconf 69' lang='grc' dir='ltr'>ἔκτοτε</span> <span class='ocrx_word' id='word_1_722' title='bbox 2960 4922 3373 4992; x_wconf 76' lang='grc' dir='ltr'>ὲπιτιμηθῆναις</span> <span class='ocrx_word' id='word_1_723' title='bbox 3403 4921 3598 4976; x_wconf 77' lang='grc' dir='ltr'>Ἀπόκ.</span> <span class='ocrx_word' id='word_1_724' title='bbox 3624 4921 3746 4990; x_wconf 69' lang='grc' dir='ltr'>Πρὸς</span> 
     </span>
    </p>
   </div>
   <div class='ocr_carea' id='block_1_103' title="bbox 507 5001 2080 5084">
    <p class='ocr_par' dir='ltr' id='par_1_103' title="bbox 507 5001 2080 5083">
     <span class='ocr_line' id='line_1_103' title="bbox 507 5001 2080 5083; baseline 0.015 -31"><span class='ocrx_word' id='word_1_725' title='bbox 507 5014 578 5054; x_wconf 87' lang='lat' dir='ltr'><strong>an</strong></span> <span class='ocrx_word' id='word_1_726' title='bbox 616 5001 948 5072; x_wconf 85' lang='lat' dir='ltr'><strong>participare</strong></span> <span class='ocrx_word' id='word_1_727' title='bbox 993 5019 1215 5077; x_wconf 82' lang='lat' dir='ltr'><strong>prepter</strong></span> <span class='ocrx_word' id='word_1_728' title='bbox 1264 5011 1699 5070; x_wconf 77' lang='lat' dir='ltr'><strong>benedictionem</strong></span> <span class='ocrx_word' id='word_1_729' title='bbox 1739 5015 1977 5083; x_wconf 89' lang='lat' dir='ltr'><strong>debent,</strong></span> <span class='ocrx_word' id='word_1_730' title='bbox 2019 5034 2080 5075; x_wconf 83' lang='lat' dir='ltr'><strong>ac</strong></span> 
     </span>
    </p>
   </div>
   <div class='ocr_carea' id='block_1_104' title="bbox 2185 5001 3746 5084">
    <p class='ocr_par' dir='ltr' id='par_1_104' title="bbox 2185 5011 3746 5084">
     <span class='ocr_line' id='line_1_104' title="bbox 2185 5011 3746 5084; baseline -0.003 -18"><span class='ocrx_word' id='word_1_731' title='bbox 2185 5014 2246 5067; x_wconf 85' lang='grc' dir='ltr'><strong>τὸ</strong></span> <span class='ocrx_word' id='word_1_732' title='bbox 2279 5011 2419 5076; x_wconf 82' lang='grc' dir='ltr'>εἶδος</span> <span class='ocrx_word' id='word_1_733' title='bbox 2445 5014 2542 5066; x_wconf 74' lang='grc' dir='ltr'>καὶ</span> <span class='ocrx_word' id='word_1_734' title='bbox 2571 5015 2676 5084; x_wconf 82' lang='grc' dir='ltr'>τὴν</span> <span class='ocrx_word' id='word_1_735' title='bbox 2707 5012 2974 5084; x_wconf 86' lang='grc' dir='ltr'>διαφορὰν</span> <span class='ocrx_word' id='word_1_736' title='bbox 3019 5013 3114 5066; x_wconf 80' lang='grc' dir='ltr'><strong>τοῦ</strong></span> <span class='ocrx_word' id='word_1_737' title='bbox 3155 5015 3550 5084; x_wconf 85' lang='grc' dir='ltr'>ἁμαρτήματος</span> <span class='ocrx_word' id='word_1_738' title='bbox 3573 5013 3746 5082; x_wconf 71' lang='grc' dir='ltr'>ἕψεται</span> 
     </span>
    </p>
   </div>
   <div class='ocr_carea' id='block_1_105' title="bbox 510 5093 2080 5179">
    <p class='ocr_par' dir='ltr' id='par_1_105' title="bbox 510 5093 2080 5176">
     <span class='ocr_line' id='line_1_105' title="bbox 510 5093 2080 5176; baseline 0.012 -29"><span class='ocrx_word' id='word_1_739' title='bbox 510 5093 710 5150; x_wconf 90' lang='lat' dir='ltr'><strong>deinde</strong></span> <span class='ocrx_word' id='word_1_740' title='bbox 726 5110 978 5154; x_wconf 68' lang='lat' dir='ltr'><strong>censum</strong></span> <span class='ocrx_word' id='word_1_741' title='bbox 1004 5101 1391 5174; x_wconf 84' lang='lat' dir='ltr'><strong>subjici?Resp.</strong></span> <span class='ocrx_word' id='word_1_742' title='bbox 1415 5105 1520 5160; x_wconf 88' lang='lat' dir='ltr'><strong>Pro</strong></span> <span class='ocrx_word' id='word_1_743' title='bbox 1543 5107 1724 5176; x_wconf 90' lang='lat' dir='ltr'><strong>specie</strong></span> <span class='ocrx_word' id='word_1_744' title='bbox 1744 5109 2080 5166; x_wconf 79' lang='lat' dir='ltr'><strong>diﬂ&#39;erentia-</strong></span> 
     </span>
    </p>
   </div>
   <div class='ocr_carea' id='block_1_106' title="bbox 2185 5093 3747 5179">
    <p class='ocr_par' dir='ltr' id='par_1_106' title="bbox 2187 5107 3747 5179">
     <span class='ocr_line' id='line_1_106' title="bbox 2187 5107 3747 5179; baseline -0.004 -16"><span class='ocrx_word' id='word_1_745' title='bbox 2187 5109 2282 5163; x_wconf 70' lang='grc' dir='ltr'>καὶ</span> <span class='ocrx_word' id='word_1_746' title='bbox 2311 5109 2343 5178; x_wconf 80' lang='grc' dir='ltr'><strong>ἠ</strong></span> <span class='ocrx_word' id='word_1_747' title='bbox 2367 5108 2666 5178; x_wconf 88' lang='grc' dir='ltr'>οίκονομία.</span> <span class='ocrx_word' id='word_1_748' title='bbox 2697 5137 2766 5148; x_wconf 87' lang='grc'><strong>--</strong></span> <span class='ocrx_word' id='word_1_749' title='bbox 2811 5107 3010 5177; x_wconf 83' lang='grc' dir='ltr'>Ἐρώτ.</span> <span class='ocrx_word' id='word_1_750' title='bbox 3056 5109 3184 5162; x_wconf 80' lang='grc' dir='ltr'>Ἐἀν</span> <span class='ocrx_word' id='word_1_751' title='bbox 3221 5109 3361 5179; x_wconf 80' lang='grc' dir='ltr'>γυνὴ</span> <span class='ocrx_word' id='word_1_752' title='bbox 3389 5109 3641 5179; x_wconf 81' lang='grc' dir='ltr'>γεννήσῃ,</span> <span class='ocrx_word' id='word_1_753' title='bbox 3668 5107 3747 5162; x_wconf 73' lang='grc' dir='ltr'>καὶ</span> 
     </span>
    </p>
   </div>
   <div class='ocr_carea' id='block_1_107' title="bbox 506 5189 2080 5270">
    <p class='ocr_par' dir='ltr' id='par_1_107' title="bbox 506 5189 2080 5268">
     <span class='ocr_line' id='line_1_107' title="bbox 506 5189 2080 5268; baseline 0.015 -30"><span class='ocrx_word' id='word_1_754' title='bbox 506 5200 616 5255; x_wconf 88' lang='lat' dir='ltr'><strong>que</strong></span> <span class='ocrx_word' id='word_1_755' title='bbox 659 5189 891 5257; x_wconf 85' lang='lat' dir='ltr'><strong>peccati,</strong></span> <span class='ocrx_word' id='word_1_756' title='bbox 935 5202 1196 5261; x_wconf 82' lang='lat' dir='ltr'><strong>sequetur</strong></span> <span class='ocrx_word' id='word_1_757' title='bbox 1229 5206 1285 5250; x_wconf 91' lang='lat' dir='ltr'><strong>et</strong></span> <span class='ocrx_word' id='word_1_758' title='bbox 1323 5197 1685 5268; x_wconf 84' lang='lat' dir='ltr'><strong>dispensatio.</strong></span> <span class='ocrx_word' id='word_1_759' title='bbox 1708 5231 1766 5242; x_wconf 85' lang='lat'><strong>—-</strong></span> <span class='ocrx_word' id='word_1_760' title='bbox 1799 5201 1999 5258; x_wconf 79' lang='lat' dir='ltr'><strong>lnterr.</strong></span> <span class='ocrx_word' id='word_1_761' title='bbox 2029 5205 2080 5261; x_wconf 87' lang='lat' dir='ltr'><strong>Si</strong></span> 
     </span>
    </p>
   </div>
   <div class='ocr_carea' id='block_1_108' title="bbox 2185 5189 3748 5270">
    <p class='ocr_par' dir='ltr' id='par_1_108' title="bbox 2189 5198 3748 5270">
     <span class='ocr_line' id='line_1_108' title="bbox 2189 5198 3748 5270; baseline -0.004 -18"><span class='ocrx_word' id='word_1_762' title='bbox 2189 5199 2475 5254; x_wconf 73' lang='grc' dir='ltr'>είσὲλθωσί</span> <span class='ocrx_word' id='word_1_763' title='bbox 2501 5215 2646 5262; x_wconf 86' lang='grc' dir='ltr'>τινες</span> <span class='ocrx_word' id='word_1_764' title='bbox 2673 5199 2752 5261; x_wconf 88' lang='grc' dir='ltr'><strong>είς</strong></span> <span class='ocrx_word' id='word_1_765' title='bbox 2778 5198 2878 5270; x_wconf 82' lang='grc' dir='ltr'><strong>τήν</strong></span> <span class='ocrx_word' id='word_1_766' title='bbox 2909 5199 3088 5254; x_wconf 86' lang='grc' dir='ltr'>οίκίαν</span> <span class='ocrx_word' id='word_1_767' title='bbox 3117 5199 3311 5269; x_wconf 83' lang='grc' dir='ltr'>αὐτῆς,</span> <span class='ocrx_word' id='word_1_768' title='bbox 3337 5199 3502 5252; x_wconf 87' lang='grc' dir='ltr'>πόσον</span> <span class='ocrx_word' id='word_1_769' title='bbox 3528 5198 3748 5265; x_wconf 72' lang='grc' dir='ltr'>ὀφείλου-</span> 
     </span>
    </p>
   </div>
   <div class='ocr_carea' id='block_1_109' title="bbox 509 5277 2080 5362">
    <p class='ocr_par' dir='ltr' id='par_1_109' title="bbox 509 5277 2080 5362">
     <span class='ocr_line' id='line_1_109' title="bbox 509 5277 2080 5362; baseline 0.012 -31"><span class='ocrx_word' id='word_1_770' title='bbox 509 5277 709 5334; x_wconf 85' lang='lat' dir='ltr'><strong>mulier</strong></span> <span class='ocrx_word' id='word_1_771' title='bbox 749 5289 962 5349; x_wconf 64' lang='lat' dir='ltr'><strong>partum</strong></span> <span class='ocrx_word' id='word_1_772' title='bbox 995 5284 1246 5351; x_wconf 83' lang='lat' dir='ltr'><strong>ediderit,</strong></span> <span class='ocrx_word' id='word_1_773' title='bbox 1273 5297 1326 5340; x_wconf 89' lang='lat' dir='ltr'><strong>et</strong></span> <span class='ocrx_word' id='word_1_774' title='bbox 1355 5290 1576 5358; x_wconf 85' lang='lat' dir='ltr'><strong>quidam</strong></span> <span class='ocrx_word' id='word_1_775' title='bbox 1611 5292 1666 5346; x_wconf 94' lang='lat' dir='ltr'><strong>in</strong></span> <span class='ocrx_word' id='word_1_776' title='bbox 1695 5293 1815 5362; x_wconf 83' lang='lat' dir='ltr'><strong>ejus</strong></span> <span class='ocrx_word' id='word_1_777' title='bbox 1859 5296 2080 5350; x_wconf 88' lang='lat' dir='ltr'><strong>domum</strong></span> 
     </span>
    </p>
   </div>
   <div class='ocr_carea' id='block_1_110' title="bbox 2185 5277 3745 5362">
    <p class='ocr_par' dir='ltr' id='par_1_110' title="bbox 2193 5288 3745 5361">
     <span class='ocr_line' id='line_1_110' title="bbox 2193 5288 3745 5361; baseline -0.004 -17"><span class='ocrx_word' id='word_1_778' title='bbox 2193 5309 2278 5345; x_wconf 87' lang='grc' dir='ltr'><strong>σιν</strong></span> <span class='ocrx_word' id='word_1_779' title='bbox 2299 5290 2684 5361; x_wconf 79' lang='grc' dir='ltr'>ὲπιτιμηθῆναι</span> <span class='ocrx_word' id='word_1_780' title='bbox 2699 5291 2794 5343; x_wconf 77' lang='grc' dir='ltr'><strong>ἐπὶ</strong></span> <span class='ocrx_word' id='word_1_781' title='bbox 2804 5290 2884 5361; x_wconf 87' lang='grc' dir='ltr'>τῷ</span> <span class='ocrx_word' id='word_1_782' title='bbox 2904 5289 3252 5361; x_wconf 83' lang='grc' dir='ltr'>μεταλαϐεἰν;</span> <span class='ocrx_word' id='word_1_783' title='bbox 3285 5292 3485 5346; x_wconf 74' lang='grc' dir='ltr'>Ἀκόκ.</span> <span class='ocrx_word' id='word_1_784' title='bbox 3506 5288 3745 5343; x_wconf 79' lang='grc' dir='ltr'>’Λπολου-</span> 
     </span>
    </p>
   </div>
   <div class='ocr_carea' id='block_1_111' title="bbox 511 5368 2080 5455">
    <p class='ocr_par' dir='ltr' id='par_1_111' title="bbox 511 5368 2080 5455">
     <span class='ocr_line' id='line_1_111' title="bbox 511 5368 2080 5455; baseline 0.013 -32"><span class='ocrx_word' id='word_1_785' title='bbox 511 5368 744 5439; x_wconf 73' lang='lat' dir='ltr'><strong>ingressi</strong></span> <span class='ocrx_word' id='word_1_786' title='bbox 795 5370 1022 5439; x_wconf 80' lang='lat' dir='ltr'><strong>fuerint,</strong></span> <span class='ocrx_word' id='word_1_787' title='bbox 1055 5377 1301 5444; x_wconf 87' lang='lat' dir='ltr'><strong>quandiu</strong></span> <span class='ocrx_word' id='word_1_788' title='bbox 1340 5395 1436 5448; x_wconf 87' lang='lat' dir='ltr'><strong>per</strong></span> <span class='ocrx_word' id='word_1_789' title='bbox 1477 5397 1766 5438; x_wconf 83' lang='lat' dir='ltr'><strong>censuram</strong></span> <span class='ocrx_word' id='word_1_790' title='bbox 1797 5400 1826 5438; x_wconf 91' lang='lat' dir='ltr'><strong>a</strong></span> <span class='ocrx_word' id='word_1_791' title='bbox 1861 5388 2080 5455; x_wconf 77' lang='lat' dir='ltr'><strong>partici-</strong></span> 
     </span>
    </p>
   </div>
   <div class='ocr_carea' id='block_1_112' title="bbox 2185 5368 3742 5455">
    <p class='ocr_par' dir='ltr' id='par_1_112' title="bbox 2193 5381 3742 5454">
     <span class='ocr_line' id='line_1_112' title="bbox 2193 5381 3742 5454; baseline -0.004 -19"><span class='ocrx_word' id='word_1_792' title='bbox 2193 5383 2420 5454; x_wconf 85' lang='grc' dir='ltr'>σάμενοι</span> <span class='ocrx_word' id='word_1_793' title='bbox 2449 5384 2507 5435; x_wconf 77' lang='grc' dir='ltr'>ὲν</span> <span class='ocrx_word' id='word_1_794' title='bbox 2540 5385 2606 5454; x_wconf 75' lang='grc' dir='ltr'>τῇ</span> <span class='ocrx_word' id='word_1_795' title='bbox 2637 5381 2767 5451; x_wconf 76' lang='grc' dir='ltr'><strong>ἑξῆς</strong></span> <span class='ocrx_word' id='word_1_796' title='bbox 2793 5383 2904 5436; x_wconf 85' lang='grc' dir='ltr'><strong>τῶν</strong></span> <span class='ocrx_word' id='word_1_797' title='bbox 2933 5383 3294 5452; x_wconf 85' lang='grc' dir='ltr'>ἀγιασμάτων</span> <span class='ocrx_word' id='word_1_798' title='bbox 3326 5383 3388 5437; x_wconf 87' lang='grc' dir='ltr'><strong>ού</strong></span> <span class='ocrx_word' id='word_1_799' title='bbox 3421 5381 3742 5449; x_wconf 52' lang='lat' dir='ltr'><strong>mxumam-</strong></span> 
     </span>
    </p>
   </div>
   <div class='ocr_carea' id='block_1_113' title="bbox 491 5463 2080 5549">
    <p class='ocr_par' dir='ltr' id='par_1_113' title="bbox 491 5463 2080 5547">
     <span class='ocr_line' id='line_1_113' title="bbox 491 5463 2080 5547; baseline 0.012 -30"><span class='ocrx_word' id='word_1_800' title='bbox 491 5463 732 5532; x_wconf 47' lang='lat' dir='ltr'><strong>.patione</strong></span> <span class='ocrx_word' id='word_1_801' title='bbox 753 5465 956 5520; x_wconf 86' lang='lat' dir='ltr'><strong>debent</strong></span> <span class='ocrx_word' id='word_1_802' title='bbox 984 5467 1206 5522; x_wconf 85' lang='lat' dir='ltr'><strong>arceri?</strong></span> <span class='ocrx_word' id='word_1_803' title='bbox 1252 5467 1406 5541; x_wconf 88' lang='lat' dir='ltr'><strong>Resp.</strong></span> <span class='ocrx_word' id='word_1_804' title='bbox 1441 5473 1625 5530; x_wconf 82' lang='lat' dir='ltr'><strong>Abluli</strong></span> <span class='ocrx_word' id='word_1_805' title='bbox 1660 5478 1927 5547; x_wconf 87' lang='lat' dir='ltr'><strong>postridie</strong></span> <span class='ocrx_word' id='word_1_806' title='bbox 1973 5495 2080 5536; x_wconf 91' lang='lat' dir='ltr'><strong>non</strong></span> 
     </span>
    </p>
   </div>
   <div class='ocr_carea' id='block_1_114' title="bbox 2185 5463 3744 5549">
    <p class='ocr_par' dir='ltr' id='par_1_114' title="bbox 2189 5472 3744 5549">
     <span class='ocr_line' id='line_1_114' title="bbox 2189 5472 3744 5549; baseline -0.005 -19"><span class='ocrx_word' id='word_1_807' title='bbox 2189 5475 2595 5545; x_wconf 78' lang='grc' dir='ltr'><strong>ται.--⁹Ερώτ.</strong></span> <span class='ocrx_word' id='word_1_808' title='bbox 2634 5477 2697 5532; x_wconf 69' lang='lat' dir='ltr'><strong>El</strong></span> <span class='ocrx_word' id='word_1_809' title='bbox 2724 5477 2782 5531; x_wconf 79' lang='grc' dir='ltr'>δὲ</span> <span class='ocrx_word' id='word_1_810' title='bbox 2806 5479 2901 5532; x_wconf 73' lang='grc' dir='ltr'>καὶ</span> <span class='ocrx_word' id='word_1_811' title='bbox 2927 5478 2990 5532; x_wconf 81' lang='grc' dir='ltr'>τὸ</span> <span class='ocrx_word' id='word_1_812' title='bbox 3018 5477 3220 5549; x_wconf 79' lang='grc' dir='ltr'>βρέφος</span> <span class='ocrx_word' id='word_1_813' title='bbox 3237 5475 3527 5548; x_wconf 73' lang='grc' dir='ltr'>βαπτισθῇ,</span> <span class='ocrx_word' id='word_1_814' title='bbox 3562 5472 3744 5544; x_wconf 68' lang='grc' dir='ltr'>ὀφείλει</span> 
     </span>
    </p>
   </div>
   <div class='ocr_carea' id='block_1_115' title="bbox 1790 5589 2482 5650">
    <p class='ocr_par' dir='ltr' id='par_1_115' title="bbox 1790 5589 2482 5650">
     <span class='ocr_line' id='line_1_115' title="bbox 1790 5589 2482 5650; baseline 0.01 -8"><span class='ocrx_word' id='word_1_815' title='bbox 1790 5589 2024 5647; x_wconf 75' lang='lat' dir='ltr'><strong>VARUE</strong></span> <span class='ocrx_word' id='word_1_816' title='bbox 2068 5592 2482 5650; x_wconf 77' lang='lat' dir='ltr'><strong>LECTIONES.</strong></span> 
     </span>
    </p>
   </div>
   <div class='ocr_carea' id='block_1_116' title="bbox 584 5666 1169 5742">
    <p class='ocr_par' dir='ltr' id='par_1_116' title="bbox 584 5666 1169 5742">
     <span class='ocr_line' id='line_1_116' title="bbox 584 5666 1169 5742; baseline 0.01 -21"><span class='ocrx_word' id='word_1_817' title='bbox 584 5666 630 5700; x_wconf 82' lang='grc'>⁸¹</span> <span class='ocrx_word' id='word_1_818' title='bbox 666 5666 1169 5742; x_wconf 77' lang='grc' dir='ltr'>μουσουλμανίσας.</span> 
     </span>
    </p>
   </div>
   <div class='ocr_carea' id='block_1_117' title="bbox 588 5773 2244 5932">
    <p class='ocr_par' dir='ltr' id='par_1_117' title="bbox 588 5773 2244 5932">
     <span class='ocr_line' id='line_1_117' title="bbox 588 5773 2244 5932; baseline -0.018 9"><span class='ocrx_word' id='word_1_819' title='bbox 588 5856 702 5922; x_wconf 61' lang='grc'><strong>(40)</strong></span> <span class='ocrx_word' id='word_1_820' title='bbox 731 5856 846 5915; x_wconf 75' lang='lat' dir='ltr'><strong>&quot;oc</strong></span> <span class='ocrx_word' id='word_1_821' title='bbox 881 5869 986 5926; x_wconf 76' lang='lat' dir='ltr'><strong>est,</strong></span> <span class='ocrx_word' id='word_1_822' title='bbox 1007 5859 1240 5932; x_wconf 81' lang='lat' dir='ltr'><strong>Turcus,</strong></span> <span class='ocrx_word' id='word_1_823' title='bbox 1269 5865 1563 5922; x_wconf 87' lang='lat' dir='ltr'><strong>accedente</strong></span> <span class='ocrx_word' id='word_1_824' title='bbox 1593 5773 2244 5923; x_wconf 44' lang='lat' dir='ltr'><strong>circumcisionform.</strong></span> 
     </span>
    </p>
   </div>
  </div>
