3948 6608
234 380 356 448 Ῑθῦῗ

237 490 527 560 θηλάζεδθαι
582 489 738 559 παρὰ
793 492 892 560 τῆς
953 490 1118 545 αὑτοῦ
1171 493 1414 563 μητρπ,

242 582 545 651 ἀκαθάρτου;
581 581 771 634 Ἀπόκ.
793 581 1024 650 Θηλὰο-ει
1051 581 1265 646 πάντως
1284 584 1341 636 τὸ
1367 582 1583 654 βρέφος,
1605 584 1688 636 ἵνα
1716 583 1790 653 μὴ

242 671 774 739 ἀπόληται.-Ἐρὼτ.
811 673 988 726 Καλόν
1021 679 1136 727 ἐστι
1173 675 1231 726 τὸ
1258 673 1695 744 ἐξομολογεῖσθαι
1723 676 1791 728 τὰ

243 764 584 835 ἁμαρτήματα
648 764 804 833 ήμῶν
840 770 1227 835 πνευματικοῖς
1261 766 1548 836 ἀνδράσιν;
1586 767 1790 820 Ἀπόκ.

244 854 399 909 Καλὸν
435 856 548 922 μὲν,
590 856 683 907 καὶ
713 856 854 908 πάνυ
883 855 1182 928 ὠφέλιμον,
1209 858 1342 911 ἀλλὰ
1390 858 1464 929 μὴ
1495 860 1606 920 τοῖς
1636 858 1795 911 ἀπεί-

246 964 339 1018 ρως
383 947 470 999 καὶ
512 947 794 1010 ίδιῳτικῶς
844 951 973 1018 περὶ
1010 951 1076 1004 τὰ
1118 951 1342 1004 τοιαῦτα
1387 951 1753 1022 διακειμένοις
1779 967 1794 981 ·

241 1044 314 1095 ἵνα
345 1041 411 1110 μὴ
454 1041 538 1092 διὰ
584 1040 679 1111 τὴς
708 1043 903 1111 ἀλόγου
942 1044 1291 1113 συμπαθείας
1331 1045 1424 1096 καὶ
1455 1044 1790 1114 οἰκονομίας,

241 1132 372 1204 ῆδιὰ
411 1132 505 1202 τῆς
533 1133 763 1204 ἀκαίρου
810 1136 903 1188 καὶ
953 1136 1390 1208 ἀνεπιστήμονος
1431 1138 1797 1207 παρατάσεως

239 1225 332 1276 τῶν
363 1223 664 1291 ἐπιτιμίων,
722 1228 1138 1298 καταφρονητὴν
1174 1229 1206 1300 ἢ
1246 1229 1487 1302 ῥᾴθυμον
1534 1229 1567 1302 ἢ
1606 1246 1797 1299 παρειο

242 1315 381 1385 μένον
426 1333 479 1368 σε
512 1318 923 1389 ἀπεργάσηται·
959 1320 1052 1374 ἐὰν
1105 1321 1198 1375 οὖν
1229 1321 1396 1394 εὕρῃς
1427 1321 1594 1392 ἄνδρα
1633 1338 1796 1376 πνευο

242 1410 446 1476 ματικον
474 1411 566 1462 καὶ
613 1409 898 1482 ἔμπειρον,
932 1413 1234 1483 δυνάμενόν
1286 1432 1346 1468 σε
1396 1415 1676 1484 ἰατρεῦσαι
1705 1417 1799 1468 ἀνα

239 1502 614 1570 επαισχύντως,
643 1505 736 1556 καὶ
765 1506 901 1574 μετὰ
925 1504 1182 1573 πίστεως,
1210 1507 1601 1578 ἐξομολόγησαι
1625 1507 1794 1579 αὐτῷ,

238 1592 302 1654 ὡς
333 1593 400 1663 τῷ
428 1595 632 1665 Κυρίῳ,
657 1595 749 1648 καὶ
776 1597 872 1649 οὐκ
903 1593 1265 1668 ἀνθρώπῳ.-
1308 1598 1526 1667 Ἐρώτ..
1547 1601 1606 1652 Εἰ
1638 1599 1692 1652 δέ
1724 1601 1798 1670 μὴ

239 1683 366 1752 εὕρω
388 1685 693 1757 ἄνθρωπον,
728 1691 806 1752 εἰς
836 1689 894 1740 ὃν
921 1690 1029 1760 ἔχω
1063 1690 1440 1761 πληροφορίαν
1474 1691 1799 1764 ἐξομολογή-

241 1779 430 1840 σασθαι,
450 1778 496 1830 τί
526 1779 724 1847 ὀφείλω
754 1781 976 1852 ποιῆσαι
1001 1783 1315 1848 ;-⁹Απόκ.
1372 1784 1798 1857 Ἐξομολόγησαι

237 1867 306 1938 τῷ
335 1868 445 1940 Θεῷ
469 1872 729 1934 κατιδίαν,
747 1875 1091 1945 κατακρίνων
1112 1877 1322 1938 ἑαυτὸν,
1340 1878 1433 1932 καὶ
1462 1877 1636 1944 λέγων
1676 1878 1798 1932 καθ’

236 1961 504 2031 ὁμοιότητα.
527 1964 620 2016 τοῦ
647 1964 877 2020 τελώνου
902 1984 914 1996 ο
935 1969 992 2021 '0
1024 1968 1152 2032 Θεὸς
1176 1969 1353 2040 ήμῶν.
1389 1969 1452 2022 σὺ
1481 1969 1798 2036 ἐπίστασαι,

238 2049 308 2102 ὅτι
356 2051 674 2121 ἁμαρτωλός
725 2057 860 2126 εἰμι,
907 2058 1002 2111 καὶ
1037 2058 1254 2124 ἀνάξιος
1291 2060 1468 2131 πάσης
1508 2063 1798 2133 συγχωρήε

238 2159 376 2207 σεως.
394 2145 548 2200 Ἀλλὰ
579 2148 749 2202 σῶσόν
772 2167 837 2219 με
868 2149 1053 2204 ἕνεκεν
1081 2151 1172 2204 τοῦ
1190 2151 1371 2216 ἐλέους
1392 2169 1582 2209 σου.-
1597 2154 1794 2224 Ἑρώτ.

246 2235 748 2310 Ἐξομολογοόμενος
804 2241 860 2295 δέ
919 2242 996 2314 τῷ
1062 2242 1219 2313 Θεῷ,
1281 2245 1640 2316 μνημονεύσω
1700 2250 1796 2301 κα)⁸

235 2329 583 2403 ἀπαριθμήσω
613 2335 791 2388 πᾶσαν
809 2335 1104 2406 ἁμαρτίαν,
1125 2337 1190 2408 ἢν
1209 2336 1451 2410 ἔπραξα;
1472 2338 1667 2393 Ἀπόκ.
1693 2339 1798 2393 Οὕ-

233 2417 401 2490 δειμῶς
424 2439 435 2452 ·
476 2425 736 2494 μάλιστα,
757 2428 852 2479 ἐὰν
895 2429 1106 2498 σώματι
1134 2435 1228 2482 καὶ
1261 2429 1486 2501 πορνεία
1518 2430 1794 2504 ἁμάρτῃς.

235 2510 314 2564 Ἐν
340 2514 441 2586 ὅσῳ
480 2517 588 2588 γὰρ
612 2516 786 2582 θέλεις
815 2521 1208 2591 μνημονεῦσαι
1243 2521 1343 2591 τῆς
1370 2521 1542 2586 δεῖνος
1570 2524 1664 2577 καὶ
1693 2527 1793 2595 τῆς

233 2603 406 2673 δεῖνος,
463 2608 752 2680 μολύνεταί
788 2628 880 2664 σου
911 2610 1138 2684 ήψυχή.
1187 2613 1388 2667 Λοιπὸν
1441 2613 1626 2682 καλὸν,
1671 2615 1796 2668 καθ’

232 2697 503 2770 ὁμοιότητα
530 2701 626 2754 τοῦ
666 2703 896 2758 τελώνου
914 2704 1091 2776 λέγειν
1112 2721 1125 2735 ·
1156 2706 1214 2761 '0
1242 2705 1394 2776 Θεὸς,
1423 2706 1674 2780 ἱλάσθητί
1702 2725 1793 2780 μοι

231 2787 299 2856 τῷ
322 2789 647 2863 ἁμαρτωλῷ.
1818 2793 1820 2796 ’

1483 383 1528 442 G
1541 383 1581 440 R
1594 381 2175 444 fECO-ROMANUM.

1479 492 1554 545 ἔτι
1613 492 1775 559 eam;
1813 498 1852 552 Α
1885 495 2259 548 :treebuntura
2296 492 2951 550 saermnentis.-—Interr.
2989 496 3371 567 Silbaptizatus
3407 502 3478 555 sit

3338 382 3479 451 1‘098

1898 586 2100 643 infans.
2139 602 2205 636 an
2247 587 2432 639 lactari
2477 603 2504 641 a
2556 596 2729 642 nzatre
2770 603 2867 642 sua
2927 589 3108 652 debet,
3151 589 3330 644 adhuc
3372 594 3477 644 im-

1909 677 2110 730 munda
2134 676 2320 745 ?Resp.
2343 675 2576 732 Omnino
2603 679 2825 733 lactabit
2856 678 3141 743 infantem,
3172 697 3236 736 ne
3270 695 3474 751 pereat.

1896 768 2161 822 ——Inlerr.
2184 769 2262 825 An
2297 771 2496 824 bonum
2517 779 2620 837 est,
2642 771 2888 826 confiteri
2908 787 3006 826 nos
3031 781 3250 842 peccata
3288 783 3487 833 nostra.

1899 862 2032 914 viris
2060 862 2472 930 spiritualibns?
2502 861 2653 932 Resp.
2691 863 2898 918 Bonum
2926 874 3007 919 est
3027 879 3088 917 ac
3119 864 3275 920 valde
3302 867 3430 920 utile
3457 885 3470 920 :

1898 953 1988 1005 sed
2057 968 2166 1006 non
2213 953 2300 1017 iis,
2375 954 2467 1022 qui
2551 969 2658 1007 non
2735 954 2968 1024 experti,
3045 962 3096 1008 ct
3149 955 3311 1010 rudes
3363 957 3474 1012 sint

1901 1042 2091 1095 harum
2127 1057 2306 1095 rerum
2338 1060 2350 1095 :
2383 1060 2448 1098 ne
2480 1043 2603 1113 quis
2639 1060 2732 1113 per
2761 1046 2993 1099 alienam
3023 1062 3050 1098 a
3082 1048 3296 1101 ratione
3328 1062 3476 1101 corn-

1902 1136 2209 1203 passionem
2247 1145 2300 1189 et
2344 1136 2835 1205 dispensationem,
2869 1139 2950 1192 vel
2997 1154 3091 1206 per
3126 1139 3473 1208 intempesti~

1903 1240 2024 1279 vam
2069 1236 2123 1280 et
2157 1226 2464 1296 imperitam
2511 1229 2865 1284 intentionem
2918 1245 3227 1298 pmnarum,
3255 1241 3307 1287 te
3341 1247 3470 1286 con-

1902 1328 2249 1388 temptorem,
2303 1328 2395 1374 aut
2443 1319 2708 1384 desidem,
2760 1330 2854 1375 aut
2893 1305 3217 1378 dissolutum
3259 1326 3472 1383 reddat.

1909 1411 2096 1480 itaque
2129 1411 2174 1466 si
2244 1411 2420 1465 virum
2487 1413 2762 1468 inveneris
2815 1413 3154 1482 spiritualem
3213 1424 3266 1470 et
3331 1418 3474 1484 peri-

1903 1511 2038 1567 tum,
2081 1503 2172 1572 qui
2224 1502 2552 1558 medicinam
2603 1505 2862 1561 adhibere
2904 1506 2998 1560 tibi
3050 1509 3225 1578 possit
3270 1508 3474 1578 absque

1903 1597 2256 1661 verecundia,
2291 1608 2345 1652 et
2378 1612 2502 1652 cum
2544 1597 2670 1664 fide,
2725 1598 3042 1655 conﬁtearis
3078 1603 3165 1666 ei,
3212 1611 3470 1672 tanquam

1902 1689 2006 1761 ipsi
2036 1689 2411 1752 Domino,non
2435 1690 2937 1748 homini.-—-luterr.
2971 1693 3040 1748 At
3062 1710 3189 1748 vero
3221 1696 3266 1749 si
3300 1697 3474 1750 homi-

1905 1795 2028 1834 nem
2072 1795 2177 1834 non
2221 1780 2516 1844 inveniam,
2552 1780 2647 1849 qui
2690 1780 2822 1834 mihi
2872 1781 3175 1851 satisfaciat
3213 1785 3266 1837 in
3307 1783 3478 1836 confi—

1905 1871 2092 1936 tendo,
2129 1872 2258 1942 quid
2298 1871 2490 1926 faciam
2516 1873 2539 1926 ?
2565 1871 2720 1943 Resp.
2753 1872 3024 1930 Confitere
3060 1875 3168 1929 Deo
3198 1877 3474 1944 privatim.

1901 1965 2247 2035 temetipsum
2301 1964 2594 2032 damnans,
2651 1974 2706 2021 et
2737 1967 2803 2020 ad
2857 1969 3166 2038 exeiuplum
3200 1969 3473 2038 publicani

1899 2056 2090 2112 dicens
2125 2072 2139 2109 :
2188 2057 2326 2112 Deus
2361 2067 2569 2124 noster,
2605 2067 2659 2112 tu
2695 2074 2779 2112 me
2811 2059 2922 2114 scis
2952 2075 3070 2114 esse
3108 2069 3471 2130 peccatormn,

1901 2160 1946 2203 el
1985 2150 2267 2221 indignum
2299 2152 2449 2205 omni
2482 2152 2660 2206 venia.
2690 2150 2888 2207 Verum
2928 2153 3079 2210 salva
3111 2170 3216 2216 me,
3255 2165 3474 2224 propter

1899 2242 2795 2300 misericordiamtuam—Intern
2828 2245 2962 2299 Cum
2991 2254 3172 2300 autem
3205 2246 3312 2301 Deo
3339 2263 3473 2302 con-

1906 2335 2082 2402 ﬁteor,
2149 2352 2217 2390 an
2253 2336 2582 2390 mentionem
2641 2336 2837 2392 faciam
2895 2346 2950 2392 et
3006 2342 3471 2395 enumerationem

1899 2428 2142 2482 omnium
2185 2435 2557 2497 peccatorum,
2593 2444 2713 2498 qua:
2731 2430 3026 2484 commisi?
3067 2430 3218 2501 Resp.
3255 2432 3472 2506 Nequa.

1901 2534 2098 2590 quam;
2133 2519 2386 2585 maxime,
2413 2521 2460 2575 si
2490 2535 2720 2590 corpore
2747 2521 3062 2591 deliqueris,
3080 2531 3126 2578 el
3160 2523 3470 2582 scortando.

1900 2611 2112 2682 Quippe
2142 2611 2269 2666 dum
2304 2613 2641 2667 mentionem
2675 2611 2858 2668 facere
2885 2613 2970 2668 vis
3008 2614 3171 2684 hujus
3199 2626 3293 2669 aut
3329 2617 3475 2670 illius

1902 2705 2136 2776 peccati,
2180 2703 2443 2776 polluitur
2483 2705 2669 2759 anima
2711 2712 2821 2758 tua.
2865 2703 3104 2762 Proinde
3132 2707 3336 2764 bonum
3365 2718 3470 2770 est,

1901 2797 1970 2853 ad
2017 2797 2323 2867 exemplum
2379 2795 2660 2867 publicani
2707 2797 2888 2854 dicere
2938 2815 2952 2853 :
3005 2797 3170 2866 Deus,
3206 2800 3474 2870 propitius

1819 2884 1826 2889 ⁷
1901 2900 2021 2948 esto
2056 2890 2188 2944 mihi
2226 2891 2523 2960 peccaturi.

255 3021 650 3079 ΔΗΜΗΤΡΙοΥ
721 3025 1156 3089 ΣΥΓΚΕΛΛΟΥ,
1223 3026 1771 3082 ΜΗΤΡΟΠΟΛῙΤΟΥ

670 3097 998 3163 ιιι-ΖοιιςυΥ,
1032 3097 1359 3152 meum.

2003 3021 2330 3078 DEMETRII
2378 3023 2751 3092 SYNCELLI,
2804 3022 3371 3082 METBOPOLITAM

2197 3094 2538 3160 CYZICENI,
2572 3095 3012 3152 DECLAMATIO
3043 3096 3176 3168 (41).

296 3207 554 3271 Πολλάκις
598 3211 730 3279 ἡμῖν
771 3210 972 3280 ἐπῆλθε
1005 3211 1115 3276 τῶν
1146 3210 1357 3285 ἀνδρῶν
1407 3211 1630 3267 ἐκείνων
1660 3212 1792 3267 θαυ-

1973 3207 2127 3281 Saepe
2177 3211 2337 3267 nobis
2361 3211 2462 3266 hos
2493 3212 2679 3266 mirari
2709 3211 2855 3267 viros
2879 3212 2945 3267 ad
2979 3213 3219 3266 animum
3251 3213 3470 3274 accidit,

237 3300 432 3369 μάζειν,
488 3305 542 3356 τί
601 3320 734 3356 ποτε
788 3303 1181 3376 διανοούμενοι,
1231 3305 1328 3360 καὶ
1381 3305 1532 3369 τίνας
1597 3307 1795 3377 νόμους

232 3389 391 3453 θείους
425 3391 455 3461 ἢ
485 3392 862 3464 ἀνθρωπίνους
905 3393 1236 3465 πληροῦντες
1261 3433 1275 3459 ,
1311 3393 1380 3450 τὰ
1435 3395 1704 3464 μηδεμιᾶς
1737 3396 1794 3448 ἐν

230 3485 328 3545 τοῖς
373 3484 568 3554 γάμοις
627 3484 914 3548 κωλύσεως
965 3487 1112 3550 ἄξια,
1169 3487 1311 3557 τάχα
1375 3487 1432 3540 δὲ
1480 3487 1602 3540 οὕδέ
1657 3487 1795 3550 ὅλως

230 3573 697 3649 ἀμφισϐητήσιμα,
745 3578 850 3631 ὑπὸ
882 3577 1098 3648 μακρὰς
1125 3578 1268 3632 οὕτω
1297 3579 1388 3632 καὶ
1425 3581 1664 3649 συνεχεῖς
1707 3596 1792 3633 τι-

230 3664 369 3722 θέασι
397 3671 492 3733 τὰς
523 3651 937 3740 ζητήσεις,ὀῦκ
981 3667 1078 3724 οἷδ’
1115 3671 1237 3724 ὃθεν
1266 3670 1450 3732 αὐτοῖς
1475 3668 1796 3734 ἐντακέντος

225 3757 308 3810 τοῦ
335 3762 591 3816 τοσούτου
624 3761 787 3833 ζήλου
821 3763 917 3816 καὶ
959 3762 1061 3833 τῆς
1091 3761 1446 3833 θερμότητος,
1493 3762 1570 3825 ὡς
1600 3763 1796 3828 παῖδας

222 3849 394 3915 ἁπλῶς
449 3855 606 3907 δυοῖν
659 3855 998 3926 γεννητόρων
1051 3855 1220 3925 μηδὲν
1291 3854 1792 3907 ἐπικοινωνούντων

224 3943 458 4015 ἀλλήλοις
505 3946 658 4001 κατὰ
711 3948 1061 4016 συγγένειαν,
1117 3945 1236 4017 μεθ’
1315 3945 1616 4016 ίερολογίας
1664 3962 1792 3998 συν-

222 4035 499 4106 αφθέντας,
561 4039 664 4109 ήδη
700 4039 756 4091 δέ
796 4040 891 4092 καὶ
938 4038 1456 4110 παιδοποιήσαντας,
1495 4037 1795 4102 ἀποζεῦξαι

226 4131 520 4197 πειρᾶσθαι,
563 4131 657 4184 καὶ
686 4131 983 4185 διασπάται
1022 4131 1082 4184 τὸ
1130 4130 1488 4196 συνοικέσιον,
1521 4133 1792 4200 ἐπιτροπῇ

221 4221 304 4271 καὶ
330 4221 520 4288 ταῦτα,
556 4224 650 4276 καὶ
670 4223 972 4276 συναινέσει
997 4221 1090 4275 δύο
1115 4223 1324 4292 προῦἔιν
1355 4221 1790 4292 μητροπολιτῶν,

222 4305 305 4369 οὓς
325 4314 457 4383 τάχα
485 4316 676 4384 δεήσει
706 4314 802 4366 καὶ
831 4315 1079 4368 καθελεῖν
1103 4315 1225 4368 κατ’
1257 4316 1451 4378 αὐτοὺς
1480 4315 1581 4383 τῆς
1614 4315 1790 4380 ἀξίας,

224 4396 291 4460 ὡς
319 4400 377 4453 τὸ
405 4403 582 4465 οὕτως
613 4405 849 4476 ἄθεσμον
878 4406 1296 4478 ἐπιτρέψαντας.
1327 4406 1443 4458 Ἵνα
1487 4406 1543 4458 δὲ
1570 4405 1728 4476 δῆλον

223 4491 278 4544 τὸ
299 4492 616 4567 λεγόμενον,
648 4499 742 4551 καὶ
769 4499 908 4554 αὐτὰ
935 4500 1004 4555 τὰ.
1029 4499 1138 4552 τῶν
1171 4499 1477 4568 λεγομένων
1513 4499 1791 4568 συγγενῶν

228 4589 564 4656 παραθετέον
592 4589 850 4660 ὀνόματα.
896 4591 1230 4662 Δημήτριος,
1265 4591 1421 4660 φησὶ,
1471 4592 1567 4644 καὶ
1612 4591 1793 4646 Ἰωάν-

222 4691 332 4746 νης,
365 4680 610 4748 ἀδελφοί.
648 4677 812 4744 Αὖθις
855 4681 1042 4750 ἕτερον
1073 4681 1252 4748 γένος,
1283 4681 1474 4750 Μαρία
1514 4681 1605 4734 καὶ
1632 4681 1796 4734 Νικό-

222 4765 362 4835 λαος,
391 4771 635 4839 ἀδελφοί.
665 4772 1001 4826 Συνὰπτεται
1038 4771 1190 4843 νόμῳ
1227 4771 1406 4842 γάμου
1437 4774 1502 4843 τῇ
1548 4771 1744 4841 Μαρίᾳ·
1765 4771 1794 4823 ὁ

233 4855 500 4930 Ἰωάννης.
568 4861 786 4915 Τούτων
834 4863 1282 4932 συναπτομένων·
1342 4864 1370 4915 ό
1425 4864 1524 4932 τῆς
1573 4861 1795 4930 Μαρίας

224 4945 440 5014 ἀδελφὸς
466 4952 740 5018 Νικόλαος
791 4953 931 5006 κατὰ
964 4953 1194 5023 νομικὴν
1235 4953 1647 5022 ἀκρίϐειαντὸν
1684 4955 1792 5022 Δη-

225 5039 446 5109 μήτριον
483 5038 702 5102 πάντως
725 5044 975 5114 οὐδαμῶς
996 5045 1258 5114 ὀνομάσει
1290 5044 1690 5115 συμπένθερονο
1720 5043 1797 5106 ὼς

220 5128 312 5180 τοῦ
363 5132 533 5201 νόμου
585 5132 778 5199 μόνους
817 5137 1057 5200 ἐκείνους
1109 5136 1522 5205 συμπενθέρους
1571 5135 1796 5200 εἰδότος,

220 5221 341 5285 τοὶς
388 5221 502 5275 τῶν
539 5223 960 5293 συναπτομένων
993 5229 1345 5298 γεννήτορας,
1381 5226 1522 5296 πρὸς
1565 5225 1645 5290 δὲ,
1701 5227 1796 5279 καὶ

219 5311 342 5373 τοὺς
375 5313 562 5367 αὐτῶν
601 5313 876 5377 ἀνιόντας.
912 5317 974 5369 Et
1009 5318 1091 5386 ,μή
1121 5334 1204 5378 τις
1236 5318 1346 5388 ἄρα
1377 5316 1636 5387 συνηθείᾳ
1665 5317 1798 5370 ἐπόα

223 5419 400 5471 μενος,
432 5404 513 5474 τῷ
539 5405 646 5458 τῶν
670 5406 1062 5478 συμπενθέρων
1089 5408 1317 5477 ὀνόματι
1348 5407 1440 5460 καὶ
1470 5409 1561 5459 ἐπὶ
1589 5406 1795 5460 τούτων

223 5494 453 5567 βουληθῇ
493 5498 968 5568 καταχρήσασθαι.
1006 5498 1257 5560 Οὕτω,δέ
1308 5497 1513 5552 τούτων
1538 5515 1795 5566 συγγενιι-

223 5585 332 5640 κῶν
385 5589 737 5659 ἀπορούντων
786 5591 1054 5661 κλήσεων,
1109 5591 1236 5654 τοὺς
1291 5590 1692 5661 ἀποτεχθέντας
1733 5590 1792 5656 ἐξ

1901 3301 2035 3372 quid
2084 3302 2321 3358 tandem'
2343 3302 2671 3373 cogitantes,
2698 3313 2750 3357 et
2783 3301 2982 3371 quibus
3019 3302 3235 3372 legibus
3266 3303 3471 3355 divinis

1899 3393 1983 3447 vel
2012 3391 2267 3447 humanis
2297 3391 2699 3448 satisfacientes
2732 3391 2881 3445 nulla
2914 3393 2968 3444 in
2993 3392 3199 3460 nuptiis
3227 3391 3470 3462 prohibio

1899 3486 2048 3538 tione
2086 3485 2248 3555 digna
2280 3485 2624 3555 fortasseque
2653 3499 2753 3540 nec
2800 3484 2952 3539 dubii
3011 3483 3314 3555 quidquam
3373 3485 3475 3537 ha-

1900 3576 2103 3642 bentia,
2131 3579 2234 3632 sub
2284 3589 2391 3632 tam
2441 3578 2681 3648 prolixas
2731 3587 2784 3632 et
2811 3578 3104 3632 continuas
3144 3578 3473 3648 quaestiones

1901 3678 2158 3723 revocent
2187 3685 2202 3722 :
2232 3667 2378 3722 haud
2433 3670 2640 3724 scimus
2677 3668 2818 3723 unde
2847 3666 3016 3721 inﬁxo
3039 3668 3117 3721 eis
3148 3676 3300 3720 tanto
3354 3667 3475 3734 zelo

1899 3773 1965 3814 ac
1987 3754 2231 3826 fervore,
2262 3768 2320 3813 ut
2341 3759 2663 3829 simpliciter
2689 3760 2887 3814 liberos
2909 3760 3140 3812 duorum
3165 3768 3471 3828 parentum,

1899 3851 2049 3904 nulla
2080 3865 2140 3906 se
2192 3850 2519 3919 cognatione
2569 3849 2932 3919 tangentium,
2993 3837 3166 3903 sacris
3220 3850 3472 3918 precibus

1899 3940 2395 3994 intervenientibus
2415 3939 2722 4009 copulatos,
2761 3941 2966 4010 quique
3003 3941 3120 4009 jam
3167 3941 3367 3997 liberos
3421 3955 3474 3997 ct

1897 4032 2003 4101 ipsi
2059 4030 2426 4100 susceperint,
2471 4029 2789 4099 disjungere
2834 4040 3121 4095 conentur,
3171 4046 3472 4101 eorumque

1897 4123 2358 4178 cohabitationem
2412 4121 2692 4187 dirimere,
2752 4123 3024 4192 permissu
3089 4132 3153 4175 et-
3199 4139 3471 4178 consensu

1896 4217 2128 4270 duorum
2159 4230 2378 4286 quoque
2419 4216 2960 4284 metropolitanorum
2989 4222 3346 4278 contractam,
3380 4219 3471 4284 qui

1898 4309 2148 4364 fortassis
2187 4309 2354 4364 etiam
2391 4310 2458 4364 de
2492 4309 2686 4363 horum
2742 4307 3013 4362 sententia
3056 4307 3318 4375 dignitate
3374 4309 3472 4362 de-

1893 4404 2117 4474 jieiendi
2152 4413 2335 4470 erunt,
2364 4404 2509 4473 quod
2543 4419 2654 4458 rem
2676 4403 3088 4456 adeoillieitam-
3104 4404 3470 4470 permiserint.

1899 4495 1969 4560 Ut
2004 4503 2186 4550 autem
2242 4496 2599 4566 perspicuum
2629 4495 2724 4563 sit,
2791 4497 2936 4564 quod
3001 4495 3256 4558 dicimus,
3307 4495 3471 4549 etiam

1900 4589 2018 4658 ipsa
2045 4587 2286 4651 illorum,
2319 4587 2412 4658 qui
2437 4587 2654 4654 cognati
2711 4587 3091 4655 perhibentur,
3127 4588 3472 4656 apponemla

1903 4681 2062 4734 nobis
2091 4679 2336 4733 nomina.
2372 4677 2704 4743 Demetrius,
2739 4678 2913 4740 aiunt,
2945 4686 2998 4731 et
3045 4675 3286 4730 Joannes
3346 4685 3477 4731 sunt

1901 4767 2124 4824 fratres.
2176 4768 2391 4822 Rursus
2448 4769 2578 4821 alia-
2612 4766 2840 4830 familia,
2889 4768 3062 4820 Maria
3099 4761 3476 4831 etiNicolaus,

1901 4859 2122 4916 fratres.
2153 4859 2338 4914 Mariae
2379 4858 2634 4918 Joannes
2666 4857 3158 4927 matrimonii-lege
3201 4858 3475 4929 jungitur.

1902 4948 2001 5003 His
2053 4949 2328 5018 copulatis
2371 4949 2541 5006 frater
2571 4947 2766 5011 .Maria
2825 4946 3118 5014 Nicolaus,
3169 4947 3475 5003 secundum

1896 5038 2256 5093 subtilitatem
2273 5038 2460 5108 juris,
2484 5051 2830 5108 nequaquam
2857 5037 3194 5092 Demetrium
3223 5042 3473 5108 appella-

1895 5129 1975 5184 bit
1991 5144 2356 5185 consocerum
2391 5147 2405 5184 :
2440 5145 2609 5200 quum
2680 5131 2767 5184 lex
2814 5131 2938 5184 illos
2975 5132 3250 5186 duntaxat
3302 5147 3475 5200 agno-

1898 5233 2018 5277 seat
2052 5236 2402 5286 consoeems,
2435 5223 2528 5291 qui
2553 5222 2938 5291 copulatorum
2995 5230 3254 5292 parentes
3313 5231 3466 5287 sunt,

1896 5318 1951 5366 et
1981 5311 2299 5366 eorumdem
2331 5311 2730 5367 adscendentes
2751 5312 2886 5368 :nisi
2911 5315 3038 5382 quis
3065 5312 3204 5367 forte
3233 5328 3473 5368 consue-

1898 5403 2145 5457 tudinem
2174 5403 2321 5473 vulgi
2344 5419 2604 5473 sequens,
2649 5404 2876 5459 nomine
2927 5417 3365 5469 consoccrorum.
3415 5413 3472 5457 et

1903 5496 1958 5549 in
1988 5495 2076 5550 his
2108 5495 2262 5550 abuti
2290 5497 2542 5551 Voluerit.
2574 5495 2689 5551 lloc
2712 5497 2874 5551 modo
2919 5511 3076 5550 cum-
3105 5496 3191 5551 his
3229 5497 3475 5566 appella-

1903 5589 2081 5645 tiones
2105 5590 2409 5662 cognatica:
2445 5589 2726 5654 deficiant,
2757 5589 2978 5659 quinam
3009 5588 3224 5644 vocabit
3272 5589 3473 5660 aliquis

1723 5726 1957 5784 NOTAE.

299 5813 413 5886 (Η)
445 5814 558 5869 lloc
589 5817 856 5884 scriptum
893 5826 1044 5881 nota,
1070 5835 1167 5875 ceu
1204 5820 1360 5877 valde
1409 5820 1780 5876 necessarium
1837 5832 1888 5877 et
1928 5822 2079 5877 utile.

423 5911 696 5971 Ρηιιοι..
748 5910 866 5973 Gtt.
917 5911 1136 5980 CXIX.

3077 5901 3150 5969 35
