3822 6608
406 380 545 445 11199

1715 376 1748 436 Ι
1761 376 1852 436 US
1875 375 2119 437 CANON
2131 375 2318 437 [CUM

3474 395 3577 466 1100

400 516 465 554 rx
493 499 577 554 his
614 491 954 567 prognatos?
1000 490 1135 546 Nam
1165 491 1472 547 Demetrius
1495 490 1712 562 quidem
1737 491 1979 554 Mariam,

2091 489 2274 545 αὐτῶν
2331 490 2529 559 (τίκτει
2573 493 2682 560 γὰρ
2712 491 2740 544 6
2773 491 2870 561 μὲν
2908 491 3226 564 Δημήτριος.
3261 501 3459 575 Μαρὲανο
3487 521 3509 568 ι
3537 521 3576 573 δὲ

398 589 655 645 Nicolaus
683 584 965 640 Plotinum
998 591 1275 654 procreat.
1325 583 1406 636 Au
1447 585 1806 637 c0nsobiinos
1846 585 1985 638 inter

399 683 604 738 sc?An
647 679 831 748 potius
885 674 1190 732 sobrinos?
1240 675 1404 744 Atqui
1457 685 1715 744 parentes
1768 691 1982 738 eorum,

399 788 579 842 neque
599 770 802 824 fratres
832 773 983 831 sunt,
1010 779 1184 834 neque
1209 766 1550 821 consobrini.
1579 763 1717 818 Nutu
1744 765 1976 818 alterum

399 878 678 935 patruum,
713 862 945 915 alterum
991 857 1180 912 fratris
1250 857 1468 911 lilium?
1524 855 1819 910 Ettittlt‘ero‘
1869 855 1981 908 fieri

398 957 614 1026 nequit,
651 963 708 1008 ut
732 951 1005 1023 quispiam
1051 949 1398 1020 COgnaIionis
1445 948 1864 1018 appellationem
1903 949 1984 1003 eis

400 1050 570 1115 lingat
603 1045 685 1099 vel
720 1040 1096 1098 accommodet
1135 1039 1426 1110 nequidem
1469 1039 1517 1094 si
1579 1039 1984 1107 portentuosior

397 1145 468 1196 sit
496 1142 582 1203 iis,
605 1139 697 1209 qui
722 1132 1507 1205 SciudapsosetTragelapltos
1539 1131 1652 1203 (42)
1697 1132 1985 1186 commini-

398 1216 650 1290 scmitur.
673 1230 920 1298 Quorum
947 1243 1077 1283 vero
1104 1225 1530 1298 propinquitatis
1561 1225 1980 1296 appellationem

394 1337 591 1381 natura
626 1339 855 1395 prorsus
887 1322 1131 1392 ignorat,
1165 1321 1240 1376 ita
1267 1328 1326 1374 ut
1375 1334 1445 1375 ne
1497 1321 1703 1374 nudum
1757 1319 1979 1388 quidem

395 1433 592 1472 nomen
623 1417 749 1471 hinc
777 1417 857 1472 eis
884 1414 1180 1480 indiderit;
1207 1427 1302 1468 eos
1329 1421 1452 1484 post
1478 1423 1792 1485 procreatos
1818 1415 1980 1468 etiam

395 1511 596 1565 liberos
620 1526 648 1563 a
679 1524 737 1566 se
763 1509 999 1562 invicem
1030 1507 1298 1563 dirimere
1343 1507 1503 1570 velle,
1567 1519 1631 1560 ac
1696 1505 1982 1560 matrimo-

395 1603 544 1657 nium
575 1618 769 1656 eorum
805 1601 1018 1656 solvere
1073 1615 1175 1655 ceu
1240 1597 1603 1670 prohibitum,
1660 1612 1768 1653 non
1815 1594 1980 1652 modo

394 1711 494 1752 nos
517 1710 615 1766 pro
649 1694 943 1749 abolitione
975 1693 1153 1762 legum
1184 1700 1238 1746 et
1263 1705 1561 1754 eanonum,
1593 1703 1784 1746 verum
1815 1690 1981 1744 etiam

385 1784 494 1859 .p'ro
530 1805 723 1860 magna
755 1789 802 1842 vi
826 1803 889 1842 ac
921 1787 1215 1858 tyrannide
1264 1785 1542 1841 ducimus.
1605 1782 1762 1850 Quod
1787 1783 1832 1837 si
1857 1784 1980 1854 quis

394 1886 532 1936 terte
563 1879 859 1935 ferventior
887 1878 978 1944 sit,
1011 1877 1210 1932 dixerit
1233 1876 1338 1930 hoc
1365 1877 1528 1931 etiam
1558 1873 1982 1930 Manichaeorum

393 1971 588 2027 'tml‘ﬁﬁi
623 1985 745 2026 esse
775 1969 938 2024 afﬁne
965 2010 980 2034 ,
1011 1967 1105 2038 qui
1136 1968 1402 2039 legitimas
1428 1966 1642 2036 nuptias
1673 1965 1876 2037 injuste
1903 1965 1986 2020 di-

389 2064 620 2124 rimunt,
647 2061 790 2114 velut
813 2074 907 2113 cas
938 2058 1345 2113 abominantes.
1387 2056 1600 2128 Quippe
1657 2066 1788 2113 sunt
1833 2055 1985 2127 ejus-

392 2152 513 2207 dem
541 2151 899 2206 absurditatis
933 2149 1117 2215 ambo,
1151 2145 1463 2218 proliibitas
1500 2147 1825 2216 permittere
1870 2163 1979 2203 nu-

386 2246 556 2316 ptias,
581 2255 634 2300 ct
663 2259 771 2299 non
802 2243 1110 2314 proltibitas
1141 2241 1358 2298 solvere
1385 2258 1400 2295 :
1427 2241 1575 2311 quod
1622 2255 1755 2296 sane
1789 2254 1979 2311 parum

389 2340 586 2404 abfuit,
615 2339 913 2409 quominus
951 2342 1006 2392 et
1054 2334 1217 2391 modo
1243 2335 1448 2390 factum
1486 2333 1649 2389 fuerit
1675 2334 1744 2390 ab
1771 2333 1861 2398 iis,
1885 2339 1977 2405 qui

387 2429 653 2499 quidquid
711 2427 847 2500 ipsis
875 2437 960 2482 est
983 2428 1206 2492 ’visunt,
1241 2435 1358 2481 tum
1411 2424 1612 2486 facere,
1650 2433 1764 2480 tum
1795 2427 1979 2483 dicere

391 2520 694 2576 moliuntur
721 2539 735 2576 :
768 2519 872 2575 nisi
907 2518 1210 2590 singularis
1239 2518 1331 2572 illa
1363 2518 1548 2572 cautio
1577 2517 1977 2589 prudentiaque

391 2613 859 2686 perspicacissiml
915 2611 1098 2668 Patris
1155 2611 1355 2678 nostri,
1409 2612 1826 2683 communisque
1878 2613 1976 2668 do-

391 2707 548 2772 mitti,
575 2721 739 2778 quem
787 2707 1008 2761 divinus
1033 2704 1200 2776 plane
1229 2705 1474 2760 calculus
1527 2703 1585 2758 E-
1607 2705 1794 2760 clesiis
1823 2703 1973 2761 orbis

2088 581 2376 648 Νικόλαος,
2401 581 2715 650 Πλωτῖνον),
2749 581 2863 645 πῶς
2903 583 2968 635 ἂν
3019 598 3101 644 τις
3141 587 3363 656 misum;
3397 597 3580 664 Ἐξαδέλ.

2089 690 2226 744 φους
2260 676 2516 746 πρώτους
2563 673 2846 743 ἀλλήλων;
2895 672 3035 727 ἀλλά
3074 663 3463 755 δισεξαδέλφουςξ
3503 695 3580 751 καὶ

2089 767 2197 836 μὴν
2224 766 2271 817 οἱ
2301 766 2574 829 τεκόντες,
2601 763 2725 818 οὔτε
2749 764 2993 833 ἀδελφοὶ,
3019 763 3140 820 οὔτε
3164 769 3428 843 ὲξάδελφοι.
3461 784 3581 840 Ἀλλά

2086 861 2177 911 τὸν
2229 859 2349 929 μὲν,
2387 858 2551 912 θεῖον
2599 859 2690 912 τὸν
2731 859 2808 919 δὲ,
2859 859 3112 928 ἀνεψιόν;
3162 860 3288 917 Ἀλλ’
3313 867 3395 922 οὐκ
3415 871 3466 925 ἂν
3501 879 3579 949 ἔχοι

2085 967 2168 1013 τις
2199 951 2395 1021 κλῆσιν
2423 951 2549 1004 τινά
2593 951 2919 1020 συγγενείας
2954 953 3140 1015 αὐτοῖς
3171 955 3527 1020 ἀναπλάσασθαι
3557 975 3579 1023 ἢ

2091 1019 2431 1112 ἐφαρμόσαι,
2463 1042 2574 1096 ούδ⁹
2599 1019 2730 1114 ἂνῇ
2768 1041 2876 1096 τῶν
2913 1043 3226 1111 σκινδαψοὺς
3256 1047 3286 1117 ἦ
3315 1053 3420 1117 τοὺς
3456 1019 3581 1128 τραγί

2085 1133 2317 1201 ελάφους
2352 1135 2697 1188 πλαττόντων
2729 1135 3213 1206 τερατωδέστερος.
3245 1129 3334 1192 Ὠν
3349 1143 3396 1196 δὲ
3419 1147 3446 1215 ἡ
3467 1136 3582 1216 eam;

2083 1230 2184 1298 τὴν
2228 1231 2292 1282 ὲκ
2337 1229 2662 1297 συγγενείας
2704 1228 2900 1299 κλῆσιν
2930 1229 3066 1293 ὅλως
3109 1230 3348 1301 ἠγνόησε,
3392 1241 3466 1292 καὶ
3499 1245 3583 1298 οὐδὲ

2094 1323 2252 1395 ψιλὸν
2299 1324 2486 1387 αὐτοῖς
2533 1321 2787 1375 ἐντεῦθεν
2841 1321 3167 1392 περιέθηκεν
3210 1324 3378 1395 ὄνομα,
3421 1333 3584 1400 τούτους

2089 1418 2230 1488 μετά
2279 1416 2627 1471 παιδοποιίαν
2663 1413 2914 1486 ἀλλήλων
2965 1414 3257 1485 πειρᾶσθαι
3295 1419 3482 1491 διιστᾷν,
3520 1431 3585 1480 καὶ

2084 1510 2234 1564 λύειν
2259 1510 2335 1576 ὡς
2358 1509 2741 1581 κεκωλυμένον
2771 1507 2830 1560 τὸ
2855 1506 3210 1573 συνοικέσιον,
3235 1509 3326 1562 οὐκ
3351 1512 3585 1586 ἀθετήσεως

2083 1603 2272 1675 νόμων
2309 1620 2368 1656 τε
2400 1603 2494 1656 καὶ
2532 1602 2780 1656 κανόνων
2819 1599 2975 1654 αὐτοὶ
3005 1599 3263 1670 τιθέμεθα
3306 1603 3458 1671 μόνον,
3491 1609 3586 1663 ἀλλὰ

2082 1695 2180 1750 καὶ
2228 1694 2351 1765 βίας
2377 1677 2665 1766 μεγάλης,
2713 1695 2810 1746 καὶ
2851 1691 3188 1764 τυραννίδος.
3240 1695 3523 1769 θερμότερος
3554 1701 3585 1755 δ’

2081 1789 2150 1844 ἄν
2193 1805 2277 1852 τις
2321 1783 2465 1853 εἷπε,
2497 1787 2592 1841 καὶ
2634 1787 2734 1856 τῆς
2779 1784 3104 1856 Μανιχαίων
3160 1787 3453 1856 παραψαῦον
3478 1793 3586 1861 cipi-

2093 1897 2251 1945 σεως’
2268 1881 2317 1935 οἶ
2343 1883 2470 1943 τοῦς
2498 1879 2764 1950 νομίμους
2786 1876 3001 1947 ἀνόμως
3025 1876 3291 1930 διασπῶσι
3324 1880 3516 1949 γάμους,
3535 1885 3586 1946 ὡς

2089 1971 2527 2043 βδελυσσόμενοι.
2575 1967 2731 2021 Ἐπεὶ
2758 1967 2852 2020 καὶ
2885 1965 2985 2037 τῆς
3015 1965 3190 2036 αὐτῆς
3221 1969 3423 2032 ἀτοπίας
3457 1974 3590 2041 diieci-

2090 2082 2249 2136 τερα,
2279 2064 2583 2142 συγχωρεῖν
2614 2077 2673 2112 τε
2696 2059 2910 2130 γάμους
2940 2057 3362 2128 κεκωλυμένους,
3389 2064 3464 2114 καὶ
3485 2063 3592 2119 λύειν

2083 2157 2208 2221 τοὺς
2237 2154 2576 2216 ἀκωλύτους.
2603 2152 2784 2221 Ὅπερ
2815 2149 2882 2203 ἂν
2916 2149 3011 2202 καὶ
3039 2148 3138 2201 νῦν
3164 2149 3429 2221 παρολίγον
3466 2156 3591 2224 ἐπρά.

2083 2249 2187 2320 χθη
2227 2247 2322 2303 καὶ
2350 2243 2613 2316 διηνύσθη
2638 2244 2752 2307 τοῖς
2780 2242 2890 2295 πᾶν
2917 2241 2978 2294 τὸ
3003 2240 3200 2295 δοκοῦν
3245 2243 3331 2295 καὶ
3360 2246 3502 2298 ποιεῖν
3525 2249 3591 2299 καί

2081 2342 2262 2411 λέγειν
2302 2335 2742 2410 μηχανωμένοις·
2783 2335 2832 2387 εί
2867 2333 2942 2403 μὴ
2993 2333 3055 2386 τὸ
3084 2333 3224 2402 ἄγαν
3256 2335 3594 2407 πεφυλαγμένον

2079 2451 2138 2489 τε
2170 2434 2263 2487 καὶ
2313 2432 2571 2502 ἀγχίνουν
2615 2427 2711 2482 τοῦ
2762 2424 3226 2496 διορατικωτάτου
3263 2428 3449 2500 Πατρός
3479 2431 3594 2501 ἡμῶν

2084 2525 2182 2579 καὶ
2216 2523 2399 2578 κοινοῦ
2442 2521 2725 2583 δεσπότου,
2762 2519 2823 2572 δν
2852 2517 3032 2588 ψῆφος
3087 2517 3343 2587 ἐμφανῶς
3376 2519 3477 2573 Θεία
3508 2522 3595 2585 ταῖς

2076 2616 2178 2686 τῆς
2203 2616 2532 2688 οἰκουμένης
2576 2607 2927 2683 Ἐκκλησίαις
2965 2605 3054 2660 ἐπ’
3085 2607 3372 2662 ἀνανεώσει
3410 2610 3498 2662 τῶν
3533 2611 3586 2663 ίε-

2090 2707 2200 2778 ρῶν
2229 2706 2447 2778 θεσμῶν
2469 2703 2563 2760 καὶ
2591 2702 2835 2758 κανόνων
2858 2698 3159 2772 ἐπέστησε,
3193 2699 3423 2773 συνοδικῇ
3445 2699 3588 2757 διασκὲ

390 2815 663 2855 terrarum
695 2798 762 2854 ad
793 2799 1251 2856 instaurationem
1277 2811 1557 2852 sacrarunt
1599 2797 1776 2869 legunt
1805 2805 1972 2868 atque

2082 2797 2166 2869 ψει
2203 2799 2264 2852 τὸ
2294 2800 2525 2870 πρᾶγμα
2553 2793 2796 2852 ἀνέθετο.

387 2907 661 2949 canonuut
690 2892 956 2964 praefecit,
996 2892 1063 2948 ad
1123 2893 1440 2964 synodicam
1493 2892 1942 2950 deliberationem
1988 2896 2262 2965 negotium
2290 2895 2588 2951 retulisset.

457 2987 696 3054 Ateuim,
721 2985 899 3056 inquit
929 2985 1304 3051 adversarius,
1372 2986 1460 3042 hic
1481 2987 1788 3043 avunculus
1842 2987 1984 3042 anti-

389 3091 496 3134 tam
537 3082 752 3135 ducere.
769 3079 1253 3150 deprehenditur;
1293 3087 1347 3134 et
1381 3078 1574 3136 fratris
1604 3080 1774 3144 filius,
1800 3080 1984 3138 fratris

2175 2988 2339 3042 Ἀλλά
2373 2988 2538 3056 θεῖος,
2581 2991 2771 3060 φησὶν,
2812 2989 3050 3048 ἐνταῦθα
3075 2991 3231 3047 θείαν
3258 2991 3516 3065 λαμϐάνων
3533 2990 3601 3044 εὕ-

2092 3080 2341 3152 ρίσκεται
2368 3122 2383 3145 ,
2419 3083 2518 3136 καὶ
2552 3083 2770 3154 ἀνεψιὸς
2800 3085 3054 3157 ἀνεψιάν.
3104 3085 3385 3141 Ἐντεῦθεν
3417 3085 3507 3158 γὰρ
3540 3083 3608 3138 καὶ

387 3173 577 3228 filiam.
607 3172 854 3229 Nanthis
906 3172 1091 3228 verbis
1139 3172 1438 3239 auditores,
1507 3184 1596 3227 aut
1640 3172 1877 3242 judiccs,
1924 3188 1979 3230 se

2089 3173 2558 3245 παραλογίζεσθαι
2589 3177 2715 3242 τοὺς
2755 3180 3035 3252 ἀκροατὰς
3079 3179 3116 3251 ἢ
3153 3178 3406 3242 δικαστὰς
3431 3177 3606 3242 οἴονται,

384 3263 904 3334 circuntscriptttros
975 3269 1210 3334 putant:
1241 3262 1335 3333 qui
1391 3277 1466 3317 an
1521 3263 1838 3318 dialecticas
1865 3278 1980 3319 tne-

386 3357 585 3412 tliodos
606 3365 773 3427 atque
817 3356 1184 3427 sophismata,
1218 3357 1302 3412 vel
1331 3357 1667 3428 simpliciter
1703 3357 1852 3428 ipsas
1881 3357 1978 3412 de-

386 3452 686 3518 finitiones,
737 3462 792 3508 ct
846 3451 1269 3524 propositiones,
1331 3461 1385 3508 et
1435 3468 1556 3522 quae
1614 3450 1981 3506 conﬁciuntur

385 3545 514 3601 inde
537 3546 940 3610 conclusiones,
961 3547 1195 3600 calleant
1215 3561 1230 3610 ;
1247 3544 1428 3600 dicere
1450 3560 1556 3598 non
1582 3559 1898 3614 possumus.
1921 3542 1978 3597 In

387 3651 446 3690 re
469 3637 689 3706 quidem
726 3636 984 3707 pra-senti
1045 3636 1400 3692 vehementer
1452 3636 1814 3705 scpbismatis
1875 3649 1974 3690 nos

386 3713 790 3784 circumvenire
843 3728 1112 3783 nituntur.
1151 3728 1491 3791 Avunculus,
1551 3729 1983 3798 inquiunt,auti-

387 3833 496 3877 Iani
527 3823 706 3890 duxit,
763 3819 1005 3880 Joannes
1061 3822 1277 3878 scilicet
1335 3820 1582 3888 Mariam,
1641 3837 1764 3892 quae
1812 3823 1978 3877 amita

386 3915 609 3986 proprie
637 3912 838 3969 Plotini
865 3922 970 3979 est,
997 3920 1278 3985 tamquam
1313 3912 1410 3968 lilii
1441 3911 1626 3969 fratris
1653 3915 1796 3979 ejus.
1819 3911 1977 3979 Quod

386 4010 560 4076 ipsum
589 4008 853 4063 continuo
905 4006 1051 4079 apud
1108 4021 1212 4062 nos
1261 4007 1429 4062 etiam
1499 4013 1586 4061 est
1634 4005 1973 4061 excusabile.

387 4099 494 4154 Sd
561 4111 616 4155 et
655 4099 843 4156 fratris
883 4099 1051 4164 filius,
1107 4098 1296 4153 fratris
1348 4097 1505 4153 duxit
1557 4097 1720 4151 ﬁliam
1753 4094 1980 4150 :Mariae

383 4192 599 4247 scilicet
648 4191 834 4247 fratris
885 4191 1049 4257 filius,
1079 4188 1381 4245 Plotinus:
1441 4196 1498 4243 at
1562 4187 1724 4256 cujus
1792 4187 1978 4243 fratris

387 4286 551 4340 tiliam
576 4285 600 4338 ?
628 4285 672 4340 si
697 4284 918 4354 quidem
947 4282 1198 4353 ejusdem
1232 4280 1436 4347 Mariae,
1469 4279 1634 4337 fuerit
1663 4281 1767 4336 hoc
1796 4289 1978 4335 extre-

387 4394 473 4433 me
528 4379 850 4440 absurdum,
907 4388 956 4432 et
1012 4375 1318 4430 canonibus
1393 4373 1568 4430 aacris
1619 4372 1975 4444 prohibitum.

391 4472 601 4540 Quippe
622 4485 776 4525 suam
801 4468 1186 4524 consobrinam
1213 4467 1436 4527 ducere,
1461 4465 1620 4522 nobis
1641 4467 1804 4520 etiam
1834 4465 1979 4519 mul-

2082 3269 2266 3337 εἰμὲν
2295 3271 2390 3322 καί⁸
2430 3269 2790 3326 διαλεκτικῶν
2839 3271 3105 3342 μεθόδων,
3156 3271 3252 3326 καὶ
3297 3270 3612 3342 σοφισμάτων,

2079 3361 2113 3431 ἢ
2146 3361 2254 3415 τῶν
2284 3362 2473 3426 ἁπλῶς
2511 3365 2654 3436 ὅρων
2696 3381 2781 3429 τε,
2827 3366 2922 3420 καὶ
2951 3367 3298 3438 προτάσεων,
3343 3365 3428 3419 καὶ
3452 3364 3540 3418 τῶν
3563 3364 3610 3414 ἑκ

2079 3457 2284 3511 τούτων
2347 3461 2835 3530 συμπερασμάτων
2905 3461 3062 3526 ὄντες
3120 3460 3423 3531 εἰδήμονες,
3478 3457 3614 3523 λέγειν

2079 3550 2180 3603 οὑκ
2209 3551 2388 3619 ἴσμεν·
2417 3549 2512 3604 ἐπὶ
2546 3550 2643 3604 τοῦ
2684 3552 2957 3622 παρόντος
2990 3552 3130 3617 γοῦν
3164 3552 3316 3622 ὅμως
3345 3553 3432 3605 καὶ
3457 3549 3612 3617 σφόδρι

2079 3643 2540 3712 καταίσοφίζεσθαι
2573 3643 2912 3709 σπεύδοντες.
2946 3643 3102 3707 Θείος
3127 3644 3242 3716 γὰρ
3261 3644 3458 3713 εἰλήφει
3483 3640 3617 3707 θείαν,

2079 3733 2267 3805 φησίνι
2303 3735 2331 3788 ὁ
2386 3734 2640 3806 Ἰωάννης
2669 3735 2872 3806 δηλαδὴ
2921 3735 3023 3808 τὴν
3055 3737 3307 3808 Μαρίαν,
3338 3735 3431 3805 τὴν
3455 3733 3615 3802 κυρίως

2077 3824 2172 3878 τοῦ
2203 3824 2476 3878 Πλωτίνου
2507 3824 2679 3888 θείαν,
2735 3825 2812 3890 ὡς
2855 3826 3277 3895 ἀδελφόπαιδος.
3309 3827 3376 3879 Ὃ
3409 3825 3493 3879 καὶ
3522 3839 3606 3892 παρ

2076 3919 2212 3990 ἡμῖν
2255 3916 2485 3972 αὐτόθεν
2515 3917 2875 3988 ἀνέγκλητον.
2919 3917 3084 3972 Ἀλλὰ
3135 3919 3236 3973 καὶ
3266 3916 3494 3988 ἀνεψιὸς,
3521 3915 3617 3966 am.

2075 4010 2228 4080 ψιάνο
2277 4011 2308 4063 ό
2353 4010 2456 4080 τῆς
2502 4009 2725 4082 Μαρίας
2763 4011 2983 4081 ἀνεψιὸς
3028 4010 3308 4080 δηλονότι,
3369 4006 3612 4067 Πλωτῑνος·

2077 4102 2304 4172 ἀνεψιὰν
2329 4101 2386 4157 δὲ
2408 4102 2552 4165 τίνος
2573 4119 2590 4168 ;
2611 4101 2674 4156 Εἰ
2701 4101 2801 4172 μὲν
2828 4103 2926 4172 τῆς
2953 4101 3130 4172 αὐτῆς
3155 4103 3397 4172 Μαρίας.
3425 4098 3621 4168 ἐσχάτως

2079 4194 2300 4258 ἄτοπον,
2352 4192 2449 4247 καὶ
2498 4193 2690 4247 κανόσι
2732 4191 2900 4255 θείοις
2954 4192 3367 4263 κεκωλυμένον.
3411 4191 3510 4261 Τὴν
3551 4189 3622 4255 γὰρ

2081 4288 2216 4341 ίδίαν
2266 4286 2568 4356 ἑξαδέλφην
2599 4286 2926 4356 λαμϐάνειν,
2980 4287 3078 4340 καὶ
3118 4287 3260 4356 ἡμῖν
3288 4283 3460 4353 πολλῷ
3501 4280 3621 4332 πλέον

2077 4379 2361 4448 ἐξάγιστον
2385 4380 2476 4432 καὶ
2503 4378 2832 4448 ἀπόϐλητον,
2856 4378 2949 4430 καὶ
2977 4378 3164 4448 πάσης
3192 4375 3459 4449 κολάσεως
3486 4365 3619 4432 ἄξιον.

2081 4474 2142 4526 Εἰ
2167 4473 2224 4526 δὲ
2253 4471 2348 4526 τοῦ
2382 4471 2630 4525 Ἰωάννου
2656 4471 2751 4525 τοῦ
2799 4473 2867 4542 τῇ
2915 4469 3110 4541 Μαρίᾳ
3143 4466 3539 4536 συζευχθέντος,
3561 4458 3626 4518 τίς

389 4574 444 4613 to
484 4562 658 4631 magis
708 4559 1044 4615 exsecrabile
1091 4555 1866 4628 daumanduntque—videtur,
1925 4571 1979 4618 et

2087 4564 2116 4616 6
2143 4563 2300 4616 τοῦτο
2331 4561 2556 4616 κωλύων
2586 4562 2792 4629 κανὼν,
2820 4561 2853 4632 ἢ
2878 4561 3064 4630 νόμος,
3095 4561 3130 4630 ἡ
3158 4559 3331 4630 τόμος
3363 4550 3626 4612 συνοδικάςῖ

383 4653 534 4708 oiuni
567 4652 792 4722 dignum
824 4651 1119 4722 supplicio.
1167 4650 1263 4705 Sin
1303 4649 1460 4704 duxit
1487 4662 1630 4714 eam,
1683 4662 1805 4718 qua:
1856 4648 1970 4702 Na-

384 4760 480 4799 ra:
512 4746 715 4800 marito
743 4741 940 4800 Joanni
973 4743 1163 4799 fratris
1191 4749 1276 4796 est
1305 4740 1438 4803 filia,
1469 4741 1596 4810 quis
1648 4739 1751 4796 hoc
1788 4740 1975 4810 probi—
2001 4739 2014 4748 “

385 4839 476 4892 hct
527 4850 728 4898 canon,
755 4846 850 4891 aut
884 4837 991 4903 lex,
1030 4844 1127 4889 aut
1175 4841 1357 4889 tomus
1403 4833 1732 4903 synodalis?
1785 4831 1974 4887 Enim-

386 4944 514 4986 vero
565 4931 655 4985 hic
681 4931 948 5001 reliquum
990 4937 1076 4983 est
1101 4925 1183 4982 eis
1205 4926 1506 4997 sophisma,
1536 4926 1838 4996 vitiumque
1863 4941 1973 4980 non

383 5023 778 5078 cohazrcntium
815 5021 1285 5094 syllogismorum,
1347 5015 1420 5075 et'
1461 5033 1695 5088 magnus
1749 5032 1976 5089 quoque

384 5120 624 5176 Basilius
649 5120 702 5174 iu
739 5117 980 5173 medium
1015 5114 1336 5184 productus,
1389 5113 1710 5184 passimque
1746 5113 1970 5176 citatus,

386 5228 450 5264 ac
487 5209 743 5280 imperita
776 5204 1234 5276 interpretatione
1281 5211 1578 5273 corruptus
1609 5220 1623 5256 :
1658 5201 1789 5257 dum
1849 5214 1974 5270 quae

385 5307 456 5360 ab
483 5306 605 5376 ipso
639 5303 708 5358 de
739 5301 865 5355 aliis
889 5297 1183 5354 adinodum
1207 5295 1620 5351 accommodate
1649 5294 1793 5348 dicta
1816 5299 1972 5356 sunt,

383 5397 438 5452 lii
462 5398 528 5450 ad
560 5394 830 5450 iudicatas
863 5404 1126 5460 personas
1161 5389 1380 5442 trahere
1401 5393 1680 5454 satagunt.
1703 5383 1972 5439 Praeterea

383 5503 478 5559 per
499 5486 628 5542 illud
658 5485 826 5539 etiam
851 5483 1076 5546 dictum,
1101 5480 1276 5536 Erunt
1295 5479 1402 5533 duo
1426 5476 1482 5531 in
1508 5491 1729 5532 carnem
1759 5489 1922 5529 unam
1959 5491 1976 5540 ;

2095 4653 2239 4709 Ἀλλ’
2291 4653 2530 4708 ἐνταῦθα
2567 4653 2754 4706 λοιπὸν
2805 4653 2991 4716 αὐτοῖς
3024 4651 3121 4705 καὶ
3159 4650 3224 4704 τὸ
3266 4650 3516 4716 σόφισμα,
3559 4641 3630 4693 καὶ

2082 4747 2152 4801 τὰ
2175 4747 2285 4816 τῷν
2315 4745 2714 4814 ἀσυλλογίστων
2744 4743 3148 4816 συλλογισμῶν,
3185 4741 3333 4795 καὶὸ
3367 4741 3524 4811 μέγας
3549 4733 3631 4786 Ba-

2085 4839 2282 4901 σίλειος
2315 4839 2396 4901 εἰς
2425 4838 2590 4907 μέσον
2634 4836 2926 4907 ἀγόμενος,
2964 4837 3060 4890 καὶ
3091 4833 3537 4906 περιφερόμενος,
3562 4824 3632 4876 καὶ

2080 4928 2311 5001 ἀμαθῶς
2373 4929 2952 5001 παρερμηνευόμενος·
3029 4928 3102 4981 τὰ
3153 4928 3246 4996 ἐφ’
3309 4926 3504 4994 ἐτέρων
3560 4911 3629 4967 ὑπ’

2075 5023 2287 5077 ἐκείνου
2331 5021 2476 5092 μάλα
2515 5021 2845 5092 προσφόρως
2897 5019 3296 5090 ὲκφωνηθέντε
3336 5014 3489 5084 ῥητὰ,
3535 5010 3632 5074 σφό-

2076 5110 2179 5182 δρα
2203 5109 2412 5163 τούτων
2450 5110 2545 5164 ἐπὶ
2571 5111 2638 5163 τά
2667 5109 2936 5180 εἰρημένα
2962 5105 3350 5162 καθελκόντων
3382 5104 3629 5170 πρόσωπα·

2077 5200 2209 5270 παρ’
2236 5198 2266 5252 δ
2292 5200 2386 5254 καὶ
2415 5199 2503 5254 διὰ
2533 5197 2652 5263 τοῦ,
2691 5200 2948 5252 Ἔσονται
2978 5196 3030 5248 oi
3050 5195 3147 5248 ’δύο
3183 5195 3268 5256 είς
3313 5192 3488 5263 σάρκα
3517 5190 3633 5258 μίαν,

2079 5293 2220 5347 θεῖον
2264 5293 2703 5363 ⁴ἢναγκασμεένως
2756 5292 2849 5344 τοῦ
2915 5287 3194 5342 Πλωτίνου
3261 5286 3356 5338 τὸν
3422 5283 3632 5348 Ἰωάννην

2082 5387 2456 5456 κυριολεκτείν
2507 5380 2655 5439 οὗτοι
2687 5380 3158 5454 ἀποθρασύνονται
3184 5419 3201 5442 ,
3245 5377 3308 5432 ὃν
3347 5379 3412 5429 ἐκ
3446 5375 3636 5438 πλαγίον

2085 5472 2402 5544 ἀγχιστείας
2451 5473 2640 5544 τρόπῳ
2695 5471 2773 5542 τῷ
2806 5469 2900 5524 τοῦ
2938 5469 3218 5523 Πλωτίνου
3272 5469 3424 5535 γένει
3457 5467 3633 5517 οἰκειω‹

385 5553 892 5650 audentjactitare,
951 5573 1218 5630 Joannem
1277 5586 1339 5626 se
1398 5569 1716 5626 necessario
1769 5566 1973 5622 Plotini

2085 5566 2268 5630 θέντα,
2298 5565 2474 5629 οὐδεὶς
2524 5563 2741 5618 οὐδέπω
2787 5562 2951 5634 νόμος
2991 5561 3134 5614 θεῖον
3176 5559 3356 5614 αὐτοῦ
3390 5553 3637 5627 ὀνομάζων

1995 5742 2228 5801 NOTAE.

457 5854 569 5924 (ιέ)
601 5853 672 5912 De
703 5853 789 5910 bis
841 5850 990 5908 Elias
1023 5846 1306 5907 Cretensis
1336 5847 1389 5903 in
1421 5852 1719 5904 comment.
1758 5843 1813 5899 in
1845 5839 2272 5898 Nazianzennm.
