3948 6576
235 384 372 450 1101

1517 371 2223 465 ϐΒᾸΞΠΟ-ΒΟΜΑΝΗΜ.

3345 410 3478 478 1102

227 497 525 553 δείκνυται.
561 498 634 553 Τὸ
659 498 714 554 δὲ
747 502 811 555 ὲκ
839 503 938 575 τῆς
973 503 1067 559 τοῦ
1107 503 1406 562 ἀκολούθου
1455 508 1716 582 εἰσφορᾶς
1745 511 1791 564 τί

1907 516 2238 570 avunculum
2279 518 2496 589 proprie
2535 519 2807 591 loquendo
2855 523 3172 596 appellare:
3205 540 3366 600 quem
3405 545 3477 587 ex

230 591 506 661 σιωπηθὲν
533 591 971 663 συλλογίζεσθαι,
1018 597 1142 652 κατ’
1169 599 1334 657 αὐτὸν
1373 600 1540 673 φάναι
1572 604 1661 656 τὸν
1685 604 1805 659 θεο-

228 689 496 753 φάντορα,
527 685 946 756 νομοθετοῦντός
980 690 1150 760 ἐστιν,
1185 691 1246 746 ού
1278 692 1346 748 τὰ
1383 693 1476 749 τοῦ
1521 695 1686 767 νόμου
1720 697 1808 751 λέ-

226 792 438 843 γοντος.

1297 1022 1338 1056 ἱ

309 1106 470 1161 Ἐπεὶ
509 1108 652 1163 οὕτω
698 1126 761 1180 γε
805 1111 1022 1178 ἐξέσται
1055 1115 1134 1186 τῷ
1167 1117 1566 1190 πονηρεύεσθαι
1614 1122 1802 1193 βουλο-

224 1197 398 1271 μένῳ,
447 1200 542 1255 καὶ
589 1202 681 1255 ἐπὶ
719 1205 845 1267 τοὺς
879 1203 962 1259 ἔτι
998 1207 1330 1280 πορρωτέρω
1367 1209 1461 1264 τοῦ
1489 1213 1678 1281 γένους
1710 1215 1802 1269 τὸν

222 1289 388 1358 λόγον
431 1292 708 1355 ἐκτείνειν,
763 1295 855 1348 καὶ
895 1297 1063 1380 πᾶσιν
1105 1299 1419 1356 ἀποκλείειν
1466 1304 1661 1378 ἐπίσης
1703 1308 1802 1380 τὴν

223 1385 370 1454 πρὸς
419 1385 680 1457 ἀλλήλους
721 1389 964 1464 γαμικὴν
1013 1374 1254 1463 δμιλίαν,
1283 1394 1371 1449 διὰ
1415 1397 1514 1469 τῆς
1562 1374 1801 1472 παρατε-

223 1481 472 1547 ταμένης
493 1478 695 1550 ταύτης
716 1483 1022 1551 ἀπεράντου
1061 1488 1250 1558 σειρᾶς
1279 1487 1312 1560 ἢ
1343 1489 1628 1562 κλίμακος,
1656 1489 1719 1547 οὗ
1747 1494 1802 1549 τί

220 1569 427 1636 γένοιτ’
451 1570 518 1624 ἀν
545 1570 903 1643 ἀδικώτερονς
936 1575 1194 1646 Καίτοιγε
1224 1579 1319 1634 ἐπὶ
1345 1581 1491 1638 τέλει
1518 1584 1613 1639 τοῦ
1637 1586 1800 1642 αὑτοῦ

221 1661 442 1731 Πατρὸς
469 1665 583 1728 τοῖς
620 1665 872 1736 νομίμοις
898 1667 1098 1739 γάμοις
1129 1671 1391 1726 πλατεῖαν
1427 1675 1546 1731 ὁδὸν
1579 1678 1803 1734 ὑπανοί-

220 1768 437 1819 γοντος,
479 1755 576 1808 καὶ
604 1757 790 1825 σαφῶς
825 1760 919 1814 ὲπὶ
945 1760 1103 1816 τοῦτο
1133 1767 1600 1839 προτρεπομένου.
1645 1769 1800 1826 Ἐπι-

217 1844 380 1913 φέρει
411 1846 540 1914 γάρ’
566 1848 944 1919 Κεφάλαιονᾶ
969 1854 1079 1908 τῶν
1099 1855 1426 1929 είρημένων,
1457 1862 1504 1915 εί
1524 1863 1624 1933 μὲν
1649 1864 1800 1936 νόμῳ
1831 1888 1876 1945 Β

216 1952 304 1997 τις
320 1937 559 2006 ὁρμᾶται
596 1940 748 2010 πρὸς·
765 1943 965 2014 γάμον,
992 1946 1240 2018 ἦνοικται
1265 1949 1437 2023 τούτῳ
1465 1955 1618 2009 πᾶσα
1654 1956 1688 2028 ἡ
1719 1958 1798 2011 oi-

217 2044 322 2082 κου
332 2033 493 2100 μένη.
527 2033 593 2085 Τί
617 2032 663 2086 δ’
686 2035 1056 2108 ἐννομώτερον
1069 2039 1300 2108 ἐκείνου,
1313 2040 1342 2096 δ
1359 2043 1498 2114 μήτε
1518 2045 1684 2118 νόμος
1703 2066 1800 2104 πο·

216 2121 450 2189 λιτικδς,
469 2125 604 2194 μήτε
624 2126 805 2182 κανὼν
826 2130 968 2202 ίερδς
994 2133 1382 2206 ἀπαγορεύσας
1398 2135 1502 2194 που
1525 2143 1798 2212 φαίνεται,

215 2216 269 2268 εί
303 2217 380 2288 μὴ
409 2219 506 2271 καὶ
545 2220 725 2291 ῥητῶς
765 2217 923 2286 αὖθις
949 2224 1296 2298 ἐπέτρεψανς
1339 2232 1604 2308 Ἐπείπερ
1637 2237 1699 2294 ού
1729 2239 1799 2294 τὰ

220 2311 694 2398 συγκεχωρημένα
710 2314 1140 2386 περιλαμϐάνειν
1165 2320 1368 2376 οῐδασιν
1383 2325 1434 2379 οί
1451 2329 1800 2398 περὶτούτων

219 2396 698 2494 θεσμοθετῶντες,
738 2403 880 2460 ἀλλά
913 2407 1051 2476 μόνα
1091 2408 1160 2464 τά
1189 2396 1544 2486 κεκωλυμένα
1592 2420 1799 2494 ἀπαρι-

217 2489 500 2558 θμεῖσθαι,
531 2495 624 2546 καὶ
647 2487 723 2548 ὧν
752 2497 786 2567 ή
821 2497 1134 2570 παράϐασις
1163 2505 1429 2578 μεγίστην
1456 2505 1561 2566 οῐδε
1591 2487 1799 2587 βλάϐην

217 2581 540 2637 ἀποτίκτειν
587 2589 700 2650 τοῖς
753 2591 1196 2660 περιπίπτουσιν.
1243 2597 1454 2673 Ὥσπερ
1498 2581 1602 2658 καὶ*
1638 2608 1691 2662 εί
1715 2581 1796 2674 τις

219 2676 408 2744 ίατρξς
448 2675 528 2748 τῷ
564 2678 828 2749 κάμνοντι
858 2682 1244 2756 ἀπαγορεύσας
1285 2689 1353 2745 τὰ
1383 2691 1708 2765 βλάπτοντα,
1735 2702 1794 2755 ού

218 2767 441 2831 πάντως
492 2769 738 2840 ἀνάγκην
782 2773 894 2844 ἔχει
934 2775 1033 2861 ικαὶ
1086 2780 1411 2851 καταλέγειν
1466 2787 1571 2842 ἀνά
1629 2793 1795 2864 μέρος

214 2858 436 2958 ἅπαντα
456 2863 524 2915 τὰ
546 2866 611 2935 τῇ
632 2864 791 2933 φύσει
825 2858 990 2937 μηδὲν
1023 2870 1420 2946 λυμαινόμενα.
1457 2858 1796 2958 Ἀλλάδεύρο

213 2951 405 3006 λοιπὸν
443 2954 471 3007 ὁ
503 2954 573 3007 τὰ
609 2955 728 3010 θεῖα
777 2960 1277 3034 παρεξηγούμενος,
1312 2969 1452 3026 αύτᾶ
1497 2975 1634 3045 πρὸς
1666 2951 1796 3044 ἔπος

211 3042 638 3115 διερμηνεύθητι
670 3045 738 3100 τά
765 3047 867 3117 τῆς
911 3052 1203 3124 ἐπιστολῆς
1231 3056 1324 3110 τοῦ
1359 3042 1594 3128 μεγάλου
1627 3042 1794 3136 ρήτοέ

215 3153 332 3206 ρος,
375 3140 441 3208 τῇ
485 3137 694 3212 διανοίᾳ
739 3145 833 3195 καὶ
877 3143 954 3214 τῷ
994 3146 1182 3220 σκοπῷ
1215 3151 1324 3203 τῶν
1356 3151 1664 3225 λεγομένων
1703 3158 1794 3214 τὸν

210 3229 340 3282 νοῦν
384 3230 600 3301 πρῶτον
630 3234 867 3305 ἐρείσας.
896 3238 1006 3292 Καὶ
1038 3243 1221 3313 σαυτῷ
1255 3247 1392 3316 τάχα
1440 3251 1569 3303 ποτὲ
1602 3252 1791 3326 μέμψῃ

208 3321 311 3390 τῆς
339 3325 687 3393 προπετείας.
736 3328 887 3383 Ἐπεὶ
922 3332 1015 3384 καὶ
1047 3336 1244 3401 κανὼν,
1269 3339 1344 3400 ὼς
1365 3336 1539 3409 οἶσθα,
1570 3347 1792 3415 νομικός

207 3411 384 3477 ἐστιν,
431 3414 520 3466 ἐπ’
566 3417 792 3471 ἐκείνων
847 3421 1024 3489 μόνων
1078 3423 1178 3489 τὰς
1219 3427 1329 3481 τῶν
1381 3431 1563 3498 νόμων
1615 3411 1793 3501 θέσεις

176 3563 181 3566 _
210 3502 442 3574 ἰσχύειν,
470 3506 556 3575 ἐφ’
582 3502 657 3561 ὧν
676 3511 768 3562 καὶ
791 3510 1235 3586 ὲξεφωνήθησαν.
1265 3520 1402 3575 Καθ’
1431 3523 1490 3576 ὃν
1513 3523 1670 3594 λόγον
1696 3529 1791 3582 καὶ

206 3597 320 3656 πᾶς
346 3599 569 3668 νομικὶς
599 3601 780 3656 κανὼν
808 3605 946 3675 πρὸς
974 3611 1088 3672 τοῖς
1111 3609 1293 3675 ἄλλοις
1321 3615 1517 3686 σαθρὸς
1543 3614 1681 3672 εἷναι
1712 3619 1793 3675 λέ-

203 3707 393 3757 γεται.
425 3692 587 3745 Ὅθεν
611 3695 804 3765 ἀμέλει
834 3697 936 3752 κᾶν
969 3700 1148 3756 ὁτιοῦν
1177 3705 1423 3774 γένηται,
1460 3709 1544 3763 ἐπ’
1566 3712 1790 3767 ἐκείνων

205 3785 433 3846 πάντως
463 3788 731 3858 κρατήσει
779 3791 876 3844 καὶ
908 3791 975 3846 τά
1027 3793 1133 3848 ὑπὸ
1158 3796 1252 3851 τοῦ
1299 3800 1595 3871 θεολήπτου
1633 3806 1788 3860 τοῦδε

202 3871 631 3945 διηγορευμένα,
661 3881 745 3950 ἐφ’
779 3874 854 3936 ὧν
879 3884 1004 3937 τότε
1031 3885 1316 3960 ἐξηνέχθη.
1350 3892 1518 3961 Δῆλον
1541 3895 1620 3961 δὲ,
1645 3897 1786 3951 ὥστε

206 3965 285 4032 μὴ
316 3965 413 4018 δύο
437 3967 693 4036 ἀδελφαῖς
720 3971 816 4026 ἕνα
846 3975 940 4028 καὶ
963 3976 1054 4029 τὸν
1096 3979 1260 4034 αὑτὸν
1284 3981 1452 4054 ἄνδρα
1489 3985 1655 4056 γάμῳ
1685 3989 1786 4058 ἁρ-

205 4059 494 4127 μόζεσθαιο
511 4062 699 4136 ὥσπερ
717 4063 783 4120 αὖ
807 4068 970 4122 πάλιν
1000 4072 1094 4124 καὶ
1125 4073 1192 4126 τὰ
1215 4074 1322 4129 ἀπὸ
1346 4077 1500 4131 τοῦδε
1529 4079 1608 4151 τῷ
1636 4081 1785 4152 τὸμῳ

203 4153 624 4222 μεταληφθέντα
643 4199 656 4220 ,
688 4161 745 4211 ἐν
779 4161 1006 4222 ἐκείνοις
1036 4162 1146 4228 ἔξει
1175 4165 1235 4219 τὸ
1277 4169 1497 4238 κράτος,
1531 4175 1612 4235 εἰς
1642 4173 1786 4244 ἅπερ

203 4241 338 4311 ἔστη
383 4246 444 4298 τὸ
494 4248 845 4322 ἀποτέλεσμα
904 4254 1020 4320 τοῦ,
1064 4258 1202 4329 μήτε
1247 4259 1341 4314 δύο
1375 4263 1638 4332 ἀδελφοὺς
1692 4241 1786 4321 δύο

201 4332 504 4429 ὲξαδέλφας
549 4341 869 4413 λαμϐάνειν,
914 4350 1050 4420 μήτε
1087 4351 1228 4406 θεῖον
1259 4357 1352 4409 καὶ
1381 4357 1599 4429 ἀνεψιδν
1631 4361 1785 4415 ἀδελ-

201 4428 315 4492 φὰς
339 4425 454 4479 δύο·
487 4432 580 4484 καὶ
619 4434 688 4487 τὰ
715 4437 917 4492 τούτων
948 4440 1203 4512 ἔμπαλιν,
1238 4447 1285 4498 εί
1321 4448 1415 4501 καὶ
1450 4425 1671 4516 πολλαῖς
1697 4453 1784 4508 διὰ

202 4516 377 4585 μέσου
424 4524 544 4585 ταῖς
585 4530 987 4598 παρεκϐάσεσιν
1037 4535 1406 4606 ὲξυφαίνεται.
1455 4543 1592 4595 Ἀλλ’
1640 4545 1668 4598 ὃ
1699 4547 1786 4602 λέ-

197 4622 326 4699 γειν
357 4607 720 4684 ὡρμήθημεν,
754 4621 782 4672 δ
815 4621 990 4690 μέγας
1020 4627 1306 4699 τοιγαροῦν
1331 4624 1504 4696 οὗτος,
1540 4633 1658 4699 ἑνὸς
1687 4631 1783 4689 ἀν-

196 4697 330 4795 δρὸς
369 4704 690 4778 συμπλοκὴν
722 4711 858 4780 πρὸς
887 4714 1118 4784 ἀδελφὰς
1143 4697 1236 4773 δύο
1265 4697 1648 4795 ἀπαγορεύων,
1688 4730 1784 4783 καὶ

193 4791 260 4843 τὸ
289 4802 740 4870 κατεγνωσμένον
773 4805 1043 4878 διασύρων
1074 4812 1170 4881 τῆς
1203 4814 1474 4885 πράξειας,
1503 4819 1577 4884 ὡς
1608 4821 1780 4892 ἔκφυ-

195 4882 534 4982 ).ον“π.ἀντη
587 4895 680 4945 καὶ
736 4895 859 4966 μηδ’
906 4902 1043 4973 ἀκοῇ
1087 4908 1318 4977 φορητὸν
1357 4911 1509 4982 ὀσίᾳ,
1553 4913 1634 4978 τὸ,
1665 4915 1778 4970 Οὐκ

193 4971 487 5045 εἰσελεύσῃ
517 4982 649 5046 πρὸς
679 4987 856 5040 πάντα
887 4991 1086 5046 σίκείον
1118 4999 1317 5066 σαρκός
1348 5019 1466 5066 σου,
1499 5004 1779 5058 ἀποκαλύ-

191 5065 298 5132 ψαι
329 5067 720 5141 ἀσχημοσύνην
743 5079 928 5147 αὐτοῦ,
957 5085 1064 5138 ἀπὸ
1093 5087 1191 5158 τῆς
1226 5092 1445 5162 Γραφῆς
1475 5095 1614 5166 πρὸς
1643 5101 1782 5153 ἀπο⁶

190 5158 409 5228 τροπὴν
433 5159 633 5225 λαϐὼν,
659 5163 827 5230 δεῖξαι
855 5170 1196 5247 βουλόμενος,
1221 5184 1295 5245 ὡς
1325 5185 1384 5238 τὸ
1413 5189 1575 5258 ῥητὸν
1603 5189 1782 5245 ἐκεῖνο

191 5251 625 5320 ἐμπεριεκτικόν
653 5257 769 5312 ἐστι
795 5263 886 5315 καί
915 5269 1106 5324 τούτου
1136 5275 1230 5327 τοῦ
1260 5276 1434 5342 εἴδους
1458 5281 1556 5350 τῆς
1583 5283 1779 5344 οἰκειό-

188 5356 385 5442 τητος,
440 5343 536 5442 καί
592 5345 666 5409 ὡς
721 5349 826 5404 ὑπὸ
849 5356 948 5426 τῆς
1005 5360 1155 5427 θείας
1183 5366 1407 5439 Γραφῆς
1455 5343 1627 5442 ὴ-τοῦ
1659 5377 1776 5441 ἑνὸς

189 5435 389 5540 ἀνδρὸς
427 5440 564 5509 πρὸς
618 5443 856 5540 ἀδελφὰς
893 5449 986 5504 δύο
1017 5435 1237 5529 γαμικὴν
1282 5435 1599 5538 ὁμιλία-ἤδη
1635 5435 1770 5540 προζ

188 5529 596 5628 ἀπηγόρευται,
620 5537 830 5607 εἰσάγει
851 5542 1072 5613 τούτους
1098 5555 1220 5614 τοὺς
1234 5529 1548 5627 λογισμούς.
1581 5529 1646 5613 'l‘t'
1674 5529 1780 5634 γὰρ

1914 615 2254 670 transverso.
2291 625 2388 681 per
2416 613 2636 667 modum
2672 611 2972 682 allinitatis,
3008 615 3228 675 familiae
3274 618 3473 678 Plotini

1911 701 2619 773 necessitudinejuuctum,
2647 706 2797 762 nulla
2830 723 3072 780 unquam
3129 711 3249 783 lege
3303 728 3476 769 avun-

1909 788 2094 844 culum
2126 789 2247 862 ejus
2277 791 2383 849 dici
2419 793 2704 865 probatur.
2730 796 2798 851 At
2825 811 2955 852 vero
2981 812 3045 853 ex
3075 797 3320 856 illatione
3344 815 3481 856 con-

1908 883 2189 954 sequentis
2221 883 2275 940 id
2304 887 2622 943 ratiocinari
2645 888 2802 952 velle.
2827 888 2973 961 quod
3002 889 3222 947 silentio
3252 893 3476 965 tegitur,

1907 981 1967 1027 ut
1996 989 2119 1030 cum
2146 975 2250 1032 hoc
2274 977 2392 1046 ipso
2419 978 2678 1053 theologo
2728 980 2923 1053 loquar
2976 983 3310 1056 legislatoris
3365 995 3474 1052 est,

1905 1081 2012 1120 non
2043 1067 2210 1139 legem
2246 1071 2559 1142 allegantis.

1976 1159 2112 1217 Nam
2139 1163 2242 1219 hoc
2285 1166 2503 1236 quidem
2553 1165 2715 1226 modo
2767 1167 2952 1226 licebit
2999 1169 3274 1228 malitiose
3317 1184 3483 1242 agere

1901 1253 2126 1322 volenti,
2149 1256 2314 1313 etiam
2336 1257 2405 1314 ad
2431 1262 2755 1319 remotiores
2788 1276 2986 1334 genere
3009 1262 3151 1320 hanc
3172 1263 3476 1319 orationem

1901 1349 2218 1418 extendere,
2265 1359 2429 1425 atque
2482 1369 2674 1413 omnes
2733 1356 2940 1427 pariter
2995 1371 3026 1413 α
3086 1352 3479 1415 consuetudine

1903 1442 2296 1499 matrimoniali
2326 1444 2639 1512 excludere,
2663 1454 2887 1519 propter
2916 1446 3059 1503 hanc
3090 1446 3312 1520 longius
3349 1463 3478 1519 pro-

1903 1542 2114 1591 teusam
2165 1533 2768 1610 infinitamquelineam
2798 1551 2854 1598 et
2897 1539 3102 1598 scalam
3139 1557 3155 1596 :
3190 1556 3302 1612 quo
3343 1554 3477 1597 sane

1899 1625 2032 1695 quid
2068 1624 2185 1682 fieri
2231 1627 2407 1698 possit
2450 1629 2757 1702 iniustius?
2786 1632 3086 1703 praesertim
3111 1647 3237 1688 cum
3277 1631 3336 1688 in
3370 1631 3479 1689 fine

1901 1714 1991 1772 hic
2013 1716 2158 1774 idem
2194 1727 2352 1790 pater
2377 1720 2639 1793 legitimis
2680 1722 2886 1795 nuptiis
2906 1723 3071 1778 latam
3103 1723 3310 1794 aperiat
3332 1722 3476 1778 viam
3498 1785 3512 1794 _

1900 1815 1956 1864 et
1979 1809 2260 1868 evidenter
2286 1810 2395 1869 huc
2417 1813 2628 1870 invitet.
2653 1813 2888 1886 Suhjicit
2912 1814 3058 1870 enim
3089 1830 3105 1870 :
3133 1812 3259 1870 Ηεεο
3285 1829 3476 1872 eorum

1901 1906 1987 1954 est
2017 1913 2233 1956 summa
2263 1916 2388 1973 qua:
2435 1902 2581 1959 dicta
2642 1911 2792 1961 sunt.
2831 1901 2889 1958 Si
2941 1903 3067 1974 quis
3114 1903 3232 1976 lege
3255 1903 3480 1960 ducitur

1900 1987 1967 2042 ad
1997 1987 2238 2060 nuptias,
2260 1991 2310 2045 ei
2341 1998 2486 2048 totus
2523 1990 2676 2047 orbis
2727 1999 2952 2064 apertus
2977 2001 3084 2050 est.
3119 1990 3262 2060 Quid
3295 2001 3476 2050 autem

1899 2080 2074 2151 magis
2129 2088 2215 2137 est
2259 2095 2326 2139 eo
2381 2081 2708 2154 legitimum,
2767 2084 2913 2155 quod
2960 2099 3135 2155 neque
3177 2084 3268 2154 jus
3297 2084 3475 2151 civile,

1900 2183 2076 2240 neque
2096 2185 2316 2228 sacrum
2346 2172 2586 2245 aliquem
2620 2188 2884 2232 canonem
2921 2175 3263 2246 prohibuisse
3296 2185 3474 2246 paret,

1900 2261 2116 2316 tametsi
2138 2301 2140 2303 ›
2165 2260 2368 2320 diserte
2405 2279 2514 2320 non
2545 2265 2945 2336 permiserint?
2981 2263 3191 2336 Quippe
3231 2280 3342 2321 non
3388 2281 3474 2330 ea,

1898 2364 2020 2421 quae
2050 2365 2309 2409 concessa
2359 2363 2508 2420 sunt,
2552 2355 3016 2426 comprehendere
3043 2357 3476 2430 promulgatores

1898 2442 2094 2498 harum
2146 2460 2328 2500 rerum
2377 2449 2558 2502 solent
2605 2465 2620 2503 :
2681 2449 2775 2505 sed
2823 2448 3092 2506 duntaxat
3146 2464 3474 2506 enumerare

1898 2536 2170 2608 prohibita
2235 2548 2288 2594 et
2338 2553 2573 2610 quorum
2628 2541 2991 2613 transgressio
3043 2541 3334 2596 maximam
3409 2542 3476 2598 iis

1899 2644 2096 2685 noxam
2148 2645 2340 2699 parere
2381 2634 2691 2694 consuevit,
2725 2633 2816 2700 qui
2851 2648 2916 2688 ea
2965 2633 3338 2690 committunt.
3378 2633 3477 2690 Pe-

1897 2720 2056 2777 rinde
2077 2737 2140 2776 ac.
2169 2722 2215 2777 si
2250 2721 2494 2778 medicus
2517 2732 2724 2795 aegroto
2769 2725 2947 2780 noxiis
2977 2725 3141 2780 rebus
3177 2725 3475 2781 interdixe-

1897 2809 1986 2874 rit,
2035 2825 2144 2866 non
2176 2812 2400 2866 omnino
2443 2811 2492 2866 ei
2525 2827 2754 2868 necesse
2782 2823 2864 2868 cst
2884 2814 3048 2868 etiam
3101 2813 3472 2884 particulatim

1896 2900 2075 2955 omnia
2107 2909 2410 2965 recenseat,
2439 2917 2560 2972 qua:
2609 2910 2818 2959 naturae
2848 2903 2982 2959 nihil
3020 2912 3240 2959 nocent.
3269 2903 3471 2960 Verum

1895 3006 1994 3062 age
2036 2991 2276 3058 tandem,
2317 2991 2411 3063 qui
2465 3008 2620 3049 sacra
2669 2993 2808 3050 falso
2843 2995 3072 3065 exponis
3118 2993 3185 3049 ad
3215 2995 3464 3057 verbum,

1897 3082 2260 3153 interpretare
2319 3099 2440 3155 quia:
2471 3085 2523 3140 in
2557 3086 2704 3142 illius
2748 3088 2930 3157 magni
2965 3087 3202 3144 oratoiis
3237 3087 3468 3158 epistola

1897 3176 2100 3245 scripta
2125 3187 2254 3232 sunt
2279 3216 2296 3240 ,
2329 3187 2511 3231 mente
2539 3179 2693 3248 prius
2716 3179 2768 3232 in
2794 3182 3121 3235 sententiam
3150 3189 3203 3236 et
3241 3196 3467 3250 scopum

1894 3283 2084 3324 eorum
2140 3283 2263 3335 qua;
2303 3266 2564 3324 dicuntur
2617 3271 2816 3326 defixa.
2855 3270 2974 3337 Quo
3017 3272 3181 3339 facto,
3217 3273 3470 3328 fortassis

1899 3362 2013 3430 ipse
2076 3366 2441 3418 temeritatem
2496 3364 2794 3435 aliquando
2858 3374 3006 3420 tuam
3079 3365 3468 3435 reprehendes.

1893 3453 2031 3508 Nam
2064 3462 2118 3511 et
2141 3457 2328 3528 regula
2353 3456 2498 3526 juris
2531 3468 2618 3513 est
2644 3457 2779 3530 (4⁷)),
2812 3469 2869 3514 ιιι
2915 3459 3081 3524 nosti,
3117 3460 3383 3515 duntaxat
3415 3461 3471 3514 in

1893 3546 1963 3601 iis
2006 3547 2185 3617 legum
2246 3548 2427 3604 valere
2470 3559 2696 3615 statuta,
2729 3553 2796 3606 de
2819 3553 3018 3622 quibus
3065 3553 3286 3622 prolatae
3334 3553 3466 3608 sint.

1895 3637 2010 3702 Qua
2049 3640 2212 3694 etiam
2265 3642 2479 3697 ratione
2507 3643 2618 3714 (44)
2652 3645 2832 3699 omnis
2868 3647 3050 3716 regula
3078 3647 3241 3716 juris,
3276 3659 3472 3718 praeter

1891 3731 2017 3796 alia,
2047 3731 2257 3802 fragilis
2303 3749 2428 3790 esse
2461 3735 2686 3792 dicitur.
2721 3735 3011 3806 Propterea
3044 3739 3090 3792 si
3117 3739 3246 3807 quid
3278 3754 3342 3794 ex
3383 3742 3471 3795 his

1892 3826 2166 3891 sequitur,
2218 3842 2340 3896 qua:
2390 3827 2459 3881 ab
2509 3828 2731 3883 homine
2786 3827 2982 3884 divino
3045 3833 3258 3887 saucita
3313 3843 3466 3894 sum.

1890 3917 2113 3970 omnino
2159 3916 2225 3972 de
2279 3919 2345 3974 iis
2392 3919 2708 3989 accipienda
2739 3930 2919 3986 erunt,
2971 3922 3038 3977 de
3090 3923 3289 3993 quibus
3339 3935 3467 3978 tunc

1891 4005 2042 4062 fuere
2078 4010 2312 4078 prolata.
2347 4010 2701 4068 Manifestum
2739 4023 2825 4069 est
2853 4021 3056 4078 autem,
3097 4029 3163 4070 eo
3193 4024 3466 4085 spectare.

1888 4114 1958 4155 ne
1979 4100 2063 4153 vir
2091 4117 2232 4155 unus
2262 4112 2316 4157 et
2360 4103 2504 4160 idem
2537 4105 2752 4161 duabus
2793 4107 3078 4163 sororibus
3118 4107 3469 4163 matrimonio

1884 4190 2170 4262 jungatur.
2205 4194 2378 4249 Sicuti
2427 4211 2649 4252 rursum
2679 4211 2802 4267 quae
2840 4197 2910 4252 ab
2945 4198 3039 4252 illo
3089 4207 3336 4268 tempore
3371 4213 3468 4268 pa-

1890 4282 2168 4336 triarchali
2216 4292 2366 4339 tomo
2409 4296 2538 4340 sunt
2583 4288 2812 4352 inserta,
2843 4289 3008 4345 robur
3055 4290 3112 4344 in
3153 4290 3221 4344 iis
3251 4289 3467 4344 obtine-

1891 4375 2050 4442 bunt,
2100 4376 2153 4430 in
2188 4391 2310 4447 quae
2351 4379 2483 4433 torni
2529 4379 2728 4436 desiuit
2775 4381 3002 4438 allectus
3036 4401 3050 4437 :
3086 4384 3366 4448 nimirum,
3401 4395 3463 4438 ut

1815 4483 1864 4544 ι)
1889 4483 2069 4538 neque
2099 4466 2208 4522 duo
2236 4468 2435 4527 fratres
2463 4471 2600 4526 duas
2639 4475 3000 4531 consobrinos
3028 4476 3251 4541 ducant,
3287 4491 3466 4545 neque

1885 4571 2116 4629 patruus
2143 4569 2196 4615 et
2219 4561 2407 4618 fratris
2435 4566 2580 4621 filius
2604 4567 2743 4622 duas
2771 4584 3012 4634 sorores,
3036 4585 3099 4624 ac
3121 4569 3238 4624 vice
3258 4584 3414 4624 versa
3447 4589 3461 4623 :

1886 4651 2014 4708 licet
2047 4654 2160 4710 haec
2193 4657 2380 4711 multis
2421 4658 2727 4729 interiectis
2761 4661 3198 4731 digressionibus
3228 4665 3301 4717 ita
3331 4679 3465 4718 con-

1887 4752 2161 4800 texantur.
2195 4747 2302 4802 Sed
2339 4757 2397 4802 ut
2440 4759 2783 4805 revertamur
2814 4752 2880 4806 ad
2922 4751 2997 4814 id,
3030 4755 3174 4823 quod
3215 4755 3461 4810 institui-

1884 4850 2009 4890 mus
2041 4837 2224 4892 dicere
2245 4877 2262 4903 ,
2295 4855 2527 4910 magnus
2551 4841 2640 4896 hic
2669 4852 2856 4897 noster
2889 4842 3141 4910 Basilius,
3168 4845 3464 4913 prohibens

1880 4927 2046 4980 unius
2095 4929 2197 4982 viri
2224 4931 2769 4998 eopulationemcum
2816 4933 3030 4990 duabus
3072 4937 3375 5002 sormibus,
3409 4948 3465 4992 et

1881 5018 2193 5074 damnabile
2219 5021 2433 5080 facinus
2469 5026 2572 5080 hoc
2613 5027 2866 5096 culpans,
2917 5030 2995 5083 uti
3041 5031 3186 5100 quod
3235 5033 3460 5085 cumino

1884 5110 1957 5166 sit
1984 5112 2224 5168 alienum
2256 5129 2284 5168 a
2319 5115 2542 5184 pietate,
2575 5132 2679 5172 nec
2730 5119 3004 5189 religiosis
3051 5123 3280 5176 auribus
3323 5122 3460 5174 tule-

1883 5204 2101 5269 rabile;
2152 5205 2449 5276 simulque,
2479 5206 2627 5264 dicto
2676 5210 2794 5275 illo,
2837 5209 2956 5266 Non
3018 5213 3344 5283 ingredieris
3390 5212 3460 5264 ad

1882 5298 2134 5364 quemvis
2188 5301 2555 5355 necessarium
2587 5303 2771 5357 carnis
2808 5309 2935 5369 tute,
2976 5312 3038 5357 ut
3071 5305 3306 5359 dedecus
3338 5303 3459 5371 ejus

1852 5389 2134 5456 reveles,
2178 5404 2209 5446 e
2255 5393 2430 5448 sacris
2475 5391 2699 5450 Litteris
2737 5393 3064 5450 dehortandi
3120 5408 3284 5450 causa
3326 5411 3455 5463 pru-

1882 5478 2014 5545 lato,
2041 5479 2171 5535 dum
2205 5482 2439 5552 probare
2466 5484 2606 5550 vult,
2630 5484 2838 5542 dictum
2887 5484 3021 5540 illud
3063 5484 3204 5540 hanc
3237 5499 3456 5556 quoque

1889 5571 2313 5642 propinquitatis
2389 5576 2625 5647 speciem
2693 5577 3005 5649 complecti,
3059 5578 3314 5650 quodque
3359 5594 3454 5650 per

1750 5721 1981 5788 ΝΟΤΛΒ.

261 5805 377 5870 (ιδ)
407 5805 496 5860 93.
530 5808 588 5865 Ι).
621 5809 684 5867 de
722 5830 965 5889 rcgqur.

1953 5841 2061 5915 (it)
2093 5844 2281 5904 Omnis
2320 5848 2424 5904 202
2453 5864 2465 5904 :
2492 5849 2552 5906 ο.
2585 5854 2708 5908 eod.
