3822 6592
194 401 308 468 1105

1441 387 1710 447 οιιίΕρο
1735 342 2136 451 noMANUM.

3270 385 3404 448 “06

197 499 336 565 ταῦτα
367 500 518 568 μήπω
561 493 694 565 μηδὲ
744 494 1204 565 ἀντιφθέγγεσθαι
1239 496 1428 568 καιρὸν
1471 499 1501 567 ἦ
1549 498 1713 552 τόττον

1843 518 1998 558 acere
2057 517 2412 573 personarum
2463 517 2581 566 eam
2642 516 2769 571 erga
2811 501 2943 555 alias
2994 501 3258 555 rationem
3300 503 3397 553 lia-

192 603 400 670 ἔχοντες,
449 589 578 660 μήτε
627 586 854 658 γνώμην
908 589 1115 643 οἰκείαν
1170 590 1414 656 εἰσάγειν
1455 591 1547 643 ἐπὶ
1603 593 1721 654 ταῖς

191 690 423 760 κρίσεσιν,
454 679 549 733 οὐκ
590 675 687 731 οἶδ’
723 677 751 732 ὃ
781 695 833 733 τι
882 679 1168 742 παθόντες,
1198 680 1289 733 καὶ
1318 681 1444 742 τοὺς
1486 680 1721 752 θύραθεν

189 783 272 852 ἤδη
317 772 624 844 διαγράφειν
675 771 1045 842 ἐπιχειροῦσι·
1118 773 1298 826 καίτοι
1360 773 1464 844 τὴν
1524 773 1721 842 συγγέ,

187 887 314 926 νειαν
338 906 353 922 .
390 906 403 919 .
435 904 450 920 .
479 903 493 918 .
523 903 536 918 .
578 863 712 933 μηδὲ
757 865 995 934 ἐξαρχῆς
1054 866 1432 936 ἐπινοηθεῖσαν
1477 869 1575 937 τῆς
1615 867 1723 919 τῶν

185 967 238 1016 ἐκ
266 960 476 1026 πλαγίου
505 958 699 1026 γάμων
742 958 1030 1021 κωλύσεως
1058 958 1243 1034 ἕνεκα,
1273 959 1407 1013 ἀλλά
1436 959 1501 1013 δι’
1535 959 1724 1028 ἑτέρας

185 1055 359 1114 αἰτίας.
390 1048 656 1102 Πλατῦναι
685 1051 814 1119 γὰρ,
848 1051 1032 1119 φησιν,
1061 1052 1109 1102 oi
1138 1051 1406 1105 πολιτικοὶ
1433 1052 1591 1123 νόμοι
1627 1051 1724 1122 τὴν

186 1148 280 1198 τῶν
315 1139 535 1195 πολιτῶν
578 1139 697 1212 ἦτοι
726 1142 985 1211 ὑπηκόων
1029 1143 1342 1214 βουλόμενοι
1375 1145 1726 1214 γνησιότητα.

185 1237 267 1291 καὶ
296 1234 364 1306 μὴ
407 1224 812 1305 περικλείεσθαι
855 1235 954 1306 τὴν
987 1236 1327 1304 συγγένειαν,
1360 1237 1485 1300 τοὺς
1521 1235 1726 1307 μεταξὺ

186 1329 281 1382 τῶν
333 1330 392 1381 ὲκ
439 1326 666 1394 πλαγίου
707 1325 1042 1382 διεκώλυσαν
1099 1329 1328 1398 γάμους,
1389 1330 1466 1392 ὡς
1512 1329 1578 1384 ἂν
1617 1332 1729 1392 τοῖς

186 1419 364 1487 ἔξωθεν
412 1420 508 1490 τῆς
550 1420 759 1473 ἑαυτῶν
784 1421 1102 1488 συγγενείας
1129 1421 1436 1490 ἐξάνάγκης
1467 1421 1734 1476 συναπτό-

185 1527 340 1580 μενοι,
365 1510 460 1579 τὴν
484 1511 617 1580 πρὸς
647 1510 843 1573 αὐτοὺς
876 1512 1053 1582 σχοῖεν
1079 1511 1410 1581 γνησιότητά
1436 1527 1494 1564 τε
1519 1512 1611 1564 καὶ
1641 1509 1732 1564 εῦ-

180 1620 330 1656 νοιαν.
362 1597 453 1666 υἷς
486 1604 696 1674 συνῳδὰ
724 1605 819 1658 καὶ
845 1607 871 1658 6
893 1605 988 1675 τὴν
1015 1604 1259 1673 γλῶτταν
1283 1604 1597 1674 χρυσοῦςξὲν
1621 1606 1731 1668 τοῖς

180 1695 498 1765 ἐξηγητικοῖς
516 1696 682 1750 αὐτοῦ
709 1695 808 1766 τῆς
835 1697 1106 1760 Γενέσεως
1139 1698 1315 1766 λόγοις
1342 1697 1620 1762 διέξεισιν.

1831 593 2093 652 lit-utinm.
2128 592 2194 646 de
2223 606 2326 661 qua
2367 591 2527 646 modo
2559 590 2770 660 agimus
2807 609 2819 643 :
2859 605 2958 644 nec
2991 589 3185 643 horum
3235 591 3396 660 quid-

1832 700 1992 751 quam
2025 683 2093 739 ab
2123 684 2202 738 eis
2233 683 2668 752 reprelienditur,
2699 692 2793 736 aut
2825 683 2877 735 in
2907 682 3130 736 dubium
3156 693 3402 737 vocatur.

1832 777 2063 841 Quibus,
2101 785 2160 829 ut
2193 784 2436 846 apparet,
2480 775 2838 844 perfectiores
2871 773 3167 828 adversarii
3202 775 3400 837 nostri,

1833 866 2082 936 quamvis
2154 867 2382 921 necdum
2433 865 2868 927 contradicendi,
2931 881 3030 920 nec
3052 880 3208 920 suam
3241 865 3407 934 ittth-

1833 956 1991 1011 diciis
2040 957 2367 1011 sententiam
2425 956 2734 1026 proferendi
2776 955 3131 1011 occasionem
3193 956 3405 1009 locum-

1833 1063 1894 1098 ve
1926 1034 2092 1110 nacti,
2128 1047 2270 1102 haud
2318 1048 2433 1102 scio
2488 1063 2723 1117 quonam
2761 1048 2982 1116 impulsi
3027 1047 3172 1101 malo
3199 1063 3213 1111 ;
3243 1047 3406 1100 etiam

1833 1154 2122 1198 extraneos
2161 1142 2487 1212 quibusdam
2535 1144 2988 1198 circumscribere
3057 1143 3254 1196 tinibus
3309 1157 3405 1193 co-

1833 1248 2032 1290 nantur
2081 1251 2096 1292 :
2145 1237 2270 1290 licet
2325 1236 2466 1290 haud
2527 1236 2802 1307 ignorent,
2858 1251 2926 1289 ne
2971 1235 3144 1304 ipsam
3188 1231 3407 1304 quidem

1832 1329 2212 1396 cognationem
2243 1327 2400 1381 initio
2434 1329 2740 1395 nuptiarum
2789 1344 2853 1382 ex
2911 1338 3254 1381 transversi)-
3283 1341 3411 1396 pro-

1839 1418 2198 1474 hibendarum
2236 1419 2431 1488 gratia,
2479 1419 2572 1474 sed
2595 1420 2730 1475 alias
2789 1421 2858 1474 ob
2890 1434 3085 1474 causas
3121 1418 3404 1487 escogita-

1840 1521 1972 1568 tam.
2027 1500 2195 1581 Leges
2241 1513 2383 1566 enim
2436 1513 2645 1576 civiles,
2692 1523 2749 1566 ut
2797 1511 3020 1581 quidam
3057 1507 3155 1574 ait,
3205 1508 3409 1562 civium

1837 1603 1956 1658 sive
2009 1603 2354 1658 subditorum
2419 1604 2690 1658 sinceram
2749 1604 2891 1657 inter
2945 1619 3005 1657 se
3069 1601 3408 1656 all‘ectionem

1823 1696 2066 1767 dilatare
2095 1696 2359 1756 volentes.
2394 1712 2492 1750 nec
2524 1697 2658 1750 artis
2708 1694 3089 1760 cognationem
3128 1689 3411 1745 includere

179 1785 360 1866 ﬁnibus
397 1787 618 1855 nuptias
642 1787 780 1840 inter
799 1788 1024 1858 cos.qui
1054 1788 1156 1842 sibi
1194 1793 1323 1844 sunt
1352 1803 1416 1842 ex
1444 1799 1780 1850 transverso,
1818 1785 2066 1840 contrahi
2103 1795 2392 1841 vetuerunt
2429 1803 2442 1840 :
2475 1795 2534 1840 ut
2567 1786 2876 1840 necessario
2915 1801 3038 1839 cum
3098 1782 3412 1839 constitutis

177 1885 312 1930 extra
346 1879 726 1945 cognationem
759 1892 913 1932 suam
963 1879 1204 1948 copulati
1256 1879 1474 1936 sincera
1543 1878 1763 1932 eosdem
1806 1877 2113 1932 animorum
2165 1876 2452 1932 aﬂectione
2531 1891 2594 1930 ac
2653 1876 3030 1931 benevolentia
3082 1873 3414 1942 complecte-

177 1979 364 2023 rentur.
392 1969 603 2033 Quibus
630 1978 998 2025 consentanea
1050 1982 1443 2026 commemorat
1482 1978 1536 2026 et
1569 1979 1754 2027 orator
1787 1969 1880 2025 ille
1917 1969 2177 2041 prmditus
2223 1983 2389 2025 aurea
2436 1969 2620 2039 lingua
2660 1970 2703 2036 ί,
2767 1970 2828 2023 in
2904 1967 3252 2022 orationibus
3295 1964 3414 2020 suis

172 2063 355 2134 quibus
387 2063 585 2116 librant
607 2064 673 2118 de
697 2075 816 2119 ortu
851 2081 1031 2120 rerum
1063 2077 1302 2124 enarrat.

232 2155 387 2208 Ἥκει
424 2156 480 2208 δὲ
511 2155 700 2209 λοιπὸν
731 2159 758 2211 6
787 2157 941 2226 λόγος
968 2161 1060 2213 καὶ
1097 2162 1224 2232 περὶ
1251 2162 1351 2232 τῆς
1394 2161 1723 2230 συγγενείας

1898 2159 2167 2214 Caeterum
2219 2159 2462 2228 postulat
2510 2168 2658 2212 nunc
2697 2155 2968 2212 orationis
3007 2155 3204 2219 series,
3246 2153 3412 2208 etiam

170 2247 465 2318 διαιρέσεως
504 2247 615 2299 τῶν
635 2246 740 2313 ἔξω
770 2248 949 2318 νόμων
979 2251 1404 2322 ἐπιμνησθῆναι,
1437 2252 1531 2305 καὶ
1561 2249 1731 2317 δεῖξαι

175 2339 456 2394 κάντεῦθεν
486 2340 550 2393 τὸ
583 2342 882 2412 ματαιάζον
921 2345 1014 2397 καὶ
1063 2345 1252 2414 δύσερι
1290 2345 1399 2399 τῶν
1435 2349 1519 2411 είς
1578 2346 1733 2400 οὐδὲν

167 2436 340 2504 ἕτερον
373 2435 798 2504 εύκαιρούντων,
835 2437 867 2507 ἢ
901 2437 1082 2507 λέγειν
1117 2439 1212 2492 καὶ
1241 2438 1462 2493 ἀκούειν
1487 2441 1734 2495 καινότε-

167 2527 252 2596 ρόν
274 2542 324 2578 τι
357 2525 454 2578 καὶ
488 2526 744 2594 ἄκαιρον.
785 2529 921 2596 Φησὶ
976 2529 1104 2598 γάρ’
1139 2530 1210 2582 Τὸ
1266 2530 1366 2600 τῆς
1414 2531 1736 2600 συγγενείας

166 2616 322 2684 ὄνομα
347 2616 426 2678 εἰς
451 2618 583 2685 τρία
634 2617 906 2688 διῄρηται.
941 2617 1034 2681 Εἰς
1068 2619 1340 2682 ἀνιόντας,
1384 2623 1462 2683 εἰς
1514 2623 1732 2676 κατιόνρ

163 2725 272 2772 τας,
311 2708 406 2762 καὶ
438 2713 575 2771 τοὺς
603 2711 666 2761 ἐκ
711 2709 962 2777 πλαγίου.
1001 2711 1237 2780 Ἐκάστη
1267 2713 1322 2764 δὲ
1346 2713 1549 2767 τούτων
1584 2713 1735 2780 τάξις

162 2799 439 2870 διαφόρους
477 2799 597 2869 ἔχει
622 2801 888 2871 βαθμούς.
937 2803 1075 2854 Ἀλλ’
1099 2804 1192 2856 ἐπὶ
1229 2805 1329 2874 μὲν
1354 2805 1736 2873 τῶνάνιὸντων

148 2891 249 2948 ,καὶ
303 2891 632 2956 κατιόντων,
693 2896 773 2957 εἰς
827 2893 1132 2964 ἀπέραντον
1188 2896 1216 2947 ό
1266 2897 1446 2965 γάμος
1497 2898 1738 2952 κεκώλυ-

159 2998 242 3032 ται
277 2996 292 3013 ο
340 2983 479 3053 μηδὲ
540 2983 652 3054 γὰρ
710 2984 854 3038 ὅσιον
920 2981 1056 3039 εἶναι
1090 3025 1104 3048 ,
1164 2985 1224 3038 τδ
1279 2987 1376 3056 τῆς
1434 2988 1738 3059 γεννήσεως

155 3073 320 3126 αἴτιον
371 3075 693 3128 ὑποϐαίνειν
744 3075 821 3146 τῷ
865 3077 1207 3148 γεννωμένῳ,
1245 3077 1381 3147 ὅπερ
1429 3080 1598 3133 πολλὰ
1645 3083 1738 3135 καὶ

156 3163 255 3216 τῶν
305 3164 526 3234 ἀλόγων
578 3167 888 3222 ἀποσείεται
942 3167 1118 3230 ζώων.
1189 3169 1313 3221 Ἐπὶ
1375 3170 1431 3222 δὲ
1495 3171 1604 3224 τῶν
1675 3173 1739 3225 ὲκ

156 3255 379 3324 πλαγίου
427 3257 502 3311 τὰ
560 3257 660 3327 τῆς
731 3256 1022 3321 κωλύσεως
1103 3259 1162 3310 ού
1241 3261 1550 3330 περαιτέρω
1620 3264 1739 3334 ἀρι-

154 3347 363 3415 θμεῖται
419 3349 518 3401 τοῦ
551 3349 711 3402 ἕκτου
742 3348 973 3419 βαθμοῦ.
1043 3350 1356 3409 Ἀκὸλουθον
1395 3351 1451 3404 δὲ
1484 3356 1738 3424 προσθεῖ.

152 3455 231 3493 ναι
260 3441 354 3493 καὶ
387 3443 459 3494 τὰ
489 3440 554 3506 ἐξ
579 3441 893 3510 ἀγχιστείας
927 3443 1079 3512 παρά
1107 3440 1200 3494 τοῦ
1255 3443 1421 3512 νόμου
1457 3444 1590 3514 πρὸς
1637 3446 1735 3514 γά-

153 3549 255 3599 μου
275 3535 580 3588 κοινωνίαν
603 3534 923 3605 κωλυόμενα
947 3534 1133 3605 πρόσω
1145 3553 1233 3601 πα,
1253 3535 1344 3603 ἀφ’
1370 3531 1436 3608 ἦς
1458 3537 1580 3590 οὐδὲ
1609 3555 1737 3607 συγ-

151 3625 364 3691 γένειαν
425 3622 576 3680 εἶναι
619 3629 647 3680 6
701 3628 862 3698 νόμος
903 3628 1178 3697 ἀνέχεται.
1243 3627 1552 3698 ’Λγχιστεία
1603 3633 1733 3702 γάρ,

148 3718 333 3783 φησιν,
378 3721 541 3771 ἐστὶν
587 3720 856 3790 οἰκειότης
909 3719 1218 3790 προσώπων
1249 3720 1313 3772 ἐκ
1357 3721 1548 3790 γάμων
1603 3727 1736 3794 ἡμῖν

147 3810 547 3880 συνημμένων,
613 3813 932 3880 συγγενείας
967 3813 1142 3875 ἐκτός.
1185 3815 1324 3867 Ἀλλ’
1354 3818 1502 3886 ὅμως
1538 3816 1736 3887 πολλὴν

142 3900 431 3954 κάνταῦθα.
489 3903 589 3956 τοῦ
672 3902 872 3975 σεμνοῦ
942 3903 1224 3975 τιθέμενος
1282 3908 1536 3976 πρόνοιαν
1569 3948 1584 3973 ,
1645 3907 1740 3960 καὶ

142 3995 269 4064 περὶ
307 3995 514 4048 τούτου
581 3995 766 4067 φησίν·
825 3996 899 4049 Uti
951 3995 1188 4066 δύναμαι
1218 3997 1401 4050 λαϐεῖν
1439 3999 1551 4068 -τὴν
1597 3999 1738 4068 ἐμὴν

145 4085 429 4155 προγονὴν
461 4086 498 4157 ἢ
534 4085 777 4157 νύμφην,
816 4087 938 4140 οὐδὲ
973 4090 1071 4158 τὴν
1105 4089 1486 4158 συμπενθεράν
1536 4107 1659 4159 μου,
1704 4093 1736 4163 ἢ

139 4174 236 4244 τὴν
269 4179 569 4248 μητρυιάν
599 4197 727 4248 μου,
759 4180 882 4234 οὐδὲ
931 4179 1028 4251 τὴν
1066 4180 1339 4250 θυγατέρα
1368 4181 1466 4249 τῆς
1501 4182 1741 4248 ἀποζευ-

137 4268 367 4340 χθείσης
404 4289 520 4342 μου
563 4272 841 4339 γυναικὸς,
892 4276 989 4343 τὴν
1022 4273 1162 4343 μετὰ
1192 4272 1288 4343 τὴν
1317 4273 1608 4339 ἀπόςευξιν
1656 4295 1742 4330 τε·

137 4359 366 4428 χθεῖσαν
415 4363 483 4428 ἐξ
538 4364 726 4434 ἑτέρου
768 4365 979 4436 ἀνδρός.
1014 4367 1125 4436 Τὴν
1154 4365 1247 4418 τοῦ
1281 4367 1484 4437 πατρός
1544 4386 1670 4438 μου,
1708 4371 1741 4439 ἢ

135 4451 225 4504 τοῦ
256 4455 512 4524 ἀδελφοῦ
568 4472 670 4524 μου
725 4457 994 4526 μνηστὴν,
1028 4458 1086 4510 ού
1135 4457 1374 4528 δύναμαι
1431 4459 1635 4514 λαϐεῖν.
1667 4462 1742 4515 Ού

136 4545 305 4614 μόνον
337 4549 375 4617 ἡ
423 4547 530 4600 τοῦ
566 4547 794 4619 πατρὸς,
832 4547 970 4601 ἀλλὰ
1021 4550 1114 4602 καὶ
1143 4551 1174 4620 ἡ
1205 4550 1300 4603 τοῦ
1358 4553 1604 4616 πάππου,
1639 4571 1745 4624 μη·

127 4639 295 4707 τρυιὰ
353 4641 591 4707 λέγεται
624 4656 639 4670 ·
701 4643 795 4696 καὶ
843 4641 1124 4712 κωλύομαι
1167 4641 1350 4698 λαϐεῖν
1399 4645 1589 4708 αὐτάς.
1623 4647 1746 4700 Κᾶν

129 4730 343 4792 πολλὰς
381 4732 554 4803 ἔσχεν
587 4735 615 4787 6
648 4733 852 4805 πατὴρ,
910 4732 1165 4804 οὐδεμίαν
1220 4735 1398 4790 αὐτῶν
1458 4737 1743 4807 λαμϐάνωέ

1836 2250 1902 2304 de
1932 2251 2203 2306 divisione
2232 2249 2582 2320 cognationis
2627 2247 2990 2302 extrariarum
3052 2245 3228 2315 legum
3264 2259 3416 2297 meu-

1838 2340 2037 2395 tionem
2090 2339 2239 2406 fieri;
2285 2349 2344 2393 ut
2371 2337 2520 2392 'liiuc.
2547 2348 2765 2406 quoque
2795 2334 3200 2389 demonstretur
3225 2345 3411 2387 eorum

1836 2432 2052 2487 vanitas
2109 2441 2164 2487 et
2212 2431 2538 2501 pertinacia,
2590 2432 2682 2500 qui
2733 2429 2868 2484 nulli
2918 2436 3123 2482 vacant
3169 2427 3262 2481 alii
3313 2427 3413 2487 rei,

1835 2539 2000 2592 quam
2036 2531 2096 2576 ut
2122 2524 2329 2592 aliquid
2362 2522 2606 2578 insolens
2636 2537 2698 2575 ac
2734 2522 3106 2591 importunum
3136 2518 3418 2588 proferant

1836 2625 1891 2669 et
1935 2615 2180 2670 audiant.
2229 2614 2318 2668 Ait
2355 2613 2502 2668 enim
2535 2612 2971 2682 jurisconsultns
3006 2610 3118 2682 (45)
3155 2628 3170 2663 :
3202 2610 3416 2680 Cogna-

1839 2708 2004 2761 tionis
2051 2714 2270 2769 nomen.
2324 2708 2378 2760 in
2423 2705 2530 2759 tria
2559 2704 2853 2758 ‘dividitur
2887 2720 2902 2757 :
2938 2703 2993 2758 in
3028 2701 3416 2765 ascendentes,

1841 2803 1893 2855 in
1945 2800 2368 2863 descendentes,
2408 2808 2461 2853 et
2499 2813 2616 2863 eos,
2659 2798 2754 2866 qui
2792 2807 2919 2852 sunt
2969 2810 3034 2851 ex
3081 2804 3416 2849 transverso.

1842 2899 2046 2954 llorum
2087 2911 2216 2950 vero
2243 2894 2486 2964 quilibet
2523 2893 2682 2956 'ordo,‘
2712 2891 2962 2947 diversos
3001 2889 3202 2960 gradus
3233 2888 3416 2942 habet.

1827 2992 1948 3046 .Scd
1986 2992 2040 3044 in
2096 2988 2522 3044 ascendentibus
2556 2985 2799 3055 quidem,
2828 2999 2892 3038 ac
2935 2981 3418 3043 descendentibus,

1827 3082 1896 3136 in
1931 3081 2206 3138 inﬁnitum
2234 3078 2540 3150 :proliibitaz
2578 3084 2723 3131 sunt
2762 3075 2986 3144 neptim.
3014 3072 3140 3127 'Nec‘
3164 3071 3306 3127 enim
3338 3080 3422 3125 est

1839 3191 2081 3244 aequum,
2109 3183 2166 3227 ut
2197 3173 2343 3243 quod
2371 3169 2776 3241 procreationis
2798 3176 2885 3224 est
2915 3180 3103 3229 causa,
3133 3173 3424 3234 procreato

1843 3283 1966 3324 sese
2035 3265 2324 3325 submittat-
2376 3280 2392 3319 :
2437 3263 2489 3318 id
2542 3262 2687 3332 quod
2738 3261 2900 3316 etiam
2956 3262 3118 3316 bruta
3163 3259 3422 3328 pleraque

1843 3359 2102 3413 animalia
2143 3356 2327 3414 lacere
2381 3364 2658 3412 recusant.
2685 3355 2756 3410 -ln
2805 3356 2874 3410 iis
2908 3363 3111 3417 autem,
3149 3354 3241 3422 qui
3289 3360 3424 3405 sunt

1835 3467 1909 3506 ex
1953 3459 2304 3515 transiterso,
2341 3465 2450 3504 non
2508 3449 2650 3502 ultra
2691 3456 2906 3503 sextum
2959 3447 3188 3516 gradum
3236 3447 3425 3516 probi-

1837 3545 1982 3599 bitio
2011 3557 2134 3599 sese
2165 3544 2420 3617 porrigit.
2459 3541 2745 3612 sequitur,
2778 3541 2835 3596 ut
2875 3533 3178 3596 afﬁciamus
3222 3547 3276 3595 ct
3303 3540 3426 3593 illas

1850 3649 2138 3706 pchonas,
2184 3652 2305 3706 qua
2347 3651 2442 3706 per
2482 3637 2650 3706 legem
2715 3637 2926 3690 ratione
2963 3634 3238 3688 aﬂinitatis
3273 3648 3300 3685 a
3327 3637 3426 3688 ἐο-

1845 3730 2047 3784 cietate
2090 3730 2403 3798 nuptiarum
2450 3739 2710 3782 arcentur
2753 3745 2767 3781 :
2812 3741 2918 3796 qua
2966 3727 3184 3796 quidem
3219 3733 3284 3779 ‘ev
3319 3715 3429 3778 alli-

1845 3823 2017 3875 nitate
2065 3821 2268 3874 nullam
2316 3820 2450 3874 oriri
2497 3819 2878 3888 cognationem
2922 3818 3016 3870 'le'x
3070 3811 3292 3887 patitur.
3335 3816 3429 3870 Est

1846 3910 1990 3963 enim
2017 3908 2282 3971 .alTinitas,
2317 3909 2514 3976 inquit,
2546 3908 2896 3961 necessitudo
2933 3907 3292 3974 personarum
3335 3922 3431 3975 per

1843 4001 2068 4070 nuptias
2115 4001 2278 4056 nobis
2310 4000 2790 4070 conjunctarum,
2833 3997 2970 4052 citra
3021 4001 3425 4067 cognationem.

1844 4092 1956 4147 Sed
2015 4103 2194 4146 tamen
2237 4103 2291 4146 et
2327 4091 2744 4161 .littic-tnagnam
2780 4091 2994 4143 ltonesti
3031 4092 3300 4145 rationem
3336 4090 3430 4142 lia-

1844 4182 2035 4247 .bens,
2101 4181 2283 4252 inquit
2340 4200 2354 4235 :
2407 4179 2525 4236 Non
2590 4195 2812 4250 gressum
2871 4181 3072 4236 ducere
3126 4181 3435 4250 privignam

1849 4290 2051 4340 meam,
2096 4275 2183 4329 vel
2219 4291 2450 4338 nurum;
2481 4281 2581 4328 ne'c
2622 4287 2947 4328 consuerunt
2980 4287 3177 4336 meam,
3214 4274 3304 4327 vel,
3331 4288 3427 4326 no-

1849 4384 2070 4425 vercam
2116 4378 2326 4431 meatu;
2375 4377 2476 4422 nec
2518 4365 2683 4420 ﬁliam
2735 4365 2940 4429 uxoris,
2983 4363 3104 4434 qua:
3145 4381 3174 4418 a
3221 4379 3306 4420 me
3349 4369 3430 4418 (1³-

1847 4463 2198 4531 Νθηὶι,ιροδι
2247 4460 2544 4515 tiivdrtium
2595 4475 2661 4516 ex
2709 4461 2817 4514 alio
2865 4460 3061 4514 marito
3092 4471 3425 4528 sttsccp"atn.

1852 4557 2032 4613 Patris
2075 4557 2204 4621 mei,
2245 4556 2331 4612 vel
2386 4556 2572 4610 fratris
2600 4555 2720 4608 ξιιιοὶ
2762 4563 3040 4622 sponsam.
3075 4554 3275 4606 dueere
3321 4569 3436 4606 non-

1854 4665 2102 4720 possum.
2140 4650 2274 4703 -Νοιι
2307 4637 2505 4703 εἐοιιιιιι
2545 4646 2718 4715 patris
2765 4661 2923 4708 uxor,
2975 4644 3066 4698 sed
3101 4641 3278 4698 etiam
3309 4646 3430 4705 :awi,

1854 4755 2090 4798 noverca
2113 4741 2354 4804 dicitur;
2407 4755 2608 4809 easque
2637 4739 2836 4793 ducere
2859 4743 3174 4810 prohibeor.
3207 4741 3430 4796 Etiamsi

124 4824 268 4876 Οὐδὲ
321 4826 436 4896 τὴν
496 4828 707 4898 μητέρα
737 4827 835 4898 τῆς
881 4828 1010 4879 ποτέ
1062 4845 1162 4898 μου
1205 4830 1466 4898 μνηστῆς,
1499 4832 1618 4884 οὐδὲ
1649 4832 1727 4902 τὴε

1857 4835 2044 4903 plures
2078 4843 2236 4902 pater
2262 4832 2481 4896 habuit,
2511 4833 2717 4886 nullam
2763 4848 2827 4887 ex
2869 4832 2949 4888 eis
2978 4829 3137 4888 duco.
3167 4833 3278 4888 Nec
3319 4849 3431 4885 ma-

125 4918 383 4980 γυναῖκὰ
440 4935 580 4970 ποτε
627 4918 719 4971 τοῦ
775 4917 1042 4990 προγονοῦ
1107 4937 1231 4989 μου.
1266 4919 1404 4973 Οὔτε
1448 4923 1749 4992 ήμητρυιὰ

121 5012 418 5084 λαμϐάνει
500 5018 590 5066 τὸν
641 5017 1008 5086 γεγενημένον
1057 5016 1250 5086 ἄνδρα.
1296 5014 1394 5084 τῆς
1479 5015 1748 5082 προγονῆς

121 5105 336 5173 αὐτῆς.
373 5104 504 5173 Τὴν
537 5107 806 5176 προγονὴν
847 5107 942 5160 τοῦ
972 5109 1200 5176 ἀδελφοῦ
1231 5124 1331 5176 μου
1356 5106 1536 5159 λαϐεῖν
1565 5106 1626 5157 οὐ
1659 5105 1749 5158 δύ-

118 5216 333 5269 ναμαι,
377 5195 520 5250 οὒτε
552 5197 648 5264 τὴν
688 5197 960 5268 θυγατέρα
1007 5199 1105 5268 τῆς
1137 5199 1412 5269 προγόνης
1464 5216 1566 5267 μου
1596 5198 1740 5268 λαμ-

120 5287 308 5342 ϐάνω.
344 5281 469 5340 Ὧν
520 5284 641 5340 καθ’
670 5287 898 5341 ἕκαστόν
949 5305 1031 5354 τις
1082 5289 1341 5356 ὲςριστῶν,
1371 5288 1463 5341 καὶ
1512 5289 1748 5341 σκοπού-

119 5397 301 5450 μενος
360 5377 653 5450 ἀκριϐὦς,
694 5380 898 5452 πολλὴν
935 5382 990 5434 ἐν
1044 5381 1254 5446 τούτοις
1296 5381 1403 5434 τῶν
1437 5381 1744 5450 νομοθετῶν

1854 4934 1991 4994 trem
2025 4934 2242 4993 sponsae
2271 4922 2546 4993 quondam
2573 4937 2729 4978 mete.
2757 4923 2866 4979 Nec
2895 4925 3124 4994 privigni
3155 4927 3430 4994 quondam

1855 5014 2306 5084 mei-conjugcm.
2342 5014 2462 5068 Nec.
2485 5030 2717 5068 noverca
2761 5017 2913 5069 nubit
2943 5017 3014 5077 ei,
3048 5018 3138 5085 qui
3175 5019 3433 5086 privignu‘

1852 5105 2462 5176 ipsius'tnaritus‘fuit.
2509 5104 2822 5175 Privignum
2867 5108 3054 5160 fratris
3091 5109 3194 5159 mei
3234 5108 3431 5161 ducere

1854 5212 1961 5251 non
2013 5213 2258 5266 possum,
2303 5198 2567 5252 nec-item
2609 5198 2771 5250 tiliam
2814 5198 3074 5268 privignae
3107 5199 3239 5251 inea-
3267 5198 3428 5253 duco.

1854 5287 1985 5353 Quae
2015 5290 2062 5343 si
2093 5291 2218 5358 quis
2259 5289 2578 5360 singulatim
2627 5289 2885 5360 inspiciat
2917 5301 2970 5345 et
3000 5289 3306 5345 consideret
3336 5305 3430 5344 ac-

1857 5392 2066 5445 curate,
2113 5396 2362 5453 magnatn
2407 5381 2474 5436 in-
2509 5382 2592 5437 eis
2625 5382 3013 5453 ilcgislatorttm
3062 5379 3434 5450 deprehendet

1433 5515 1668 5571 VARL’E
1696 5515 2098 5572 LECTIONFQ.

195 5617 214 5655 ί
259 5614 728 5684 Chrysostamus.

1681 5755 1913 5810 NOT/L.

193 5845 332 5915 (45)
383 5841 417 5916 §
466 5855 511 5907 l,
543 5843 717 5900 lnstit.
759 5845 832 5900 De
868 5865 992 5903 nun.
1027 5858 1078 5904 et
1109 5850 1133 5918 ξ
1168 5849 1304 5917 Erqo
1338 5867 1436 5904 non
1470 5867 1665 5905 annics.
1706 5850 1879 5906 lnstit.
1919 5853 2041 5906 cod.
