3948 6570
452 380 587 448 1107

1747 384 1876 447 IUS
1905 381 2356 448 CANONICUM

3561 381 3695 454 ιιιε

447 493 841 550 continentiam
887 507 953 550 ac
980 492 1297 566 religionem
1332 493 1477 549 circa
1511 479 1732 564 nuptias
1775 494 2015 555 illicitas,

2129 495 2453 564 κατανοήσει
2479 491 2644 563 φειδὼ
2672 493 2765 548 καὶ
2793 493 3083 550 εὖλάόειαν
3113 493 3243 566 περὶ
3276 493 3405 558 τοὺς
3435 491 3698 564 ἀθέσμους

449 596 505 641 et
547 587 930 660 provenientes
976 587 1103 644 inde
1145 587 1560 644 commistiones
1617 595 1780 657 atque
1826 585 2020 640 confu-

449 679 654 735 siones.

519 767 787 826 Prtcterea
838 771 962 824 dum
1007 769 1153 839 leges
1178 769 1364 836 hasce,
1410 785 1532 840 qua:
1580 770 1633 824 in
1693 787 1811 836 usu,
1839 771 2020 839 reipu-

453 863 608 919 blicae
652 871 855 919 nostrae
895 870 1046 928 sunt,
1079 863 1334 935 princeps
1369 865 1513 919 inter
1543 863 1680 919 alios
1721 863 2021 933 religiosis-

450 957 628 1011 simus
677 955 1018 1025 repurgavit;
1063 969 1243 1024 Opera:
1286 954 1518 1025 pretium
1568 955 1794 1009 omnino
1841 953 2019 1020 duxit,

453 1062 547 1103 eas
589 1063 712 1102 cum
756 1047 932 1103 sacris
974 1047 1356 1103 sanctionibus
1399 1056 1453 1102 et
1485 1047 1790 1103 canonibus
1828 1046 2019 1101 conci-

452 1138 610 1202 liare,
637 1153 862 1204 prorsus
892 1148 950 1192 ut
979 1139 1388 1195 consentientes
1431 1139 1502 1194 iis’
1529 1139 1871 1195 efficerentur
1901 1159 1914 1195 :
1951 1154 2020 1196 ne

451 1227 581 1296 quid
610 1228 679 1281 ab
708 1227 789 1283 eis
819 1227 1164 1298 discrepans,
1191 1235 1246 1280 et
1285 1227 1655 1298 peregrinum,
1687 1236 1742 1282 et
1769 1242 2019 1300 pugnans

451 1335 575 1374 cum
621 1320 722 1384 eis,
759 1319 1007 1388 adeoque
1054 1318 1294 1375 alienum
1323 1335 1355 1374 a
1381 1327 1526 1376 statu
1568 1319 1904 1381 Christiano,
1935 1319 2020 1374 his

451 1412 656 1468 inesset
707 1429 722 1467 ε
775 1426 886 1482 quo
945 1421 1198 1483 respectu
1257 1413 1432 1468 sacris
1491 1414 1657 1467 etiam
1717 1413 2020 1469 canonibus

448 1504 631 1561 edicto
660 1504 901 1576 publico,
929 1505 1168 1573 vigorem
1211 1519 1400 1560 earum
1443 1504 1709 1562 subdidit.
1739 1502 1923 1575 anue
1953 1504 2024 1561 dc

449 1612 614 1654 causa
653 1597 747 1669 qui
798 1597 1066 1652 hactenus
1094 1596 1145 1650 id
1180 1603 1436 1652 accurate
1464 1595 1737 1651 dederunt
1775 1610 2020 1665 Operam,

449 1704 521 1744 ne
566 1702 675 1757 quo
721 1694 1008 1743 contractu
1054 1686 1271 1757 generis
1316 1685 1665 1742 necessitudo
1710 1684 2020 1756 polluatur;

451 1793 800 1850 nequaquam
849 1793 1115 1849 personas
1163 1777 1432 1833 iudicatas
1472 1775 1694 1832 silentio
1723 1775 2023 1847 praeteriis-

2125 587 2234 640 τῶν
2284 588 2518 658 γάμων,
2573 587 2667 641 καὶ
2722 585 2820 652 τὰς
2869 586 3120 643 ἐντεῦθεν
3167 586 3455 660 ἐπιμιξίας
3498 603 3557 640 τε
3609 589 3699 642 καὶ

2125 681 2437 749 συγχύσεις.

2197 773 2318 826 Ἔτι
2345 773 2440 826 καὶ
2467 773 2594 836 τοὺς
2637 774 2771 844 παρ’
2809 773 2945 844 ἡμῖν
2984 772 3444 842 πολιτευομένους
3485 770 3700 834 τούτους

2123 862 2322 932 νόμους
2362 865 2391 918 ό
2434 862 2823 928 εύσεὸἐστατος
2851 865 2912 918 ὲν
2962 862 3275 936 βασιλεῦσιν
3326 860 3695 931 ἀνακαθάρας,

2123 957 2230 1028 πρὸ
2260 955 2423 1026 ἔργου
2456 956 2657 1020 παντὸς
2707 955 2884 1020 ἔθετο,
2928 959 3054 1021 ’τοῖς
3110 957 3278 1026 ίεροῖς
3323 955 3551 1022 θεσμοῖς
3609 956 3697 1006 καὶ

2123 1047 2316 1102 κανόσι
2373 1047 2710 1118 συμϐιδάσαι
2786 1048 3010 1112 τούτους
3043 1087 3060 1112 ,
3125 1047 3222 1101 καλ⁵
3280 1043 3698 1116 συμφωνοῦντος

2121 1139 2292 1206 δεῖξαι
2317 1140 2428 1203 τοῖς
2465 1139 2688 1204 ἅπασιν,
2731 1141 2817 1194 ἵνα
2851 1141 3019 1211 μηδὲν
3053 1139 3260 1211 ἀπᾷδον
3307 1137 3543 1199 τούτοις,
3569 1133 3696 1205 μηδὲ

2125 1231 2381 1302 ἔκφυλον,
2411 1234 2507 1286 καὶ
2545 1233 2682 1303 πρὸς
2707 1234 2906 1298 αὐτοὺς
2935 1233 3244 1304 μαχόμενον
3289 1226 3348 1305 ᾖ,
3383 1229 3519 1300 μηδὲ
3573 1228 3697 1298 Χρι-

2127 1327 2412 1401 στιανικῆς
2474 1325 2755 1398 ἀλλότριον
2805 1326 3214 1387 καταστάσεως.
3242 1322 3394 1378 Καθδ
3452 1324 3547 1376 καὶ
3592 1323 3696 1384 τοῖς

2126 1418 2294 1481 θείοις
2342 1417 2552 1480 τούτοις
2595 1418 2786 1471 κανόσι
2831 1416 2996 1488 κοινῷ
3024 1415 3358 1486 θεσπίσματι
3407 1414 3508 1484 τὴν
3553 1413 3696 1482 ἰσχὺν

2127 1509 2494 1576 καθυπέταξε.
2533 1510 2623 1564 Διδ
2656 1511 2751 1564 καὶ
2773 1510 2822 1563 οί
2865 1509 3030 1580 μέχρι
3055 1508 3261 1562 τούτων
3313 1504 3692 1576 ἀκριϐωσάμεο

2125 1620 2206 1656 νοι
2226 1602 2288 1656 τδ
2318 1601 2414 1656 τοῦ
2437 1602 2628 1671 γένους
2674 1601 2965 1667 ἀθόλωτον,
3000 1601 3102 1654 οὐκ
3116 1598 3183 1654 ἃν
3208 1599 3330 1653 οὐδὲ
3362 1597 3425 1651 τὸ
3453 1594 3698 1669 περὶτῶν

2125 1695 2432 1767 εἰρημένων
2461 1692 2768 1764 προσώπων
2790 1693 3143 1766 παρέδραμον
3177 1693 3380 1762 σιωπῇ,
3417 1691 3473 1742 ετ
3515 1704 3570 1742 τι
3614 1688 3700 1741 καὶ

2124 1787 2336 1849 τούτοις
2391 1784 2690 1856 συνῄδεσαν
2731 1782 2980 1854 ἀπρεπές
3027 1799 3088 1836 τε
3131 1782 3223 1836 καὶ
3271 1780 3534 1851 ἄσεμνον.
3587 1777 3699 1830 Τῶν

451 1878 596 1936 sent,
630 1871 678 1928 si
727 1869 859 1942 quid
911 1885 1005 1927 eas
1053 1877 1337 1941 putassent
1382 1868 1624 1924 indecori
1655 1875 1711 1922 et
1755 1865 2025 1921 inhonesti

2132 1878 2310 1933 τοίνυν
2351 1876 2681 1949 νομοθετῶν,
2706 1875 2815 1929 τῶν
2845 1875 2908 1940 ἐξ
2949 1874 3267 1946 ἀγχιστείας
3310 1869 3702 1940 κεκωλυμένων

455 1964 826 2020 committere.
872 1963 1010 2020 Cum
1056 1977 1188 2034 ergo
1233 1961 1620 2032 legumlatores
1667 1973 2024 2030 personarum

453 2055 733 2112 affinitatis
764 2055 979 2112 ratione
1015 2055 1344 2111 contrahere
1373 2053 1774 2126 prohibitarum
1805 2065 2029 2107 enume-

453 2149 724 2204 rationem
760 2148 1128 2213 instituerint,
1160 2156 1214 2202 et
1247 2147 1636 2219 prohibitionis
1669 2146 1802 2201 fines
1831 2144 1897 2198 ad
1925 2143 2028 2199 has

455 2240 601 2309 ipsas
636 2255 812 2311 usque
843 2239 1113 2296 duntaxat
1155 2239 1502 2294 extenderint
1533 2255 1548 2294 :
1575 2239 1800 2294 omnino
1829 2237 1898 2302 is,
1930 2233 2024 2306 qui

451 2341 509 2388 et
555 2333 694 2390 alias
749 2332 823 2388 ob
877 2332 1194 2388 affinitatem
1254 2331 1562 2404 probibitas
1610 2331 1884 2402 excogitat
1926 2343 2028 2383 nu-

454 2423 621 2491 ptias,
645 2437 877 2493 quarum
912 2423 988 2478 illi
1024 2421 1410 2494 legumlatores
1449 2423 1592 2478 haud
1637 2422 2026 2486 meminerunt,

453 2530 610 2570 suam
661 2513 958 2585 amplificat
998 2528 1064 2570 ex
1115 2515 1464 2570 auctoritatis
1511 2514 1865 2585 usurpatione
1910 2512 2028 2583 glo-

455 2608 618 2672 riam,
641 2622 750 2662 non
781 2607 931 2679 leges
964 2606 1235 2677 sequitur,
1260 2606 1621 2677 astipulantes
1652 2606 1782 2671 sibi,
1811 2605 1895 2660 vel
1933 2619 2030 2661 re-

454 2704 762 2766 pugnantes
808 2713 824 2751 :
878 2703 972 2751 aut
1012 2695 1180 2752 etiam
1232 2711 1462 2753 suorum
1510 2695 1909 2752 desideriorum
1963 2710 2028 2751 ac

453 2788 760 2844 studiorum
788 2788 940 2845 lucra
969 2797 1152 2861 captat
1183 2788 1430 2861 improbe
1461 2790 1564 2846 sub
1593 2788 1740 2845 larva
1767 2790 2026 2860 quadam,

456 2887 674 2944 honesti
736 2887 948 2943 scilicet
1015 2901 1081 2945 ac
1144 2886 1328 2943 decori
1390 2886 1687 2958 depravato
1737 2894 2026 2958 praetextu.

453 2977 819 3044 Quamobrem
868 2985 924 3034 et
967 2977 1169 3034 dictum
1217 2979 1649 3045 illud,-avulsum
1684 2994 1717 3035 a
1751 2988 1899 3036 recta
1947 2981 2028 3037 le-

452 3085 579 3141 gum
605 3069 900 3138 sententia,
927 3069 1086 3142 cujus
1119 3070 1235 3127 haec
1260 3072 1425 3128 verba
1453 3079 1619 3129 sunt:
1648 3073 1851 3130 Amnes
1883 3074 2029 3130 inter

452 3178 514 3220 se
554 3171 666 3219 tam
699 3163 1140 3234 ascendentium,
1175 3179 1339 3236 quam
1369 3165 1817 3224 descendentium
1851 3167 2022 3224 vicem

2131 1970 2430 2039 κατάλογον
2458 1966 2864 2038 ποιησαμένων,
2914 1967 3010 2020 καὶ
3046 1965 3209 2037 μέχρι
3239 1964 3444 2018 τούτων
3492 1962 3564 2016 τά
3612 1961 3704 2030 τῆς

2127 2064 2420 2127 κωλύσεως
2466 2062 2563 2116 καὶ
2611 2061 2772 2130 μόνον
2799 2059 3124 2131 όρισάντων,
3155 2061 3184 2112 6
3213 2059 3306 2114 καὶ
3338 2057 3562 2128 ἑτέρους
3601 2055 3705 2106 εἰσ-

2127 2155 2351 2228 άγωνζὲξ
2375 2151 2690 2226 ἀγχιστείας
2716 2152 2949 2223 γάμους,
2967 2143 3043 2204 ὧν
3058 2152 3107 2204 οί
3130 2148 3594 2219 νομοθετήσαντες
3613 2145 3704 2198 οὖν

2129 2249 2503 2322 ἐμνήσθησαν,
2525 2242 2682 2309 οὗτος
2709 2244 2866 2309 δόξαν
2895 2242 3105 2298 οἰκείαν
3147 2242 3205 2309 εξ
3238 2239 3529 2303 αὑθεντίας
3576 2237 3705 2307 πληο

2130 2343 2236 2414 ροῖ,
2265 2339 2326 2394 οὐ
2351 2338 2538 2409 νόμοις
2559 2335 2864 2400 ἀκολουθεῖ,
2914 2335 3026 2388 είτε
3081 2336 3195 2396 τοῖς
3229 2333 3330 2404 μὲν
3363 2329 3702 2403 προσκείμεο

2131 2449 2244 2497 νος,
2304 2431 2419 2494 τοῖς
2449 2428 2508 2484 δὲ
2561 2427 2937 2498 ἀντικείμενος
2965 2442 2979 2457 ·
3012 2426 3122 2480 εἴτε
3165 2425 3228 2496 δὴ
3254 2424 3350 2479 καὶ
3385 2424 3487 2486 τάς
3542 2419 3704 2475 αὐτοῦ

2129 2525 2381 2596 θελήσεις
2433 2521 2528 2577 καὶ
2561 2519 2880 2591 θεραπείας,
2910 2518 3015 2572 ὑπὸ
3066 2515 3396 2590 προσωπείῳ
3437 2513 3603 2585 δῆθεν
3643 2514 3703 2583 τῇ

2129 2615 2226 2670 τοῦ
2256 2613 2460 2686 σεμνοῦ
2505 2613 2602 2667 καὶ
2638 2611 2732 2666 τοῦ
2760 2608 3072 2680 εὐπρεποῦς
3107 2606 3560 2680 παρακερδαίνων
3613 2621 3704 2673 με·

2128 2707 2433 2778 ταποιήσει.
2461 2704 2578 2776 Ἐφ’
2617 2698 2661 2774 ᾧ
2713 2704 2810 2759 καὶ
2854 2703 2955 2772 τῆς
3015 2701 3246 2772 νομικῆς
3301 2696 3703 2767 ἀποσπαράξας

2129 2799 2422 2862 εὐθύτητος
2473 2797 2536 2851 τὸ
2597 2795 2758 2868 ῥητὸν
2813 2796 2991 2848 ἐκεῖνο
3019 2833 3034 2858 ,
3085 2791 3148 2844 τὸ
3209 2792 3442 2862 φάσκον⁹
3499 2790 3566 2843 Ol
3614 2789 3706 2855 ἀγ⁶

2129 2893 2336 2964 χιστ;ῖς
2403 2889 2541 2961 πρὸς
2607 2886 2872 2958 ἀλλήλους
2936 2883 3196 2938 ἀνιόντων
3254 2883 3348 2936 καὶ
3409 2880 3706 2934 κατιόντων

2129 2983 2283 3048 τάξιν
2313 2980 2622 3051 ὲπίχουσιν,
2658 2980 2781 3034 ὅθεν
2829 2978 2925 3033 καὶ
2970 2977 3245 3050 ἀθεμίτως
3304 2974 3704 3029 συνάπτονται·

2128 3073 2208 3138 ὡς
2254 3071 2470 3144 ἄμαχόν
2497 3088 2552 3124 τι
2581 3068 3031 3140 διεστραμμένως
3066 3067 3429 3139 προφέρουσιν
3459 3064 3527 3117 ⁸³.
3580 3062 3706 3116 Ἀπὸ

2130 3167 2334 3238 λεπτῆς
2363 3181 2499 3236 φησι
2529 3163 2734 3235 κρόκης
2761 3163 2984 3232 δεσμεῖν
3012 3160 3296 3230 ἐλέφαντα,
3331 3157 3455 3227 είκῆ
3487 3153 3706 3225 φυσιού-

452 3254 744 3323 ubtinent,
788 3255 1024 3327 ideoque
1074 3229 1282 3312 nefarie
1322 3257 1654 3328 copulantur
1700 3275 1716 3315 :
1764 3267 2024 3331 tanquam

2132 3229 2317 3330 pavos.
2366 3229 2779 3325 inito-769-16
2828 3229 2921 3307 τοῦ
2963 3229 3130 3322 νόμου
3183 3249 3423 3320 ἀξίωμα.
3465 3246 3705 3315 Ἐλιγχει

453 3347 879 3420 inexpugnabile
931 3347 1193 3418 quiddam
1243 3363 1502 3419 perverse
1545 3350 1765 3422 allegat.
1797 3349 2027 3407 Temere

452 3437 667 3495 scilicet
713 3437 958 3503 inflatus,
991 3435 1345 3508 elephantum
1390 3452 1452 3494 se
1494 3438 1642 3495 tenui
1676 3439 1767 3495 illo
1801 3440 2028 3510 colliga-

454 3539 639 3584 turum
669 3528 767 3583 ait.
799 3526 899 3584 Est
927 3527 1060 3583 illud
1091 3527 1312 3599 quidem
1337 3526 1481 3599 juris
1521 3531 1761 3586 axioma.
1795 3529 1900 3588 Sed
1930 3547 2027 3587 co-

452 3631 642 3678 natum
697 3621 940 3677 hominis
981 3620 1099 3676 ha‘c
1144 3618 1480 3692 proferentis
1517 3622 1635 3693 ipse
1681 3630 1860 3679 textus
1893 3623 2030 3695 legis

452 3713 756 3786 redarguit,
798 3713 1008 3770 clarius
1055 3713 1199 3769 hanc
1253 3714 1579 3770 sententiam
1629 3729 1930 3786 exponens,
1972 3723 2029 3772 et

453 3806 710 3876 personis
754 3805 1025 3862 duntaxat
1057 3806 1396 3864 enumeratis
1425 3807 1853 3879 prohibitionem
1885 3808 2027 3865 deﬂ-

451 3899 642 3968 niens;
671 3915 741 3956 ne
770 3901 827 3954 ln
868 3899 957 3956 his
991 3898 1155 3956 etiam
1185 3899 1392 3972 nuptie
1429 3901 1486 3956 in
1516 3899 1787 3958 infinitum
1835 3901 2028 3973 prohi-

453 3981 718 4047 beantur.‘
732 3991 909 4059 Quam
941 3991 1114 4056 enim,
1136 3989 1394 4059 obsecro,
1417 3992 1605 4050 videre
1627 4000 1714 4051 est
1745 3995 2030 4066 cognatio-

450 4098 576 4140 nem
623 4083 709 4138 vel
760 4082 1222 4140 necessitudinem
1258 4084 1544 4157 sanguinis
1587 4085 1732 4142 inter
1763 4101 1851 4143 me
1913 4085 2029 4143 fra-

451 4185 700 4246 tremque
734 4174 986 4246 coniugis
1016 4175 1203 4234 fratris
1237 4176 1368 4241 mei,
1387 4184 1608 4248 propter
1634 4191 1797 4248 quam
1841 4191 1910 4234 ex
1940 4191 2030 4235 me

452 4274 578 4322 nata
619 4266 727 4324 filia
769 4281 894 4323 cum
939 4268 1059 4338 ipso
1108 4269 1440 4325 contrahere
1482 4268 1879 4340 prohibeatur?
1919 4267 2028 4326 Sed

452 4360 773 4429 ρτιειαίιιιιυ
803 4360 893 4416 hic
922 4361 992 4416 ab
1015 4360 1138 4417 lstis
1167 4359 1460 4417 malitiosis
1486 4361 1804 4418 hominibus
1833 4360 2030 4416 confu-

2127 3349 2186 3405 δὲ
2218 3349 2319 3421 τὴν
2347 3345 2442 3402 τοῦ
2466 3346 2718 3416 λέγοντος
2746 3343 3116 3414 ὲπιχείρησιν,
3137 3340 3200 3394 τδ
3228 3338 3325 3394 τοῦ
3351 3338 3520 3410 νόμου
3574 3336 3707 3390 πλάο

2129 3459 2244 3508 τος,
2270 3440 2597 3513 τρανότερον
2645 3435 2717 3490 τὰ
2767 3435 2897 3508 περὶ
2946 3433 3112 3489 αὐτοῦ
3166 3430 3556 3503 ἐξηγούμενον,
3612 3429 3706 3482 καὶ

2132 3537 2316 3608 μόνοις
2341 3534 2454 3599 τοῖς
2484 3528 2963 3601 άπηριθμημένοις
3008 3523 3321 3597 προσώποις
3342 3525 3442 3594 τὴν
3472 3523 3706 3577 κώλυσιν

2128 3625 2466 3697 ὁριζόμενον,
2498 3619 2594 3676 τοῦ
2625 3619 2700 3692 μὴ
2726 3619 2828 3674 κάν
2859 3619 3071 3678 τούτοις
3101 3617 3192 3671 τὸν
3229 3617 3410 3686 γάμον
3435 3618 3518 3679 είς
3561 3615 3699 3668 ἀπέο

2135 3733 2329 3791 ραντον
2357 3713 2661 3787 εἴργεσθαι.
2696 3712 2864 3766 Ποίαν
2890 3710 3000 3781 γὰρ
3033 3710 3181 3764 ἔστιν
3205 3708 3355 3779 ἶίδεῖν
3387 3708 3706 3777 συγγένειαν

2127 3808 2436 3882 ῆαῖματος
2467 3804 2743 3859 οίκείωσιν
2777 3803 2980 3874 μεταξὺ
3023 3800 3160 3872 ἐμοῦ
3205 3803 3301 3854 καὶ
3343 3799 3438 3854 τοῦ
3478 3797 3704 3867 ἀδελςοῦ

2126 3899 2226 3970 τῆς
2256 3897 2350 3953 τοῦ
2379 3895 2610 3968 ἀδελφοῦ
2638 3913 2739 3966 μου
2774 3894 3043 3966 γαμετῆς,
3067 3893 3155 3947 ἵνα
3179 3892 3276 3946 καλ⁵
3301 3893 3333 3961 ὴ
3364 3893 3423 3957 ἐξ
3450 3888 3585 3961 ἐμοῦ
3610 3906 3703 3942 τυ-

2128 3992 2224 4064 χδν
2256 3991 2513 4063 τεχθεῖσα
2543 3989 2693 4062 αὐτῷ
2720 3986 3090 4043 συνάπτεσθαι
3127 3985 3407 4054 κωλύηται
3436 4001 3450 4048 ;
3489 3981 3630 4037 Ἀλλ’
3672 3981 3702 4048 ή

2132 4084 2396 4154 σύγχυσις
2429 4078 2687 4146 ἐνταῦθα,
2741 4079 2838 4134 καὶ
2879 4079 2908 4132 6
2946 4077 3166 4150 φυρμδς
3204 4078 3359 4147 παρά
3388 4075 3500 4130 τῶν
3526 4073 3705 4128 ἑθελο·

2131 4175 2319 4232 κάκων
2357 4173 2717 4246 προφέρεται,
2750 4170 2898 4242 καὶὴ
2928 4169 3037 4223 τῶν
3061 4167 3403 4237 συγγενικῶν
3425 4169 3704 4236 ὀνομάτων

2130 4267 2377 4341 ἄμειψις.
2409 4265 2518 4331 Οὓς
2557 4267 2652 4321 καὶ
2683 4263 3015 4336 προσφόρως
3041 4260 3108 4316 άν
3133 4277 3218 4322 τις
3264 4259 3472 4331 καλέσῃ
3505 4274 3704 4325 συγχυ-

2126 4362 2337 4426 τικοῦς,
2367 4359 2511 4413 οὕτω
2559 4355 2840 4428 προδήλως
2874 4352 3134 4424 τοιαύτην
3166 4352 3432 4422 σύγχυσιν
3465 4351 3527 4404 οὐ
3557 4367 3701 4421 πρα-

451 4454 535 4506 sio
576 4453 825 4523 quaedam
860 4461 916 4508 ct
945 4451 1250 4524 permistio,
1295 4453 1821 4527 c0gnaticorumque
1850 4453 2025 4510 nomi-

2132 4454 2359 4527 γμάτων
2391 4451 2573 4522 μόνον,
2603 4448 2741 4503 ἀλλά
2791 4447 2890 4501 καὶ
2930 4446 3214 4516 ὀνομάτων
3242 4445 3582 4512 εἰσάγοντας,
3611 4441 3704 4494 καὶ

449 4559 580 4600 num
626 4542 984 4616 permutatio.
1011 4543 1161 4611 Quos
1199 4558 1333 4600 sane
1371 4559 1484 4600 non
1528 4545 1628 4635 abs
1661 4560 1720 4602 re
1750 4546 2022 4618 quispiam

2129 4546 2365 4616 ἀδελφάς
2389 4545 2506 4616 μὲν,
2527 4542 2626 4606 τὰς
2646 4541 2734 4596 ἐπ’
2759 4540 3029 4610 ἀδελφοῖς,
3057 4540 3153 4594 καὶ
3174 4537 3393 4609 νύμφας
3421 4533 3703 4602 ὀνομάζειν

447 4635 798 4692 confusionis
839 4641 1097 4694 auc-tores
1141 4635 1382 4703 dixerit,
1411 4638 1506 4709 qui
1549 4628 1671 4694 tam
1725 4639 2022 4698 manifesto

2133 4639 2487 4713 βιαζομένους
2519 4635 2626 4689 ἀπὸ
2648 4635 2750 4706 τῆς
2777 4633 3088 4705 θαυμασίας
3113 4633 3316 4703 ταύτης
3352 4629 3560 4699 πλοκῆς
3614 4628 3704 4680 καὶ

448 4738 657 4784 tantam
703 4727 1082 4787 confusionem
1131 4745 1241 4788 non
1285 4730 1447 4787 modo
1485 4745 1698 4800 rerum,
1726 4733 1823 4789 sed
1853 4734 2021 4790 etiam

450 4819 846 4877 vocabulorum
887 4820 1176 4890 inducant,
1203 4831 1258 4879 et
1283 4837 1376 4880 eas
1401 4823 1646 4896 quidem,
1683 4838 1806 4895 qua
1837 4824 2026 4880 fratri-

449 4912 553 4968 bus
580 4919 763 4982 nuptae
790 4921 941 4978 sunt,
965 4928 1188 4970 sorores
1209 4929 1276 4970 ac
1299 4929 1473 4972 nurus
1499 4913 1777 4986 appellem
1801 4923 2024 4986 cogant,

445 5019 515 5059 ex
567 5001 670 5058 hoc
715 5002 1031 5060 admirabili
1074 5020 1218 5060 nexu
1251 5005 1650 5076 complexuque
1687 5013 1912 5072 mutuo;
1949 5006 2027 5062 vi-

445 5109 620 5166 ceque
663 5110 845 5162 versa,
877 5095 1079 5153 fratres
1117 5095 1304 5153 dicere
1355 5097 1605 5154 mulieris
1664 5098 1862 5170 (babae,
1902 5114 2024 5168 quae

450 5187 643 5246 istbcc
674 5189 928 5254 mutatio,
954 5205 1078 5260 quze
1100 5190 1411 5262 confusio!)
1439 5191 1532 5262 qui
1563 5191 1744 5247 mariti
1778 5191 2029 5248 mulieris

451 5279 654 5335 fratres
687 5288 839 5337 sunt.
873 5279 1030 5348 Quod
1071 5281 1117 5337 si
1153 5281 1312 5338 nobis
1341 5283 1510 5338 etiam
1543 5282 1898 5340 confusiones
1927 5283 2026 5338 bo-

448 5387 572 5427 rum
613 5372 993 5444 oppugnauda:
1042 5380 1215 5435 sunt.
1257 5383 1466 5445 quanto
1517 5375 1820 5432 secundum
1875 5377 2028 5448 ipsos

447 5463 662 5534 sequius
687 5466 884 5522 melius
908 5462 1097 5533 fuerit,
1115 5465 1281 5522 etiam
1308 5467 1538 5522 duorum
1563 5467 2022 5525 consobrinorum

447 5568 575 5612 cum
604 5552 818 5612 duabus
841 5570 908 5612 ex
931 5556 1037 5611 alia
1068 5555 1275 5618 familia
1303 5557 1649 5617 consobrinis
1677 5559 2024 5631 conjunctio-

2131 4729 2707 4801 ἀντιπεριχωρήσεως,
2740 4725 3002 4794 ἀδελφοὺς
3023 4724 3083 4778 δι
3106 4723 3205 4792 τῆς
3227 4721 3486 4792 γυναικὸς
3529 4719 3705 4789 ἔμπα·

2131 4821 2218 4876 λιν
2239 4819 2429 4891 (βαϐαὶ
2449 4818 2549 4888 τῆς
2584 4813 2886 4886 μεταϐολῆς
2912 4813 3005 4867 καὶ
3037 4813 3138 4883 τῆς
3173 4810 3492 4882 συγχύσεως
3515 4810 3555 4877 l)
3583 4808 3705 4868 τοὺς

2133 4911 2305 4980 αὐτῆς
2333 4907 2754 4978 άνδραδέλφους.
2787 4905 2852 4958 El
2897 4903 2951 4957 δὲ
2981 4903 3064 4958 δεῖ
3099 4903 3194 4956 καὶ
3223 4902 3372 4973 ἡμᾶς
3415 4901 3556 4970 πρὸς
3605 4897 3700 4959 τὰς

2127 5005 2337 5060 τούτων
2375 4999 2668 5070 συγχύσεις
2703 4994 3018 5050 ἐνίστασθαι
3042 5037 3059 5062 ,
3119 4995 3272 5065 πόσῳ
3323 4991 3525 5060 μᾶλλον
3583 4989 3699 5042 κατ’

2131 5096 2333 5158 αὐτοὺς
2357 5091 2708 5164 είρχθήσεται
2733 5088 3071 5158 δικαιότερον
3092 5080 3240 5157 καὶὴ
3270 5083 3376 5138 τῶν
3402 5083 3500 5137 δύο
3538 5083 3701 5153 sese-

2130 5205 2237 5244 νων
2271 5186 2579 5255 ἔξαδέλφων
2625 5183 2761 5255 πρὸς
2787 5183 2886 5247 τάς
2922 5183 3019 5253 ἀφ’
3046 5180 3232 5250 ἑτέρου
3263 5175 3454 5246 γένους
3486 5172 3699 5242 6536(1-

2131 5298 2241 5352 φας
2296 5279 2596 5348 συνάφειας
2628 5269 2729 5329 Ὧν
2775 5275 2928 5329 οῦπω
2976 5273 3137 5344 μέχρι
3165 5273 3259 5325 καὶ
3299 5271 3536 5340 τήμερον
3576 5264 3696 5318 οὔτε

2133 5373 2298 5444 νόμος
2325 5371 2452 5426 οῦτε
2510 5377 2695 5426 κανων
2749 5367 2848 5439 τὴν
2898 5365 3183 5436 ἐπιμιξίαν
3211 5362 3536 5432 ἀπέτρεψεν,
3582 5356 3694 5411 ἀλλ’

2131 5463 2556 5526 ἀνεπικωλύτως
2581 5463 2675 5516 καὶ
2703 5460 2873 5522 ἀδεῶς
2889 5458 3246 5528 διενεργεῖται
3275 5452 3447 5524 ὁσημέ
3458 5469 3562 5520 ραι.
3588 5449 3693 5502 Καὶ

2133 5556 2399 5628 σύγχυσις
2440 5555 2694 5612 ἐντεῦθεν
2723 5555 2820 5609 καὶ
2847 5549 3071 5624 ἄμειψις
3091 5547 3200 5603 τῶν
3229 5546 3329 5617 τῆς
3379 5541 3690 5613 συγγενείας

1707 5730 1940 5790 VARUE
1993 5730 2398 5792 LEC'I’IONES.

521 5822 570 5858 ⁸³
601 5822 886 5898 προφέρει.
