3948 6590
248 421 380 490 “09
1510 426 1777 488 GR/ECO
1797 428 2224 492 'ROMANUM.
3356 432 3511 496 1173'

243 526 519 608 ὸνομᾱιτων
564 535 732 609 πολλὴ
789 535 885 591 καὶ
943 539 1282 608 καταφανὴς.
1329 540 1404 604 ὡς
1463 539 1574 593 τῶν
1627 539 1837 596 αὑτῶν.

1938 559 2032 599 nem
2085 545 2410 616 prohiberi?
2452 560 2687 615 quorum
2742 555 2928 599 tamen
2979 547 3371 601 commercium
3435 549 3490 602 in

243 631 505 700 πρότερον
543 628 643 700 μὲν
683 630 1006 700 ὲξαδέλφους
1027 631 1292 702 ἀλλήλους
1316 631 1649 694 καλούντων,
1679 633 1817 702 μετὰ

1938 635 2245 691 todiernum
2299 651 2476 706 usque
2527 637 2672 690 diem
2721 649 2896 706 neque
2919 635 3000 690 lex
3029 676 3044 700 ,
3096 651 3273 706 neque
3314 653 3492 692 canon

240 724 296 776 δὲ
325 723 423 792 τὴν
449 718 586 790 πρὸς
611 720 854 784 ἐκείνους
892 721 1212 790 συνάφειαν,
1240 721 1631 793 συγγάμϐρους
1660 718 1818 784 αὖθις

244 812 732 883 συνελαυνομένους
746 814 790 846 ⁸⁵
813 815 1219 884 κατονομάζειν.
1233 814 1368 870 Κατ’
1392 816 1505 870 ἴσον
1517 814 1573 868 δὲ
1594 816 1689 868 καὶ
1711 813 1821 868 τῶν

245 905 475 971 θηλειῶν
517 905 816 974 ὲξαδέλφας
854 907 992 976 ὁμοῦ
1046 908 1143 962 καὶ
1204 907 1530 978 συννύμφας
1583 907 1819 978 ἀλλήλας

243 996 452 1052 καλεῖν.
490 999 602 1066 Τὴν
631 997 801 1068 αὐτὴν
854 997 899 1051 δ’
940 998 1006 1053 ἄν
1059 1017 1146 1061 τις
1183 998 1294 1052 τῶν
1347 999 1632 1070 ὀνομάτων
1684 998 1823 1066 σύγ-

244 1103 414 1156 χυσινη
468 1086 568 1141 ῐδοι
618 1089 713 1140 καὶ
767 1087 1000 1142 ἐπὶτῶν
1041 1090 1306 1158 ἀδελφῶν,
1355 1091 1466 1144 τῶν
1519 1091 1580 1155 ἐξ
1633 1091 1823 1160 ἐτέρου

245 1179 438 1246 γένους
477 1179 761 1250 δευτέραις
817 1179 1133 1252 ὲξαδέλφαις
1189 1183 1704 1254 συναρμοζομένων.
1757 1182 1824 1236 Τί

243 1270 287 1324 δ’
319 1271 388 1326 ἄν
428 1289 514 1335 τις
547 1271 692 1326 εἴποι
724 1272 820 1326 καὶ
851 1273 980 1340 περὶ
1012 1273 1122 1327 τῶν
1152 1276 1588 1344 τρισεξαδέλφων
1617 1293 1633 1342 ;
1671 1269 1767 1338 Οἷς
1797 1275 1826 1326 ό

247 1365 414 1433 νόμος
450 1364 551 1436 τὴν
600 1364 848 1436 γαμικὴν
905 1365 1238 1435 ἐπαγγελίαν
1287 1369 1347 1421 ού
1400 1368 1559 1438 μόνον
1613 1367 1828 1435 ἀφῆκεν

245 1458 548 1522 ἀκώλυτον,
581 1457 718 1513 ἀλλά
744 1459 840 1512 καὶ
867 1459 1047 1530 ῥητῶς
1065 1459 1274 1530 ταύτην
1297 1461 1620 1532 ἐπέτρεψεν.
1656 1463 1714 1514 ὲν
1746 1457 1828 1525 οἷς

245 1562 450 1617 φησιν’
499 1547 568 1602 Ἥ
591 1551 869 1619 γραφεῖσα
911 1549 1020 1603 ὑπὸ
1073 1550 1286 1621 αἵρεσιν
1317 1553 1416 1620 τῆς
1446 1552 1650 1622 μητρὸς
1698 1551 1829 1621 κλη-

248 1639 503 1710 ρονόμος,
532 1640 672 1695 Ἐὰν
691 1640 771 1708 τῷ
793 1643 1246 1714 τρισεεαδέλφφ
1266 1645 1526 1715 γαμηθῑμ
1539 1646 1647 1714 πλη
1658 1646 1830 1718 ρούτω

248 1729 474 1794 πάντως
501 1730 601 1800 τὴν
623 1731 858 1800 αἵρεσιν.
899 1735 975 1788 Oti
1002 1734 1110 1805 γάρ
1137 1736 1361 1806 αίσχρός
1399 1738 1548 1790 ἐστιν
1573 1738 1602 1790 ό
1629 1738 1828 1806 γάμος.

247 1819 315 1873 Εἰ
344 1820 424 1893 μὴ
462 1820 574 1892 ἄρα.
601 1821 811 1887 ἐκεῖνος
851 1823 1158 1896 ἐμποδίζοι.
1191 1821 1352 1881 Οὗτοι
1397 1825 1529 1896 γοῦν
1557 1826 1831 1881 συναπτό-

251 1929 431 1983 μενοι,
496 1915 558 1968 ού
617 1916 912 1981 συνεύνους
974 1919 1140 1988 μόνον
1194 1920 1316 1976 ἀντὶ
1395 1921 1832 1991 τρισεξαδέλφων

245 2006 598 2074 καλέσουσιν,
633 2008 880 2064 ἀλλὰκαὶ
911 2012 1036 2074 τοὺς
1061 2012 1310 2084 ἀλλήλων
1347 2013 1614 2085 πατέρας,
1654 2013 1833 2078 θείους

245 2099 372 2168 ἀμα
398 2099 494 2154 καὶ
533 2100 831 2173 πενθερούς
850 2118 868 2136 ·
893 2105 990 2159 καὶ
1010 2106 1062 2160 οί
1107 2107 1437 2177 γεννήτορες
1494 2103 1675 2172 αὖθις,
1713 2107 1834 2160 ἀνε-
1859 2170 1861 2172 η

253 2190 422 2261 ψιοὺς
443 2193 572 2256 τοὺς
604 2192 806 2258 αὐτοὺς
833 2194 932 2249 καὶ
962 2196 1272 2268 γαμϐρούς.
1305 2199 1415 2252 Καὶ
1442 2197 1504 2252 τδ
1527 2199 1591 2270 δὴ
1622 2198 1836 2270 θαυμα-

253 2282 515 2354 στότερον
533 2301 550 2316 ο
578 2285 662 2339 ὅτι
691 2286 786 2339 καὶ
807 2286 1242 2359 κληρονομοῦσιν
1283 2289 1571 2364 ἀλλήλους,
1605 2290 1833 2362 ἑϐδόμου

251 2373 474 2445 βαθμοῦ
501 2376 890 2448 τυγχάνοντες,
921 2380 1032 2435 τῶν
1066 2383 1520 2455 προσεχεστέρων
1547 2383 1607 2450 ἒξ
1653 2383 1834 2438 ἐπιλι-

253 2468 475 2523 πόντων
535 2469 784 2540 βαθμῶν,
819 2472 1002 2536 καθὼς
1057 2474 1155 2528 καὶ
1193 2475 1222 2528 ὁ
1276 2476 1405 2546 περὶ
1469 2475 1837 2547 κληρονομίας

255 2559 558 2630 παρίστησι
603 2559 786 2632 νόμος.
826 2561 893 2616 Ἦ
925 2563 1222 2636 συγγενικὴ
1246 2564 1487 2636 βοήθεια,
1514 2566 1573 2632 ἒξ
1595 2567 1837 2639 βαθμοὺς

255 2653 586 2718 συγγενείας
643 2653 1077 2727 περιλαμϐάνει,
1137 2659 1234 2713 καὶ
1291 2659 1400 2714 ἀπὸ
1463 2660 1558 2716 τοῦ
1606 2661 1836 2734 ἑϐδόμου

257 2742 540 2812 πρόσωπα
604 2743 722 2811 δύο,
752 2746 825 2800 τά
856 2748 1154 2819 τικτόμενα
1191 2751 1300 2805 ἀπὸ
1331 2751 1426 2806 τοῦ
1457 2753 1837 2823 δισεξαδέλφου

256 2833 358 2885 καὶ
387 2832 487 2900 τῆς
511 2833 925 2908 δισεξαδέλφης.
973 2837 1039 2892 Τί
1059 2839 1266 2894 τούτων
1311 2841 1468 2906 αὖθις
1498 2843 1838 2914 συγχυτικώ-

253 2939 421 2994 τερον
441 2941 456 2992 ;
479 2924 620 2980 Ἀλλ’
648 2928 677 2980 ὁ
705 2929 1022 3000 νομοθέτης,
1053 2930 1146 2985 τὸν
1175 2933 1342 2988 αὑτὸν
1373 2934 1634 3007 πενθερὸν
1648 2937 1842 3007 ὀνομά-

256 3015 380 3079 ζειν
412 3015 508 3070 καὶ
525 3016 688 3082 θεῖον,
710 3019 806 3074 καὶ
828 3020 1164 3095 κληρονόμον
1191 3024 1356 3079 αὑτοῦ
1379 3025 1440 3092 ἐξ
1458 3027 1839 3098 ἀποτελέσμα-

257 3122 356 3170 τος
397 3107 727 3177 δείκνυσθαι,
755 3112 853 3184 οὐχ
896 3115 1144 3186 ἡγήσατο
1165 3116 1446 3187 σύγχυσιν.
1482 3121 1668 3183 Διατίς
1716 3121 1840 3174 Ὀτι

1921 732 2067 784 uitus
2111 729 2316 792 vetuit;
2367 729 2462 785 sed
2510 730 2647 783 citra
2697 727 3141 800 prohibitionem,
3173 737 3229 782 et
3273 730 3509 798 impune-

1923 839 2010 878 res
2070 821 2318 892 quOIidie
2363 821 2664 892 peragitur.
2710 820 3076 874 Nihilominus
3133 819 3261 874 hinc
3302 835 3496 889 magna

1924 915 2327 986 manifestaque
2355 914 2612 970 confusio
2643 922 2698 969 et
2728 914 3060 984 permutatio
3091 913 3374 968 nominum
3407 928 3500 964 co-

1921 1005 2196 1075 gnationis
2241 1005 2477 1068 exsistit,
2502 1018 2626 1058 cum
2678 1003 2869 1057 illimet
2919 1002 3042 1072 ipsi,
3097 1002 3189 1072 qui
3235 1004 3390 1072 prius
3441 1017 3500 1056 sc

1923 1095 2288 1150 conSubrinos
2331 1095 2622 1160 vocabam,
2659 1103 2778 1164 post
2819 1095 3007 1148 initam
3041 1093 3184 1148 hanc
3233 1108 3357 1148 cum
3392 1093 3500 1147 illis

1923 1188 2366 1257 conjunctionem
2411 1202 2532 1242 sese
2580 1185 2956 1258 eongenerosi
2994 1187 3266 1258 appellare
3308 1201 3505 1257 cogan-

1927 1290 2037 1335 tur.
2071 1279 2192 1335 Pari
2245 1281 2407 1335 modo
2448 1287 2504 1335 et
2551 1278 2681 1348 ipsa:
2727 1278 2942 1334 femina!
2977 1289 3089 1334 tum
3119 1281 3500 1340 consolirinas,

1926 1381 2042 1427 tum
2075 1371 2295 1426 fratrias
2328 1387 2386 1428 se
2429 1371 2658 1425 invicem
2700 1371 3082 1426 nominabunt.
3111 1369 3365 1426 Eatndem
3403 1386 3506 1432 no-

1928 1462 2134 1517 minum
2169 1461 2548 1517 confusionem
2591 1463 2775 1517 videre
2805 1461 2934 1517 licet
2967 1462 3129 1516 etiam
3157 1461 3504 1541 in‘fratrihus

1929 1553 2022 1623 qui
2058 1554 2339 1625 prognatis
2373 1570 2438 1610 ex
2474 1553 2578 1608 alia
2628 1554 2833 1609 familia
2872 1555 3114 1610 sobrinis
3157 1555 3503 1624 copulantur.

1929 1645 1997 1700 Et
2019 1646 2166 1713 quid,
2191 1661 2402 1714 quaeso,
2434 1645 2636 1700 dixerit
2666 1646 2866 1716 aliquis
2896 1649 2960 1700 de
2992 1645 3341 1702 sobrinarum
3370 1662 3506 1714 quo-

1930 1753 2038 1808 que
2080 1738 2304 1795 liberis?
2329 1737 2532 1808 quibus
2574 1738 2658 1793 lex
2704 1737 3185 1810 repromissionem
3223 1737 3508 1792 matrimo-

1935 1831 2133 1886 nialem
2191 1847 2299 1886 non
2364 1833 2526 1887 modo
2574 1848 2684 1886 non
2741 1831 3069 1901 prohibitam
3118 1830 3376 1901 reliquit,
3417 1829 3508 1884 sed

1934 1917 2098 1973 etiam
2150 1918 2354 1975 diserte
2399 1920 2670 1990 permisit,
2708 1936 2874 1989 quum
2910 1919 2986 1973 ait
3017 1937 3030 1974 :
3074 1920 3204 1985 Qua:
3243 1921 3346 1976 sub
3377 1936 3509 1977 con-

1932 2008 2139 2065 ditione
2185 2011 2379 2066 matris
2425 2021 2509 2067 est
2539 2012 2712 2067 haeres
2757 2013 2988 2079 scripta,
3033 2011 3093 2068 Si
3135 2012 3337 2068 sobrini
3395 2013 3510 2082 ﬁlio

1935 2101 2174 2167 nupserit
2227 2100 2365 2172 (46),
2411 2101 2638 2156 omnino
2685 2102 3057 2157 conditionem
3113 2103 3358 2173 impleat.
3391 2101 3508 2156 Non

1934 2194 2078 2248 enim
2110 2203 2296 2264 turpes
2328 2201 2458 2249 sunt
2494 2193 2716 2264 nuptiae.
2745 2194 2860 2250 Nisi
2895 2194 3036 2250 forte
3066 2210 3163 2266 per
3192 2197 3370 2266 ipsum
3400 2206 3510 2251 ste-

1937 2285 2083 2349 terit,
2123 2285 2419 2354 quominus
2460 2286 2570 2341 fiat.
2621 2286 2675 2342 Si
2708 2303 2837 2359 ergo
2887 2289 2940 2342 hi
2991 2289 3338 2360 copulentur,
3403 2303 3510 2343 non

1937 2379 2100 2432 modo
2141 2379 2351 2446 se,tori
2399 2390 2689 2437 consortes
2724 2396 2823 2452 pro
2853 2382 3203 2437 sobrinorum
3234 2382 3381 2446 filiis,
3415 2396 3513 2448 ap-

1936 2471 2242 2541 pellabunt,
2291 2473 2650 2527 verumctiam
2705 2482 2890 2546 patres
2943 2491 3074 2530 suos
3115 2483 3226 2528 tum
3275 2473 3512 2527 minores

1943 2571 2172 2632 patruos
2235 2565 2628 2630 avunculosve,
2691 2577 2806 2620 tum
2856 2581 3126 2620 soceros:
3158 2579 3222 2619 ac
3261 2574 3514 2635 parentes

1938 2655 2057 2710 vice
2103 2669 2259 2710 versa
2321 2656 2688 2711 nominabunt
2741 2657 2962 2714 eosdem
3021 2667 3132 2712 tum
3184 2657 3511 2727 patruelium

1940 2746 2164 2812 liberos,
2206 2756 2320 2802 tum
2350 2763 2604 2818 generos.
2643 2748 2706 2802 Et
2747 2748 2891 2818 quod
2938 2750 3110 2819 magis
3156 2756 3242 2804 est
3287 2748 3512 2819 dignum

1939 2837 2322 2902 admiratione,
2342 2841 2444 2895 sibi
2476 2841 2780 2896 succedunt
2802 2841 3057 2902 invicem.
3084 2855 3250 2908 quum
3283 2841 3516 2910 septimo

1941 2929 2140 2984 distent
2169 2929 2365 3001 gradu,
2403 2930 2754 3001 pr0pioribus
2792 2945 2884 2986 sex
2909 2929 3169 3002 gradibus
3196 2930 3513 2995 exstinctis,

1939 3021 2086 3077 sicut
2113 3028 2166 3074 et
2201 3022 2285 3075 lex
2313 3020 2381 3076 de
2410 3021 2768 3076 successione
2795 3021 3084 3075 confirmat
3114 3019 3250 3090 (ιϐ’)
3275 3036 3289 3072 :
3316 3017 3514 3073 Reme-

1941 3113 2089 3166 dium
2131 3110 2282 3166 Unde
2327 3112 2564 3182 cognati,
2601 3127 2694 3168 sex
2737 3111 2941 3182 gradus
2987 3110 3328 3183 cognationis
3365 3124 3516 3166 com-

261 3199 436 3268 μηδὲν
461 3201 677 3268 πάντως
713 3203 984 3276 ἔκθεσμον
1018 3207 1187 3262 ἐνετδε
1219 3209 1300 3280 τῷ
1345 3211 1654 3281 πράγματι.
1686 3211 1837 3268 Καθδ

1947 3202 2222 3273 plectitur,
2259 3211 2315 3257 et
2355 3218 2386 3257 e
2423 3205 2659 3274 septimo
2702 3217 2968 3273 personas
3021 3203 3182 3267 duas,
3223 3217 3345 3273 qua:
3390 3217 3516 3272 pro-

260 3293 359 3344 καὶ
397 3294 565 3363 μήπω
591 3295 816 3360 κανόνος
865 3297 1016 3367 ἱεροῦ
1043 3300 1076 3371 ἢ
1122 3301 1290 3372 νόμου
1323 3303 1514 3357 καινοῦ
1545 3305 1677 3370 τοὺς
1704 3306 1843 3375 πρὸς

260 3383 530 3454 ἀλλήλους
561 3386 671 3440 τῶν
701 3388 964 3443 τοιούτων
995 3391 1307 3462 προσώπων
1335 3395 1549 3464 γάμους
1581 3395 1838 3456 ἀποκλειο

265 3478 501 3543 σάντων,
532 3479 805 3550 χωροῦσιν
834 3477 983 3538 οὗτοι
1004 3483 1091 3539 διά
1115 3485 1354 3550 πάντων,
1382 3487 1478 3540 καὶ
1499 3487 1842 3554 διαδίδονται,

260 3567 377 3621 τῶν
423 3570 740 3641 συγχύσεων
816 3573 974 3642 ὀλίγα
1043 3576 1441 3646 φροντίζοντες.
1504 3579 1664 3634 Ἀλλά
1717 3581 1846 3654 ,γὰρ

263 3658 459 3730 ῶσπερ
490 3662 588 3716 ιπὶ
626 3662 737 3716 τῶν
761 3664 828 3718 ὲκ
857 3665 1112 3736 πλαγίου,
1133 3669 1297 3740 μέχρι
1322 3669 1432 3724 τῶν
1449 3669 1845 3744 δισεξαδέλφων

262 3752 294 3803 ὸ
327 3753 492 3823 νόμος
517 3753 588 3807 τὰ
598 3754 702 3823 τῆς
723 3756 1013 3822 κωλύσεως
1027 3761 1373 3830 ὁρισάμενος,
1389 3763 1516 3827 τοὺς
1536 3768 1846 3836 περαιτέρω

261 3843 470 3900 τούτων
498 3847 671 3912 ἀδεῶς
703 3849 881 3921 ἀφῆκε
931 3850 1361 3922 συμπλέκεσθαι·
1389 3853 1568 3920 οὕτως
1615 3855 1724 3928 ἀρα
1751 3858 1846 3912 καὶ

265 3934 335 3987 τὰ
381 3937 442 4002 ἐξ
471 3938 793 4008 ἀγχιστείας
837 3941 1146 4010 καταλέξας
1189 3944 1840 4017 κωλυόμεναπρόσωπα,

265 4027 366 4081 καὶ
392 4029 617 4098 [τούτοις
661 4033 762 4105 τὴν
821 4035 1210 4108 ἀπαρίθμησιν
1255 4039 1458 4094 ὡσανεί
1507 4057 1632 4094 τινα
1667 4043 1846 4112 τειχία

263 4119 364 4173 καὶ
394 4121 554 4190 ὅρους
585 4123 831 4196 θέμενος,
863 4126 962 4197 τὴν
1001 4127 1247 4201 γαμικὴν
1278 4131 1494 4202 ὁμιλίαν
1525 4133 1634 4198 τοῖς
1665 4131 1847 4199 ἀλλοις

264 4210 591 4282 ἐπέτρεψεν.
649 4209 747 4279 Οἷς
799 4218 828 4271 ὁ
889 4218 1321 4291 ἀντινομοθετῶν
1358 4261 1376 4287 ,
1439 4225 1534 4279 καὶ
1581 4225 1653 4280 τὰ
1712 4227 1846 4297 γένη

267 4304 553 4375 προδήλως
579 4306 803 4370 ἀδικῶν,
829 4308 1021 4382 λέληθε
1041 4313 1214 4384 δήπου
1244 4315 1426 4384 πολλῷ
1453 4316 1720 4389 πρότερον
1749 4317 1846 4372 καὶ

269 4396 470 4460 αὐτοὺς
505 4396 597 4450 ὑπ’
627 4397 862 4466 εὐθύνην
882 4402 1036 4470 ἄγων
1068 4403 1194 4466 τοὺς
1220 4406 1548 4476 παριδόντας
1578 4397 1657 4470 είς
1686 4406 1848 4478 δεῦρο

267 4487 338 4542 τὰ
369 4488 595 4544 τοιαῦτα
639 4491 815 4555 θείους
865 4493 1113 4565 Πατέρας
1162 4496 1258 4550 καὶ
1295 4497 1658 4569 πατριάρχας.
1683 4498 1752 4552 Οἵ
1781 4513 1844 4566 γε

269 4578 366 4635 καὶ
405 4579 806 4638 κινδυνεύσουσι
836 4585 1049 4649 πάντως
1079 4585 1140 4639 τδ
1160 4587 1279 4640 κατ’
1307 4587 1544 4656 ιαύτοὺς,
1577 4590 1842 4660 ὲπάρατοι

267 4675 545 4743 γενέσθαι,
579 4678 676 4731 καὶ
729 4678 826 4749 τῆς
882 4677 1204 4752 Ἐκκλησίας
1239 4681 1590 4752 ὲκκήρυκτοι,
1643 4685 1694 4736 εἰ
1746 4683 1843 4737 καὶ

268 4766 758 4847 φωστήρωνδίκην
778 4767 1106 4839 ἐξέλαμψαν.
1145 4769 1241 4824 Ἐν
1268 4771 1363 4824 ἐπὶ
1383 4771 1591 4837 τούτοις
1614 4772 1846 4844 ἐροῦμεν

268 4859 365 4911 καὶ
416 4857 703 4928 σύντομον.
753 4859 815 4912 Et
877 4860 978 4931 μὲν
1041 4862 1183 4917 αὐτὰ
1239 4863 1309 4916 τά
1344 4865 1476 4936 περὶ
1531 4864 1848 4935 συγχύσεως

266 4949 722 5018 ἀπεριμερίμνως
743 4950 819 5022 τῷ
839 4951 990 5024 τόμῳ
1017 4957 1446 5026 παρεῤῥιμμένα
1479 4955 1640 5027 ῥητὰ,
1665 4958 1758 5009 καὶ
1779 4959 1844 5028 τῇ

267 5038 363 5093 τοῦ
437 5040 675 5110 μεγάλου
729 5043 1009 5099 Βασιλείου
1083 5047 1342 5118 ἐπιστολῇ
1415 5049 1844 5120 ἀπαραλείπτως

267 5131 568 5201 ὲγκείμενα
620 5133 876 5200 δείξουσι,
903 5137 1128 5192 διδόσθω
1173 5140 1294 5192 κατ’
1321 5139 1519 5202 αὐτοὺς
1544 5181 1559 5205 ,
1609 5141 1701 5193 καὶ
1744 5141 1846 5211 τὴν

265 5219 381 5274 τῶν
417 5221 677 5286 πολλάκις
711 5227 1192 5294 μνημονευθέντων
1215 5227 1523 5296 προσώπων
1545 5229 1844 5298 συνάφειαν

267 5310 382 5365 τῶν
405 5311 683 5384 ἀθεμίτων
712 5314 1005 5388 ὑπάρχειν.
1039 5317 1196 5390 Ἔχει
1221 5321 1312 5373 καὶ
1335 5319 1442 5390 γάρ
1459 5319 1630 5383 οὕτως
1651 5323 1678 5373 δ
1702 5322 1848 5395 ίερδς

1943 3302 2209 3350 creantur
2249 3309 2317 3350 ex
2355 3295 2582 3350 sobrino
2613 3304 2668 3350 et
2714 3293 2958 3350 sobrina.
2985 3292 3124 3360 Quid
3172 3293 3255 3348 his
3298 3308 3514 3347 rursum

1944 3385 2256 3442 confusioni
2291 3385 2550 3455 propius?
2578 3384 2879 3456 Legislator
2907 3391 3090 3440 tamen
3119 3383 3372 3439 eumdem
3399 3390 3513 3436 tum

1944 3481 2212 3536 socerum
2251 3477 2579 3541 nominare,
2626 3485 2742 3533 tum
2799 3477 3067 3532 minorem
3121 3487 3376 3547 patruum
3404 3515 3418 3539 ,
3464 3482 3520 3528 et

1944 3572 2263 3631 conditione
2312 3571 2532 3643 impleta
2569 3570 2834 3627 liazredem
2886 3570 3005 3642 ejus
3051 3571 3265 3635 facere,
3309 3584 3519 3640 nequa-

1945 3681 2110 3735 quam
2179 3665 2392 3737 putarit
2449 3680 2576 3721 esse
2643 3663 3046 3720 confusionem.
3101 3662 3520 3730 Quamobrem?

1945 3759 2210 3828 quoniam
2265 3757 2396 3813 huic
2452 3757 2532 3810 rei
2587 3756 2724 3812 nihil
2777 3756 3004 3810 omnino
3063 3753 3240 3809 illiciti
3302 3753 3521 3808 videbat

1947 3849 2147 3905 inesse.
2191 3849 2314 3915 Quo
2357 3849 2439 3910 ιιι,
2475 3855 2537 3902 ιιι
2587 3863 2710 3902 cum
2755 3846 2938 3902 nullus
2967 3859 3205 3915 unquam
3237 3859 3518 3914 sacerea-

1947 3956 2080 4004 non,
2113 3947 2209 3996 aut
2247 3941 2331 3995 lex
2369 3940 2551 4009 aliqua
2595 3953 2772 4005 nova,
2818 3937 3037 4008 nuptias
3080 3937 3223 3992 inter
3254 3950 3517 4005 personas

1947 4033 2266 4104 huiusmodi
2315 4040 2632 4088 contractas
2677 4029 3053 4094 excluserim;
3097 4029 3148 4083 hi
3193 4036 3375 4082 tamen
3424 4043 3520 4098 per

1947 4125 2136 4183 omnia
2177 4132 2354 4181 semet
2404 4124 2658 4195 iungerent
2700 4137 2765 4179 ac
2806 4130 3075 4193 vagentur
3115 4135 3223 4175 non
3266 4134 3519 4190 magnam

1946 4217 2335 4274 confusionum
2383 4215 2650 4269 rationem
2721 4211 3007 4267 habentes.
3070 4209 3325 4265 Sedenim
3379 4224 3518 4279 que-

1949 4311 2299 4366 madmodum
2333 4309 2388 4364 in
2431 4308 2519 4372 iis,
2564 4307 2660 4377 qui
2691 4315 2818 4362 sunt
2847 4320 2912 4361 ex
2954 4314 3290 4368 transverso,
3329 4303 3394 4356 ad
3427 4318 3522 4358 so-

1949 4404 2139 4458 brinos
2181 4417 2356 4471 usque
2400 4400 2621 4456 definita
2676 4397 3073 4471 prohibitione,
3131 4395 3520 4452 remotioribus

1950 4495 2119 4552 libere
2169 4493 2403 4552 coeundi
2438 4499 2761 4563 potestatem
2809 4491 2894 4546 lex
2930 4489 3059 4546 fecit
3088 4505 3105 4544 :
3137 4489 3219 4545 sic
3245 4489 3409 4543 etiam
3440 4502 3526 4540 re-

1948 4589 2178 4646 censitis
2209 4586 2465 4659 personis
2498 4586 2714 4642 ratione
2739 4583 3020 4640 aﬂinitatis
3051 4580 3362 4654 prohibitis,
3385 4580 3525 4634 hanc

1949 4682 2122 4751 ipsam
2163 4680 2634 4735 enumerationem
2665 4677 2745 4733 eis
2774 4675 2938 4731 veluti
2982 4683 3136 4746 septa
3177 4673 3424 4744 quaedam
3461 4686 3524 4725 ac

1950 4773 2156 4828 limites
2183 4769 2498 4831 constituit,
2531 4767 2923 4823 matritnoniali
2967 4766 3182 4822 caneris
3226 4773 3525 4820 consuetu-

1946 4865 2077 4921 dine
2124 4863 2415 4934 pormissa.
2451 4860 2666 4928 Quibus
2727 4874 2861 4915 sane
2908 4859 3000 4929 qui
3037 4859 3146 4913 lata
3211 4858 3368 4927 quasi
3409 4857 3524 4926 lege

1949 4955 2228 5012 contraria
2265 4955 2476 5018 statuit,
2503 4960 2556 5008 et
2583 4951 2876 5006 manifesto
2907 4950 3128 5005 familiis
3153 4950 3408 5019 iniuriam
3440 4947 3522 5002 fa-

1957 5051 2064 5116 cit;
2117 5051 2281 5104 etiam
2343 5047 2507 5102 tacite
2556 5056 2777 5100 sanctos
2809 5045 2998 5100 Patres
3047 5058 3110 5098 ac
3155 5044 3522 5114 patriam-has.

1951 5141 2044 5211 qui
2093 5138 2362 5193 hactenus
2415 5137 2542 5190 talia
2585 5135 2940 5206 neglexerint,
2974 5149 3098 5189 reos
3138 5135 3347 5204 peragit
3380 5152 3391 5186 :
3430 5132 3522 5201 qui

1953 5231 2176 5302 quidem
2219 5228 2467 5290 omnino,
2497 5233 2764 5296 quantum
2798 5225 2854 5279 in
2885 5225 3007 5280 istis
3045 5234 3146 5290 est,
3181 5235 3330 5279 extra
3376 5223 3521 5293 peri-

1917 5323 2138 5379 .culum
2174 5317 2460 5376 constituti
2511 5333 2619 5374 non
2659 5325 2842 5385 erunt,
2878 5316 3176 5388 quominus
3211 5312 3520 5370 exsecrabi-

1574 5489 1806 5544 VARUE
1842 5487 2248 5546 LECTIONES.

344 5566 387 5598 τ’
426 5569 925 5643 ουνελαυνομένων.

345 5657 470 5712 ivel
521 5663 736 5728 rectius,
784 5664 1042 5733 coafﬁues.

1746 5764 1976 5822 NUTzE.

340 5850 456 5923 (Mi)
491 5851 528 5908 Ι.
569 5867 626 5920 tt,
656 5853 718 5910 C.
765 5853 838 5910 De
866 5853 1036 5910 instit.
1071 5868 1115 5910 ei
1157 5856 1427 5912 anbslitut.

2028 5863 2158 5935 (ὥθ’)
2195 5863 2287 5920 Ι.ι.
2335 5861 2361 5934 §
2399 5858 2741 5916 "acutum.
2773 5855 2833 5912 D.
2881 5852 3026 5912 Unde
3057 5853 3312 5926 cognatis.
