  <div class='ocr_page' id='page_1' title='image "/cluster/home/n/w/nwhite01/storage/ocr_20150623/119/hvd.32044019208156/563.png"; bbox 0 0 3948 6576; ppageno 0'>
   <div class='ocr_carea' id='block_1_1' title="bbox 463 404 623 470">
    <p class='ocr_par' dir='ltr' id='par_1_1' title="bbox 463 404 623 470">
     <span class='ocr_line' id='line_1_1' title="bbox 463 404 623 470; baseline 0 0"><span class='ocrx_word' id='word_1_1' title='bbox 463 404 623 470; x_wconf 84' lang='lat'>-1111</span> 
     </span>
    </p>
   </div>
   <div class='ocr_carea' id='block_1_2' title="bbox 1795 409 2397 473">
    <p class='ocr_par' dir='ltr' id='par_1_2' title="bbox 1795 409 2397 473">
     <span class='ocr_line' id='line_1_2' title="bbox 1795 409 2397 473; baseline 0.002 -1"><span class='ocrx_word' id='word_1_2' title='bbox 1795 411 1930 472; x_wconf 86' lang='lat' dir='ltr'><strong>JUS</strong></span> <span class='ocrx_word' id='word_1_3' title='bbox 1953 409 2397 473; x_wconf 74' lang='lat' dir='ltr'><strong>CANONICUM</strong></span> 
     </span>
    </p>
   </div>
   <div class='ocr_carea' id='block_1_3' title="bbox 3613 413 3740 487">
    <p class='ocr_par' dir='ltr' id='par_1_3' title="bbox 3613 413 3740 487">
     <span class='ocr_line' id='line_1_3' title="bbox 3613 413 3740 487; baseline 0.071 -9"><span class='ocrx_word' id='word_1_4' title='bbox 3613 413 3740 487; x_wconf 78' lang='lat'>1112</span> 
     </span>
    </p>
   </div>
   <div class='ocr_carea' id='block_1_4' title="bbox 489 521 2047 612">
    <p class='ocr_par' dir='ltr' id='par_1_4' title="bbox 489 521 2047 589">
     <span class='ocr_line' id='line_1_4' title="bbox 489 521 2047 589; baseline 0.003 -17"><span class='ocrx_word' id='word_1_5' title='bbox 489 521 570 573; x_wconf 87' lang='lat' dir='ltr'><strong>les</strong></span> <span class='ocrx_word' id='word_1_6' title='bbox 608 521 828 585; x_wconf 87' lang='lat' dir='ltr'><strong>fuerint,</strong></span> <span class='ocrx_word' id='word_1_7' title='bbox 863 532 916 579; x_wconf 88' lang='lat' dir='ltr'><strong>et</strong></span> <span class='ocrx_word' id='word_1_8' title='bbox 964 524 1031 578; x_wconf 88' lang='lat' dir='ltr'><strong>ab</strong></span> <span class='ocrx_word' id='word_1_9' title='bbox 1074 524 1314 582; x_wconf 76' lang='lat' dir='ltr'><strong>Ecclesia</strong></span> <span class='ocrx_word' id='word_1_10' title='bbox 1346 525 1577 589; x_wconf 71' lang='lat' dir='ltr'><strong>exclusi,</strong></span> <span class='ocrx_word' id='word_1_11' title='bbox 1616 525 1742 580; x_wconf 89' lang='lat' dir='ltr'><strong>licet</strong></span> <span class='ocrx_word' id='word_1_12' title='bbox 1777 526 1949 578; x_wconf 88' lang='lat' dir='ltr'><strong>instar</strong></span> <span class='ocrx_word' id='word_1_13' title='bbox 1986 524 2047 576; x_wconf 34' lang='lat' dir='ltr'><strong>lu.</strong></span> 
     </span>
    </p>
   </div>
   <div class='ocr_carea' id='block_1_5' title="bbox 2153 521 3739 612">
    <p class='ocr_par' dir='ltr' id='par_1_5' title="bbox 2173 523 3739 612">
     <span class='ocr_line' id='line_1_5' title="bbox 2173 523 3739 612; baseline 0.006 -36"><span class='ocrx_word' id='word_1_14' title='bbox 2173 523 2267 576; x_wconf 75' lang='grc' dir='ltr'>καὶ</span> <span class='ocrx_word' id='word_1_15' title='bbox 2303 524 2476 593; x_wconf 81' lang='grc' dir='ltr'><strong>μέγας</strong></span> <span class='ocrx_word' id='word_1_16' title='bbox 2505 524 2804 588; x_wconf 82' lang='grc' dir='ltr'>Βασίλειος,</span> <span class='ocrx_word' id='word_1_17' title='bbox 2830 525 2857 577; x_wconf 80' lang='grc' dir='ltr'><strong>ό</strong></span> <span class='ocrx_word' id='word_1_18' title='bbox 2883 542 2977 579; x_wconf 87' lang='grc' dir='ltr'><strong>και</strong></span> <span class='ocrx_word' id='word_1_19' title='bbox 3003 525 3073 580; x_wconf 78' lang='grc' dir='ltr'><strong>τά</strong></span> <span class='ocrx_word' id='word_1_20' title='bbox 3103 525 3253 612; x_wconf 44' lang='grc' dir='ltr'>,βάθη</span> <span class='ocrx_word' id='word_1_21' title='bbox 3279 524 3376 582; x_wconf 80' lang='grc' dir='ltr'>τοῦ</span> <span class='ocrx_word' id='word_1_22' title='bbox 3411 528 3739 601; x_wconf 85' lang='grc' dir='ltr'>Πνεύματος,</span> 
     </span>
    </p>
   </div>
   <div class='ocr_carea' id='block_1_6' title="bbox 489 611 2043 689">
    <p class='ocr_par' dir='ltr' id='par_1_6' title="bbox 489 611 2043 689">
     <span class='ocr_line' id='line_1_6' title="bbox 489 611 2043 689; baseline 0.003 -27"><span class='ocrx_word' id='word_1_23' title='bbox 489 611 780 667; x_wconf 78' lang='lat' dir='ltr'><strong>miliarium</strong></span> <span class='ocrx_word' id='word_1_24' title='bbox 841 617 1235 684; x_wconf 83' lang='lat' dir='ltr'><strong>splenduerint.</strong></span> <span class='ocrx_word' id='word_1_25' title='bbox 1283 619 1462 674; x_wconf 91' lang='lat' dir='ltr'><strong>Unum</strong></span> <span class='ocrx_word' id='word_1_26' title='bbox 1527 627 1722 689; x_wconf 63' lang='lat' dir='ltr'><strong>praeter</strong></span> <span class='ocrx_word' id='word_1_27' title='bbox 1783 615 1935 677; x_wconf 69' lang='lat' dir='ltr'><strong>haec,</strong></span> <span class='ocrx_word' id='word_1_28' title='bbox 1988 622 2043 667; x_wconf 92' lang='lat' dir='ltr'><strong>et</strong></span> 
     </span>
    </p>
   </div>
   <div class='ocr_carea' id='block_1_7' title="bbox 2149 615 3256 688">
    <p class='ocr_par' dir='ltr' id='par_1_7' title="bbox 2149 615 3256 688">
     <span class='ocr_line' id='line_1_7' title="bbox 2149 615 3256 688; baseline 0.006 -21"><span class='ocrx_word' id='word_1_29' title='bbox 2149 615 2292 668; x_wconf 84' lang='grc' dir='ltr'><strong>κατά</strong></span> <span class='ocrx_word' id='word_1_30' title='bbox 2315 616 2409 686; x_wconf 80' lang='grc' dir='ltr'>τὴν</span> <span class='ocrx_word' id='word_1_31' title='bbox 2433 617 2698 685; x_wconf 85' lang='grc' dir='ltr'>Θεολόγου</span> <span class='ocrx_word' id='word_1_32' title='bbox 2751 617 2958 688; x_wconf 78' lang='grc' dir='ltr'>φωνὴν,</span> <span class='ocrx_word' id='word_1_33' title='bbox 2991 619 3256 688; x_wconf 82' lang='grc' dir='ltr'><strong>ἐρευνῶν·</strong></span> 
     </span>
    </p>
   </div>
   <div class='ocr_carea' id='block_1_8' title="bbox 490 705 3738 785">
    <p class='ocr_par' dir='ltr' id='par_1_8' title="bbox 490 705 3738 785">
     <span class='ocr_line' id='line_1_8' title="bbox 490 705 3738 785; baseline 0.005 -33"><span class='ocrx_word' id='word_1_34' title='bbox 490 705 678 770; x_wconf 72' lang='lat' dir='ltr'><strong>paucis</strong></span> <span class='ocrx_word' id='word_1_35' title='bbox 719 707 936 776; x_wconf 81' lang='lat' dir='ltr'><strong>quidem</strong></span> <span class='ocrx_word' id='word_1_36' title='bbox 973 710 1172 774; x_wconf 83' lang='lat' dir='ltr'><strong>verbis,</strong></span> <span class='ocrx_word' id='word_1_37' title='bbox 1223 711 1563 780; x_wconf 84' lang='lat' dir='ltr'><strong>adjicieinus.</strong></span> <span class='ocrx_word' id='word_1_38' title='bbox 1609 711 1662 765; x_wconf 87' lang='lat' dir='ltr'><strong>Si</strong></span> <span class='ocrx_word' id='word_1_39' title='bbox 1711 711 1928 780; x_wconf 83' lang='lat' dir='ltr'><strong>quidem</strong></span> <span class='ocrx_word' id='word_1_40' title='bbox 1972 709 2058 762; x_wconf 87' lang='lat' dir='ltr'><strong>illa</strong></span> <span class='ocrx_word' id='word_1_41' title='bbox 2101 706 2168 762; x_wconf 93' lang='lat' dir='ltr'><strong>de</strong></span> <span class='ocrx_word' id='word_1_42' title='bbox 2211 709 2539 766; x_wconf 82' lang='lat' dir='ltr'><strong>confusione</strong></span> <span class='ocrx_word' id='word_1_43' title='bbox 2572 713 2759 780; x_wconf 87' lang='lat' dir='ltr'><strong>verba,</strong></span> <span class='ocrx_word' id='word_1_44' title='bbox 2805 711 3172 785; x_wconf 80' lang='lat' dir='ltr'><strong>incogitantcr</strong></span> <span class='ocrx_word' id='word_1_45' title='bbox 3237 715 3484 784; x_wconf 86' lang='lat' dir='ltr'><strong>ipsorum</strong></span> <span class='ocrx_word' id='word_1_46' title='bbox 3550 714 3738 784; x_wconf 83' lang='lat' dir='ltr'><strong>injecta</strong></span> 
     </span>
    </p>
   </div>
   <div class='ocr_carea' id='block_1_9' title="bbox 489 799 3738 879">
    <p class='ocr_par' dir='ltr' id='par_1_9' title="bbox 489 799 3738 879">
     <span class='ocr_line' id='line_1_9' title="bbox 489 799 3738 879; baseline 0.006 -32"><span class='ocrx_word' id='word_1_47' title='bbox 489 799 716 867; x_wconf 74' lang='lat' dir='ltr'><strong>scripto,</strong></span> <span class='ocrx_word' id='word_1_48' title='bbox 751 801 914 855; x_wconf 83' lang='lat' dir='ltr'><strong>etiam</strong></span> <span class='ocrx_word' id='word_1_49' title='bbox 955 803 1076 857; x_wconf 83' lang='lat' dir='ltr'><strong>sine</strong></span> <span class='ocrx_word' id='word_1_50' title='bbox 1124 803 1336 860; x_wconf 79' lang='lat' dir='ltr'><strong>defectu</strong></span> <span class='ocrx_word' id='word_1_51' title='bbox 1379 807 1433 861; x_wconf 88' lang='lat' dir='ltr'><strong>in</strong></span> <span class='ocrx_word' id='word_1_52' title='bbox 1480 807 1659 876; x_wconf 80' lang='lat' dir='ltr'><strong>magni</strong></span> <span class='ocrx_word' id='word_1_53' title='bbox 1711 805 1896 858; x_wconf 78' lang='lat' dir='ltr'><strong>Basilii</strong></span> <span class='ocrx_word' id='word_1_54' title='bbox 1947 802 2178 872; x_wconf 84' lang='lat' dir='ltr'><strong>cpistola</strong></span> <span class='ocrx_word' id='word_1_55' title='bbox 2212 804 2389 872; x_wconf 89' lang='lat' dir='ltr'><strong>posita</strong></span> <span class='ocrx_word' id='word_1_56' title='bbox 2423 806 2820 875; x_wconf 84' lang='lat' dir='ltr'><strong>probaverim:</strong></span> <span class='ocrx_word' id='word_1_57' title='bbox 2891 808 3226 862; x_wconf 74' lang='lat' dir='ltr'><strong>concedatur</strong></span> <span class='ocrx_word' id='word_1_58' title='bbox 3291 823 3447 872; x_wconf 87' lang='lat' dir='ltr'><strong>sane,</strong></span> <span class='ocrx_word' id='word_1_59' title='bbox 3515 821 3576 866; x_wconf 87' lang='lat' dir='ltr'><strong>ut</strong></span> <span class='ocrx_word' id='word_1_60' title='bbox 3629 827 3738 879; x_wconf 73' lang='lat' dir='ltr'><strong>qua:</strong></span> 
     </span>
    </p>
   </div>
   <div class='ocr_carea' id='block_1_10' title="bbox 489 890 3737 966">
    <p class='ocr_par' dir='ltr' id='par_1_10' title="bbox 489 890 3737 966">
     <span class='ocr_line' id='line_1_10' title="bbox 489 890 3737 966; baseline 0.003 -24"><span class='ocrx_word' id='word_1_61' title='bbox 489 890 732 957; x_wconf 77' lang='lat' dir='ltr'><strong>ipSmtlttl</strong></span> <span class='ocrx_word' id='word_1_62' title='bbox 770 901 852 946; x_wconf 88' lang='lat' dir='ltr'><strong>est</strong></span> <span class='ocrx_word' id='word_1_63' title='bbox 885 897 1178 958; x_wconf 78' lang='lat' dir='ltr'><strong>sententia,</strong></span> <span class='ocrx_word' id='word_1_64' title='bbox 1218 896 1420 966; x_wconf 73' lang='lat' dir='ltr'><strong>smpius</strong></span> <span class='ocrx_word' id='word_1_65' title='bbox 1461 896 1823 950; x_wconf 84' lang='lat' dir='ltr'><strong>iudicatarum</strong></span> <span class='ocrx_word' id='word_1_66' title='bbox 1863 906 2220 962; x_wconf 85' lang='lat' dir='ltr'><strong>personarum</strong></span> <span class='ocrx_word' id='word_1_67' title='bbox 2250 893 2570 962; x_wconf 89' lang='lat' dir='ltr'><strong>conjunctio</strong></span> <span class='ocrx_word' id='word_1_68' title='bbox 2619 897 2690 952; x_wconf 87' lang='lat' dir='ltr'><strong>sit</strong></span> <span class='ocrx_word' id='word_1_69' title='bbox 2727 896 2942 951; x_wconf 80' lang='lat' dir='ltr'><strong>illicita.</strong></span> <span class='ocrx_word' id='word_1_70' title='bbox 2997 895 3130 950; x_wconf 88' lang='lat' dir='ltr'><strong>Nam</strong></span> <span class='ocrx_word' id='word_1_71' title='bbox 3206 897 3286 950; x_wconf 88' lang='lat' dir='ltr'><strong>sic</strong></span> <span class='ocrx_word' id='word_1_72' title='bbox 3355 897 3521 952; x_wconf 90' lang='lat' dir='ltr'><strong>habet</strong></span> <span class='ocrx_word' id='word_1_73' title='bbox 3594 915 3737 956; x_wconf 82' lang='lat' dir='ltr'><strong>sacer</strong></span> 
     </span>
    </p>
   </div>
   <div class='ocr_carea' id='block_1_11' title="bbox 489 983 3407 1060">
    <p class='ocr_par' dir='ltr' id='par_1_11' title="bbox 489 983 3407 1060">
     <span class='ocr_line' id='line_1_11' title="bbox 489 983 3407 1060; baseline 0.004 -24"><span class='ocrx_word' id='word_1_74' title='bbox 489 999 552 1037; x_wconf 89' lang='lat' dir='ltr'><strong>ac</strong></span> <span class='ocrx_word' id='word_1_75' title='bbox 589 1000 818 1052; x_wconf 70' lang='lat' dir='ltr'><strong>magnus</strong></span> <span class='ocrx_word' id='word_1_76' title='bbox 860 987 948 1040; x_wconf 91' lang='lat' dir='ltr'><strong>ille</strong></span> <span class='ocrx_word' id='word_1_77' title='bbox 983 986 1237 1049; x_wconf 89' lang='lat' dir='ltr'><strong>Basilius,</strong></span> <span class='ocrx_word' id='word_1_78' title='bbox 1271 989 1363 1057; x_wconf 87' lang='lat' dir='ltr'><strong>qtti</strong></span> <span class='ocrx_word' id='word_1_79' title='bbox 1408 996 1463 1043; x_wconf 91' lang='lat' dir='ltr'><strong>ct</strong></span> <span class='ocrx_word' id='word_1_80' title='bbox 1511 989 1740 1060; x_wconf 80' lang='lat' dir='ltr'><strong>Spiritus</strong></span> <span class='ocrx_word' id='word_1_81' title='bbox 1773 983 2195 1057; x_wconf 84' lang='lat' dir='ltr'><strong>profunditates,</strong></span> <span class='ocrx_word' id='word_1_82' title='bbox 2231 995 2288 1038; x_wconf 90' lang='lat' dir='ltr'><strong>ut</strong></span> <span class='ocrx_word' id='word_1_83' title='bbox 2315 983 2612 1056; x_wconf 82' lang='lat' dir='ltr'><strong>Gregorius</strong></span> <span class='ocrx_word' id='word_1_84' title='bbox 2646 990 2956 1058; x_wconf 79' lang='lat' dir='ltr'><strong>Theologtts</strong></span> <span class='ocrx_word' id='word_1_85' title='bbox 2986 990 3077 1053; x_wconf 85' lang='lat' dir='ltr'><strong>ait,</strong></span> <span class='ocrx_word' id='word_1_86' title='bbox 3108 1001 3407 1048; x_wconf 78' lang='lat' dir='ltr'><strong>scrutatur.</strong></span> 
     </span>
    </p>
   </div>
   <div class='ocr_carea' id='block_1_12' title="bbox 563 1077 2059 1150">
    <p class='ocr_par' dir='ltr' id='par_1_12' title="bbox 563 1077 2059 1150">
     <span class='ocr_line' id='line_1_12' title="bbox 563 1077 2059 1150; baseline 0.002 -23"><span class='ocrx_word' id='word_1_87' title='bbox 563 1078 799 1132; x_wconf 82' lang='lat' dir='ltr'><strong>Basilius</strong></span> <span class='ocrx_word' id='word_1_88' title='bbox 833 1093 986 1147; x_wconf 72' lang='lat' dir='ltr'><strong>ergo,</strong></span> <span class='ocrx_word' id='word_1_89' title='bbox 1040 1079 1106 1134; x_wconf 87' lang='lat' dir='ltr'><strong>de</strong></span> <span class='ocrx_word' id='word_1_90' title='bbox 1141 1082 1346 1150; x_wconf 90' lang='lat' dir='ltr'><strong>nuptiis</strong></span> <span class='ocrx_word' id='word_1_91' title='bbox 1381 1080 1708 1150; x_wconf 90' lang='lat' dir='ltr'><strong>quibusdam</strong></span> <span class='ocrx_word' id='word_1_92' title='bbox 1741 1079 1948 1133; x_wconf 76' lang='lat' dir='ltr'><strong>illicitis</strong></span> <span class='ocrx_word' id='word_1_93' title='bbox 1978 1077 2059 1131; x_wconf 87' lang='lat' dir='ltr'><strong>lo-</strong></span> 
     </span>
    </p>
   </div>
   <div class='ocr_carea' id='block_1_13' title="bbox 489 1172 2128 1245">
    <p class='ocr_par' dir='ltr' id='par_1_13' title="bbox 489 1172 2128 1245">
     <span class='ocr_line' id='line_1_13' title="bbox 489 1172 2128 1245; baseline 0.003 -24"><span class='ocrx_word' id='word_1_94' title='bbox 489 1186 684 1238; x_wconf 88' lang='lat' dir='ltr'><strong>quens,</strong></span> <span class='ocrx_word' id='word_1_95' title='bbox 735 1172 1202 1242; x_wconf 81' lang='lat' dir='ltr'><strong>compendiariam</strong></span> <span class='ocrx_word' id='word_1_96' title='bbox 1248 1176 1448 1245; x_wconf 71' lang='lat' dir='ltr'><strong>prmliet</strong></span> <span class='ocrx_word' id='word_1_97' title='bbox 1480 1186 1687 1237; x_wconf 81' lang='lat' dir='ltr'><strong>natam,</strong></span> <span class='ocrx_word' id='word_1_98' title='bbox 1719 1189 1825 1243; x_wconf 89' lang='lat' dir='ltr'><strong>qua</strong></span> <span class='ocrx_word' id='word_1_99' title='bbox 1860 1173 2060 1227; x_wconf 75' lang='lat' dir='ltr'><strong>illicita:</strong></span> <span class='ocrx_word' id='word_1_100' title='bbox 2099 1230 2128 1239; x_wconf 32' lang='grc' dir='ltr'><em>ῢ</em></span> 
     </span>
    </p>
   </div>
   <div class='ocr_carea' id='block_1_14' title="bbox 490 1263 2058 1339">
    <p class='ocr_par' dir='ltr' id='par_1_14' title="bbox 490 1263 2058 1339">
     <span class='ocr_line' id='line_1_14' title="bbox 490 1263 2058 1339; baseline 0.001 -23"><span class='ocrx_word' id='word_1_101' title='bbox 490 1263 691 1332; x_wconf 73' lang='lat' dir='ltr'><strong>nuptiae</strong></span> <span class='ocrx_word' id='word_1_102' title='bbox 740 1280 766 1315; x_wconf 90' lang='lat' dir='ltr'><strong>a</strong></span> <span class='ocrx_word' id='word_1_103' title='bbox 812 1265 1068 1329; x_wconf 71' lang='lat' dir='ltr'><strong>legitimis</strong></span> <span class='ocrx_word' id='word_1_104' title='bbox 1118 1266 1278 1322; x_wconf 73' lang='lat' dir='ltr'><strong>facile</strong></span> <span class='ocrx_word' id='word_1_105' title='bbox 1324 1267 1537 1323; x_wconf 89' lang='lat' dir='ltr'><strong>secerni</strong></span> <span class='ocrx_word' id='word_1_106' title='bbox 1579 1267 1810 1339; x_wconf 83' lang='lat' dir='ltr'><strong>possint.</strong></span> <span class='ocrx_word' id='word_1_107' title='bbox 1849 1267 1905 1320; x_wconf 89' lang='lat' dir='ltr'><strong>1n</strong></span> <span class='ocrx_word' id='word_1_108' title='bbox 1939 1265 2058 1335; x_wconf 90' lang='lat' dir='ltr'><strong>qui-</strong></span> 
     </span>
    </p>
   </div>
   <div class='ocr_carea' id='block_1_15' title="bbox 487 1352 2058 1428">
    <p class='ocr_par' dir='ltr' id='par_1_15' title="bbox 487 1352 2058 1428">
     <span class='ocr_line' id='line_1_15' title="bbox 487 1352 2058 1428; baseline 0.003 -22"><span class='ocrx_word' id='word_1_109' title='bbox 487 1352 612 1415; x_wconf 85' lang='lat' dir='ltr'><strong>bus,</strong></span> <span class='ocrx_word' id='word_1_110' title='bbox 643 1354 844 1422; x_wconf 84' lang='lat' dir='ltr'><strong>inquit,</strong></span> <span class='ocrx_word' id='word_1_111' title='bbox 878 1357 1094 1425; x_wconf 78' lang='lat' dir='ltr'><strong>generis</strong></span> <span class='ocrx_word' id='word_1_112' title='bbox 1118 1358 1512 1428; x_wconf 84' lang='lat' dir='ltr'><strong>appellationes</strong></span> <span class='ocrx_word' id='word_1_113' title='bbox 1539 1359 1972 1422; x_wconf 88' lang='lat' dir='ltr'><strong>confunduntur,</strong></span> <span class='ocrx_word' id='word_1_114' title='bbox 2005 1357 2058 1411; x_wconf 92' lang='lat' dir='ltr'><strong>in</strong></span> 
     </span>
    </p>
   </div>
   <div class='ocr_carea' id='block_1_16' title="bbox 488 1445 2082 1515">
    <p class='ocr_par' dir='ltr' id='par_1_16' title="bbox 488 1445 2082 1515">
     <span class='ocr_line' id='line_1_16' title="bbox 488 1445 2082 1515; baseline 0.002 -18"><span class='ocrx_word' id='word_1_115' title='bbox 488 1445 572 1499; x_wconf 87' lang='lat' dir='ltr'><strong>his</strong></span> <span class='ocrx_word' id='word_1_116' title='bbox 610 1445 830 1501; x_wconf 67' lang='lat' dir='ltr'><strong>nefaria:</strong></span> <span class='ocrx_word' id='word_1_117' title='bbox 862 1458 987 1502; x_wconf 88' lang='lat' dir='ltr'><strong>sunt</strong></span> <span class='ocrx_word' id='word_1_118' title='bbox 1025 1452 1242 1515; x_wconf 65' lang='lat' dir='ltr'><strong>nuptiae.</strong></span> <span class='ocrx_word' id='word_1_119' title='bbox 1281 1451 1403 1506; x_wconf 68' lang='lat' dir='ltr'><strong>limo</strong></span> <span class='ocrx_word' id='word_1_120' title='bbox 1447 1453 1520 1505; x_wconf 88' lang='lat' dir='ltr'><strong>illi</strong></span> <span class='ocrx_word' id='word_1_121' title='bbox 1564 1463 1712 1505; x_wconf 91' lang='lat' dir='ltr'><strong>tomo</strong></span> <span class='ocrx_word' id='word_1_122' title='bbox 1743 1451 1902 1504; x_wconf 83' lang='lat' dir='ltr'><strong>verba</strong></span> <span class='ocrx_word' id='word_1_123' title='bbox 1934 1456 2082 1503; x_wconf 83' lang='lat' dir='ltr'><strong>sunt.</strong></span> 
     </span>
    </p>
   </div>
   <div class='ocr_carea' id='block_1_17' title="bbox 487 1537 2062 1614">
    <p class='ocr_par' dir='ltr' id='par_1_17' title="bbox 487 1537 2062 1614">
     <span class='ocr_line' id='line_1_17' title="bbox 487 1537 2062 1614; baseline 0.004 -25"><span class='ocrx_word' id='word_1_124' title='bbox 487 1537 716 1594; x_wconf 86' lang='lat' dir='ltr'><strong>inserta.</strong></span> <span class='ocrx_word' id='word_1_125' title='bbox 747 1541 948 1595; x_wconf 82' lang='lat' dir='ltr'><strong>Verum</strong></span> <span class='ocrx_word' id='word_1_126' title='bbox 979 1545 1204 1611; x_wconf 87' lang='lat' dir='ltr'><strong>epistola</strong></span> <span class='ocrx_word' id='word_1_127' title='bbox 1249 1561 1372 1598; x_wconf 85' lang='lat' dir='ltr'><strong>eum</strong></span> <span class='ocrx_word' id='word_1_128' title='bbox 1409 1545 1475 1600; x_wconf 89' lang='lat' dir='ltr'><strong>de</strong></span> <span class='ocrx_word' id='word_1_129' title='bbox 1507 1545 1574 1599; x_wconf 84' lang='lat' dir='ltr'><strong>iis</strong></span> <span class='ocrx_word' id='word_1_130' title='bbox 1599 1544 1832 1608; x_wconf 76' lang='lat' dir='ltr'><strong>diﬂerat,</strong></span> <span class='ocrx_word' id='word_1_131' title='bbox 1875 1543 1966 1614; x_wconf 88' lang='lat' dir='ltr'><strong>qui</strong></span> <span class='ocrx_word' id='word_1_132' title='bbox 1997 1557 2062 1596; x_wconf 77' lang='lat' dir='ltr'><strong>ex</strong></span> 
     </span>
    </p>
   </div>
   <div class='ocr_carea' id='block_1_18' title="bbox 488 1635 2060 1702">
    <p class='ocr_par' dir='ltr' id='par_1_18' title="bbox 488 1635 2060 1702">
     <span class='ocr_line' id='line_1_18' title="bbox 488 1635 2060 1702; baseline 0.006 -20"><span class='ocrx_word' id='word_1_133' title='bbox 488 1647 592 1682; x_wconf 87' lang='lat' dir='ltr'><strong>uno</strong></span> <span class='ocrx_word' id='word_1_134' title='bbox 650 1635 768 1687; x_wconf 82' lang='lat' dir='ltr'><strong>viro</strong></span> <span class='ocrx_word' id='word_1_135' title='bbox 796 1647 845 1688; x_wconf 87' lang='lat' dir='ltr'><strong>et</strong></span> <span class='ocrx_word' id='word_1_136' title='bbox 887 1635 1102 1690; x_wconf 83' lang='lat' dir='ltr'><strong>duabus</strong></span> <span class='ocrx_word' id='word_1_137' title='bbox 1162 1639 1378 1694; x_wconf 87' lang='lat' dir='ltr'><strong>feminis</strong></span> <span class='ocrx_word' id='word_1_138' title='bbox 1411 1639 1695 1694; x_wconf 80' lang='lat' dir='ltr'><strong>sororibus</strong></span> <span class='ocrx_word' id='word_1_139' title='bbox 1726 1648 2060 1702; x_wconf 87' lang='lat' dir='ltr'><strong>nascuntur,</strong></span> 
     </span>
    </p>
   </div>
   <div class='ocr_carea' id='block_1_19' title="bbox 488 1727 2059 1802">
    <p class='ocr_par' dir='ltr' id='par_1_19' title="bbox 488 1727 2059 1802">
     <span class='ocr_line' id='line_1_19' title="bbox 488 1727 2059 1802; baseline 0.004 -26"><span class='ocrx_word' id='word_1_140' title='bbox 488 1727 621 1780; x_wconf 84' lang='lat' dir='ltr'><strong>nihil</strong></span> <span class='ocrx_word' id='word_1_141' title='bbox 665 1728 810 1782; x_wconf 90' lang='lat' dir='ltr'><strong>aliud</strong></span> <span class='ocrx_word' id='word_1_142' title='bbox 861 1731 1098 1798; x_wconf 87' lang='lat' dir='ltr'><strong>positum</strong></span> <span class='ocrx_word' id='word_1_143' title='bbox 1150 1732 1392 1787; x_wconf 80' lang='lat' dir='ltr'><strong>invenire</strong></span> <span class='ocrx_word' id='word_1_144' title='bbox 1439 1744 1541 1797; x_wconf 88' lang='lat' dir='ltr'><strong>est,</strong></span> <span class='ocrx_word' id='word_1_145' title='bbox 1578 1747 1739 1802; x_wconf 87' lang='lat' dir='ltr'><strong>quam</strong></span> <span class='ocrx_word' id='word_1_146' title='bbox 1783 1731 1898 1785; x_wconf 69' lang='lat' dir='ltr'><strong>haec</strong></span> <span class='ocrx_word' id='word_1_147' title='bbox 1943 1731 2059 1795; x_wconf 85' lang='lat' dir='ltr'><strong>ipsa</strong></span> 
     </span>
    </p>
   </div>
   <div class='ocr_carea' id='block_1_20' title="bbox 491 1817 2057 1894">
    <p class='ocr_par' dir='ltr' id='par_1_20' title="bbox 491 1817 2057 1894">
     <span class='ocr_line' id='line_1_20' title="bbox 491 1817 2057 1894; baseline 0.004 -25"><span class='ocrx_word' id='word_1_148' title='bbox 491 1817 650 1871; x_wconf 77' lang='lat' dir='ltr'><strong>verba</strong></span> <span class='ocrx_word' id='word_1_149' title='bbox 703 1837 718 1873; x_wconf 88' lang='lat'><strong>:</strong></span> <span class='ocrx_word' id='word_1_150' title='bbox 768 1819 1038 1886; x_wconf 81' lang='lat' dir='ltr'><strong>Quanam,</strong></span> <span class='ocrx_word' id='word_1_151' title='bbox 1074 1822 1270 1891; x_wconf 87' lang='lat' dir='ltr'><strong>inquit,</strong></span> <span class='ocrx_word' id='word_1_152' title='bbox 1313 1840 1378 1878; x_wconf 79' lang='lat' dir='ltr'><strong>ex</strong></span> <span class='ocrx_word' id='word_1_153' title='bbox 1415 1827 1738 1894; x_wconf 81' lang='lat' dir='ltr'><strong>cognatione</strong></span> <span class='ocrx_word' id='word_1_154' title='bbox 1782 1823 1861 1879; x_wconf 87' lang='lat' dir='ltr'><strong>sic</strong></span> <span class='ocrx_word' id='word_1_155' title='bbox 1899 1831 2057 1877; x_wconf 85' lang='lat' dir='ltr'><strong>Italos</strong></span> 
     </span>
    </p>
   </div>
   <div class='ocr_carea' id='block_1_21' title="bbox 485 1911 2054 1982">
    <p class='ocr_par' dir='ltr' id='par_1_21' title="bbox 485 1911 2054 1982">
     <span class='ocr_line' id='line_1_21' title="bbox 485 1911 2054 1982; baseline 0.006 -22"><span class='ocrx_word' id='word_1_156' title='bbox 485 1911 875 1979; x_wconf 79' lang='lat' dir='ltr'><strong>appellabunt?</strong></span> <span class='ocrx_word' id='word_1_157' title='bbox 902 1913 1038 1967; x_wconf 76' lang='lat' dir='ltr'><strong>Num</strong></span> <span class='ocrx_word' id='word_1_158' title='bbox 1084 1914 1280 1970; x_wconf 78' lang='lat' dir='ltr'><strong>fratres</strong></span> <span class='ocrx_word' id='word_1_159' title='bbox 1329 1915 1470 1970; x_wconf 86' lang='lat' dir='ltr'><strong>inter</strong></span> <span class='ocrx_word' id='word_1_160' title='bbox 1500 1931 1559 1971; x_wconf 90' lang='lat' dir='ltr'><strong>se</strong></span> <span class='ocrx_word' id='word_1_161' title='bbox 1598 1917 1798 1982; x_wconf 87' lang='lat' dir='ltr'><strong>dicent,</strong></span> <span class='ocrx_word' id='word_1_162' title='bbox 1832 1931 1898 1970; x_wconf 86' lang='lat' dir='ltr'><strong>an</strong></span> <span class='ocrx_word' id='word_1_163' title='bbox 1929 1931 2054 1970; x_wconf 74' lang='lat' dir='ltr'><strong>cnn-</strong></span> 
     </span>
    </p>
   </div>
   <div class='ocr_carea' id='block_1_22' title="bbox 484 2001 2056 2077">
    <p class='ocr_par' dir='ltr' id='par_1_22' title="bbox 484 2001 2056 2077">
     <span class='ocr_line' id='line_1_22' title="bbox 484 2001 2056 2077; baseline 0.002 -23"><span class='ocrx_word' id='word_1_164' title='bbox 484 2001 776 2059; x_wconf 84' lang='lat' dir='ltr'><strong>sobrinos?</strong></span> <span class='ocrx_word' id='word_1_165' title='bbox 827 2004 1074 2073; x_wconf 81' lang='lat' dir='ltr'><strong>Utraque</strong></span> <span class='ocrx_word' id='word_1_166' title='bbox 1133 2017 1282 2060; x_wconf 90' lang='lat' dir='ltr'><strong>certe</strong></span> <span class='ocrx_word' id='word_1_167' title='bbox 1338 2015 1650 2077; x_wconf 86' lang='lat' dir='ltr'><strong>competent</strong></span> <span class='ocrx_word' id='word_1_168' title='bbox 1693 2007 1793 2070; x_wconf 87' lang='lat' dir='ltr'><strong>eis,</strong></span> <span class='ocrx_word' id='word_1_169' title='bbox 1833 2013 2056 2076; x_wconf 75' lang='lat' dir='ltr'><strong>propter</strong></span> 
     </span>
    </p>
   </div>
   <div class='ocr_carea' id='block_1_23' title="bbox 479 2089 2054 2158">
    <p class='ocr_par' dir='ltr' id='par_1_23' title="bbox 479 2089 2054 2158">
     <span class='ocr_line' id='line_1_23' title="bbox 479 2089 2054 2158; baseline 0.001 -14"><span class='ocrx_word' id='word_1_170' title='bbox 479 2089 884 2145; x_wconf 89' lang='lat' dir='ltr'><strong>confusionem.</strong></span> <span class='ocrx_word' id='word_1_171' title='bbox 915 2092 1280 2158; x_wconf 85' lang='lat' dir='ltr'><strong>Quamobrem</strong></span> <span class='ocrx_word' id='word_1_172' title='bbox 1314 2109 1436 2148; x_wconf 84' lang='lat' dir='ltr'><strong>eum</strong></span> <span class='ocrx_word' id='word_1_173' title='bbox 1470 2095 1634 2150; x_wconf 87' lang='lat' dir='ltr'><strong>verba</strong></span> <span class='ocrx_word' id='word_1_174' title='bbox 1677 2095 1834 2158; x_wconf 91' lang='lat' dir='ltr'><strong>tomi,</strong></span> <span class='ocrx_word' id='word_1_175' title='bbox 1868 2093 1936 2147; x_wconf 91' lang='lat' dir='ltr'><strong>ab</strong></span> <span class='ocrx_word' id='word_1_176' title='bbox 1967 2095 2054 2146; x_wconf 77' lang='lat' dir='ltr'><strong>in-</strong></span> 
     </span>
    </p>
   </div>
   <div class='ocr_carea' id='block_1_24' title="bbox 480 2179 2053 2250">
    <p class='ocr_par' dir='ltr' id='par_1_24' title="bbox 480 2179 2053 2250">
     <span class='ocr_line' id='line_1_24' title="bbox 480 2179 2053 2250; baseline 0.003 -20"><span class='ocrx_word' id='word_1_177' title='bbox 480 2179 736 2247; x_wconf 85' lang='lat' dir='ltr'><strong>terpretis</strong></span> <span class='ocrx_word' id='word_1_178' title='bbox 765 2195 946 2234; x_wconf 89' lang='lat' dir='ltr'><strong>rerum</strong></span> <span class='ocrx_word' id='word_1_179' title='bbox 975 2181 1284 2236; x_wconf 88' lang='lat' dir='ltr'><strong>divinarum</strong></span> <span class='ocrx_word' id='word_1_180' title='bbox 1322 2182 1511 2236; x_wconf 80' lang='lat' dir='ltr'><strong>Basilii</strong></span> <span class='ocrx_word' id='word_1_181' title='bbox 1546 2183 1730 2237; x_wconf 78' lang='lat' dir='ltr'><strong>verbis</strong></span> <span class='ocrx_word' id='word_1_182' title='bbox 1771 2190 2053 2250; x_wconf 83' lang='lat' dir='ltr'><strong>tantopere</strong></span> 
     </span>
    </p>
   </div>
   <div class='ocr_carea' id='block_1_25' title="bbox 478 2271 2052 2344">
    <p class='ocr_par' dir='ltr' id='par_1_25' title="bbox 478 2271 2052 2344">
     <span class='ocr_line' id='line_1_25' title="bbox 478 2271 2052 2344; baseline 0.002 -20"><span class='ocrx_word' id='word_1_183' title='bbox 478 2271 812 2341; x_wconf 82' lang='lat' dir='ltr'><strong>discrepent,</strong></span> <span class='ocrx_word' id='word_1_184' title='bbox 871 2283 985 2328; x_wconf 89' lang='lat' dir='ltr'><strong>tum</strong></span> <span class='ocrx_word' id='word_1_185' title='bbox 1036 2273 1280 2344; x_wconf 89' lang='lat' dir='ltr'><strong>ipsorum</strong></span> <span class='ocrx_word' id='word_1_186' title='bbox 1326 2274 1640 2337; x_wconf 74' lang='lat' dir='ltr'><strong>verborum,</strong></span> <span class='ocrx_word' id='word_1_187' title='bbox 1687 2281 1802 2326; x_wconf 90' lang='lat' dir='ltr'><strong>tum</strong></span> <span class='ocrx_word' id='word_1_188' title='bbox 1854 2287 2052 2327; x_wconf 86' lang='lat' dir='ltr'><strong>sensus</strong></span> 
     </span>
    </p>
   </div>
   <div class='ocr_carea' id='block_1_26' title="bbox 478 2364 2049 2436">
    <p class='ocr_par' dir='ltr' id='par_1_26' title="bbox 478 2364 2049 2436">
     <span class='ocr_line' id='line_1_26' title="bbox 478 2364 2049 2436; baseline -0.001 -18"><span class='ocrx_word' id='word_1_189' title='bbox 478 2364 720 2430; x_wconf 85' lang='lat' dir='ltr'><strong>ratione;</strong></span> <span class='ocrx_word' id='word_1_190' title='bbox 765 2382 1001 2436; x_wconf 91' lang='lat' dir='ltr'><strong>eumque</strong></span> <span class='ocrx_word' id='word_1_191' title='bbox 1039 2368 1174 2424; x_wconf 85' lang='lat' dir='ltr'><strong>adeo</strong></span> <span class='ocrx_word' id='word_1_192' title='bbox 1224 2377 1428 2423; x_wconf 89' lang='lat' dir='ltr'><strong>remota</strong></span> <span class='ocrx_word' id='word_1_193' title='bbox 1473 2367 1586 2422; x_wconf 86' lang='lat' dir='ltr'><strong>sint</strong></span> <span class='ocrx_word' id='word_1_194' title='bbox 1625 2382 1652 2419; x_wconf 89' lang='lat' dir='ltr'><strong>a</strong></span> <span class='ocrx_word' id='word_1_195' title='bbox 1700 2381 1758 2422; x_wconf 90' lang='lat' dir='ltr'><strong>sc</strong></span> <span class='ocrx_word' id='word_1_196' title='bbox 1794 2365 2049 2430; x_wconf 89' lang='lat' dir='ltr'><strong>invicem,</strong></span> 
     </span>
    </p>
   </div>
   <div class='ocr_carea' id='block_1_27' title="bbox 477 2459 2052 2528">
    <p class='ocr_par' dir='ltr' id='par_1_27' title="bbox 477 2459 2052 2528">
     <span class='ocr_line' id='line_1_27' title="bbox 477 2459 2052 2528; baseline 0.002 -20"><span class='ocrx_word' id='word_1_197' title='bbox 477 2465 538 2509; x_wconf 93' lang='lat' dir='ltr'><strong>ut</strong></span> <span class='ocrx_word' id='word_1_198' title='bbox 589 2471 750 2512; x_wconf 87' lang='lat' dir='ltr'><strong>nemo</strong></span> <span class='ocrx_word' id='word_1_199' title='bbox 799 2473 905 2513; x_wconf 90' lang='lat' dir='ltr'><strong>non</strong></span> <span class='ocrx_word' id='word_1_200' title='bbox 967 2459 1058 2513; x_wconf 88' lang='lat' dir='ltr'><strong>illa</strong></span> <span class='ocrx_word' id='word_1_201' title='bbox 1109 2467 1256 2513; x_wconf 91' lang='lat' dir='ltr'><strong>tomo</strong></span> <span class='ocrx_word' id='word_1_202' title='bbox 1310 2459 1705 2528; x_wconf 86' lang='lat' dir='ltr'><strong>comprehensa</strong></span> <span class='ocrx_word' id='word_1_203' title='bbox 1761 2472 1862 2528; x_wconf 90' lang='lat' dir='ltr'><strong>pro</strong></span> <span class='ocrx_word' id='word_1_204' title='bbox 1910 2471 2052 2511; x_wconf 88' lang='lat' dir='ltr'><strong>vano</strong></span> 
     </span>
    </p>
   </div>
   <div class='ocr_carea' id='block_1_28' title="bbox 476 2549 2048 2622">
    <p class='ocr_par' dir='ltr' id='par_1_28' title="bbox 476 2549 2048 2622">
     <span class='ocr_line' id='line_1_28' title="bbox 476 2549 2048 2622; baseline 0.001 -19"><span class='ocrx_word' id='word_1_205' title='bbox 476 2549 735 2619; x_wconf 76' lang='lat' dir='ltr'><strong>figmento</strong></span> <span class='ocrx_word' id='word_1_206' title='bbox 758 2549 1025 2606; x_wconf 76' lang='lat' dir='ltr'><strong>duntaxat</strong></span> <span class='ocrx_word' id='word_1_207' title='bbox 1061 2552 1258 2606; x_wconf 87' lang='lat' dir='ltr'><strong>habeat</strong></span> <span class='ocrx_word' id='word_1_208' title='bbox 1297 2571 1310 2607; x_wconf 89' lang='lat'><strong>:</strong></span> <span class='ocrx_word' id='word_1_209' title='bbox 1341 2551 1593 2622; x_wconf 88' lang='lat' dir='ltr'><strong>quisquis</strong></span> <span class='ocrx_word' id='word_1_210' title='bbox 1624 2566 1756 2607; x_wconf 87' lang='lat' dir='ltr'><strong>sane</strong></span> <span class='ocrx_word' id='word_1_211' title='bbox 1790 2559 2048 2620; x_wconf 88' lang='lat' dir='ltr'><strong>tanquam</strong></span> 
     </span>
    </p>
   </div>
   <div class='ocr_carea' id='block_1_29' title="bbox 469 2642 2050 2714">
    <p class='ocr_par' dir='ltr' id='par_1_29' title="bbox 469 2642 2050 2714">
     <span class='ocr_line' id='line_1_29' title="bbox 469 2642 2050 2714; baseline -0.001 -18"><span class='ocrx_word' id='word_1_212' title='bbox 469 2642 716 2712; x_wconf 72' lang='lat' dir='ltr'><strong>generali</strong></span> <span class='ocrx_word' id='word_1_213' title='bbox 747 2643 980 2714; x_wconf 89' lang='lat' dir='ltr'><strong>quadam</strong></span> <span class='ocrx_word' id='word_1_214' title='bbox 1009 2645 1192 2714; x_wconf 76' lang='lat' dir='ltr'><strong>regula</strong></span> <span class='ocrx_word' id='word_1_215' title='bbox 1226 2653 1429 2700; x_wconf 83' lang='lat' dir='ltr'><strong>temere</strong></span> <span class='ocrx_word' id='word_1_216' title='bbox 1456 2644 1599 2699; x_wconf 91' lang='lat' dir='ltr'><strong>volet</strong></span> <span class='ocrx_word' id='word_1_217' title='bbox 1624 2643 1708 2699; x_wconf 93' lang='lat' dir='ltr'><strong>his</strong></span> <span class='ocrx_word' id='word_1_218' title='bbox 1734 2643 1833 2707; x_wconf 88' lang='lat' dir='ltr'><strong>uti,</strong></span> <span class='ocrx_word' id='word_1_219' title='bbox 1857 2650 2050 2711; x_wconf 86' lang='lat' dir='ltr'><strong>totque</strong></span> 
     </span>
    </p>
   </div>
   <div class='ocr_carea' id='block_1_30' title="bbox 475 2733 2045 2805">
    <p class='ocr_par' dir='ltr' id='par_1_30' title="bbox 475 2733 2045 2805">
     <span class='ocr_line' id='line_1_30' title="bbox 475 2733 2045 2805; baseline 0 -17"><span class='ocrx_word' id='word_1_220' title='bbox 475 2733 830 2790; x_wconf 86' lang='lat' dir='ltr'><strong>confusiones</strong></span> <span class='ocrx_word' id='word_1_221' title='bbox 881 2735 1008 2792; x_wconf 87' lang='lat' dir='ltr'><strong>inde</strong></span> <span class='ocrx_word' id='word_1_222' title='bbox 1059 2735 1430 2791; x_wconf 87' lang='lat' dir='ltr'><strong>matrimoniis</strong></span> <span class='ocrx_word' id='word_1_223' title='bbox 1476 2735 1758 2802; x_wconf 80' lang='lat' dir='ltr'><strong>invehere,</strong></span> <span class='ocrx_word' id='word_1_224' title='bbox 1806 2735 2045 2805; x_wconf 83' lang='lat' dir='ltr'><strong>scipsum</strong></span> 
     </span>
    </p>
   </div>
   <div class='ocr_carea' id='block_1_31' title="bbox 473 2821 2046 2899">
    <p class='ocr_par' dir='ltr' id='par_1_31' title="bbox 473 2821 2046 2899">
     <span class='ocr_line' id='line_1_31' title="bbox 473 2821 2046 2899; baseline -0.001 -19"><span class='ocrx_word' id='word_1_225' title='bbox 473 2826 795 2896; x_wconf 87' lang='lat' dir='ltr'><strong>imprudens</strong></span> <span class='ocrx_word' id='word_1_226' title='bbox 845 2829 1070 2899; x_wconf 86' lang='lat' dir='ltr'><strong>decipit,</strong></span> <span class='ocrx_word' id='word_1_227' title='bbox 1105 2828 1233 2883; x_wconf 88' lang='lat' dir='ltr'><strong>dum</strong></span> <span class='ocrx_word' id='word_1_228' title='bbox 1285 2827 1440 2882; x_wconf 81' lang='lat' dir='ltr'><strong>falsis</strong></span> <span class='ocrx_word' id='word_1_229' title='bbox 1485 2843 1550 2882; x_wconf 82' lang='lat' dir='ltr'><strong>ex</strong></span> <span class='ocrx_word' id='word_1_230' title='bbox 1604 2821 1912 2898; x_wconf 63' lang='lat' dir='ltr'><strong>principiis,</strong></span> <span class='ocrx_word' id='word_1_231' title='bbox 1947 2840 2046 2880; x_wconf 90' lang='lat' dir='ltr'><strong>ceu</strong></span> 
     </span>
    </p>
   </div>
   <div class='ocr_carea' id='block_1_32' title="bbox 476 2919 1766 2992">
    <p class='ocr_par' dir='ltr' id='par_1_32' title="bbox 476 2919 1766 2992">
     <span class='ocr_line' id='line_1_32' title="bbox 476 2919 1766 2992; baseline -0.001 -19"><span class='ocrx_word' id='word_1_232' title='bbox 476 2919 584 2976; x_wconf 81' lang='lat' dir='ltr'><strong>dici</strong></span> <span class='ocrx_word' id='word_1_233' title='bbox 613 2920 774 2985; x_wconf 84' lang='lat' dir='ltr'><strong>solet,</strong></span> <span class='ocrx_word' id='word_1_234' title='bbox 807 2921 1096 2991; x_wconf 86' lang='lat' dir='ltr'><strong>opiniones</strong></span> <span class='ocrx_word' id='word_1_235' title='bbox 1129 2937 1258 2976; x_wconf 88' lang='lat' dir='ltr'><strong>suas</strong></span> <span class='ocrx_word' id='word_1_236' title='bbox 1290 2921 1521 2992; x_wconf 88' lang='lat' dir='ltr'><strong>probare</strong></span> <span class='ocrx_word' id='word_1_237' title='bbox 1552 2921 1766 2975; x_wconf 89' lang='lat' dir='ltr'><strong>nititur.</strong></span> 
     </span>
    </p>
   </div>
   <div class='ocr_carea' id='block_1_33' title="bbox 541 3010 2046 3084">
    <p class='ocr_par' dir='ltr' id='par_1_33' title="bbox 541 3010 2046 3084">
     <span class='ocr_line' id='line_1_33' title="bbox 541 3010 2046 3084; baseline 0.001 -20"><span class='ocrx_word' id='word_1_238' title='bbox 541 3010 754 3078; x_wconf 79' lang='lat' dir='ltr'><strong>Restat,</strong></span> <span class='ocrx_word' id='word_1_239' title='bbox 804 3021 862 3067; x_wconf 91' lang='lat' dir='ltr'><strong>ut</strong></span> <span class='ocrx_word' id='word_1_240' title='bbox 896 3013 963 3067; x_wconf 87' lang='lat' dir='ltr'><strong>ad</strong></span> <span class='ocrx_word' id='word_1_241' title='bbox 1014 3015 1253 3084; x_wconf 82' lang='lat' dir='ltr'><strong>ipsorum</strong></span> <span class='ocrx_word' id='word_1_242' title='bbox 1299 3013 1612 3076; x_wconf 90' lang='lat' dir='ltr'><strong>honestum,</strong></span> <span class='ocrx_word' id='word_1_243' title='bbox 1657 3011 1869 3067; x_wconf 85' lang='lat' dir='ltr'><strong>honesti</strong></span> <span class='ocrx_word' id='word_1_244' title='bbox 1905 3026 2046 3082; x_wconf 73' lang='lat' dir='ltr'><strong>prte-</strong></span> 
     </span>
    </p>
   </div>
   <div class='ocr_carea' id='block_1_34' title="bbox 473 3102 2044 3174">
    <p class='ocr_par' dir='ltr' id='par_1_34' title="bbox 473 3102 2044 3174">
     <span class='ocr_line' id='line_1_34' title="bbox 473 3102 2044 3174; baseline -0.002 -16"><span class='ocrx_word' id='word_1_245' title='bbox 473 3114 676 3159; x_wconf 79' lang='lat' dir='ltr'><strong>textum</strong></span> <span class='ocrx_word' id='word_1_246' title='bbox 727 3119 790 3158; x_wconf 90' lang='lat' dir='ltr'><strong>ac</strong></span> <span class='ocrx_word' id='word_1_247' title='bbox 838 3102 1095 3167; x_wconf 90' lang='lat' dir='ltr'><strong>fulcrum,</strong></span> <span class='ocrx_word' id='word_1_248' title='bbox 1133 3105 1323 3174; x_wconf 86' lang='lat' dir='ltr'><strong>pauris</strong></span> <span class='ocrx_word' id='word_1_249' title='bbox 1371 3103 1670 3159; x_wconf 83' lang='lat' dir='ltr'><strong>differendo</strong></span> <span class='ocrx_word' id='word_1_250' title='bbox 1710 3103 2044 3172; x_wconf 59' lang='lat' dir='ltr'><strong>respondes.</strong></span> 
     </span>
    </p>
   </div>
   <div class='ocr_carea' id='block_1_35' title="bbox 2239 1071 3728 1153">
    <p class='ocr_par' dir='ltr' id='par_1_35' title="bbox 2239 1071 3728 1153">
     <span class='ocr_line' id='line_1_35' title="bbox 2239 1071 3728 1153; baseline 0.005 -24"><span class='ocrx_word' id='word_1_251' title='bbox 2239 1071 2409 1142; x_wconf 77' lang='grc' dir='ltr'>Οὗτος</span> <span class='ocrx_word' id='word_1_252' title='bbox 2441 1079 2568 1139; x_wconf 85' lang='grc' dir='ltr'>περί</span> <span class='ocrx_word' id='word_1_253' title='bbox 2609 1097 2754 1143; x_wconf 86' lang='grc' dir='ltr'>τινος</span> <span class='ocrx_word' id='word_1_254' title='bbox 2794 1079 3054 1149; x_wconf 72' lang='grc' dir='ltr'>ἀθεμίτου</span> <span class='ocrx_word' id='word_1_255' title='bbox 3100 1080 3282 1150; x_wconf 88' lang='grc' dir='ltr'>γάμου</span> <span class='ocrx_word' id='word_1_256' title='bbox 3338 1081 3728 1153; x_wconf 80' lang='grc' dir='ltr'>διαλεγόμενος,</span> 
     </span>
    </p>
   </div>
   <div class='ocr_carea' id='block_1_36' title="bbox 2166 1166 3727 1246">
    <p class='ocr_par' dir='ltr' id='par_1_36' title="bbox 2166 1166 3727 1246">
     <span class='ocr_line' id='line_1_36' title="bbox 2166 1166 3727 1246; baseline 0.004 -25"><span class='ocrx_word' id='word_1_257' title='bbox 2166 1169 2426 1240; x_wconf 83' lang='grc' dir='ltr'>ἐπίτομον</span> <span class='ocrx_word' id='word_1_258' title='bbox 2454 1170 2743 1242; x_wconf 84' lang='grc' dir='ltr'>γνώρισμα</span> <span class='ocrx_word' id='word_1_259' title='bbox 2777 1171 3016 1237; x_wconf 87' lang='grc' dir='ltr'>δίδωσιν,</span> <span class='ocrx_word' id='word_1_260' title='bbox 3049 1173 3107 1225; x_wconf 87' lang='grc' dir='ltr'><strong>ἐν</strong></span> <span class='ocrx_word' id='word_1_261' title='bbox 3204 1175 3271 1227; x_wconf 78' lang='grc' dir='ltr'><strong>τά</strong></span> <span class='ocrx_word' id='word_1_262' title='bbox 3327 1175 3438 1226; x_wconf 89' lang='grc' dir='ltr'><strong>τῶν</strong></span> <span class='ocrx_word' id='word_1_263' title='bbox 3467 1176 3727 1246; x_wconf 83' lang='grc' dir='ltr'>ἀθεμίτων</span> 
     </span>
    </p>
   </div>
   <div class='ocr_carea' id='block_1_37' title="bbox 2165 1259 3729 1335">
    <p class='ocr_par' dir='ltr' id='par_1_37' title="bbox 2165 1259 3729 1335">
     <span class='ocr_line' id='line_1_37' title="bbox 2165 1259 3729 1335; baseline 0.007 -25"><span class='ocrx_word' id='word_1_264' title='bbox 2165 1259 2360 1328; x_wconf 86' lang='grc' dir='ltr'>γάμων</span> <span class='ocrx_word' id='word_1_265' title='bbox 2409 1261 2611 1331; x_wconf 75' lang='grc' dir='ltr'>ῥαδίως</span> <span class='ocrx_word' id='word_1_266' title='bbox 2657 1262 2766 1314; x_wconf 89' lang='grc' dir='ltr'><strong>τῶν</strong></span> <span class='ocrx_word' id='word_1_267' title='bbox 2818 1263 3064 1333; x_wconf 79' lang='grc' dir='ltr'><strong>νομίμων</strong></span> <span class='ocrx_word' id='word_1_268' title='bbox 3105 1263 3574 1335; x_wconf 76' lang='grc' dir='ltr'><strong>ἀποκριθήσονται</strong></span> <span class='ocrx_word' id='word_1_269' title='bbox 3600 1283 3616 1298; x_wconf 78' lang='grc'><strong><em>⁸</em></strong></span> <span class='ocrx_word' id='word_1_270' title='bbox 3653 1271 3729 1321; x_wconf 86' lang='grc' dir='ltr'>Ἐν</span> 
     </span>
    </p>
   </div>
   <div class='ocr_carea' id='block_1_38' title="bbox 2167 1346 3729 1426">
    <p class='ocr_par' dir='ltr' id='par_1_38' title="bbox 2167 1346 3729 1426">
     <span class='ocr_line' id='line_1_38' title="bbox 2167 1346 3729 1426; baseline 0.007 -24"><span class='ocrx_word' id='word_1_271' title='bbox 2167 1346 2271 1414; x_wconf 73' lang='grc' dir='ltr'>οἷς,</span> <span class='ocrx_word' id='word_1_272' title='bbox 2305 1350 2500 1419; x_wconf 87' lang='grc' dir='ltr'>λέγων,</span> <span class='ocrx_word' id='word_1_273' title='bbox 2537 1352 2606 1406; x_wconf 82' lang='grc' dir='ltr'>τὰ</span> <span class='ocrx_word' id='word_1_274' title='bbox 2634 1352 2726 1406; x_wconf 80' lang='grc' dir='ltr'>τοῦ</span> <span class='ocrx_word' id='word_1_275' title='bbox 2777 1353 2966 1422; x_wconf 81' lang='grc' dir='ltr'>γένους</span> <span class='ocrx_word' id='word_1_276' title='bbox 3027 1353 3348 1425; x_wconf 80' lang='grc' dir='ltr'>συγχέονται</span> <span class='ocrx_word' id='word_1_277' title='bbox 3385 1359 3646 1426; x_wconf 80' lang='grc' dir='ltr'>ὀνόματα.</span> <span class='ocrx_word' id='word_1_278' title='bbox 3681 1362 3729 1413; x_wconf 84' lang='grc' dir='ltr'>ὲν</span> 
     </span>
    </p>
   </div>
   <div class='ocr_carea' id='block_1_39' title="bbox 2165 1441 3726 1520">
    <p class='ocr_par' dir='ltr' id='par_1_39' title="bbox 2165 1441 3726 1520">
     <span class='ocr_line' id='line_1_39' title="bbox 2165 1441 3726 1520; baseline 0.008 -29"><span class='ocrx_word' id='word_1_279' title='bbox 2165 1441 2375 1504; x_wconf 78' lang='grc' dir='ltr'><strong>τούτοις</strong></span> <span class='ocrx_word' id='word_1_280' title='bbox 2415 1444 2444 1496; x_wconf 83' lang='grc' dir='ltr'>ὀ</span> <span class='ocrx_word' id='word_1_281' title='bbox 2472 1445 2650 1514; x_wconf 81' lang='grc' dir='ltr'><strong>γάμος</strong></span> <span class='ocrx_word' id='word_1_282' title='bbox 2678 1445 2958 1515; x_wconf 85' lang='grc' dir='ltr'>ἀθέμιτος.</span> <span class='ocrx_word' id='word_1_283' title='bbox 2991 1447 3102 1500; x_wconf 73' lang='grc' dir='ltr'><strong>Καὶ</strong></span> <span class='ocrx_word' id='word_1_284' title='bbox 3141 1447 3312 1502; x_wconf 76' lang='grc' dir='ltr'>ταῦτα</span> <span class='ocrx_word' id='word_1_285' title='bbox 3347 1450 3447 1518; x_wconf 80' lang='grc' dir='ltr'><strong>μὲν</strong></span> <span class='ocrx_word' id='word_1_286' title='bbox 3477 1451 3506 1501; x_wconf 84' lang='grc' dir='ltr'>ὁ</span> <span class='ocrx_word' id='word_1_287' title='bbox 3557 1451 3726 1520; x_wconf 79' lang='grc' dir='ltr'>τόμος.</span> 
     </span>
    </p>
   </div>
   <div class='ocr_carea' id='block_1_40' title="bbox 2161 1533 3727 1610">
    <p class='ocr_par' dir='ltr' id='par_1_40' title="bbox 2161 1533 3727 1610">
     <span class='ocr_line' id='line_1_40' title="bbox 2161 1533 3727 1610; baseline 0.008 -26"><span class='ocrx_word' id='word_1_288' title='bbox 2161 1533 2306 1604; x_wconf 82' lang='grc' dir='ltr'>Αὑτῇ</span> <span class='ocrx_word' id='word_1_289' title='bbox 2347 1535 2404 1589; x_wconf 83' lang='grc' dir='ltr'>δὲ</span> <span class='ocrx_word' id='word_1_290' title='bbox 2429 1539 2494 1608; x_wconf 83' lang='grc' dir='ltr'>τῇ</span> <span class='ocrx_word' id='word_1_291' title='bbox 2528 1538 2784 1610; x_wconf 81' lang='grc' dir='ltr'>ἐπιστολῇ</span> <span class='ocrx_word' id='word_1_292' title='bbox 2819 1539 2948 1610; x_wconf 74' lang='grc' dir='ltr'>περὶ</span> <span class='ocrx_word' id='word_1_293' title='bbox 2998 1539 3108 1592; x_wconf 89' lang='grc' dir='ltr'><strong>τῶν</strong></span> <span class='ocrx_word' id='word_1_294' title='bbox 3136 1539 3196 1605; x_wconf 79' lang='grc' dir='ltr'>ἐξ</span> <span class='ocrx_word' id='word_1_295' title='bbox 3227 1541 3348 1604; x_wconf 74' lang='grc' dir='ltr'>ἐνὸς</span> <span class='ocrx_word' id='word_1_296' title='bbox 3397 1542 3591 1609; x_wconf 74' lang='grc' dir='ltr'>ἀνδρὸς</span> <span class='ocrx_word' id='word_1_297' title='bbox 3645 1547 3727 1598; x_wconf 75' lang='grc' dir='ltr'><strong>καὶ</strong></span> 
     </span>
    </p>
   </div>
   <div class='ocr_carea' id='block_1_41' title="bbox 2157 1623 3724 1701">
    <p class='ocr_par' dir='ltr' id='par_1_41' title="bbox 2157 1623 3724 1701">
     <span class='ocr_line' id='line_1_41' title="bbox 2157 1623 3724 1701; baseline 0.006 -25"><span class='ocrx_word' id='word_1_298' title='bbox 2157 1623 2302 1679; x_wconf 81' lang='grc' dir='ltr'>δυοῖν</span> <span class='ocrx_word' id='word_1_299' title='bbox 2327 1629 2605 1694; x_wconf 83' lang='grc' dir='ltr'>γυναικῶν</span> <span class='ocrx_word' id='word_1_300' title='bbox 2637 1630 2883 1698; x_wconf 81' lang='grc' dir='ltr'>ἀδελφῶν</span> <span class='ocrx_word' id='word_1_301' title='bbox 2903 1632 3237 1701; x_wconf 76' lang='grc' dir='ltr'>τικτομένων</span> <span class='ocrx_word' id='word_1_302' title='bbox 3261 1633 3416 1694; x_wconf 73' lang='grc' dir='ltr'>ὄντος</span> <span class='ocrx_word' id='word_1_303' title='bbox 3438 1633 3533 1685; x_wconf 76' lang='grc' dir='ltr'>τοῦ</span> <span class='ocrx_word' id='word_1_304' title='bbox 3555 1634 3724 1701; x_wconf 81' lang='grc' dir='ltr'>λόγου,</span> 
     </span>
    </p>
   </div>
   <div class='ocr_carea' id='block_1_42' title="bbox 2158 1717 3726 1798">
    <p class='ocr_par' dir='ltr' id='par_1_42' title="bbox 2158 1717 3726 1798">
     <span class='ocr_line' id='line_1_42' title="bbox 2158 1717 3726 1798; baseline 0.006 -29"><span class='ocrx_word' id='word_1_305' title='bbox 2158 1717 2321 1772; x_wconf 87' lang='grc' dir='ltr'>πλέον</span> <span class='ocrx_word' id='word_1_306' title='bbox 2364 1719 2517 1774; x_wconf 78' lang='grc' dir='ltr'>οὐδὲν</span> <span class='ocrx_word' id='word_1_307' title='bbox 2573 1723 2969 1792; x_wconf 76' lang='grc' dir='ltr'>προσκείμενον</span> <span class='ocrx_word' id='word_1_308' title='bbox 3023 1726 3205 1798; x_wconf 70' lang='grc' dir='ltr'>εὑρεῖν</span> <span class='ocrx_word' id='word_1_309' title='bbox 3236 1725 3353 1779; x_wconf 79' lang='grc' dir='ltr'>ἔστι</span> <span class='ocrx_word' id='word_1_310' title='bbox 3391 1723 3504 1779; x_wconf 86' lang='grc' dir='ltr'><strong>τῶν</strong></span> <span class='ocrx_word' id='word_1_311' title='bbox 3570 1728 3726 1791; x_wconf 75' lang='grc' dir='ltr'>οὕτως</span> 
     </span>
    </p>
   </div>
   <div class='ocr_carea' id='block_1_43' title="bbox 2160 1809 3725 1885">
    <p class='ocr_par' dir='ltr' id='par_1_43' title="bbox 2160 1809 3725 1885">
     <span class='ocr_line' id='line_1_43' title="bbox 2160 1809 3725 1885; baseline 0.006 -24"><span class='ocrx_word' id='word_1_312' title='bbox 2160 1809 2392 1880; x_wconf 85' lang='grc' dir='ltr'>ἐχόντων</span> <span class='ocrx_word' id='word_1_313' title='bbox 2452 1814 2652 1884; x_wconf 79' lang='grc' dir='ltr'>ῥητῶν.</span> <span class='ocrx_word' id='word_1_314' title='bbox 2699 1815 2792 1868; x_wconf 86' lang='grc' dir='ltr'>Ἐκ</span> <span class='ocrx_word' id='word_1_315' title='bbox 2831 1813 3010 1877; x_wconf 86' lang='grc' dir='ltr'>ποίας,</span> <span class='ocrx_word' id='word_1_316' title='bbox 3045 1816 3198 1885; x_wconf 63' lang='grc' dir='ltr'>φησι,</span> <span class='ocrx_word' id='word_1_317' title='bbox 3247 1817 3568 1884; x_wconf 71' lang='grc' dir='ltr'><strong>συγγενείας</strong></span> <span class='ocrx_word' id='word_1_318' title='bbox 3617 1821 3725 1882; x_wconf 69' lang='grc' dir='ltr'>τοῦς</span> 
     </span>
    </p>
   </div>
   <div class='ocr_carea' id='block_1_44' title="bbox 2157 1904 3727 1981">
    <p class='ocr_par' dir='ltr' id='par_1_44' title="bbox 2157 1904 3727 1981">
     <span class='ocr_line' id='line_1_44' title="bbox 2157 1904 3727 1981; baseline 0.005 -26"><span class='ocrx_word' id='word_1_319' title='bbox 2157 1904 2524 1974; x_wconf 71' lang='grc' dir='ltr'><strong>γεννηθέντας</strong></span> <span class='ocrx_word' id='word_1_320' title='bbox 2559 1907 3130 1977; x_wconf 85' lang='grc' dir='ltr'>προσαγορεύσουσιν;</span> <span class='ocrx_word' id='word_1_321' title='bbox 3179 1908 3468 1978; x_wconf 73' lang='grc' dir='ltr'>’Λδελφοὺς</span> <span class='ocrx_word' id='word_1_322' title='bbox 3495 1909 3727 1981; x_wconf 75' lang='grc' dir='ltr'>ἀλλήλων</span> 
     </span>
    </p>
   </div>
   <div class='ocr_carea' id='block_1_45' title="bbox 2157 1995 3726 2072">
    <p class='ocr_par' dir='ltr' id='par_1_45' title="bbox 2157 1995 3726 2072">
     <span class='ocr_line' id='line_1_45' title="bbox 2157 1995 3726 2072; baseline 0.004 -24"><span class='ocrx_word' id='word_1_323' title='bbox 2157 1995 2188 2065; x_wconf 81' lang='grc' dir='ltr'>ἢ</span> <span class='ocrx_word' id='word_1_324' title='bbox 2239 1996 2494 2066; x_wconf 70' lang='grc' dir='ltr'>ἀνεψιοὺς</span> <span class='ocrx_word' id='word_1_325' title='bbox 2559 1999 2964 2070; x_wconf 76' lang='grc' dir='ltr'>προσεροῦσινς</span> <span class='ocrx_word' id='word_1_326' title='bbox 3024 2000 3340 2071; x_wconf 78' lang='grc' dir='ltr'>Ἀμφότερα</span> <span class='ocrx_word' id='word_1_327' title='bbox 3396 2002 3508 2072; x_wconf 81' lang='grc' dir='ltr'><strong>γάρ</strong></span> <span class='ocrx_word' id='word_1_328' title='bbox 3560 2004 3726 2067; x_wconf 75' lang='grc' dir='ltr'>αὐτοῖς</span> 
     </span>
    </p>
   </div>
   <div class='ocr_carea' id='block_1_46' title="bbox 2154 2087 3722 2158">
    <p class='ocr_par' dir='ltr' id='par_1_46' title="bbox 2154 2087 3722 2158">
     <span class='ocr_line' id='line_1_46' title="bbox 2154 2087 3722 2158; baseline 0.003 -20"><span class='ocrx_word' id='word_1_329' title='bbox 2154 2088 2528 2158; x_wconf 68' lang='grc' dir='ltr'><strong>προσαρμόσει</strong></span> <span class='ocrx_word' id='word_1_330' title='bbox 2559 2088 2646 2141; x_wconf 74' lang='grc' dir='ltr'><strong>διὰ</strong></span> <span class='ocrx_word' id='word_1_331' title='bbox 2684 2090 2782 2158; x_wconf 82' lang='grc' dir='ltr'><strong>τὴν</strong></span> <span class='ocrx_word' id='word_1_332' title='bbox 2827 2087 3112 2158; x_wconf 82' lang='grc' dir='ltr'>σύγχυσιν.</span> <span class='ocrx_word' id='word_1_333' title='bbox 3167 2088 3453 2158; x_wconf 83' lang='grc' dir='ltr'>Τοσαύτης</span> <span class='ocrx_word' id='word_1_334' title='bbox 3485 2089 3580 2142; x_wconf 75' lang='grc' dir='ltr'><strong>οὖν</strong></span> <span class='ocrx_word' id='word_1_335' title='bbox 3616 2091 3722 2143; x_wconf 79' lang='grc' dir='ltr'>δια-</span> 
     </span>
    </p>
   </div>
   <div class='ocr_carea' id='block_1_47' title="bbox 2155 2181 3723 2254">
    <p class='ocr_par' dir='ltr' id='par_1_47' title="bbox 2155 2181 3723 2254">
     <span class='ocr_line' id='line_1_47' title="bbox 2155 2181 3723 2254; baseline 0.004 -22"><span class='ocrx_word' id='word_1_336' title='bbox 2155 2182 2361 2248; x_wconf 83' lang='grc' dir='ltr'>φωνίας</span> <span class='ocrx_word' id='word_1_337' title='bbox 2411 2181 2656 2251; x_wconf 72' lang='grc' dir='ltr'>ὑπούσης</span> <span class='ocrx_word' id='word_1_338' title='bbox 2707 2181 2813 2235; x_wconf 91' lang='grc' dir='ltr'><strong>τῶν</strong></span> <span class='ocrx_word' id='word_1_339' title='bbox 2857 2181 2954 2234; x_wconf 76' lang='grc' dir='ltr'>τοῦ</span> <span class='ocrx_word' id='word_1_340' title='bbox 3000 2181 3168 2252; x_wconf 85' lang='grc' dir='ltr'>νόμου</span> <span class='ocrx_word' id='word_1_341' title='bbox 3189 2183 3236 2214; x_wconf 81' lang='grc'><strong><em>⁸⁵</em></strong></span> <span class='ocrx_word' id='word_1_342' title='bbox 3264 2183 3446 2254; x_wconf 77' lang='grc' dir='ltr'>ῥητῶν</span> <span class='ocrx_word' id='word_1_343' title='bbox 3491 2184 3626 2253; x_wconf 72' lang='grc' dir='ltr'>πρὸς</span> <span class='ocrx_word' id='word_1_344' title='bbox 3665 2185 3723 2238; x_wconf 68' lang='grc' dir='ltr'>τὰ</span> 
     </span>
    </p>
   </div>
   <div class='ocr_carea' id='block_1_48' title="bbox 2151 2271 3724 2348">
    <p class='ocr_par' dir='ltr' id='par_1_48' title="bbox 2151 2271 3724 2348">
     <span class='ocr_line' id='line_1_48' title="bbox 2151 2271 3724 2348; baseline 0.003 -24"><span class='ocrx_word' id='word_1_345' title='bbox 2151 2271 2247 2326; x_wconf 75' lang='grc' dir='ltr'>τοῦ</span> <span class='ocrx_word' id='word_1_346' title='bbox 2285 2274 2642 2344; x_wconf 79' lang='grc' dir='ltr'>θεοφάντορος</span> <span class='ocrx_word' id='word_1_347' title='bbox 2673 2275 2768 2327; x_wconf 81' lang='grc' dir='ltr'>καὶ</span> <span class='ocrx_word' id='word_1_348' title='bbox 2809 2277 2873 2344; x_wconf 79' lang='grc' dir='ltr'>τῇ</span> <span class='ocrx_word' id='word_1_349' title='bbox 2904 2275 3104 2344; x_wconf 84' lang='grc' dir='ltr'>φράσει</span> <span class='ocrx_word' id='word_1_350' title='bbox 3153 2277 3246 2328; x_wconf 70' lang='grc' dir='ltr'><strong>καὶ</strong></span> <span class='ocrx_word' id='word_1_351' title='bbox 3285 2277 3352 2346; x_wconf 82' lang='grc' dir='ltr'>τῇ</span> <span class='ocrx_word' id='word_1_352' title='bbox 3410 2277 3609 2348; x_wconf 73' lang='grc' dir='ltr'>ἐννοίᾳ,</span> <span class='ocrx_word' id='word_1_353' title='bbox 3639 2280 3724 2331; x_wconf 73' lang='grc' dir='ltr'><strong>καὶ</strong></span> 
     </span>
    </p>
   </div>
   <div class='ocr_carea' id='block_1_49' title="bbox 2150 2363 3725 2439">
    <p class='ocr_par' dir='ltr' id='par_1_49' title="bbox 2150 2363 3725 2439">
     <span class='ocr_line' id='line_1_49' title="bbox 2150 2363 3725 2439; baseline 0.003 -22"><span class='ocrx_word' id='word_1_354' title='bbox 2150 2363 2325 2426; x_wconf 74' lang='grc' dir='ltr'>οὕτως</span> <span class='ocrx_word' id='word_1_355' title='bbox 2347 2365 2778 2435; x_wconf 83' lang='grc' dir='ltr'>ἀπεξενωμένων</span> <span class='ocrx_word' id='word_1_356' title='bbox 2802 2367 2934 2436; x_wconf 67' lang='grc' dir='ltr'>πρὸς</span> <span class='ocrx_word' id='word_1_357' title='bbox 2962 2363 3187 2434; x_wconf 75' lang='grc' dir='ltr'>ἄλληλα,</span> <span class='ocrx_word' id='word_1_358' title='bbox 3213 2368 3286 2431; x_wconf 87' lang='grc' dir='ltr'>ὼς</span> <span class='ocrx_word' id='word_1_359' title='bbox 3303 2367 3552 2421; x_wconf 83' lang='grc' dir='ltr'>διάκενον</span> <span class='ocrx_word' id='word_1_360' title='bbox 3580 2371 3725 2439; x_wconf 82' lang='grc' dir='ltr'>μόνον</span> 
     </span>
    </p>
   </div>
   <div class='ocr_carea' id='block_1_50' title="bbox 2155 2456 3722 2530">
    <p class='ocr_par' dir='ltr' id='par_1_50' title="bbox 2155 2456 3722 2530">
     <span class='ocr_line' id='line_1_50' title="bbox 2155 2456 3722 2530; baseline 0.001 -20"><span class='ocrx_word' id='word_1_361' title='bbox 2155 2456 2513 2527; x_wconf 76' lang='grc' dir='ltr'>ἀναπλασμὺν</span> <span class='ocrx_word' id='word_1_362' title='bbox 2543 2458 2695 2528; x_wconf 66' lang='grc' dir='ltr'>παρὰ</span> <span class='ocrx_word' id='word_1_363' title='bbox 2734 2459 2868 2512; x_wconf 81' lang='grc' dir='ltr'>πᾶσι</span> <span class='ocrx_word' id='word_1_364' title='bbox 2929 2457 2999 2511; x_wconf 75' lang='grc' dir='ltr'>τὰ</span> <span class='ocrx_word' id='word_1_365' title='bbox 3051 2457 3146 2512; x_wconf 82' lang='grc' dir='ltr'>τοῦ</span> <span class='ocrx_word' id='word_1_366' title='bbox 3179 2460 3348 2530; x_wconf 86' lang='grc' dir='ltr'>τόμου</span> <span class='ocrx_word' id='word_1_367' title='bbox 3375 2461 3550 2514; x_wconf 82' lang='grc' dir='ltr'>ταῦτα</span> <span class='ocrx_word' id='word_1_368' title='bbox 3579 2462 3722 2530; x_wconf 84' lang='grc' dir='ltr'>νομί-</span> 
     </span>
    </p>
   </div>
   <div class='ocr_carea' id='block_1_51' title="bbox 2153 2545 3722 2619">
    <p class='ocr_par' dir='ltr' id='par_1_51' title="bbox 2153 2545 3722 2619">
     <span class='ocr_line' id='line_1_51' title="bbox 2153 2545 3722 2619; baseline 0.001 -19"><span class='ocrx_word' id='word_1_369' title='bbox 2153 2545 2367 2610; x_wconf 82' lang='grc' dir='ltr'>ζεσθαι,</span> <span class='ocrx_word' id='word_1_370' title='bbox 2418 2549 2447 2600; x_wconf 84' lang='grc' dir='ltr'><strong>ό</strong></span> <span class='ocrx_word' id='word_1_371' title='bbox 2484 2549 2697 2610; x_wconf 85' lang='grc' dir='ltr'>τούτοις</span> <span class='ocrx_word' id='word_1_372' title='bbox 2745 2547 3002 2618; x_wconf 80' lang='grc' dir='ltr'>καθάπερ</span> <span class='ocrx_word' id='word_1_373' title='bbox 3064 2549 3170 2601; x_wconf 77' lang='grc' dir='ltr'>τινὶ</span> <span class='ocrx_word' id='word_1_374' title='bbox 3235 2548 3516 2619; x_wconf 78' lang='grc' dir='ltr'>καθολικῷ</span> <span class='ocrx_word' id='word_1_375' title='bbox 3551 2551 3722 2602; x_wconf 82' lang='grc' dir='ltr'>κανόνι</span> 
     </span>
    </p>
   </div>
   <div class='ocr_carea' id='block_1_52' title="bbox 2150 2637 3720 2710">
    <p class='ocr_par' dir='ltr' id='par_1_52' title="bbox 2150 2637 3720 2710">
     <span class='ocr_line' id='line_1_52' title="bbox 2150 2637 3720 2710; baseline -0.003 -16"><span class='ocrx_word' id='word_1_376' title='bbox 2150 2639 2526 2703; x_wconf 77' lang='grc' dir='ltr'>ἀνεπιστάτως</span> <span class='ocrx_word' id='word_1_377' title='bbox 2547 2638 2849 2710; x_wconf 81' lang='grc' dir='ltr'>χρώμενος,</span> <span class='ocrx_word' id='word_1_378' title='bbox 2887 2640 2982 2692; x_wconf 78' lang='grc' dir='ltr'>καὶ</span> <span class='ocrx_word' id='word_1_379' title='bbox 3040 2641 3142 2700; x_wconf 66' lang='grc' dir='ltr'><strong>τὰς</strong></span> <span class='ocrx_word' id='word_1_380' title='bbox 3177 2637 3516 2709; x_wconf 82' lang='grc' dir='ltr'>τηλικαύτας</span> <span class='ocrx_word' id='word_1_381' title='bbox 3548 2639 3720 2691; x_wconf 73' lang='grc' dir='ltr'>ἐντεῦ-</span> 
     </span>
    </p>
   </div>
   <div class='ocr_carea' id='block_1_53' title="bbox 2151 2729 3717 2800">
    <p class='ocr_par' dir='ltr' id='par_1_53' title="bbox 2151 2729 3717 2800">
     <span class='ocr_line' id='line_1_53' title="bbox 2151 2729 3717 2800; baseline 0.001 -17"><span class='ocrx_word' id='word_1_382' title='bbox 2151 2730 2243 2783; x_wconf 85' lang='grc' dir='ltr'>Θεν</span> <span class='ocrx_word' id='word_1_383' title='bbox 2276 2731 2571 2799; x_wconf 84' lang='grc' dir='ltr'>συγχύσεις</span> <span class='ocrx_word' id='word_1_384' title='bbox 2601 2731 2910 2798; x_wconf 76' lang='grc' dir='ltr'>ἐπεισάγων</span> <span class='ocrx_word' id='word_1_385' title='bbox 2937 2731 3050 2792; x_wconf 74' lang='grc' dir='ltr'>τοῖς</span> <span class='ocrx_word' id='word_1_386' title='bbox 3079 2729 3300 2800; x_wconf 78' lang='grc' dir='ltr'>γάμοις,</span> <span class='ocrx_word' id='word_1_387' title='bbox 3328 2729 3527 2782; x_wconf 69' lang='grc' dir='ltr'>ἐαυτὸν</span> <span class='ocrx_word' id='word_1_388' title='bbox 3557 2731 3717 2798; x_wconf 72' lang='grc' dir='ltr'>δήπου</span> 
     </span>
    </p>
   </div>
   <div class='ocr_carea' id='block_1_54' title="bbox 2149 2821 3717 2892">
    <p class='ocr_par' dir='ltr' id='par_1_54' title="bbox 2149 2821 3717 2892">
     <span class='ocr_line' id='line_1_54' title="bbox 2149 2821 3717 2892; baseline 0 -18"><span class='ocrx_word' id='word_1_389' title='bbox 2149 2821 2374 2892; x_wconf 79' lang='grc' dir='ltr'>λέληθεν</span> <span class='ocrx_word' id='word_1_390' title='bbox 2440 2821 2668 2874; x_wconf 87' lang='grc' dir='ltr'>ἀπατῶν</span> <span class='ocrx_word' id='word_1_391' title='bbox 2695 2864 2708 2887; x_wconf 88' lang='grc'><strong>,</strong></span> <span class='ocrx_word' id='word_1_392' title='bbox 2773 2821 2832 2886; x_wconf 79' lang='grc' dir='ltr'><strong>ἐξ</strong></span> <span class='ocrx_word' id='word_1_393' title='bbox 2879 2822 3270 2875; x_wconf 82' lang='grc' dir='ltr'>ἀνυποστάτων</span> <span class='ocrx_word' id='word_1_394' title='bbox 3315 2821 3535 2892; x_wconf 78' lang='grc' dir='ltr'>ἀρχῶν,</span> <span class='ocrx_word' id='word_1_395' title='bbox 3597 2822 3624 2874; x_wconf 84' lang='grc' dir='ltr'><strong>ὃ</strong></span> <span class='ocrx_word' id='word_1_396' title='bbox 3659 2821 3717 2890; x_wconf 78' lang='grc' dir='ltr'>δὴ</span> 
     </span>
    </p>
   </div>
   <div class='ocr_carea' id='block_1_55' title="bbox 2150 2907 3716 2983">
    <p class='ocr_par' dir='ltr' id='par_1_55' title="bbox 2150 2907 3716 2983">
     <span class='ocr_line' id='line_1_55' title="bbox 2150 2907 3716 2983; baseline -0.001 -17"><span class='ocrx_word' id='word_1_397' title='bbox 2150 2913 2370 2983; x_wconf 85' lang='grc' dir='ltr'>λέγεται</span> <span class='ocrx_word' id='word_1_398' title='bbox 2398 2954 2412 2977; x_wconf 92' lang='grc'><strong>,</strong></span> <span class='ocrx_word' id='word_1_399' title='bbox 2455 2913 2525 2967; x_wconf 80' lang='grc' dir='ltr'>τὰ</span> <span class='ocrx_word' id='word_1_400' title='bbox 2571 2913 2830 2968; x_wconf 84' lang='grc' dir='ltr'>δοκοῦντα</span> <span class='ocrx_word' id='word_1_401' title='bbox 2879 2907 3318 2976; x_wconf 71' lang='grc' dir='ltr'>κατασκευάζειν</span> <span class='ocrx_word' id='word_1_402' title='bbox 3366 2913 3716 2983; x_wconf 80' lang='grc' dir='ltr'>τεχνώμενος.</span> 
     </span>
    </p>
   </div>
   <div class='ocr_carea' id='block_1_56' title="bbox 2216 3003 3716 3076">
    <p class='ocr_par' dir='ltr' id='par_1_56' title="bbox 2216 3003 3716 3076">
     <span class='ocr_line' id='line_1_56' title="bbox 2216 3003 3716 3076; baseline -0.003 -16"><span class='ocrx_word' id='word_1_403' title='bbox 2216 3005 2474 3060; x_wconf 87' lang='grc' dir='ltr'>Λείπεται</span> <span class='ocrx_word' id='word_1_404' title='bbox 2531 3007 2714 3060; x_wconf 79' lang='grc' dir='ltr'>τοίνυν</span> <span class='ocrx_word' id='word_1_405' title='bbox 2763 3007 2903 3076; x_wconf 83' lang='grc' dir='ltr'>πρὸς</span> <span class='ocrx_word' id='word_1_406' title='bbox 2952 3005 3014 3059; x_wconf 82' lang='grc' dir='ltr'>τὺ</span> <span class='ocrx_word' id='word_1_407' title='bbox 3076 3005 3351 3075; x_wconf 73' lang='grc' dir='ltr'>εὐπρεπὲς</span> <span class='ocrx_word' id='word_1_408' title='bbox 3393 3006 3592 3068; x_wconf 77' lang='grc' dir='ltr'>αὐτῶν,</span> <span class='ocrx_word' id='word_1_409' title='bbox 3627 3003 3716 3057; x_wconf 77' lang='grc' dir='ltr'>τοῦ</span> 
     </span>
    </p>
   </div>
   <div class='ocr_carea' id='block_1_57' title="bbox 2145 3096 3717 3169">
    <p class='ocr_par' dir='ltr' id='par_1_57' title="bbox 2145 3096 3717 3169">
     <span class='ocr_line' id='line_1_57' title="bbox 2145 3096 3717 3169; baseline -0.001 -19"><span class='ocrx_word' id='word_1_410' title='bbox 2145 3098 2460 3169; x_wconf 79' lang='grc' dir='ltr'>εὐπρεποῦς</span> <span class='ocrx_word' id='word_1_411' title='bbox 2515 3097 2811 3169; x_wconf 77' lang='grc' dir='ltr'>πρόϐλημά</span> <span class='ocrx_word' id='word_1_412' title='bbox 2837 3114 2899 3150; x_wconf 87' lang='grc' dir='ltr'><strong>τε</strong></span> <span class='ocrx_word' id='word_1_413' title='bbox 2952 3099 3047 3150; x_wconf 69' lang='grc' dir='ltr'><strong>καὶ</strong></span> <span class='ocrx_word' id='word_1_414' title='bbox 3106 3096 3359 3165; x_wconf 76' lang='grc' dir='ltr'>ἔρεισμα,</span> <span class='ocrx_word' id='word_1_415' title='bbox 3388 3097 3560 3167; x_wconf 83' lang='grc' dir='ltr'>μικρά</span> <span class='ocrx_word' id='word_1_416' title='bbox 3607 3113 3717 3148; x_wconf 84' lang='grc' dir='ltr'>τινα</span> 
     </span>
    </p>
   </div>
   <div class='ocr_carea' id='block_1_58' title="bbox 471 3184 2047 3296">
    <p class='ocr_par' dir='ltr' id='par_1_58' title="bbox 471 3194 2040 3251">
     <span class='ocr_line' id='line_1_58' title="bbox 471 3194 2040 3251; baseline 0 -1"><span class='ocrx_word' id='word_1_417' title='bbox 471 3209 616 3250; x_wconf 89' lang='lat' dir='ltr'><strong>mus.</strong></span> <span class='ocrx_word' id='word_1_418' title='bbox 644 3194 710 3249; x_wconf 81' lang='lat' dir='ltr'><strong>Hi</strong></span> <span class='ocrx_word' id='word_1_419' title='bbox 753 3195 898 3249; x_wconf 92' lang='lat' dir='ltr'><strong>cnim</strong></span> <span class='ocrx_word' id='word_1_420' title='bbox 943 3195 1194 3250; x_wconf 86' lang='lat' dir='ltr'><strong>homines</strong></span> <span class='ocrx_word' id='word_1_421' title='bbox 1222 3195 1360 3250; x_wconf 83' lang='lat' dir='ltr'><strong>citra</strong></span> <span class='ocrx_word' id='word_1_422' title='bbox 1397 3195 1693 3251; x_wconf 87' lang='lat' dir='ltr'><strong>discrimen</strong></span> <span class='ocrx_word' id='word_1_423' title='bbox 1733 3195 1902 3249; x_wconf 90' lang='lat' dir='ltr'><strong>ullum</strong></span> <span class='ocrx_word' id='word_1_424' title='bbox 1935 3195 2040 3250; x_wconf 88' lang='lat' dir='ltr'><strong>alia</strong></span> 
     </span>
    </p>
   </div>
   <div class='ocr_carea' id='block_1_59' title="bbox 2153 3184 3717 3296">
    <p class='ocr_par' dir='ltr' id='par_1_59' title="bbox 2153 3184 3717 3263">
     <span class='ocr_line' id='line_1_59' title="bbox 2153 3184 3717 3263; baseline -0.002 -21"><span class='ocrx_word' id='word_1_425' title='bbox 2153 3189 2447 3246; x_wconf 76' lang='grc' dir='ltr'>διαλαϐεῖν.</span> <span class='ocrx_word' id='word_1_426' title='bbox 2492 3191 2605 3245; x_wconf 82' lang='grc' dir='ltr'><strong>Καὶ</strong></span> <span class='ocrx_word' id='word_1_427' title='bbox 2661 3190 2771 3263; x_wconf 81' lang='grc' dir='ltr'>γὰρ</span> <span class='ocrx_word' id='word_1_428' title='bbox 2811 3184 2958 3244; x_wconf 70' lang='grc' dir='ltr'>οὗτοι</span> <span class='ocrx_word' id='word_1_429' title='bbox 3018 3189 3092 3259; x_wconf 79' lang='grc' dir='ltr'><strong>μὴ</strong></span> <span class='ocrx_word' id='word_1_430' title='bbox 3145 3188 3573 3250; x_wconf 86' lang='grc' dir='ltr'>διαστέλλοντες,</span> <span class='ocrx_word' id='word_1_431' title='bbox 3613 3187 3717 3240; x_wconf 71' lang='grc' dir='ltr'>ἀλλ’</span> 
     </span>
    </p>
   </div>
   <div class='ocr_carea' id='block_1_60' title="bbox 468 3283 2050 3357">
    <p class='ocr_par' dir='ltr' id='par_1_60' title="bbox 468 3283 2050 3357">
     <span class='ocr_line' id='line_1_60' title="bbox 468 3283 2050 3357; baseline 0.004 -21"><span class='ocrx_word' id='word_1_432' title='bbox 468 3299 568 3353; x_wconf 91' lang='lat' dir='ltr'><strong>pro</strong></span> <span class='ocrx_word' id='word_1_433' title='bbox 607 3283 734 3339; x_wconf 89' lang='lat' dir='ltr'><strong>aliis</strong></span> <span class='ocrx_word' id='word_1_434' title='bbox 765 3283 1132 3354; x_wconf 87' lang='lat' dir='ltr'><strong>proferentes,</strong></span> <span class='ocrx_word' id='word_1_435' title='bbox 1159 3285 1334 3356; x_wconf 89' lang='lat' dir='ltr'><strong>deque</strong></span> <span class='ocrx_word' id='word_1_436' title='bbox 1357 3287 1482 3341; x_wconf 87' lang='lat' dir='ltr'><strong>aliis</strong></span> <span class='ocrx_word' id='word_1_437' title='bbox 1514 3287 1866 3357; x_wconf 86' lang='lat' dir='ltr'><strong>pronuntiata</strong></span> <span class='ocrx_word' id='word_1_438' title='bbox 1897 3288 2050 3342; x_wconf 81' lang='lat' dir='ltr'><strong>mali-</strong></span> 
     </span>
    </p>
   </div>
   <div class='ocr_carea' id='block_1_61' title="bbox 469 3375 2054 3449">
    <p class='ocr_par' dir='ltr' id='par_1_61' title="bbox 469 3375 2054 3449">
     <span class='ocr_line' id='line_1_61' title="bbox 469 3375 2054 3449; baseline 0.004 -19"><span class='ocrx_word' id='word_1_439' title='bbox 469 3390 576 3444; x_wconf 74' lang='lat' dir='ltr'><strong>gne</strong></span> <span class='ocrx_word' id='word_1_440' title='bbox 603 3375 954 3442; x_wconf 83' lang='lat' dir='ltr'><strong>sufi‘urantes,</strong></span> <span class='ocrx_word' id='word_1_441' title='bbox 978 3387 1033 3433; x_wconf 90' lang='lat' dir='ltr'><strong>et</strong></span> <span class='ocrx_word' id='word_1_442' title='bbox 1062 3394 1228 3434; x_wconf 86' lang='lat' dir='ltr'><strong>aures</strong></span> <span class='ocrx_word' id='word_1_443' title='bbox 1254 3379 1656 3449; x_wconf 80' lang='lat' dir='ltr'><strong>simpliciorum</strong></span> <span class='ocrx_word' id='word_1_444' title='bbox 1687 3379 2054 3436; x_wconf 80' lang='lat' dir='ltr'><strong>demulcendo</strong></span> 
     </span>
    </p>
   </div>
   <div class='ocr_carea' id='block_1_62' title="bbox 466 3468 2051 3540">
    <p class='ocr_par' dir='ltr' id='par_1_62' title="bbox 466 3468 2051 3540">
     <span class='ocr_line' id='line_1_62' title="bbox 466 3468 2051 3540; baseline 0.004 -21"><span class='ocrx_word' id='word_1_445' title='bbox 466 3475 906 3536; x_wconf 86' lang='lat' dir='ltr'><strong>corrumpentes,</strong></span> <span class='ocrx_word' id='word_1_446' title='bbox 935 3468 1140 3523; x_wconf 90' lang='lat' dir='ltr'><strong>dictum</strong></span> <span class='ocrx_word' id='word_1_447' title='bbox 1170 3469 1319 3523; x_wconf 86' lang='lat' dir='ltr'><strong>istud</strong></span> <span class='ocrx_word' id='word_1_448' title='bbox 1353 3486 1368 3523; x_wconf 89' lang='lat'><strong>:</strong></span> <span class='ocrx_word' id='word_1_449' title='bbox 1400 3468 1457 3524; x_wconf 90' lang='lat' dir='ltr'><strong>in</strong></span> <span class='ocrx_word' id='word_1_450' title='bbox 1488 3470 1696 3540; x_wconf 89' lang='lat' dir='ltr'><strong>nuptiis</strong></span> <span class='ocrx_word' id='word_1_451' title='bbox 1727 3485 1836 3525; x_wconf 93' lang='lat' dir='ltr'><strong>non</strong></span> <span class='ocrx_word' id='word_1_452' title='bbox 1874 3473 2051 3526; x_wconf 87' lang='lat' dir='ltr'><strong>solum</strong></span> 
     </span>
    </p>
   </div>
   <div class='ocr_carea' id='block_1_63' title="bbox 467 3560 2048 3647">
    <p class='ocr_par' dir='ltr' id='par_1_63' title="bbox 467 3560 2048 3647">
     <span class='ocr_line' id='line_1_63' title="bbox 467 3560 2048 3647; baseline 0.006 -39"><span class='ocrx_word' id='word_1_453' title='bbox 467 3560 599 3626; x_wconf 85' lang='lat' dir='ltr'><strong>quid</strong></span> <span class='ocrx_word' id='word_1_454' title='bbox 655 3574 983 3616; x_wconf 88' lang='lat' dir='ltr'><strong>concessum</strong></span> <span class='ocrx_word' id='word_1_455' title='bbox 1012 3599 1026 3625; x_wconf 88' lang='lat'><strong>,</strong></span> <span class='ocrx_word' id='word_1_456' title='bbox 1074 3562 1166 3618; x_wconf 87' lang='lat' dir='ltr'><strong>sed</strong></span> <span class='ocrx_word' id='word_1_457' title='bbox 1209 3564 1372 3616; x_wconf 91' lang='lat' dir='ltr'><strong>etiam</strong></span> <span class='ocrx_word' id='word_1_458' title='bbox 1414 3563 1544 3632; x_wconf 91' lang='lat' dir='ltr'><strong>quid</strong></span> <span class='ocrx_word' id='word_1_459' title='bbox 1599 3563 1889 3620; x_wconf 84' lang='lat' dir='ltr'><strong>honestum</strong></span> <span class='ocrx_word' id='word_1_460' title='bbox 1939 3564 2048 3647; x_wconf 52' lang='lat' dir='ltr'><strong>sit,</strong></span> 
     </span>
    </p>
   </div>
   <div class='ocr_carea' id='block_1_64' title="bbox 465 3651 2052 3728">
    <p class='ocr_par' dir='ltr' id='par_1_64' title="bbox 465 3651 2052 3728">
     <span class='ocr_line' id='line_1_64' title="bbox 465 3651 2052 3728; baseline 0.007 -25"><span class='ocrx_word' id='word_1_461' title='bbox 465 3651 766 3718; x_wconf 66' lang='lat' dir='ltr'><strong>qttmrimus</strong></span> <span class='ocrx_word' id='word_1_462' title='bbox 808 3671 823 3708; x_wconf 92' lang='lat'><strong>:</strong></span> <span class='ocrx_word' id='word_1_463' title='bbox 867 3668 1114 3718; x_wconf 88' lang='lat' dir='ltr'><strong>sursum,</strong></span> <span class='ocrx_word' id='word_1_464' title='bbox 1153 3654 1414 3710; x_wconf 89' lang='lat' dir='ltr'><strong>deorsum</strong></span> <span class='ocrx_word' id='word_1_465' title='bbox 1462 3657 1718 3728; x_wconf 83' lang='lat' dir='ltr'><strong>allegant.</strong></span> <span class='ocrx_word' id='word_1_466' title='bbox 1759 3656 2052 3714; x_wconf 82' lang='lat' dir='ltr'><strong>Enimvero</strong></span> 
     </span>
    </p>
   </div>
   <div class='ocr_carea' id='block_1_65' title="bbox 464 3743 2051 3822">
    <p class='ocr_par' dir='ltr' id='par_1_65' title="bbox 464 3743 2051 3822">
     <span class='ocr_line' id='line_1_65' title="bbox 464 3743 2051 3822; baseline 0.009 -28"><span class='ocrx_word' id='word_1_467' title='bbox 464 3745 556 3812; x_wconf 92' lang='lat' dir='ltr'><strong>qui</strong></span> <span class='ocrx_word' id='word_1_468' title='bbox 599 3743 724 3814; x_wconf 80' lang='lat' dir='ltr'><strong>jura</strong></span> <span class='ocrx_word' id='word_1_469' title='bbox 772 3745 855 3801; x_wconf 78' lang='lat' dir='ltr'><strong>vel</strong></span> <span class='ocrx_word' id='word_1_470' title='bbox 893 3746 1115 3816; x_wconf 87' lang='lat' dir='ltr'><strong>paulum</strong></span> <span class='ocrx_word' id='word_1_471' title='bbox 1164 3747 1556 3819; x_wconf 82' lang='lat' dir='ltr'><strong>inspectitavit,</strong></span> <span class='ocrx_word' id='word_1_472' title='bbox 1591 3751 1818 3806; x_wconf 83' lang='lat' dir='ltr'><strong>omnin-0</strong></span> <span class='ocrx_word' id='word_1_473' title='bbox 1862 3752 2051 3822; x_wconf 88' lang='lat' dir='ltr'><strong>nequit</strong></span> 
     </span>
    </p>
   </div>
   <div class='ocr_carea' id='block_1_66' title="bbox 465 3836 2046 3914">
    <p class='ocr_par' dir='ltr' id='par_1_66' title="bbox 465 3836 2046 3914">
     <span class='ocr_line' id='line_1_66' title="bbox 465 3836 2046 3914; baseline 0.006 -26"><span class='ocrx_word' id='word_1_474' title='bbox 465 3836 741 3906; x_wconf 78' lang='lat' dir='ltr'><strong>ignorare,</strong></span> <span class='ocrx_word' id='word_1_475' title='bbox 768 3837 1230 3908; x_wconf 87' lang='lat' dir='ltr'><strong>quemadmodum</strong></span> <span class='ocrx_word' id='word_1_476' title='bbox 1265 3839 1319 3894; x_wconf 90' lang='lat' dir='ltr'><strong>in</strong></span> <span class='ocrx_word' id='word_1_477' title='bbox 1349 3841 1512 3910; x_wconf 90' lang='lat' dir='ltr'><strong>paulo</strong></span> <span class='ocrx_word' id='word_1_478' title='bbox 1541 3849 1669 3897; x_wconf 90' lang='lat' dir='ltr'><strong>ante</strong></span> <span class='ocrx_word' id='word_1_479' title='bbox 1696 3845 2046 3914; x_wconf 64' lang='lat' dir='ltr'><strong>praecedenti,</strong></span> 
     </span>
    </p>
   </div>
   <div class='ocr_carea' id='block_1_67' title="bbox 461 3932 2049 4002">
    <p class='ocr_par' dir='ltr' id='par_1_67' title="bbox 461 3932 2049 4002">
     <span class='ocr_line' id='line_1_67' title="bbox 461 3932 2049 4002; baseline 0.004 -18"><span class='ocrx_word' id='word_1_480' title='bbox 461 3938 518 3984; x_wconf 72' lang='lat' dir='ltr'><strong>ct</strong></span> <span class='ocrx_word' id='word_1_481' title='bbox 569 3944 661 3983; x_wconf 80' lang='lat' dir='ltr'><strong>xix</strong></span> <span class='ocrx_word' id='word_1_482' title='bbox 705 3944 926 4001; x_wconf 88' lang='lat' dir='ltr'><strong>quoque</strong></span> <span class='ocrx_word' id='word_1_483' title='bbox 999 3933 1198 4002; x_wconf 84' lang='lat' dir='ltr'><strong>capite,</strong></span> <span class='ocrx_word' id='word_1_484' title='bbox 1245 3932 1314 3988; x_wconf 92' lang='lat' dir='ltr'><strong>de</strong></span> <span class='ocrx_word' id='word_1_485' title='bbox 1364 3934 1714 3991; x_wconf 88' lang='lat' dir='ltr'><strong>naturalibus</strong></span> <span class='ocrx_word' id='word_1_486' title='bbox 1759 3935 1946 3991; x_wconf 91' lang='lat' dir='ltr'><strong>liberis</strong></span> <span class='ocrx_word' id='word_1_487' title='bbox 1995 3946 2049 3992; x_wconf 90' lang='lat' dir='ltr'><strong>et</strong></span> 
     </span>
    </p>
   </div>
   <div class='ocr_carea' id='block_1_68' title="bbox 467 4017 2046 4091">
    <p class='ocr_par' dir='ltr' id='par_1_68' title="bbox 467 4017 2046 4091">
     <span class='ocr_line' id='line_1_68' title="bbox 467 4017 2046 4091; baseline 0.009 -23"><span class='ocrx_word' id='word_1_488' title='bbox 467 4017 764 4089; x_wconf 78' lang='lat' dir='ltr'><strong>adoptivis,</strong></span> <span class='ocrx_word' id='word_1_489' title='bbox 796 4020 1003 4091; x_wconf 88' lang='lat' dir='ltr'><strong>quique</strong></span> <span class='ocrx_word' id='word_1_490' title='bbox 1043 4037 1072 4076; x_wconf 89' lang='lat' dir='ltr'><strong>a</strong></span> <span class='ocrx_word' id='word_1_491' title='bbox 1111 4022 1288 4078; x_wconf 89' lang='lat' dir='ltr'><strong>servis</strong></span> <span class='ocrx_word' id='word_1_492' title='bbox 1319 4023 1681 4090; x_wconf 82' lang='lat' dir='ltr'><strong>descendunt,</strong></span> <span class='ocrx_word' id='word_1_493' title='bbox 1715 4032 1770 4081; x_wconf 87' lang='lat' dir='ltr'><strong>et</strong></span> <span class='ocrx_word' id='word_1_494' title='bbox 1799 4040 1828 4080; x_wconf 87' lang='lat' dir='ltr'><strong>a</strong></span> <span class='ocrx_word' id='word_1_495' title='bbox 1858 4028 2046 4083; x_wconf 87' lang='lat' dir='ltr'><strong>servili</strong></span> 
     </span>
    </p>
   </div>
   <div class='ocr_carea' id='block_1_69' title="bbox 465 4110 2045 4186">
    <p class='ocr_par' dir='ltr' id='par_1_69' title="bbox 465 4110 2045 4186">
     <span class='ocr_line' id='line_1_69' title="bbox 465 4110 2045 4186; baseline 0.008 -25"><span class='ocrx_word' id='word_1_496' title='bbox 465 4110 750 4176; x_wconf 76' lang='lat' dir='ltr'><strong>affinitate,</strong></span> <span class='ocrx_word' id='word_1_497' title='bbox 778 4113 954 4183; x_wconf 88' lang='lat' dir='ltr'><strong>deque</strong></span> <span class='ocrx_word' id='word_1_498' title='bbox 1001 4113 1126 4168; x_wconf 83' lang='lat' dir='ltr'><strong>aliis</strong></span> <span class='ocrx_word' id='word_1_499' title='bbox 1166 4115 1494 4186; x_wconf 86' lang='lat' dir='ltr'><strong>quibusdam</strong></span> <span class='ocrx_word' id='word_1_500' title='bbox 1527 4117 1612 4172; x_wconf 82' lang='lat' dir='ltr'><strong>lex</strong></span> <span class='ocrx_word' id='word_1_501' title='bbox 1650 4117 1886 4174; x_wconf 85' lang='lat' dir='ltr'><strong>disserat</strong></span> <span class='ocrx_word' id='word_1_502' title='bbox 1919 4137 1935 4174; x_wconf 92' lang='lat'><strong>:</strong></span> <span class='ocrx_word' id='word_1_503' title='bbox 1971 4119 2045 4174; x_wconf 88' lang='lat' dir='ltr'><strong>ita</strong></span> 
     </span>
    </p>
   </div>
   <div class='ocr_carea' id='block_1_70' title="bbox 461 4198 2044 4278">
    <p class='ocr_par' dir='ltr' id='par_1_70' title="bbox 461 4198 2044 4278">
     <span class='ocr_line' id='line_1_70' title="bbox 461 4198 2044 4278; baseline 0.01 -29"><span class='ocrx_word' id='word_1_504' title='bbox 461 4198 839 4267; x_wconf 65' lang='lat' dir='ltr'><strong>pervulgatum</strong></span> <span class='ocrx_word' id='word_1_505' title='bbox 886 4201 1033 4257; x_wconf 86' lang='lat' dir='ltr'><strong>istud</strong></span> <span class='ocrx_word' id='word_1_506' title='bbox 1089 4203 1304 4260; x_wconf 89' lang='lat' dir='ltr'><strong>honesti</strong></span> <span class='ocrx_word' id='word_1_507' title='bbox 1353 4207 1650 4276; x_wconf 89' lang='lat' dir='ltr'><strong>capitulum</strong></span> <span class='ocrx_word' id='word_1_508' title='bbox 1700 4210 1902 4278; x_wconf 64' lang='lat' dir='ltr'><strong>regula</strong></span> <span class='ocrx_word' id='word_1_509' title='bbox 1946 4225 2044 4264; x_wconf 85' lang='lat' dir='ltr'><strong>cu-</strong></span> 
     </span>
    </p>
   </div>
   <div class='ocr_carea' id='block_1_71' title="bbox 457 4289 2044 4369">
    <p class='ocr_par' dir='ltr' id='par_1_71' title="bbox 457 4289 2044 4369">
     <span class='ocr_line' id='line_1_71' title="bbox 457 4289 2044 4369; baseline 0.013 -32"><span class='ocrx_word' id='word_1_510' title='bbox 457 4289 676 4352; x_wconf 65' lang='lat' dir='ltr'><strong>iusdam</strong></span> <span class='ocrx_word' id='word_1_511' title='bbox 715 4290 888 4346; x_wconf 87' lang='lat' dir='ltr'><strong>instar</strong></span> <span class='ocrx_word' id='word_1_512' title='bbox 921 4293 1056 4364; x_wconf 77' lang='lat' dir='ltr'><strong>legis</strong></span> <span class='ocrx_word' id='word_1_513' title='bbox 1092 4295 1421 4353; x_wconf 86' lang='lat' dir='ltr'><strong>auctoritate</strong></span> <span class='ocrx_word' id='word_1_514' title='bbox 1473 4299 1874 4369; x_wconf 83' lang='lat' dir='ltr'><strong>promulgatum</strong></span> <span class='ocrx_word' id='word_1_515' title='bbox 1920 4317 2044 4358; x_wconf 85' lang='lat' dir='ltr'><strong>esse</strong></span> 
     </span>
    </p>
   </div>
   <div class='ocr_carea' id='block_1_72' title="bbox 462 4377 2042 4461">
    <p class='ocr_par' dir='ltr' id='par_1_72' title="bbox 462 4377 2042 4461">
     <span class='ocr_line' id='line_1_72' title="bbox 462 4377 2042 4461; baseline 0.012 -34"><span class='ocrx_word' id='word_1_516' title='bbox 462 4377 530 4433; x_wconf 91' lang='lat' dir='ltr'><strong>de</strong></span> <span class='ocrx_word' id='word_1_517' title='bbox 557 4379 748 4437; x_wconf 88' lang='lat' dir='ltr'><strong>liberis</strong></span> <span class='ocrx_word' id='word_1_518' title='bbox 781 4383 1208 4439; x_wconf 86' lang='lat' dir='ltr'><strong>constitutorum</strong></span> <span class='ocrx_word' id='word_1_519' title='bbox 1245 4386 1301 4440; x_wconf 88' lang='lat' dir='ltr'><strong>in</strong></span> <span class='ocrx_word' id='word_1_520' title='bbox 1332 4386 1619 4457; x_wconf 79' lang='lat' dir='ltr'><strong>dignitate,</strong></span> <span class='ocrx_word' id='word_1_521' title='bbox 1648 4388 1826 4459; x_wconf 88' lang='lat' dir='ltr'><strong>deque</strong></span> <span class='ocrx_word' id='word_1_522' title='bbox 1857 4401 2042 4461; x_wconf 82' lang='lat' dir='ltr'><strong>patro-</strong></span> 
     </span>
    </p>
   </div>
   <div class='ocr_carea' id='block_1_73' title="bbox 459 4470 2040 4552">
    <p class='ocr_par' dir='ltr' id='par_1_73' title="bbox 459 4470 2040 4552">
     <span class='ocr_line' id='line_1_73' title="bbox 459 4470 2040 4552; baseline 0.011 -28"><span class='ocrx_word' id='word_1_523' title='bbox 459 4470 587 4528; x_wconf 83' lang='lat' dir='ltr'><strong>nis:</strong></span> <span class='ocrx_word' id='word_1_524' title='bbox 621 4479 680 4525; x_wconf 93' lang='lat' dir='ltr'><strong>ut</strong></span> <span class='ocrx_word' id='word_1_525' title='bbox 709 4473 764 4527; x_wconf 90' lang='lat' dir='ltr'><strong>hi</strong></span> <span class='ocrx_word' id='word_1_526' title='bbox 799 4473 1020 4544; x_wconf 87' lang='lat' dir='ltr'><strong>quidem</strong></span> <span class='ocrx_word' id='word_1_527' title='bbox 1046 4474 1342 4539; x_wconf 88' lang='lat' dir='ltr'><strong>libertinis,</strong></span> <span class='ocrx_word' id='word_1_528' title='bbox 1377 4479 1452 4534; x_wconf 90' lang='lat' dir='ltr'><strong>illi</strong></span> <span class='ocrx_word' id='word_1_529' title='bbox 1485 4495 1615 4535; x_wconf 86' lang='lat' dir='ltr'><strong>vero</strong></span> <span class='ocrx_word' id='word_1_530' title='bbox 1643 4484 1893 4552; x_wconf 87' lang='lat' dir='ltr'><strong>personis</strong></span> <span class='ocrx_word' id='word_1_531' title='bbox 1921 4501 2040 4541; x_wconf 90' lang='lat' dir='ltr'><strong>sce-</strong></span> 
     </span>
    </p>
   </div>
   <div class='ocr_carea' id='block_1_74' title="bbox 2156 3281 3718 3357">
    <p class='ocr_par' dir='ltr' id='par_1_74' title="bbox 2156 3281 3718 3357">
     <span class='ocr_line' id='line_1_74' title="bbox 2156 3281 3718 3357; baseline -0.004 -18"><span class='ocrx_word' id='word_1_532' title='bbox 2156 3285 2319 3356; x_wconf 74' lang='grc' dir='ltr'>ἐτερα</span> <span class='ocrx_word' id='word_1_533' title='bbox 2349 3285 2466 3340; x_wconf 83' lang='grc' dir='ltr'>ἀνθ’</span> <span class='ocrx_word' id='word_1_534' title='bbox 2496 3285 2701 3357; x_wconf 85' lang='grc' dir='ltr'>ἐτέρων</span> <span class='ocrx_word' id='word_1_535' title='bbox 2731 3281 3181 3355; x_wconf 73' lang='grc' dir='ltr'>προϐαλλόμενοι,</span> <span class='ocrx_word' id='word_1_536' title='bbox 3213 3282 3310 3334; x_wconf 78' lang='grc' dir='ltr'>καὶ</span> <span class='ocrx_word' id='word_1_537' title='bbox 3325 3281 3396 3333; x_wconf 78' lang='grc' dir='ltr'><strong>τά</strong></span> <span class='ocrx_word' id='word_1_538' title='bbox 3419 3281 3509 3348; x_wconf 75' lang='grc' dir='ltr'><strong>ἐφ’</strong></span> <span class='ocrx_word' id='word_1_539' title='bbox 3529 3281 3718 3350; x_wconf 81' lang='grc' dir='ltr'>ἐτέρων</span> 
     </span>
    </p>
   </div>
   <div class='ocr_carea' id='block_1_75' title="bbox 2156 3374 3716 3448">
    <p class='ocr_par' dir='ltr' id='par_1_75' title="bbox 2156 3374 3716 3448">
     <span class='ocr_line' id='line_1_75' title="bbox 2156 3374 3716 3448; baseline -0.003 -17"><span class='ocrx_word' id='word_1_540' title='bbox 2156 3376 2542 3447; x_wconf 69' lang='grc' dir='ltr'>ἐκφωνηθέντα</span> <span class='ocrx_word' id='word_1_541' title='bbox 2586 3377 2912 3448; x_wconf 84' lang='grc' dir='ltr'>κακούργως</span> <span class='ocrx_word' id='word_1_542' title='bbox 2957 3377 3303 3441; x_wconf 81' lang='grc' dir='ltr'>κλέπτοντες,</span> <span class='ocrx_word' id='word_1_543' title='bbox 3357 3376 3455 3429; x_wconf 79' lang='grc' dir='ltr'>καὶ</span> <span class='ocrx_word' id='word_1_544' title='bbox 3492 3376 3588 3439; x_wconf 83' lang='grc' dir='ltr'>τὰς</span> <span class='ocrx_word' id='word_1_545' title='bbox 3617 3374 3716 3427; x_wconf 83' lang='grc' dir='ltr'><strong>τῶν</strong></span> 
     </span>
    </p>
   </div>
   <div class='ocr_carea' id='block_1_76' title="bbox 2157 3468 3714 3542">
    <p class='ocr_par' dir='ltr' id='par_1_76' title="bbox 2157 3468 3714 3542">
     <span class='ocr_line' id='line_1_76' title="bbox 2157 3468 3714 3542; baseline -0.004 -18"><span class='ocrx_word' id='word_1_546' title='bbox 2157 3469 2543 3542; x_wconf 82' lang='grc' dir='ltr'>ἁπλουστέρων</span> <span class='ocrx_word' id='word_1_547' title='bbox 2605 3470 2777 3533; x_wconf 86' lang='grc' dir='ltr'>ἀκοὰς</span> <span class='ocrx_word' id='word_1_548' title='bbox 2836 3469 3294 3540; x_wconf 85' lang='grc' dir='ltr'>παρασαίνοντες,</span> <span class='ocrx_word' id='word_1_549' title='bbox 3335 3468 3419 3532; x_wconf 72' lang='grc' dir='ltr'>τὸ,</span> <span class='ocrx_word' id='word_1_550' title='bbox 3483 3468 3569 3520; x_wconf 83' lang='grc' dir='ltr'>Ἐν</span> <span class='ocrx_word' id='word_1_551' title='bbox 3614 3469 3714 3528; x_wconf 78' lang='grc' dir='ltr'>τοῖς</span> 
     </span>
    </p>
   </div>
   <div class='ocr_carea' id='block_1_77' title="bbox 2154 3559 3716 3633">
    <p class='ocr_par' dir='ltr' id='par_1_77' title="bbox 2154 3559 3716 3633">
     <span class='ocr_line' id='line_1_77' title="bbox 2154 3559 3716 3633; baseline -0.003 -18"><span class='ocrx_word' id='word_1_552' title='bbox 2154 3561 2377 3633; x_wconf 85' lang='grc' dir='ltr'>γάμοις,</span> <span class='ocrx_word' id='word_1_553' title='bbox 2415 3563 2600 3630; x_wconf 67' lang='grc' dir='ltr'>φασιν,</span> <span class='ocrx_word' id='word_1_554' title='bbox 2629 3563 2690 3615; x_wconf 83' lang='grc' dir='ltr'><strong>οὐ</strong></span> <span class='ocrx_word' id='word_1_555' title='bbox 2725 3562 2889 3632; x_wconf 83' lang='grc' dir='ltr'>μόνον</span> <span class='ocrx_word' id='word_1_556' title='bbox 2943 3563 3004 3615; x_wconf 75' lang='grc' dir='ltr'>τὸ</span> <span class='ocrx_word' id='word_1_557' title='bbox 3058 3562 3561 3632; x_wconf 86' lang='grc' dir='ltr'>ἐπιτετραμμένον,</span> <span class='ocrx_word' id='word_1_558' title='bbox 3595 3559 3716 3614; x_wconf 76' lang='grc' dir='ltr'>ἀλλὰ</span> 
     </span>
    </p>
   </div>
   <div class='ocr_carea' id='block_1_78' title="bbox 2154 3650 3714 3725">
    <p class='ocr_par' dir='ltr' id='par_1_78' title="bbox 2154 3650 3714 3725">
     <span class='ocr_line' id='line_1_78' title="bbox 2154 3650 3714 3725; baseline -0.004 -18"><span class='ocrx_word' id='word_1_559' title='bbox 2154 3655 2248 3707; x_wconf 74' lang='grc' dir='ltr'><strong>καὶ</strong></span> <span class='ocrx_word' id='word_1_560' title='bbox 2287 3654 2346 3709; x_wconf 81' lang='grc' dir='ltr'>τὺ</span> <span class='ocrx_word' id='word_1_561' title='bbox 2372 3653 2649 3724; x_wconf 82' lang='grc' dir='ltr'>εὐπρεπὲς</span> <span class='ocrx_word' id='word_1_562' title='bbox 2710 3655 3006 3725; x_wconf 75' lang='grc' dir='ltr'>ζητοῦμεν,</span> <span class='ocrx_word' id='word_1_563' title='bbox 3044 3654 3158 3708; x_wconf 78' lang='grc' dir='ltr'>ἄνω</span> <span class='ocrx_word' id='word_1_564' title='bbox 3189 3654 3284 3706; x_wconf 78' lang='grc' dir='ltr'>καὶ</span> <span class='ocrx_word' id='word_1_565' title='bbox 3321 3657 3478 3707; x_wconf 80' lang='grc' dir='ltr'>κάτω</span> <span class='ocrx_word' id='word_1_566' title='bbox 3528 3650 3714 3720; x_wconf 76' lang='grc' dir='ltr'>προφέ·</span> 
     </span>
    </p>
   </div>
   <div class='ocr_carea' id='block_1_79' title="bbox 2157 3743 3710 3818">
    <p class='ocr_par' dir='ltr' id='par_1_79' title="bbox 2157 3743 3710 3818">
     <span class='ocr_line' id='line_1_79' title="bbox 2157 3743 3710 3818; baseline 0.001 -19"><span class='ocrx_word' id='word_1_567' title='bbox 2157 3763 2365 3818; x_wconf 84' lang='grc' dir='ltr'>ρουσιν.</span> <span class='ocrx_word' id='word_1_568' title='bbox 2391 3746 2570 3814; x_wconf 80' lang='grc' dir='ltr'>Ὅπερ</span> <span class='ocrx_word' id='word_1_569' title='bbox 2615 3745 2646 3798; x_wconf 77' lang='grc' dir='ltr'><em>ὁ</em></span> <span class='ocrx_word' id='word_1_570' title='bbox 2697 3747 2793 3799; x_wconf 67' lang='grc' dir='ltr'><strong>καὶ</strong></span> <span class='ocrx_word' id='word_1_571' title='bbox 2833 3747 3029 3816; x_wconf 79' lang='grc' dir='ltr'>μικρὸν</span> <span class='ocrx_word' id='word_1_572' title='bbox 3072 3744 3318 3812; x_wconf 70' lang='grc' dir='ltr'>ἐγκύψας</span> <span class='ocrx_word' id='word_1_573' title='bbox 3344 3747 3457 3806; x_wconf 82' lang='grc' dir='ltr'>τοῖς</span> <span class='ocrx_word' id='word_1_574' title='bbox 3519 3743 3710 3810; x_wconf 73' lang='grc' dir='ltr'>νόμοις.</span> 
     </span>
    </p>
   </div>
   <div class='ocr_carea' id='block_1_80' title="bbox 2148 3832 3712 3909">
    <p class='ocr_par' dir='ltr' id='par_1_80' title="bbox 2148 3832 3712 3909">
     <span class='ocr_line' id='line_1_80' title="bbox 2148 3832 3712 3909; baseline -0.004 -18"><span class='ocrx_word' id='word_1_575' title='bbox 2148 3839 2251 3891; x_wconf 77' lang='grc' dir='ltr'><strong>οὐκ</strong></span> <span class='ocrx_word' id='word_1_576' title='bbox 2290 3839 2547 3909; x_wconf 83' lang='grc' dir='ltr'>ἀγνοήσει</span> <span class='ocrx_word' id='word_1_577' title='bbox 2577 3838 2815 3901; x_wconf 78' lang='grc' dir='ltr'>πάντως,</span> <span class='ocrx_word' id='word_1_578' title='bbox 2846 3839 2927 3890; x_wconf 80' lang='grc' dir='ltr'>ὅτι</span> <span class='ocrx_word' id='word_1_579' title='bbox 2957 3837 3148 3907; x_wconf 82' lang='grc' dir='ltr'>ὥσπερ</span> <span class='ocrx_word' id='word_1_580' title='bbox 3169 3839 3226 3890; x_wconf 88' lang='grc' dir='ltr'><strong>ἐν</strong></span> <span class='ocrx_word' id='word_1_581' title='bbox 3258 3836 3335 3907; x_wconf 77' lang='grc' dir='ltr'>τῷ</span> <span class='ocrx_word' id='word_1_582' title='bbox 3387 3834 3569 3906; x_wconf 80' lang='grc' dir='ltr'>μικρῷ</span> <span class='ocrx_word' id='word_1_583' title='bbox 3619 3832 3712 3902; x_wconf 57' lang='grc' dir='ltr'><strong>πρὸ</strong></span> 
     </span>
    </p>
   </div>
   <div class='ocr_carea' id='block_1_81' title="bbox 2151 3927 3712 4001">
    <p class='ocr_par' dir='ltr' id='par_1_81' title="bbox 2151 3927 3712 4001">
     <span class='ocr_line' id='line_1_81' title="bbox 2151 3927 3712 4001; baseline -0.004 -17"><span class='ocrx_word' id='word_1_584' title='bbox 2151 3929 2342 3984; x_wconf 85' lang='grc' dir='ltr'>τούτου</span> <span class='ocrx_word' id='word_1_585' title='bbox 2360 3930 2659 4001; x_wconf 72' lang='grc' dir='ltr'>κεφαλαίῳ,</span> <span class='ocrx_word' id='word_1_586' title='bbox 2695 3931 2833 4001; x_wconf 78' lang='grc' dir='ltr'>πρὸς</span> <span class='ocrx_word' id='word_1_587' title='bbox 2861 3931 2937 3995; x_wconf 78' lang='grc' dir='ltr'><strong>δὲ,</strong></span> <span class='ocrx_word' id='word_1_588' title='bbox 2960 3932 3052 3983; x_wconf 70' lang='grc' dir='ltr'><strong>καὶ</strong></span> <span class='ocrx_word' id='word_1_589' title='bbox 3080 3931 3169 3995; x_wconf 84' lang='lat' dir='ltr'><strong>t0&#39;,</strong></span> <span class='ocrx_word' id='word_1_590' title='bbox 3190 3931 3318 3997; x_wconf 65' lang='grc' dir='ltr'>περὶ</span> <span class='ocrx_word' id='word_1_591' title='bbox 3341 3929 3450 3981; x_wconf 91' lang='grc' dir='ltr'><strong>τῶν</strong></span> <span class='ocrx_word' id='word_1_592' title='bbox 3485 3927 3712 3995; x_wconf 67' lang='grc' dir='ltr'>φυσικῶν</span> 
     </span>
    </p>
   </div>
   <div class='ocr_carea' id='block_1_82' title="bbox 2151 4021 3706 4089">
    <p class='ocr_par' dir='ltr' id='par_1_82' title="bbox 2151 4021 3706 4089">
     <span class='ocr_line' id='line_1_82' title="bbox 2151 4021 3706 4089; baseline -0.003 -14"><span class='ocrx_word' id='word_1_593' title='bbox 2151 4022 2354 4076; x_wconf 85' lang='grc' dir='ltr'>παίδων</span> <span class='ocrx_word' id='word_1_594' title='bbox 2379 4024 2474 4076; x_wconf 80' lang='grc' dir='ltr'>καὶ</span> <span class='ocrx_word' id='word_1_595' title='bbox 2501 4022 2611 4076; x_wconf 89' lang='grc' dir='ltr'><strong>τῶν</strong></span> <span class='ocrx_word' id='word_1_596' title='bbox 2659 4023 2852 4089; x_wconf 88' lang='grc' dir='ltr'>Θετῶν,</span> <span class='ocrx_word' id='word_1_597' title='bbox 2885 4023 2984 4075; x_wconf 74' lang='grc' dir='ltr'>καὶ</span> <span class='ocrx_word' id='word_1_598' title='bbox 3032 4023 3142 4075; x_wconf 87' lang='grc' dir='ltr'><strong>τῶν</strong></span> <span class='ocrx_word' id='word_1_599' title='bbox 3181 4023 3288 4076; x_wconf 70' lang='grc' dir='ltr'><strong>ἀπδ</strong></span> <span class='ocrx_word' id='word_1_600' title='bbox 3333 4021 3541 4074; x_wconf 84' lang='grc' dir='ltr'>δούλων</span> <span class='ocrx_word' id='word_1_601' title='bbox 3591 4036 3706 4071; x_wconf 77' lang='grc' dir='ltr'>κατ-</span> 
     </span>
    </p>
   </div>
   <div class='ocr_carea' id='block_1_83' title="bbox 2148 4111 3708 4184">
    <p class='ocr_par' dir='ltr' id='par_1_83' title="bbox 2148 4111 3708 4184">
     <span class='ocr_line' id='line_1_83' title="bbox 2148 4111 3708 4184; baseline -0.003 -18"><span class='ocrx_word' id='word_1_602' title='bbox 2148 4115 2454 4183; x_wconf 83' lang='grc' dir='ltr'>αγομένων,</span> <span class='ocrx_word' id='word_1_603' title='bbox 2519 4115 2612 4168; x_wconf 76' lang='grc' dir='ltr'><strong>καὶ</strong></span> <span class='ocrx_word' id='word_1_604' title='bbox 2669 4115 2778 4167; x_wconf 85' lang='grc' dir='ltr'><strong>τῶν</strong></span> <span class='ocrx_word' id='word_1_605' title='bbox 2834 4115 2900 4167; x_wconf 87' lang='grc' dir='ltr'><strong>ἐκ</strong></span> <span class='ocrx_word' id='word_1_606' title='bbox 2934 4114 3185 4184; x_wconf 82' lang='grc' dir='ltr'>δουλικῆς</span> <span class='ocrx_word' id='word_1_607' title='bbox 3244 4113 3582 4183; x_wconf 78' lang='grc' dir='ltr'>ἀγχιστείας,</span> <span class='ocrx_word' id='word_1_608' title='bbox 3628 4111 3708 4163; x_wconf 72' lang='grc' dir='ltr'><strong>καὶ</strong></span> 
     </span>
    </p>
   </div>
   <div class='ocr_carea' id='block_1_84' title="bbox 2147 4201 3712 4279">
    <p class='ocr_par' dir='ltr' id='par_1_84' title="bbox 2147 4201 3712 4279">
     <span class='ocr_line' id='line_1_84' title="bbox 2147 4201 3712 4279; baseline -0.004 -19"><span class='ocrx_word' id='word_1_609' title='bbox 2147 4209 2353 4279; x_wconf 85' lang='grc' dir='ltr'>ἐτέρων</span> <span class='ocrx_word' id='word_1_610' title='bbox 2389 4207 2553 4261; x_wconf 88' lang='grc' dir='ltr'>τινῶν</span> <span class='ocrx_word' id='word_1_611' title='bbox 2587 4206 2664 4277; x_wconf 77' lang='grc' dir='ltr'>τῷ</span> <span class='ocrx_word' id='word_1_612' title='bbox 2707 4206 2858 4276; x_wconf 81' lang='grc' dir='ltr'>νόμῳ</span> <span class='ocrx_word' id='word_1_613' title='bbox 2903 4207 3231 4274; x_wconf 78' lang='grc' dir='ltr'>διείληπται·</span> <span class='ocrx_word' id='word_1_614' title='bbox 3257 4205 3402 4257; x_wconf 71' lang='grc' dir='ltr'>οὕτω</span> <span class='ocrx_word' id='word_1_615' title='bbox 3448 4204 3512 4273; x_wconf 83' lang='grc' dir='ltr'>δὴ</span> <span class='ocrx_word' id='word_1_616' title='bbox 3549 4203 3640 4256; x_wconf 77' lang='grc' dir='ltr'><strong>καὶ</strong></span> <span class='ocrx_word' id='word_1_617' title='bbox 3663 4201 3712 4254; x_wconf 71' lang='grc' dir='ltr'>τὸ</span> 
     </span>
    </p>
   </div>
   <div class='ocr_carea' id='block_1_85' title="bbox 2146 4296 3708 4372">
    <p class='ocr_par' dir='ltr' id='par_1_85' title="bbox 2146 4296 3708 4372">
     <span class='ocr_line' id='line_1_85' title="bbox 2146 4296 3708 4372; baseline -0.005 -20"><span class='ocrx_word' id='word_1_618' title='bbox 2146 4300 2514 4372; x_wconf 81' lang='grc' dir='ltr'>περιφόρητον</span> <span class='ocrx_word' id='word_1_619' title='bbox 2561 4299 2624 4370; x_wconf 79' lang='grc' dir='ltr'>δὴ</span> <span class='ocrx_word' id='word_1_620' title='bbox 2675 4299 2838 4352; x_wconf 78' lang='grc' dir='ltr'>τοῦτο</span> <span class='ocrx_word' id='word_1_621' title='bbox 2896 4298 2988 4351; x_wconf 79' lang='grc' dir='ltr'>τοῦ</span> <span class='ocrx_word' id='word_1_622' title='bbox 3049 4297 3361 4367; x_wconf 71' lang='grc' dir='ltr'>εὐπρεποῦς</span> <span class='ocrx_word' id='word_1_623' title='bbox 3405 4296 3708 4365; x_wconf 74' lang='grc' dir='ltr'>κεφάλαιον,</span> 
     </span>
    </p>
   </div>
   <div class='ocr_carea' id='block_1_86' title="bbox 2145 4386 3708 4459">
    <p class='ocr_par' dir='ltr' id='par_1_86' title="bbox 2145 4386 3708 4459">
     <span class='ocr_line' id='line_1_86' title="bbox 2145 4386 3708 4459; baseline -0.005 -15"><span class='ocrx_word' id='word_1_624' title='bbox 2145 4391 2278 4459; x_wconf 78' lang='grc' dir='ltr'>περὶ</span> <span class='ocrx_word' id='word_1_625' title='bbox 2311 4390 2420 4443; x_wconf 86' lang='grc' dir='ltr'><strong>τῶν</strong></span> <span class='ocrx_word' id='word_1_626' title='bbox 2467 4390 2579 4444; x_wconf 83' lang='grc' dir='ltr'><strong>ἀπὸ</strong></span> <span class='ocrx_word' id='word_1_627' title='bbox 2632 4390 2743 4443; x_wconf 88' lang='grc' dir='ltr'><strong>τῶν</strong></span> <span class='ocrx_word' id='word_1_628' title='bbox 2803 4388 3193 4459; x_wconf 76' lang='grc' dir='ltr'>ἀξιωματικῶν</span> <span class='ocrx_word' id='word_1_629' title='bbox 3253 4388 3592 4456; x_wconf 84' lang='grc' dir='ltr'>τικτομένων</span> <span class='ocrx_word' id='word_1_630' title='bbox 3625 4386 3708 4440; x_wconf 77' lang='grc' dir='ltr'><strong>καὶ</strong></span> 
     </span>
    </p>
   </div>
   <div class='ocr_carea' id='block_1_87' title="bbox 2145 4478 3706 4553">
    <p class='ocr_par' dir='ltr' id='par_1_87' title="bbox 2145 4478 3706 4553">
     <span class='ocr_line' id='line_1_87' title="bbox 2145 4478 3706 4553; baseline -0.005 -17"><span class='ocrx_word' id='word_1_631' title='bbox 2145 4481 2467 4553; x_wconf 83' lang='grc' dir='ltr'>πατρώνων·</span> <span class='ocrx_word' id='word_1_632' title='bbox 2497 4481 2641 4534; x_wconf 83' lang='grc' dir='ltr'>ὥστε</span> <span class='ocrx_word' id='word_1_633' title='bbox 2697 4483 2819 4543; x_wconf 80' lang='grc' dir='ltr'>τοὺς</span> <span class='ocrx_word' id='word_1_634' title='bbox 2868 4481 2968 4550; x_wconf 77' lang='grc' dir='ltr'>μὲν</span> <span class='ocrx_word' id='word_1_635' title='bbox 3027 4482 3100 4550; x_wconf 78' lang='grc' dir='ltr'><strong>μὴ</strong></span> <span class='ocrx_word' id='word_1_636' title='bbox 3155 4479 3565 4550; x_wconf 79' lang='grc' dir='ltr'>ἀπελευθέροις,</span> <span class='ocrx_word' id='word_1_637' title='bbox 3595 4478 3706 4538; x_wconf 79' lang='grc' dir='ltr'>τοὺς</span> 
     </span>
    </p>
   </div>
   <div class='ocr_carea' id='block_1_88' title="bbox 461 4562 2047 4646">
    <p class='ocr_par' dir='ltr' id='par_1_88' title="bbox 461 4562 2038 4645">
     <span class='ocr_line' id='line_1_88' title="bbox 461 4562 2038 4645; baseline 0.011 -30"><span class='ocrx_word' id='word_1_638' title='bbox 461 4562 604 4617; x_wconf 80' lang='lat' dir='ltr'><strong>uiris</strong></span> <span class='ocrx_word' id='word_1_639' title='bbox 645 4565 1006 4620; x_wconf 88' lang='lat' dir='ltr'><strong>matrimonio</strong></span> <span class='ocrx_word' id='word_1_640' title='bbox 1043 4582 1152 4623; x_wconf 90' lang='lat' dir='ltr'><strong>non</strong></span> <span class='ocrx_word' id='word_1_641' title='bbox 1200 4570 1548 4639; x_wconf 89' lang='lat' dir='ltr'><strong>copulentur.</strong></span> <span class='ocrx_word' id='word_1_642' title='bbox 1582 4571 1646 4628; x_wconf 87' lang='lat' dir='ltr'><strong>Et</strong></span> <span class='ocrx_word' id='word_1_643' title='bbox 1685 4575 1905 4645; x_wconf 79' lang='lat' dir='ltr'><strong>quidem</strong></span> <span class='ocrx_word' id='word_1_644' title='bbox 1935 4577 2038 4633; x_wconf 88' lang='lat' dir='ltr'><strong>hoc</strong></span> 
     </span>
    </p>
   </div>
   <div class='ocr_carea' id='block_1_89' title="bbox 2153 4562 3703 4646">
    <p class='ocr_par' dir='ltr' id='par_1_89' title="bbox 2153 4569 3703 4646">
     <span class='ocr_line' id='line_1_89' title="bbox 2153 4569 3703 4646; baseline -0.006 -18"><span class='ocrx_word' id='word_1_645' title='bbox 2153 4573 2201 4628; x_wconf 70' lang='grc' dir='ltr'><strong>δὲ</strong></span> <span class='ocrx_word' id='word_1_646' title='bbox 2247 4573 2321 4646; x_wconf 82' lang='grc' dir='ltr'><strong>μὴ</strong></span> <span class='ocrx_word' id='word_1_647' title='bbox 2361 4575 2639 4644; x_wconf 80' lang='grc' dir='ltr'>σκηνικοῖς</span> <span class='ocrx_word' id='word_1_648' title='bbox 2689 4571 3004 4640; x_wconf 84' lang='grc' dir='ltr'>προσώποις</span> <span class='ocrx_word' id='word_1_649' title='bbox 3051 4572 3186 4642; x_wconf 69' lang='grc' dir='ltr'>πρὸς</span> <span class='ocrx_word' id='word_1_650' title='bbox 3239 4572 3418 4639; x_wconf 79' lang='grc' dir='ltr'>γάμον</span> <span class='ocrx_word' id='word_1_651' title='bbox 3480 4569 3703 4637; x_wconf 76' lang='grc' dir='ltr'>ἁρμόζε-</span> 
     </span>
    </p>
   </div>
   <div class='ocr_carea' id='block_1_90' title="bbox 459 4659 2038 4736">
    <p class='ocr_par' dir='ltr' id='par_1_90' title="bbox 459 4659 2038 4736">
     <span class='ocr_line' id='line_1_90' title="bbox 459 4659 2038 4736; baseline 0.009 -27"><span class='ocrx_word' id='word_1_652' title='bbox 459 4666 623 4721; x_wconf 87' lang='lat' dir='ltr'><strong>capnt</strong></span> <span class='ocrx_word' id='word_1_653' title='bbox 649 4659 956 4725; x_wconf 80' lang='lat' dir='ltr'><strong>expositum</strong></span> <span class='ocrx_word' id='word_1_654' title='bbox 986 4674 1112 4717; x_wconf 72' lang='lat' dir='ltr'><strong>esse</strong></span> <span class='ocrx_word' id='word_1_655' title='bbox 1141 4662 1517 4732; x_wconf 81' lang='lat' dir='ltr'><strong>peculiariter,</strong></span> <span class='ocrx_word' id='word_1_656' title='bbox 1543 4665 1610 4720; x_wconf 80' lang='lat' dir='ltr'><strong>ad</strong></span> <span class='ocrx_word' id='word_1_657' title='bbox 1641 4667 2038 4736; x_wconf 88' lang='lat' dir='ltr'><strong>prohibendum</strong></span> 
     </span>
    </p>
   </div>
   <div class='ocr_carea' id='block_1_91' title="bbox 459 4747 2038 4828">
    <p class='ocr_par' dir='ltr' id='par_1_91' title="bbox 459 4747 2038 4828">
     <span class='ocr_line' id='line_1_91' title="bbox 459 4747 2038 4828; baseline 0.01 -27"><span class='ocrx_word' id='word_1_658' title='bbox 459 4747 900 4817; x_wconf 74' lang='lat' dir='ltr'><strong>coniunctionem</strong></span> <span class='ocrx_word' id='word_1_659' title='bbox 934 4751 1178 4818; x_wconf 89' lang='lat' dir='ltr'><strong>illorum,</strong></span> <span class='ocrx_word' id='word_1_660' title='bbox 1207 4755 1299 4825; x_wconf 90' lang='lat' dir='ltr'><strong>qui</strong></span> <span class='ocrx_word' id='word_1_661' title='bbox 1332 4759 1599 4812; x_wconf 86' lang='lat' dir='ltr'><strong>senatorii</strong></span> <span class='ocrx_word' id='word_1_662' title='bbox 1634 4766 1766 4814; x_wconf 84' lang='lat' dir='ltr'><strong>sunt</strong></span> <span class='ocrx_word' id='word_1_663' title='bbox 1801 4760 2038 4828; x_wconf 86' lang='lat' dir='ltr'><strong>ordinis,</strong></span> 
     </span>
    </p>
   </div>
   <div class='ocr_carea' id='block_1_92' title="bbox 459 4839 2040 4924">
    <p class='ocr_par' dir='ltr' id='par_1_92' title="bbox 459 4839 2040 4924">
     <span class='ocr_line' id='line_1_92' title="bbox 459 4839 2040 4924; baseline 0.013 -36"><span class='ocrx_word' id='word_1_664' title='bbox 459 4854 584 4890; x_wconf 85' lang='lat' dir='ltr'><strong>rum</strong></span> <span class='ocrx_word' id='word_1_665' title='bbox 633 4839 923 4907; x_wconf 83' lang='lat' dir='ltr'><strong>libertinis,</strong></span> <span class='ocrx_word' id='word_1_666' title='bbox 969 4856 1065 4900; x_wconf 85' lang='lat' dir='ltr'><strong>aut</strong></span> <span class='ocrx_word' id='word_1_667' title='bbox 1109 4848 1385 4903; x_wconf 87' lang='lat' dir='ltr'><strong>scenicam</strong></span> <span class='ocrx_word' id='word_1_668' title='bbox 1438 4849 1814 4908; x_wconf 87' lang='lat' dir='ltr'><strong>factitantibus</strong></span> <span class='ocrx_word' id='word_1_669' title='bbox 1856 4871 1870 4907; x_wconf 91' lang='lat'><strong>:</strong></span> <span class='ocrx_word' id='word_1_670' title='bbox 1921 4855 2040 4924; x_wconf 89' lang='lat' dir='ltr'><strong>ipse</strong></span> 
     </span>
    </p>
   </div>
   <div class='ocr_carea' id='block_1_93' title="bbox 461 4933 2040 5013">
    <p class='ocr_par' dir='ltr' id='par_1_93' title="bbox 461 4933 2040 5013">
     <span class='ocr_line' id='line_1_93' title="bbox 461 4933 2040 5013; baseline 0.013 -33"><span class='ocrx_word' id='word_1_671' title='bbox 461 4937 643 4986; x_wconf 61' lang='lat' dir='ltr'><strong>textus</strong></span> <span class='ocrx_word' id='word_1_672' title='bbox 697 4933 828 5004; x_wconf 79' lang='lat' dir='ltr'><strong>legis</strong></span> <span class='ocrx_word' id='word_1_673' title='bbox 873 4936 919 4989; x_wconf 91' lang='lat' dir='ltr'><strong>si</strong></span> <span class='ocrx_word' id='word_1_674' title='bbox 966 4937 1143 4994; x_wconf 88' lang='lat' dir='ltr'><strong>lectus</strong></span> <span class='ocrx_word' id='word_1_675' title='bbox 1199 4938 1385 5004; x_wconf 85' lang='lat' dir='ltr'><strong>fuerit,</strong></span> <span class='ocrx_word' id='word_1_676' title='bbox 1413 4943 1687 5000; x_wconf 83' lang='lat' dir='ltr'><strong>ostendet.</strong></span> <span class='ocrx_word' id='word_1_677' title='bbox 1719 4945 1776 4999; x_wconf 88' lang='lat' dir='ltr'><strong>In</strong></span> <span class='ocrx_word' id='word_1_678' title='bbox 1807 4947 2040 5013; x_wconf 83' lang='lat' dir='ltr'><strong>coniun-</strong></span> 
     </span>
    </p>
   </div>
   <div class='ocr_carea' id='block_1_94' title="bbox 457 5017 2034 5098">
    <p class='ocr_par' dir='ltr' id='par_1_94' title="bbox 457 5017 2034 5098">
     <span class='ocr_line' id='line_1_94' title="bbox 457 5017 2034 5098; baseline 0.017 -32"><span class='ocrx_word' id='word_1_679' title='bbox 457 5017 735 5072; x_wconf 74' lang='lat' dir='ltr'><strong>ctionibus</strong></span> <span class='ocrx_word' id='word_1_680' title='bbox 785 5024 1119 5090; x_wconf 82' lang='lat' dir='ltr'><strong>nuptiarum,</strong></span> <span class='ocrx_word' id='word_1_681' title='bbox 1173 5027 1372 5098; x_wconf 89' lang='lat' dir='ltr'><strong>inquit,</strong></span> <span class='ocrx_word' id='word_1_682' title='bbox 1417 5046 1526 5086; x_wconf 89' lang='lat' dir='ltr'><strong>non</strong></span> <span class='ocrx_word' id='word_1_683' title='bbox 1563 5033 1741 5089; x_wconf 88' lang='lat' dir='ltr'><strong>solum</strong></span> <span class='ocrx_word' id='word_1_684' title='bbox 1774 5036 2034 5092; x_wconf 86' lang='lat' dir='ltr'><strong>conside-</strong></span> 
     </span>
    </p>
   </div>
   <div class='ocr_carea' id='block_1_95' title="bbox 458 5109 2036 5184">
    <p class='ocr_par' dir='ltr' id='par_1_95' title="bbox 458 5109 2036 5184">
     <span class='ocr_line' id='line_1_95' title="bbox 458 5109 2036 5184; baseline 0.016 -25"><span class='ocrx_word' id='word_1_685' title='bbox 458 5109 631 5161; x_wconf 89' lang='lat' dir='ltr'><strong>randa</strong></span> <span class='ocrx_word' id='word_1_686' title='bbox 683 5112 958 5170; x_wconf 64' lang='lat' dir='ltr'><strong>subtilitas</strong></span> <span class='ocrx_word' id='word_1_687' title='bbox 991 5128 1099 5181; x_wconf 88' lang='lat' dir='ltr'><strong>est,</strong></span> <span class='ocrx_word' id='word_1_688' title='bbox 1145 5133 1338 5175; x_wconf 84' lang='lat' dir='ltr'><strong>verum</strong></span> <span class='ocrx_word' id='word_1_689' title='bbox 1377 5123 1540 5178; x_wconf 88' lang='lat' dir='ltr'><strong>etiam</strong></span> <span class='ocrx_word' id='word_1_690' title='bbox 1589 5141 1717 5180; x_wconf 89' lang='lat' dir='ltr'><strong>num</strong></span> <span class='ocrx_word' id='word_1_691' title='bbox 1751 5127 1824 5182; x_wconf 89' lang='lat' dir='ltr'><strong>sit</strong></span> <span class='ocrx_word' id='word_1_692' title='bbox 1866 5128 2036 5184; x_wconf 90' lang='lat' dir='ltr'><strong>hone-</strong></span> 
     </span>
    </p>
   </div>
   <div class='ocr_carea' id='block_1_96' title="bbox 457 5203 2032 5282">
    <p class='ocr_par' dir='ltr' id='par_1_96' title="bbox 457 5203 2032 5282">
     <span class='ocr_line' id='line_1_96' title="bbox 457 5203 2032 5282; baseline 0.015 -33"><span class='ocrx_word' id='word_1_693' title='bbox 457 5203 628 5264; x_wconf 86' lang='lat' dir='ltr'><strong>stum,</strong></span> <span class='ocrx_word' id='word_1_694' title='bbox 655 5203 796 5269; x_wconf 87' lang='lat' dir='ltr'><strong>quod</strong></span> <span class='ocrx_word' id='word_1_695' title='bbox 820 5204 1018 5274; x_wconf 82' lang='lat' dir='ltr'><strong>agitur.</strong></span> <span class='ocrx_word' id='word_1_696' title='bbox 1040 5205 1402 5279; x_wconf 79' lang='lat' dir='ltr'><strong>Atquehujus</strong></span> <span class='ocrx_word' id='word_1_697' title='bbox 1423 5213 1623 5282; x_wconf 62' lang='lat' dir='ltr'><strong>regula?</strong></span> <span class='ocrx_word' id='word_1_698' title='bbox 1643 5215 2032 5271; x_wconf 85' lang='lat' dir='ltr'><strong>obscuritatem</strong></span> 
     </span>
    </p>
   </div>
   <div class='ocr_carea' id='block_1_97' title="bbox 455 5290 2033 5375">
    <p class='ocr_par' dir='ltr' id='par_1_97' title="bbox 455 5290 2033 5375">
     <span class='ocr_line' id='line_1_97' title="bbox 455 5290 2033 5375; baseline 0.014 -34"><span class='ocrx_word' id='word_1_699' title='bbox 455 5290 740 5362; x_wconf 65' lang='lat' dir='ltr'><strong>explicans</strong></span> <span class='ocrx_word' id='word_1_700' title='bbox 786 5291 1122 5366; x_wconf 79' lang='lat' dir='ltr'><strong>Stephanus,</strong></span> <span class='ocrx_word' id='word_1_701' title='bbox 1149 5305 1206 5351; x_wconf 84' lang='lat' dir='ltr'><strong>et</strong></span> <span class='ocrx_word' id='word_1_702' title='bbox 1253 5301 1460 5372; x_wconf 88' lang='lat' dir='ltr'><strong>quibus</strong></span> <span class='ocrx_word' id='word_1_703' title='bbox 1492 5317 1755 5373; x_wconf 82' lang='lat' dir='ltr'><strong>congruat</strong></span> <span class='ocrx_word' id='word_1_704' title='bbox 1783 5310 2033 5375; x_wconf 83' lang='lat' dir='ltr'><strong>casibus,</strong></span> 
     </span>
    </p>
   </div>
   <div class='ocr_carea' id='block_1_98' title="bbox 455 5381 2031 5468">
    <p class='ocr_par' dir='ltr' id='par_1_98' title="bbox 455 5381 2031 5468">
     <span class='ocr_line' id='line_1_98' title="bbox 455 5381 2031 5468; baseline 0.015 -40"><span class='ocrx_word' id='word_1_705' title='bbox 455 5381 662 5435; x_wconf 84' lang='lat' dir='ltr'><strong>docens</strong></span> <span class='ocrx_word' id='word_1_706' title='bbox 711 5397 724 5433; x_wconf 93' lang='lat'>:</span> <span class='ocrx_word' id='word_1_707' title='bbox 776 5383 890 5437; x_wconf 85' lang='lat' dir='ltr'><strong>Hoc</strong></span> <span class='ocrx_word' id='word_1_708' title='bbox 939 5386 1095 5452; x_wconf 74' lang='lat' dir='ltr'><strong>dixit,</strong></span> <span class='ocrx_word' id='word_1_709' title='bbox 1134 5393 1332 5461; x_wconf 87' lang='lat' dir='ltr'><strong>inquit.</strong></span> <span class='ocrx_word' id='word_1_710' title='bbox 1370 5397 1548 5464; x_wconf 83' lang='lat' dir='ltr'><strong>capite</strong></span> <span class='ocrx_word' id='word_1_711' title='bbox 1579 5414 1688 5460; x_wconf 72' lang='lat' dir='ltr'><strong>xw,</strong></span> <span class='ocrx_word' id='word_1_712' title='bbox 1721 5400 1881 5468; x_wconf 79' lang='lat' dir='ltr'><strong>cujus</strong></span> <span class='ocrx_word' id='word_1_713' title='bbox 1922 5400 2031 5452; x_wconf 83' lang='lat' dir='ltr'><strong>itii-</strong></span> 
     </span>
    </p>
   </div>
   <div class='ocr_carea' id='block_1_99' title="bbox 463 5471 2027 5555">
    <p class='ocr_par' dir='ltr' id='par_1_99' title="bbox 463 5471 2027 5555">
     <span class='ocr_line' id='line_1_99' title="bbox 463 5471 2027 5555; baseline 0.013 -29"><span class='ocrx_word' id='word_1_714' title='bbox 463 5473 620 5538; x_wconf 90' lang='lat' dir='ltr'><strong>tium,</strong></span> <span class='ocrx_word' id='word_1_715' title='bbox 654 5471 928 5532; x_wconf 69' lang='lat' dir='ltr'><strong>Senatorii:</strong></span> <span class='ocrx_word' id='word_1_716' title='bbox 969 5481 1084 5548; x_wconf 82' lang='lat' dir='ltr'><strong>ﬁlia</strong></span> <span class='ocrx_word' id='word_1_717' title='bbox 1117 5497 1136 5534; x_wconf 86' lang='lat'><strong><em>:</em></strong></span> <span class='ocrx_word' id='word_1_718' title='bbox 1169 5485 1326 5552; x_wconf 84' lang='lat' dir='ltr'><strong>quasi</strong></span> <span class='ocrx_word' id='word_1_719' title='bbox 1358 5486 1585 5555; x_wconf 78' lang='lat' dir='ltr'><strong>diceret,</strong></span> <span class='ocrx_word' id='word_1_720' title='bbox 1619 5491 1824 5546; x_wconf 72' lang='lat' dir='ltr'><strong>clarius</strong></span> <span class='ocrx_word' id='word_1_721' title='bbox 1866 5492 2027 5546; x_wconf 90' lang='lat' dir='ltr'><strong>isthic</strong></span> 
     </span>
    </p>
   </div>
   <div class='ocr_carea' id='block_1_100' title="bbox 452 5563 2022 5648">
    <p class='ocr_par' dir='ltr' id='par_1_100' title="bbox 452 5563 2022 5648">
     <span class='ocr_line' id='line_1_100' title="bbox 452 5563 2022 5648; baseline 0.015 -34"><span class='ocrx_word' id='word_1_722' title='bbox 452 5563 759 5631; x_wconf 74' lang='lat' dir='ltr'><strong>expositum</strong></span> <span class='ocrx_word' id='word_1_723' title='bbox 793 5583 934 5623; x_wconf 88' lang='lat' dir='ltr'><strong>esse.</strong></span> <span class='ocrx_word' id='word_1_724' title='bbox 977 5570 1181 5627; x_wconf 88' lang='lat' dir='ltr'><strong>Deinde</strong></span> <span class='ocrx_word' id='word_1_725' title='bbox 1215 5579 1434 5645; x_wconf 90' lang='lat' dir='ltr'><strong>apponit</strong></span> <span class='ocrx_word' id='word_1_726' title='bbox 1489 5580 1601 5648; x_wconf 89' lang='lat' dir='ltr'><strong>ipsa</strong></span> <span class='ocrx_word' id='word_1_727' title='bbox 1643 5585 1803 5636; x_wconf 61' lang='lat' dir='ltr'><strong>etiam</strong></span> <span class='ocrx_word' id='word_1_728' title='bbox 1837 5584 2022 5648; x_wconf 73' lang='lat' dir='ltr'><strong>verba,</strong></span> 
     </span>
    </p>
   </div>
   <div class='ocr_carea' id='block_1_101' title="bbox 2144 4658 3702 4735">
    <p class='ocr_par' dir='ltr' id='par_1_101' title="bbox 2144 4658 3702 4735">
     <span class='ocr_line' id='line_1_101' title="bbox 2144 4658 3702 4735; baseline -0.006 -16"><span class='ocrx_word' id='word_1_729' title='bbox 2144 4667 2302 4731; x_wconf 82' lang='grc' dir='ltr'>σθαι,</span> <span class='ocrx_word' id='word_1_730' title='bbox 2355 4662 2435 4734; x_wconf 88' lang='grc' dir='ltr'>τῷ</span> <span class='ocrx_word' id='word_1_731' title='bbox 2474 4663 2625 4735; x_wconf 85' lang='grc' dir='ltr'>νόμῳ</span> <span class='ocrx_word' id='word_1_732' title='bbox 2686 4664 3088 4718; x_wconf 83' lang='grc' dir='ltr'>κεκανόνισται.</span> <span class='ocrx_word' id='word_1_733' title='bbox 3137 4663 3260 4715; x_wconf 84' lang='grc' dir='ltr'>Ὅτι</span> <span class='ocrx_word' id='word_1_734' title='bbox 3317 4661 3373 4714; x_wconf 82' lang='grc' dir='ltr'><strong>δέ</strong></span> <span class='ocrx_word' id='word_1_735' title='bbox 3428 4660 3490 4713; x_wconf 85' lang='grc' dir='ltr'><strong>τὸ</strong></span> <span class='ocrx_word' id='word_1_736' title='bbox 3539 4658 3702 4712; x_wconf 79' lang='grc' dir='ltr'>τοιού·</span> 
     </span>
    </p>
   </div>
   <div class='ocr_carea' id='block_1_102' title="bbox 2142 4748 3700 4824">
    <p class='ocr_par' dir='ltr' id='par_1_102' title="bbox 2142 4748 3700 4824">
     <span class='ocr_line' id='line_1_102' title="bbox 2142 4748 3700 4824; baseline -0.001 -14"><span class='ocrx_word' id='word_1_737' title='bbox 2142 4772 2235 4810; x_wconf 88' lang='grc' dir='ltr'><strong>τον</strong></span> <span class='ocrx_word' id='word_1_738' title='bbox 2295 4753 2591 4824; x_wconf 83' lang='grc' dir='ltr'>κεφάλαιον</span> <span class='ocrx_word' id='word_1_739' title='bbox 2634 4753 2946 4818; x_wconf 69' lang='grc' dir='ltr'>ἰδιαζόντως</span> <span class='ocrx_word' id='word_1_740' title='bbox 3020 4753 3153 4823; x_wconf 80' lang='grc' dir='ltr'>πρὸς</span> <span class='ocrx_word' id='word_1_741' title='bbox 3203 4751 3579 4819; x_wconf 83' lang='grc' dir='ltr'>ἀπαγόρευσιν</span> <span class='ocrx_word' id='word_1_742' title='bbox 3614 4748 3700 4816; x_wconf 84' lang='grc' dir='ltr'><strong>τῆς</strong></span> 
     </span>
    </p>
   </div>
   <div class='ocr_carea' id='block_1_103' title="bbox 2139 4834 3698 4920">
    <p class='ocr_par' dir='ltr' id='par_1_103' title="bbox 2139 4834 3698 4920">
     <span class='ocr_line' id='line_1_103' title="bbox 2139 4834 3698 4920; baseline -0.007 -18"><span class='ocrx_word' id='word_1_743' title='bbox 2139 4847 2248 4902; x_wconf 87' lang='grc' dir='ltr'><strong>τῶν</strong></span> <span class='ocrx_word' id='word_1_744' title='bbox 2285 4846 2666 4920; x_wconf 80' lang='grc' dir='ltr'>συγκλητικῶν</span> <span class='ocrx_word' id='word_1_745' title='bbox 2707 4848 2843 4919; x_wconf 78' lang='grc' dir='ltr'>πρὸς</span> <span class='ocrx_word' id='word_1_746' title='bbox 2901 4845 3303 4914; x_wconf 81' lang='grc' dir='ltr'>ἀπελευθέρους</span> <span class='ocrx_word' id='word_1_747' title='bbox 3329 4845 3362 4914; x_wconf 86' lang='grc' dir='ltr'><strong>ἧ</strong></span> <span class='ocrx_word' id='word_1_748' title='bbox 3387 4834 3698 4912; x_wconf 73' lang='grc' dir='ltr'>’σκηνικοὺς</span> 
     </span>
    </p>
   </div>
   <div class='ocr_carea' id='block_1_104' title="bbox 2143 4933 3696 5009">
    <p class='ocr_par' dir='ltr' id='par_1_104' title="bbox 2143 4933 3696 5009">
     <span class='ocr_line' id='line_1_104' title="bbox 2143 4933 3696 5009; baseline -0.006 -16"><span class='ocrx_word' id='word_1_749' title='bbox 2143 4940 2437 5009; x_wconf 83' lang='grc' dir='ltr'>συναφείας</span> <span class='ocrx_word' id='word_1_750' title='bbox 2471 4937 2888 5008; x_wconf 80' lang='grc' dir='ltr'>ἐκπεφώνηται,</span> <span class='ocrx_word' id='word_1_751' title='bbox 2924 4939 3057 4992; x_wconf 74' lang='grc' dir='ltr'>αὐτὸ</span> <span class='ocrx_word' id='word_1_752' title='bbox 3081 4938 3254 4990; x_wconf 83' lang='grc' dir='ltr'>τὸτοῦ</span> <span class='ocrx_word' id='word_1_753' title='bbox 3291 4936 3458 5002; x_wconf 82' lang='grc' dir='ltr'>νόμου</span> <span class='ocrx_word' id='word_1_754' title='bbox 3515 4933 3696 4991; x_wconf 79' lang='grc' dir='ltr'>πλάτος</span> 
     </span>
    </p>
   </div>
   <div class='ocr_carea' id='block_1_105' title="bbox 2141 5024 3694 5104">
    <p class='ocr_par' dir='ltr' id='par_1_105' title="bbox 2141 5024 3694 5104">
     <span class='ocr_line' id='line_1_105' title="bbox 2141 5024 3694 5104; baseline -0.005 -18"><span class='ocrx_word' id='word_1_755' title='bbox 2141 5034 2486 5104; x_wconf 82' lang='grc' dir='ltr'>παραστήσει</span> <span class='ocrx_word' id='word_1_756' title='bbox 2541 5030 2910 5101; x_wconf 82' lang='grc' dir='ltr'>ἀναγνωσθέν.</span> <span class='ocrx_word' id='word_1_757' title='bbox 2957 5031 3045 5083; x_wconf 84' lang='grc' dir='ltr'>Ἐν</span> <span class='ocrx_word' id='word_1_758' title='bbox 3083 5031 3206 5092; x_wconf 84' lang='grc' dir='ltr'>ταῖς</span> <span class='ocrx_word' id='word_1_759' title='bbox 3249 5026 3558 5096; x_wconf 73' lang='grc' dir='ltr'>συναφεξαις</span> <span class='ocrx_word' id='word_1_760' title='bbox 3600 5024 3694 5091; x_wconf 74' lang='grc' dir='ltr'>γὰρ</span> 
     </span>
    </p>
   </div>
   <div class='ocr_carea' id='block_1_106' title="bbox 2140 5119 3690 5195">
    <p class='ocr_par' dir='ltr' id='par_1_106' title="bbox 2140 5119 3690 5195">
     <span class='ocr_line' id='line_1_106' title="bbox 2140 5119 3690 5195; baseline -0.01 -14"><span class='ocrx_word' id='word_1_761' title='bbox 2140 5125 2320 5194; x_wconf 64' lang='grc' dir='ltr'>(φησι)</span> <span class='ocrx_word' id='word_1_762' title='bbox 2359 5125 2470 5178; x_wconf 91' lang='grc' dir='ltr'><strong>τῶν</strong></span> <span class='ocrx_word' id='word_1_763' title='bbox 2511 5125 2728 5195; x_wconf 88' lang='grc' dir='ltr'>γάμων,</span> <span class='ocrx_word' id='word_1_764' title='bbox 2773 5123 2838 5176; x_wconf 83' lang='grc' dir='ltr'>οὐ</span> <span class='ocrx_word' id='word_1_765' title='bbox 2895 5123 3057 5194; x_wconf 87' lang='grc' dir='ltr'>μόνον</span> <span class='ocrx_word' id='word_1_766' title='bbox 3111 5121 3212 5192; x_wconf 79' lang='grc' dir='ltr'>τὴν</span> <span class='ocrx_word' id='word_1_767' title='bbox 3265 5119 3544 5189; x_wconf 79' lang='grc' dir='ltr'>ἀκρίϐειαν</span> <span class='ocrx_word' id='word_1_768' title='bbox 3579 5131 3690 5168; x_wconf 84' lang='grc' dir='ltr'>σκο-</span> 
     </span>
    </p>
   </div>
   <div class='ocr_carea' id='block_1_107' title="bbox 2138 5209 3686 5286">
    <p class='ocr_par' dir='ltr' id='par_1_107' title="bbox 2138 5209 3686 5286">
     <span class='ocr_line' id='line_1_107' title="bbox 2138 5209 3686 5286; baseline -0.006 -17"><span class='ocrx_word' id='word_1_769' title='bbox 2138 5217 2358 5270; x_wconf 85' lang='grc' dir='ltr'>πεῖσθαι</span> <span class='ocrx_word' id='word_1_770' title='bbox 2392 5218 2596 5286; x_wconf 82' lang='grc' dir='ltr'>χρεὼν,</span> <span class='ocrx_word' id='word_1_771' title='bbox 2629 5216 2744 5270; x_wconf 85' lang='grc' dir='ltr'>ἀλλ’</span> <span class='ocrx_word' id='word_1_772' title='bbox 2772 5219 2821 5270; x_wconf 87' lang='grc' dir='ltr'><strong>εί</strong></span> <span class='ocrx_word' id='word_1_773' title='bbox 2852 5217 2948 5269; x_wconf 67' lang='grc' dir='ltr'><strong>καὶ</strong></span> <span class='ocrx_word' id='word_1_774' title='bbox 2993 5217 3191 5286; x_wconf 83' lang='grc' dir='ltr'>σεμνόν</span> <span class='ocrx_word' id='word_1_775' title='bbox 3222 5216 3338 5267; x_wconf 87' lang='grc' dir='ltr'>ἐστι</span> <span class='ocrx_word' id='word_1_776' title='bbox 3362 5216 3423 5264; x_wconf 75' lang='grc' dir='ltr'>τδ</span> <span class='ocrx_word' id='word_1_777' title='bbox 3473 5209 3686 5282; x_wconf 75' lang='grc' dir='ltr'>πραττό-</span> 
     </span>
    </p>
   </div>
   <div class='ocr_carea' id='block_1_108' title="bbox 2142 5300 3680 5380">
    <p class='ocr_par' dir='ltr' id='par_1_108' title="bbox 2142 5300 3680 5380">
     <span class='ocr_line' id='line_1_108' title="bbox 2142 5300 3680 5380; baseline -0.009 -18"><span class='ocrx_word' id='word_1_778' title='bbox 2142 5327 2322 5380; x_wconf 90' lang='grc' dir='ltr'>μενον.</span> <span class='ocrx_word' id='word_1_779' title='bbox 2354 5309 2460 5362; x_wconf 87' lang='grc' dir='ltr'>Τοῦ</span> <span class='ocrx_word' id='word_1_780' title='bbox 2490 5307 2547 5362; x_wconf 86' lang='grc' dir='ltr'><strong>δέ</strong></span> <span class='ocrx_word' id='word_1_781' title='bbox 2587 5306 2833 5362; x_wconf 86' lang='grc' dir='ltr'>τοιούτου</span> <span class='ocrx_word' id='word_1_782' title='bbox 2871 5307 3097 5370; x_wconf 80' lang='grc' dir='ltr'>κανόνος</span> <span class='ocrx_word' id='word_1_783' title='bbox 3131 5307 3229 5374; x_wconf 73' lang='grc' dir='ltr'><strong>τὴν</strong></span> <span class='ocrx_word' id='word_1_784' title='bbox 3273 5303 3533 5372; x_wconf 72' lang='grc' dir='ltr'>ἀσάφειαν</span> <span class='ocrx_word' id='word_1_785' title='bbox 3566 5300 3680 5352; x_wconf 81' lang='grc' dir='ltr'>ἀνα-</span> 
     </span>
    </p>
   </div>
   <div class='ocr_carea' id='block_1_109' title="bbox 2139 5389 3681 5469">
    <p class='ocr_par' dir='ltr' id='par_1_109' title="bbox 2139 5389 3681 5469">
     <span class='ocr_line' id='line_1_109' title="bbox 2139 5389 3681 5469; baseline -0.005 -15"><span class='ocrx_word' id='word_1_786' title='bbox 2139 5401 2432 5454; x_wconf 79' lang='grc' dir='ltr'>καλύπτων</span> <span class='ocrx_word' id='word_1_787' title='bbox 2461 5403 2489 5452; x_wconf 89' lang='grc' dir='ltr'><strong>ὁ</strong></span> <span class='ocrx_word' id='word_1_788' title='bbox 2513 5400 2806 5469; x_wconf 87' lang='grc' dir='ltr'>Στέφανος,</span> <span class='ocrx_word' id='word_1_789' title='bbox 2843 5399 2937 5453; x_wconf 67' lang='grc' dir='ltr'>καὶ</span> <span class='ocrx_word' id='word_1_790' title='bbox 2977 5399 3152 5461; x_wconf 88' lang='grc' dir='ltr'>ποίοις</span> <span class='ocrx_word' id='word_1_791' title='bbox 3181 5397 3448 5450; x_wconf 83' lang='grc' dir='ltr'>διδάσκων</span> <span class='ocrx_word' id='word_1_792' title='bbox 3471 5389 3681 5462; x_wconf 75' lang='grc' dir='ltr'><strong>ἁρμόζέ⁸</strong></span> 
     </span>
    </p>
   </div>
   <div class='ocr_carea' id='block_1_110' title="bbox 2138 5486 3677 5562">
    <p class='ocr_par' dir='ltr' id='par_1_110' title="bbox 2138 5486 3677 5562">
     <span class='ocr_line' id='line_1_110' title="bbox 2138 5486 3677 5562; baseline -0.002 -16"><span class='ocrx_word' id='word_1_793' title='bbox 2138 5494 2260 5546; x_wconf 87' lang='grc' dir='ltr'>σθαι</span> <span class='ocrx_word' id='word_1_794' title='bbox 2289 5494 2336 5527; x_wconf 80' lang='grc'><strong>⁸⁸</strong></span> <span class='ocrx_word' id='word_1_795' title='bbox 2363 5492 2561 5562; x_wconf 82' lang='grc' dir='ltr'>θέμασι</span> <span class='ocrx_word' id='word_1_796' title='bbox 2592 5509 2606 5522; x_wconf 88' lang='grc'><strong>·</strong></span> <span class='ocrx_word' id='word_1_797' title='bbox 2634 5491 2792 5546; x_wconf 79' lang='grc' dir='ltr'>τοῦτο</span> <span class='ocrx_word' id='word_1_798' title='bbox 2825 5486 2946 5544; x_wconf 81' lang='grc' dir='ltr'>εἶπε</span> <span class='ocrx_word' id='word_1_799' title='bbox 2978 5490 3186 5559; x_wconf 76' lang='grc' dir='ltr'>(φησὶν)</span> <span class='ocrx_word' id='word_1_800' title='bbox 3217 5491 3274 5544; x_wconf 87' lang='grc' dir='ltr'><strong>ἐν</strong></span> <span class='ocrx_word' id='word_1_801' title='bbox 3309 5490 3387 5560; x_wconf 82' lang='grc' dir='ltr'>τῷ</span> <span class='ocrx_word' id='word_1_802' title='bbox 3415 5487 3488 5553; x_wconf 79' lang='grc' dir='ltr'>ις’</span> <span class='ocrx_word' id='word_1_803' title='bbox 3522 5496 3677 5551; x_wconf 69' lang='grc' dir='ltr'>κεφα-</span> 
     </span>
    </p>
   </div>
   <div class='ocr_carea' id='block_1_111' title="bbox 2133 5580 3672 5655">
    <p class='ocr_par' dir='ltr' id='par_1_111' title="bbox 2133 5580 3672 5655">
     <span class='ocr_line' id='line_1_111' title="bbox 2133 5580 3672 5655; baseline -0.006 -17"><span class='ocrx_word' id='word_1_804' title='bbox 2133 5583 2616 5655; x_wconf 66' lang='grc' dir='ltr'>&gt;.αί‹ε›,Σενάτορις</span> <span class='ocrx_word' id='word_1_805' title='bbox 2653 5585 2823 5654; x_wconf 69' lang='grc' dir='ltr'>φίλια</span> <span class='ocrx_word' id='word_1_806' title='bbox 2849 5601 2861 5614; x_wconf 87' lang='grc'>·</span> <span class='ocrx_word' id='word_1_807' title='bbox 2917 5583 3116 5637; x_wconf 75' lang='grc' dir='ltr'>ὡσανεὶ</span> <span class='ocrx_word' id='word_1_808' title='bbox 3150 5582 3345 5651; x_wconf 82' lang='grc' dir='ltr'>λέγων,</span> <span class='ocrx_word' id='word_1_809' title='bbox 3379 5580 3672 5651; x_wconf 77' lang='grc' dir='ltr'>σαφέστερον</span> 
     </span>
    </p>
   </div>
   <div class='ocr_carea' id='block_1_112' title="bbox 1756 5759 2434 5839">
    <p class='ocr_par' dir='ltr' id='par_1_112' title="bbox 1756 5759 2434 5839">
     <span class='ocr_line' id='line_1_112' title="bbox 1756 5759 2434 5839; baseline 0.012 -28"><span class='ocrx_word' id='word_1_810' title='bbox 1756 5759 1792 5812; x_wconf 81' lang='lat'><em>\&#39;</em></span> <span class='ocrx_word' id='word_1_811' title='bbox 1804 5759 1988 5816; x_wconf 60' lang='lat' dir='ltr'><strong>anu-1</strong></span> <span class='ocrx_word' id='word_1_812' title='bbox 2010 5763 2434 5839; x_wconf 73' lang='lat' dir='ltr'><strong>_LECTIONES.</strong></span> 
     </span>
    </p>
   </div>
   <div class='ocr_carea' id='block_1_113' title="bbox 525 5832 1394 5912">
    <p class='ocr_par' dir='ltr' id='par_1_113' title="bbox 525 5832 1394 5912">
     <span class='ocr_line' id='line_1_113' title="bbox 525 5832 1394 5912; baseline 0.016 -26"><span class='ocrx_word' id='word_1_813' title='bbox 525 5837 569 5869; x_wconf 79' lang='grc'><strong>⁸⁵</strong></span> <span class='ocrx_word' id='word_1_814' title='bbox 603 5832 697 5888; x_wconf 76' lang='grc' dir='ltr'>τοῦ</span> <span class='ocrx_word' id='word_1_815' title='bbox 729 5836 918 5904; x_wconf 71' lang='grc' dir='ltr'>τόμον.</span> <span class='ocrx_word' id='word_1_816' title='bbox 994 5841 1040 5875; x_wconf 83' lang='grc'>⁸⁸</span> <span class='ocrx_word' id='word_1_817' title='bbox 1073 5842 1394 5912; x_wconf 73' lang='grc' dir='ltr'>ἁρμόζεται.</span> 
     </span>
    </p>
   </div>
  </div>
