3948 6590
265 403 409 467 lli'i

1535 402 2253 477 GRI’ECO-ROMANUM.

3395 360 3531 484 lll-l

261 525 388 574 ἐκεῖ
411 520 678 574 λέλεκται.
715 517 844 574 Εἶτα
877 537 971 574 και
1016 522 1378 589 παρατίθεται
1407 522 1544 575 αὐτὰ
1578 522 1646 574 τὰ
1681 522 1841 592 ρητὰ,

1955 528 2097 585 unde
2125 540 2342 602 sumpta
2379 537 2513 597 sint,
2544 544 2596 588 et
2626 549 2735 604 quo
2769 544 3035 606 spectem.
3066 539 3142 602 Ea
3174 544 3300 592 sunt
3333 537 3529 608 hujus-

263 616 330 680 ἐξ
364 609 439 668 ὧν
495 614 590 668 καὶ
614 613 682 668 δι’
705 613 742 668 ἃ
764 613 1040 682 είληπται,
1083 614 1238 666 ἅτινα
1261 614 1433 677 οὕτως
1473 614 1608 684 ἔχει’
1642 613 1782 669 Οὔτε
1815 615 1848 685 ἡ

261 707 538 776 θυγάτηρ,
571 705 603 776 ἥ
641 705 862 776 ὲγγόνη,
895 704 928 776 ἢ
983 705 1290 776 προεγγόνη
1315 705 1407 769 τοῦ
1457 705 1844 778 συγκλητικοῦ,

260 800 490 854 δύναται
515 798 866 869 ἀπελευθέρῳ
895 798 1212 868 γαμεῖσθαι,
1252 799 1285 868 ἢ
1313 798 1390 868 τῷ
1428 800 1684 867 παιγνίαν
1719 815 1850 869 σκη-

261 893 424 962 νικὴν
457 890 900 961 ὲνδειξαμένῳ,ἣ
951 890 1165 958 ἐκείνῳ,
1201 885 1409 953 οὗτινος
1459 893 1486 945 6
1530 892 1715 960 πατὴρ
1755 892 1851 943 καὶ

260 985 295 1052 ἡ
342 985 526 1054 μήτηρ
565 981 822 1051 παιγνίαν
858 979 1165 1046 ἐνεδείξατο
1191 984 1480 1053 σκηνικήν.
1538 984 1645 1036 Καὶ
1679 983 1849 1035 ταῦτα

261 1076 369 1143 μὲν
392 1075 488 1129 ἐπὶ
511 1074 777 1144 τούτωνή
823 1073 932 1127 τῶν
966 1074 1148 1144 νόμων
1187 1074 1406 1141 γλῶσσαι
1453 1075 1745 1143 Στέφανος.
1777 1073 1850 1126 Τὸ

259 1164 319 1218 δὲ
375 1165 447 1216 τὰ
497 1164 582 1231 ἐφ’
626 1163 830 1233 ἐτέρων
860 1163 1264 1233 ὲκφωνηθέντα,
1299 1163 1391 1216 καὶ
1439 1163 1540 1232 τὴν
1595 1165 1757 1233 ἰσχὺν
1791 1163 1850 1216 ὲν

256 1256 498 1321 ἐκείνοις
543 1256 688 1326 ἔχειν
725 1255 1032 1324 ὀφείλοντα,
1063 1256 1322 1326 μετάγειν
1371 1254 1459 1322 ἐφ’
1507 1254 1692 1325 ἕτερα,
1754 1254 1849 1309 καὶ

257 1351 330 1404 τά
352 1349 618 1420 πρόδηλον
656 1347 953 1419 ἑρμηνείαν
983 1346 1179 1418 ἔχοντα
1209 1347 1362 1418 παρὰ
1387 1346 1481 1399 τὸν
1520 1347 1685 1416 νόμον
1745 1363 1847 1416 με-

254 1443 533 1502 ταποιεῖν,
562 1440 695 1494 αὐτὸ
709 1439 870 1492 τοῦτο
886 1439 951 1510 δὴ
977 1443 1058 1504 τὸ,
1100 1438 1201 1510 τὴν
1229 1439 1304 1503 ὡς
1335 1438 1552 1509 άληθῶς
1585 1438 1849 1508 σύγχυσιν

258 1533 637 1603 ὲργαζόμενόν
667 1533 837 1598 ἐστιν,
879 1532 908 1585 ὃ
951 1535 1092 1601 τάχα
1135 1533 1229 1586 καὶ
1259 1531 1366 1585 ὑπὸ
1402 1531 1849 1600 πλαστογραφίας

257 1625 524 1694 ἔγκλημα
572 1624 730 1691 θήσει
794 1622 923 1686 τούς
988 1624 1150 1692 γε-δὴ
1173 1625 1246 1694 μὴ
1304 1623 1847 1693 παραφυλάττοντας.

335 1717 550 1785 Ὠσπερ
587 1715 682 1769 οὖν
721 1716 820 1768 οὐκ
853 1715 968 1768 ἑστι
1000 1717 1214 1780 ταὺτὺν,
1249 1715 1331 1778 τὸ,
1367 1716 1462 1768 ἕνα
1494 1715 1664 1784 ἄνδρα
1707 1731 1848 1784 cup.-

255 1809 583 1879 φθείρεσθαι
625 1809 720 1862 δύο
761 1807 1018 1877 ἀδελφαῖς
1074 1807 1264 1877 (τοῦτο
1304 1807 1369 1879 δὴ
1413 1809 1473 1862 τὸ
1512 1807 1590 1879 τῷ
1624 1807 1847 1878 μεγάλῳ

252 1902 532 1971 Βασιλείῳ
589 1901 772 1964 καλῶς
829 1901 1211 1972 ἁπαγορευθὲν
1227 1899 1270 1973 ),
1309 1900 1388 1972 τῷ
1433 1900 1526 1954 δύο
1574 1898 1846 1970 κηδεστῶν
1879 1891 1916 1948 Β

255 1996 466 2059 παῖδας
491 1994 744 2065 ἀλλήλοις
766 1993 1180 2062 συζεύγνυσθαιο
1214 1993 1387 2057 οὕτως
1415 1993 1535 2046 οὐδὲ
1558 1994 1682 2056 τοὺς
1710 1993 1846 2046 ἀπο-

255 2088 560 2159 τεχθέντας
608 2087 806 2150 παῖδας
839 2086 932 2140 τοῦ
972 2088 1286 2159 Δημητρίου
1318 2105 1378 2140 τε
1423 2088 1517 2140 καὶ
1560 2087 1655 2140 τοῦ
1686 2088 1849 2140 Νικο-

252 2181 420 2248 λάου,
445 2179 785 2251 συναφθῆναί
813 2197 899 2244 τις
923 2179 1068 2234 κατά
1096 2197 1218 2233 τινα
1245 2181 1448 2250 τρόπον
1474 2177 1732 2238 κωλύσει.
1755 2180 1848 2234 Διὸ

252 2272 357 2326 καὶ
391 2271 554 2326 αὐτὸν
601 2271 696 2324 τὸν
724 2270 982 2342 θεοφόρον
1033 2271 1127 2324 καὶ¹
1172 2269 1347 2340 μέγαν
1380 2270 1660 2322 Βασίλειον
1695 2271 1846 2342 νόμῳ

256 2362 405 2433 πρὸς
439 2361 617 2430 γάμον
648 2361 1014 2432 ὁρμωμένοις,
1042 2361 1286 2429 ἧνοικται
1319 2360 1530 2422 τούτοις
1553 2361 1581 2413 6
1610 2359 1848 2424 τοιοῦτος

254 2459 440 2527 γάμος
473 2457 570 2511 καὶ
593 2454 1027 2526 συγκεχώρηται.
1051 2453 1484 2525 Συγκεχώρηται
1509 2453 1588 2520 δὲ,
1616 2453 1740 2507 ἐπεὶ
1771 2450 1847 2523 μὴ

253 2548 594 2603 κεκώλυται.
644 2547 718 2600 Οὐ
773 2545 1079 2600 κεκώλυται
1122 2547 1200 2608 δὲ,
1251 2547 1372 2599 ἐπεὶ
1426 2547 1563 2616 μήτε
1616 2546 1846 2610 παλαιὸς

253 2641 468 2706 κανὼν,
515 2639 654 2713 μήτε
708 2636 812 2710 μὴν
859 2639 886 2692 6
928 2637 1107 2709 τόμος.
1133 2637 1317 2704 αὐτὸς,
1331 2636 1572 2709 ἀναιρῶν
1605 2653 1709 2692 που
1740 2637 1850 2691 ast.

255 2751 478 2799 κνυται,
514 2735 590 2796 ῶς
623 2734 772 2788 ἆπαν
797 2733 857 2787 ὲν
879 2731 1091 2796 τούτοις
1118 2732 1368 2801 συνάγων
1393 2749 1452 2786 τε
1479 2731 1576 2786 καὶ
1609 2731 1762 2794 ἱστὰς
1788 2729 1850 2783 τὸ

257 2825 668 2896 συμπέρασμα,
713 2824 810 2878 καὶ
859 2823 1058 2893 μόνους
1108 2823 1372 2894 ἀδελφοὺς
1404 2824 1519 2890 δύο,
1554 2822 1851 2891 ἑξαδέλφας

257 2917 363 2974 δύο
408 2916 692 2988 ἁπείργων
740 2917 1086 2988 λαμϐάνειν,
1145 2916 1244 2971 καίΙ
1295 2915 1436 2970 θεῖον
1488 2915 1584 2969 καὶ¹
1627 2913 1848 2982 ἀνεψιὸν

255 3008 506 3077 ἀδελφὰς
531 3008 646 3066 δύο.
677 3009 774 3064 καὶ
801 3008 871 3064 τὰ
891 3007 1098 3064 τούτων
1118 3005 1422 3066 ἀνάπαλινο
1451 3005 1762 3077 περαιτέρω
1790 3004 1848 3057 δὲ

261 3102 440 3172 μηδὲν
488 3101 984 3173 πολυπραγμονῶν,
1027 3100 1162 3173 μηδὲ
1207 3099 1666 3169 ἀποφαινόμενος.
1710 3095 1848 3151 Καθ’

1944 622 2097 676 modi
2146 623 2284 695 (47).
2331 623 2520 694 Neque
2570 628 2699 692 tilia,
2751 629 2830 681 vel
2888 628 3086 698 neptis,
3131 628 3212 684 vel
3251 631 3532 699 proneptis

1953 719 2248 784 senatoris,
2271 719 2476 775 liberto
2511 721 2719 775 nubere
2755 731 2976 791 potest;
3009 723 3091 777 vel
3128 724 3201 788 ei,
3233 724 3323 793 qtti
3355 732 3530 779 artem

1949 811 2225 863 scenicam
2289 812 2628 878 exhibuerit;
2689 815 2770 866 vel
2829 815 2990 881 cujus
3044 825 3200 885 pater
3253 824 3307 872 et
3358 825 3534 870 mater

1950 913 2120 954 artem
2154 905 2462 959 exercuerit
2508 907 2806 960 scenicam.
2841 907 2904 960 Et
2946 907 3060 963 haec
3098 908 3319 978 quidem
3349 909 3414 962 de
3446 908 3532 963 his

1943 993 2136 1060 [lingua
2179 995 2356 1063 legum
2405 996 2518 1067 (48)
2554 997 2888 1067 Stephanus.
2923 999 2991 1053 At
3023 1014 3153 1054 vero
3176 997 3529 1069 pronuntiata

1951 1085 2018 1139 de
2067 1087 2213 1151 aliis,
2253 1097 2307 1140 et
2347 1104 2467 1157 quae
2522 1091 2707 1145 valere
2752 1091 3019 1145 duntaxat
3055 1092 3108 1146 in
3151 1092 3260 1147 illis
3309 1091 3530 1155 debent,

1949 1177 2015 1230 ad
2063 1179 2172 1231 alia
2222 1182 2439 1235 trahere
2480 1197 2711 1251 quicque
2754 1182 3100 1236 manifestam
3135 1183 3535 1254 interpretatio-

1945 1285 2074 1324 nem
2107 1270 2328 1338 habent,
2373 1274 2702 1345 detorquere
2745 1285 2942 1345 prmtcr
2983 1277 3308 1332 sententiam
3375 1276 3529 1347 legis,

1948 1361 2003 1414 id
2036 1363 2245 1419 scilicet
2276 1366 2375 1421 hoc
2406 1367 2583 1434 ipsum
2613 1376 2717 1432 est,
2752 1368 2896 1437 quod
2930 1384 3118 1424 revera
3149 1369 3528 1423 confusionem

1945 1453 2147 1524 gignit,
2174 1467 2340 1527 atque
2365 1460 2533 1514 etiam
2566 1460 2687 1517 falsi
2721 1462 2953 1518 crimine
2991 1461 3247 1518 fortassis
3279 1460 3550 1516 incautos

1949 1549 2277 1622 obstringet.
2653 1548 2655 1550 ’

2021 1724 2493 1791 Quemadmodum
2558 1747 2689 1801 ergo
2747 1749 2854 1788 non
2922 1733 3063 1788 idem
3115 1741 3232 1797 est,
3277 1734 3528 1789 eumdem

1952 1817 2129 1871 virum
2186 1818 2324 1873 duas
2395 1837 2613 1878 sorores
2674 1833 2867 1894 stupro
2941 1825 3188 1894 polluere
3234 1826 3442 1895 '(quod
3501 1839 3530 1878 a

1949 1923 2144 1978 magno
2179 1908 2272 1964 illo
2297 1908 2498 1966 Basilio
2527 1923 2671 1968 recte
2699 1915 3039 1984 prohibitum
3071 1915 3191 1987 fuit)
3222 1924 3273 1970 et
3297 1917 3530 1986 duorum

1948 2002 2191 2058 afﬁnium
2242 2002 2442 2060 liberos
2476 2007 2617 2060 inter
2642 2023 2700 2062 se
2727 2009 2971 2078 copulari
3013 2029 3025 2064 :
3057 2009 3134 2064 sic
3185 2025 3362 2079 neque
3407 2023 3536 2078 pro-

1947 2087 2164 2172 creatos
2195 2114 2261 2154 ex
2320 2097 2595 2152 Demetrio
2627 2111 2684 2154 et
2737 2101 2964 2156 Nicolao
3010 2101 3230 2162 liberos,
3285 2100 3532 2169 copulari

1949 2186 2244 2257 quisquam
2280 2187 2395 2243 ullo
2429 2189 2590 2242 modo
2627 2191 2856 2246 vetabit.
2893 2191 3129 2259 Ideoque
3163 2191 3229 2244 de
3261 2189 3532 2245 sententia

1949 2275 2460 2348 divini-magnique
2503 2277 2710 2343 Basilii,
2743 2295 2865 2334 cum
2910 2295 2976 2334 ex
3028 2281 3349 2350 praescripto
3399 2279 3535 2348 legis

1950 2366 2016 2420 ad
2095 2369 2499 2424 matrimonium
2577 2371 3041 2442 progrediantur,
3105 2380 3252 2443 patet
3305 2372 3386 2427 eis
3466 2371 3533 2427 ad

1950 2459 2260 2528 hujusmodi
2301 2478 2598 2520 concessas
2651 2466 2874 2534 nuptias
2925 2465 3126 2520 aditus.
3163 2465 3226 2519 Et
3259 2479 3536 2521 concessae

1951 2564 2102 2619 sunt,
2155 2555 2282 2624 quia
2348 2571 2461 2610 non
2501 2556 2810 2626 probibitae.
2871 2557 2984 2612 Non
3043 2557 3357 2626 prohibita»,
3409 2558 3538 2626 quia

1949 2661 2129 2715 neque
2172 2661 2350 2702 canon
2378 2657 2558 2713 vetus,
2587 2645 2770 2718 neque
2798 2657 2980 2705 tomus
3002 2649 3120 2719 ipse
3143 2650 3412 2719 probatur
3440 2663 3537 2703 eas

1949 2743 2144 2798 tollere
2181 2755 2194 2795 :
2225 2757 2350 2798 cum
2405 2744 2820 2800 conclusionem
2853 2745 3190 2800 .universam
3224 2744 3278 2797 in
3311 2743 3393 2798 eis
3425 2742 3540 2796 col-

1948 2835 2081 2904 ligat
2109 2849 2173 2890 ac
2205 2834 2483 2898 terminet,
2519 2843 2845 2906 tantumque
2882 2837 3024 2891 duos
3055 2833 3251 2889 fratres
3278 2848 3306 2886 a
3338 2845 3542 2888 conso--

1955 2925 2133 2982 briuis
2181 2927 2397 2981 duabus
2452 2926 2717 2983 ducendis
2767 2935 2996 2994 arceat;
3027 2935 3082 2982 et
3123 2933 3381 2996 patruum
3414 2938 3537 2980 cum

1953 3017 2064 3072 ﬁlio
2095 3015 2310 3077 fratris,
2343 3031 2371 3069 a
2402 3018 2617 3072 duabus
2667 3019 2952 3072 sororibus
3002 3026 3056 3073 et
3087 3031 3208 3087 quae
3235 3015 3352 3072 vice
3379 3030 3538 3070 versa

1955 3107 2136 3160 fiunt:
2185 3106 2318 3161 nihil
2366 3107 2594 3163 ulterius
2650 3107 2734 3163 vel
2801 3106 3109 3177 inquirens,
3149 3106 3234 3160 vel
3288 3119 3538 3174 pronun-

255 3193 323 3248 ὃν
352 3193 511 3263 λόγον
543 3193 640 3248 καὶ
674 3194 705 3248 6
745 3193 1058 3263 μακαρίτης
1088 3193 1259 3264 κῦρος
1301 3191 1547 3263 Σέργιος,
1577 3189 1746 3259 πολλῇ
1781 3191 1845 3260 τῇ

1955 3197 2116 3252 tinus.
2150 3197 2322 3264 Quam
2368 3199 2635 3254 rationem
2681 3207 2904 3255 secutus
2936 3199 3099 3255 etiam
3127 3199 3306 3257 beatae
3333 3213 3540 3254 memo-

258 3289 436 3360 πείρᾳ
469 3287 678 3343 τούτων
709 3287 1185 3358 γεγυμνασμένος,
1218 3285 1280 3340 τὸ
1315 3285 1670 3354 συνάλλαγμα
1711 3284 1849 3336 Ῥωο

264 3381 439 3452 μανοῦ
475 3380 570 3435 τοῦ
603 3379 722 3435 υίοῦ
755 3378 1009 3434 Γενεσίου
1029 3378 1124 3433 τοῦ
1152 3377 1443 3446 πατρικίου
1474 3376 1610 3447 πρὸς
1635 3375 1735 3448 τὴν
1756 3375 1851 3430 θυ-

257 3473 477 3543 γατέρα
501 3471 596 3527 τοῦ
626 3473 737 3528 τῶν
767 3471 982 3539 εὐαγῶν
1008 3472 1174 3527 οἴκων
1209 3471 1515 3540 οἰκονόμου,
1547 3469 1851 3539 ἐπέτρεψεν

257 3563 340 3628 ὡς
387 3563 686 3628 ἀκώλυτον,
739 3563 791 3617 εί
847 3563 943 3616 καὶ
998 3561 1180 3632 πολλῷ
1243 3560 1337 3614 τοῦ
1395 3559 1490 3614 νῦν
1543 3560 1852 3632 προϐάντος

261 3659 447 3709 ἐκεῖνο
479 3655 968 3724 ἐπισφαλέστερον,
1011 3653 1088 3717 ὡς
1120 3654 1227 3707 ’καὶ
1270 3653 1443 3716 ὅντως
1490 3653 1810 3721 συγγενικόν
1832 3667 1848 3684 ·

260 3747 348 3800 ὅτι
400 3747 496 3800 καὶ
546 3745 640 3799 δύο
683 3745 1010 3816 ἀμφιθαλῶν
1061 3745 1308 3806 ἀδελφῶν
1363 3745 1632 3806 ὑπόντων,
1670 3743 1764 3796 δύο
1794 3743 1852 3796 δὲ

266 3836 506 3904 πρώτων
536 3837 842 3909 ὲξαδέλιρων
885 3838 1110 3909 ἐτέρων,
1138 3837 1380 3906 ’Δγάθης
1407 3836 1552 3903 λέγω
1583 3837 1679 3889 καὶ
1718 3835 1853 3891 Ῥω·-

264 3927 440 4000 μανοῦ
463 3944 478 3960 ·
508 3923 586 3982 ῶν
613 3930 642 3981 6
671 3929 790 4000 μὲν,
809 3931 875 3998 τῇ
906 3927 1113 4000 meo“
1144 3927 1421 3998 συνήφθησ
1457 3928 1565 3980 τῶν
1587 3926 1665 3990 δὲ,
1695 3927 1729 3996 ὴ
1761 3925 1855 3979 θυ-

253 4024 444 4095 γάτηρ
471 4022 548 4093 τῷ
570 4023 666 4092 τῆς
692 4021 932 4092 Ἀγὰθης
961 4019 1239 4088 ὲξαδέλφῳ
1269 4017 1554 4089 Ῥωμανῷ·
1583 4013 1658 4071 ῶν
1679 4017 1851 4082 οὐδὲν,

265 4116 346 4180 ὡς
380 4117 444 4169 ἂν
471 4117 648 4179 εἴποις
671 4114 855 4180 αὐτὸς,
875 4113 1306 4185 ἀπρεπέστερον
1329 4111 1403 4174 ὡς
1430 4110 1607 4178 πάντη
1636 4108 1854 4178 ὲγγίζον

261 4205 344 4274 τῷ
373 4205 480 4258 ἀπὸ
503 4205 597 4258 τοῦ
625 4203 792 4274 τόμου
841 4202 1235 4273 κεκωλυμένιρ,
1278 4202 1373 4255 καὶ
1403 4201 1464 4254 τὸ
1495 4200 1628 4254 αὐτὸ
1665 4199 1853 4270 σχεδὸν

262 4297 327 4352 ὃν
363 4296 441 4366 τῷ
467 4296 561 4350 δύο
602 4295 866 4364 ἀδελφοὺς
898 4295 994 4350 δύο
1026 4295 1326 4361 ὲξαδὲλφας
1370 4291 1704 4361 ἀγαγέσθαι,
1739 4292 1853 4356 εῐγε

263 4387 366 4442 καὶ
404 4387 604 4456 μᾶλλον
642 4385 739 4456 μία
766 4387 904 4458 σάρξ
929 4388 959 4440 6
981 4386 1164 4456 πατὴρ
1187 4384 1265 4454 τῷ
1296 4385 1416 4454 υίῷ,
1446 4384 1593 4454 ἥπερ
1623 4380 1854 4449 ἀδελφὸς

262 4475 502 4547 ἀδελφῷ,
532 4475 676 4530 κατὰ
700 4475 800 4538 τὰς
835 4475 934 4538 σὰς
965 4475 1270 4545 ἱξηγήσεις.
1316 4473 1456 4528 Ἀλλ’
1489 4474 1641 4542 ὅμως
1672 4471 1852 4541 νόμων

1951 3288 2044 3344 rice
2094 3289 2407 3359 patriarcha
2468 3291 2720 3362 Sergius,
2761 3291 2814 3344 in
2872 3290 2960 3346 Itis
3009 3292 3175 3348 rebus
3223 3308 3326 3348 usu
3367 3291 3540 3346 multo

1949 3380 2308 3440 exercitatus,
2358 3385 2702 3434 contractum
2756 3378 3013 3445 Romani,
3051 3378 3268 3435 Genesii
3318 3377 3538 3449 patricii

1951 3471 2069 3535 filii,
2113 3485 2237 3525 cum
2285 3470 2500 3540 piarum
2555 3470 2755 3524 aedium
2811 3471 3083 3525 oeconomi
3121 3469 3251 3535 illia,
3299 3485 3400 3525 ceu
3435 3470 3541 3524 mi-

1951 3564 2101 3617 nime
2139 3561 2478 3631 prohibitum
2510 3560 2786 3616 concessit
2815 3576 2829 3613 :
2859 3560 2985 3615 licet
3032 3560 3124 3614 ille
3161 3562 3333 3614 multo
3368 3561 3542 3630 magis

1952 3655 2194 3710 lubricus
2227 3663 2393 3719 esset,
2452 3668 2616 3723 quam
2669 3655 2764 3725 qui
2830 3654 2994 3708 modo
3059 3655 3308 3724 contigit,
3369 3655 3536 3709 veluti

1951 3761 2139 3802 revera
2173 3745 2498 3815 cognatione
2543 3761 2650 3800 non
2691 3762 2908 3802 carens.
2942 3746 3082 3801 Sunt
3132 3748 3276 3802 enim
3314 3747 3388 3802 ibi
3434 3747 3542 3801 duo

1953 3835 2199 3908 germani
2256 3834 2476 3896 fratres.
2525 3843 2580 3889 et
2629 3836 2720 3889 alii
2774 3837 2885 3890 duo
2930 3835 3276 3898 consobrini,
3332 3835 3542 3904 Agatho

1955 3925 2231 3988 videlicet,
2295 3939 2360 3980 ac
2415 3919 2696 3980 Romanus
2740 3945 2753 3981 :
2793 3941 3027 3996 quorum
3087 3927 3196 3987 hic,
3245 3926 3542 3994 copulatus

1952 4023 2038 4072 est
2077 4015 2324 4084 Agatlue,
2356 4015 2574 4070 illorum
2609 4031 2759 4083 vero,
2805 4017 3031 4086 Agatbaa
3062 4016 3396 4070 consobrino
3440 4014 3547 4069 Ro-

1956 4121 2122 4162 mano
2145 4108 2336 4174 juncta
2359 4107 2468 4162 lilia
2497 4124 2514 4163 :
2543 4124 2656 4177 quo
2687 4109 2824 4162 nihil
2861 4109 2946 4162 vel
2977 4110 3093 4178 ipse
3138 4108 3294 4162 fateri
3329 4107 3546 4177 cogeris

1955 4197 2326 4260 inbonestius.
2381 4213 2506 4252 cum
2538 4200 2767 4253 omnino
2806 4200 3034 4269 prepius
3067 4199 3134 4252 ad
3192 4198 3244 4252 id
3297 4197 3544 4257 accedat.

1955 4290 2102 4361 quod
2150 4290 2282 4344 tomi
2335 4289 2542 4360 scripto
2588 4290 2924 4360 prohibitum
2976 4301 3102 4357 est;
3173 4289 3426 4356 idemque
3477 4287 3549 4342 sit

1955 4381 2355 4453 propemodum
2389 4401 2404 4447 ;
2446 4397 2510 4438 ac
2540 4382 2584 4439 si
2615 4383 2726 4438 duo
2759 4382 2960 4438 fratres
2993 4383 3135 4437 duas
3175 4380 3549 4436 consobrinas

1956 4474 2210 4530 ducant:
2249 4475 2522 4545 siquidem
2573 4476 2749 4546 magis
2780 4489 2890 4529 una
2951 4489 3083 4528 caro
3134 4482 3264 4529 sunt
3313 4480 3466 4541 pater
3497 4481 3552 4525 et

263 4568 433 4622 τινῶν
459 4568 557 4620 καὶ
602 4567 844 4622 κανόνων
880 4567 957 4636 μὴ
998 4565 1406 4636 συναιρομένων
1439 4566 1507 4634 τῇ
1552 4560 1851 4634 Ἐκκλησία

1962 4565 2125 4632 ﬁliu‘s,
2175 4581 2338 4637 quam
2399 4566 2511 4622 duo
2566 4567 2794 4630 fratres,
2854 4566 3161 4622 sec-nudum
3218 4564 3549 4633 interpreta-

272 4657 415 4730 πρὸς
461 4658 560 4730 τὴν
589 4658 796 4714 τούτων
839 4659 1142 4725 διάστασιν,
1198 4657 1334 4713 ἀλλὰ
1372 4655 1506 4726 μηδὲ
1557 4655 1652 4709 τοῦ
1687 4657 1856 4727 τόμου

191 4736 218 4742 ς
270 4753 453 4824 ῥητῶς
493 4752 683 4818 αὑτοῦ,
715 4754 744 4806 6
774 4752 1016 4816 τοιοῦτος
1055 4753 1233 4824 γάμος
1265 4751 1472 4822 προέϐη
1507 4767 1566 4804 τε
1599 4751 1695 4805 καὶ¹
1730 4769 1857 4804 συν-

268 4845 428 4910 έστη,
460 4845 570 4899 καὶ·
601 4845 1046 4916 ἀπαρενόχλητος
1079 4845 1284 4915 ἔμεινε,
1320 4847 1387 4916 τῇ
1422 4843 1674 4916 πολιτείᾳ
1705 4843 1858 4917 πάσῃ

268 4935 687 5005 κεκηρυγμένος
711 4933 787 4988 ὢν
815 4936 911 4990 καὶ
949 4936 1271 5006 κατάδηλος,
1301 4936 1410 4990 Καὶ
1439 4934 1609 5005 μυρία
1648 4933 1857 4987 τούτων

269 5027 510 5099 ἐχόμενα
540 5029 961 5101 συναλλάγματα
983 5030 1089 5084 ἀνὰ
1131 5030 1233 5100 τὴν
1285 5031 1692 5100 εὐνομουμένην
1720 5028 1855 5083 ταύ-

267 5137 372 5192 την
399 5120 552 5194 εὖροι
573 5139 660 5186 τις
688 5121 1054 5193 μεγαλόπολιν
1079 5121 1569 5192 ὲμπολιτευόμενα.

341 5379 545 5452 Διόπερ
571 5379 667 5435 τοῦ
696 5381 866 5452 τόμου
893 5382 1078 5437 λοιπὸν
1093 5383 1245 5448 ἐντὸς
1266 5382 1458 5457 στήσῃ,
1484 5386 1579 5438 καὶ
1597 5384 1746 5454 ὅριον
1763 5386 1856 5440 αὐ-

266 5471 362 5526 τὸν
372 5471 537 5538 ἕξεις,
555 5474 652 5529 καὶ
666 5476 763 5546 οὐχ
777 5476 1084 5547 ὑπερϐήσῃ,
1101 5476 1222 5530 οὐδὲ
1235 5493 1305 5528 πε
1312 5478 1556 5547 ριεργότε
1564 5495 1656 5550 ρος
1667 5479 1856 5533 τούτου

268 5565 369 5620 καὶ
390 5565 824 5639 ὲφεκτικώτερος
848 5567 970 5640 ἔσῃ,
1003 5568 1126 5623 οὐδὲ
1167 5568 1278 5622 τῶν
1320 5569 1572 5652 νομίμων
1603 5570 1855 5642 νομιμώο

1956 4659 2134 4715 tiones
2167 4667 2312 4714 tuas.
2348 4658 2575 4722 Tamen.
2612 4675 2716 4715 nec
2753 4660 2966 4730 legibus
3019 4656 3350 4725 quibusdam
3387 4662 3550 4723 atque

1954 4755 2262 4810 canonibus
2298 4755 2558 4810 Ecclesiae
2595 4770 2819 4810 causam
2857 4753 3230 4823 prmbentibus
3257 4752 3322 4805 ad
3357 4752 3550 4804 borum

1956 4847 2405 4916 diremptionem,
2462 4863 2564 4902 nec
2591 4848 2714 4917 ipso
2768 4860 2988 4916 quoque
3033 4855 3224 4912 tumo;
3267 4834 3551 4897 matrimo-

1959 4938 2114 4994 nium
2151 4937 2463 5008 bujusmodi
2500 4939 2679 4992 locum
2729 4937 2942 4996 habuit,
2984 4943 3037 4990 et
3073 4941 3417 4990 contractum
3453 4931 3553 4984 fuit

1963 5035 2019 5080 et
2052 5028 2256 5081 mansit
2301 5041 2331 5080 a
2383 5027 2601 5082 nemine
2650 5029 3051 5096 oppugnatum,
3091 5037 3196 5096 per
3236 5023 3550 5078 universum

1962 5117 2252 5189 imperium
2317 5120 2652 5189 publicatum
2713 5133 2777 5173 ac
2848 5116 3223 5172 manifestum.
3294 5115 3554 5181 Adeoque

1961 5210 2202 5278 reperiat
2223 5209 2436 5278 aliquis
2459 5209 2542 5264 vel
2572 5217 2861 5265 sexcentos
2892 5207 3209 5279 hujusmodi
3235 5211 3551 5261 contractus

1962 5297 2019 5352 in
2056 5299 2160 5352 hac
2193 5299 2330 5353 bene
2357 5299 2658 5353 constituta
2692 5297 2828 5353 urbe
2849 5299 3089 5353 maxima
3120 5295 3260 5349 fieri.

2031 5391 2375 5464 Quapropter
2465 5393 2607 5447 intra
2702 5402 2911 5448 tomum
2992 5390 3174 5460 ipsum
3257 5385 3550 5448 consistes,

1963 5500 2202 5555 eumque
2239 5499 2340 5540 ceu
2398 5485 2628 5540 limitem
2660 5484 2758 5539 tibi
2794 5489 3060 5538 statutum
3109 5494 3216 5534 non
3251 5477 3547 5542 transilies,

1962 5591 2062 5633 nec
2095 5591 2162 5633 co
2189 5578 2467 5635 curiosior
2494 5592 2558 5633 ac
2589 5577 2837 5634 tenacior
2870 5574 3001 5640 eris,
3033 5587 3135 5628 nec
3165 5571 3341 5643 magis
3374 5570 3550 5652 lcgiti~

1780 5683 2016 5746 ΝΟΤᾹΞ.

571 5769 611 5826 l.
645 5769 734 5826 42.
868 5774 945 5830 De
972 5778 1060 5832 rit.
1092 5787 1241 5848 nupt.

345 5839 465 5911 (48)
495 5840 606 5898 lloc
633 5849 740 5909 cst,
769 5843 1059 5916 interpres.
1119 5839 1252 5904 Illuc
1305 5847 1515 5906 Glossa:
1547 5850 1725 5922 legum
1758 5851 1918 5909 dicta:
