3948 6604
434 411 569 476 11Ι5

1734 411 1868 472 JUS
1906 407 2347 472 CANONICUM

3556 410 3689 473 liiﬁ

427 547 548 587 ιιιιιε
571 544 731 599 quam
766 530 896 597 ipsa:
937 530 1102 600 leges,
1148 543 1249 584 nec
1280 529 1584 584 canonibus
1619 527 1736 583 sive
1791 526 1987 596 regulis

2099 540 2256 592 τερος
2276 564 2290 586 ,
2330 523 2453 576 οὐδὲ
2481 522 2591 575 τῶν
2640 522 2882 574 κανόνων
2913 520 3204 590 εὐθύτερος
3227 561 3242 583 ,
3278 521 3398 574 οὐδὲ
3562 523 3688 576 τού-

425 624 643 689 rectior,
701 635 803 677 nec
851 623 984 690 ipsis
1040 620 1294 676 Patribus
1355 621 1448 690 qui
1507 620 1698 675 harum
1748 626 1998 674 auctores

425 722 577 778 sunt,
611 714 664 767 in
697 712 960 768 sanandis
995 727 1056 768 ac
1106 711 1468 782 repurgandis
1502 710 1705 766 animis
1748 709 1994 780 peritior,

421 802 734 870 quicunque
763 799 982 854 tandem
1032 800 1130 854 sis.
1184 800 1283 855 Ubi
1347 815 1478 855 vero
1537 814 1704 854 novas
1740 799 1993 868 coegeris

418 894 680 965 synodos,
714 907 989 961 novosque
1043 901 1219 947 tomos
1261 893 1665 961 composueris,
1715 891 1992 961 adiunctis

421 985 714 1041 sententiis
747 985 1120 1054 imperatoriis
1150 1002 1165 1038 :
1201 993 1333 1040 tunc
1357 983 1594 1040 fortasse
1627 1000 1726 1038 nos
1753 985 1919 1038 etiam
1946 991 2000 1038 te

421 1090 713 1144 sequemur
737 1076 790 1129 in
835 1075 923 1140 iis,
974 1090 1096 1145 qua:
1139 1087 1325 1145 postea
1364 1076 1686 1144 contingent
1728 1092 1742 1130 :
1795 1076 1890 1130 sed
1923 1077 1996 1130 ita

421 1176 622 1231 tamen,
656 1177 710 1220 ut
752 1181 848 1223 eos
897 1166 989 1236 qui
1022 1166 1132 1236 jam
1184 1166 1320 1236 legis
1370 1167 1700 1222 auctoritate
1759 1167 1997 1237 copulati

419 1269 568 1324 sunt,
599 1275 661 1314 ac
704 1260 905 1316 liberos
954 1267 1341 1330 procrearunl,
1395 1275 1742 1330 nequaquam
1778 1274 2000 1331 separa-

417 1353 524 1406 turi
564 1352 773 1413 simus;
836 1367 905 1406 ne
953 1352 1156 1406 malum
1211 1353 1356 1406 man
1401 1360 1684 1414 sanantes.
1743 1362 1798 1408 et
1847 1353 1997 1422 ipsos

415 1445 662 1514 digamns
717 1443 1040 1511 emciamus,
1089 1451 1144 1497 et
1206 1452 1522 1514 procreatos
1568 1459 1634 1498 ex
1668 1443 1751 1500 eis
1794 1444 1998 1502 liberos

416 1536 753 1601 exheredes,
782 1543 836 1592 et
866 1536 1166 1600 mendicos,
1201 1545 1254 1590 et
1293 1537 1428 1604 iros,
1460 1545 1514 1592 et
1553 1536 1726 1607 ipsius
1760 1537 1998 1608 denique

415 1637 622 1682 natura:
690 1628 909 1696 probra.
990 1627 1169 1684 Donec
1240 1639 1421 1684 autem
1489 1644 1668 1685 novus
1725 1629 1994 1701 quispiam

416 1729 600 1772 tomus
637 1716 780 1772 haud
832 1717 1115 1786 prodierit,
1159 1726 1214 1773 et
1253 1719 1455 1775 eadem
1503 1720 1651 1791 leges
1694 1727 1859 1790 atque
1904 1733 1996 1775 ca-

2101 633 2228 679 τους
2254 616 2498 686 θεμένων
2525 615 2785 686 Πατέρων
2810 613 3376 685 ἐπιστημονικὼτερος
3401 616 3480 677 si;
3502 615 3690 686 ψυχῶν

2102 707 2401 778 θεραπείαν
2429 707 2528 760 καὶ
2566 710 2855 778 κάθαρσιν,
2891 707 3040 770 ὅστις
3075 707 3207 760 ποτὲ
3243 703 3312 760 εἴ.
3347 709 3477 761 Ὀτε
3503 708 3559 762 δὲ
3590 713 3684 762 καὶ

2100 798 2226 861 νέας
2241 799 2488 863 συνόδους
2503 797 2798 869 ἀθροίσεις,
2813 799 2907 853 καὶ⁴
2919 800 2978 852 τό
2987 816 3120 868 μους
3139 799 3227 852 ἑτέ
3237 817 3363 870 ρους
3377 800 3684 870 συνθήσεις,

2099 889 2196 942 καὶ
2225 889 2513 959 βασιλικὰς
2543 891 2856 961 ἐπικρίσεις
2889 890 3244 962 προσθήσεις,
3275 894 3398 944 τότε
3429 894 3569 964 τάχα
3600 911 3682 947 σοι

2100 982 2196 1034 καὶ
2220 984 2386 1052 ἡμεῖς
2414 983 2553 1054 πρὸς
2578 984 2677 1054 μὲν
2702 984 2768 1038 τὰ
2800 983 3115 1054 ἔμπροσθεν
3145 985 3680 1056 ἐπακολουθήσομεν,

2097 1073 2225 1136 τοὺς
2259 1073 2318 1127 δὲ
2345 1073 2494 1145 νόμῳ
2521 1073 2892 1144 συναφθέντας
2917 1075 3017 1146 ἥδη
3047 1075 3143 1128 καὶ
3166 1076 3679 1146 παιδοποιήσαντας,

2097 1161 2349 1230 οὐδαμῶς
2382 1162 2755 1236 διαζεύξομεν,
2795 1165 2870 1230 ὡς
2913 1165 2982 1220 ἂν
3020 1166 3094 1237 μὴ
3129 1165 3399 1236 διγάμους
3437 1170 3676 1236 ἀπεργα-

2083 1251 2345 1323 nausea,
2378 1255 2532 1326 κακῷ
2558 1257 2620 1310 τδ
2647 1257 2818 1310 κακὸν
2852 1257 3095 1328 ἰώμενοι,
3123 1258 3476 1329 ἀποκλήρους
3502 1259 3557 1312 δὲ
3586 1261 3678 1313 καὶ

2097 1347 2223 1410 τοὺς
2245 1346 2449 1401 τούτων
2466 1350 2880 1419 ἅποτεχθέντας,
2902 1351 2998 1404 καὶ
3018 1352 3341 1420 προσαίτας,
3364 1350 3464 1402 καὶ
3481 1350 3526 1403 ’1
3535 1368 3674 1418 ρους,

2097 1439 2193 1491 καὶ
2215 1439 2346 1493 αὐτὸ
2370 1440 2548 1505 τοῦτο,
2579 1440 2755 1513 ὀνείδη
2785 1442 2887 1512 τῆς
2911 1442 3147 1511 φύσεως.
3178 1440 3323 1506 Ἕως
3345 1443 3390 1495 δ’
3420 1440 3491 1497 ἃ)
3519 1443 3677 1512 τόμος

2101 1531 2202 1599 μὲν
2250 1530 2405 1584 οὔπω
2442 1531 2629 1595 καινὸς
2669 1533 2878 1604 ἕτερος,
2911 1535 2963 1587 0i
3009 1534 3166 1588 αὐτοὶ
3207 1533 3264 1587 δὲ
3294 1535 3454 1604 νόμοι
3489 1551 3544 1586 τε
3591 1535 3677 1586 καὶ

2097 1622 2325 1687 κανόνες
2364 1623 2659 1694 ὲπέχωσιν,
2695 1623 3049 1695 ἀναιρεθῆναι
3095 1623 3154 1676 δὲ
3190 1623 3416 1686 τούτους
3468 1625 3674 1694 ἀμήχαο

2094 1730 2207 1777 νον,
2236 1715 2646 1788 ἀδυνατώτερον
2698 1715 2756 1769 εὖ
2789 1715 2896 1770 ίσθι
2925 1716 3018 1770 καὶ
3046 1715 3114 1770 τὰ
3139 1716 3314 1780 οὕτως
3345 1716 3539 1785 ἔχοντα
3571 1715 3677 1768 δια-

417 1823 590 1863 nones
696 1808 937 1878 vigorem
1021 1825 1180 1863 suum
1247 1811 1626 1872 obtinuerint.
1696 1825 1799 1865 nec
1879 1809 1987 1864 ﬂeri

2094 1805 2323 1876 λυθῆναι
2353 1807 2865 1875 συνοικέσια.⁹Δλλ’,
2894 1801 2940 1860 ὧ
2971 1807 3213 1878 βέλτιστε
3255 1807 3350 1859 καὶ
3381 1823 3676 1876 σεμνοπρεο

415 1900 637 1969 puterit.
672 1909 730 1954 nt
782 1901 1110 1956 aboleantur
1154 1903 1376 1961 :multo
1425 1903 1608 1958 minus
1667 1902 1780 1958 fieri
1833 1915 1987 1972 posse

2099 1875 2356 1963 πέστατε,
2389 1900 2484 1954 καὶ
2516 1900 2700 1970 νόμων
2750 1875 3020 1970 είσηγητὰ
3050 1899 3258 1953 καινῶν
3291 1898 3426 1969 (καί
3458 1875 3548 1951 σοι
3581 1917 3681 1968 μη-

417 1993 581 2057 scias,
621 2000 679 2046 ut
717 1993 822 2045 hoc
849 1993 1009 2046 modo
1035 2002 1315 2048 contracta
1351 1993 1700 2048 matrimonia
1733 1993 1996 2048 diriman-

419 2091 530 2139 sur.
553 2083 657 2138 Sed
705 2083 872 2149 οιιῐιη,
921 2084 1006 2138 vir
1041 2086 1244 2154 optime
1299 2100 1364 2139 ac
1415 2087 1760 2156 gravissime,
1795 2085 1996 2155 quique

417 2173 596 2244 Iugum
667 2189 930 2228 novarum
997 2189 1054 2228 es
1112 2184 1307 2230 auctor
1363 2178 1541 2242 (cave
1603 2174 1990 2236 excandescas.

415 2263 545 2318 dum
578 2276 882 2335 opportune
923 2266 1122 2323 veritas
1153 2267 1380 2323 liberius
1417 2275 1596 2322 tecum
1621 2267 1778 2337 agit),
1803 2281 1996 2321 coerce

414 2357 682 2427 linguam,
722 2372 914 2414 coerce
933 2359 1236 2428 paululum,
1279 2360 1325 2415 si
1359 2370 1556 2428 potes;
1612 2360 1831 2413 tandem
1893 2357 1996 2410 ali-

415 2450 634 2519 quando
670 2451 846 2519 prisca
887 2452 1091 2521 pariter
1119 2467 1183 2506 ac
1201 2453 1440 2507 recentia
1497 2452 1719 2506 Patrum
1775 2449 1992 2504 decreta

417 2541 712 2607 reveritus,
743 2557 982 2612 quorum
1024 2543 1288 2598 terminos
1335 2557 1406 2596 ne
1455 2556 1695 2596 meveas.
1727 2539 1995 2610 Exspecta

414 2631 632 2687 dicendi
691 2640 748 2687 et
792 2633 1205 2688 contradicendi
1269 2633 1447 2688 locum
1519 2640 1686 2700 atque
1749 2638 1994 2698 tempus,

416 2722 580 2791 paulo
626 2728 751 2792 post
803 2723 1108 2778 obventura
1173 2724 1293 2778 tibi.
1350 2722 1544 2777 Parum
1588 2722 1767 2777 adhuc
1829 2720 1993 2790 spatii

413 2821 604 2878 restat,
655 2821 713 2866 et
762 2811 817 2866 in
868 2813 1007 2867 solio
1053 2813 1335 2868 seniorum
1389 2811 1638 2866 laudabis
1675 2810 1991 2870 Dominum.

412 2899 526 2956 Cur
563 2911 691 2957 ante
728 2902 976 2967 thronos,
1004 2918 1232 2958 mtmera
1260 2906 1585 2958 thronorum
1621 2903 1690 2958 ad
1720 2913 1770 2958 te
1803 2898 1993 2971 rapis?

409 3007 511 3046 cur
539 3007 705 3048 onera
737 3005 952 3066 portatu
981 2996 1218 3052 ditlicilia
1249 2995 1502 3064 colligas,
1533 3009 1656 3063 quae
1684 3008 1783 3047 nec
1812 2992 1986 3064 digito

412 3085 620 3140 moveri
687 3087 956 3156 possunt?
1005 3085 1109 3142 Ubi
1182 3086 1402 3157 paulum
1473 3085 1655 3141 adhuc
1728 3083 1990 3153 temporis

410 3174 628 3243 abierit,
699 3177 945 3234 doctoris
1025 3185 1080 3234 te
1145 3178 1380 3234 thronus
1457 3177 1714 3246 excipiet.
1779 3176 1985 3232 Oculos

410 3266 654 3339 undique
706 3280 834 3325 tuos
869 3269 1194 3338 circumfer;
1231 3285 1294 3325 ac
1339 3269 1484 3335 vide,
1507 3268 1989 3340 quemadmodum

409 3357 526 3413 haec
579 3359 650 3414 ab
719 3359 860 3427 hac,
933 3361 1072 3416 illaec
1128 3359 1198 3414 ab
1268 3360 1370 3414 ista
1451 3367 1604 3430 parte
1672 3359 1994 3428 metrOpolis

410 3457 743 3518 exspectans
799 3451 1018 3520 supinis
1063 3461 1114 3507 te
1147 3451 1400 3508 manibus
1455 3449 1774 3520 excipiant;
1820 3451 1993 3506 altera

409 3539 663 3600 Invidens
705 3539 884 3609 alteri,
911 3541 1039 3596 dum
1095 3550 1216 3596 utra
1261 3543 1454 3597 ducem
1489 3539 1885 3611 doctoremque
1928 3548 1982 3597 te

410 3632 481 3687 sit
534 3632 812 3701 habitura,
847 3635 1208 3691 contendunt.
1257 3633 1398 3712 Tum
1432 3635 1689 3689 nimirum
1741 3642 1796 3690 et
1843 3649 1994 3690 com-

411 3723 627 3780 modius
682 3725 885 3792 trades,
934 3741 1056 3796 quae
1103 3727 1217 3782 visa
1266 3726 1360 3782 tibi
1439 3726 1673 3792 fuerint;
1725 3736 1782 3782 et
1844 3727 1990 3795 leges

410 3814 620 3883 majore
671 3830 795 3871 cum
843 3817 1176 3873 confidentia
1226 3817 1392 3882 feres,
1423 3826 1492 3873 et
1527 3817 1768 3874 vicissim
1817 3818 1992 3888 magis

410 3903 592 3960 adhuc
629 3919 770 3962 nova
814 3908 1211 3978 promulgabis,
1244 3917 1300 3964 et
1330 3909 1470 3964 alios
1513 3908 1754 3964 clamore
1782 3909 1988 3965 vinces.

410 3992 552 4060 Quin
597 3996 762 4052 etiam
808 3998 950 4054 elato
988 4001 1303 4070 supercilio,
1358 4011 1570 4056 torvum
1599 4016 1695 4056 eos
1739 4001 1990 4056 intuebe-

409 4087 508 4152 ris,
543 4101 610 4141 ac
651 4089 940 4145 titanicum
981 4092 1035 4146 in
1082 4107 1331 4158 morem;
1367 4108 1675 4162 nasumque
1721 4101 1893 4147 totum
1925 4093 1981 4148 in

408 4191 504 4234 eos
541 4181 837 4248 expandes,
880 4191 936 4237 et
966 4181 1200 4240 fortasse
1244 4184 1639 4239 moderatiores
1673 4200 1740 4240 ne
1763 4185 1982 4254 quidem

409 4269 702 4323 mussitare
762 4267 936 4335 sines,
969 4272 1185 4329 tametsi
1219 4273 1444 4328 canitiei
1491 4282 1546 4328 et
1597 4274 1777 4330 anatis
1807 4274 1985 4346 digni-

2096 1991 2185 2045 δὲν
2242 1992 2380 2064 πρὸς
2434 1992 2627 2064 ὀργὴν,
2681 1991 2953 2062 εὐκαίρως
3005 1991 3530 2064 παρρησιαζομένης
3587 1991 3681 2060 τῆς

2097 2082 2416 2155 ἀληθείας),
2447 2084 2670 2154 ἐπίσχες
2698 2083 2892 2154 μικρὸν
2921 2081 3020 2154 τὴν
3049 2083 3320 2152 γλῶτταν,
3357 2082 3613 2152 ἐπίσχες,
3635 2084 3679 2134 εί

2095 2174 2341 2240 δυνατὸν,
2375 2175 2642 2237 αίδεσθεὶς
2681 2175 2781 2244 ὀψέ
2810 2191 2939 2228 ποτε
2975 2175 3182 2228 παλαιά
3213 2192 3271 2228 τε
3303 2173 3444 2244 ὁμοῦ
3474 2175 3567 2226 καὶ
3588 2174 3680 2226 νέα

2097 2266 2357 2337 Πατέρων
2377 2266 2704 2338 διδάγματα,
2732 2260 2806 2320 ὧν
2833 2267 2907 2336 μὴ
2931 2267 3155 2337 μέταιρε
3177 2268 3323 2335 ὅρια.
3363 2266 3677 2333 Ἀ·.άμεινον

2096 2358 2189 2412 τὸν
2215 2357 2308 2411 τοῦ
2335 2357 2516 2426 λέγειν
2546 2359 2640 2412 καὶ
2665 2359 2966 2428 ἀντιλέγειν
2997 2359 3162 2412 τόπον
3187 2375 3246 2412 τε
3278 2358 3374 2411 καὶ
3403 2358 3619 2428 καιρὸν,
3642 2357 3675 2411 ἀ

2100 2449 2220 2522 μετ’
2239 2449 2420 2518 ὀλίγον
2449 2450 2569 2520 ἥξει
2593 2467 2698 2505 σοι.
2718 2451 2839 2504 Ἔτι
2867 2450 3061 2522 βραχὺ,
3086 2451 3180 2504 καὶ
3211 2455 3268 2504 ὲν
3285 2451 3530 2522 καθέδρᾳ
3551 2468 3678 2520 πρε-

2097 2542 2259 2595 σϐυτέ
2269 2560 2377 2611 ρων
2398 2543 2635 2606 αἰνέσεις
2657 2542 2749 2595 τὸν
2767 2541 2995 2613 Κύριον.
3027 2544 3094 2596 Τί
3118 2543 3223 2618 τερ).
3253 2542 3366 2598 τῶν
3385 2546 3598 2615 θρόνων
3615 2544 3678 2598 τὲ

2099 2631 2208 2685 τῶν
2240 2632 2446 2704 θρόνων
2478 2632 2782 2701 ἀρπάζεις;
2821 2633 2884 2684 Τί
2904 2631 3204 2706 ,δεσμεῦεις
3244 2636 3445 2705 φορτία
3478 2635 3677 2687 δυσϐά-

2097 2739 2327 2788 στακτα,
2352 2722 2387 2776 ἃ
2413 2724 2548 2794 μηδὲ
2564 2724 2638 2794 τῷ
2664 2724 2912 2796 δακτύῂρ
2935 2727 3158 2794 κινῆσαι
3177 2726 3405 2780 δυνατόν
3427 2743 3442 2791 ;
3469 2725 3678 2795 Μικρὸν

2094 2815 2220 2869 ὅσον
2264 2815 2362 2868 καὶ
2390 2815 2420 2867 ὀ
2463 2817 2564 2885 τῆς
2610 2815 2961 2881 διδασκαλίας
3013 2817 3203 2889 θρόνος
3233 2835 3292 2871 σε
3339 2817 3674 2881 ὑποδέξεται.

2095 2901 2268 2978 Ἀρον
2296 2907 2483 2979 κύκλῳ
2509 2907 2638 2972 τοὺς
2663 2909 2980 2981 ὀφθαλμούς
3006 2928 3124 2974 σου,
3157 2911 3248 2965 καὶ
3286 2911 3387 2976 ἴδε,
3419 2911 3498 2974 ὡς
3523 2913 3556 2982 ἡ
3584 2912 3679 2979 μὲν

2098 2998 2272 3064 ἔνθεν,
2297 3000 2330 3071 ἠ
2357 2999 2414 3053 δὲ
2442 2999 2692 3056 ὶντεῦθεν
2706 3001 2816 3055 τῶν
2845 3003 3230 3073 μητροπόλεων
3253 3002 3670 3072 περιμένουσαι,

2095 3089 2315 3154 ὑπτίαις
2334 3107 2393 3144 σε
2419 3093 2608 3162 χερσὶν
2625 3093 3034 3165 ἀπεκδέχονται,
3049 3095 3140 3148 καὶ
3157 3093 3676 3163 ἀντιξηλοτυποῦσιν

2017 3219 2063 3282 C
2093 3179 2353 3282 ἀλλήλαις
2375 3181 2677 3251 ἑρίζουσαι,
2701 3184 2910 3256 ποτέρα
2923 3182 3126 3238 τούτων
3147 3184 3471 3254 καθηγητὴν
3492 3185 3586 3237 καὶ
3601 3185 3676 3236 δι-

2091 3267 2356 3323 δάσκαλον
2381 3269 2492 3335 ἕξει
2513 3287 2596 3327 σε.
2628 3273 2763 3326 Τότε
2785 3273 2916 3343 γοῦν
2934 3275 3030 3329 καὶ
3058 3276 3326 3348 είσηγήσῃ
3353 3274 3423 3328 si
3448 3273 3674 3339 δόξαντα

2093 3359 2500 3432 εὐκαιρότερον,
2536 3363 2634 3418 καί⁵
2668 3363 3048 3435 θεμιστεύσεις
3079 3364 3550 3438 θαρραλεώτερον,
3580 3366 3674 3417 καὶ

2094 3450 2599 3524 ἀντινομοθετήσεις
2644 3455 2713 3508 τά
2744 3455 2826 3510 ἔτι
2862 3455 3176 3527 καινότερα,
3213 3457 3307 3511 καὶ
3338 3456 3669 3526 ὑπερφωνη-

2095 3557 2210 3604 σεις
2231 3543 2359 3606 τοὺς
2379 3542 2592 3608 ἄλλους.
2620 3544 2730 3599 Καί
2760 3563 2862 3601 που
2889 3547 2985 3602 καὶ
3008 3547 3108 3612 τὰς
3132 3546 3304 3618 ὀφρῦς
3329 3547 3670 3613 ἀνασπάσας,

2093 3631 2256 3702 δριμύ
2289 3651 2340 3687 τι
2370 3633 2584 3700 τούτοις
2609 3635 2924 3707 δμσλέψεις.
2953 3638 3050 3694 καὶ
3082 3638 3394 3701 τιτανῶδες,
3428 3638 3528 3691 καὶ
3551 3637 3674 3690 ὅλον

2087 3724 2270 3787 αὐτοῖς
2301 3724 2394 3778 τὸν
2428 3726 2684 3797 μυκτῆρα
2729 3727 3145 3798 δημοσιεύσιις·
3177 3728 3274 3783 καὶ
3309 3727 3429 3781 οὐδὲ
3477 3727 3667 3797 γρύξαι

2087 3816 2249 3887 τυχὸν
2285 3820 2412 3882 τοὺς
2441 3821 2882 3894 ιπιεικεστέρους
2921 3825 3174 3893 ἀφήσεις,
3221 3823 3324 3876 κᾶν
3376 3822 3540 3894 πολιᾷ
3577 3824 3670 3875 καὶ

2088 3908 2268 3979 Χρόνῳ
2291 3909 2624 3982 προέχωσιν·
2648 3911 2724 3977 ὡς
2752 3913 2850 3969 νῦν
2875 3931 2937 3982 γε
2963 3913 3074 3968 τῶν
3107 3914 3504 3986 πρεσϐυτέρων
3533 3929 3661 3966 κατ-

2089 4003 2473 4076 επαιρόμενος,
2530 4007 2623 4062 καὶ
2651 4009 2714 4062 τὸ
2760 4008 2856 4063 τοῦ
2899 4008 3062 4077 λόγου
3104 4009 3166 4062 ὲν
3195 4007 3362 4078 καρὸς
3397 4008 3529 4077 αἴσῃ
3575 4005 3668 4058 αὺ-

2087 4097 2214 4158 τοὺς
2259 4097 2625 4168 λογιζόμενος.
2674 4101 2865 4171 Κρῐμα
2912 4099 3128 4171 σεαυτῷ
3184 4098 3559 4170 θησαυρίζεις,
3610 4098 3668 4150 ὲν

2088 4192 2275 4264 ἡμέρα
2305 4194 2716 4258 ἀνταποδόσεως
2752 4194 3050 4266 περιμένον
3093 4210 3175 4247 σε.
3223 4190 3366 4247 Ἀλλ’
3394 4192 3455 4245 ού
3489 4191 3666 4244 πείθο-

2096 4300 2216 4354 μεν.
2249 4286 2358 4339 Καὶ
2384 4285 2445 4339 τὸ
2472 4287 2598 4356 ἑξῆς
2627 4287 2790 4350 αὐτὸς
2818 4285 3034 4357 σεαυτῷ
3059 4285 3301 4353 ἱπίλεγε.

408 4372 518 4418 tate
547 4371 804 4431 prcstent
852 4382 868 4420 :
898 4366 1120 4436 quando
1157 4367 1270 4436 jam
1366 4359 1553 4424 temet'
1589 4370 1864 4427 adversus
1926 4377 2176 4436 seniores
2205 4379 2462 4446 ell'erens,
2489 4395 2692 4450 eosque
2724 4381 2847 4437 loco
2873 4381 3250 4452 gregariorum
3289 4377 3457 4450 (quod
3488 4369 3662 4435 aiunt)

407 4455 638 4510 militum
707 4455 936 4521 habens,
993 4458 1503 4516 condemnationem
1567 4462 1687 4532 ipse
1735 4464 1834 4519 tibi
1901 4470 2174 4538 cumulas,
2226 4487 2348 4542 qius
2389 4473 2485 4528 tibi
2535 4472 2602 4528 ad
2651 4474 2816 4544 diem]
2851 4473 3004 4529 illum
3059 4471 3531 4544 eompcnsationis
3580 4461 3664 4530 est

404 4548 792 4618 exspectanda.
842 4549 948 4605 Sed
1001 4551 1206 4607 frustra
1272 4554 1405 4610 hazc.
1437 4555 1518 4610 Tu
1547 4556 1666 4627 ipse
1704 4557 1801 4613 tibi
1845 4560 1990 4630 quod
2031 4575 2302 4636 superest,
2358 4567 2661 4640 adjungito.

1001 4687 1264 4744 RESPON
1275 4690 1384 4748 SlO

404 4818 487 4872 Ad
538 4834 679 4880 eum,
715 4819 808 4888 qui
851 4821 1145 4897 prohibitos
1193 4826 1373 4897 aiebat
1421 4845 1535 4883 esse
1579 4831 1792 4897 nuptias
1838 4831 1979 4888 inter

643 4905 890 4958 personas
915 4909 980 4947 ea:
1019 4893 1186 4949 tribus
1222 4896 1438 4954 diversis
1471 4893 1716 4966 familiis.
1794 4923 1800 4936 ι

470 4999 713 5056 Caniclei
755 5004 975 5074 quidem
1031 5023 1235 5076 praises
1277 5008 1578 5079 obstinate,
1613 5023 1778 5085 atque
1806 5017 1971 5072 etiam

402 5093 805 5151 inconsiderate
841 5099 920 5168 (ut
951 5099 1068 5155 lene
1094 5101 1224 5171 quid
1252 5103 1480 5174 dicam),
1512 5105 1706 5170 instat,
1730 5107 1972 5164 nefarias

399 5183 655 5254 inquiens
716 5201 840 5241 esse
883 5191 1102 5257 nuptias
1156 5192 1299 5248 inter
1339 5209 1600 5261 personas
1664 5197 1828 5252 trium
1891 5201 1974 5254 di-

403 5289 682 5326 versarunt
752 5275 1102 5333 familiarum.
1166 5280 1393 5339 Temere
1464 5299 1596 5340 vero
1673 5287 1726 5342 id
1788 5290 1975 5345 dicere

397 5362 764 5418 convincitur.
830 5364 1042 5437 Quippe
1096 5370 1232 5426 nihil
1295 5373 1450 5428 affert
1503 5391 1568 5429 ex
1615 5376 1762 5445 jure,
1825 5380 1972 5448 quod

399 5453 576 5506 locum
618 5454 832 5512 habeat.
865 5457 980 5529 Ego
1014 5476 1143 5516 vero
1177 5477 1371 5522 servus
1409 5473 1560 5529 tuus,
1587 5468 1732 5538 quod
1768 5471 1973 5526 diserte

401 5561 509 5599 non
546 5547 768 5601 vetitum
799 5557 883 5604 est
909 5565 938 5603 a
966 5551 1104 5622 lege,
1143 5570 1486 5626 nequaquam
1539 5573 1603 5613 ex
1635 5561 1971 5630 conjecturis

400 5634 691 5691 adeuittcre
725 5652 972 5708 possum,
1015 5653 1267 5713 tauquam
1304 5661 1651 5718 expressum.
1677 5649 1785 5707 Lex
1821 5655 1968 5707 enim

402 5730 468 5780 dc
519 5728 769 5796 personis
797 5730 980 5808 “trium
1028 5731 1370 5791 diversarum
1436 5739 1768 5795 familiarum
1849 5760 1970 5812 qure

401 5820 726 5876 contrahere
756 5828 1031 5891 vetantur,
1067 5825 1269 5884 diserte
1301 5831 1482 5888 verbis
1524 5833 1670 5890 hisce
1711 5832 1966 5890 disserit:

2007 4653 2063 4713 D

2669 4701 3065 4757 ΑΠΑΝΤΗΣΙΣ

2084 4835 2242 4904 Πρὸς
2272 4835 2379 4889 τὸν
2399 4835 2656 4908 λέγοντα
2683 4837 3100 4908 κεκωλυμένον
3127 4832 3280 4908 εἶναι
3317 4838 3422 4890 τὸν
3447 4839 3515 4892 ἐκ
3545 4857 3658 4908 τρια

2317 4908 2554 4975 rer-stac
2579 4907 2790 4976 γάμον,
2823 4908 2924 4962 καί
2959 4906 3419 4978 ἀσυγχώρητον.

2168 5016 2226 5068 '0
2262 5015 2362 5087 μιν
2387 5017 2482 5070 ἐπὶ
2515 5016 2863 5083 Κανικλείου,
2911 5017 3291 5088 ἀμεταθέτως,
3325 5018 3386 5070 ού
3443 5019 3569 5073 πολὺ
3599 5020 3651 5074 δὲ

2081 5107 2256 5160 εἰπεῖν
2281 5108 2375 5160 καὶ
2403 5108 2822 5180 ἀπερισκέπτως
2857 5108 3156 5172 ἐνίσταται,
3191 5109 3368 5176 λέγων
3396 5105 3535 5163 εἶναι
3568 5113 3654 5164 τὸν

2073 5199 2361 5269 εἰρημένον
2410 5199 2476 5251 ἐκ
2530 5200 2838 5269 τριγενείας
2876 5200 3052 5269 γάμον
3100 5200 3435 5269 παράνομον.
3476 5201 3652 5269 Ἐλέγ-

2071 5305 2226 5358 χεται
2257 5287 2314 5340 δὲ
2359 5288 2535 5357 μάτην
2600 5289 2991 5358 φθεγγόμενος.
3025 5288 3192 5340 Οὐδὲν
3221 5289 3328 5356 γὰρ
3361 5293 3650 5359 -παρίστη-

2075 5393 2158 5429 σιν
2188 5378 2250 5428 ἐκ
2281 5376 2377 5428 τοῦ
2413 5376 2577 5445 νόμου
2619 5377 2851 5445 καίριον.
2911 5375 3053 5443 Ἐγὼ
3081 5377 3136 5429 δὲ
3170 5378 3197 5428 ό
3244 5375 3430 5439 δοῦλός
3471 5396 3564 5430 σου
3594 5379 3650 5431 τὸ

2073 5466 2149 5538 μὴ
2177 5468 2326 5538 παρὰ
2368 5466 2461 5519 τού
2496 5468 2664 5533 νόμον
2695 5467 2875 5538 ῥητῶς
2907 5467 3150 5520 κωλυθὲν
3196 5467 3256 5518 ού
3283 5467 3519 5536 δύναμαι
3548 5468 3650 5519 ἀπὸ

2078 5557 2402 5631 στοχασμῶν
2445 5559 2519 5621 ὡς
2571 5561 2888 5627 ἐκφωνηοὲν
2925 5559 3352 5628 παραδέχεσθαι.
3397 5561 3503 5613 Καὶ
3545 5561 3647 5628 γὰρ

2077 5653 2105 5704 ὁ
2136 5654 2297 5722 νόμος
2321 5651 2448 5721 περὶ
2477 5651 2586 5703 τῶν
2611 5653 2673 5703 ἐκ
2701 5651 3007 5721 τριγενείας
3039 5651 3440 5721 κεκωλυμένων
3470 5651 3642 5720 ῥητῶς

2076 5741 2312 5805 διέλαὸε,
2346 5742 2568 5810 φάσκων
2597 5741 2769 5805 οὕτως
2790 5759 2802 5771 θ
2832 5742 2966 5794 Οὐδὲ
2998 5742 3095 5811 τὴν
3133 5744 3262 5795 ποτὲ
3288 5745 3524 5810 γυναῖκα
3555 5740 3641 5793 τοῦ

2080 5836 2343 5904 προγόνου
2400 5851 2499 5904 μου
2542 5833 2822 5903 λαμϐάνω.
2859 5834 2994 5887 Ούόὲ
3035 5836 3064 5901 ἡ
3100 5836 3337 5905 μητρυιά
3383 5831 3641 5905 λαμεάνιι
