3948 6602
274 403 414 471 ῙῙῙΊ

1559 416 2273 488 οιιΑῖοΟ-ΒΟΜΑΝΠΜ.

3384 423 3521 491 1118

266 521 366 574 τὸν
394 518 685 609 γενύμενον
715 519 884 594 ἄνδρα
915 519 1012 591 τῆς
1041 522 1316 594 προγόνης
1344 525 1547 595 αὐτῆςσ
1576 525 1612 580 ά
1659 527 1841 598 σχεδὸν

1945 531 2057 588 Nec
2113 549 2343 592 uxorem
2399 534 2634 609 privigni
2687 535 2963 607 quondam
3025 536 3131 592 mei
3193 535 3354 592 duco.
3410 537 3519 591 Nec

269 609 368 662 καὶ
393 608 615 680 πρώτου
649 609 858 682 βαθμοῦ
882 613 1043 680 εἰσιν,
1069 615 1122 668 ετ
1143 631 1226 678 τις
1252 616 1356 670 κάν
1371 615 1584 681 τούτοις
1607 618 1850 686 εἰσάγειν

269 698 520 770 βαθμοὺς
554 701 891 758 ὲκϐιάσοιτο.
931 704 1071 775 Περὶ
1112 703 1170 758 δὲ
1217 705 1326 759 τῶν
1355 707 1532 762 ἄλλων
1570 710 1635 762 ὲκ
1661 726 1850 779 τριγε-

262 787 444 852 νείας,
488 788 566 854 ὡς
615 791 939 861 ἀκωλύτων,
973 793 1128 852 οὐδὲν
1171 795 1310 859 ὅλως
1341 797 1370 850 δ
1414 798 1577 868 νόμος
1617 799 1846 855 διέλαϐε.

201 947 208 951 _
269 880 369 935 Διδ
406 884 502 936 καὶ
551 884 728 948 οὐδεὶς
781 887 1038 942 οὐδέποτε
1080 888 1342 961 δικαστὴς
1388 891 1628 946 τοιοῦτον
1671 893 1849 962 γάμον

265 971 528 1031 διέσεισε.
559 976 828 1051 Καθάπερ
869 979 1062 1050 ἀμέλει
1085 981 1179 1034 καὶ
1209 983 1268 1034 ἐν
1292 981 1370 1053 τῷ
1397 984 1550 1054 τόμῳ
1581 984 1674 1038 τοῦ
1707 986 1852 1037 Σισι-

267 1063 409 1128 νίου,
443 1066 472 1119 δ
505 1067 606 1136 μὲν
650 1071 830 1140 ῥητῶς
878 1071 1206 1136 κεκώλυται,
1235 1074 1395 1128 ἕκτου
1445 1074 1659 1146 βαθμοῦ
1695 1077 1849 1145 εὑρι-

267 1154 560 1225 σκόμενον,
613 1160 927 1233 μεμένηκεν
972 1163 1366 1234 ἀπαράϐατον·
1413 1164 1443 1219 ὅ
1469 1165 1526 1218 δὲ
1555 1168 1845 1237 παρεῖται,

265 1245 474 1319 δηλαδὴ
501 1249 576 1313 ὡς
606 1251 903 1321 ἀκώλυτον,
947 1256 1080 1325 παρ’
1127 1254 1339 1320 οὐδενὸς
1373 1258 1512 1328 μετὰ
1543 1257 1716 1312 ταῦτα
1749 1275 1848 1312 κε-

266 1336 548 1393 κώλυται’
583 1341 720 1414 ὅπερ
767 1343 886 1398 ἐστὶ
911 1344 972 1398 τδ
997 1345 1058 1410 ἐξ
1095 1347 1359 1418 ἑκατέρου
1406 1346 1605 1418 μέρους
1642 1346 1845 1418 ίσάξον,

261 1430 402 1484 ὅταν
434 1432 576 1498 θεῖος
607 1436 700 1488 καὶ
726 1437 965 1506 ἀνεψιὸς,
993 1439 1145 1493 θείαν
1177 1440 1446 1512 λαμϐάνει
1478 1441 1570 1495 καὶ
1596 1441 1843 1512 ἀνεψιάν.

263 1522 418 1576 Δέκα
440 1524 550 1596 γάρ
579 1529 675 1582 καὶ
713 1530 854 1583 ἑπτά
884 1529 978 1602 ἐτη
1010 1532 1329 1604 κοιαίστωρι
1368 1533 1481 1586 ὄντι
1511 1533 1848 1604 ἐξυπηρετη-

263 1612 456 1684 σάμην
503 1615 581 1688 τῷ
637 1621 916 1694 μακαρίτῃ
949 1624 1123 1695 κυρίῳ
1155 1642 1258 1695 μου
1307 1624 1385 1696 τῷ
1419 1627 1702 1697 Μυστικῷ,
1752 1629 1846 1682 καὶ

261 1706 522 1761 τοιαῦται
550 1710 744 1766 πολλαὶ
774 1713 1062 1780 ὑποθέσεις
1080 1717 1412 1788 ἐκινήθησαν
1431 1718 1489 1772 ἔν
1511 1737 1569 1773 τε
1596 1723 1662 1790 τῇ
1687 1719 1844 1790 βασι-

259 1795 500 1876 λευούσῃ
537 1803 634 1858 καὶ
679 1805 736 1858 ἐν
766 1807 876 1870 τοῖς
905 1807 1029 1874 ἔξω.
1063 1810 1172 1862 Καὶ
1207 1811 1342 1882 πρὸς
1367 1813 1574 1866 ἐκεῖνον
1604 1813 1844 1882 ἔγραφον

257 1887 318 1940 οἱ
352 1893 560 1960 κριταί.
597 1895 706 1948 Καὶ
740 1897 821 1960 είς
847 1897 908 1950 τδ
934 1900 1318 1972 κοιαιστὼριον
1351 1903 1409 1958 δὲ
1436 1903 1684 1958 τοιαῦται
1714 1904 1843 1958 πολ·
1875 1872 1916 1927 Β

257 1975 358 2032 λαὶ
401 1979 688 2047 ὑποθέσεις
739 1986 1034 2042 ἐκινοῦντο.
1098 1991 1237 2044 Ἀλλ’
1290 1993 1545 2047 οὐδέποτε
1601 1995 1843 2061 τοιοῦτος

257 2071 518 2143 ἐκωλύθη
544 2074 772 2145 βαθμός.
817 2078 908 2134 Ἐν
938 2079 1039 2151 μὲν
1078 2081 1188 2154 γὰρ
1215 2086 1281 2155 τῇ
1315 2089 1517 2158 φυσικῇ
1551 2088 1844 2160 συγγενείᾳ

257 2161 358 2214 τὸν
386 2163 616 2235 ἕϐδομον
656 2167 862 2239 βαθμὸν
901 2173 960 2226 οὐ
998 2173 1469 2249 παρεξερχόμεθα.
1498 2179 1633 2234 Οὐδὲ
1664 2181 1774 2250 γὰρ
1807 2181 1841 2252 ἡ

260 2252 432 2345 φύσις
479 2256 732 2327 ἀνέχεται
764 2261 901 2335 ὑπὲρ
953 2265 1144 2322 τοῦτον
1187 2270 1278 2320 τὸν
1315 2269 1522 2340 βαθμὸν
1551 2271 1650 2342 τὴν
1694 2268 1843 2345 ζωὴν

257 2343 377 2398 τῶν
420 2347 724 2419 ἀνθρώπων
757 2353 1185 2414 ὲπεκτείνεσθαι.
1231 2361 1320 2413 Ἐν
1370 2361 1425 2414 δὲ
1453 2366 1564 2426 τοῖς
1588 2365 1648 2429 ἐξ
1681 2343 1844 2437 ἀγχι-

261 2437 453 2504 στείας
477 2441 572 2495 καὶ
593 2445 706 2506 τοῖς
726 2445 789 2499 ἐκ
820 2449 1147 2517 τριγενείας,
1177 2451 1276 2504 ὅσα
1298 2451 1326 2504 ὁ
1344 2452 1506 2524 νόμος
1525 2456 1702 2524 ῥητῶς
1719 2458 1847 2513 διω-

261 2529 479 2600 ρίσατο,
504 2535 676 2590 ταῦτα
696 2538 967 2608 ὀφείλουσι
997 2542 1474 2612 διαφυλάττεσθαι.
1495 2548 1569 2601 Τὸ
1582 2549 1639 2604 δὲ
1663 2549 1840 2619 διὰτί,

259 2621 326 2676 ού
375 2625 481 2697 χρὴ
517 2627 1013 2702 πολυπραγμονεῖν,
1049 2635 1170 2687 οὐδὲ
1202 2637 1305 2700 τὰς
1332 2638 1511 2702 αίτίας
1540 2640 1840 2712 ἐπιζητεῖν.

263 2717 392 2772 Ὅτι
428 2721 520 2773 καὶ
549 2722 579 2775 ὁ
608 2723 770 2794 νόμος
797 2723 938 2779 οὔτω
957 2726 1142 2797 φησίν·
1169 2729 1246 2784 Οὐ
1269 2728 1352 2782 δεῖ
1385 2731 1601 2785 πάντων
1626 2733 1734 2788 τῶν
1755 2750 1842 2788 νου

264 2810 454 2881 μίμων
477 2813 734 2886 λογισμὸν
755 2819 1029 2874 ἀπαιτεῖν.
1051 2820 1412 2892 Εὑρίσκονται
1433 2823 1540 2896 γὰρ
1556 2825 1604 2877 οἱ
1634 2824 1839 2892 πολλοὶ,

259 2901 722 2974 ἁναιτιολὸγητοι.
759 2907 867 2960 Καὶ
900 2907 1017 2962 ἔστι
1045 2908 1105 2962 τὸ
1136 2909 1378 2964 τοιοῦτον
1412 2913 1663 2984 νόμιμον,
1692 2915 1841 2983 δίγεο

265 3009 397 3047 στον
430 2996 523 3048 καὶ
559 2998 811 3062 παλαιὸν,
844 3001 941 3055 καὶ
983 3001 1091 3074 πρὸ
1124 3004 1224 3075 τῆς
1259 3006 1578 3076 μοναρχίας.
1616 3007 1758 3062 Ὅσα
1784 3007 1842 3061 δὲ

265 3083 346 3155 μὴ
392 3085 572 3156 ῥητῶς
607 3087 712 3142 ὑπὸ
746 3089 855 3142 τῶν
906 3091 1086 3160 νόμων
1120 3093 1462 3161 κεκώλυται,
1514 3095 1686 3150 ταῦτα
1729 3096 1839 3151 τῶν

257 3176 663 3250 κεκωλυμένων
687 3181 1096 3254 ὑπερτείνοντα,
1130 3187 1429 3258 πράττεται
1456 3187 1648 3254 ἀδεῶς.

1949 642 2184 683 noverca
2217 629 2374 683 nubit
2407 629 2455 683 ei
2480 628 2573 700 qui
2599 629 2684 683 vir
2717 627 2980 700 privignae
3017 627 3191 696 ipsius
3223 627 3343 682 fuit.
3386 627 3519 694 Quae

1949 737 2083 777 sane
2110 720 2503 792 propemodum
2533 721 2696 793 primi
2723 731 2852 776 sunt
2884 720 3106 792 gradus,
3134 721 3179 775 si
3206 721 3402 790 quisin
3435 723 3520 776 his

1949 814 2116 870 etiam
2174 813 2380 883 gradus
2439 815 2792 869 introducere
2853 822 3035 881 cogat.
3076 813 3148 867 De
3191 816 3405 868 ca'teris
3452 830 3518 868 ex

1950 905 2128 960 tribus
2159 906 2384 960 familiis
2405 905 2662 966 diversis,
2694 905 2842 958 velut
2870 905 2935 958 ad
2987 919 3126 974 quos
3159 905 3305 958 nulla
3338 905 3522 974 prohi-

1949 999 2084 1052 bitio
2146 999 2432 1068 pertineat,
2488 997 2626 1068 nihil
2677 997 2902 1051 omnino
2957 996 3040 1050 lex
3089 1005 3174 1052 cst
3215 996 3518 1066 complexa.

1948 1090 2066 1156 Quo
2110 1089 2187 1155 fit,
2225 1099 2285 1143 ut
2316 1089 2500 1144 nullus
2535 1103 2772 1158 unquam
2800 1086 2968 1156 judex
3000 1087 3270 1156 ejusmodi
3301 1087 3521 1154 nuptias

1947 1179 2298 1251 oppugnarit.
2349 1178 2534 1232 Itidem
2591 1179 2643 1231 in
2694 1175 2883 1231 Sisinii
2921 1183 3095 1239 tomo.
3125 1175 3271 1246 quod
3317 1174 3524 1228 diserte

1945 1271 2285 1344 prohibitum
2337 1269 2462 1333 fuit,
2526 1267 2895 1338 velutiquod
2950 1267 3091 1323 sexti
3149 1267 3350 1336 gradus
3398 1281 3522 1320 esse

1947 1363 2471 1436 deprehenderetur.
2502 1375 2532 1414 a
2558 1361 2774 1417 nemine
2805 1366 3072 1415 tentatum
3101 1360 3301 1413 mansit
3329 1377 3343 1413 :
3376 1358 3520 1428 quod

1947 1462 2126 1509 autem
2160 1452 2452 1518 omissum,
2479 1450 2645 1506 veluti
2693 1449 2838 1519 quod
2889 1449 3114 1503 minime
3168 1459 3460 1512 vetaretur,
3487 1462 3519 1502 a

1944 1545 2164 1603 nemine
2221 1543 2482 1614 deinceps
2533 1541 2870 1611 prohibitum
2934 1539 3059 1595 fuit.
3115 1539 3176 1594 ld
3234 1554 3366 1594 vero
3409 1548 3516 1602 est,

1945 1635 2182 1708 quodex
2222 1641 2452 1701 utraque
2478 1637 2634 1700 parte
2682 1629 2978 1700 quamdam
3026 1628 3190 1682 habet
3235 1625 3520 1695 aequalitao

1947 1739 2053 1785 tein
2087 1747 2101 1783 :
2135 1727 2212 1784 uti
2254 1741 2378 1782 cum
2426 1736 2658 1796 patruus
2704 1731 2759 1778 et
2797 1723 2984 1778 fratris
3018 1720 3185 1785 filius,
3215 1719 3436 1773 amitam
3464 1724 3522 1772 et

1947 1821 2136 1876 fratris
2187 1819 2354 1874 tiliam
2405 1816 2640 1872 ducunt.
2683 1812 2951 1884 Equidem
3000 1809 3162 1866 annis
3208 1824 3318 1864 xvu
3365 1808 3522 1862 bona).

1946 1911 2222 1967 memoriae
2257 1907 2488 1980 Mystico
2541 1905 2727 1968 servii,
2763 1918 2891 1960 cum
2938 1907 3178 1973 questor
3217 1905 3362 1954 esset
3401 1917 3416 1952 :
3452 1911 3521 1952 ac

1944 2001 2214 2074 ejusmodi
2242 2013 2422 2056 causae
2463 1995 2778 2064 complures
2804 2001 2915 2046 tam
2956 1992 3012 2045 in
3057 1989 3190 2044 urbe
3221 1988 3520 2074 imperato-

1946 2069 2049 2160 ria,
2081 2110 2244 2166 quam
2289 2093 2448 2155 foris,
2485 2097 2612 2146 sunt
2661 2094 2824 2144 motae
2854 2103 2870 2142 :
2905 2084 2974 2139 de
3022 2082 3224 2153 quibus
3253 2079 3320 2133 ad
3359 2069 3515 2133 illum

1939 2186 2157 2260 .judices
2189 2181 2624 2256 perscribebant.
2658 2177 3013 2233 Movebantur
3052 2173 3218 2230 etiam
3267 2171 3324 2224 in
3354 2168 3517 2260 Quae-

1946 2259 2120 2338 storio
2147 2278 2466 2348 complures
2496 2269 2768 2344 ejusmodi
2803 2282 3004 2324 causai.
3042 2264 3148 2320 Sed
3182 2261 3384 2333 gradus
3429 2259 3520 2315 ille

1943 2386 2220 2442 nunquam
2274 2366 2584 2438 prohibitus
2642 2363 2769 2418 fuit.
2830 2357 3046 2415 Etenim
3088 2355 3144 2410 in
3195 2352 3520 2424 cognatione

1941 2463 2176 2520 naturali
2203 2461 2432 2534 gradum
2465 2457 2758 2527 septimum
2790 2468 2896 2509 non
2918 2448 3285 2522 przeterimus.
3307 2442 3519 2513 Quippe

1940 2571 2043 2610 nec
2078 2554 2197 2624 ipsa
2242 2559 2440 2606 natura
2468 2546 2744 2612 concedit,
2772 2551 2832 2599 ut
2875 2543 2988 2597 vita
3031 2537 3344 2595 mortalium
3376 2534 3519 2588 ultra

1942 2647 2171 2720 gradum
2217 2644 2366 2698 hunc
2395 2640 2729 2712 porrigatur.
2768 2636 2824 2690 In
2881 2633 2950 2689 iis
2981 2639 3184 2695 autem,
3235 2642 3357 2699 quae
3391 2637 3520 2682 sunt

1941 2756 2008 2796 ex
2067 2737 2348 2800 afﬁnitate,
2403 2736 2679 2801 triumque
2751 2727 3086 2782 familiarum
3128 2719 3519 2792 conjunctione

1942 2828 2400 2891 necessitudines,
2445 2821 2725 2879 observari
2774 2819 2994 2881 debent,
3030 2827 3372 2888 quaecunque
3429 2810 3519 2866 lex

1942 2921 2149 2978 diserte
2183 2919 2393 2974 statuit.
2421 2915 2532 2971 Nec
2566 2910 3005 2982 investigandum
3044 2906 3284 2968 curiose,
3324 2916 3519 2972 quam-

1942 3009 2130 3083 obrem
2169 3020 2317 3060 :nec
2368 3001 2710 3074 inquirendas
2748 3012 2952 3055 causa.
3000 2995 3134 3051 Nam
3167 3001 3222 3048 et
3272 2993 3392 3063 ipsa
3431 2990 3517 3046 lex

1942 3099 2124 3170 inquit
2158 3116 2172 3153 :
2202 3095 2322 3151 Non
2357 3096 2627 3159 omnium,
2661 3108 2784 3164 qua:
2825 3091 3040 3162 legibus
3075 3087 3272 3142 tradita
3303 3086 3331 3125 ι
3363 3091 3516 3147 sunt,

1861 3177 1905 3236 (ἶ
1940 3189 2169 3262 petenda
2201 3198 2285 3243 est
2334 3187 2498 3242 ratio.
2559 3184 2772 3254 Quippe
2802 3183 2947 3253 leges
2993 3180 3266 3252 pleraeque
3311 3176 3517 3230 nullam

260 3272 468 3330 habere
498 3291 718 3332 causam
748 3279 1121 3339 inveniuntur.
1154 3283 1333 3354 Atque
1360 3284 1466 3341 hoc
1498 3301 1632 3342 sane
1653 3286 1743 3356 jus
1773 3295 1832 3344 et
1872 3302 1940 3343 ex
1970 3287 2204 3358 Digestis
2227 3324 2243 3350 ,
2275 3293 2329 3341 et
2359 3292 2515 3338 vetus
2546 3288 2668 3344 est,
2699 3289 2755 3335 et
2788 3289 2915 3333 ante
2978 3271 3354 3330 monarchiam
3418 3283 3518 3338 pro

258 3363 463 3420 ditum.
490 3365 837 3439 Quaecunque
891 3386 1018 3426 vero
1068 3387 1178 3427 non
1210 3373 1415 3430 diserte
1446 3375 1720 3445 prohibita
1752 3385 1882 3434 sunt
1923 3393 1952 3432 a
2012 3377 2223 3448 legibus
2271 3390 2334 3431 ea
2386 3381 2644 3443 tanquam
2691 3377 2845 3426 extra
2899 3380 3185 3422 numerum
3218 3361 3515 3419 vetitorum

260 3475 390 3517 sese
415 3461 746 3532 porrigentia
767 3501 784 3528 ,
824 3462 958 3518 fiunt
994 3464 1230 3536 impune.

368 3552 428 3606 Ὀ
473 3552 530 3606 δὲ
579 3553 742 3608 πάλιν
793 3553 869 3620 ὡς
924 3555 1067 3626 μέγα
1117 3557 1181 3628 vt]
1239 3557 1679 3631 προϐαλλόμενος
1726 3579 1835 3631 φη-

261 3645 354 3699 σὶν
383 3685 399 3704 .
445 3645 528 3699 ὅτι
587 3646 678 3700 Ἐν
731 3647 843 3710 τοῖς
913 3647 1112 3718 γάμοις
1184 3649 1246 3704 οὐ
1306 3653 1466 3720 μόνον
1536 3652 1598 3706 τὺ
1651 3655 1830 3708 ἔπιτε.

258 3736 620 3807 τραμμένον,
682 3736 817 3791 ἀλλὰ
869 3739 965 3792 καὶ
1021 3739 1083 3794 τδ
1144 3741 1417 3812 εὐπρεπὲς
1472 3743 1554 3796 δεῖ
1610 3743 1834 3815 ζητεῖν,

259 3827 362 3881 καὶ
416 3829 480 3882 ἐκ
540 3828 731 3882 τούτου
790 3831 1048 3900 πειρᾶται
1117 3834 1388 3903 κρατῆσαι
1447 3831 1543 3887 τοῦ
1603 3836 1835 3903 ἀγῶνος.

260 3919 500 3972 Αύτὸθεν
533 3919 592 3972 δὲ
629 3919 728 3991 τὴν
771 3919 923 3975 λῦσιν
967 3925 997 3977 ὁ
1050 3923 1214 3995 νόμος
1243 3925 1470 3992 ἐπάγει,
1514 3929 1609 3980 καὶ
1655 3930 1837 3982 πᾶσαν

263 4007 566 4076 ἀπολογίαν
608 4009 998 4082 ἁπορραπίζει.
1032 4014 1169 4082 Περὶ
1211 4015 1320 4087 γάρ
1352 4035 1461 4072 των
1505 4020 1569 4072 ὲκ
1602 4009 1838 4090 φυσικῆς

262 4099 562 4168 ἐπιθυμίας
594 4101 1077 4172 προϐιϐαζομένων
1109 4103 1191 4168 είς
1221 4105 1282 4159 τὺ
1312 4109 1653 4180 παράνομον,
1681 4111 1839 4166 τοῦτο

261 4188 508 4257 διέξεισι,
543 4191 637 4245 καί
667 4209 851 4264 φησιν·
908 4193 968 4248 '0
999 4195 1226 4261 ῳυσικδς
1254 4200 1433 4272 πατὴρ
1465 4202 1527 4255 οὐ
1569 4201 1838 4273 λαμϐάνει

263 4279 365 4351 τὴν
394 4284 694 4354 πορνογενῆ
750 4284 913 4338 αὐτοῦ
963 4285 1258 4359 θυγατέρα.
1309 4291 1383 4343 Τὸ
1416 4293 1526 4362 γὰρ
1567 4295 1726 4364 φύσει
1757 4295 1838 4349 δί-

263 4390 423 4426 καιον
466 4374 655 4428 καὶτὸ
702 4375 977 4446 εὐπρεπὲς
1027 4377 1086 4432 ὲν
1127 4383 1242 4444 τοῖς
1290 4382 1490 4450 γάμοις
1531 4389 1839 4444 σκοπεῖται.

2013 3563 2252 3618 Rursum
2281 3560 2648 3622 adversarius,
2680 3555 2848 3612 veluti
2887 3567 3141 3625 magnum
3171 3549 3300 3620 quid
3357 3545 3519 3605 nobis

1942 3658 2210 3728 olijiciens
2231 3674 2245 3721 ;
2269 3655 2326 3710 In
2360 3653 2591 3725 nuptiis,
2625 3650 2828 3720 inquit,
2852 3664 2961 3703 non
3011 3647 3188 3702 solum
3218 3642 3348 3712 quid
3379 3656 3518 3696 con-

1945 3765 2188 3811 cessum,
2219 3761 2408 3801 verum
2439 3745 2604 3800 etiam
2645 3743 2777 3814 quid
2837 3743 3127 3796 honestum
3181 3735 3275 3798 sit,
3345 3733 3519 3804 quaeri

1941 3840 2143 3896 debet:
2177 3845 2340 3907 atque
2369 3834 2541 3889 fretus
2582 3834 2686 3889 hoc
2714 3833 2880 3894 dicto,
2910 3830 3073 3900 potiri
3107 3824 3340 3880 victoria
3374 3823 3519 3878 niti-

1945 3939 2054 3986 tur.
2101 3930 2300 3985 Verum
2369 3926 2698 3982 solutionem
2770 3924 3032 3977 continuo
3085 3919 3168 3972 lex
3221 3915 3408 3982 infert,
3461 3921 3518 3969 et

1944 4011 2160 4077 omnem
2213 4019 2587 4075 defensionem
2642 4013 2906 4071 retundit.
2969 4011 3184 4081 Quippe
3253 4007 3333 4064 sic
3379 4005 3513 4060 illud

1943 4113 2360 4182 interpretatur,
2393 4118 2452 4164 ut
2490 4108 2556 4164 ad
2587 4123 2683 4164 eos
2754 4105 2955 4160 referat
2991 4103 3033 4167 ι,
3111 4100 3258 4171 quia
3289 4097 3515 4153 libidine

1939 4203 2178 4258 naturali
2228 4200 2465 4257 nefarias
2491 4201 2558 4254 ad
2612 4196 3036 4265 conjunctiones
3069 4190 3514 4263 progrediuntur.

1942 4307 2066 4346 cum
2121 4289 2200 4346 ait
2257 4307 2271 4344 :
2307 4289 2587 4345 Naturalis
2640 4297 2795 4357 pater
2831 4284 2993 4339 tiliam
3025 4281 3185 4350 vulgo
3227 4278 3513 4349 quaesitam

1942 4399 2053 4439 non
2087 4381 2239 4437 ducit
2281 4396 2530 4437 uxorem.
2583 4377 2742 4446 Quod
2794 4376 2941 4431 enim
3006 4381 3199 4427 natura
3230 4372 3437 4439 justum
3461 4375 3516 4421 et

151 4476 164 4484 ·
265 4465 348 4558 "1‘1
378 4463 515 4520 αὐτὰ
545 4465 639 4520 καὶ
672 4469 802 4558 περὶ
829 4467 1078 4539 δουλικῆς
1109 4472 1429 4539 συγγενείας
1471 4476 1835 4545 φυλάττεσθαι

1945 4475 2233 4530 honestum
2263 4482 2367 4536 est,
2400 4474 2452 4528 in
2486 4472 2691 4541 nuptiis
2747 4475 3049 4538 spectatur.
3106 4463 3305 4518 Eadem
3355 4469 3409 4515 et
3459 4462 3516 4516 in

265 4554 366 4610 δεῖ.
400 4556 506 4608 Καὶ
549 4554 796 4621 εἰκότως.
839 4559 904 4614 Εί
950 4563 1059 4632 γὰρ
1097 4560 1194 4614 καὶ
1217 4564 1504 4632 συγγένεια
1535 4569 1595 4621 ἐν
1627 4570 1837 4638 τούτοις

1945 4567 2126 4622 servili
2157 4566 2479 4636 cognatione
2507 4562 2771 4619 servanda
2822 4569 2973 4622 sunt,
3023 4571 3124 4612 nec
3169 4557 3379 4625 absque
3423 4569 3517 4606 ra-
3571 4587 3576 4591 ρ

264 4645 328 4698 τύ
360 4645 643 4718 θεωρεῖται
666 4648 754 4703 διὰ
781 4649 842 4703 τὸ
868 4651 1163 4723 ἀκέφαλον,
1193 4659 1326 4713 ἀλλὰ
1352 4661 1438 4715 διὰ
1471 4663 1531 4715 τὸ
1563 4662 1841 4735 εὔσχημον

267 4738 660 4810 συντηροῦνται
687 4741 781 4795 καὶ
803 4743 992 4798 ταῦτα.
1025 4748 1134 4802 Καὶ
1159 4752 1207 4804 oi
1235 4752 1407 4822 λόγοι,
1441 4755 1500 4808 ὲν
1525 4751 1607 4820 οἷς
1631 4756 1842 4826 ἐξειρω-

264 4828 531 4916 νήθησαν,
583 4831 642 4884 ἐν
678 4831 910 4897 ἐκείνοις
952 4838 1046 4891 καὶ
1091 4839 1190 4911 τὴν
1231 4843 1384 4914 ίσχὺν
1425 4846 1629 4916 ἔχουσι.
1678 4850 1751 4903 Τὸ
1783 4851 1840 4904 δὲ

263 4915 681 4986 περιϐιάζεσθαι
724 4919 942 4986 αὐτοὺς,
981 4923 1014 4994 ἢ
1057 4925 1114 4991 ἐξ
1161 4915 1568 5004 άντιδιαστολῆς
1599 4936 1833 5006 ἀποκρί-

263 5006 475 5075 νεσθαι,
507 5014 910 5080 παρανοοῦντος
955 5015 1175 5082 τούτους
1204 5022 1344 5075 ἐστί.
1387 5025 1496 5078 Καὶ
1531 5027 1580 5079 oi
1622 5027 1837 5080 ἀντιλέ-

268 5115 474 5168 γοντες,
526 5103 659 5173 μηδὲ
705 5106 962 5176 ἑπόμενοι
1008 5110 1122 5173 τοῖς
1171 5112 1445 5181 κειμένοις
1480 5115 1686 5184 νόμοις,
1721 5119 1838 5172 ἀλλ’

265 5192 429 5263 ἔτερα
455 5195 514 5260 ἐξ
545 5197 763 5252 οἰκείων
801 5203 1252 5272 παρεισάγοντες,
1279 5206 1340 5258 ού
1375 5206 1666 5270 δικαστῶν.
1701 5212 1840 5265 ἀλλὰ

266 5284 572 5353 νομοθετῶν
614 5287 767 5355 τάξιν
818 5292 1115 5361 πειρῶνται
1171 5293 1339 5364 ἔχειν.
1404 5296 1683 5367 Ἀπαρχῆς
1729 5301 1838 5371 γὰρ

265 5377 580 5448 ἀδιάκριτος
629 5375 698 5451 ἦν
732 5383 763 5452 ἡ
799 5384 937 5456 πρὸς
971 5385 1237 5456 ἀλλήλους
1291 5387 1580 5455 συνάφεια.
1628 5391 1748 5444 Τῶν
1781 5393 1839 5446 δὲ

268 5469 572 5539 νομοθετῶν
602 5474 780 5544 ῥητῶς
814 5477 1172 5534 κωλυσάντων
1196 5481 1266 5534 τὰ
1290 5480 1546 5535 δοκοῦντα
1579 5484 1835 5555 ἀθέμιτα,

272 5559 333 5612 τὰ
363 5557 525 5613 λοιπὰ
559 5561 842 5632 προϐαίνει
881 5566 955 5638 μὴ
1001 5568 1341 5639 κωλυόμενα.
1373 5570 1463 5623 Διδ
1507 5570 1602 5624 καὶ
1635 5574 1695 5626 οὐ
1727 5571 1836 5646 χρὴ

1945 4659 2112 4713 tione.
2143 4656 2293 4711 Licet
2323 4655 2469 4710 enim
2521 4655 2771 4724 cognatio
2811 4656 2988 4708 locum
3014 4653 3068 4705 in
3091 4651 3171 4706 eis
3197 4666 3303 4705 non
3321 4649 3520 4705 habeat

1943 4758 2224 4819 propterea
2246 4749 2390 4818 quod
2425 4748 2602 4816 capite
2633 4762 2738 4799 non
2771 4754 3119 4809 censeantur,
3175 4755 3355 4800 tamen
3405 4745 3518 4796 lucc

1942 4856 2158 4911 quoque
2200 4851 2422 4909 propter
2473 4842 2812 4898 honestatem
2869 4851 3178 4898 serventur.
3224 4841 3299 4895 'Et
3351 4840 3516 4894 verba

1941 4931 2118 5003 legum
2149 4935 2328 4989 valere
2359 4935 2412 4988 in
2446 4936 2510 4990 iis
2548 4937 2766 4996 debent,
2825 4937 2891 4989 de
2942 4935 3142 5003 quibus
3203 4943 3332 4988 sunt
3387 4950 3516 5003 pro-

1943 5028 2216 5080 nuntiata.
2247 5026 2398 5082 Velle
2420 5037 2600 5082 autem
2629 5038 2884 5097 torquere
2920 5029 3086 5097 leges.
3122 5027 3204 5081 vel
3228 5043 3295 5082 ex
3346 5041 3514 5094 Oppo-

1942 5121 2046 5174 sito
2078 5121 2424 5188 respondere,
2473 5119 2709 5174 hominis
2739 5129 2839 5183 est,
2867 5119 2934 5174 ab
2954 5136 3141 5175 earum
3168 5135 3330 5174 sensu
3359 5119 3518 5172 aber-

1940 5213 2134 5266 rautis.
2172 5212 2231 5286 Et
2290 5212 2381 5280 qui
2446 5213 2850 5276 contradicunt,
2918 5226 3019 5265 nec
3071 5211 3304 5279 scriptas
3367 5212 3515 5278 leges

1941 5310 2269 5369 sequuntur,
2295 5304 2386 5356 sed
2422 5303 2524 5357 alia
2553 5303 2799 5371 quaedam
2831 5304 2895 5357 de
2919 5318 3020 5358 suo
3053 5302 3370 5370 proferunt:
3404 5316 3514 5354 nou

1944 5391 2123 5446 locum
2177 5395 2425 5462 judicum
2473 5436 2488 5458 ,
2528 5394 2621 5450 sed
2682 5395 3168 5464 jurisconditorum
3234 5391 3516 5447 vindicare

1945 5486 2048 5539 sibi
2079 5497 2372 5541 conantur.
2405 5488 2487 5541 Ab
2511 5488 2667 5541 initio
2692 5487 2906 5556 quidem
2943 5486 3192 5541 homines
3246 5485 3389 5540 inter
3451 5502 3510 5541 se

1945 5577 2064 5632 sine
2102 5577 2419 5637 discriminc
2449 5579 2865 5650 copuiabantur.
2901 5577 2968 5631 At
2995 5586 3283 5648 postquam
3309 5575 3515 5636 diserte

1542 5702 1774 5785 vultur.
1825 5728 2226 5789 LEcTIONES.

335 5809 436 5867 ιι.
463 5813 554 5872 20.
599 5813 666 5872 D.
703 5815 766 5874 de
797 5816 954 5889 legib.
1033 5815 1053 5860 ι
1085 5821 1120 5875 ί.
1163 5821 1243 5878 ll.
1271 5819 1296 5892 §
1335 5820 1498 5877 Unde.
1530 5821 1590 5875 D.
1628 5820 1702 5875 De
1736 5821 1822 5876 rit.
1855 5830 2000 5888 lttlpl.
