3822 6582
184 393 300 460 1121

737 498 1140 552 ΥΠΟΜΝΗΣΙΣ

177 601 312 670 Πριίς
369 595 470 670 τον
531 591 1009 670 ,Θεσσαλογίῑίης
1038 591 1252 670 ,κῦρος
1296 591 1560 670 Negavit-ar
1611 594 1720 670 εὸν

234 661 653 730 Μὶτυληναῐον,
712 661 846 728 περὶ
905 661 1175 728 δούλων,
1224 661 1326 715 ἵνα
1368 661 1716 733 ίερολογπῶν-

234 755 337 791 ται.

233 823 459 880 Δέσποτά
514 838 614 891 μου
674 820 834 888 ἆγιε,
893 822 950 874 ἐν
999 821 1078 892 τῷ
1124 822 1314 892 κόσμῳ
1357 822 1454 894 τὴν
1505 825 1718 891 οἴκησιν

173 917 482 984 ποιούμενος,
523 911 618 962 καὶ⁵
681 911 790 963 τῶν
851 913 1303 983 προσερχομένων
1339 931 1428 982 μοι
1461 915 1584 976 τοὺς
1627 912 1713 966 λο-

170 1009 375 1080 γισμούς
416 1003 825 1073 ἀναδεχόμενος,
859 996 1021 1074 εὖρον.
1070 1004 1128 1069 ἐξ
1179 1004 1358 1074 αὐτῶν
1391 1022 1564 1068 τινας,
1595 1004 1717 1058 δού-

171 1102 278 1162 λους
318 1097 405 1148 καὶ
451 1093 704 1156 δουλίδας
733 1092 975 1163 ἔχοντας,
1010 1094 1102 1146 καὶ
1134 1094 1256 1156 τούς
1290 1093 1506 1157 δούλους
1537 1094 1716 1147 αὐτῶν

168 1190 304 1252 ἐκτὸς
337 1185 628 1256 ἱερολογίας
661 1184 938 1253 ποωικῶς
974 1184 1366 1253 συναφθέντας.
1398 1186 1475 1256 Τῇ
1509 1186 1564 1240 δὲ
1593 1185 1710 1238 δευ-

167 1284 284 1354 τέρα
335 1276 570 1342 διατάξει
598 1277 708 1349 ξτοῦ
770 1279 1009 1348 μεγάλου
1084 1279 1300 1331 Παύλου
1357 1281 1616 1348 ἐντυχὼν,
1647 1281 1711 1350 τῇ

164 1374 396 1444 λεγούσῃ,
437 1391 455 1422 ι
498 1371 559 1424 Ei
595 1373 691 1424 καὶ
715 1370 932 1424 ἐθνικοῦ
973 1372 1056 1440 εἴη
1104 1370 1348 1440 οἰκέτης,
1379 1363 1714 1425 διδασκέσθω

167 1489 184 1520 ι
218 1465 510 1536 εὐαρεστεῖν
561 1461 638 1532 τῷ
683 1462 940 1534 δεσπότῃ,
978 1463 1064 1515 ἵνα
1115 1462 1190 1533 μὴ
1245 1463 1634 1535 βλασφημῆται
1685 1466 1714 1518 ὁ

165 1577 180 1610 ι
211 1556 374 1620 λόγος.
406 1553 516 1606 Καὶ
553 1553 602 1606 εί
638 1553 734 1623 μὲν
763 1550 855 1607 οὖν
887 1555 998 1625 ἔχει
1026 1556 1329 1627 γυναῖκα,ἧ
1362 1558 1498 1628 γυνὴ
1519 1557 1711 1628 ἄνδρα,

165 1669 180 1699 ι
219 1646 640 1702 διδασκέσθωσαν
692 1647 983 1715 ἀρκεῖσθαι
1036 1649 1258 1711 αὐτοῖς·
1300 1650 1348 1702 εἰ
1399 1649 1454 1702 δὲ
1506 1649 1711 1718 ἄγαμοι

163 1761 178 1793 ι
219 1740 351 1801 εἰσὶ,
388 1736 811 1808 μανθανέτωσαν
860 1739 936 1810 μὴ
987 1740 1291 1810 πορνεύειν,
1335 1739 1472 1793 ἀλλὰ
1516 1743 1712 1810 γαμεῖν

1424 383 2101 448 ΘΗᾹΞΟΟἯΟΜΑΝΙΞΜ
2113 432 2128 447 .

3265 399 3400 465 11ἓ2

2372 500 2759 561 SUGGESTIO

1820 592 2220 670 AdAantistitem
2285 592 2670 670 Thessalonicre
2731 596 3392 670 NicemmiMilyleuwum,

1891 663 1956 786 ἵε
2009 665 2208 731 servis,
2275 675 2331 718 ut
2405 665 2772 720 iwerreniente
2829 663 3181 725 benedictione
3238 663 3397 742 cap-ul

1911 744 2088 787 entur.
2196 759 2201 763 -

1889 825 2090 881 Sancte
2123 825 2365 893 domine,
2430 828 2559 883 dum
2610 830 2862 900 equidem
2903 832 2955 885 in
2997 837 3202 888 mundo
3219 836 3396 890 domi-

1819 917 2006 972 cilium
2035 917 2230 984 habeo,
2267 926 2321 974 et
2353 920 2728 975 accedentium
2782 923 2850 976 ad
2887 938 2971 977 me
3005 924 3118 994 (49)
3151 928 3394 980 rationes

1816 1011 2082 1078 exploro,
2127 1011 2393 1080 quosdam
2459 1028 2524 1068 ex
2587 1015 2668 1069 eis
2721 1017 2922 1086 reperi,
2976 1019 3068 1087 qui
3109 1034 3298 1073 servos
3341 1027 3395 1074 et

1817 1103 2048 1158 ancillas
2075 1104 2297 1170 habent,
2323 1120 2528 1176 eosque
2555 1105 2674 1160 sine
2707 1120 2986 1161 sacrarum
3017 1125 3240 1178 precum
3260 1127 3392 1164 con-

1814 1197 2064 1265 ceptione
2124 1212 2247 1250 cum
2301 1199 2576 1253 scorta-udi
2636 1199 2853 1255 licentia
2913 1203 3216 1270 copulatas.
3274 1204 3389 1274 Ego

1813 1303 1946 1342 vero
1997 1287 2238 1357 perlecto
2311 1290 2494 1358 magni
2535 1290 2685 1345 illius
2717 1289 2871 1345 Pauli
2910 1293 3154 1347 secundo
3184 1310 3390 1364 praece-

1814 1386 1930 1447 pto,
1997 1378 2157 1446 cujus
2205 1380 2364 1434 verba
2406 1389 2535 1436 sunt
2587 1397 2600 1434 :
2643 1401 2662 1433 ι
2700 1381 2930 1438 Etiamsi
2968 1388 3161 1455 pagani
3199 1376 3390 1442 servus

1814 1470 1906 1535 sit,
1951 1473 2033 1526 sic
2087 1472 2441 1537 instituatur,
2484 1484 2542 1528 ut
2584 1475 2808 1529 domino
2858 1476 3072 1546 placere
3127 1479 3274 1540 velit,
3315 1495 3384 1535 ne

1817 1563 1932 1632 ipsa
1964 1562 2214 1616 doctrina
2272 1563 2488 1631 probris
2551 1565 2885 1632 exagitetur.
2937 1565 3015 1620 Ac
3069 1566 3116 1621 si
3161 1568 3384 1635 quidem

1815 1671 2038 1710 uxorem
2074 1657 2258 1721 habet,
2317 1665 2412 1710 aut
2487 1657 2687 1712 mulier
2743 1658 3038 1724 maritum;
3083 1658 3388 1714 doceantur

1813 1748 1892 1802 eis
1925 1763 2048 1803 esse
2121 1749 2386 1802 contenti.
2459 1747 2554 1802 Sin
2616 1751 2968 1804 matrimonio
3003 1753 3240 1820 copulati
3282 1769 3384 1807 non

163 1851 179 1884 ι
219 1831 377 1900 νόμῳ.
404 1827 467 1882 Εἰ
508 1829 566 1882 δὲ
604 1831 632 1882 ὁ
667 1830 934 1901 δεσπότης
967 1829 1132 1886 αὐτοῦ
1164 1830 1389 1894 ἄπιστος
1409 1833 1453 1864 ⁸ο
1485 1830 1582 1898 ὢν,
1620 1831 1707 1888 καὶ

1818 1847 1966 1904 sunt,
2005 1854 2034 1892 a
2081 1840 2377 1894 scortando
2407 1839 2624 1895 discant
2648 1840 2939 1907 abstinere,
2969 1842 3294 1912 nuptiasque
3321 1842 3389 1898 de

155 1923 293 1985 εἰδὼς
321 1922 401 1975 ὅτι
433 1919 712 1992 πορνεύει,
747 1922 807 1975 οὐ
845 1921 1061 1976 δίδωσιν
1113 1921 1262 1993 αὐτῷ
1288 1924 1548 1992 γυναῖκα,
1581 1923 1613 1994 ἢ
1644 1926 1709 1994 τῇ

154 2016 353 2084 γυναικὶ
407 2013 614 2083 ἄνδρα.
665 2012 1052 2083 ἁφοριζέσθω·
1105 2014 1280 2089 ταύτῃ
1320 2014 1416 2087 (ὡς
1468 2015 1707 2086 εἴρηται)

152 2105 390 2175 ἐντυχὼν,
422 2105 711 2176 παρῄνεσα
746 2108 858 2168 τοῖς
905 2105 1230 2172 δεσπόταις,
1259 2107 1552 2176 εὐλογῆσαι
1585 2109 1712 2170 τούς

151 2199 344 2260 οἰκέτας
379 2196 579 2250 αὐτῶν.
624 2196 790 2250 Ἀλλὰ
837 2197 933 2250 καί
976 2197 1148 2269 αὐτὴν
1177 2198 1276 2268 τὴν
1307 2198 1550 2264 διάταξιν
1608 2199 1709 2250 ὐπ-

149 2289 307 2352 ἐὸειξα
324 2287 530 2351 αὐτοῖς.
557 2289 617 2341 Oi
646 2289 722 2350 δὲ,
741 2287 843 2359 τὴν
876 2289 973 2359 μὲν
995 2288 1346 2353 διάταξιν.τοῦ
1386 2290 1707 2343 Ἀποστόλου

149 2381 398 2447 ἐδέξαντο,
429 2378 704 2447 ὡςιὰγίαν
727 2381 831 2438 καὶ,
863 2380 981 2453 Θεῷ
1011 2382 1142 2451 φίλα
1170 2382 1437 2448 λέγουσαν
1461 2397 1476 2413 ·
1512 2382 1708 2435 ἀπελο-

153 2473 329 2542 γοῦντο
357 2472 434 2539 δὲ,
462 2473 550 2525 ὅτι
579 2473 919 2543 Φοϐούμεθα,
965 2476 1012 2528 εί
1042 2476 1241 2528 πεισθιῖ
1254 2492 1352 2544 μεν
1374 2477 1440 2545 τῇ
1461 2473 1707 2540 διατάξει

146 2559 417 2628 εὐλογῆσαι
446 2561 579 2622 τούς
618 2560 860 2626 δούλους,
895 2563 1092 2633 μήπως
1128 2563 1570 2633 ἐλευθερωθῶσιν
1601 2562 1710 2616 ἀπὸ

144 2651 234 2720 τῆς
255 2650 527 2720 εὐλογίας,
561 2652 656 2706 καὶ
703 2654 1059 2725 στερηθῶμεν
1090 2653 1190 2722 τῆς
1219 2655 1400 2708 αὐτῶν
1435 2655 1702 2718 δουλείας.

147 2742 315 2796 Ταῦτα
369 2743 585 2801 τούτων
628 2743 956 2811 λαλούντων,
1003 2746 1152 2817 ἥμην
1205 2746 1366 2802 πάλιν
1416 2747 1705 2816 ἐναγώνιος

145 2832 267 2904 πρὸς
314 2832 377 2886 τὸ
412 2833 953 2906 προκείμενοναΚ-αὶ
978 2834 1128 2907 ὅμως
1159 2836 1334 2892 mihi
1357 2831 1704 2904 σπουδάσας,

141 2918 286 2991 εὗρον
340 2927 438 2982 καὶ
500 2926 599 2980 τοῦ
665 2929 1128 2998 τρισμακαρίστου
1195 2930 1490 3001 βασιλέως,
1534 2929 1704 3003 κυροῦ

152 3012 374 3082 Ἀλεξίου
408 3016 638 3086 νεαρὰν,
693 3017 1021 3072 κελεύουσαν
1061 3019 1399 3090 εὐλογεῖσθαι
1434 3021 1559 3085 τούς
1580 3022 1704 3076 δού-

138 3109 270 3172 λους,
301 3109 395 3163 καὶ
427 3109 615 3179 μένειν
645 3109 841 3175 αὐτοὺς
871 3112 1032 3166 πάλιν
1060 3112 1279 3178 δούλους
1302 3116 1393 3168 καὶ
1441 3116 1579 3185 μετὰ
1605 3115 1703 3184 τὴν

1814 1932 1945 2001 legis
1986 1931 2306 2001 priescripto
2352 1932 2699 1986 contrahere.
2743 1950 2762 1982 ι
2801 1930 2956 1997 Quod
3016 1932 3062 1988 si
3105 1932 3382 1994 dominus,

1811 2023 2023 2076 alienus
2049 2040 2075 2076 a
2114 2023 2218 2076 title
2247 2030 2310 2086 ³³,
2358 2038 2481 2077 cum
2517 2038 2734 2078 servum
2782 2023 3011 2079 scortari
3046 2023 3213 2088 norit,
3275 2039 3384 2078 non

1809 2117 1904 2172 dat
1945 2116 1994 2172 ei
2027 2116 2339 2186 conjugem,
2393 2116 2479 2170 vel
2510 2117 2766 2171 maritum
2803 2117 3043 2183 mulieri,
3077 2125 3381 2185 separator:

1808 2207 1910 2260 hoc
1945 2207 2112 2275 igitur
2174 2206 2258 2277 (ut
2282 2206 2418 2275 dixi)
2458 2207 2743 2274 perlecta,
2777 2207 2966 2261 monui
2995 2207 3274 2269 dominos,
3324 2209 3385 2259 ut

1807 2297 2241 2353 benedictionem
2298 2298 2474 2352 servis
2561 2298 2677 2353 suis
2761 2297 3195 2366 impertirentur,
3277 2300 3383 2352 hoc

1807 2389 1932 2458 ipso
1952 2398 2222 2459 praecepto
2273 2389 2356 2443 eis
2415 2396 2663 2444 ostenso.
2738 2386 2946 2442 Verum
2996 2388 3073 2442 illi
3100 2396 3384 2471 ιιι-ἱερομιο

1804 2481 2053 2551 Apostoli
2081 2481 2442 2551 comprobato
2467 2489 2724 2550 tanquam
2760 2488 2976 2545 sancto,
3005 2488 3070 2533 et:
3083 2479 3192 2533 Deo
3225 2494 3383 2533 acce-

1804 2579 1894 2643 pta
1934 2572 2278 2641 proferente;
2341 2571 2702 2625 nihilominus
2733 2570 2838 2623 hac
2885 2570 3180 2624 utebantur
3207 2583 3381 2628 excu-

1805 2665 2039 2730 satione,
2101 2665 2251 2734 quod
2301 2664 2474 2718 vereri
2537 2678 2597 2718 se
2669 2661 2940 2725 dicerent,
3003 2661 3050 2716 si
3107 2672 3382 2730 praecepto

1805 2757 2163 2814 benedicendi
2207 2770 2396 2813 servos
2430 2763 2692 2826 parerent
2723 2771 2736 2810 :
2762 2767 2833 2810 ne
2882 2751 2994 2807 illis
3037 2749 3252 2828 ratione
3284 2753 3383 2808 bes

1806 2851 2137 2906 nedietionis
2159 2850 2542 2919 emancipatis,
2589 2849 2692 2919 ipsi
2744 2848 2836 2918 jus
2871 2861 3029 2901 suum
3069 2845 3122 2899 in
3191 2858 3382 2899 servos

1804 2941 2137 2996 amitterent.
2171 2941 2300 3007 Quae
2350 2953 2476 2995 cum
2513 2939 2591 2994 illi
2641 2938 2908 3003 dicerent,
2977 2950 3172 2991 rursus
3230 2934 3287 2988 in
3318 2950 3378 2990 re

1804 3033 2083 3104 proposita
2142 3033 2342 3088 anxius
2391 3033 2738 3086 haesitabam.
2780 3031 3191 3099 Magnotamen
3220 3026 3382 3081 adhi-

1807 3125 1921 3180 bito
1953 3125 2134 3180 studio
2195 3123 2494 3179 felicissimi
2533 3121 2834 3176 memoriae.
2868 3119 3238 3189 imperatoris,
3275 3118 3380 3172 do-

138 3200 394 3268 εὐλογίαν.
441 3200 738 3268 ’Υπέδειεα
761 3201 854 3256 οὖν
882 3202 1087 3275 ταύτην
1115 3204 1321 3268 αὐτοῖς.
1352 3207 1414 3258 Ol
1443 3205 1501 3258 δὲ
1538 3205 1702 3259 πάλιν

1811 3217 1946 3270 mini
1973 3216 2146 3271 Alexii
2177 3214 2458 3269 Novellam
2525 3213 2732 3278 inveni,
2795 3227 2918 3282 qua:
2979 3214 3154 3266 servis
3209 3210 3380 3266 bene-

134 3293 510 3362 ἀπελογούντο,
552 3295 626 3365 μὴ
657 3291 798 3350 εἶναι
847 3295 1056 3366 ταύτην
1099 3297 1202 3368 τὴν
1247 3297 1574 3367 νομοθεσίαν
1606 3297 1702 3352 τοῦ

138 3388 430 3455 μακαρίτου
482 3386 770 3458 βασιλέως.
809 3389 900 3460 Μὴ
933 3389 1071 3460 ἔχων
1109 3389 1204 3442 οὖν
1241 3389 1293 3442 τί
1327 3391 1704 3457 ποιῆσαι,δέο-

136 3495 224 3546 μαι
257 3480 355 3551 τῆς
403 3481 508 3552 σῆς
559 3480 891 3550 ἁγιωσύνης,
920 3481 1005 3534 ἴνα
1055 3483 1105 3534 εἰ
1161 3481 1377 3553 ἀληθῶς
1411 3484 1446 3553 ὴ
1477 3483 1702 3555 τοιαύτη

131 3572 289 3642 νεαρὰ
313 3573 447 3646 παρ’
475 3573 688 3627 ἐκείνου
733 3578 990 3642 γέγονεν,
1018 3574 1244 3634 ὄπισθεν
1291 3574 1703 3646 ἐπικυρωθῆναι

125 3663 186 3716 δι’
217 3665 542 3737 ἐπιγραφῆς
594 3666 713 3736 σῆς,
752 3667 849 3719 καὶ
893 3666 1242 3737 ὑπογραφῆς,
1271 3666 1362 3719 διὰ
1401 3667 1498 3737 τῆς
1539 3668 1703 3736 ἁγίας

127 3756 298 3826 χειρός
355 3775 477 3820 σου,
519 3758 653 3828 πρὸς
713 3758 972 3814 σύστασιν
1026 3760 1122 3811 καὶ
1173 3759 1548 3830 πληρορορίαν
1589 3761 1701 3815 τῶν

125 3847 496 3904 ἀπιστούντων
509 3851 672 3920 αὐτῇ,
703 3853 798 3902 καὶ
822 3850 1090 3918 ὠφέλειαν
1118 3849 1347 3904 πολλῶν.
1371 3851 1491 3904 Ἐτι
1512 3851 1703 3920 δέομαι

128 3940 312 4009 μαθεῖν
344 3944 504 4012 παρᾶ
551 3943 650 4012 τῆς
677 3941 994 4012 ἁγιωσύνης
1020 3959 1139 4008 σου,
1171 3943 1225 3995 τί
1250 3942 1451 4012 ὀφείλω
1476 3941 1702 4012 ποιῆσαι

121 4035 196 4096 εἰς
246 4031 438 4105 [πρὸς]
484 4035 612 4096 τοὺς
657 4034 756 4087 ἕνα
803 4034 1027 4104 ἔχοντας
1058 4034 1297 4105 οἰκέτην.
1345 4034 1406 4087 Ὀ
1447 4035 1545 4104 μὲν
1592 4033 1703 4106 γὰρ

121 4122 227 4193 ἔχει
263 4126 361 4179 ἕνα
411 4125 639 4192 δοῦλον,
672 4126 768 4180 καὶ
828 4128 902 4198 μὴ
932 4127 1234 4197 δυναμένου
1290 4126 1386 4180 τοῦ
1439 4127 1702 4180 δεσπότου

119 4217 501 4288 ἐξωνήσασθαι
537 4219 633 4273 καὶ
673 4220 890 4290 δούλην,
938 4220 1250 4290 πορνεύειὸ
1278 4219 1466 4283 δοῦλος
1505 4218 1704 4272 ἀπολε-

118 4309 364 4380 λυμένως
393 4313 506 4379 ἔξω
527 4328 540 4341 °
575 4315 601 4365 ὁ
627 4312 684 4365 δὲ
715 4311 932 4382 δούλην,
963 4312 1060 4364 καὶ
1108 4312 1184 4382 μὴ
1229 4311 1529 4381 δυναμένου
1558 4311 1704 4383 ὠνή-

118 4399 313 4454 σασθαι
345 4404 450 4455 καὶ
486 4401 673 4454 δοῦλον
710 4400 804 4456 τοῦ
836 4401 1118 4466 δεσπότου,
1151 4401 1408 4473 πορνεύει
1435 4401 1531 4455 καὶ
1562 4402 1701 4473 αὐτὴ

115 4489 334 4558 ὁμοίιος.
374 4494 490 4546 Καὶ
523 4492 895 4563 αὐτῷῗμαθεῑν
927 4494 1028 4564 τὴν
1077 4493 1176 4565 σὴν
1231 4493 1568 4563 οἰκονομίαν,
1606 4495 1700 4548 καὶ

115 4581 189 4645 τίς
224 4585 256 4654 ἡ
285 4583 569 4655 θεραπεία
595 4588 702 4638 τῶν
735 4584 1022 4650 τοιούτων,
1057 4586 1153 4637 καὶ
1184 4584 1232 4637 εί
1253 4584 1401 4650 ἄξιόν
1427 4587 1544 4638 ἐστι
1575 4585 1700 4648 τούς

113 4675 380 4741 δεσπότας
411 4678 597 4731 αὐτῶν
633 4678 769 4749 μετὰ
797 4679 896 4750 τὴν
926 4679 1108 4749 κρίσιν
1137 4679 1233 4749 τῆς
1268 4677 1592 4748 Ἐκκλησίας
1625 4679 1700 4750 μὴ

110 4769 460 4838 ποιήσαντας
486 4768 795 4840 διόρθωσιν,
836 4769 1170 4840 προσφέρειν
1197 4767 1370 4840 δῶρον
1417 4768 1496 4838 τῷ
1542 4767 1697 4839 Θεῷ·

107 4859 200 4911 καὶ
228 4861 279 4910 εἰ
311 4860 600 4930 ἐνδέχεται
630 4861 727 4914 τον
743 4860 889 4930 ἱερέα
918 4861 1170 4930 δέχεσθαι
1199 4859 1266 4914 τὰ
1294 4860 1498 4914 τούτων
1528 4861 1696 4930 δῶρα,

105 4950 198 5002 καὶ
237 4950 512 5019 μάλιστα,
557 4951 648 5005 ὅτε
703 4952 760 5004 αί
815 4953 1176 5022 πορνεύουσαι
1231 4951 1333 5014 τὰς
1383 4952 1702 5022 προσφορὰς

105 5041 498 5113 ζυμώσουσιν.

1803 3306 2099 3361 dictionem
2157 3303 2426 3373 impertiri
2463 3303 2734 3373 praecipit,
2789 3317 2853 3356 ea
2882 3301 3019 3370 lege,
3050 3309 3176 3370 post
3197 3301 3382 3369 ipsam-

1802 3412 2020 3466 quoque
2073 3395 2508 3450 benedictionem
2556 3403 2612 3447 ut
2653 3392 2796 3448 servi
2853 3401 3135 3447 maneant.
3197 3390 3372 3457 Quam

1801 3502 1925 3542 cum
1953 3487 2034 3541 eis
2083 3493 2630 3545 commonstrassem,
2690 3483 2769 3537 illi
2819 3483 3072 3537 vicissim
3103 3481 3383 3550 praeterie-

1802 3577 1957 3639 bant,
1993 3577 2167 3645 legem
2221 3574 2371 3628 illam
2415 3573 2537 3643 ejus
2572 3572 2944 3641 imperatoris,
2976 3571 3149 3625 beatae
3171 3585 3380 3624 memn-

1803 3668 1918 3734 riae,
1984 3680 2326 3734 nequaquam
2381 3679 2527 3718 esse.
2589 3663 2772 3727 Quare
2831 3675 2955 3714 cum
3002 3659 3130 3730 quid
3198 3671 3378 3728 agam,

1802 3774 1911 3814 non
1957 3757 2227 3821 habeam,
2285 3756 2634 3808 sanctitatem
2689 3764 2836 3807 tuam
2885 3753 3138 3812 obsecro,
3188 3759 3250 3803 ut
3300 3749 3380 3802 si-

1802 3850 2022 3918 quidem
2080 3863 2142 3901 ea
2183 3848 2400 3900 novella
2454 3860 2646 3899 revera
2682 3844 2830 3898 illius
2893 3841 3241 3910 imperatoris
3265 3848 3374 3903 est,

1804 3942 1954 3994 illam
2005 3948 2061 3994 et
2097 3939 2464 4007 inscriptione
2495 3946 2702 3992 sanctzc
2750 3944 2858 3989 tua:
2888 3950 3105 4000 manus,
3139 3941 3195 3986 et
3249 3934 3380 3985 sub-

1804 4030 2104 4100 scriptione
2156 4037 2330 4083 ratam
2383 4027 2554 4083 facias
2587 4045 2601 4080 :
2637 4035 2776 4081 utet
2805 4026 3119 4089 conﬁrmes,
3165 4032 3222 4077 et
3252 4038 3378 4077 cer-

1805 4133 1887 4178 tos
1918 4122 2116 4178 reddas
2157 4135 2272 4186 eos,
2305 4120 2398 4190 qui
2464 4119 2630 4174 ﬁdem
2675 4119 2726 4172 ei
2759 4134 2864 4172 non
2901 4117 3141 4180 habent,
3176 4121 3230 4168 et
3258 4115 3380 4181 plu-

1804 4218 1960 4272 ribus
2016 4215 2214 4285 prosis.
2248 4215 2515 4269 Praeterea
2557 4212 2774 4266 discere
2818 4211 2918 4264 abs
2949 4217 3041 4261 tua
3087 4206 3380 4261 sanctitate

1804 4309 1986 4379 cupio,
2019 4305 2150 4377 quid
2181 4305 2252 4360 de
2310 4305 2378 4360 iis
2407 4302 2680 4372 agendum
2712 4300 2844 4354 mihi
2895 4300 2990 4364 sit,
3025 4299 3119 4367 qui
3150 4297 3374 4351 unicum

1806 4416 2032 4458 servum
2065 4399 2288 4454 habent.
2340 4395 2518 4451 Unius
2562 4394 2709 4449 enim
2745 4395 2890 4448 servi
2910 4391 3166 4446 dominus
3213 4388 3259 4442 si
3294 4386 3378 4438 l‘a-

1805 4495 2062 4550 cultatem
2102 4490 2318 4547 emendi
2342 4488 2602 4544 ancillam
2631 4501 2742 4539 non
2779 4483 2999 4547 habeat,
3054 4483 3222 4535 libere
3241 4493 3374 4533 ser-

1806 4599 1905 4639 vus
1945 4592 2098 4638 extra
2147 4578 2464 4649 conjugium
2532 4583 2814 4632 scortatur
2857 4588 2871 4625 :
2921 4569 3108 4625 itidem
3168 4567 3395 4622 ancillae.

1807 4674 2089 4737 dominus,
2133 4673 2181 4727 si
2222 4670 2538 4725 facultatem
2577 4663 2795 4722 emendi
2861 4677 3078 4718 servum
3115 4675 3224 4713 non
3280 4658 3378 4710 ha-

1804 4764 1954 4827 beat,
1986 4760 2347 4818 consimiliter
2383 4766 2440 4812 et
2469 4759 2586 4827 ipsa
2625 4761 2922 4810 scortator.
2982 4750 3080 4805 His
3116 4765 3218 4818 ego
3245 4764 3382 4802 con-

1806 4857 1992 4921 silium
2053 4864 2206 4908 tuum
2258 4864 2590 4922 cognoscere
2648 4848 2834 4917 cupio,
2870 4852 2924 4900 et
2965 4844 3240 4913 quodnam
3295 4841 3384 4895 his

1808 4948 2115 5004 remedium
2141 4945 2211 4997 sit
2238 4941 2631 4998 adhibedum.
2663 4939 2746 4992 An
2777 4937 2907 4993 item
2935 4935 3018 4990 fas
3059 4934 3131 4990 sit
3183 4933 3378 4987 borum

1808 5041 2082 5102 dominos,
2118 5035 2213 5105 qui
2247 5041 2370 5104 post
2391 5031 2662 5114 judicium
2687 5027 2952 5085 Ecclesia:
2974 5025 3177 5082 nullam
3195 5036 3381 5077 emen-

103 5137 404 5194 dationcm
436 5138 802 5203 instituerint,
836 5137 1183 5192 Deo'munus
1209 5135 1710 5208 ol‘l‘e-rreznnmque
1740 5137 1948 5193 licitum
2010 5130 2102 5193 sit,
2165 5137 2226 5181 ut
2287 5126 2485 5180 horum
2543 5125 2690 5180 dona
2747 5118 3010 5178 sacerdos
3082 5114 3379 5183 suscipiat.

102 5231 434 5295 praesertim
471 5247 592 5287 cum
627 5230 931 5286 oblationes
954 5229 1353 5285 fermentantur
1392 5229 1460 5284 ab
1487 5229 1556 5284 iis
1583 5245 1704 5299 qua:
1751 5223 2087 5284 scortatione
2116 5235 2175 5276 sc
2205 5219 2474 5291 polluunt.

1386 5403 1618 5462 VARl.-E
1662 5401 2055 5463 LECTIONES.

174 5504 224 5536 ”
254 5504 489 5566 πιστός.

170 5630 218 5662 ω
237 5621 484 5683 rectius,
508 5616 700 5688 ﬁdelis.

1639 5724 1870 5780 NOTAE.

171 5826 300 5899 (59)
341 5823 635 5897 Tanquam
672 5830 826 5895 pater
855 5822 1273 5894 spiritualis,dc
1301 5838 1412 5895 quo
1447 5821 1591 5879 infra
1618 5830 1722 5880 sub
1761 5825 1856 5880 lin.
1896 5822 2064 5894 hujus
2086 5820 2238 5880 libri.
