3948 6564
454 355 594 419 1123

1721 353 1752 411 .l
1763 353 1857 412 US
1887 351 2326 414 CANONICUM

3557 353 3704 422 ιιξι

455 469 666 526 Solatia
735 469 939 526 Niceta:
998 469 1287 542 Mitylena’i
1335 466 1712 522 Thessalonica
1745 467 2019 521 antistitis.

2128 469 2320 536 Λύσις
2375 468 2481 524 τοῦ
2553 471 3029 538 Θεσσαλονίκης,
3079 468 3267 538 κυροῦ
3313 465 3539 534 Νικήτα
3593 469 3703 524 τοῦ

522 624 783 692 Quisnam
821 626 922 692 sis,
949 627 1019 681 mi
1054 627 1236 688 homo,
1264 623 1356 695 qui
1390 637 1586 691 magno
1624 638 1689 678 ex
1731 621 2021 678 intervallo

451 716 520 772 de
591 717 677 772 his
719 719 1050 789 interrogas,
1089 717 1340 786 equidem
1375 717 1567 785 ignoro
1616 733 1631 769 :
1663 730 1788 770 cum
1823 724 1877 770 te
1918 729 2021 770 nec

451 811 704 874 viderim,
758 825 858 864 nec
911 810 1184 864 allocutus
1219 809 1346 863 sim.
1408 806 1600 862 Errata
1643 806 1862 876 quidem
1907 806 2019 874 illa,

452 916 574 971 quae
628 903 905 973 suggestio
935 909 1026 956 tua
1079 901 1342 963 continet,
1391 899 1712 970 corrigenda
1769 899 2018 965 veniunt,

451 999 714 1061 tuamque
761 992 828 1047 de
878 993 966 1048 his
1019 992 1505 1063 interrogationem
1537 991 1744 1061 probo;
1779 991 2020 1062 quando-

452 1085 670 1154 quidem
713 1063 901 1139 eorum
959 1093 1202 1155 peccata,
1237 1085 1332 1155 qui
1381 1083 1626 1139 dominis
1687 1083 2018 1148 inserviunt,

451 1175 570 1229 sive
608 1175 719 1230 sint
759 1175 926 1238 servi,
951 1177 1069 1231 sive
1123 1175 1300 1242 liberi,
1342 1175 1427 1230 vel
1461 1176 1646 1245 potius
1668 1177 1714 1229 si
1736 1174 1900 1238 servi,
1925 1181 2021 1228 aut

451 1280 679 1334 prorsus
713 1266 944 1321 alterius
996 1267 1050 1320 in
1088 1275 1376 1336 potestate,
1403 1265 1763 1321 conferuntur
1791 1266 1843 1320 in
1871 1265 2020 1337 ipsos

452 1355 899 1426 patresfatuilias,
957 1356 1005 1412 si
1069 1357 1194 1426 quis
1257 1357 1408 1413 omni
1480 1357 1666 1412 studio
1723 1355 1792 1410 de
1843 1355 2022 1410 corri-

449 1448 643 1521 gendis
692 1464 773 1503 ets
820 1465 928 1504 non
995 1451 1219 1519 cogitet.
1256 1449 1409 1515 Quod
1461 1450 1508 1506 si
1572 1463 1676 1503 nec.
1730 1447 2019 1503 manifesta

452 1550 602 1604 sunt,
667 1541 774 1596 Deo
823 1542 1088 1596 rationem
1144 1540 1332 1597 reddet
1363 1542 1430 1609 is,
1478 1541 1570 1611 qui
1619 1556 1682 1596 ea
1706 1541 2016 1596 committit:

452 1630 538 1686 sin
595 1631 909 1696 manifesta,
943 1635 1336 1702 paterfamilias
1365 1635 1497 1704 :qui
1549 1635 1765 1703 quidem
1802 1647 1866 1687 ea
1916 1631 2018 1686 loci

450 1721 570 1790 ejus
601 1723 850 1777 ecclesia:
883 1723 1192 1792 patefacere
1246 1724 1429 1790 debet,
1475 1733 1532 1780 ut
1559 1732 1675 1777 tum
1703 1723 2017 1792 episcOpus,

2697 543 3132 608 Μιτυληναίου.

2193 632 2290 696 Τίς
2315 632 2412 703 μέν
2439 629 2509 697 εἷ,
2528 634 2806 706 ἄνθρωπε,
2825 634 3023 703 ἀγνοῶ,
3049 636 3078 687 ὁ
3108 633 3281 689 ταῦτα
3314 632 3613 703 ἐπερωτῶν
3640 633 3706 685 ἐκ

2125 722 2336 792 μακροῦ
2359 724 2748 794 διαστήματος,
2783 724 2924 793 μήτε
2975 721 3102 776 ίδὼν
3157 739 3242 784 σε,
3272 719 3412 792 μῆτε
3461 720 3704 791 ἐντυχών

2123 827 2226 868 σοι.
2271 810 2360 878 Ἐξ
2391 813 2636 882 ἀνάγκης
2665 811 2720 865 δέ
2747 811 2784 866 ἀ
2811 810 3168 881 διαλαμϐάνει
3214 811 3247 882 ἡ
3273 809 3579 882 ὑπόμνησίς
3608 826 3704 862 σου

2128 901 2449 972 σφάλματα,
2492 902 2788 972 διορθωτέα
2815 901 2941 956 ιίπί.
2971 901 3080 954 Kal
3106 899 3445 970 ἀποδέχομαι
3478 915 3572 952 σου
3603 899 3703 967 τὴν

2124 996 2254 1064 περὶ
2300 995 2507 1049 τούτων
2562 994 2856 1067 ἐρώτησιν,
2907 994 2990 1048 ὅτι
3041 993 3109 1048 τά
3159 993 3540 1064 ἁμαρτήματα
3594 991 3703 1044 τῶν

2127 1087 2548 1158 ὑπηρετούντων
2597 1090 2711 1152 τοῖς
2757 1087 3068 1152 δεσπόταις,
3127 1087 3238 1139 εἴτε
3285 1084 3465 1140 δούλοί
3517 1085 3655 1136 εἰσιν
3681 1122 3699 1147 ,

2121 1180 2230 1233 εἴτε
2276 1179 2574 1250 ἐλεύθεροι,
2637 1181 2733 1234 καὶ
2783 1179 2985 1251 μᾶλλον
3045 1178 3095 1232 εί
3127 1177 3324 1242 δοῦλοι,
3361 1177 3395 1248 ἢ
3431 1177 3570 1240 ὅλως
3604 1177 3699 1228 ὑπ-

2125 1269 2360 1334 εξούσιοι
2416 1270 2511 1324 ἐπὶ
2562 1271 2689 1334 τοὺς
2711 1269 3097 1332 οίκοδεσπότας
3139 1268 3428 1338 φέρονται,
3459 1267 3579 1333 εἴγε
3629 1265 3700 1336 μὴ

2121 1363 2393 1425 παντοίως
2427 1362 2704 1431 φροντίζοι
2729 1379 2815 1424 τις
2843 1364 2946 1432 τῆς
2961 1359 3165 1413 τούτων
3193 1358 3561 1430 διορθώσεως.
3597 1358 3699 1410 Καὶ

2120 1455 2170 1508 εί
2211 1454 2308 1522 μὲν
2333 1455 2468 1507 εἰσιν
2506 1453 2709 1523 ἀφανῆ,
2732 1452 2812 1523 τῷ
2834 1451 2953 1521 Θεῷ
2979 1450 3140 1504 δώσει
3168 1449 3369 1520 λόγονδ
3394 1451 3652 1521 πράττων
3680 1461 3696 1480 ⁸

2121 1546 2170 1598 εί
2199 1545 2254 1598 δὲ
2298 1545 2529 1616 φανερὰ,
2570 1546 2600 1598 ὁ
2651 1544 3058 1614 οἰκοδεσπότης.
3099 1543 3195 1606 Ὃς
3241 1542 3337 1596 καὶ
3385 1539 3602 1610 ὀφείλει
3634 1541 3697 1608 τῇ

2123 1642 2264 1695 κατά
2304 1643 2469 1695 τόπον
2492 1641 2761 1712 ἐκκλησίᾳ
2786 1639 2960 1693 ταῦτα
2990 1635 3277 1710 φανεροῦν,
3305 1635 3394 1689 ἴνα
3424 1634 3455 1687 ὑ
3481 1633 3702 1688 ἐπίσκο·

2123 1749 2224 1794 πος
2247 1734 2338 1786 καὶ
2367 1733 2416 1786 ol
2445 1733 2625 1786 ἐκεῖσε
2652 1732 2816 1802 ἱερεῖς
2842 1732 2936 1784 καὶ
2965 1729 3192 1800 μοναχοὶ
3216 1727 3343 1797 περὶ
3365 1726 3473 1796 τῆς
3497 1728 3699 1779 τούτων

450 1819 566 1864 tum
619 1810 730 1866 illic
781 1813 1065 1868 constituti
1125 1814 1440 1870 sacerdotes
1507 1828 1572 1869 ac
1617 1813 1894 1878 monachi,
1953 1812 2019 1867 de

2124 1818 2460 1888 διορθώσεως
2489 1816 2882 1902 ἀγωνίζωνται.
2915 1819 3048 1871 Τότε
3080 1819 3189 1889 γάρ
3228 1816 3257 1868 ὁ
3285 1813 3697 1883 οἰκοδεσπότης,

450 1903 790 1973 corrigendis
817 1904 924 1959 illis
979 1905 1198 1962 solliciti
1261 1907 1393 1961 sint.
1466 1906 1678 1976 Qttippe
1721 1916 1850 1961 tunc
1898 1905 2020 1960 loco

450 2005 554 2047 suo
597 1993 950 2064 castigandus
986 2005 1073 2051 est
1126 1997 1538 2065 paterfamilias,
1582 2005 1637 2050 et
1669 1997 1738 2052 ab
1785 1997 2023 2052 ecclesia

451 2085 814 2155 scparandus,
873 2103 994 2142 cum
1026 2089 1339 2144 admonitus
1375 2092 1712 2160 negligenter
1753 2107 1812 2147 se
1856 2091 2019 2162 gerit,

451 2192 552 2234 nec
577 2179 646 2234 ad
679 2180 1116 2237 emendationem
1157 2182 1338 2237 delicti
1395 2182 1525 2238 facit
1557 2183 1765 2246 omnia,
1795 2200 1917 2253 qua:
1948 2183 2019 2237 ab

452 2271 573 2343 ipso
617 2275 990 2343 requiruntur.
1050 2274 1236 2345 Itaque
1291 2290 1413 2330 cum
1477 2275 1714 2345 alicujus
1765 2277 1910 2332 servi
1965 2285 2021 2330 et

450 2363 664 2418 ancillae
693 2373 1033 2432 scortantur,
1061 2365 1238 2436 deque
1262 2367 1363 2422 hoc
1393 2365 1572 2422 factus
1603 2368 1804 2423 certior
1830 2381 2019 2423 eorum

451 2454 729 2518 dominus.
760 2471 870 2512 non
899 2457 1050 2511 omni
1118 2457 1282 2512 modo
1340 2466 1624 2528 peccatum
1663 2460 1715 2514 id
1750 2460 2020 2529 corrigit,

454 2553 625 2616 utque
679 2563 857 2604 sacra:
894 2549 1294 2606 benedictionis
1341 2552 1636 2620 participes
1683 2550 1835 2614 flant,
1894 2566 2021 2621 per-

452 2639 643 2702 mittit,
680 2641 1078 2711 segregationis
1105 2657 1321 2711 pinnam
1367 2655 1628 2707 meretur,
1661 2642 1816 2714 juxta
1835 2657 2024 2699 sacros

454 2743 522 2790 ac
586 2729 807 2810 divinos
861 2746 1123 2799 canones,
1160 2734 1238 2788 uti
1294 2743 1351 2787 tu
1399 2748 1619 2804 quoque
1668 2744 2023 2805 peraccurate

455 2821 782 2878 disserendo
812 2825 1282 2880 commonstrasti.
1318 2823 1546 2881 Frustra
1602 2842 1731 2882 vero
1766 2835 2018 2882 metuunt

453 2912 704 2979 domini,
749 2930 820 2971 ne
871 2916 915 2974 si
965 2929 1203 2986 potestas
1269 2917 1408 2972 facta
1467 2903 1633 2974 fuerit
1689 2921 1896 2984 servis,
1959 2929 2023 2976 ut

455 3007 854 3066 interveniente
906 3010 1288 3066 benedictione
1356 3011 1614 3082 legitimis
1669 3027 1795 3067 cum
1831 3014 2023 3068 uxori-

456 3095 580 3161 bus,
651 3100 734 3154 vel
817 3116 944 3155 cum
1001 3103 1212 3156 maritis
1257 3103 1467 3156 ancilla:
1525 3104 1866 3173 copulentur,
1919 3104 2018 3174 ipsi

454 3190 744 3260 mancipiis
801 3192 917 3247 suis
974 3193 1266 3256 excidant,
1331 3210 1394 3248 ac
1456 3194 1502 3248 si
1563 3196 1852 3265 conceptio
1885 3211 2019 3264 pre-

453 3294 579 3336 cum
634 3296 918 3338 sacrarum
962 3301 1056 3339 eos
1089 3287 1140 3339 iu
1195 3286 1500 3340 libertatem
1549 3285 2024 3356 raperet.Quippe

454 3380 665 3429 metum
729 3375 874 3431 hunc
909 3377 989 3432 eis
1023 3378 1252 3432 abstulit
1296 3379 1537 3449 inclytus
1573 3378 1873 3448 imperator
1907 3379 2021 3444 ille,

454 3462 715 3520 dominus
766 3466 990 3521 Alexius
1009 3483 1109 3537 per
1169 3469 1442 3522 novellam
1486 3469 1554 3522 ab
1601 3468 1863 3522 Ecclesiis
1927 3482 2025 3538 ap-

454 3553 762 3622 probatam.
791 3554 1026 3626 Ideoque
1079 3573 1148 3612 ne
1175 3559 1316 3613 servi
1356 3568 1686 3623 scorteutur,
1743 3566 2023 3627 receptum

454 3652 558 3703 est.
621 3653 679 3696 ut
728 3645 1109 3702 benedictione
1148 3663 1305 3703 sacra
1336 3664 1583 3718 persona:
1607 3649 1832 3704 serviles
1856 3664 2027 3720 copu-

457 3731 652 3797 lentur,
708 3748 773 3787 ac
836 3735 1192 3791 nihilominus
1249 3738 1497 3792 servituti
1538 3740 1646 3792 sint
1715 3739 2018 3794 obnoxias:

457 3839 638 3892 neque
695 3825 898 3880 domini
940 3842 1161 3882 causam
1224 3829 1388 3884 ullam
1450 3829 1671 3897 habent,
1727 3833 2022 3901 quominus

453 3929 642 3970 servus
717 3933 848 3974 suos
896 3920 1134 3989 legitime
1193 3938 1315 3979 cum
1371 3924 1588 3978 ancillis
1627 3925 1913 3990 uxoribus,
1969 3934 2022 3979 et

451 4007 684 4061 ancillas
726 4024 849 4064 cum
903 4013 1079 4068 servis
1131 4015 1368 4076 maritis,
1430 4015 1827 4072 interveniente
1863 4033 2021 4073 sacra

452 4094 854 4163 benedictione,
889 4103 1147 4172 copulent
1170 4121 1184 4156 :
1209 4105 1476 4174 adeoque,
1503 4106 1558 4160 ni
1592 4105 1811 4173 faciant,
1846 4112 2023 4178 pmuis

451 4191 737 4245 canonicis
770 4191 993 4249 obnoxii
1029 4204 1177 4260 sunt,
1248 4197 1502 4252 videlicet
1546 4201 2020 4270 segregationibus

450 4289 504 4331 et
563 4283 973 4340 exclusionibus
1036 4301 1065 4339 a
1127 4288 1514 4342 communione
1587 4303 1765 4343 sacra.
1809 4289 2021 4346 Talium

451 4384 672 4438 quoque
742 4388 1103 4442 personarttm
1162 4375 1473 4434 oblationes
1537 4381 1863 4450 recipienda:
1913 4398 2020 4436 non

2121 1908 2278 1978 εἴπερ
2309 1907 2537 1978 ἀμελοίη
2567 1906 2961 1978 ὑπομνησθεὶς,
2984 1906 3082 1960 καὶ
3106 1905 3226 1977 οὑχὶ
3247 1907 3316 1960 τὰ
3337 1906 3474 1976 παρ’
3503 1903 3700 1957 ἑαυτοῦ

2121 1999 2301 2052 πάντα
2328 2001 2472 2052 ποιεί
2496 1999 2634 2070 πρὸς
2671 1998 2979 2068 διόρθωσιν,
3020 1998 3368 2067 ἐπιτιμητέος
3395 1997 3522 2050 ἐστὶ
3565 1995 3703 2048 κατὰ

2119 2089 2220 2158 τὴν
2244 2086 2410 2142 αὑτοῦ
2438 2087 2618 2154 τάξιν,
2634 2089 2729 2141 καὶ
2757 2086 3108 2158 ἀφοριστέος.
3147 2087 3274 2139 Ὀτε
3307 2084 3441 2153 γοῦν
3463 2083 3702 2138 οίδοῦλοι

2121 2177 2216 2229 καὶ
2237 2176 2295 2228 αἱ
2319 2175 2554 2239 δουλίδες
2579 2175 2724 2238 τινος
2751 2174 3095 2245 πορνεύουσι,
3124 2173 3220 2228 καὶ
3249 2173 3462 2244 εἴδησιν
3490 2171 3704 2241 λαμϐἀο

2119 2282 2228 2318 νων
2282 2265 2310 2318 ό
2338 2263 2528 2335 κύριος
2581 2264 2799 2329 αὑτῶν,
2829 2265 2891 2317 οὑ
2945 2265 3216 2326 παντοίως
3268 2261 3588 2332 διορθοῦται
3639 2260 3702 2314 ab

2118 2351 2357 2409 τοιοῦτον
2381 2353 2707 2424 ἁμάρτημα,
2737 2353 2832 2405 καὶ
2869 2352 3153 2423 ἐπιτρέπει
3177 2351 3325 2421 αὑτῷ
3347 2351 3393 2382 ⁸⁸
3426 2351 3532 2420 τὴν
3566 2350 3701 2418 ἱερο-

2119 2441 2330 2510 λογίαν,
2361 2439 2670 2512 ἀφορισμοῦ
2705 2443 2854 2494 ἐστιν
2875 2438 3030 2505 ἀξιος
3056 2442 3197 2494 κατά
3221 2440 3349 2502 τοὺς
3388 2438 3573 2509 ίεροὺς
3611 2438 3700 2492 καὶ

2121 2535 2301 2599 θείους
2349 2533 2620 2598 κανόνας,
2652 2531 2838 2596 καθὼς
2891 2532 2990 2586 καὶ
3039 2531 3205 2593 αὑτὸς
3250 2530 3698 2602 ὴκριδολογήσω.

2133 2622 2340 2679 Ἐκεῖνο
2385 2625 2443 2680 δὲ
2484 2623 2662 2696 μάτην
2692 2622 3059 2678 ὑποπτεύεται
3085 2622 3237 2692 παρά
3261 2623 3374 2675 τῶν
3394 2621 3698 2686 δεσποστῶν,

2119 2717 2203 2770 ὃτι
2240 2717 2335 2769 ἐὰν
2376 2716 2804 2787 συγχωρηθῶσιν
2825 2716 2876 2768 οί
2900 2713 3076 2768 δοῦλοι
3103 2712 3518 2785 ίερολοτηθῆναι
3567 2714 3701 2783 μεεά

2119 2809 2395 2878 γυναικῶν
2435 2809 2705 2880 νομίμων,
2733 2809 2766 2880 ἢ
2805 2809 2862 2862 αι
2888 2807 3124 2871 δουλίδες
3149 2807 3287 2878 μετά
3309 2806 3547 2879 ἀνδρῶν,
3575 2805 3702 2869 τοὺς

2121 2901 2353 2964 οἰκείους
2397 2900 2614 2966 οἰκέτας
2648 2900 3046 2955 ἀπολίσουσινο
3101 2899 3177 2964 ὡς
3224 2898 3325 2968 τῆς
3385 2898 3696 2969 ίερολοτίας

2123 2992 2478 3063 ἀρπαζούσης
2504 2993 2702 3056 αὑτοὺς
2729 2994 2812 3056 είς
2847 2991 3179 3064 ἐλευθερίαν.
3207 2991 3426 3062 Ταύτην
3458 2993 3571 3062 γὰρ
3603 2991 3700 3061 τὴν

2122 3087 2356 3157 ὑποψίαν
2404 3087 2611 3140 ἀνεῖλεν
2642 3085 2938 3156 ὁάοίδιμος
2961 3083 3212 3154 βασιλεὺς
3256 3083 3425 3154 κῦρος
3462 3083 3701 3146 ’Δλέξιος

2047 3150 2091 3208 ο
2124 3177 2212 3232 διὰ
2241 3150 2462 3248 νεαρᾶς,
2497 3177 2564 3248 ην
2589 3177 2685 3230 και
2715 3176 2774 3229 al
2809 3150 3098 3246 ἐκκλησίαι
3125 3150 3398 3238 ἐδέξαντο.
3441 3173 3555 3228 Καὶ
3595 3173 3702 3224 λοι-

2127 3270 2226 3324 πὸν
2259 3269 2345 3323 ίνα
2380 3268 2455 3340 μὴ
2489 3267 2826 3340 πορνεύωσιν
2851 3268 2902 3322 οί
2930 3266 3127 3334 δοῦλοι,
3162 3267 3360 3336 ἐδέχθη
3394 3266 3459 3320 τὸ
3498 3265 3702 3337 ἱερολοο

2125 3362 2340 3432 γεῖσθαι
2403 3362 2474 3416 τά
2526 3361 2749 3416 δουλικά
2800 3361 3107 3433 πρόσωπα,
3156 3362 3249 3414 καὶ
3303 3360 3492 3428 μένειν
3541 3358 3700 3412 πάλιν

2126 3455 2233 3510 ὑπὸ
2257 3457 2355 3526 τὴν
2386 3453 2654 3509 δουλείαν.
2687 3455 2799 3508 Kal
2827 3453 3084 3523 οὐδεμίαν
3119 3453 3333 3523 ἔχουσιν
3358 3453 3409 3504 oi
3441 3451 3696 3503 δεσπόται

2126 3551 2397 3620 πρόφασιν
2426 3551 2506 3612 είς
2549 3547 2610 3600 τδ
2655 3545 2730 3618 μὴ
2759 3546 3110 3615 συζευγνύειν
3145 3547 3274 3608 τοὺς
3307 3545 3547 3607 οἰκείους
3577 3542 3693 3597 δούο

2125 3641 2252 3703 λους
2280 3641 2527 3712 νομίμως
2552 3641 2672 3703 ταῖς
2701 3638 2917 3702 δούλαις
2940 3637 3179 3707 γυναιξὶ,
3203 3637 3299 3690 καὶ
3321 3636 3422 3698 τὰς
3449 3635 3698 3697 δουλίδσς

2125 3734 2348 3802 ἀνδράσι
2392 3733 2601 3795 δούλοις
2655 3732 2796 3801 μετά
2851 3731 3172 3802 ίερολογίας.
3210 3731 3318 3782 Kal
3354 3730 3406 3783 εί
3438 3728 3518 3799 μὴ
3545 3727 3701 3780 τοῦτο

2125 3824 2393 3888 ποιοῦσιν,
2425 3823 2716 3878 ὑπεύθυνοί
2745 3825 2851 3876 εἰσι
2875 3827 2986 3887 τοῖς
3020 3824 3331 3886 κανονικοῖς
3371 3823 3694 3892 ἐπιτιμίοις,

2125 3917 2291 3986 ἤγουν
2321 3918 2648 3988 ἁφορισμοῖς
2685 3917 2779 3969 καὶ
2819 3915 3260 3985 ἀκοινωνησίαις.
3285 3913 3407 3968 Τῶν
3437 3915 3498 3968 δὲ
3526 3912 3698 3966 τοιού-

2121 4025 2252 4072 των,
2283 4007 2402 4061 οὑδὲ
2433 4010 2488 4061 αἱ
2519 4009 2830 4079 προσφοραὶ
2881 4008 3091 4074 δεκταὶ,
3116 4008 3222 4071 ἕως
3257 4007 3324 4062 ἂν
3355 4007 3696 4078 διορθὼσων-

2123 4117 2234 4156 ται.
2300 4099 2463 4152 Ἀλλὰ
2510 4099 2607 4153 καὶ
2661 4101 2711 4153 οἱ
2758 4099 3230 4169 ἐπιτετραμμένοι
3293 4100 3580 4168 ἐπιτηρεῖν
3631 4097 3697 4149 τὰ

2123 4194 2348 4246 τοιαῦτα
2387 4192 2485 4245 καὶ
2519 4191 2726 4263 διορᾷν,
2749 4195 2798 4244 εἰ
2831 4191 2905 4261 μὴ
2934 4190 3093 4244 τοῦτο
3139 4189 3372 4253 ποιοῦσι,
3405 4190 3503 4242 καὶ
3546 4190 3698 4242 αὐτοὶ

2121 4286 2232 4346 τοῖς
2264 4283 2428 4354 ἱεροῖς
2472 4283 2689 4335 κανόσιν
2743 4282 3038 4335 ὑπεύθυνοι
3083 4281 3345 4350 γίνονται.
3384 4281 3445 4333 Ei
3507 4279 3564 4332 δέ
3615 4297 3696 4341 τις

2124 4376 2346 4445 εὐπορεῖ
2393 4373 2513 4437 ἐνὸς
2563 4374 2752 4427 δούλου
2803 4374 2835 4443 ἦ
2883 4373 3160 4436 δουλίδος,
3202 4372 3483 4442 ἀπορεῖδέ
3513 4373 3696 4442 ἕτερον

448 4477 595 4532 ειιιιι,
643 4465 816 4520 donec
878 4469 1252 4538 corrigantur.
1316 4470 1458 4538 Q‘tin
1509 4475 1672 4528 etiam
1709 4475 1767 4540 ii,
1817 4476 2019 4545 quibus

2126 4465 2427 4536 κτήσασθαι
2455 4464 2592 4534 πρὸς
2641 4464 2702 4516 τὸ
2770 4462 3026 4527 συζεῦξαι
3067 4462 3367 4524 αὑτὸν,καὶ
3419 4462 3509 4515 διὰ
3538 4461 3692 4514 τοῦτο

448 4570 532 4613 est
560 4561 939 4622 commissum,
968 4568 1025 4611 ut
1078 4558 1266 4614 istlmc
1293 4565 1585 4618 observent
1617 4575 1671 4619 et
1696 4565 2012 4635 inspiciant,

447 4652 553 4705 nisi
591 4651 794 4704 faciant
845 4649 1100 4714 ollicium,
1174 4665 1348 4720 pinna:
1409 4669 1692 4709 sacrorum
1745 4672 2016 4712 canonum

448 4757 570 4796 sese
607 4741 840 4795 reddunt
899 4741 1196 4797 obnoxios.
1239 4743 1392 4810 Quod
1457 4748 1503 4801 si
1540 4747 1664 4816 quis
1694 4763 1861 4802 unum
1894 4767 2014 4805 ser-

447 4849 597 4896 vum,
665 4834 751 4888 vel
808 4848 968 4887 unam
1048 4835 1306 4888 ancillam
1365 4838 1747 4906 possidet,.et
1794 4853 2020 4912 propter

448 4922 685 4991 inopiam
717 4934 1042 4992 comparare
1097 4926 1286 4994 nequit
1343 4926 1597 4992 alterum,
1633 4929 1715 4982 vel
1761 4932 2009 4998 a!teram,

445 5029 636 5068 eorum
709 5015 1140 5084 copulandorum
1189 5031 1392 5082 causa,
1425 5018 1670 5094 ideoque
1731 5022 2013 5077 scortaudi

447 5105 718 5160 licentiam
749 5108 1008 5162 concedit
1040 5109 1112 5173 ei,
1148 5124 1308 5178 quem
1344 5123 1580 5178 quamve
1620 5124 1719 5163 sua
1763 5111 1817 5164 iu
1857 5121 2013 5180 pote-

444 5206 582 5253 state
612 5199 771 5253 habet
802 5216 814 5250 :
849 5199 896 5254 is
954 5201 1112 5275 sciat,
1171 5201 1375 5255 idcirco
1442 5216 1502 5255 se
1555 5216 1661 5254 non
1695 5201 1915 5258 liberari
1946 5206 2014 5260 ab

2123 4557 2374 4629 ἀνέχεται
2407 4556 2691 4628 πορνεύειν
2715 4556 2772 4610 ὃν
2805 4557 2938 4626 ἔχει,
2961 4555 2994 4626 ἢ
3015 4555 3082 4626 ἥν
3111 4555 3249 4624 ἔχει,
3279 4555 3384 4608 ὑπὸ
3420 4558 3519 4626 τὴν
3562 4553 3694 4607 [δίαν

2123 4647 2396 4713 ἐξουσίαν,
2429 4648 2562 4702 ἴστω
2591 4647 2665 4712 ὡς
2688 4645 2846 4701 τοῦτο
2891 4647 2996 4700 οὐκ
3044 4645 3302 4700 ἐκϐάλλει
3355 4647 3552 4707 αὐτοὺς
3596 4647 3694 4712 τῆς

2121 4742 2580 4812 ἐκκλησιαστικῆς
2612 4741 2705 4795 καὶ
2722 4741 3009 4810 κανονικῆς
3035 4741 3410 4810 ἐπιτιμήσεως
3436 4754 3451 4767 ·
3478 4739 3579 4790 ἁλά
3602 4738 3694 4789 καὶ

2122 4835 2286 4898 αὑτὸς
2321 4834 2588 4896 παντοίως
2613 4835 2925 4887 ἀπαιτεῖται
2952 4831 3164 4896 διδάξαι
3215 4831 3306 4884 τὸν
3327 4832 3528 4883 οἰκεῖον
3554 4831 3694 4882 οίκὲο

2123 4945 2225 4997 την
2256 4928 2576 4996 σωφρονεῖν,
2603 4923 2636 4994 ἢ
2661 4923 2950 4977 κωλύσει⁶¹
3004 4925 3104 4992 τὴν
3158 4923 3418 4992 πορνείαν
3463 4921 3550 4974 διὰ
3575 4923 3697 4990 τρό-

2122 5036 2223 5073 που
2260 5017 2482 5080 παντὸς,
2523 5017 2685 5088 γάμῳ
2717 5015 3068 5085 ὁπωσδήποτε
3127 5012 3390 5077 συζεύξας
3442 5013 3504 5065 τὸ
3559 5028 3691 5081 stop-

2121 5111 2276 5165 νεῦον
2308 5111 2620 5179 πρόσωπον,
2651 5110 2747 5163 καὶ
2779 5107 2951 5170 οὓτως
3000 5105 3156 5160 ἔσται
3179 5107 3493 5169 ἀνεύθυνος.
3546 5104 3689 5173 Μηνὶ

2123 5203 2503 5274 Σεπτεμϐρίῳ,
2529 5201 2904 5272 ἐπινεμήσεως
2931 5207 3021 5254 ια’.

442 5289 815 5344 ecclesiastica
842 5298 896 5345 et
946 5293 1208 5345 canonica
1260 5307 1468 5361 pmua:
1519 5292 1614 5346 sed
1671 5295 1897 5350 omnino
1946 5296 2016 5351 ab
2052 5298 2172 5368 ipso
2237 5296 2556 5364 requiritur,
2622 5301 2678 5346 ut
2761 5305 2985 5345 servum
3053 5306 3212 5346 suum
3264 5287 3333 5343 ad
3386 5288 3683 5343 castitatem

443 5380 875 5450 condocefaciat,
912 5385 994 5437 vel
1035 5385 1185 5438 omni
1229 5387 1389 5440 modo
1412 5389 1806 5443 scortatiouem
1870 5393 2172 5462 impediat;
2242 5405 2503 5462 persona,
2579 5402 2699 5458 qua
2753 5387 2857 5441 hac
2910 5400 2970 5441 se
3041 5387 3270 5456 polluit,
3327 5383 3397 5438 ad
3455 5379 3681 5450 coniugii

443 5472 610 5541 legem
647 5476 892 5530 astricta.
915 5475 1007 5530 Sic
1030 5478 1175 5530 enim
1203 5479 1376 5548 culpa:
1411 5475 1613 5550 expers
1644 5485 1767 5539 erit.
1812 5483 2007 5540 Datum
2047 5500 2240 5543 mense
2269 5481 2602 5553 Septembri,
2636 5479 2936 5536 indictione
2983 5495 3056 5532 ιι.

510 5563 838 5637 Subscriptio
871 5583 889 5622 :

612 5657 828 5716 Nicetas
853 5661 1257 5721 Thessalonica
1311 5669 1782 5739 metropolitanus.

2252 5577 2291 5643 ὴ
2317 5571 2669 5643 ὑπογραφῆς

2362 5669 2874 5736 Ὀμητροξτολίτης
2908 5664 3363 5734 attactum-{xm
3411 5660 3670 5730 Νικήταςο

1750 5789 1979 5845 VARLE
2017 5787 2416 5843 LECTIUAES.

527 5875 570 5908 ‘°
601 5875 800 5931 αὑτῶν.
878 5876 918 5908 ⁶¹
943 5876 1205 5932 κωλῦσαι.
