3948 6566
214 309 356 376 Πεὶό

1497 296 1764 378 Gnaeo
1800 320 2207 383 ROMANUM.

3327 333 3464 401 “26

212 422 327 477 Τοῦ
360 420 1556 507 yoxaptwtd{ou'dgztsmgxgaonundino
1591 427 1776 479 Βουλ-

1886 426 2625 507 Beulissintt;gfgltiepfscopi
2645 436 2851 507 Julius
2918 437 3189 507 Bulgaria:
3241 437 3461 497 Domini

277 494 516 561 γαριας,
547 492 736 559 κυβοῦ
766 493 1199 546 ΔΗΜΗΤΡΙοΥ
1230 495 1359 546 ΤΟΥ
1390 496 1783 549 ΧΩΜΑΤΕΜ-

275 566 377 618 ΝΟ
392 565 449 629 Υ,
480 563 790 632 σημείωμα
813 561 946 631 περὶ
985 561 1093 617 τοῦ
1117 564 1387 618 τοιούτου
1432 563 1785 634 ζητήματος.

272 692 748 761 Μεγαλοδνςὸτατε
795 692 1131 764 περιπόθητέ
1172 711 1263 766 μοι
1299 694 1621 767 αὐτάδελφε,
1651 697 1785 768 κῦρε

199 783 470 852 Στέυανε,
519 781 813 852 ἠρώτησας
874 782 1022 853 ἡμᾶς
1074 781 1161 835 διὰ
1198 782 1525 853 γράμματός
1572 800 1689 847 σου,
1738 783 1786 836 εί

198 873 386 940 ἔξεστι
431 872 661 944 μιγέντα
705 873 812 925 τινὶ
858 873 1107 941 γυναικὶ,
1142 872 1489 943 συμμιγῆναι
1533 873 1786 944 γαμικῶς

196 969 268 1036 τῇ
296 964 516 1035 ἐκείνης
544 963 923 1035 δισεξαδέλφῃ.
950 963 1061 1017 Καὶ
1084 962 1219 1033 πρὸς
1243 964 1344 1033 τὴν
1369 958 1621 1034 τοιαύτην
1644 965 1784 1034 ἐρὼ-

193 1071 386 1126 τησιν,
417 1054 627 1109 τοιάνδε
660 1052 966 1124 ποιούμεθα
979 1053 1078 1125 τὴν
1110 1052 1423 1123 ἀπόκρισιν,
1444 1053 1518 1116 ὡς
1538 1055 1597 1107 τὸ
1613 1055 1785 1108 τοιοῦ-

195 1163 294 1202 τον
326 1143 679 1216 συνάλλαγμα
711 1147 807 1200 καὶ
840 1146 933 1200 ἐπὶ
966 1144 1075 1199 τῶν
1123 1145 1350 1217 ἡμερῶν
1393 1145 1486 1199 τοῦ
1517 1145 1785 1218 βασιλέως

192 1237 297 1293 τοῦ
347 1238 858 1311 πορφυρογεννήτου
920 1237 1091 1310 κυροῦ
1131 1238 1394 1296 Marcet).
1425 1279 1440 1303 ,
1491 1238 1587 1293 καὶ
1644 1239 1785 1307 μετά

191 1327 400 1395 ταῦτα,
425 1331 507 1384 ὅτι
531 1331 608 1400 εἷς
646 1328 844 1401 πολλὴν
863 1328 1170 1398 ἀντιλογίαν
1203 1329 1456 1382 ἐνέπεσεν
1479 1344 1495 1361 ’
1521 1328 1595 1393 ὡς
1624 1329 1781 1383 ὲνὶων

194 1421 304 1490 μὲν
352 1421 806 1491 ἀπαγορευόντων
858 1420 990 1475 αὐτὸ
1033 1421 1110 1484 ὠς
1162 1419 1443 1491 ἀθέμιτον,
1508 1420 1665 1474 ἐνίων
1723 1421 1780 1474 δὲ

193 1514 275 1583 μὴ
316 1513 692 1583 ἀπειργόντων
731 1511 888 1565 τοῦτο
923 1511 998 1576 ὡς
1028 1511 1276 1582 ἔννομον.
1318 1513 1427 1565 Καὶ
1453 1513 1505 1565 ol
1539 1511 1637 1584 μὲν
1671 1530 1779 1565 κω-

190 1604 426 1667 λύοντες
477 1603 655 1668 τοῦτο,
688 1603 787 1675 τὴν
842 1603 1051 1657 οἰκείαν
1109 1603 1363 1658 ἔνστασιν
1421 1603 1777 1672 συνεκρότουν

189 1698 258 1751 ἐκ
287 1715 350 1751 τε
382 1695 580 1761 ἀλλων,
616 1695 712 1751 καὶ
740 1698 804 1750 ὲκ
827 1695 920 1749 τοῦ
959 1695 1361 1764 διαγινώσκειν,
1398 1696 1513 1759 stt;
1549 1695 1758 1765 βαθμοῦ

188 1790 492 1861 τυγχάνειν
519 1789 612 1845 τὸν
647 1790 819 1862 ἀνδρα
855 1787 995 1860 ρετά
1019 1788 1121 1858 τῆς
1151 1789 1434 1858 γυναικός.
1459 1790 1570 1843 Καὶ
1602 1787 1776 1853 οὕτως
1807 1782 1849 1838 Β

188 1882 291 1936 τὸν
325 1882 488 1936 ’ἕκτον
527 1880 734 1953 βαθμὸν
782 1882 892 1936 τῶν
933 1880 1330 1950 δισεξαδέλφων
1381 1880 1569 1951 μένειν
1646 1877 1779 1933 ἀκέ-

192 1980 359 2044 ραιον
408 1971 815 2044 συνεπέραινον,
870 1971 1136 2043 μηδαμῶς
1193 1971 1393 2043 δηλαδὴ
1460 1973 1526 2044 τῇ
1588 1971 1773 2024 ἐπεισ-

189 2067 393 2135 αγωγῇ
427 2065 521 2118 τοῦ
567 2064 757 2137 ἀνδρὸς
818 2064 1429 2136 παρατιτρωσκόμενον,
1470 2063 1609 2116 ὥστε
1635 2064 1775 2118 ἀνα-

187 2159 406 2213 ϐαίνειν
460 2159 540 2222 εἰς
589 2156 839 2227 ἕϐδομον,
869 2156 958 2211 τὸν
1018 2158 1128 2218 τοῖς
1167 2154 1331 2219 θείοις
1354 2156 1538 2227 νόμοις
1567 2155 1778 2209 ἀκώλυ-

186 2268 286 2303 τον
320 2247 846 2318 ἐπιγινωσκόμενον.
883 2248 988 2301 Ναὶ
1016 2246 1125 2318 μὴν
1154 2250 1249 2301 καὶ
1279 2249 1343 2300 ὲκ
1368 2246 1460 2301 τοῦ
1497 2246 1773 2318 γραφικοῦ

188 2339 343 2393 θείου
377 2339 646 2409 ῥήματος,
685 2336 776 2391 τοῦ
821 2337 1200 2407 θεσπίζοντος,
1227 2338 1341 2391 Οὐκ
1391 2336 1672 2412 είσελεύσῃ
1696 2339 1775 2403 είς

188 2435 376 2486 πάντα
402 2431 604 2485 οἰκεῖον
638 2428 838 2500 σαρκός
862 2446 977 2492 σου,
1017 2429 1363 2500 ἀποκαλύψαι
1386 2429 1774 2501 ἀσχημοσύνην

187 2522 390 2579 αὐτοῦ.
427 2520 650 2576 υὶκείαν
681 2520 884 2592 σαρκὸς
905 2519 997 2574 τοῦ
1022 2519 1238 2593 ἀνδρὸς,
1268 2519 1366 2592 τὴν
1387 2519 1773 2595 δισεξαδέλφην

187 2616 294 2685 τῆς
344 2613 442 2686 (ὡς
492 2611 730 2686 εἴρηται)
769 2611 1026 2684 μιγείσης
1076 2611 1226 2684 αὐτῷ
1272 2612 1530 2682 γυναικὸς
1571 2613 1772 2683 ὀνομά-

188 2708 405 2774 ζοντες.
433 2701 507 2778 ’ῼ
542 2705 608 2776 δὴ
641 2705 848 2776 ῥήματι
878 2703 974 2758 καὶ
1001 2705 1030 2758 ὁ
1064 2703 1238 2777 μέγας
1261 2704 1532 2776 ἐχρήσατο
1549 2704 1775 2776 φωστὴρ

187 2797 292 2852 τοῦ
350 2797 559 2866 κόσμου
610 2793 911 2861 Βασίλειος,
943 2794 1201 2866 ἀθέμιτον
1268 2796 1548 2868 ἀπείργων
1583 2796 1775 2852 συνάλ-ο

189 2893 410 2964 λαγμα.
442 2893 508 2945 Ol
537 2889 597 2945 δέ
629 2906 693 2957 γε
723 2888 881 2943 τοῦτο
909 2891 1020 2953 τοῖς
1041 2891 1554 2962 συγκεχωρημένας
1578 2890 1775 2962 ἐγγρά-

187 3001 411 3054 φοντες,
436 2983 663 3053 ἑϐδόμου
687 2981 746 3049 ἐξ
767 2982 1084 3054 ἀγχιστείας
1108 2986 1341 3055 συνῆγον
1366 2980 1503 3039 εἶναι
1521 2970 1733 3057 βαθμοῦ
1754 3002 1769 3017 ·

1967 497 2340 581 brumali
2374 502 2628 558 auom
2643 504 2857 561 TIANI
2884 497 3159 579 act-ipim,
3183 513 3246 565 de
3271 511 3462 581 hujus-

1962 570 2106 622 modi
2154 573 2460 642 quastione.
2984 570 2993 605 ⁵

1960 703 2367 763 Gloriosissime
2425 721 2490 762 ac
2533 706 2897 765 dilectissime
2946 708 3116 768 frater
3167 730 3449 786 germane,

1888 797 2108 854 domine
2172 797 2477 870 Stephane,
2530 815 2628 870 per
2679 801 2893 858 litteras
2941 812 3065 860 tuas
3126 821 3228 862 nos
3292 809 3463 864 inter-

1886 891 2110 961 rogasti,
2146 906 2277 945 num
2320 888 2405 949 fas
2449 891 2524 946 sit
2581 891 2653 955 ei,
2695 894 2788 961 qui
2837 909 2962 948 cum
3013 896 3196 965 aliqua
3236 900 3463 956 muliere

1885 996 1998 1036 rem
2064 981 2279 1043 habuit,
2366 983 2775 1038 matrimonium
2839 1000 2965 1041 eum
3046 985 3172 1051 ejus
3233 990 3457 1046 sobrina

1883 1073 2230 1130 contrahere.
2269 1072 2441 1140 Quam
2469 1089 2572 1129 nos
2619 1075 2686 1129 ad
2748 1078 3135 1146 quaestionem,
3195 1079 3249 1135 in
3312 1081 3461 1139 hunc

1883 1164 2107 1220 modum
2168 1165 2566 1236 respondemus
2605 1184 2621 1220 :
2659 1167 2918 1224 videlicet
2959 1170 3274 1241 hujusmodi
3322 1189 3460 1230 con-

1883 1263 2123 1321 tractum
2169 1256 2714 1327 regnantebomino
2772 1258 3025 1317 Manucle
3075 1263 3457 1334 imperatore;
3570 1320 3587 1327 ,

1882 1357 2013 1403 nato
2042 1348 2100 1403 in
2150 1346 2453 1420 Porphyra,
2505 1358 2560 1404 et
2591 1349 2855 1422 deinceps
2906 1368 3126 1425 quoque
3160 1357 3454 1414 maximam

1883 1441 1936 1495 in
1954 1442 2392 1497 controversiam
2418 1440 2679 1498 incidisse
2708 1460 2723 1497 :
2754 1443 2885 1498 dum
2910 1446 3157 1501 nonnulli
3187 1454 3451 1517 tanquam

1880 1533 2133 1588 illicitum
2205 1531 2495 1589 interdicto
2565 1533 2943 1603 prohiberent,
3016 1536 3141 1593 aliis
3229 1538 3455 1595 minime

1879 1624 2197 1691 vetantibus
2261 1630 2521 1694 tanquam
2587 1623 2799 1695 legibus
2852 1638 3301 1684 consectaneum.
3347 1628 3451 1696 Qui

1881 1712 2266 1785 prohibebant,
2322 1728 2448 1768 cum
2505 1713 2630 1768 aliis
2690 1716 3030 1785 argumentis
3092 1718 3455 1776 conﬁciebant

1881 1804 1956 1871 id,
2013 1805 2158 1876 quod
2200 1804 2271 1881 ab
2322 1803 2460 1875 ipsis
2493 1804 2876 1873 asserebatur;
2910 1818 3025 1862 tum
3080 1823 3146 1864 ex
3189 1822 3258 1866 eo
3307 1811 3452 1881 quod

1880 1898 2198 1962 statuerint,
2259 1898 2517 1953 maritum
2573 1905 2629 1954 et
2682 1912 2908 1953 uxorem
2955 1900 3009 1954 iu
3040 1916 3151 1956 uno
3180 1910 3454 1959 eteadem

1878 1989 2053 2059 gradu
2105 1988 2429 2044 consistere.
2483 1988 2663 2059 Atque
2707 1989 2782 2044 ita
2847 1999 3061 2046 sextum
3105 1991 3452 2048 sobrinorum

1874 2080 2105 2154 gradum
2162 2095 2385 2136 manere
2446 2080 2722 2151 integrum
2792 2080 3217 2161 eoneludebaut,
3258 2094 3318 2139 ut
3360 2098 3456 2139 ue-

1877 2189 2153 2246 quaquam
2183 2188 2282 2246 per
2309 2175 2680 2231 accessionem
2711 2176 2889 2247 ipsius
2922 2177 3026 2231 viri
3055 2178 3272 2234 scilicet
3291 2178 3453 2249 quasi

1876 2266 2594 2328 seiuderetur.ascendendo
2620 2269 2687 2323 ad
2713 2268 2941 2338 gradum
2973 2269 3268 2339 septimum
3287 2285 3451 2341 quem

1876 2374 1986 2415 non
2073 2358 2407 2427 prohibitum
2489 2374 2661 2415 sacrae
2726 2359 2875 2430 leges
2956 2369 3284 2432 agnoscunt.
3335 2360 3455 2417 lmo

1875 2450 2040 2505 etiam
2080 2448 2254 2504 divini
2282 2464 2565 2503 sacrarum
2599 2450 2911 2505 litterarum
2941 2450 3075 2506 dicti
3101 2451 3449 2514 auctoritate,

1874 2541 2035 2612 cujus
2083 2541 2188 2596 hoc
2231 2551 2566 2611 praeceptum
2626 2550 2732 2596 est.
2799 2540 2920 2597 Non
2982 2541 3311 2613 ingredieris
3383 2539 3453 2596 ad

1875 2634 2125 2705 quemvis
2160 2634 2532 2690 necessarium
2560 2634 2745 2690 carnis
2773 2642 2917 2699 tute,
2960 2643 3018 2689 ut
3046 2633 3165 2705 ejus
3213 2634 3450 2705 ignomi-

1875 2727 2026 2782 niam
2059 2724 2311 2781 rcveles:
2344 2724 2624 2781 sobrinum
2661 2725 2935 2800 mulieris,
2973 2740 3099 2781 cum
3184 2740 3295 2797 qua
3327 2724 3453 2796 (ceu

1874 2818 2082 2873 dictum
2138 2815 2242 2888 est)
2297 2832 2409 2872 rem
2456 2816 2614 2887 prius
2658 2816 2948 2881 habuerat,
3002 2816 3215 2872 ratione
3266 2815 3453 2873 carnis

1873 2910 1994 2964 viro
2042 2909 2400 2979 propinquam
2458 2908 2871 2977 nuncupabant.
2938 2907 3065 2974 Quo
3130 2922 3267 2963 sane
3300 2898 3452 2961 dicto

1875 2999 2110 3057 Basilius
2157 3000 2345 3064 etiam,
2389 3014 2648 3071 maguum
2712 2998 2848 3054 illud
2913 2999 3185 3055 luminare
3235 2997 3449 3062 mundi,

186 3076 271 3143 ὡς
295 3076 355 3145 ἒξ
370 3077 470 3149 μὲν
492 3079 556 3130 ἐκ
591 3074 683 3131 τοῦ
700 3076 818 3139 ένδς
856 3075 1049 3144 γένους
1069 3077 1477 3148 εὑρισκομένων
1522 3078 1768 3150 βαθμῶν,

1879 3093 2148 3149 nefarium
2206 3098 2548 3147 contractum
2584 3104 2800 3156 vetans,
2854 3101 2941 3147 est
2979 3106 3136 3147 usus.
3191 3090 3264 3144 At
3318 3103 3453 3144 vero

188 3172 260 3224 ἐκ
283 3170 341 3225 δὲ
370 3169 464 3225 τοῦ
485 3170 673 3242 ἑτέρου
699 3171 911 3240 γένους,
928 3169 1140 3242 βαθμοῦ
1161 3168 1318 3226 ἄλλου
1340 3170 1477 3234 ένός.
1495 3171 1603 3226 Καὶ
1630 3170 1773 3226 οὕτω

190 3264 261 3317 τά
291 3261 446 3332 παρὰ
465 3262 574 3315 τῶν
593 3263 969 3335 ἀπειργόντων
988 3261 1455 3334 προτιθέμενα,ὼς
1475 3262 1769 3335 ἀπᾴδοντα,

192 3352 290 3407 καὶ
331 3352 746 3423 ἀπεμφαίνοντα
775 3352 1151 3424 διεγράφοντο.
1210 3355 1270 3406 Εἰ
1316 3353 1427 3425 γάρ
1480 3354 1628 3407 πᾶσα
1679 3356 1772 3406 ἀν-

191 3448 363 3516 άγκη,
401 3445 556 3516 φασὶ,
588 3444 682 3498 δύο
725 3445 857 3515 γένη
896 3442 1144 3514 ἀλλήλων
1176 3444 1434 3517 ἀλλότρια
1473 3445 1770 3509 συνελθεῖν,

188 3537 284 3592 ἶνα
309 3537 408 3609 τὴν
436 3536 756 3607 ἀγχιστείαν
788 3536 1155 3608 ἐργάσωνται,
1180 3535 1239 3604 ἐξ
1268 3537 1546 3608 ἑκατέρων
1581 3536 1635 3591 δὲ
1664 3535 1772 3591 τῶν

186 3624 372 3696 γενῶν
407 3626 612 3681 τούτων
640 3625 963 3695 συνάγονται
991 3629 1040 3681 οἱ
1068 3625 1289 3698 βαθμοὶ,
1322 3628 1415 3681 καὶ
1439 3628 1609 3693 οὕτως
1642 3628 1677 3700 ἢ
1703 3627 1772 3683 τὰ

188 3719 554 3789 κεκωλυμένα
605 3719 638 3791 ἢ
685 3717 754 3772 τὰ
822 3720 1296 3793 συγκεχωρημένα
1349 3721 1459 3774 τῶν
1520 3719 1773 3775 ἐντεῦθεν

189 3811 663 3882 συναλλαγμάτων
692 3812 1105 3882 ἀναφαίνονται,
1139 3812 1257 3877 πῶς
1300 3813 1366 3868 ἀν
1393 3830 1478 3876 τις
1502 3815 1581 3876 είς
1611 3812 1772 3883 βάθος

186 3906 599 3975 πεπειραμένος
649 3905 747 3976 τῆς
793 3902 1026 3975 νομικῆς
1076 3903 1477 3973 συλλογίσαιτο,
1509 3903 1627 3968 ένὺς
1677 3903 1775 3976 βα-

185 3994 334 4067 θμοῦ
362 3992 503 4049 εἶναι
532 3995 624 4049 τὸν
651 3995 817 4067 ἄνδρα
847 3996 986 4067 μετά
1008 3998 1107 4067 τῆς
1152 3997 1448 4065 γυναικόςς
1488 3994 1771 4049 Ἐντεῦθεν

184 4090 302 4161 γὰρ
342 4088 651 4159 ἀσύμφωνα
696 4088 922 4152 ἑαυταῖς
968 4089 1025 4142 αἱ
1074 4087 1424 4158 θεσμοθεσίαι
1467 4087 1564 4142 καὶ
1593 4074 1799 4143 ἄτοπα

186 4178 551 4245 θεοπὶζουσαι
605 4179 1029 4251 εὕρηθήσονται,
1084 4178 1154 4233 τά
1189 4178 1290 4251 μὲν
1344 4178 1618 4251 δευτέρου,
1674 4178 1769 4233 καὶ

183 4272 403 4346 τρίτου,
459 4274 556 4327 καὶ
585 4272 870 4343 τετάρτου,
923 4272 1015 4327 καὶ
1045 4272 1324 4341 πέμπτου,
1365 4272 1455 4326 ναὶ
1493 4271 1548 4325 δὲ
1580 4272 1672 4325 καὶ
1703 4272 1769 4326 ὲκ

185 4365 477 4436 τεσσάρων
505 4363 729 4432 καὶδύο,
759 4363 920 4417 ἕκτου
944 4363 1155 4434 βαθμοῦ
1182 4363 1624 4435 συναλλάγματα,
1654 4380 1767 4417 κω-

1875 3186 1968 3255 qui
2017 3185 2299 3240 concessis
2331 3184 2434 3240 hoc
2479 3184 2797 3254 eoujugium
2832 3181 3296 3245 annumerabant.
3325 3195 3483 3251 sep-.

1876 3275 1993 3329 timi
2028 3291 2094 3328 ex
2136 3273 2398 3328 allinitate
2425 3273 2628 3343 gradus
2650 3287 2774 3328 esse
2798 3271 3131 3342 colligebant
3165 3288 3181 3327 :
3230 3271 3483 3340 quando.

1873 3380 1969 3420 sex
2028 3363 2248 3434 quidem
2318 3361 2522 3433 gradus
2580 3361 2747 3416 unius
2794 3360 3047 3430 generis
3084 3374 3210 3416 esse
3253 3360 3485 3429 deme--

1875 3454 2228 3521 beuderelur,
2250 3453 2477 3509 alterius
2511 3461 2692 3508 autem
2730 3468 2895 3507 unus.
2926 3451 3107 3521 Atque
3143 3451 3243 3507 hoc
3262 3449 3446 3513 modo.

1872 3563 1994 3619 qua
2038 3562 2071 3601 a
2123 3545 2437 3602 vetantibus
2470 3543 2576 3599 hoc
2603 3543 3015 3603 matrimonium
3069 3555 3449 3612 proponeren-

1873 3650 1984 3706 tur,
2028 3639 2179 3694 velut
2237 3650 2266 3689 a
2310 3637 2597 3708 proposito
2655 3635 2859 3698 aliena,
2905 3635 3240 3702 minimeque
3310 3647 3451 3687 con-

1872 3742 2137 3787 sentanea
2169 3729 2639 3783 cancellabautur.
2661 3727 2871 3798 Quippe
2903 3727 2947 3780 si
2973 3727 3198 3782 omnino
3226 3739 3452 3781 necesse

1871 3832 1978 3886 est,
2012 3822 2251 3883 aiebant,
2276 3820 2386 3872 duo
2415 3832 2617 3887 genera
2645 3817 2863 3873 diversa
2885 3816 3027 3870 inter
3057 3830 3116 3871 se
3152 3816 3450 3870 convenire

1870 3916 1937 3967 ad
1972 3908 2312 3966 emcietnlam
2376 3907 2716 3973 atlinitatem,
2750 3914 2806 3961 et
2857 3905 3125 3972 ambobus
3182 3919 3251 3961 ex
3297 3904 3451 3961 hisee

1877 4002 2175 4074 generibus
2221 4002 2265 4054 si
2335 3998 2542 4069 gradus
2611 3998 2965 4068 colliguntur,
3025 4003 3192 4065 atque
3244 3995 3316 4049 ita
3365 3994 3451 4049 vel

1874 4093 2163 4166 prohibiti,
2205 4091 2290 4145 vel
2347 4089 2604 4161 permissi
2655 4096 2975 4145 contractus
3045 4086 3303 4142 elucent:
3352 4084 3477 4155 quia

1871 4185 1987 4242 ﬁeri
2037 4182 2236 4254 possit,
2271 4188 2330 4236 ut
2375 4180 2520 4251 juris
2536 4188 2794 4235 accurate
2818 4180 3030 4249 peritus
3054 4175 3442 4231 ratiocinando

1870 4276 2114 4348 colligat,
2160 4275 2327 4329 unius
2382 4287 2506 4328 esse
2552 4270 2757 4344 gradus
2796 4270 3052 4325 maritum
3070 4284 3203 4341 (cum
3237 4268 3451 4324 uxore?

1870 4368 2009 4424 Hinc
2070 4370 2216 4423 enim
2266 4367 2411 4438 leges
2440 4366 2584 4421 inter
2605 4380 2666 4421 se
2703 4362 3070 4434 discrepantia
3101 4360 3373 4431 quaedam,
3396 4368 3452 4415 et

185 4456 423 4511 λύουσαι
454 4454 527 4517 dt;
562 4455 802 4526 ἀθέμιτα
826 4471 841 4486 ⁶
873 4455 941 4510 τὰ
976 4454 1033 4509 δὲ
1069 4454 1162 4509 τοῦ
1192 4456 1330 4522 ἐνὸς,
1371 4456 1768 4528 ὲπιτρέπουσαι

1879 4458 2110 4516 absurda
2136 4467 2379 4514 statuere
2414 4455 2900 4528 deprchendentur
2931 4471 2947 4520 ;
2979 4453 3139 4526 quasi
3194 4451 3449 4518 secundi,

185 4547 442 4620 γίνεσθαι
463 4564 479 4580 ’
510 4549 539 4602 δ
559 4547 715 4612 ποίας
740 4548 806 4602 ἂν
843 4547 1073 4611 ἀτοπίας
1101 4547 1405 4620 καταλείψῃ
1432 4547 1771 4618 ύπερὸολήν;

192 4643 411 4704 ’Ἄλλως
442 4658 502 4695 τε
526 4641 605 4706 δὲ,
627 4642 720 4694 καὶ
750 4642 814 4695 ὲκ
846 4641 943 4710 τῆς
971 4640 1064 4694 τοῦ
1101 4641 1290 4710 γένους
1339 4642 1525 4714 σειρᾶς
1555 4640 1663 4694 τῶν
1687 4639 1776 4711 βα-

191 4733 353 4805 θμῶν
382 4734 655 4787 εἰωθότων
677 4732 1001 4802 γεννᾶσθαι,
1036 4734 1274 4804 ἑκάστης
1297 4736 1605 4803 γεννήσεως
1634 4732 1777 4786 κατὰ

188 4824 321 4887 τοὺς
343 4823 544 4893 νόμους
579 4822 675 4876 ἕνα
711 4823 918 4894 βαθμὸν
960 4823 1351 4895 ἀποτελούσης,
1386 4825 1445 4891 ἐξ
1482 4824 1725 4894 ἀνάγκης
1748 4823 1776 4876 ὁ

188 4913 336 4986 ἀνὴρ
362 4914 516 4985 καὶὴ
551 4916 715 4985 γυνὴ,
750 4915 784 4986 ἢ
814 4914 890 4978 ὡς
918 4914 1101 4985 πατὴρ
1172 4915 1269 4969 καὶ
1330 4916 1578 4986 θυγάτηρ
1635 4914 1778 4983 λογι-

188 5008 509 5078 σθήσονται,
539 5006 616 5070 ὡς
634 5006 700 5061 ἀν
729 5005 931 5076 δηλαδὴ
962 5005 1066 5060 ὑπὸ
1103 5005 1310 5077 βαθμὸν
1346 5006 1443 5060 ἕνα
1481 5008 1773 5074 γένωνται,

188 5095 290 5151 καὶ
349 5095 678 5183 ἀξιολούθως,
726 5097 761 5170 ἢ
820 5097 897 5161 ὡς
958 5096 1188 5166 ἀδελφὸς
1236 5097 1331 5149 καὶ
1376 5095 1599 5166 ἀδελφὴ,
1637 5095 1777 5166 ἢὼς

188 5191 340 5254 θεῖος
370 5190 467 5245 καὶ
499 5189 717 5259 ἀνεψιὰ,
755 5189 787 5260 ἢ
816 5190 892 5252 ὡς
920 5189 1213 5259 ἐξάδελφος
1241 5189 1338 5243 καλ⁸
1369 5187 1654 5259 ἐξαδέλφη,
1681 5189 1776 5242 καὶ

188 5282 419 5353 ἑφεξῆς.
449 5280 759 5336 Κάντεῦθεν
781 5280 978 5350 ἀνέδην
1005 5281 1074 5334 τά
1103 5281 1331 5335 τοιαῦτα
1364 5281 1635 5352 πρόσωπα
1662 5298 1776 5350 χω-

193 5376 457 5445 ρήσουσιν
478 5371 669 5443 ὥσπερ
695 5372 803 5425 ἀπό
823 5389 969 5436 τινος
993 5372 1357 5444 ὀρμητηρίου,
1385 5372 1519 5445 πρὸς
1543 5373 1643 5436 τὰς
1669 5372 1776 5425 τῶν

189 5463 471 5533 ἀθεμίτων
498 5463 695 5534 γάμων
726 5461 1093 5532 συναλλαγὰς.
1129 5464 1239 5518 Καὶ
1300 5466 1410 5536 μὴν
1454 5464 1776 5534 συγγενείας

190 5557 272 5627 μὴ
299 5555 713 5627 μεσολασούσης
784 5558 846 5609 έν
877 5555 957 5628 τῷ
987 5556 1140 5628 ἀνδρὶ
1170 5558 1262 5611 καὶ
1284 5561 1350 5630 τῇ
1381 5557 1622 5626 γυναικὶ,
1652 5555 1775 5612 νοῦν

186 5651 331 5711 ὅλως
360 5650 462 5704 οὐκ
481 5650 595 5720 ἔχει
618 5649 681 5702 τὸ
709 5648 917 5716 λέγειν,
947 5648 1066 5711 ένὸς
1105 5646 1311 5719 βαθμοῦ
1338 5648 1370 5720 ἦ
1395 5647 1490 5702 δύο
1520 5643 1660 5702 εἶναι
1683 5648 1775 5702 τὸν

188 5743 365 5815 ἄνδρα
394 5742 536 5813 μετά
565 5742 663 5814 τῆς
707 5740 987 5812 γυναικός.
1027 5740 1109 5794 Τὰ
1151 5742 1451 5811 συγγενικά
1488 5742 1597 5811 γάο
1636 5742 1772 5796 ποό-

1876 4564 1930 4608 et
1958 4552 2129 4616 tertii,
2171 4557 2224 4605 et
2275 4550 2479 4621 quarti,
2520 4557 2577 4604 et
2604 4548 2806 4620 quinti,
2838 4554 3006 4617 atque
3031 4547 3194 4601 etiam
3221 4559 3288 4600 ex
3317 4558 3453 4614 qua-

1876 4654 2001 4700 tuor
2054 4653 2109 4700 et
2157 4643 2375 4699 duobus
2433 4651 2718 4699 contracta
2764 4641 2908 4697 sexti
2946 4638 3148 4710 gradus
3173 4637 3453 4694 matrimo-

1875 4738 1992 4804 nia,
2042 4736 2193 4791 velut
2230 4735 2422 4792 illicita
2477 4735 2838 4805 prohibeant;
2890 4746 3018 4802 quae
3073 4746 3203 4786 vero
3247 4731 3452 4801 gradus

1877 4830 2042 4885 unius
2099 4828 2234 4894 sint,
2281 4827 2397 4881 fleri
2460 4826 2824 4896 permittant:
2862 4839 2972 4894 quo
3001 4837 3135 4879 sane
3170 4822 3304 4893 quid
3331 4837 3455 4880 esse

1874 4922 2049 4993 possit
2090 4918 2421 4975 absurdius?
2450 4917 2705 4986 Alioquin
2757 4917 2947 4980 etiam,
2974 4930 3097 4970 cum
3131 4930 3196 4968 ex
3232 4913 3454 4985 generis

1876 5015 2016 5069 linea
2048 5012 2253 5083 gradus
2301 5011 2450 5065 nasci
2487 5010 2899 5073 consueverint,
2950 5007 3196 5077 qualibet
3222 5019 3454 5075 genera-

1876 5105 2023 5158 tione
2062 5101 2366 5157 sccundum
2421 5100 2569 5170 leges
2619 5098 2851 5169 gradum
2896 5112 3065 5151 unum
3097 5095 3447 5157 conficiente;

1875 5193 2191 5249 necessario
2245 5191 2482 5246 maritus
2532 5199 2587 5245 et
2629 5204 2767 5244 uxor
2808 5189 2891 5244 vel
2928 5199 3185 5269 tanquam
3220 5190 3453 5256 pateret

1877 5286 1985 5340 lilia
2042 5282 2471 5355 reputabuntur,
2507 5282 2586 5336 uti
2621 5281 2728 5337 sub
2758 5295 2928 5335 unum
2973 5278 3204 5349 gradum
3242 5274 3453 5330 scilicet

1873 5377 2220 5446 redigantur;
2254 5383 2307 5430 et
2333 5382 2751 5444 consequenter,
2778 5374 2859 5427 vel
2888 5379 3146 5439 tauquam
3193 5365 3364 5420 frater
3391 5371 3448 5418 et

1873 5482 2052 5530 soror,
2102 5467 2186 5522 vel
2209 5477 2471 5536 tanquam
2541 5474 2768 5535 patruus
2826 5471 2882 5519 et
2931 5460 3116 5516 fratris
3170 5457 3303 5520 ﬁlia,
3366 5459 3451 5512 vel

1873 5567 2135 5629 tanquam
2173 5560 2543 5615 consobrinus
2572 5566 2626 5610 et
2645 5554 2999 5619 consobrina,
3035 5564 3265 5622 quaeque
3292 5547 3451 5605 deiu-

1872 5664 2002 5720 eeps
2060 5657 2392 5720 sequuntur.
2478 5648 2636 5705 Unde
2704 5658 2950 5716 personae
3010 5638 3322 5710 huiusmodi
3385 5637 3453 5691 lin

1874 5740 2024 5804 bere.
2062 5727 2270 5799 veluta
2323 5748 2466 5797 meta
2511 5737 2769 5804 quadam.
2835 5734 2902 5790 ad
2960 5731 3295 5787 nefariarqu
3342 5746 3448 5786 nu-
