3948 6604
459 365 592 433 1127

1742 362 1775 422 J
1783 362 1878 423 US
1923 356 2370 428 CANONICUM

3592 352 3721 418 1128

458 474 693 544 ptiarum
745 481 1063 531 contractus
1092 470 1532 544 progrediantur.
1600 470 1668 524 At
1720 485 1847 527 vero
1901 485 2026 526 cum

2160 483 2304 520 ruma.
2359 465 2486 529 τοὺς
2525 463 2766 537 βαθμοὺς
2814 464 3221 533 ἀποτίκτουσιν,
3272 466 3348 532 ὼς
3398 465 3721 539 διείληπται.

458 567 602 620 inter
651 567 911 619 maritum
965 573 1019 619 et
1076 577 1302 617 uxorem
1364 561 1512 615 nulla
1566 560 1873 617 intercedat.
1939 575 2033 616 co-

460 656 672 728 gnatio,
700 671 928 727 prorsus
962 657 1204 724 ineptum
1257 653 1564 715 estdicere.
1607 654 1785 707 virum
1818 661 1872 706 et
1899 668 2030 706 uxo-

461 760 576 800 rem
619 746 703 800 vel
740 746 904 801 unius
931 758 1052 798 esse
1083 740 1309 812 gradus,
1357 742 1437 795 vel
1470 742 1727 795 duorum.
1767 739 1900 794 Nam
1944 754 2040 796 co-

461 837 691 906 gnatica:
724 838 987 890 duntaxat
1022 849 1268 904 persona:
1290 874 1304 899 ,
1331 849 1431 887 ceu
1463 833 1669 888 dictum
1703 841 1807 899 est,
1839 831 2040 903 gradus

462 928 695 997 gignunt
725 936 781 983 et
825 927 1187 981 constituam.
1221 924 1354 991 Quae
1384 941 1506 978 cum
1535 924 1779 978 omnium
1820 923 2040 980 confes-

461 1020 619 1074 sione
672 1020 745 1072 ita
789 1034 850 1075 se
916 1018 1166 1083 habeant,
1234 1018 1480 1087 sequitur
1538 1016 1591 1070 id
1630 1016 1795 1069 etiam
1859 1016 2038 1071 locum

464 1126 573 1166 non
648 1111 872 1173 habere,
919 1108 1067 1179 quod
1132 1111 1318 1165 uxoris
1387 1110 1611 1165 sobrina
1680 1124 1781 1180 pro
1860 1109 2041 1163 mariti

463 1203 778 1256 necessaria
830 1202 1038 1255 carnali
1069 1202 1142 1256 sit
1177 1202 1447 1255 habenda.
1497 1204 1765 1256 Caeterum
1831 1202 1977 1257 illius
2005 1216 2037 1256 ε

470 1292 646 1348 sacris
685 1290 907 1346 Litteris
968 1292 1104 1345 dicti
1137 1296 1495 1358 sententiam,
1533 1307 1563 1345 a
1597 1308 1795 1363 magno
1818 1301 1871 1347 et
1900 1292 2044 1346 divi-

466 1383 614 1438 nitus
648 1381 831 1437 aﬂlato
865 1382 1025 1438 Patre
1054 1382 1252 1437 Basilio
1282 1396 1475 1454 argute
1501 1397 1566 1439 ac
1608 1384 1850 1439 breviter
1876 1398 2045 1453 expo-

466 1477 648 1538 sitam,
713 1474 857 1529 beati
904 1473 1105 1528 Patres
1147 1484 1351 1529 sanctae
1418 1474 1562 1529 illius
1612 1483 1667 1530 et
1719 1475 2045 1529 universalis

466 1576 636 1623 sexta:
692 1567 886 1638 synodi
918 1568 1203 1637 perspicue
1235 1567 1572 1637 explicantes
1594 1581 1649 1621 et
1685 1568 2045 1633 declarantcs,

467 1675 556 1714 Liv
600 1675 869 1714 canonem
914 1660 1288 1722 confecerunt.
1341 1660 1434 1730 qui
1473 1661 1618 1714 circa
1669 1660 1907 1713 medium
1966 1659 2048 1714 sic

468 1753 535 1807 ad
588 1753 814 1808 verbum
881 1745 1128 1808 statuit:

2150 559 2368 611 Τούτων
2396 558 2455 612 δὲ
2484 557 2656 621 οὕτως
2701 557 3155 629 ὁμολογουμένως
3187 560 3448 631 ιχόντων,
3485 562 3724 633 ἀναιρεῖ-

2142 668 2229 704 ται
2260 651 2444 704 λοιπὸν
2495 650 2588 704 καὶ
2632 650 2693 702 τὸ
2749 650 3063 719 λογίζεσθαι
3100 638 3311 706 οίκείαν
3361 651 3570 720 σαρκὸς
3631 652 3721 708 τοῦ

2144 743 2339 814 ἀνδρὸς
2397 743 2496 813 τὴν
2548 740 2937 813 δισεξαδέλφην
2981 741 3080 811 τῆς
3098 740 3265 794 αὑτοῦ
3296 743 3590 810 γυναικός.
3620 743 3724 815 Τὴν

2149 834 2335 904 μέντοι
2366 833 2495 904 περὶ
2559 830 2655 886 τοῦ
2714 831 2994 905 Γραφικοῦ
3022 832 3212 887 τούτου
3250 834 3497 904 ῥήματος
3524 833 3726 888 ἔννοιαν

2149 923 2428 978 Βασιλείου
2459 922 2553 976 τοῦ
2582 924 2822 994 μεγάλου
2855 924 2950 978 καὶ
2972 924 3236 994 θεοφόρου
3269 925 3485 995 Πατρδς
3508 924 3720 995 γοργῶς

2146 1015 2242 1068 καὶ
2275 1013 2734 1084 συνεπτυγμένως
2772 1011 3167 1085 ἐξενεχθεῖσαν,
3204 1011 3254 1065 οἰ
3302 1013 3405 1081 τῆς
3445 1014 3606 1081 ἁγίας
3632 1015 3722 1068 καὶ

2147 1105 2533 1176 οἰκουμενικῆς
2566 1105 2735 1176 ἕκτης
2762 1104 2983 1158 συνόδου
3017 1104 3279 1175 μακάριοι
3314 1104 3559 1175 Πατέρες
3590 1122 3719 1175 τρα-

2149 1199 2255 1263 νῶς
2287 1198 2729 1261 ἀναπτύσσοντες
2768 1198 2864 1251 καὶ
2889 1196 3379 1264 διαλευκαίνοντες,
3406 1196 3500 1252 τὸν
3528 1196 3599 1252 νδ
3626 1215 3716 1252 κα·

2149 1291 2277 1346 νόνα
2308 1289 2577 1357 ἐξέθεντο,
2606 1290 2731 1360 περὶ
2769 1290 2839 1343 τὰ
2871 1289 3012 1360 μέσα
3048 1290 3185 1362 πρὸς
3222 1288 3369 1357 λέξιν
3426 1290 3575 1344 οὕτω
3635 1291 3719 1345 Os-

2153 1382 2415 1447 σπίζοντα
2437 1397 2453 1414 ο
2496 1399 2517 1434 ι
2567 1381 2719 1434 Ἐπεὶ
2754 1380 2813 1434 δὲ
2839 1383 2904 1454 τῇ
2934 1382 3159 1453 τοιαύτῃ
3191 1384 3319 1454 σιγῇ
3348 1382 3446 1436 καὶ
3470 1381 3550 1453 τῷ
3581 1383 3719 1436 ἀδια-

2150 1474 2379 1546 γνὼστῳ
2398 1474 2497 1545 τῆς
2526 1473 2634 1528 τῶν
2665 1473 2921 1544 ἀθέσμων
2939 1475 3134 1546 γάμων
3159 1475 3589 1547 ἀπαγορεύσεως
3608 1477 3720 1529 ἑαυ-

2151 1565 2251 1635 τὴν
2274 1568 2305 1636 ἡ
2342 1566 2503 1635 φύσις
2534 1565 2774 1636 συνέχεε,
2808 1565 3122 1637 συνείδομεν
3144 1567 3480 1639 γυμνότερον
3508 1568 3581 1620 τὰ
3605 1569 3720 1640 περὶ

2153 1659 2360 1713 τούτων
2397 1657 2992 1730 ἐκθέσθαιοόρίζοντες
3041 1660 3153 1715 ἀπὸ
3209 1658 3304 1713 τοῦ
3359 1659 3479 1723 νῦν,
3512 1661 3603 1713 τὸν
3652 1664 3712 1732 τῇ

1194 1773 1213 1805 ι
1268 1753 1402 1819 Quia
1473 1769 1601 1809 vero
1657 1769 1721 1808 ex
1776 1753 2047 1824 ejusmodi

2160 1754 2332 1826 οἰκείᾳ
2358 1753 2630 1827 ὲξαδέλφῃ
2663 1754 2801 1826 πρὸς
2842 1755 3023 1826 γάμου
3068 1754 3354 1810 κοινωνίαν
3392 1756 3720 1825 συναπτόμε-

470 1845 731 1909 silentio,
798 1851 847 1898 et
917 1858 1108 1914 parum
1162 1846 1432 1914 explicata
1508 1844 1875 1914 prohibitione
1946 1860 2052 1900 nu-

2160 1863 2267 1911 νον,
2303 1846 2336 1918 ἢ
2377 1847 2471 1901 καὶ
2531 1847 2745 1919 πατέρα
2797 1849 2893 1901 καὶ
2948 1847 3064 1900 υἱὸν
3100 1848 3270 1920 μητρὶ
3299 1849 3393 1901 καὶ
3423 1846 3718 1918 θυγατρὶ,ἢ

471 1938 705 2008 ptiarnm
776 1937 1134 1999 illicitarum,
1200 1936 1454 1992 confusio
1520 1943 1729 1991 natura:
1801 1938 2049 2006 quaedam

469 2039 553 2084 est
601 2038 785 2084 secuta
849 2046 862 2082 :
923 2029 1125 2083 nudius
1170 2028 1284 2083 haec
1353 2028 1673 2098 exponenda
1736 2031 2050 2095 statuimus,

476 2121 723 2192 adeoque
764 2123 1154 2186 decernimus,
1211 2121 1469 2190 deinceps
1534 2136 1697 2185 eum,
1767 2121 1861 2191 qui
1926 2137 2048 2175 cum

476 2230 577 2270 sua
645 2215 972 2269 consobrina
1033 2214 1362 2268 matrimonii
1428 2208 1687 2269 societate
1738 2215 2050 2284 copulatur,

473 2317 568 2361 aut
596 2316 802 2377 patrem
829 2317 883 2361 et
915 2307 1078 2360 tilium
1112 2322 1235 2361 cum
1263 2317 1433 2361 matre
1476 2322 1540 2361 ac
1597 2306 1728 2371 lilia,
1783 2308 1870 2362 vel
1926 2321 2050 2363 cum

471 2399 686 2453 ditabus
748 2398 941 2468 puellis
996 2398 1279 2453 sororibus
1326 2408 1533 2468 patrem
1608 2407 1771 2468 atque
1856 2398 2051 2463 lilium,

472 2491 559 2543 vel
620 2503 744 2543 eum
803 2488 1021 2545 duobus
1089 2489 1352 2545 fratribus
1423 2499 1652 2546 matrem
1716 2500 1770 2546 et
1850 2489 2049 2558 llliam,

473 2582 558 2637 vel
593 2580 791 2637 fratres
848 2581 987 2637 duos
1039 2597 1165 2637 cum
1223 2583 1438 2638 duabus
1485 2583 1770 2637 sororibus
1834 2596 2051 2652 poenam

419 2673 703 2728 -canonis
803 2676 1091 2742 septennio
1171 2676 1641 2744 circumscriptam
1727 2677 2052 2741 ineurrere;

474 2764 732 2819 nimirum
768 2773 825 2820 et
851 2764 984 2835 ipsis
1019 2780 1047 2818 a
1097 2767 1310 2820 nefario
1367 2765 1718 2821 matrimonio
1775 2766 2054 2820 diverten-

478 2857 646 2911 tibus.
684 2874 705 2907 ι
745 2853 870 2911 Haec
903 2871 1029 2911 eum
1062 2858 1205 2912 sacri
1260 2858 1491 2914 canonis
1533 2860 1698 2914 verba
1729 2860 1774 2913 si
1789 2869 1868 2923 nt,
1902 2858 2050 2914 nulla

482 2959 618 3000 sane
668 2948 871 3001 mentio
947 2947 1062 3002 tieri
1130 2949 1272 3018 apud
1344 2964 1469 3004 eum
1509 2964 1887 3018 personarum,
1932 2966 2054 3022 quae

476 3052 607 3105 erga
640 3052 701 3092 se
733 3038 967 3093 invicem
1020 3040 1100 3093 sic
1155 3049 1488 3110 comparatae
1565 3050 1717 3105 sunt.
1764 3051 1821 3097 et
1861 3043 2054 3097 matri-

480 3129 727 3185 monium
762 3129 1004 3185 indioato
1037 3130 1198 3184 modo
1223 3133 1571 3194 contrahunt.
1594 3132 2049 3203 deprehenditur:

2152 1936 2244 1991 δύο
2289 1939 2483 2009 κόραις
2532 1937 2791 2007 ἀδελφαῖς
2846 1937 3060 2008 πατέρα
3128 1938 3223 1992 καὶ
3256 1938 3398 2000 υἱὸν,
3424 1938 3460 2008 ἢ
3489 1936 3721 2004 ἀδελφοῖς

2152 2029 2274 2083 δυσὶ
2327 2030 2541 2101 μητέρα
2611 2030 2705 2083 καὶ
2750 2029 3045 2099 θυγατέρα,
3093 2028 3416 2099 ἢάδελφοὺς
3468 2027 3562 2082 δύο
3585 2026 3723 2081 δυσὶν

2152 2118 2428 2189 ἀδελφαῖς,
2470 2120 2574 2173 ὑπὸ
2616 2120 2707 2174 τὸν
2753 2120 2853 2191 τῆς
2903 2120 3199 2185 ἑπταετίας
3244 2122 3453 2176 κανόνα
3494 2121 3722 2185 πίπτειν,

2154 2212 2543 2283 ἀφισταμένων
2575 2212 2756 2266 αὐτῶν
2781 2212 3062 2283 προδήλως
3083 2212 3178 2266 τοῦ
3202 2215 3525 2285 παρανόμου
3557 2229 3697 2266 συνοι

2154 2308 2363 2360 κεσίου.
2399 2324 2419 2357 ι
2450 2305 2635 2359 Ταῦτα
2678 2304 2773 2359 τοῦ
2817 2304 2962 2376 ἱεροῦ
3019 2305 3242 2369 κανόνος
3295 2306 3721 2377 διαγορεύοντος,

2156 2397 2384 2467 οὐδεμία
2416 2414 2509 2462 τις
2540 2398 2732 2468 μνήμη
2775 2399 2906 2470 παρ’
2933 2396 3082 2468 αὐτῷ
3128 2396 3239 2450 τῶν
3286 2397 3466 2461 οὕτως
3503 2398 3724 2468 ἐχόντων

2156 2490 2295 2563 πρὸς
2323 2489 2529 2560 ἄλληλα
2562 2489 2895 2560 προσώπων,
2932 2490 3029 2544 καὶ
3069 2489 3161 2543 τὸν
3192 2489 3393 2560 γάμον,
3417 2490 3496 2553 ὡς
3533 2490 3725 2559 διείλη-

2159 2599 2316 2647 πται,
2367 2581 2849 2636 συναλλασσόντων
2897 2581 3211 2653 εὑρίσκεται
3238 2597 3253 2613 ο
3278 2582 3401 2636 οὐδὲ
3428 2582 3520 2635 ὑπ’
3564 2583 3725 2636 αἰτίαν

2153 2674 2287 2739 ὅλως
2314 2691 2366 2727 τι
2396 2672 2603 2728 τούτων
2654 2673 2881 2746 ⁴ἠνέχθη,
2912 2674 2947 2745 ἢ
2993 2674 3274 2729 διαστάσει
3318 2673 3588 2728 ὑπέπεσε.
3616 2674 3725 2737 Τοῖς

2156 2765 2425 2830 τοιούτοις
2462 2766 2519 2819 δὲ
2553 2766 2835 2835 λογισμοῖς
2864 2766 2960 2820 καὶ
3008 2769 3130 2843 ταῖς
3173 2765 3409 2837 πράξεσι
3446 2767 3747 2835 μετέπειτα,

2155 2858 2450 2930 κινουμένη
2485 2859 2579 2910 καὶ
2612 2859 2647 2928 ὴ
2677 2856 2821 2911 κατὰ
2852 2855 2951 2929 τὴν
2993 2858 3187 2913 Κωνστ
3202 2856 3586 2912 αντινούπολιν
3610 2859 3724 2926 ἁγία

2161 2945 2397 3013 σύνοδος,
2428 2949 2521 3001 ἐπὶ
2570 2946 2671 3016 τῆς
2727 2947 3042 3019 ἐφημερίας
3070 2948 3165 3002 τοῦ
3204 2949 3306 3019 τῆς
3335 2948 3494 3014 ὁσίας
3522 2951 3725 3022 μνήμης

2157 3041 2445 3097 Θεοδοσίου
2475 3039 2570 3093 τοῦ
2597 3041 2905 3108 ἁγιωτάτου
2933 3040 3273 3112 πατριάρχου
3296 3044 3725 3117 Κωνσταντινου-

2170 3135 2399 3199 πόλεως,
2435 3132 2732 3204 σημείωμα
2766 3133 2909 3186 κατὰ
2957 3132 3056 3203 τὴν
3099 3133 3142 3187 λ’
3166 3136 3273 3189 τοῦο
3296 3136 3525 3191 Ἰουλίου
3554 3135 3724 3206 μηνὸς,

476 3235 580 3278 nec
631 3223 857 3279 omnino
880 3223 1177 3292 quidquam
1204 3224 1393 3278 borum
1420 3225 1523 3280 sub
1575 3229 1791 3295 culpam
1822 3227 2050 3282 relatum

2178 3229 2277 3298 τῆς
2301 3231 2331 3279 ι’
2358 3225 2764 3295 ὲπινεμήσεως,
2782 3226 2999 3291 ἐξέθετο
3025 3243 3038 3258 ·
3064 3227 3234 3293 οὕτως
3257 3229 3381 3299 ἕχον
3405 3231 3503 3285 ἐπὶ
3524 3228 3725 3294 λέξεων.

478 3312 600 3375 fuit.
704 3322 799 3370 aut
876 3318 979 3371 sub
1051 3317 1266 3372 divortii
1341 3331 1557 3387 plenam
1639 3319 1859 3376 cecidit.

1949 3321 2200 3393 Cumque
2288 3318 2597 3374 rationibus

2710 3318 3025 3385 ltttjusmodi
3119 3332 3175 3377 et
3271 3323 3409 3378 actis
3487 3324 3726 3396 deinceps

480 3416 827 3464 sacrosancta
876 3406 1473 3477 Constantinopolitana
1530 3410 1770 3479 synodus
1830 3424 2162 3478 moveretur,
2207 3410 2391 3465 habita
2456 3417 2740 3477 tempore!
2766 3408 3080 3477 Theodosii,
3167 3414 3271 3482 pia:
3347 3416 3728 3474 recordationis

481 3498 817 3555 sanctissimi
874 3498 1466 3568 Constantinopolitani
1553 3502 1925 3567 patriarchae,
1996 3505 2261 3575 scriptum
2325 3499 2602 3573 quoddam
2653 3499 2784 3555 Julii
2848 3505 3054 3560 mensis
3128 3505 3217 3561 die
3288 3507 3597 3579 trigesimo,
3660 3513 3730 3566 in-

482 3591 723 3645 dictione
761 3588 993 3655 decima,
1026 3592 1277 3660 exposuit
1319 3590 1522 3659 :cujus
1569 3592 1682 3645 haec
1731 3592 1848 3662 ipsa
1882 3595 2050 3651 verba
2093 3601 2244 3649 sunt.

530 3685 936 3742 ‘Sanctissimus
1022 3690 1225 3756 Aprous
1280 3689 1736 3754 metropolitanus,
1806 3689 1975 3757 frater
2012 3702 2062 3746 et

491 3794 707 3835 consors
766 3778 1045 3832 ministerii
1098 3779 1477 3832 mediocritatis
1536 3788 1754 3842 nostraz,
1792 3778 2060 3836 Romanus

486 3871 582 3926 ille
620 3869 975 3935 Artabasdus,
1031 3870 1289 3939 scriptum
1316 3870 1371 3924 in
1418 3870 1619 3941 synodo
1656 3871 1899 3940 protulit,
1923 3872 2061 3942 quod

483 3962 554 4017 ad
580 3962 787 4017 uerbum
849 3961 960 4016 Iure
1008 3960 1326 4016 continebat.
1372 3961 1562 4016 Puella
1619 3964 1881 4029 quaedam,
1911 3965 2061 4034 cujus

483 4070 671 4112 nomen
705 4053 889 4117 Irena,
912 4053 1153 4126 precibus
1212 4055 1383 4109 sacris
1427 4056 1887 4111 intervenientibus
1938 4073 2058 4111 eum

482 4146 700 4202 Joanne
719 4147 948 4218 quodam
1012 4146 1281 4213 sponsalia
1336 4148 1624 4209 contraxit,
1685 4164 1801 4201 cum
1860 4164 2058 4201 annum

485 4238 662 4292 artatis
704 4237 961 4290 decimum
1023 4243 1216 4306 ageret.
1275 4231 1406 4287 Hatc
1464 4234 1733 4301 sponsalia
1777 4251 1896 4289 cum
1950 4250 2060 4288 esse

484 4327 691 4398 nefaria
718 4326 1118 4396 pronuntiatum
1166 4324 1369 4396 fuisset,
1424 4335 1668 4379 sanctum
1699 4336 1775 4380 est
1804 4326 2059 4393 scriptum

486 4419 764 4491 synodale,
804 4420 1113 4490 permittens
1144 4418 1283 4470 inter
1298 4432 1545 4486 personas
1579 4420 1737 4472 hasce
1768 4420 2058 4486 desponsus

2243 3684 2307 3741 '0
2343 3686 2652 3756 ἱερώτατος
2702 3689 3155 3758 μητροπολίτης
3190 3690 3411 3759 Ἀπρω,
3480 3694 3732 3763 ἀδελφός

2160 3780 2258 3835 καί
2313 3780 2789 3849 συλλειτουργὸς
2822 3780 2931 3849 τῆς
2965 3781 3135 3850 ήμῶν
3152 3785 3569 3852 μετριότητος,
3603 3786 3727 3841 Ῥω·

2155 3873 2350 3943 μανὸς
2369 3874 2402 3926 ό
2430 3858 2859 3939 ³Αρτάϐασδος,
2886 3853 3186 3942 ἔγγραφον
3207 3880 3577 3944 προεκόμισε
3599 3894 3732 3932 συν-

2160 3962 2395 4029 οδικῶς,
2433 3962 2576 4017 τάδε
2605 3964 2755 4016 κατὰ
2788 3962 2959 4032 ῥῆμα
3010 3962 3438 4032 διαλαμϐάνον.
3468 3969 3626 4035 Κόρη
3654 3985 3730 4034 τις

2167 4055 2392 4123 Εἰρήνη
2464 4055 2832 4125 καλουμένη,
2896 4055 3115 4110 ἐλαϐεν
3167 4057 3362 4126 εὐχὴν
3409 4063 3731 4129 μνηστείας

2162 4148 2313 4219 μετά
2331 4165 2492 4214 τινος
2526 4147 2811 4201 Ἰωάννου
2839 4147 3123 4216 δεκαετὴς
3147 4152 3281 4205 τότε
3304 4146 3467 4206 οὖσα
3484 4152 3732 4220 τὴνὴλι-

2166 4241 2328 4297 κίαν.
2360 4242 2738 4307 Λαληθείοής
2760 4239 2826 4294 δὲ
2850 4239 2959 4310 τῆς
2983 4241 3116 4310 περὶ
3147 4244 3363 4297 τούτου
3379 4223 3733 4315 ,παρανόμου

2162 4336 2516 4404 μνηστείας,
2552 4333 2760 4404 γέγονε
2786 4337 3095 4404 σημείωμα
3127 4336 3484 4405 συνοδικὸν,
3521 4338 3737 4408 ἐπιτρέ-

2168 4442 2285 4479 nor
2339 4424 2685 4494 διαζυγῆναι
2739 4424 2879 4493 τοὺς
2929 4426 3083 4495 τάχα
3130 4435 3732 4501 μνηστευσαμένους.

484 4508 811 4571 divortium,
846 4518 1125 4576 propterea
1184 4506 1323 4576 quod
1388 4516 1556 4561 essent
1606 4509 1723 4576 ipsa
1790 4508 2052 4576 sponsalia

2165 4516 2263 4571 διὰ
2297 4516 2362 4569 τὸ
2390 4513 2545 4571 εἶναι
2567 4517 2682 4585 τὴν
2706 4518 3044 4586 μνηστείαν
3088 4520 3461 4591 παράνομον,
3492 4523 3575 4590 ὡς
3603 4522 3735 4579 διεί-

485 4600 715 4669 nefaria,
746 4615 839 4653 ceu
891 4598 1093 4651 dictum
1159 4599 1283 4667 fuit.
1351 4596 1479 4651 Vult
1538 4615 1661 4669 ergo
1701 4616 1840 4654 nunc
1898 4600 2059 4655 lreua

487 4690 717 4759 legitime
756 4687 999 4755 copulari
1052 4703 1170 4741 cum
1202 4687 1498 4754 Theodoro,
1541 4691 1633 4760 qui
1701 4688 1929 4744 Joannis
1983 4702 2059 4745 est

487 4782 755 4838 sobrinus.
797 4785 913 4836 Hoc
939 4781 996 4835 in
1023 4783 1367 4838 matrimonio
1393 4784 1780 4853 contrahendo,
1813 4783 2052 4851 nunquid

491 4875 852 4942 irnpedimenti
884 4876 977 4943 sit,
1030 4877 1316 4947 interrogo.
1360 4875 1526 4931 Petiit
1564 4878 1726 4948 igitur
1777 4894 1810 4933 a
1856 4878 2060 4933 medio-

488 4966 681 5019 critate
703 4975 912 5029 nostra,
967 4976 1017 5022 et
1039 4984 1193 5021 sacro
1223 4968 1446 5023 concilio
1481 4968 1751 5037 fratrum;
1779 4972 1878 5035 uti,
1934 4987 2061 5025 num

491 5067 795 5113 contractus
825 5059 920 5113 ille
966 5061 1161 5127 scripto
1184 5059 1604 5129 comprehensus,
1635 5059 1850 5132 aliquod
1875 5063 2063 5118 habeat

489 5150 843 5212 obstaculum,
884 5150 1225 5221 intelligeret.
1283 5148 1604 5218 Responsum
1631 5150 1830 5206 anubis
1856 5164 1953 5217 est,
2009 5162 2061 5207 et

489 5263 522 5299 a
548 5245 777 5314 fratrum
807 5253 943 5297 coetu
976 5252 1249 5311 prwsente,
1286 5225 2063 5314 contractum-eiusmodipror.

488 5354 577 5391 sus
600 5335 665 5390 ab
698 5333 844 5389 omni
900 5334 1247 5402 prohibitione
1270 5333 1553 5388 immunem
1593 5351 1727 5390 esse.
1760 5334 1891 5392 Cum
1923 5338 2063 5391 enim

490 5433 762 5501 sponsalia
800 5449 917 5486 cum
965 5430 1172 5486 Joanne
1219 5437 1519 5491 contracta,
1570 5429 1732 5482 veluti
1777 5443 1894 5497 qua:
1942 5444 2068 5481 con-

490 5536 634 5580 stare
657 5540 759 5579 non
791 5523 1023 5591 possint,
1049 5532 1261 5592 propter
1291 5529 1504 5577 wtatem
1536 5520 2062 5587 Irenmimpuberem,

490 5615 803 5672 solvantur:
826 5623 965 5668 recte
1010 5614 1226 5667 sobrino
1278 5614 1393 5683 ejus
1417 5612 1575 5667 Ireua
1604 5612 1895 5666 secundum
1948 5626 2067 5662 ma-

492 5706 732 5763 trimonii
782 5706 943 5776 legent
988 5694 1344 5773 copulabitur.
1377 5704 1584 5774 Quippe
1628 5703 1930 5757 Theodorus
1968 5717 2065 5769 pro

489 5816 712 5869 persona
765 5798 937 5855 [reme
1003 5808 1226 5872 cognata
1282 5814 1384 5853 non
1433 5798 1673 5863 habetur,
1740 5811 1829 5850 nec
1898 5795 2065 5864 affini-

2166 4611 2412 4675 ληπται.
2450 4609 2740 4662 Βούλεται
2793 4610 2944 4680 γοῦν
2994 4609 3267 4679 σήμερον
3294 4615 3332 4681 ή
3383 4614 3610 4683 Εἰρήνη
3640 4631 3735 4669 νο-

2162 4700 2353 4769 μᾲιως
2405 4702 2790 4770 συνοφθῆναι
2835 4701 2915 4767 τῷ
2967 4702 3243 4772 Θεοδώρῳ
3306 4704 3567 4773 δευτέρῳ
3618 4706 3736 4761 ὄντι

2167 4788 2479 4860 ἐξαδέλφῳ
2506 4792 2612 4845 τοῦ
2654 4794 2960 4849 Ἰωάννου.
2998 4796 3107 4850 Καὶ
3139 4796 3351 4865 ἐρωτῶ,
3382 4801 3436 4853 ει
3455 4799 3584 4868 ἔχει
3613 4799 3736 4853 τινὰ

2169 4883 2689 4954 παρεμποδισμόν.
2736 4887 3028 4955 Ἠξίωσεν
3058 4884 3173 4944 οὗν
3201 4892 3316 4958 τὴν
3342 4891 3738 4962 ήμιῖ.ντινρετριίί⁴

2169 4993 2340 5042 τητα,
2402 4977 2499 5029 καὶ
2568 4975 2684 5044 τὴν
2727 4978 2892 5045 ἱερὰν
2921 4980 3321 5050 ἀδελφότητα,
3344 4984 3736 5053 μαθεῖνειπερ

2170 5069 2283 5124 οὐκ
2338 5070 2461 5138 ἔχει
2513 5071 2803 5140 κωλύμην
2835 5071 2968 5125 τινὰ
3020 5074 3110 5140 τὸ,
3158 5074 3291 5143 περὶ
3321 5072 3396 5133 οὗ
3426 5076 3677 5146 γέγονεν
3700 5079 3734 5145 ἠ

2171 5162 2392 5233 τροφὴ,
2418 5162 2845 5231 συνάλλαγμα.
2874 5165 3134 5221 Ἤκουσε
3172 5167 3244 5221 δὲ
3271 5169 3338 5222 ἐκ
3368 5169 3626 5237 ταύτης,
3646 5170 3734 5226 καί

2171 5256 2240 5307 ἐκ
2262 5253 2372 5319 τῆς
2397 5254 2924 5323 παρουσιαζούσης
2942 5254 3067 5310 τῶν
3079 5256 3365 5326 ἀδελφῶν
3382 5262 3731 5330 όμηγϋρεως,

2172 5343 2261 5396 ὅτι
2295 5344 2362 5397 τὸ
2401 5342 2671 5397 τοιοῦτον
2730 5344 3139 5417 σύνάλλαγμα
3176 5351 3561 5418 πανταχόθεν
3590 5348 3735 5404 diedi-

2171 5433 2362 5488 .lvrdr
2415 5435 2605 5488 ἐστιν.
2627 5435 2793 5490 Ἐπεὶ
2824 5438 2934 5506 γὰρ
2982 5439 3020 5506 η
3042 5439 3195 5508 μετὰ
3229 5439 3511 5496 Ἰωάννου
3537 5444 3734 5495 τελεσ-

2174 5526 2345 5581 θεῖσα
2372 5526 2689 5594 μνηστεία,
2707 5527 2788 5592 ὠς
2806 5529 3230 5600 ἀνυπόστατος
3256 5533 3485 5597 λύεται,
3512 5533 3609 5587 διὰ
3629 5531 3732 5599 τὴν

2174 5615 2285 5685 τῆς
2317 5615 2583 5685 Εἰρήνης
2617 5617 2977 5686 ἀνηόότητα,
3034 5620 3237 5689 καλῶς
3270 5623 3306 5690 ή
3336 5623 3559 5691 Εἰρήνη
3600 5622 3728 5677 δευ-

2174 5709 2325 5778 τέρῳ
2357 5707 2673 5778 ἐξαδέλφῳ
2695 5711 2883 5766 αὐτοῦ
2912 5713 3066 5768 κατὰ
3094 5715 3284 5783 νόμον
3314 5713 3507 5784 γάμου
3532 5713 3728 5775 συζευ-

2176 5801 2492 5870 χθήσεται.
2556 5800 2704 5855 Οὔτε
2757 5802 2867 5870 γὰρ
2913 5805 3275 5873 συγγενικὸν
3318 5805 3637 5873 πρόσωπον
3662 5802 3727 5864 τῆ
