3948 6592
158 377 301 442 Ῑίὲθ

153 585 365 648 στείας
421 580 666 651 δεσμοῖς
695 580 792 635 καί
847 580 1006 648 ὅροις
1069 581 1488 651 συσφίγγεται,
1520 580 1618 634 διὰ
1665 581 1732 635 τὸ

158 669 492 744 ὑπερϐῆναι
525 675 634 728 τὸν
672 672 742 738 ἐξ
782 672 1130 742 ἀγχιστείας
1160 672 1423 742 βαθμόν.

226 766 501 836 Τοιαύτης
533 757 628 820 οὖν
660 765 756 836 τῆς
817 763 1105 833 συνοδικῆς
1166 765 1495 834 ἀποφάσεως
1554 763 1736 832 ἐξενε-

151 859 384 931 χθείσης
418 858 547 930 περὶ
572 854 664 911 τοῦ
708 855 1153 927 ἀνατεταγμένου
1180 857 1652 930 συναλλάγματος,
1673 860 1732 912 οὐ

153 950 545 1021 κωλυθήσεται
598 949 690 1002 καὶ
724 948 752 1002 ὁ
797 946 1072 1020 πορνικῶς
1137 948 1431 1017 συναφθεὶς
1491 951 1733 1016 γυναικὶ,

151 1043 346 1096 λαϐεῖν
389 1044 470 1104 είς
520 1043 755 1111 γυναῖκα
794 1039 945 1112 νόμῳ
994 1040 1174 1112 γάμου
1207 1040 1320 1112 τὴν
1346 1040 1738 1113 δισεξαδέλφην

151 1134 332 1205 αὐτῆς
355 1153 370 1166 υ
396 1135 479 1189 ὅτι
510 1133 646 1205 μηδὲ
677 1135 855 1204 γάμον
884 1130 1146 1204 εἶναιτὴν
1171 1135 1451 1205 πορνείαν,
1478 1135 1614 1207 μηδὲ
1637 1136 1738 1204 γά-

155 1245 265 1296 μου
327 1227 522 1298 ἀρχὴν,
561 1229 590 1281 ό
649 1227 826 1296 μέγας
872 1226 1217 1297 γνωματεύει
1266 1227 1571 1293 Βασίλειος,
1621 1227 1737 1282 ἀλλ’

151 1317 470 1388 ἁμάρτημα
504 1316 804 1387 ἐπιτιμίοις
830 1317 1311 1386 ὲκκλησιαστικοίς
1332 1317 1692 1388 ὑποκείμενον
1719 1337 1734 1353 ο

150 1413 254 1466 καὶ
281 1412 364 1466 ὅτι
423 1411 505 1474 είς
548 1410 644 1464 τὸν
691 1409 752 1475 ἐξ
797 1409 1119 1480 ἀγχιστείας
1151 1409 1381 1480 ἕϐδομον
1407 1411 1468 1464 τὸ
1497 1411 1740 1468 τοιοῦτον

151 1503 520 1573 συνάλλαγμα
546 1503 920 1574 περιίσταται,
951 1502 1045 1554 καὶ
1075 1500 1132 1565 ὂς
1151 1501 1215 1568 δὴ
1243 1502 1306 1556 ἐκ
1331 1503 1614 1574 τεσσάρων
1647 1507 1740 1559 καὶ

149 1595 355 1668 τριῶν,
407 1595 652 1664 δηλονότι
704 1593 1170 1664 πρωτεξαδέλφων
1202 1594 1300 1664 μὲν
1331 1595 1389 1662 ἐξ
1421 1596 1610 1666 ἑτέρου
1646 1597 1740 1665 γὲο

156 1703 317 1752 νους,
355 1685 509 1749 θείας
532 1686 590 1740 δὲ
624 1686 720 1740 καὶ
758 1686 988 1756 ἀνεψιᾶς
1015 1685 1073 1753 ἐξ
1097 1687 1284 1758 ἑτέρου
1305 1703 1318 1715 ·
1357 1688 1451 1740 καὶ
1481 1690 1546 1742 ἐκ
1576 1689 1738 1744 πέντε

1450 373 2155 456 Gnaeo—nomnen.

153 488 386 560 Ειρὴνῃ
416 485 706 558 λογίζεται
739 489 771 541 ό
806 487 1126 556 Θεόδωρος,
1153 487 1290 542 οὔτε
1325 487 1446 552 τοῖς
1478 488 1549 553 ἐξ
1576 486 1734 557 ἁρχι-

1861 489 1964 540 alia
2024 485 2189 540 ullius
2248 481 2466 540 vinculis
2539 492 2697 554 atque
2768 485 3004 540 terminis

3266 371 3400 440 n30

3087 487 3406 559 astringitur

1835 589 2109 650 propterea
2179 581 2316 650 quod
2392 587 2543 634 extra
2621 577 2846 652 gradum
2919 581 3191 650 aﬂinitatis
3256 585 3408 638 uou'o

1836 683 1920 726 tua
1971 674 2062 726 sit.

1907 763 2055 820 Talis
2108 779 2240 837 ergo
2296 765 2567 822 sententia
2615 764 2808 837 synodi
2867 779 2993 822 cum
3051 767 3407 837 pronuntiata

1836 859 1910 913 sit
1932 855 1997 912 de
2020 864 2308 913 contractu
2337 871 2503 927 supra
2528 868 2981 924 commemorato,
3011 875 3121 916 non
3144 859 3410 930 impedie-

1839 957 1928 1003 tur
1961 947 2008 1004 is
2036 949 2227 1015 etiam,
2261 948 2356 1021 qui
2394 949 2595 1005 furtiva
2627 965 2753 1004 cum
2785 950 2967 1021 aliqua
3016 951 3242 1008 muliere
3274 966 3411 1007 con-

1839 1039 2185 1096 suetudinem
2267 1041 2493 1106 habuit,
2555 1043 2854 1112 quominus
2939 1043 3218 1099 sobrinam
3289 1044 3412 1114 ejus

1839 1131 2101 1202 legitimis
2136 1133 2346 1204 nuptiis
2381 1148 2608 1188 uxorem
2661 1133 2869 1190 ducat:
2909 1141 3024 1191 tum
3057 1135 3206 1208 quod
3258 1150 3416 1192 scor.
3462 1150 3466 1154 '

1838 1227 2100 1284 tationem
2137 1240 2365 1298 magnus
2408 1225 2500 1280 ille
2535 1225 2767 1282 Basilius
2814 1241 2918 1282 nec
2945 1241 3069 1283 esse
3121 1229 3413 1286 matrimo-

1840 1321 2015 1389 nium,
2095 1333 2196 1375 nec
2263 1319 2481 1375 initium
2540 1320 2912 1387 matrimonii;
2968 1322 3066 1378 sed
3127 1333 3415 1392 peccatum

1842 1411 2022 1483 plenis
2088 1411 2482 1468 ecclesiasticis
2524 1413 2848 1481 obnoxium,
2901 1417 3161 1470 decernat
3222 1435 3238 1472 ι
3295 1429 3415 1472 tum

1842 1501 1987 1572 quod
2044 1501 2314 1572 ejusmodi
2345 1511 2664 1560 contractus
2699 1503 2752 1558 in
2787 1505 3014 1574 gradum
3050 1521 3117 1562 ex
3152 1505 3418 1562 afﬁnitate

1843 1595 2134 1664 septimum
2163 1594 2399 1660 desinat,
2447 1595 2750 1651 sicutillud
2793 1598 2957 1653 etiam
2978 1599 3414 1668 matrimonium,

1843 1686 1990 1757 quod
2026 1687 2280 1742 contrahi
2320 1687 2463 1744 solet
2521 1703 2588 1744 ex
2625 1687 2890 1758 gradibus
2943 1698 3184 1760 quatuor
3217 1701 3274 1746 et
3303 1691 3412 1746 tri-

148 1778 400 1844 καὶδύο,
432 1779 600 1850 ἧγουν
661 1776 878 1848 πρώτου
943 1778 1234 1850 ὲξαδέλφου
1281 1781 1377 1834 καὶ
1423 1781 1648 1852 ἀνεψιοῦ
1675 1783 1740 1837 ἐκ

1857 1784 1947 1836 bus
1978 1779 2238 1835 nimirum
2276 1780 2626 1837 consobrinis
2647 1796 2715 1837 ex
2745 1796 2855 1836 uno
2877 1797 3099 1854 genere,
3153 1799 3219 1838 ex
3245 1784 3421 1839 altero

149 1871 636 1941 πρωτεξαδὲλφου,
653 1871 748 1926 καὶ
774 1870 869 1926 δύο
891 1872 1263 1943 αὑταδέλφων,
1289 1874 1382 1928 καὶ
1411 1873 1737 1941 ἀκολούθως,

149 1961 266 2014 ἀπὸ
287 1959 351 2026 ἓξ
379 1960 474 2014 καὶ
495 1961 814 2034 ὲνὺς,ήγουν
840 1962 1253 2034 δισεξαδέλφων,
1279 1967 1373 2019 καλ⁵
1388 1965 1483 2019 τοῦ
1510 1967 1739 2032 ταύταις

150 2049 214 2119 ἒξ
244 2052 446 2125 ἑτέρου
500 2054 687 2121 γένους
746 2056 1180 2126 συναπτομένου,
1234 2041 1582 2112 συνίστασθαι
1643 2059 1743 2114 πέ-

152 2161 336 2213 φυκε·
372 2145 551 2199 καὶτὸ
601 2146 783 2212 πλέον,
815 2147 898 2200 ὅτι
947 2147 1070 2202 οὐδὲ
1117 2150 1228 2212 τοῖς
1267 2150 1742 2223 ἀπηγορευμένοις

149 2236 230 2300 ὡς
263 2236 552 2308 ἀθεμίτοις
598 2239 970 2304 συντάττεται,
1015 2239 1156 2295 κατά
1181 2240 1281 2312 τὴν
1315 2242 1410 2296 τοῦ
1455 2243 1746 2312 ἀναπεφω-

157 2328 409 2402 νημένου
439 2328 513 2383 νδ’
538 2330 760 2394 κανόνος
781 2331 879 2400 τῆς
904 2332 1291 2402 οἱκουμενικῆς
1318 2333 1486 2405 ἕκτης
1517 2336 1737 2390 συνόδου

155 2418 482 2493 περίληψιν.
513 2421 610 2474 Διά
636 2437 701 2488 γε
737 2420 844 2490 μὴν
877 2420 973 2491 τὴν
1013 2422 1291 2490 πορνείαν,
1320 2422 1526 2492 ὀφείλει
1559 2426 1587 2479 ὁ
1612 2426 1741 2495 περὶ

149 2501 214 2565 οὗ
241 2512 273 2564 ὁ
305 2510 462 2578 λόγος
499 2511 662 2582 ἀνὴρ,
687 2509 754 2563 δι’
785 2511 962 2580 ἔργων
997 2512 1191 2566 ἑαυτὸν
1221 2512 1480 2583 καθάραι,
1513 2515 1623 2572 τῶν
1648 2517 1740 2572 δυο

151 2602 421 2673 ημένων
441 2601 779 2668 ἐξιλεοῦσθαι
806 2603 902 2658 τὸν
927 2606 1054 2666 τοὺς
1090 2605 1488 2674 μετανοοῦντας
1515 2608 1743 2680 δεχόμε-

151 2713 273 2761 νον,
309 2697 409 2750 καὶ
446 2697 540 2750 ἐπὶ
561 2695 785 2760 κακίαις
849 2695 1153 2768 ἀνθρώπων
1190 2694 1575 2768 μετανοοῦνται
1609 2703 1747 2773 φιλο·

151 2786 258 2841 ἀνθ
268 2802 459 2858 ρωπον
489 2787 535 2839 Κ
544 2785 572 2838 ὑ
581 2803 716 2858 ριον.

1848 1871 2015 1928 amita
2092 1873 2390 1944 fratrisque
2445 1872 2601 1941 filia;
2653 1881 2709 1930 et
2752 1877 2897 1946 quod
2951 1891 3019 1931 ex
3067 1877 3310 1948 quinque
3357 1891 3425 1931 ac

1847 1965 2084 2029 duobus,
2155 1965 2210 2020 id
2262 1973 2348 2021 est
2409 1966 2741 2022 consobrino
2794 1981 2860 2022 ac
2911 1967 3227 2024 consobrini
3286 1967 3423 2032 lilio.

1849 2054 2178 2127 duobusque
2205 2056 2486 2126 germanis
2526 2055 2794 2113 fratribus
2820 2066 2875 2113 et
2931 2060 3096 2114 simili
3137 2058 3320 2126 modo,
3353 2060 3427 2114 de

1849 2163 1943 2206 sex
1968 2158 2202 2216 ctuno;
2245 2149 2485 2204 sobrinis
2538 2148 2750 2205 scilicet
2776 2156 2830 2204 et
2885 2164 2972 2216 eo,
3031 2151 3123 2221 qui
3177 2165 3302 2207 cum
3337 2151 3426 2207 his

1851 2254 1917 2296 ex
1961 2241 2070 2296 alio
2120 2254 2321 2310 genere
2382 2238 2714 2310 copulatur:
2755 2249 2866 2295 tum
2922 2241 3183 2312 denique,
3250 2241 3426 2312 magis

1843 2333 2009 2388 etiam
2071 2343 2358 2403 propterea
2419 2333 2567 2403 quod
2619 2333 2762 2389 inter
2825 2335 3081 2405 conjugis
3122 2333 3421 2406 prohibita,

1843 2435 2101 2496 tanquam
2139 2426 2349 2490 illicita,
2386 2427 2688 2482 secundum
2714 2426 2789 2491 id,
2819 2428 2968 2497 quod
3003 2431 3232 2488 recitato
3250 2449 3421 2507 supra

1845 2518 2306 2590 quinquagesimo
2328 2526 2526 2590 quarto
2542 2519 2876 2578 universalis
2906 2531 3076 2580 sextae
3107 2526 3302 2597 synodi
3328 2542 3428 2582 ca-

1847 2627 1992 2668 none
2026 2612 2362 2676 continetur,
2395 2627 2503 2668 non
2538 2613 2834 2670 referatur.
2895 2613 3266 2676 Scortationis
3290 2621 3419 2692 qui.

1854 2704 1977 2761 dem
2025 2702 2337 2759 commissa:
2373 2717 2538 2759 causa
2565 2703 2727 2760 debet
2773 2705 2843 2768 is,
2875 2706 2942 2762 de
2974 2722 3087 2778 quo
3120 2708 3426 2781 loquimur,

1869 2797 2031 2852 factis
2075 2793 2348 2866 ejusmodi
2384 2810 2444 2851 se
2476 2811 2746 2868 purgare;
2777 2812 2899 2868 quae
2941 2799 3236 2871 benignum
3272 2802 3428 2858 illmn

160 2877 504 2946 Dominum,
539 2880 632 2950 qui
671 2878 1050 2951 pmnitentiam
1082 2888 1306 2950 agentes
1334 2883 1549 2955 recipit,
1601 2895 1655 2943 et
1703 2891 1776 2947 ob
1817 2889 2131 2947 mortalium
2159 2887 2487 2945 aﬂlictiones
2544 2889 2708 2944 aliam
2741 2889 2860 2960 ipse
2905 2899 3145 2947 mentem
3226 2893 3425 2959 induit,

155 2976 394 3046 placare
422 2977 656 3046 possint.

627 3092 861 3146 TOMOE
895 3092 1279 3160 ΕΞιΤιιΡιοΣ,

2208 3098 2545 3156 LIBELLUS
2567 3097 3066 3168 ABDlCATlONlS,

156 3206 336 3290 Ἤτοι
373 3205 734 3290 παραίτησις
786 3203 1251 3290 τοῦλάγιεοτάτου
1303 3209 1747 3290 ιιητρρπολίτου

1857 3212 1980 3270 Siue
2015 3214 2700 3290 renuntiatio‘sauctisgimi
2727 3212 3428 3290 ΔΗεναέςιξεηεὶε-ίιιιεηροροίί-

227 3276 626 3399 ἐῌρακλείας,
672 3275 858 3343 κηροῦ
899 3275 1202 3344 Θεοόιὶψου
1261 3275 1382 3332 τοῦ
1420 3275 1747 3348 Κριτοπού-

281 3362 380 3399 ου.

281 3362 380 3400 Ου.

231 3436 637 3506 Παναγιώτατέ
683 3454 787 3508 μου
841 3436 1098 3503 δέσποτα,
1141 3438 1379 3494 αὖθέντα
1433 3443 1529 3498 καὶ
1564 3444 1749 3498 οίκου-

153 3528 366 3601 μενικὲ
399 3527 734 3600 πατριάρχαι,
776 3528 870 3581 καὶ
921 3528 1101 3598 ὑμεῖς,
1135 3528 1280 3599 ἇγιοί
1319 3547 1420 3601 μου
1466 3532 1750 3600 δεσπόται,

151 3619 418 3689 ἀδελφοὶ,
445 3620 540 3672 καὶ
563 3617 968 3690 συλλειτουργοί
989 3635 1005 3651 ο
1046 3619 1196 3685 ὅπως
1228 3622 1328 3692 μὲν
1364 3622 1648 3696 ὑπετάγην
1673 3626 1751 3696 τῷ

154 3710 490 3772 καλέσαντι,
551 3711 646 3762 καὶ
711 3709 969 3780 ὑπέκυψα
1013 3710 1106 3766 τὸν
1129 3713 1334 3783 αὐχένα
1356 3714 1433 3786 τῷ
1473 3714 1624 3786 ζυγῷ
1656 3717 1750 3771 τοῦ

154 3798 540 3870 Εὐαγγελίου,
566 3802 676 3854 εἴτε
708 3801 766 3867 ἐξ
793 3800 1050 3872 ἀπειρίας
1075 3801 1300 3868 ἔπαθον,
1321 3805 1432 3858 εἴτε
1456 3805 1516 3869 ἐξ
1541 3807 1753 3877 ἀνθρω-

158 3896 337 3966 πίνης
375 3893 607 3966 ὀρέξεως
637 3895 738 3948 οὐκ
757 3893 866 3964 ἔχω
893 3895 1098 3948 εἰπεῖν·
1133 3896 1270 3960 τέως
1313 3896 1360 3949 δ’
1401 3893 1517 3962 οὖν,
1548 3896 1754 3953 ἔπαθόν

152 4007 212 4046 τι
244 3988 582 4058 ἐπισφαλές.
625 3987 780 4040 Ἐπεὶ
809 3985 865 4040 δὲ
901 3987 970 4040 τὰ
1021 3988 1147 4040 κατ’
1179 3986 1280 4057 ἐμὲ
1312 3987 1600 4056 κατολίγον
1633 3989 1754 4043 ἐπι-

153 4081 568 4150 σκεπτόμενος,
634 4078 902 4152 ἐθεώρουν
931 4078 993 4132 τδ
1021 4077 1152 4148 ἐμὸν
1209 4077 1512 4149 χαμερπὲς,
1549 4080 1642 4133 καὶ
1693 4081 1754 4134 το

151 4173 306 4246 ὕψος
337 4172 434 4226 τοῦ
471 4170 802 4242 ἀξιώματος,
834 4168 1094 4224 τοσοῦτον
1131 4169 1226 4222 ἀπ’
1257 4168 1506 4240 ἀλλήλων
1532 4171 1755 4241 διεστη-

149 4267 331 4324 κότα.
375 4264 499 4318 ὅσον
541 4263 569 4316 ὁ
593 4261 819 4334 οὐρανὸς
848 4261 944 4314 καὶ
970 4261 1004 4331 ἡ
1029 4260 1126 4330 γῆ,
1159 4260 1473 4332 ἀφροσύνην
1515 4259 1753 4330 ἐμαυτοῦ

148 4355 600 4424 κατεγίνωσκον,
645 4355 762 4419 καὶ,
797 4353 894 4416 Τίς
929 4351 1206 4414 κοινωνία,
1239 4351 1485 4414 ἐλάλουν,
1521 4353 1644 4421 ἐμοὶ
1672 4352 1754 4423 τῷ

153 4447 481 4521 περιπεζίῳ
535 4447 630 4502 καὶ
679 4448 746 4518 τῇ
798 4444 1043 4516 ἀγχιθέῳ
1079 4445 1356 4516 ἱερατείᾳς
1394 4445 1522 4499 Ὅτε
1577 4445 1755 4499 δὲκαὶ

2143 3285 2279 3349 tani,
2320 3281 2532 3338 Domini
2564 3278 2825 3340 Theodori
2857 3283 3148 3356 Critopuli.

1930 3441 2290 3499 Sanctissime
2312 3441 2384 3496 mi
2417 3441 2570 3504 here,
2605 3439 2846 3503 domine,
2873 3455 2940 3496 ac
2972 3441 3303 3500 universalis
3332 3458 3431 3516 pa-

1861 3531 2122 3598 triarcha,
2155 3545 2386 3602 vosque,
2409 3531 2587 3586 sancti
2617 3529 2847 3597 domini,
2884 3531 3082 3590 fratres
3120 3540 3174 3590 et
3206 3550 3433 3592 consor-

1860 3629 1944 3678 tes
1991 3622 2046 3676 in
2104 3620 2408 3677 ministerio
2448 3619 2554 3676 mei
2582 3637 2596 3674 :
2623 3635 2734 3691 quo
2763 3619 3014 3692 equidem
3068 3623 3229 3678 modo
3268 3639 3434 3680 voca-

1862 3712 2032 3768 tionis
2064 3712 2276 3766 auctori
2321 3726 2410 3766 me
2451 3711 2826 3778 submiserim,
2878 3721 2935 3767 et
2981 3711 3262 3784 Evangelii
3299 3715 3435 3788 jugo

1859 3802 2129 3860 cervicem
2170 3800 2510 3858 subdiderim
2544 3842 2558 3866 ,
2591 3818 2657 3857 ex
2695 3803 2968 3873 imperitia
2996 3819 3084 3870 ne,
3107 3819 3177 3860 an
3195 3805 3438 3862 humana

1861 3892 2173 3964 cupiditate
2213 3891 2474 3961 quadam,
2509 3893 2559 3946 id
2595 3891 2856 3948 acciderit
2889 3893 3044 3956 mihi,
3094 3909 3226 3950 sane
3253 3895 3436 3952 dicere

1861 3998 1967 4038 non
1996 3995 2220 4052 possum
2253 3997 2268 4035 :
2296 3981 2488 4037 saltem
2514 3980 2616 4036 hoc
2641 3980 2836 4047 fateor,
2867 3982 3134 4038 accidisse
3156 3983 3291 4038 mihi
3320 3999 3434 4039 rem

1861 4072 2092 4144 periculi
2131 4071 2372 4142 plenam.
2418 4070 2778 4140 Posteaquam
2837 4086 2968 4127 vero
3024 4072 3284 4143 paulatim
3320 4089 3435 4130 me-

1863 4168 2039 4236 ipsum
2069 4164 2450 4227 considerans,
2476 4172 2531 4218 et
2554 4162 2917 4219 humilitatem
2950 4177 3125 4218 meam
3174 4171 3231 4218 et
3262 4162 3426 4218 cilicii

1859 4257 2178 4328 dignitatem
2231 4254 2610 4325 inspiciebam.
2666 4261 2878 4309 tantum
2907 4269 2937 4309 a
2969 4270 3028 4311 se
3061 4255 3291 4311 invicem
3347 4257 3436 4311 di-

1859 4349 2089 4413 stantia,
2133 4354 2400 4418 quantum
2441 4346 2643 4402 coelum
2677 4353 2732 4401 et
2759 4352 2904 4401 terra
2945 4364 2960 4402 :
2993 4347 3260 4418 meipsum
3290 4349 3431 4403 stul-

1862 4443 1991 4498 titia:
2009 4440 2309 4497 damnans:
2327 4441 2586 4508 Quaenam
2605 4453 2730 4496 esse
2758 4442 2951 4510 possit,
2978 4439 3222 4512 inquam,
3254 4441 3438 4496 socie-

150 4543 259 4598 τδν
292 4543 423 4610 ὅρον
454 4538 548 4594 τοῦ
605 4537 845 4608 μεγάλου
901 4535 1120 4589 Παύλου
1165 4536 1258 4589 ἐπὶ
1289 4536 1558 4606 στόματος
1584 4532 1747 4608 εἶχον,

1863 4545 1947 4592 tas
1977 4535 2122 4590 inter
2154 4550 2239 4590 me
2284 4533 2440 4590 humi
2493 4532 2740 4598 atiixum,
2783 4541 2837 4590 et
2867 4535 3134 4590 accedens
3164 4549 3334 4606 prope
3359 4539 3429 4590 ad

148 4636 254 4689 τὸν
286 4629 663 4686 εἰδοποιοῦντα
701 4631 760 4683 τδ
813 4625 907 4683 τοῦ
941 4628 1244 4699 ἀρχιερέως
1304 4627 1634 4700 μόρφωμα,-.
1657 4627 1754 4685 καὶ

149 4726 514 4798 ἀνελεγὸμην
560 4722 754 4780 τούτου
790 4724 858 4776 τὰ
887 4725 1158 4794 χρώματα
1180 4738 1193 4753 ·
1241 4724 1301 4776 τὸ
1331 4724 1500 4791 ὅσιον,
1527 4725 1588 4778 τὸ
1618 4724 1751 4780 ἄκα-

147 4839 289 4882 κον,
323 4820 387 4872 τὸ
415 4817 679 4888 ἀμίαντον
701 4832 714 4846 '
744 4817 839 4871 καὶ
872 4814 993 4870 καθ’
1030 4814 1224 4870 ἑαυτὸν
1253 4816 1546 4870 ἀνεπόλουν
1569 4834 1583 4848 ·
1626 4819 1754 4870 ἑτα-

147 4910 478 4980 πεινούμην
505 4908 567 4963 τὸ
600 4907 915 4979 πρόσωπον,
953 4908 1047 4962 καὶ
1076 4908 1218 4961 κατὰ
1238 4907 1329 4963 τὸν
1358 4907 1557 4963 Μανωὲ
1585 4907 1756 4962 ἐϐόων

146 5005 265 5060 καὶ
319 5001 505 5065 αὐτὸς,
551 4999 908 5070 Ἀπωλόμην·
964 4998 1064 5069 οὐχ
1117 5000 1202 5052 ὅτι
1268 4998 1401 5053 Θεὸν
1466 5000 1755 5071 ἑωράκειν,

147 5096 290 5153 ἀλλ’
320 5096 404 5148 ὅτι
441 5093 581 5160 ὑπὲρ
614 5092 769 5162 ensi;
810 5092 993 5145 εἰκών.
1033 5091 1145 5162 Ποῦ
1178 5092 1288 5163 γάρ
1320 5109 1410 5163 μοι
1451 5091 1515 5145 τὸ
1540 5091 1757 5163 ὁριστὸν

146 5187 374 5256 αὐτῆς,
402 5185 450 5238 εί
485 5184 560 5255 μὴ
593 5184 728 5255 μόνη
765 5181 896 5252 ψιλὴ
931 5184 964 5252 ἠ
995 5185 1310 5254 ὁμωνυμία,
1342 5182 1440 5237 καὶ
1475 5183 1639 5253 μέχρι
1662 5181 1758 5236 τοῦ

148 5279 449 5348 ποδήρους
499 5277 534 5344 ὴ
572 5272 881 5342 (psittacis;
917 5273 980 5325 Ei
1027 5273 1085 5325 δὲ
1128 5273 1222 5326 καὶ
1281 5271 1454 5335 θείαις
1515 5272 1761 5344 Γραφατς

149 5365 617 5443 προσομιλήσας,
651 5364 750 5427 τὰς
775 5353 1357 5440 ἀπειλὰς-ζδιεξήειντῇ
1391 5353 1636 5432 γλώσσῃ,
1666 5362 1761 5418 καὶ

144 5463 272 5525 τὰς
302 5458 446 5525 ὑπὲρ
477 5458 716 5525 ἑκάστης
743 5455 976 5517 εὐθύνας
1007 5454 1205 5526 ψυχῆς,
1227 5456 1358 5527 ὅσας
1394 5455 1646 5509 ὑπάσειόν
1671 5471 1761 5524 μοι

145 5558 211 5614 αἱ
254 5553 564 5624 προφῆται,
595 5551 624 5602 ὁ
662 5549 846 5619 νόμος,
878 5550 906 5600 ὁ
944 5548 1201 5618 Χριστὸς,
1235 5547 1298 5601 τὸ
1327 5547 1676 5616 Εὑαγγέλιον,
1713 5547 1761 5600 οι

149 5642 494 5707 ἀπόστολοι,
519 5640 620 5694 οὐκ
654 5641 735 5694 ἐτι
767 5639 822 5693 αἱ
858 5637 1074 5709 Γραφαὶ
1124 5634 1273 5707 λόγοι
1317 5639 1478 5708 μόνον
1519 5639 1760 5702 ἐδόκουν,

149 5737 293 5795 ἀλλ’
315 5729 441 5806 ἧλοι
466 5731 690 5802 μονονοὺ
732 5730 1155 5801 ὲμπεπαρμένοι
1175 5747 1191 5762 ·
1222 5731 1344 5784 οὐδὲ
1377 5730 1468 5784 τὸν
1491 5730 1628 5800 ἀέρα
1650 5729 1764 5784 δαί-

154 5843 392 5903 ροντες,
415 5824 548 5877 ἀλλὰ
575 5823 634 5876 τὸ
655 5821 787 5893 ἐμὸν
816 5821 1190 5892 περικάρδιον.
1223 5821 1406 5876 Ταῦτα
1424 5820 1553 5891 γοῦν
1584 5823 1763 5878 πάντα

506 5917 782 5976 Parnon.
825 5916 943 5974 Gn.
987 5914 1086 5974 CX
1104 5915 1181 5973 IX

1861 4625 2032 4684 Deum
2063 4626 2470 4685 sacerdotium?
2497 4625 2633 4682 Cum
2666 4637 2849 4683 autem
2879 4628 3058 4700 magni
3086 4630 3252 4684 etiam
3287 4627 3438 4685 illius

1862 4720 2016 4776 Pauli
2048 4719 2423 4776 deﬁnitionem
2455 4720 2510 4774 in
2557 4734 2653 4776 ore
2691 4719 2970 4788 haberem,
3003 4734 3123 4791 quae
3153 4721 3436 4792 speciatim

1865 4810 2141 4881 pontificis
2175 4810 2334 4880 quasi
2367 4807 2600 4865 formam
2633 4809 2896 4874 delineat,
2950 4819 3005 4866 et
3045 4809 3194 4867 illius
3233 4813 3439 4886 relege-

1866 4917 1981 4959 rem
2017 4901 2253 4968 colores,
2313 4899 2591 4971 pietatem,
2654 4901 3045 4973 integritatem,
3096 4903 3389 4974 puritatem
3420 4945 3435 4970 ,

1864 5008 2068 5064 eosque
2091 5007 2304 5048 mecum
2336 4993 2509 5064 ipsius
2535 4992 2921 5063 expenderem,
2973 5009 3098 5049 cum
3130 4995 3440 5052 humilitate

1867 5083 2062 5140 faciem
2091 5084 2468 5149 demittebam,
2499 5092 2553 5141 et
2581 5085 2832 5155 exemplo
2857 5083 3064 5140 Manum
3082 5085 3383 5142 clamabam
3423 5105 3436 5140 :

1866 5175 2057 5232 Perii:
2089 5191 2202 5232 non
2235 5176 2382 5248 quod
2420 5176 2591 5232 Deum
2637 5177 2995 5248 aspexissent,
3030 5177 3129 5234 sed
3172 5178 3317 5248 quod
3360 5179 3440 5232 εἰσ

1869 5273 2174 5328 mulacrum
2206 5270 2312 5326 hoc
2337 5284 2507 5342 supra
2537 5271 2681 5326 vires
2716 5285 2868 5326 meas
2914 5280 3078 5328 esset.
3127 5270 3265 5326 Nam
3307 5272 3438 5342 quid

1868 5363 2088 5420 tandem
2128 5373 2212 5420 est
2238 5363 2372 5441 mihi
2403 5379 2527 5419 cum
2557 5362 2676 5434 eius
2707 5361 2932 5419 definito
2988 5378 3298 5430 commune,
3335 5365 3440 5424 nisi

1871 5457 2015 5512 nuda
2061 5457 2301 5512 societas
2344 5457 2752 5528 appellationis,
2797 5463 2853 5512 et
2894 5456 2959 5534 ad
3009 5466 3214 5510 vestem
3263 5471 3439 5527 usque

1871 5549 2100 5604 talarem
2137 5549 2394 5618 species?
2427 5547 2586 5615 Quod
2639 5549 2686 5604 si
2745 5561 2934 5602 sacras
2979 5547 3144 5602 etiam
3205 5545 3445 5607 Litteras

1873 5640 2148 5707 lectitans,
2179 5653 2274 5696 eas
2303 5623 2760 5696 comminationes
2805 5640 2990 5711 lingua
3035 5653 3439 5708 percurrerem.

1873 5731 2292 5802 reddendasque
2317 5745 2416 5800 pro
2461 5731 2705 5802 qualibet
2747 5731 2931 5785 anima
2985 5730 3248 5797 rationes,
3303 5745 3444 5802 quas

1874 5821 2217 5878 incutiebant
2245 5821 2376 5877 mihi
2404 5822 2702 5894 prophetr,
2733 5821 2840 5891 lex,
2882 5819 3164 5886 Christus,
3197 5819 3444 5896 Evange-

2969 5911 3042 5974 36
