3882 6602
170 409 284 474 H33

1401 394 1689 458 GRIECO'
1701 392 1965 457 ROMAN
1972 396 2085 457 UM
2092 442 2105 454 .

3244 393 3381 460 1134

164 521 293 575 πᾶσα
329 507 607 581 δογμάτων
660 505 976 576 ἀλλοφύλων
1039 508 1419 581 ἀποκρούηται
1469 509 1698 582 ζήτησις

1810 521 1924 585 rupi
1952 506 2272 577 dogmatum
2304 506 2590 578 inquisitio
2621 520 2687 563 ac
2715 511 3021 577 tempestas
3055 507 3377 579 repellatur.

161 612 241 667 καὶ
264 607 412 674 ζάλη,
449 600 544 655 καὶ
570 599 682 653 τῶν
721 602 1169 673 ἐπανισταμένων
1199 601 1477 657 λαιλάπων
1504 604 1569 656 ἐκ
1598 618 1697 657 πο-

161 703 329 776 λεμίας
350 697 628 769 αἱρέσεως,
649 694 1071 768 διασκεδάζηται
1093 695 1341 767 ζοφώδης
1365 696 1699 768 σκοτόμηνα.

161 790 387 849 Τοιοῦτον
421 787 527 857 γὰρ
553 780 696 839 εῖναι
717 785 798 839 δεῖ
825 786 915 841 τὸν
945 785 1076 840 λαοῦ
1101 787 1567 858 προστησόμενον,
1607 785 1704 841 καὶ

159 883 489 954 ἁνθεξόμενον
520 876 615 933 τοῦ
642 880 785 933 κατά
817 877 915 950 τὴν
943 879 1165 952 διδαχὴν
1183 879 1376 934 πιστοῦ
1406 879 1589 948 λόγου,
1609 882 1704 934 καὶ

153 974 429 1049 ὀφθαλμὸν,
458 972 552 1026 καὶ
576 970 770 1042 ἀκοὴν,
804 972 898 1025 καὶ
925 973 1100 1045 χεῖρα,
1144 973 1242 1026 καὶ
1273 972 1415 1027 πόδα
1452 971 1554 1043 τῆς
1581 971 1705 1025 ποί-

164 1086 312 1143 μνης,
340 1063 473 1137 πρὸς
497 1064 723 1134 ὁδηγίαν
757 1063 856 1135 μὲν
887 1065 984 1117 καὶ
1025 1063 1275 1138 φυλακὴν
1300 1064 1410 1117 τῶν
1454 1064 1703 1135 κρειττό-

154 1178 266 1221 νων,
311 1153 518 1226 ἀποχὴν
550 1154 607 1207 δέ
655 1154 752 1207 καὶ
804 1155 1119 1227 ἀνατροπὴν
1170 1154 1282 1209 τῶν
1314 1157 1575 1220 ἐναντίως
1609 1158 1704 1211 καὶ

153 1250 333 1320 ἑτέρως
376 1244 605 1315 ἐχόντων
659 1245 937 1314 ἐσόμενον.
982 1246 1135 1301 Ἐπεὶ
1189 1241 1283 1301 οὖν
1332 1249 1392 1300 ἐν
1446 1247 1704 1319 στερήσει

151 1340 387 1410 ποιμένος
422 1338 517 1408 τὴν
560 1338 685 1392 καθ’
719 1338 865 1410 ὑμᾶς
916 1338 1289 1411 εὐαγεστάτην
1329 1341 1568 1412 ποίμνην
1602 1341 1703 1394 ἐπ-

150 1432 372 1501 έγνωμεν
397 1428 893 1500 διαμένουσαν,τοῦ
924 1432 1401 1503 προποιμάναντος
1430 1431 1531 1502 ἤδη
1568 1430 1704 1501 πρὸς

147 1524 235 1593 τήν
257 1521 425 1574 ἐκεῖσε
458 1519 616 1592 λῆξιν
646 1520 981 1593 ἀπάραντος,
1018 1521 1114 1576 καὶ
1146 1520 1284 1592 πρὸς
1321 1522 1423 1585 τὰς
1450 1522 1571 1576 ’ἐκεῖ
1602 1539 1701 1592 μο-

147 1618 232 1678 νὰς
255 1612 653 1681 εἰσελάσαντος,
706 1615 808 1667 οὐκ
854 1613 1114 1687 ᾠήθημεν
1161 1614 1272 1669 δεῖν
1302 1615 1395 1668 ἐπὶ¹
1424 1614 1559 1670 πολὺ
1607 1633 1705 1686 χη-

146 1707 394 1780 ρεύουσαν
439 1704 539 1760 καὶ
583 1706 846 1777 ἄνανδρον
876 1708 1151 1779 καθῆσθαι
1171 1707 1219 1740 ⁸⁸
1261 1707 1359 1780 τὴν
1403 1708 1528 1763 καθ’
1559 1708 1705 1780 ὑμᾶς

156 1798 497 1869 Ἐκκλησίαν,
530 1798 626 1852 τοῦ
651 1799 995 1869 διεξάγοντος
1024 1801 1249 1873 ἔρημον.
1279 1802 1447 1856 Ὅθεν
1478 1802 1705 1868 ἐκλεξά-

1809 608 1865 655 et
1914 600 2235 672 caliginosae
2287 599 2567 655 turbinum
2596 614 2664 656 ex
2696 598 2880 655 hostili
2899 598 3104 658 Jtaeresi
3131 615 3193 658 se
3226 616 3383 657 com-

1805 696 2143 750 moventium
2198 693 2439 751 tenebrae
2506 695 2867 764 dissipentur.
2933 691 3147 765 Quippe
3216 695 3381 751 talem

1802 793 2023 857 oportet
2049 803 2177 845 eum
2209 802 2354 854 esse,
2405 787 2503 858 qui
2555 785 2761 858 populo
2815 784 3152 859 praefuturus
3196 786 3294 855 sit,
3329 796 3387 847 et

1804 876 2077 937 doctrina:
2126 880 2258 936 ﬁdei
2298 895 2490 938 curam
2542 879 2876 948 habiturus,
2912 880 3119 953 quique
3165 879 3384 938 futurus

1805 969 1880 1025 sit
1927 971 2143 1039 oculus,
2178 980 2235 1028 et
2289 972 2462 1039 auris,
2490 979 2549 1029 et
2575 987 2794 1042 manus,
2829 983 2884 1029 et
2919 988 3022 1044 pes
3057 974 3276 1045 gregis,
3327 983 3386 1027 ut

1806 1063 1983 1119 bonos
2013 1064 2180 1119 ducat
2204 1076 2374 1137 atque
2403 1065 2703 1134 custodiat,
2729 1066 2906 1123 malos
2950 1074 3007 1123 et
3033 1067 3194 1122 aliter
3248 1063 3385 1121 atie-

1805 1165 1926 1212 etos
1952 1157 2138 1228 abigat
2171 1172 2236 1214 ae
2269 1159 2576 1215 suhvertat.
2602 1159 2798 1230 Itaque
2822 1174 2947 1215 cum
2979 1156 3380 1228 acceperimus.

1806 1247 2283 1320 religiosissimum
2312 1251 2468 1309 urbis
2489 1258 2686 1308 vestrae
2708 1266 2928 1323 gregem
2952 1250 3133 1306 adhuc
3159 1257 3386 1321 pastore

1807 1356 2020 1407 carere,
2053 1350 2347 1415 postquam
2379 1342 2450 1410 is,
2500 1342 2595 1415 qui
2625 1343 2897 1400 hactenus
2945 1342 3070 1414 ejus
3118 1341 3385 1414 pascendi

1807 1445 1996 1487 curam
2028 1430 2220 1505 gessit,
2269 1430 2339 1487 ad
2369 1432 2597 1487 alteram
2632 1432 2798 1486 vitam
2834 1432 3111 1502 migravit,
3160 1440 3213 1487 et
3259 1430 3388 1488 coeli

1807 1523 2126 1579 mansiones
2164 1524 2452 1595 ingressus
2477 1533 2562 1580 est
2599 1542 2613 1579 :
2649 1523 2878 1579 minime
2932 1523 3387 1578 committendum

1807 1617 2150 1688 putavimus,
2182 1625 2243 1672 ut
2268 1615 2512 1673 Ecclesia
2542 1624 2726 1672 vestra
2779 1616 2977 1671 marito
3009 1630 3111 1671 suo
3152 1613 3389 1687 spoliata

1807 1716 2135 1779 rectoreque
2162 1696 2454 1778 destituta,
2486 1709 2576 1763 diu
2606 1723 2734 1764 cum
2766 1708 3055 1765 viduitatis
3079 1707 3389 1764 incommo-

1806 1799 1898 1856 dis
1933 1796 2368 1890 conﬁictaretur.
2397 1801 2632 1873 ideoque
2657 1816 2785 1858 cum
2816 1799 3127 1872 piissimum
3162 1798 3392 1872 presby‘
3472 1871 3493 1890 θ

148 1907 285 1961 μενοι
328 1888 418 1941 τὸν
476 1887 629 1942 δεῖνα
684 1888 777 1944 τὸν
825 1888 1246 1946 θεοσεϐέστατον
1306 1893 1703 1964 πρεσϐύτερον,

1814 1899 1993 1947 terum
2031 1888 2101 1945 N.
2134 1890 2546 1964 selegisscmus,
2574 1892 2737 1963 eique
2765 1891 3173 1947 interveniente
3204 1889 3388 1945 Patris

144 1979 409 2052 ἐπικλήσει
457 1979 556 2033 τοῦ
599 1979 948 2053 προανᾶῳχου
1004 1982 1243 2055 Πατρὸς,
1289 1983 1382 2039 καὶ
1426 1984 1705 2039 ἐπινεύσει

142 2070 223 2125 τοῦ
266 2070 606 2143 συνανάρχου
640 2071 796 2138 Υίοῦ,
830 2074 925 2128 καὶ
976 2075 1241 2147 συνεργίᾳ
1273 2077 1368 2130 τοῦ
1415 2078 1702 2146 ὀμοουσίου

140 2162 223 2214 καὶ
264 2161 600 2232 ἡγεμονικοῦ
650 2163 991 2236 Πνεύματος,
1042 2165 1120 2232 ὡς
1166 2166 1443 2240 ἐλάχιστοι
1478 2172 1574 2224 καὶ
1605 2173 1702 2226 ἀν-

140 2253 267 2321 άξιοι
292 2255 450 2326 χεῖρα
486 2254 794 2321 ἐπιθέντες,
828 2257 924 2311 καὶ
951 2258 1270 2330 ίερωνύμως
1290 2260 1359 2315 τὰ
1390 2263 1511 2316 κατ’
1541 2263 1706 2317 αὑτὸν

139 2346 534 2412 ἐκτελέσαντες,
584 2348 851 2421 ἀρχιερέα
901 2351 999 2422 τῆς
1055 2351 1359 2406 θεοσὼστου
1406 2354 1561 2425 ὑμῶν
1612 2357 1705 2410 ἀν-

137 2437 509 2509 ηγορεύσαμεν
551 2440 782 2506 πόλεως.
814 2441 1076 2513 ’Δσμενοι
1112 2442 1228 2509 οὖν,
1273 2446 1367 2499 καὶ
1391 2446 1702 2518 γηθόσυνοι,

136 2532 220 2583 καὶ
245 2531 340 2604 ὅλη
368 2529 524 2602 ψυχῇ
560 2532 655 2586 καὶ
682 2532 895 2605 διανοίᾳ
920 2535 1113 2591 τοῦτον
1137 2535 1476 2605 εἰσδέξασθε,
1507 2537 1602 2594 καὶ
1626 2539 1705 2603 ὡς

139 2623 336 2696 πατέρα
379 2624 696 2696 αἰδέσθητε,
734 2628 831 2680 καὶ
862 2626 939 2691 ὡς
983 2629 1220 2700 ποιμένα
1264 2630 1555 2702 ὁμοψύχως
1584 2632 1707 2687 ἐπί-

134 2733 316 2785 γνωτε,
345 2719 442 2772 καὶ
466 2718 553 2783 ὡς
592 2719 770 2791 ὁδηγῷ
800 2719 939 2791 πρὸς
982 2720 1261 2795 σωτηρίαν
1290 2723 1565 2779 ἐλαύνοντι
1604 2727 1706 2779 επ-

136 2807 558 2880 ακολουθήσατε,
608 2811 704 2866 καὶ
750 2810 827 2876 ὡς
864 2812 997 2866 ἴδιον
1030 2813 1257 2886 θήραμα
1308 2816 1703 2887 περιθάλψατε,

134 2902 220 2956 καὶ
247 2902 321 2965 ὡς
344 2902 508 2968 τάξιν
542 2903 675 2958 υίῶν
704 2904 837 2977 παρ’
870 2905 1022 2978 αὐτῷ
1066 2906 1325 2977 φέροντες
1356 2907 1668 2980 ὑποτάγητε
1688 2926 1703 2943 ο

133 2994 516 3062 γινώσκοντες,
553 2996 628 3061 ὡς
671 2997 814 3051 κατὰ
853 2998 1067 3054 Παῦλον
1123 2998 1215 3053 τδν
1244 3000 1421 3071 μέγαν
1452 2999 1708 3057 διδάσκα-

131 3086 233 3150 λον,
260 3087 598 3159 ἀκοιμήτοις
646 3088 950 3161 ὀφθαλμοῖς
1007 3091 1447 3164 ἐπαγρυπνήσει,
1478 3096 1572 3148 καὶ
1607 3094 1708 3166 τῆς

130 3175 352 3275 ψυχικῆς
580 3180 854 3275 σωτηρίας
880 3181 1144 3275 ἐπιεικῶς
1176 3185 1563 3255 προνοήσεται.
1597 3186 1708 3241 Καὶ
1732 3214 1780 3275 c

129 3270 227 3341 γὰρ
252 3269 321 3324 δι’
348 3271 532 3325 αὑτοῦ
578 3271 737 3336 ἐλπὶς
768 3275 905 3346 ἡμῖν
935 3273 1130 3345 βεδαία
1157 3276 1296 3344 ἐστὶ,
1340 3276 1410 3331 τὰ
1438 3277 1708 3350 κράτιστα.

129 3368 270 3435 παρά
294 3364 417 3435 Θεῷ
450 3368 562 3421 καὶ
610 3366 891 3439 σωτηρίας
939 3367 1179 3440 ἐχόμενα
1219 3370 1363 3441 ὑμᾶς
1415 3371 1704 3442 λήψεσθαι.

128 3455 186 3509 Εί
206 3455 311 3528 γὰρ
335 3458 502 3530 αὐτῷ
535 3458 597 3511 τὸ
625 3458 717 3523 οῦς
749 3459 904 3531 ὑμῶν
931 3462 1297 3529 ὐποκλίνοιτε,
1334 3464 1430 3518 καὶ
1463 3466 1578 3529 τοῖς
1614 3465 1709 3520 ὑπ’

130 3548 283 3603 αὐτοῦ
341 3549 682 3623 λεγομένοις
747 3555 1110 3625 προσέχοιτε,
1180 3555 1290 3610 τῶν
1338 3554 1710 3629 ἐλπιζομένων

128 3641 339 3710 ἀγαθῶν
356 3640 773 3712 ἐπιτεύξοισθε,
799 3646 894 3699 καὶ
921 3646 1031 3700 τῶν
1058 3647 1267 3702 ἐκεῖθεν
1295 3649 1542 3719 ἀμοιϐῶν
1556 3649 1709 3722 αὐτῷ

128 3736 598 3806 συμμετασχοιτε.
652 3735 768 3808 Πρὸ
815 3737 871 3791 δὲ
923 3737 1152 3807 τούτων,
1184 3742 1281 3793 καὶ
1322 3739 1410 3795 διὰ
1467 3742 1705 3807 πάντων,

123 3823 327 3895 δεήσεις
369 3827 624 3891 ἐκτενεῖς
661 3826 757 3880 καὶ
802 3826 1074 3896 ἐντεύξεις
1122 3828 1391 3900 διηνεκεῖς
1434 3831 1575 3903 ὑπὲρ
1611 3831 1707 3884 τοῦ

126 3916 384 3987 σωτηρίου
433 3915 682 3989 κράτους
710 3917 820 3972 τῶν
854 3919 919 3973 ἐκ
958 3919 1096 3973 Θεοῦ
1124 3921 1565 3995 προλαμπόντων
1607 3941 1710 3994 με-

123 4007 297 4074 γάλων
371 4010 658 4082 βασιλέων
714 4011 876 4084 ήμῶν
922 4012 1195 4069 ποιεῖσθαι
1250 4014 1328 4087 μὴ
1373 4014 1709 4071 διαλίποιτε⁶

120 4097 260 4161 ὅπως
289 4099 515 4170 Κύριος
560 4102 589 4153 6
634 4099 765 4164 Θεὸς
790 4102 819 4155 6
851 4101 1074 4174 στέψας,
1110 4105 1206 4158 καὶ
1245 4106 1574 4177 συμμαχῶν,
1617 4106 1711 4160 καὶ

120 4195 428 4262 νικητικαῖς
462 4192 797 4265 εὐημερίαις
831 4194 929 4267 τὴν
960 4180 1221 4268 γαλήνιον
1266 4198 1508 4270 κεφαλὴν
1526 4199 1570 4231 ⁸⁸
1610 4201 1711 4255 αὐ-

116 4284 219 4336 τῶν
254 4286 515 4355 στέφων,
536 4286 630 4339 ἐπὶ
656 4286 842 4340 πλεῖον
871 4288 966 4341 καί⁵
994 4286 1178 4342 πλεῖον
1204 4290 1327 4355 ταῖς
1351 4290 1470 4345 κατ’
1499 4291 1731 4362 ἐχθρῶν·

117 4375 427 4449 ἀνυψώσειε
500 4382 830 4449 προκοπαῖς,
880 4381 1136 4453 φρουρῶν
1192 4386 1286 4438 καὶ
1335 4381 1713 4455 διαφυλάττων

1804 1992 1933 2040 ante
1953 1985 2138 2039 omnia
2166 1984 2422 2056 principii
2449 1983 2689 2054 expertis
2712 1982 3083 2046 invocatione,
3109 1988 3390 2037 annuente

1807 2076 1973 2132 simul
2005 2087 2230 2148 experte
2275 2076 2527 2148 principii
2566 2075 2732 2142 Filio,
2783 2082 3116 2148 cooperante
3143 2075 3390 2131 consub-

1808 2169 2054 2226 stantiali
2099 2184 2164 2225 ac
2208 2169 2460 2241 principe
2518 2168 2752 2241 Spiritu,
2788 2176 3052 2239 tanquam
3082 2166 3295 2223 minimi
3331 2176 3389 2224 et

1808 2260 2017 2333 indigni
2068 2275 2295 2316 manum
2359 2262 2838 2333 imposuissemus,
2893 2267 2950 2316 et
2999 2260 3101 2315 rite
3153 2274 3275 2332 quae
3317 2259 3386 2313 ad

1808 2354 1992 2425 ipsum
2041 2354 2410 2425 pertinerent,
2484 2354 2999 2424 expedivissemus,
3059 2368 3183 2409 eum
3231 2351 3386 2408 urbis

1807 2452 2028 2513 vestrae,
2061 2445 2263 2501 divinae
2292 2444 2562 2502 custodite
2608 2444 3027 2512 commendatae,
3070 2444 3384 2515 pontiﬁcem

1810 2535 2247 2609 designavimus.
2305 2535 2584 2592 Lubentes
2652 2536 2841 2607 igitur,
2894 2543 2949 2592 et
3000 2535 3224 2603 hilares,
3269 2541 3388 2590 toto

1807 2628 1976 2686 corde
2007 2638 2173 2700 atque
2200 2629 2387 2703 animo
2416 2629 2571 2685 illum
2622 2630 2882 2700 excipite,
2912 2643 3013 2683 ceu
3055 2635 3266 2700 patrem
3292 2641 3388 2682 re-

1810 2723 2101 2788 verentini,
2132 2738 2231 2778 ceu
2266 2730 2554 2779 vocantem
2579 2739 2677 2779 vos
2720 2729 2996 2794 pastorem
3051 2720 3388 2777 unanimiter

1808 2817 2113 2887 agnoscite,
2144 2831 2246 2872 ceu
2274 2815 2469 2872 ducem
2501 2814 2571 2871 ad
2604 2814 2840 2872 salutem
2872 2829 2973 2870 vos
3014 2812 3385 2883 impellentem

1808 2907 2131 2979 sequimini,
2161 2922 2262 2963 ceu
2286 2914 2501 2979 captam
2540 2922 2574 2963 a
2600 2907 2755 2964 vobis
2788 2905 3027 2979 praedam
3058 2903 3257 2971 fovete,
3284 2918 3389 2961 ceu

1802 2999 2048 3056 ﬁliorum
2079 3000 2184 3072 ipsi
2214 3000 2339 3056 loco
2368 2999 2657 3057 constituti
2691 2998 3063 3056 obedientiam
3087 3006 3386 3070 praestate:

1809 3093 2050 3151 scientes
2076 3109 2226 3159 cum,
2257 3092 2326 3150 de
2354 3093 2508 3153 illius
2537 3093 2722 3165 magni
2765 3092 3010 3149 doctoris
3060 3090 3216 3147 Pauli
3260 3107 3390 3148 sen-

1812 3188 2006 3254 tentia,
2037 3202 2137 3259 pro
2160 3186 2317 3244 vobis
2348 3187 2698 3243 insomnibus
2723 3186 2899 3243 oculis
2921 3187 3295 3258 vigilaturum,
3322 3199 3387 3240 ac

1811 3280 2059 3337 studiose
2086 3278 2281 3335 salutis
2308 3278 2619 3333 animarum
2649 3286 2963 3335 vestrarum
2992 3280 3260 3334 rationem
3293 3278 3390 3333 ha-

1809 3372 2075 3428 biturum.
2116 3367 2253 3429 Nam
2293 3378 2444 3425 certa
2480 3368 2536 3425 in
2588 3383 2687 3441 spe
2729 3383 2944 3436 sumus,
2984 3384 3084 3440 per
3121 3384 3247 3425 eunt
3290 3384 3387 3426 vos

1811 3462 1956 3535 apud
1997 3462 2167 3520 Deum
2213 3463 2677 3535 praestantissima
2706 3447 3041 3533 qumque,et
3063 3461 3131 3519 ad
3151 3460 3384 3520 salutem

1808 3555 2166 3626 pertinentia,
2208 3560 2630 3610 consecuturos.
2666 3550 2882 3625 Quippe
2903 3552 2949 3608 si
2980 3565 3170 3608 aurem
3202 3552 3259 3609 ei
3299 3566 3389 3608 ve-

1812 3655 1984 3703 stram
2034 3646 2456 3713 inclinaveritis,
2503 3655 2560 3701 et
2595 3645 2840 3700 animum
2880 3644 2972 3713 iis,
3008 3659 3131 3715 qua:
3162 3642 3232 3700 ab
3268 3644 3391 3717 ipso

1812 3739 2190 3811 proferuntur,
2210 3738 2556 3795 adverteritis
2588 3756 2601 3792 :
2631 3737 2685 3792 in
2719 3752 2817 3808 spe
2848 3737 3028 3808 posita
3059 3736 3221 3793 nobis
3242 3737 3390 3792 bona

1813 3829 2235 3895 nanciscemini,
2287 3844 2519 3900 quaeque
2576 3829 2726 3883 vices
2778 3826 2833 3881 in
2864 3826 3036 3883 altera
3062 3827 3172 3881 vita
3198 3841 3391 3897 repen-

1811 3923 2040 3986 duntur,
2069 3936 2257 3976 earum
2288 3934 2411 3975 cum
2440 3919 2561 3990 ipso
2586 3917 2880 3989 participes
2908 3917 3084 3972 eritis.
3117 3916 3386 3974 Caeterum

1811 4023 1941 4070 ante
1971 4012 2108 4080 haec,
2139 4022 2195 4070 et
2223 4025 2323 4083 per
2354 4012 2562 4077 omnia,
2594 4024 2787 4081 preces
2823 4009 3066 4065 intentas
3111 4018 3165 4063 et
3216 4009 3390 4065 inter-

1813 4106 2092 4161 cessiones
2126 4111 2420 4177 perpetuas
2458 4117 2561 4172 pro
2584 4100 2822 4168 salutari
2852 4099 3389 4171 potestatecolloea-

1814 4207 1994 4253 torum
2019 4195 2287 4252 divinitus
2319 4195 2374 4250 in
2415 4193 2620 4250 illustri
2666 4193 2792 4249 loco
2820 4207 3256 4264 magnorumque
3288 4193 3392 4248 im-

1815 4295 2135 4360 peratorum
2186 4297 2529 4352 nostrorum,
2578 4285 2786 4341 habere
2820 4299 2888 4340 ne
2945 4283 3212 4340 desinatis
3271 4298 3287 4338 :
3330 4294 3394 4339 ut

1816 4380 2087 4436 Dominus
2118 4378 2232 4447 ille,
2263 4379 2358 4450 qui
2404 4376 2548 4434 Deus
2579 4386 2686 4445 est,
2742 4376 2946 4446 quique
2992 4375 3282 4430 coronavit
3333 4383 3392 4431 et

115 4471 403 4543 ἀδιάδοχον
436 4472 507 4525 τὸ
542 4472 736 4542 στέφος
763 4473 964 4541 αὐτῶν,
1015 4476 1095 4540 είς
1124 4479 1326 4541 παντὸς
1357 4478 1453 4532 τοῦ
1503 4479 1706 4551 κόσμου

1817 4478 2146 4544 propugnat,
2192 4479 2247 4527 et
2270 4470 2595 4526 victricibus
2631 4483 2890 4524 serenum
2922 4467 3167 4538 ipsorum
3222 4465 3394 4522 verti-

118 4562 398 4633 σωτηρίαν
429 4562 535 4617 καὶ
562 4563 816 4619 εὐόδωσιν
838 4578 853 4593 ·
886 4565 1228 4636 μεμνημένοι
1259 4567 1356 4621 καὶ
1394 4571 1495 4640 τῆς
1524 4550 1706 4640 ἡμῶν,

1818 4581 1934 4622 cem
1954 4564 2406 4636 prosperitatibus
2431 4578 2531 4618 ceu
2549 4571 2698 4619 serto
2715 4560 2957 4627 redimit,
2988 4559 3162 4628 magis
3190 4573 3255 4614 ac
3277 4573 3394 4612 ma-

112 4651 184 4713 ὡς
214 4654 400 4718 εἰκὸς,
437 4654 821 4726 μετριότητος.
860 4656 1002 4727 Πρὸς
1025 4656 1081 4709 δέ
1122 4657 1221 4726 τὴν
1245 4657 1340 4711 τοῦ
1368 4675 1713 4732 προκεχειρι-

118 4743 321 4814 σμένου
352 4745 524 4815 ὑμῶν
550 4745 856 4817 ἀρχιερέως
888 4749 946 4800 ἐν
976 4750 1044 4820 τῇ
1086 4748 1291 4821 ποίμνη
1322 4752 1710 4807 ἀποκατάστα-

112 4852 221 4898 σιν,
250 4836 354 4912 καὶ
385 4836 538 4908 πρὸς
564 4837 656 4891 τὸν
689 4838 834 4907 ἱερὸν
865 4838 1055 4909 θρόνον
1080 4840 1424 4913 καθίδρυσιν,
1476 4843 1569 4897 τὸν
1623 4845 1713 4897 εύ-

106 4921 461 4979 λαὸἐστατον
493 4924 584 4980 τὸν
622 4925 769 4983 δεῖνα
810 4928 1235 5001 ἀπεστείλαμεν,
1269 4931 1410 4986 ὥστε
1439 4933 1500 4987 τὸ
1536 4934 1715 4987 τοιοῦ-

102 5034 194 5071 τον
230 5017 409 5088 ἔργον
444 5018 794 5089 ἱεροπρεπῶς
834 5020 1233 5087 ἐκτελέσαντα,
1267 5023 1403 5096 πρὸς
1430 5026 1577 5096 ἡμᾶς
1618 5027 1712 5080 εύ-

105 5107 326 5178 καίρως
354 5108 835 5181 παλινδρομῆσαι.
884 5110 941 5165 '0
966 5110 1022 5165 δὲ
1053 5115 1453 5187 παντοκράτωρ
1492 5120 1587 5172 καί.
1622 5119 1716 5189 μό-

99 5214 193 5262 νος
220 5198 371 5262 Θεὸς
414 5198 606 5270 ἡμῶν,
663 5201 691 5253 6
740 5201 796 5253 ἐν
843 5200 1032 5272 Τριάδι
1073 5204 1448 5272 ὑποστάσεων,
1503 5206 1598 5260 καὶ
1654 5208 1712 5261 ἐν

98 5291 304 5360 μονάδι
363 5289 703 5360 οὐσιότητος
736 5293 1230 5366 προσκυνούμενος,
1274 5300 1301 5352 ὁ
1333 5300 1402 5354 τὰ
1445 5300 1713 5356 διεστῶτα

97 5388 401 5453 συνάγων,
437 5383 545 5436 καὶ
570 5382 639 5437 τὰ
670 5384 860 5457 πόρρω
908 5388 1150 5457 ἐγγίζειν
1184 5389 1381 5458 ποιῶν,
1411 5393 1439 5446 ὁ
1479 5393 1575 5447 καὶ
1613 5395 1713 5465 τῆς

1814 4659 1899 4731 gis
1939 4672 2035 4715 eos
2064 4655 2447 4728 progressibus
2498 4655 2765 4711 adversus
2795 4653 2983 4708 hostes
3036 4651 3259 4718 exultet,
3298 4666 3396 4705 cu-

1816 4752 2068 4808 stodiens
2147 4760 2202 4805 et
2263 4762 2601 4804 conservans
2677 4747 2732 4802 in
2809 4743 3204 4817 gubernatione
3280 4758 3393 4799 non

1818 4843 2126 4913 interrupta
2162 4854 2425 4896 coronam
2459 4853 2672 4905 eorum,
2716 4836 2785 4892 ad
2818 4836 2990 4894 totius
3024 4835 3213 4893 mundi
3245 4837 3396 4893 salu-

1818 4944 1928 4991 tem
1977 4949 2042 4989 ac
2090 4931 2411 4988 felicitatem
2459 4948 2474 4983 :
2512 4928 2910 4985 mediocritatis
2948 4929 3112 4985 etiam
3169 4936 3394 4995 nostra,

1817 5043 1917 5082 ceu
1948 5039 2048 5095 par
2074 5032 2179 5090 est,
2206 5021 2587 5079 recordantes.
2621 5020 2889 5077 Caeterum
2915 5019 3014 5090 qui
3044 5019 3394 5090 designatum

1819 5114 2137 5185 pontiﬁcem
2186 5120 2428 5169 vestrum
2477 5110 2582 5182 ipsi
2619 5110 2768 5181 gregi
2818 5109 3123 5175 exhiberet,
3158 5119 3398 5177 eumque

1818 5221 1978 5262 sacro
2006 5206 2059 5259 in
2091 5204 2230 5261 solio
2258 5202 2577 5267 collocaret,
2642 5197 3116 5270 religiosissimum
3143 5195 3209 5251 N.
3238 5194 3391 5250 able-

1815 5298 2068 5371 gavimus
2100 5313 2115 5350 :
2154 5305 2213 5350 ut
2236 5295 2341 5349 hoc
2370 5307 2598 5349 munere
2626 5295 2731 5348 rite
2770 5290 2943 5356 obito,
2969 5289 3036 5344 ad
3064 5302 3165 5343 nos
3189 5299 3394 5357 oppor-

1819 5400 1950 5446 tune
1999 5396 2330 5445 recurreret.
2361 5386 2727 5456 Omnipotens
2757 5392 2964 5449 autem,
3002 5388 3059 5437 et
3110 5379 3262 5436 solus
3303 5376 3396 5432 ille

96 5477 404 5547 ἡμετέραις
439 5476 679 5548 ποίμνης
706 5477 767 5530 τὸ
786 5476 973 5533 λεῖπον
1002 5482 1447 5555 ἀνασωσάμενος,
1471 5486 1706 5555 εὐλογῶν

1824 5482 1967 5538 Deus
1995 5486 2202 5547 noster,
2223 5478 2315 5550 qui
2344 5479 2401 5535 in
2422 5475 2692 5533 Trinitate
2715 5488 3095 5549 personarum,
3110 5481 3164 5528 et
3191 5471 3246 5526 in
3265 5467 3391 5526 nni-

92 5568 442 5642 εύλογήσει,
487 5570 579 5623 καὶ
612 5570 898 5642 πληθύνων
926 5573 1208 5646 πληθυνεῖ,
1230 5577 1326 5633 καὶ
1343 5577 1522 5644 αὔξων
1542 5579 1706 5651 ὑπερ-

1823 5586 1937 5634 tate
1998 5574 2250 5635 essentia:
2293 5575 2590 5644 adoratur;
2623 5573 2719 5645 qui
2757 5570 3021 5629 distantia
3086 5567 3314 5640 colligit,
3340 5576 3394 5623 et

1418 5755 1659 5816 VARUE
1694 5754 2100 5814 LECTIONES.

166 5847 219 5880 “
243 5844 663 5900 καθίστασθαι.
737 5845 783 5878 ⁸³
820 5846 890 5901 al.
922 5848 1185 5918 κορυφήν.
