3948 6576
558 402 665 469 135
1845 394 1983 456 JUS
2024 391 2470 454 CANONICUM
3666 391 3778 458 1136

520 513 736 586 procul
770 517 975 568 remota
1019 508 1150 565 facit
1210 523 1333 566 esse
1390 505 1725 579 propinqua;
1759 506 1852 578 qui
1884 506 2116 576 denique

2226 502 2449 574 αυξήσει
2506 498 2647 571 τοὺςξ
2679 499 2865 563 οῐκους
2899 500 3094 572 ἡμῶν,
3126 500 3193 557 τά
3242 517 3299 555 τε
3336 503 3667 576 γεννήματα.
3702 508 3778 561 καὶ

516 606 729 679 'gregis
763 606 926 660 etiam
960 601 1139 659 nostri
1172 600 1435 672 reliquias
1477 599 1717 656 servavit
1776 597 2116 664 incolumes;

2226 594 2552 667 διαφέροντα
2606 593 2762 664 ύμῖν,
2817 593 3214 666 φιλανθρώπως
3274 596 3686 666 συμποιμαίνων
3716 601 3779 670 τῷ

544 694 921 756 benedicendo
969 692 1273 757 benedicat,
1312 690 1729 763 multiplicando
1774 688 2116 758 multiplicet,

2230 688 2450 760 ποιμένι
2489 686 2664 757 ὑμῶν,
2715 686 2810 740 καὶ
2867 687 3253 760 συνεκτρέφων
3303 688 3453 760 ὑμᾶς
3502 690 3598 743 ἐπὶ
3633 693 3779 762 νομὰς

544 787 800 860 augendo
871 784 1137 855 adaugeat
1197 782 1389 837 domos
1428 792 1661 847 vestras,
1706 788 1761 835 et
1794 778 2001 836 feturas
2029 795 2116 835 ve-

2229 780 2584 849 ζωηφόρους,
2641 777 2736 831 καὶ⁵
2783 776 2870 846 ἐφ’
2925 776 3072 850 ὕδωρ
3118 777 3361 850 ψυχικῆς
3423 779 3777 848 ἀναπαύσεως.

540 891 705 947 stras,
729 889 782 936 et
804 893 889 934 res
906 875 975 933 ad
1004 891 1100 931 vos
1119 881 1488 946 pertinentes;
1519 874 1751 946 benigne
1774 888 2134 943 compescens
2241 875 2435 945 Ἄρην.

537 992 665 1036 eum
720 983 940 1046 pastore
980 980 1182 1036 vestro,
1213 981 1266 1026 et
1305 986 1426 1026 cum
1457 972 1550 1026 illo
1578 985 1676 1025 vos
1706 969 1774 1026 ad
1801 968 2015 1025 viviﬁca
2052 984 2279 1041 pascua,
2318 980 2373 1025 et
2430 969 2496 1025 ad
2540 986 2737 1043 aquam
2792 976 3059 1047 requietis
3116 973 3428 1030 animorum
3501 973 3777 1051 enutriens.

537 1073 731 1128 Amen.

538 1191 876 1255 Mandatum,
902 1187 1040 1260 quod
1065 1185 1185 1239 dari
1219 1185 1350 1240 solet
1378 1183 1780 1260 metropolitano
1839 1193 1887 1239 et
1941 1184 2120 1239 archi-

939 1260 1201 1328 episcopo,
1235 1273 1352 1311 cum
1392 1256 1693 1310 ordinatur.

606 1377 649 1431 l.
690 1376 837 1432 Cura
869 1373 1089 1445 benigni
1125 1372 1243 1438 Dei,
1280 1386 1388 1442 qua
1426 1386 1599 1441 genus
1627 1369 1933 1423 humanum
1966 1382 2120 1422 com-

539 1469 821 1542 plectitur,
857 1483 980 1523 cum
1028 1466 1166 1521 alias
1228 1464 1432 1519 multas
1492 1461 1860 1532 adipiscenda!
1919 1458 2121 1516 salutis

538 1562 861 1619 occasiones
890 1560 939 1615 ei
965 1559 1299 1630 suppeditat,
1340 1572 1404 1614 ac
1443 1556 1682 1612 diversis
1713 1552 1998 1610 beneﬁciis
2026 1551 2116 1607 in-

537 1655 720 1721 vitat;
756 1663 872 1707 tum
916 1651 1189 1721 imprimis
1220 1664 1316 1720 per
1358 1648 1558 1704 eximia
1593 1646 1733 1702 bona
1777 1654 1925 1701 recte
1973 1643 2118 1698 lata-

2228 1185 2537 1256 Ἐνταλμα
2575 1186 2896 1255 διδόμενον
2936 1187 3017 1254 τῷ
3054 1187 3566 1256 χειροτονουμένφ
3583 1204 3774 1257 μητρο-

2581 1260 2800 1328 πολιτῃ
2835 1258 2933 1312 καί
2966 1259 3443 1329 ἀρχιεπισκόπῳ.

2294 1374 2363 1423 α’.
2420 1368 2487 1423 Ἡ
2515 1368 2611 1423 τοῦ
2648 1370 3038 1443 φιλανθρώπου
3070 1372 3207 1425 Θεοῦ
3234 1371 3393 1443 ἡμῶν
3424 1374 3557 1443 περὶ
3587 1371 3645 1426 τὸ
3666 1373 3774 1443 qui-

2223 1477 2380 1531 τερον
2413 1462 2570 1531 γένος
2606 1463 2925 1535 κηδεμονία,
2977 1464 3185 1527 πολλὰς
3223 1464 3325 1528 μὲν
3373 1464 3525 1535 αύτῷ
3573 1465 3665 1529 τὰς
3694 1466 3774 1536 τῆς

2226 1551 2503 1622 σωτηρίας
2535 1552 2791 1624 ἀφορμὰς
2817 1545 3235 1627 παρασχομένη,
3257 1556 3541 1627 διαφόροις
3567 1556 3620 1610 δὲ
3644 1557 3774 1610 τοῦτο

2222 1641 2335 1705 τοῖς
2379 1642 2819 1715 εύεργετήμασιν
2843 1645 3286 1718 ἀνακαλουμένη,
3325 1646 3531 1716 μᾶλλον
3560 1649 3665 1711 τοῖς
3696 1649 3774 1717 τῆς

537 1763 661 1802 rum
691 1745 870 1815 legum
906 1751 959 1798 et
1005 1757 1101 1812 per
1149 1742 1466 1797 sanctiones
1524 1736 1840 1800 canonicas,
1878 1733 2116 1789 devotio-

2224 1734 2486 1805 εὐνομίας
2517 1738 2910 1810 προτερήμασι
2941 1740 3037 1794 καὶ
3064 1742 3187 1803 ταῖς
3243 1742 3565 1803 κανονικαῖς
3607 1737 3773 1811 θεσμο-

538 1855 662 1895 nem
695 1851 820 1909 erga
840 1852 963 1893 sese
990 1835 1207 1891 illorum
1240 1834 1296 1889 in
1330 1832 1550 1899 animis,
1571 1831 1666 1902 qui
1684 1844 1779 1886 eas
1802 1828 2116 1894 observant,

2226 1824 2439 1892 θεσίαις
2483 1828 2582 1900 τὴν
2613 1831 2693 1896 είς
2736 1831 2930 1886 ἑαυτὸν
2961 1831 3274 1901 οἰκειότητα
3300 1830 3412 1885 τῶν
3440 1830 3642 1895 ταύτας
3673 1849 3776 1885 συν-

536 1929 886 2000 providenter
905 1927 1128 1984 excitat.
1158 1924 1259 1981 Per
1285 1925 1385 1980 bas
1404 1924 1550 1979 enim
1573 1920 1923 1993 agnoscimus
1941 1919 2116 1989 ipsum

2225 1919 2537 1991 τηρούντων
2573 1923 3053 1995 προεμηθεύσατο.
3110 1922 3213 1977 Διά
3252 1921 3460 1977 τούτων
3497 1924 3607 1994 γὰρ
3641 1923 3778 1978 tractv

538 2022 841 2095 principem
866 2022 1048 2092 legum
1091 2025 1374 2075 auctorem
1407 2023 1463 2073 et
1514 2014 1848 2080 Dominum;
1881 2012 2116 2082 dumque

2227 2010 2329 2082 μὲν
2384 2012 2601 2085 πρῶτον
2632 2015 3075 2084 ὲπιγινώσκομεν
3106 2015 3197 2069 τὸν
3242 2015 3544 2085 νομοδότην
3573 2016 3659 2068 καί
3678 2016 3775 2068 K23-

537 2117 742 2173 divinis
774 2115 896 2185 ejus
927 2111 1395 2185 praeceptionibus
1442 2110 1602 2179 quasi
1661 2106 2110 2172 manuducimur,

520 2210 745 2279 absque
772 2205 979 2263 oll'ensa
1035 2204 1179 2259 viam
1228 2203 1526 2259 voluntatis
1580 2199 1703 2270 ejus
1758 2198 2107 2261 conficimus;

540 2319 638 2373 per
661 2303 760 2356 bas
785 2315 935 2371 pura:
962 2308 1125 2371 atque
1153 2296 1376 2353 illibatae
1403 2294 1527 2349 ﬁdei
1545 2300 1745 2349 nostrae
1764 2294 2114 2347 monumenta

538 2403 966 2457 conservantur,
996 2398 1050 2446 et
1094 2388 1340 2459 ejusdem
1392 2387 1450 2442 in
1501 2393 1651 2441 recta
1685 2381 1945 2439 doctrinas
1981 2396 2114 2437 sena

538 2484 710 2539 tentia
768 2481 956 2537 nativa
999 2489 1260 2535 venustas
1306 2478 1485 2535 elucet
1516 2491 1580 2532 ac
1610 2474 1812 2548 fulget;
1867 2488 1962 2544 per
2014 2471 2115 2529 bas

536 2576 763 2646 rapinae,
802 2571 1370 2641 circumscriptiones,
1404 2579 1457 2625 ct
1490 2583 1679 2625 eorum
1712 2566 1804 2638 qui
1830 2563 2115 2637 potestatis

540 2667 715 2722 abusu
745 2667 856 2720 vim
892 2663 1163 2736 proximis
1208 2662 1466 2727 afferunt,
1501 2659 1761 2717 libidines
1811 2657 2116 2714 retundun-

540 2770 664 2825 tur;
703 2773 800 2828 per
826 2757 926 2812 bas
951 2764 1066 2810 tum
1097 2754 1498 2820 contentiones,
1531 2759 1647 2807 tum
1690 2751 1820 2806 rixa:
1851 2762 2115 2805 coercen-

541 2856 631 2901 tur
695 2856 748 2901 et
809 2845 1147 2913 inhibentur,
1187 2858 1250 2900 ac
1284 2843 1434 2915 pacis
1462 2849 1515 2899 et
1552 2839 1864 2897 concordia:
1908 2838 2115 2895 bonum

539 2944 710 2997 sumit
740 2941 1098 2997 incrementa.
1146 2938 1475 3004 Enimvero,
1510 2934 1974 3009 quemadmodum
2020 2947 2119 3003 per

540 3036 640 3090 bas
673 3050 798 3090 cum
830 3034 936 3089 alia
976 3034 1120 3089 bona
1152 3031 1539 3103 perficiuntur,
1568 3040 1682 3084 tum
1717 3028 1828 3083 vita
1860 3035 1915 3083 et
1937 3025 2117 3082 oratio

542 3128 836 3193 formatur,
862 3126 918 3181 in
942 3124 1227 3179 hominum
1255 3122 1419 3194 vulgo
1446 3122 1713 3176 virtutum
1749 3133 1883 3189 opes
1933 3119 2117 3173 incre-

537 3228 719 3275 menta
747 3224 990 3281 sumunt,
1016 3215 1233 3287 justitia
1262 3222 1509 3286 pacatam
1533 3228 1714 3267 rerum
1767 3211 1959 3266 faciem
2002 3219 2120 3265 tue-

539 3321 651 3380 tur,
687 3318 740 3367 et
777 3309 1257 3366 administratione
1309 3321 1410 3363 sua
1450 3319 1783 3362 consensum
1852 3303 1921 3358 ab
1965 3302 2116 3359 omni

542 3405 779 3458 alienum
836 3399 1069 3456 discidio
1124 3406 1463 3455 conservat:
1504 3397 1579 3450 ita
1605 3410 1729 3450 cum
1771 3393 1841 3449 ab
1872 3393 1958 3450 bis
2003 3407 2113 3448 non
2143 3364 2190 3428 ο

541 3493 985 3556 manuducitnur,
1016 3490 1285 3561 iujustitia
1315 3499 1370 3545 et
1414 3487 1678 3553 avaritia,
1722 3485 1945 3555 maligni
1989 3483 2115 3539 libi-

541 3584 692 3641 dinis
722 3583 1074 3654 inexplebilis
1108 3581 1275 3647 fetus,
1312 3579 1364 3634 in
1394 3579 1508 3634 vita
1534 3578 1847 3633 mortalium
1880 3589 2119 3631 nascun-

545 3687 668 3732 tur:
696 3675 897 3730 bellum
925 3674 1068 3730 inter
1094 3688 1197 3727 nos
1229 3671 1581 3742 implacabile
1637 3669 1965 3734 suscitatur;
1996 3681 2118 3722 om-

542 3767 629 3822 nis
667 3767 734 3822 de
761 3765 940 3821 salute
972 3771 1164 3821 nostra
1208 3779 1335 3834 spes
1369 3764 1422 3818 in
1454 3762 1759 3833 periculum
1806 3768 1860 3816 et
1883 3759 2119 3814 dillicul-

542 3866 712 3914 tatem
753 3856 1073 3928 conjicitur.
1102 3857 1289 3927 Itaque
1332 3855 1378 3912 si
1437 3855 1816 3911 liberationem
1868 3868 1899 3909 a
1946 3852 2117 3908 tantis

544 3953 706 4009 malis
730 3951 1039 4006 divinarum
1088 3949 1267 4021 legum
1300 3948 1589 4020 disciplina
1644 3947 1802 4003 nobis
1836 3946 2115 4011 conciliat,

540 4053 594 4100 et
622 4045 869 4116 ejusdem
901 4043 1135 4115 privatio
1158 4042 1498 4097 contrarium
1546 4039 1674 4094 huic
1722 4037 1974 4093 ell‘ectum
2020 4038 2120 4092 ba-

542 4139 652 4201 bet,
695 4136 908 4209 supinis
966 4134 1221 4190 manibus
1258 4142 1350 4187 tua
1380 4133 1557 4203 pietas
1590 4132 1776 4186 divina
1808 4138 1863 4185 et
1897 4137 2120 4200 aposto-

543 4230 651 4284 lica
687 4230 933 4291 oracula,
966 4243 1091 4282 cum
1143 4224 1447 4283 salutiferis
1481 4234 1538 4279 et
1580 4222 1962 4296 spiritualibus
2028 4221 2124 4277 do-

543 4322 741 4378 ctrinis
781 4329 947 4391 atque
979 4319 1292 4391 prmceptis,
1326 4319 1581 4385 excipere
1611 4317 1807 4382 debet;
1855 4315 2123 4386 quasique

528 4413 762 4469 tabulas
780 4411 1054 4466 divinitus
1086 4409 1352 4478 sculptas,
1400 4415 1515 4461 tum
1565 4407 1621 4461 in
1669 4406 1847 4477 pretio
1891 4405 2120 4471 habere,

543 4513 660 4559 tum
688 4517 910 4560 servare
946 4517 962 4557 :
1001 4498 1369 4568 similiterque
1406 4498 1585 4565 legum
1622 4497 1865 4552 civilium
1908 4497 2120 4551 doctri-

545 4611 669 4649 nam
704 4608 893 4647 amore
952 4588 1250 4660 complecti
1311 4598 1366 4645 et
1416 4587 1689 4651 venerari,
1743 4602 1805 4641 ac
1865 4586 1917 4641 itt
1971 4585 2118 4641 omni

2226 2118 2361 2173 ριον,
2394 2103 2564 2158 αὐτοῦ
2608 2105 2667 2159 δὲ
2698 2106 3206 2179 χειραγωγούμενοι
3268 2109 3387 2171 ταῖς
3446 2105 3621 2170 θείαις
3659 2108 3778 2161 ἐντοο

2221 2193 2375 2259 λαῖς,
2430 2196 2802 2267 ἀπροσκόπως
2846 2201 2948 2271 τὴν
2996 2197 3089 2255 τοῦ
3160 2200 3465 2270 θελήματος
3511 2201 3672 2255 αὑτοῦ
3716 2199 3779 2252 δι-

2223 2287 2462 2358 ανύομεν
2483 2288 2601 2346 ὁδόν
2620 2309 2633 2324 ο
2674 2291 2764 2345 διά
2791 2291 2996 2346 τούτων
3026 2295 3094 2348 τὰ.
3114 2297 3213 2366 τῆς
3235 2296 3483 2367 καθαρᾶς
3515 2295 3668 2366 ἡμῶν
3702 2296 3780 2347 καὶ

2222 2380 2526 2452 ἀμωμήτου
2560 2383 2798 2449 πίστεως
2836 2387 3258 2455 διαφυλάττεται
3284 2389 3666 2460 γνωρίσματα,
3699 2388 3779 2440 καὶ

2223 2474 2510 2530 ἀνόθευτον
2562 2478 2622 2531 τὸ
2673 2476 2876 2550 ταύτης
2929 2480 3293 2552 ὲναστράπτει
3334 2481 3439 2551 τῆς
3488 2479 3778 2551 ὀρθοδοξίας

2226 2570 2421 2636 κάλλος
2444 2587 2458 2602 ο
2492 2569 2585 2626 διὰ
2609 2570 2814 2625 τούτων
2840 2572 3089 2642 ἁρπαγαί
3112 2590 3172 2627 τε
3205 2573 3303 2627 καὶ
3338 2572 3667 2639 πλεονεξίαι,
3701 2572 3779 2626 καὶ

2224 2663 2280 2716 al
2311 2663 2419 2717 τῶν
2449 2663 3029 2720 καταδυναπευὸντων
3051 2666 3178 2730 τοὺς
3210 2667 3440 2738 πλησίον
3471 2668 3781 2722 ἀνακόπτον-

2223 2774 2313 2811 ται
2338 2756 2541 2828 ὁρμαί·
2578 2756 2789 2819 τούτοις
2832 2755 3160 2825 φιλονεικίαι
3201 2759 3294 2812 καὶ
3323 2758 3503 2830 ἔριδες
3534 2760 3782 2829 ἐπιστομι-

2224 2846 2453 2919 ζόμεναι
2481 2848 2942 2919 κατέχονται,καὶ
2970 2850 3030 2903 τὸ
3051 2849 3154 2919 τῆς
3175 2848 3400 2921 εἰρήνης
3429 2850 3526 2904 καὶ
3556 2849 3778 2922 ὁμονοίας

2226 2940 2390 2994 καλὸν
2416 2940 2747 2993 ἐπιδίδωσιν.
2770 2939 2911 2994 Ἀλλ’
2939 2939 3130 3013 ὥσπερ
3162 2941 3231 2995 δι’
3264 2941 3446 2996 αὐτῶν
3470 2942 3541 2998 τά
3575 2959 3634 2997 τε
3663 2941 3778 2996 ἄλλα

2224 3028 2408 3101 ἀγαθά
2458 3030 2871 3103 κατορθοῦνται,
2900 3033 2995 3086 καὶ
3024 3031 3139 3103 βίος
3171 3033 3271 3104 μὲν
3306 3034 3403 3088 καὶ
3434 3034 3595 3103 λόγος
3622 3033 3781 3088 ἐντεῦ-

2226 3119 2316 3174 θεν
2349 3119 2694 3191 ῥυθμίζεται,
2752 3123 2834 3185 είς
2895 3121 3099 3191 πλῆθος
3127 3122 3185 3176 δὲ
3224 3124 3252 3176 ὁ
3294 3122 3402 3177 τῶν
3441 3124 3652 3194 ἀρετῶν
3686 3124 3781 3175 Ent-

2224 3212 2407 3265 δίδωσι
2462 3210 2718 3278 πλοῦτος,
2775 3212 3090 3285 δικαιοσύνη
3124 3229 3184 3267 τε
3226 3212 3286 3266 τὸ
3341 3215 3620 3285 είρηναῖον
3647 3231 3781 3285 περι·

2226 3307 2442 3375 κρατεῖ,
2482 3306 2577 3359 καὶ
2605 3305 2665 3359 τὸ
2696 3305 3019 3377 ὁμόγνωμον
3079 3305 3176 3359 καὶ
3217 3307 3591 3362 ἀστασίαστον
3618 3307 3781 3361 διακυ-

2221 3397 2472 3469 ϐερνῶσα
2524 3400 2762 3470 συνέχει,
2820 3398 2964 3453 οὕτω
2990 3398 3052 3453 τὸ
3086 3400 3161 3471 μὴ
3189 3399 3402 3463 τούτοις
3450 3400 3781 3471 χειραγωγεῖ-

2223 3490 2371 3556 σθαι,
2406 3489 2625 3545 ἀδικίαν
2679 3490 2780 3560 μὲν
2827 3491 2922 3544 καὶ
2971 3490 3308 3557 πλεονεξίαν,
3340 3491 3413 3544 τὰ
3456 3491 3666 3563 πονηρὰ
3698 3489 3780 3558 τῆς

2220 3579 2528 3652 ἀπληστίας
2577 3581 2974 3649 ἀποκυήματα,
3018 3580 3097 3654 τῷ
3144 3580 3246 3653 pag,
3304 3582 3671 3647 ἑναποτίκτει,
3705 3578 3778 3633 τὸν

2222 3674 2343 3727 κατ’
2368 3671 2613 3742 ἀλλήλων
2637 3672 2697 3727 δὲ
2714 3673 3026 3745 ἀκήρυκτον
3074 3673 3312 3744 πόλεμον
3366 3674 3699 3744 ἀντεισάγει,
3731 3674 3779 3725 ὲν

2222 3763 2411 3835 ἀπόρῳ
2440 3762 2549 3817 τῶν
2578 3763 2676 3834 τῆς
2718 3762 2994 3836 σωτηρίας
3026 3763 3184 3835 ήμῶν
3243 3763 3779 3836 ὲναποῤῥιπτομένων

2224 3854 2476 3911 ἐλπίδων.
2510 3855 2573 3910 Εἰ
2618 3856 2799 3910 τοίνυν
2828 3854 3099 3909 τοσούτων
3147 3856 3248 3927 μὲν
3270 3857 3463 3911 κακῶν
3485 3855 3781 3925 ἀπαλλαγὴν

2224 3943 2258 4013 ἡ
2286 3942 2393 3997 τῶν
2424 3943 2585 3998 θείων
2615 3945 2797 4017 νόμων
2827 3945 3081 4018 προξενεῖ
3103 3948 3481 4017 παιδαγωγία,
3534 3951 3567 4020 ἡ
3599 3949 3780 4013 ταύτης

2223 4034 2279 4088 δὲ
2302 4035 2559 4107 στέρησις
2593 4035 2703 4090 τῶν
2732 4038 2999 4092 ἐναντίων
3026 4038 3299 4110 παραιτία
3340 4039 3690 4103 καθίσταται,
3714 4037 3780 4092 δεῖ

2222 4126 2323 4199 τὴν
2357 4129 2456 4199 σὴν
2487 4127 2793 4198 θεοφίλειαν
2833 4129 2903 4183 τὰ
2938 4131 3057 4184 θεία
3114 4132 3212 4186 καὶ
3249 4131 3591 4186 ἀποστολικά
3618 4132 3780 4186 θεσπί-

2226 4233 2432 4288 σματα,
2460 4218 2589 4272 τάτε
2621 4221 2865 4291 σωτήρια
2917 4222 3013 4274 καὶ
3061 4222 3371 4294 ωτρικάου
3394 4223 3702 4293 διδάγματα
3733 4237 3780 4273 τι

2224 4308 2320 4362 καὶ
2344 4309 2713 4382 διατάγματα,
2747 4312 2941 4383 χερσὶν
2968 4312 3191 4377 ὑπτίαις
3217 4314 3584 4386 εἰσδέχεσθαι,
3605 4315 3696 4368 καὶ
3718 4314 3780 4373 ὡς

2225 4400 2627 4473 θεοχαράκτους
2654 4401 2829 4458 ταῦτα
2871 4404 3087 4468 πλάκας
3123 4405 3293 4477 τιμᾷν
3341 4405 3442 4459 καὶ⁵
3469 4406 3777 4475 φυλάττειν·

2223 4494 2323 4565 τήν
2347 4511 2405 4547 τε
2438 4493 2607 4564 ἄλλην
2631 4493 2742 4547 τῶν
2769 4494 3064 4550 πολιτικῶν
3094 4496 3558 4570 νομοθετημάτων
3582 4500 3785 4569 είσήγη·

2225 4600 2310 4636 σιν
2349 4583 2597 4655 στέργειν
2640 4600 2700 4637 τε
2750 4583 2848 4637 καὶ
2875 4583 3300 4652 διευλαϐεῖσθαι,
3333 4587 3430 4641 καὶ
3459 4586 3668 4651 τούτοις
3703 4584 3786 4639 ἐπὶ

546 4682 761 4739 actione
794 4688 1113 4737 constanter
1150 4679 1250 4736 luas
1300 4680 1452 4751 sequi
1482 4697 1495 4745 ;
1530 4677 1796 4748 quidquid
1853 4678 2116 4742 occurrit,

2226 4674 2375 4748 πάσῃ
2425 4674 2620 4745 πράξει
2666 4675 2926 4765 ἀρῤεπῶς
2982 4675 3390 4743 ἐπακολουθεῖν,
3438 4678 3533 4732 καὶ
3582 4677 3645 4730 τὸ
3704 4677 3781 4728 ἐπὶ

543 4774 611 4829 ad
638 4788 731 4830 eas
758 4772 994 4843 dirigere
1024 4783 1078 4826 et
1108 4771 1529 4826 accommodare
1567 4787 1579 4824 :
1617 4784 1742 4826 cum
1765 4777 1915 4824 certo
1948 4769 2115 4834 norit,

541 4877 667 4919 eum
697 4862 1007 4927 Dominum,
1036 4860 1138 4931 'qui
1171 4872 1354 4915 rerum
1414 4859 1759 4915 universitati
1818 4868 2035 4930 praeest.
2086 4875 2116 4914 a

542 4951 752 5008 dextris
779 4950 939 5006 nobis
960 4950 1155 5006 adesse
1181 4966 1196 5016 ;
1225 4949 1495 5020 quidquid
1529 4958 1743 5021 agatur,
1768 4950 2115 5021 perspicere;

540 5041 928 5113 respondentia
955 5041 1113 5097 factis
1146 5041 1371 5112 praemia
1395 5041 1656 5098 tribuere.

606 5132 663 5188 2.
692 5132 861 5189 Debet
900 5142 990 5187 tua
1019 5133 1219 5205 pietas,
1253 5147 1375 5202 quae
1406 5147 1502 5202 per
1533 5132 1775 5187 divinam
1805 5141 1997 5186 vocata
2030 5138 2115 5186 est

537 5224 772 5295 gratiam
793 5231 846 5279 et
871 5224 1210 5296 jugumillud
1240 5224 1613 5293 evangelicum
1633 5223 1773 5279 collo
1796 5223 2022 5294 recepit,
2047 5239 2114 5278 ex

537 5314 811 5388 Evangelii
834 5316 1151 5386 praescripto
1175 5331 1393 5388 gregem
1424 5317 1574 5372 vobis
1589 5316 2027 5372 commendatum
2051 5330 2116 5371 ac

540 5407 803 5464 traditum
841 5393 909 5464 ab
940 5407 1133 5479 opiﬁce
1177 5423 1360 5464 rerum
1413 5407 1618 5479 Spiritu
1673 5422 1858 5478 regere
1895 5425 1910 5461 :
1943 5409 2111 5463 vitam

538 5502 817 5572 propriam
849 5517 947 5573 pro
995 5503 1132 5573 ipsis
1191 5501 1387 5557 ovibus
1434 5500 1677 5571 objicere
1710 5517 1724 5558 :
1758 5499 1815 5554 in
1874 5499 2112 5572 caligine

539 5595 749 5665 peccati
784 5594 1127 5650 ambulantes
1172 5594 1239 5648 ad
1295 5593 1471 5649 lucem
1532 5594 1840 5650 deducere:
1875 5607 1975 5663 pro
2021 5594 2109 5661 iis,

2221 4767 2406 4837 χεῖρας
2437 4765 2763 4819 ἀπευθύνειν
2811 4782 2872 4819 τε
2908 4760 3018 4820 ’καὶ
3067 4766 3377 4837 ῥυθμίζειν,
3413 4768 3509 4822 τὸν
3538 4768 3633 4823 ἐπὶ
3663 4768 3778 4822 πᾶν·

2226 4875 2334 4910 των
2367 4856 2574 4928 Κύριον
2604 4857 2810 4911 είδυϊαν
2843 4858 3033 4928 σαφῶς
3067 4859 3131 4912 ὲκ
3174 4859 3364 4924 δεξιῶν
3408 4861 3624 4933 suav"
3655 4879 3777 4930 παρ·

2219 4952 2380 5016 εἶναι,
2400 4949 2500 5003 καὶ
2525 4951 2634 5013 πᾶν
2661 4951 2720 5003 τὸ
2750 4949 3029 5022 δρώμενον
3055 4952 3280 5024 ἑφορᾷν,
3306 4956 3403 5008 καί⁵
3435 4954 3537 5018 τὰς
3564 4956 3773 5026 ἐφαμίλο

2219 5041 2346 5108 λους
2377 5044 2491 5107 τοῖς
2521 5042 2706 5114 ἔργοις
2741 5043 2978 5115 ἀμοιϐὰς
3003 5045 3497 5116 ἀποταμιεύεσθαι.

2292 5131 2358 5204 β’.
2404 5135 2498 5188 Δεῖ
2531 5135 2632 5205 τὴν
2671 5135 2770 5206 σὴν
2803 5134 3110 5205 θεοφίλειαν
3142 5137 3248 5192 ὑπὸ
3279 5139 3377 5208 τῆς
3403 5139 3551 5203 θείας
3573 5140 3773 5211 χάριτος

2224 5226 2655 5298 προκληθεῖσαν,
2682 5228 2778 5281 καὶ
2809 5225 2901 5281 τὸν
2924 5227 3279 5297 εὐαγγεὶικὸν
3316 5231 3407 5283 ἐπ’
3437 5232 3659 5302 αὐχένος
3677 5231 3775 5281 εἰσι

2219 5318 2552 5389 δεδεγμένην
2584 5319 2771 5388 ζυγὸν,
2826 5319 3200 5389 εύαγγελικῶς
3232 5322 3335 5391 τὴν
3358 5320 3774 5393 ἐγχειρισθεῖσαν

2221 5412 2350 5480 ύμῖν
2386 5411 2492 5465 ὑπὸ
2517 5412 2611 5465 τοῦ
2640 5412 2983 5483 παντουργοῦ
3020 5413 3344 5484 Πνεύματος
3395 5412 3626 5484 ποίμνην
3670 5410 3775 5464 tot»-

2218 5520 2353 5568 νειν,
2405 5503 2505 5573 τὴν
2537 5502 2746 5556 οἰκείαν
2798 5503 2938 5575 ὑπὲρ
2979 5502 3089 5556 τῶν
3135 5501 3427 5573 προϐάτων
3474 5500 3773 5572 προτιθέναι

2217 5593 2420 5665 ψυχὴν,
2451 5596 2577 5661 τοὺς
2610 5597 2667 5649 ὲν
2701 5596 2883 5651 σκότει
2926 5594 3025 5666 τῆς
3076 5596 3355 5666 ἁμαρτίας
3388 5594 3771 5668 πορευομένους

1783 5781 1801 5797 ς
1819 5751 2051 5807 nam
2094 5728 2501 5813 LECTIONES.

600 5841 653 5875 ⁸⁸
680 5843 754 5897 al.
789 5845 1155 5915 πνευματικά.
1232 5846 1275 5878 ⁶⁷
1307 5842 1487 5916 ἡμῶν.
