3882 6580
143 420 258 492 1137

1360 406 2056 484 GRIECO-RQMANUM

3218 409 3354 478 1138

116 521 482 606 φωταγωγεῖν,
508 517 882 591 ἀδικουμένων
920 520 1388 592 προκινδυνεύειν,
1419 521 1672 592 θλιϐομέσ

1782 524 1872 592 qui
1900 522 2214 578 adiciuntur
2266 520 2525 592 injuriis,
2565 523 2720 581 obire
2766 522 3008 596 pericula
3044 529 3361 586 :consolari

140 637 246 683 νους
272 613 640 686 ψυχαγωγεῖν,
671 612 785 677 τοῖς
813 611 1016 667 ἐνδεέσι
1049 612 1151 685 τὴν
1179 614 1414 684 δυνατὴν
1449 614 1681 683 ἐπάγειν

140 709 469 784 παράκλησιν,
519 703 897 769 ἀποστολικῶς
948 706 1062 769 τοῖς
1108 705 1362 761 ἀσθενέσι
1414 705 1682 760 συνασθε-

137 808 251 869 νεῖν,
274 801 377 863 τοῖς
418 794 929 867 σκανδαλιζομένοις
972 797 1342 870 συμπάσχειν,
1377 797 1472 853 καὶ⁸
1508 797 1679 851 τύπον

135 893 311 967 ἀρετῆς
333 888 423 944 καὶ
451 885 703 953 εὐταξίας
750 888 820 942 δι’
853 887 1176 960 ἐμπράκτου
1221 887 1499 952 πολιτείας
1538 889 1678 942 πᾶσι

130 976 574 1054 διαγινώσκεσθαι,
636 978 780 1032 ὥστε
812 980 875 1033 τὸ
922 979 1038 1050 φῶς
1090 978 1245 1050 ὑμῶν
1293 978 1536 1050 λάμπειν
1576 978 1678 1050 Εμ-

132 1072 345 1147 προσθεν
367 1069 473 1123 τῶν
501 1068 828 1141 ἀνθρώπων,
860 1070 957 1124 καὶ
982 1070 1074 1125 τὸν
1126 1070 1343 1141 Πατέρα
1386 1070 1545 1141 ὑμῶν
1583 1073 1677 1125 τὸν

126 1172 178 1226 ἐν
196 1167 299 1229 τοῖς
327 1163 571 1235 οὐρανοῖς
604 1162 946 1229 δοξάζεσθαι.

185 1342 461 1417 ᾕΔεῑτὴν
502 1341 601 1416 σὴν
632 1342 939 1414 θεοφίλειαν
962 1344 1239 1416 νηστείαις
1264 1346 1359 1400 καὶ
1386 1348 1511 1411 ταῖς
1535 1345 1675 1420 πρὸς

126 1436 180 1492 τὸ
208 1435 352 1490 Θεῖον
381 1433 665 1503 σχολάζειν
697 1435 1019 1508 ἱκετηρίαις,
1046 1436 1201 1501 ὁσίας
1245 1438 1435 1509 χεῖρας
1480 1438 1676 1503 νυκτὸς

123 1530 202 1583 καὶ
243 1526 449 1599 ἡμέρας
500 1526 635 1597 πρὸς
682 1527 889 1599 Κύριον
938 1528 1380 1584 ἐκπεταννύσαν·
1430 1531 1676 1604 ἐπαγρυ-

119 1621 251 1674 πνεῖν
281 1635 336 1670 τε
368 1616 510 1688 ὑπὲρ
553 1616 663 1672 τῶν
714 1620 1242 1693 ἐμπεπιστευμένων
1294 1624 1429 1694 ἡμῖν
1462 1620 1672 1693 ψυχῶν,

119 1710 198 1762 καὶ
248 1704 471 1768 ταύταις
507 1705 715 1762 ἀνωθεν
745 1707 1076 1775 ἐξαιτεῖσθαι
1117 1710 1218 1783 τὴν
1264 1711 1560 1783 σωτηρίαν,
1599 1711 1676 1776 ὡς

120 1799 258 1866 λόγον
283 1797 420 1868 ὑπὲρ
451 1798 636 1851 αὐτῶν
672 1799 974 1856 ἀποδοῦναι
1003 1801 1348 1872 ὀφείλουσαν,
1400 1803 1537 1875 ὅπερ
1568 1803 1675 1874 πρὸ

118 1891 252 1961 ἡμῶν
299 1890 326 1942 6
379 1887 556 1959 μέγας
605 1890 915 1946 ἐκδιδάσκει
981 1894 1307 1959 Ἀπόστολος
1336 1913 1351 1928 ’

117 1980 232 2049 γὰρ,
264 1980 415 2050 φησὶ,
434 1983 550 2045 τοῖς
578 1983 903 2054 ἡγουμένοις
932 1985 1105 2056 ὑμῶν,
1135 1987 1226 2040 καὶ
1256 1988 1533 2046 ὑπείκετε.
1559 1990 1672 2044 Αὐ-

114 2074 182 2127 τοὶ
200 2072 299 2143 γὰρ
323 2074 700 2144 ἀγρυπνοῦσιν
729 2076 871 2148 ὑπὲρ
900 2076 1010 2133 τῶν
1040 2079 1230 2151 ψυχῶν
1267 2081 1442 2153 ὑμῶν,
1478 2083 1554 2148 ὠς
1582 2084 1674 2138 λό-

114 2180 196 2232 γον
238 2162 634 2230 ἀποδώσοντες.
681 2168 744 2222 Ei
778 2171 887 2242 γάρ
934 2174 963 2225 ὁ
1012 2172 1346 2244 θρεμμάτων
1391 2176 1675 2248 προεστὼς

112 2256 319 2323 ἀλόγων,
357 2256 481 2318 ἐνὸς
529 2259 710 2315 αὐτῶν
756 2262 1100 2328 ἀπολωλότος
1154 2266 1254 2321 οὐκ
1300 2267 1669 2341 ἀτιμώρητος,

113 2348 269 2419 πολλῷ
296 2350 470 2421 δήπου
490 2350 536 2384 ⁸⁸
565 2353 593 2407 6
620 2352 801 2425 ψυχῆς
832 2356 1178 2426 καταμελῶν,
1205 2358 1298 2414 τοῦ
1336 2361 1670 2432 τιμιωτάτου

112 2440 204 2495 τῶν
230 2442 542 2515 ἐγκοσμίων
574 2447 871 2519 κτήματος,
904 2449 1004 2503 οὐκ
1035 2451 1346 2518 ἀνεύθυνος.

171 2616 226 2676 δ’.
264 2620 381 2693 Χρή
416 2637 481 2677 σε
531 2624 606 2695 μὴ
635 2625 978 2698 ἀποκάμνειν
1024 2630 1371 2699 διδάσκοντα,
1404 2633 1541 2688 ἀλλά
1592 2635 1671 2689 δι-

111 2712 298 2802 ηνεκῶς
322 2713 416 2767 τὸν
444 2714 929 2791 ἐγκεχειρισμένον
959 2739 1040 2776 σοι
1066 2724 1193 2780 λαὸν
1222 2726 1291 2780 τὰ
1327 2728 1462 2798 πρὸς
1495 2747 1673 2802 σωτη-

117 2800 221 2872 ρίαν
250 2802 602 2863 ἐκπαιδεύειν
633 2810 728 2864 καὶ
764 2811 833 2866 δι’
862 2814 1083 2880 ἑαυτοῦ,
1116 2818 1210 2872 καὶ
1236 2816 1305 2870 δι’
1332 2820 1541 2892 ἐτέρου,
1575 2800 1670 2876 τοῦ

113 2893 195 2963 τὴν
220 2896 474 2970 τοιαύτην
507 2898 784 2957 διακονίαν
813 2905 1121 2977 ἐκπληροῦν
1150 2909 1454 2983 δυναμένου
1479 2931 1495 2945 σ
1524 2913 1671 2980 ὅπως

113 2984 175 3053 μὴ
199 2988 545 3058 καταμελῶν,
573 2994 640 3063 τῇ
666 2999 928 3069 κανονικῇ
961 2999 1233 3072 αὐστηρίᾳ
1277 3002 1472 3057 σαυτὸν
1497 3005 1667 3073 ἐγκαη

108 3078 357 3169 ταστήσῃς
388 3081 716 3141 ὑπεύθυνον.
754 3087 1083 3155 Ἐπίσκοπος
1104 3092 1235 3164 γάρ,
1267 3095 1503 3167 φησ“ιν,ἢ
1531 3114 1669 3169 πρε-

112 3165 346 3239 σδύτερος
372 3171 603 3241 ἀμελῶν
648 3174 744 3228 τοῦ
778 3177 983 3250 κλήρου
1035 3180 1067 3252 ἢ
1119 3182 1214 3236 τοῦ
1262 3184 1415 3252 λαοῦ,
1465 3165 1560 3243 ναι

108 3259 427 3351 ἐκπαιδεύων
501 3266 700 3331 αὐτοὺς
747 3266 848 3340 τὴν
903 3269 1226 3342 εὐλάϐειαν,
1288 3259 1663 3351 ἀφοριζέσθωέ

108 3350 359 3419 ἐπιμένων
390 3353 452 3407 δὲ
490 3359 555 3426 τῇ
593 3358 856 3432 ῥᾳθυμίᾳ,
891 3363 1284 3436 καθαιρείσθω.

164 3449 219 3539 ε’..
258 3446 375 3519 Χρή
442 3466 507 3503 σε
566 3454 643 3523 μὴ
686 3453 766 3525 τῷ
796 3456 914 3527 ’τῆς
963 3460 1256 3532 προεδρίας
1302 3464 1671 3539 ἐπαιρόμενον

106 3534 375 3608 ἀξιώματι,
428 3541 545 3595 τῶν
595 3544 1092 3621 ἐγκεχειρισμένων
1153 3556 1669 3629 κατεξανίστασθαι,

105 3628 234 3692 ὅπως
284 3631 359 3702 μὴ
414 3636 517 3726 καὶ
566 3634 659 3689 τοῦ
705 3638 806 3709 τῆς
873 3645 1386 3719 ταπεινοφροσύνης
1431 3651 1673 3726 ἐκπέσῃς

106 3724 470 3795 μακαρισμοῦ,
487 3730 581 3781 καὶ
605 3729 683 3799 τῷ
702 3732 809 3784 τῶν
835 3734 1189 3804 τυφουμένων
1207 3738 1516 3813 ἐγκλήματι
1535 3724 1671 3800 καθ-

104 3816 460 3891 υποὸληθείης
487 3838 500 3853 ·
566 3823 738 3878 τύπον
803 3827 861 3880 δὲ
923 3829 1125 3900 μᾶλλον
1171 3834 1363 3889 ἑαυτὸν
1411 3838 1673 3910 καθιστᾷν

103 3913 600 3987 ταπεινοφροσύνης
638 3920 750 3984 τοῖς
784 3921 989 3990 ὁρῶσι,
1041 3926 1137 3978 καὶ
1186 3925 1414 3994 τούτους
1455 3930 1524 3983 δι’
1583 3931 1674 4004 ἐρ.

100 4016 201 4068 γων
239 4004 335 4069 τὰς
362 4006 465 4061 τοῦ
505 4009 710 4081 Κυρίου
739 4013 961 4080 ἐντολὰς
993 4022 1289 4093 παρορμᾷν
1321 4025 1633 4097 ἐκπληροῦν
1656 4046 1669 4061 °

96 4098 309 4157 Μάθετε
345 4104 488 4177 γὰρ,
521 4108 709 4179 φησὶν,
739 4111 840 4165 ἀπ’
874 4113 1046 4183 ἐμοῦ,
1076 4115 1165 4171 ὅτι
1187 4116 1379 4187 πρᾶός
1406 4123 1525 4191 ειμι
1575 4123 1675 4177 καί

78 4188 365 4286 ’ταπεινός
398 4196 485 4266 τῇ
511 4199 745 4269 καρδίᾳ.
771 4203 901 4269 Καὶ,
939 4206 1126 4272 Ὅστις
1174 4210 1389 4282 πρῶτος
1443 4188 1500 4267 ἐν
1546 4215 1675 4286 ὑμῖν

95 4284 253 4340 ἐθέλει
282 4283 454 4355 εἶναι,
483 4287 624 4345 ἔστω
648 4293 866 4349 πάντων
889 4297 1136 4369 ἔσχατος.

161 4382 231 4441 ς’.
271 4379 367 4434 Δεῖ
414 4381 524 4452 τὴν
571 4382 671 4456 σὴν
717 4384 1047 4456 θεοφίλειαν,
1086 4391 1187 4463 τὴν
1231 4395 1526 4468 ἐπαινετὴν
1571 4402 1674 4453 ἐπ-

93 4472 495 4543 αναιρουμένην
521 4476 875 4542 ταπείνωσιν,
897 4480 1068 4551 μηδὲν
1094 4482 1314 4549 ἀνάξιον
1346 4487 1405 4541 ἐν
1432 4491 1545 4554 τοῖς
1566 4492 1672 4547 ὑπὸ

91 4561 238 4630 χεῖρα
271 4563 682 4638 ἀρχιερατικῆς
705 4568 1027 4639 ὑπολήψεως
1053 4573 1486 4646 διαπράττεσθαι
1505 4598 1517 4611 ’
1549 4583 1669 4637 ἀλλ’
1703 4562 1747 4619 υ

91 4656 240 4721 ἡνίκα
262 4675 351 4723 τις
387 4659 600 4715 τούτων
635 4661 728 4716 καὶ⁵
757 4664 844 4717 ὅτε
874 4664 1138 4735 ὀψόμενος
1164 4669 1335 4741 αὐτὴν
1368 4675 1671 4748 παραγίνη-

87 4764 187 4809 ται,
221 4751 301 4821 μὴ
339 4752 401 4819 ἐξ
453 4753 713 4819 ἀπονοίας
765 4758 859 4810 καὶ
894 4758 1211 4827 φυσιώσεως
1260 4762 1358 4834 τὴν
1407 4767 1671 4837 αὑτοψίαν

80 4842 268 4897 τούτου
300 4848 402 4900 καὶ
428 4847 793 4919 προσομιλίαν
816 4851 1269 4908 διαναόάλλεσθαι
1288 4873 1301 4887 ο
1328 4858 1445 4911 ἀλλ’
1472 4861 1669 4916 αὐτίκα

81 4934 169 4987 καὶ
198 4938 301 5006 τὴν
338 4938 665 5011 παραδοχὴν
698 4941 889 4995 τούτου
923 4946 1219 5011 ποιεῖσθαι,
1271 4950 1365 5002 καὶ
1409 4952 1548 5022 πρὶς
1585 4953 1670 5007 δε-

80 5025 263 5091 ξίωσιν
312 5029 395 5093 ὡς
433 5030 557 5085 δέον
588 5034 955 5104 προέρχεσθαι
1002 5036 1148 5109 (καθ’
1178 5037 1238 5093 ὃν
1272 5042 1473 5112 τρόπον
1506 5046 1538 5116 ἡ
1574 5063 1668 5117 με-

78 5119 296 5192 τριότης
328 5122 497 5193 ἡμῶν
531 5123 668 5195 πρὸς
692 5124 791 5197 τὴν
819 5125 973 5197 ὑμῶν
999 5128 1304 5199 θεοφίλειαν
1321 5133 1667 5208 διατίθεται),

74 5211 322 5282 ἀκριϐῶς
366 5214 598 5282 εἰδυῖαν,
647 5216 724 5281 ὡς
754 5220 803 5272 εί
837 5219 932 5272 καὶ
966 5223 1032 5292 τῇ
1073 5223 1336 5296 προεδρίᾳ
1383 5226 1442 5279 τὸ
1483 5230 1669 5299 μεῖζον

74 5304 467 5381 ἐκληρώσατο,
516 5311 634 5367 ἀλλ’
665 5307 758 5368 οὖν
797 5318 865 5387 τῇ
913 5316 1177 5391 ὁμοτιμία
1226 5320 1326 5392 τῆς
1356 5321 1592 5391 φύσεως.
1632 5326 1665 5398 ἢ

72 5400 164 5452 καὶ
215 5401 301 5471 τῷ
336 5404 679 5478 παραλλήλῳ
724 5406 827 5477 τῆς
878 5408 972 5463 τοῦ
1033 5411 1301 5482 παναγίου
1352 5415 1669 5488 Πνεύματος

73 5488 388 5564 ἐνεργείας,
416 5497 539 5552 κατ’
567 5497 720 5553 οὐδὲν
735 5497 955 5556 ἔλαττον
977 5503 1136 5574 ἡμῶν
1157 5504 1237 5539 ⁸⁸⁸
1254 5507 1281 5559 ὁ
1303 5507 1539 5575 τοιοῦτος
1559 5510 1669 5566 δια-

70 5586 252 5655 φέρει.

1406 1872 1672 1955 Πείθεσθε
1709 1872 1749 1926 Β

1785 630 1906 683 eos,
1943 616 2039 686 qui
2070 615 2391 686 amiguntur
2422 632 2437 670 :
2467 616 2657 688 egenis
2700 617 2896 674 ati‘erre
2951 619 3234 689 solatium,
3267 639 3365 692 pro

1783 706 2026 774 viribus,
2060 707 2297 779 apostoli
2333 709 2606 780 exemplo,
2643 710 2883 767 inﬁrmis
2922 726 2985 767 se
3007 714 3252 791 praebere
3275 694 3395 768 sn?

1783 800 1929 855 cium
1984 798 2322 857 infirmitatis
2354 819 2368 857 :
2400 816 2525 858 cum
2558 803 2648 869 iis,
2679 804 2767 860 cui
2807 804 3185 870 oll'enduntnr,
3217 819 3363 860 com-

1783 894 1935 949 muni
1968 893 2159 952 dolere
2197 893 2341 951 aﬂici
2378 914 2393 952 :
2431 895 2500 953 ab
2547 898 2808 957 omnibus
2847 898 3087 969 denique
3122 912 3221 969 pro
3254 897 3365 951 vir-

1783 983 1917 1041 tutis
1982 991 2037 1041 et
2116 984 2331 1041 ordinis
2403 985 2535 1043 boni
2595 987 2869 1061 exemplo,
2933 1004 3030 1060 per
3089 987 3362 1045 etiicacem

1779 1077 1998 1134 vivendi
2048 1078 2319 1134 rationem
2371 1079 2641 1152 agnosci;
2673 1090 2733 1137 ut
2785 1082 2878 1138 lux
2927 1090 3108 1139 vestra
3175 1095 3385 1157 coram,

1782 1171 2102 1230 hominibus
2136 1174 2338 1243 luceat,
2371 1184 2427 1233 et
2445 1174 2608 1233 Pater
2641 1183 2846 1244 vester,
2876 1174 2969 1247 qui
2990 1175 3044 1232 in
3071 1171 3229 1232 cmlis
3256 1183 3362 1238 est,

1780 1264 2141 1336 gloriﬁcetur.
2602 1258 2605 1263 “

1851 1357 1909 1413 '5.
1939 1357 2109 1415 Debet
2138 1366 2233 1415 tua
2248 1360 2423 1432 pietas
2441 1361 2668 1433 ieiuniis
2697 1370 2750 1419 et
2776 1362 3277 1434 supplicationibus
3294 1360 3364 1417 ad

1779 1448 1953 1506 Deum
1987 1465 2203 1515 vacare,
2236 1460 2401 1509 noctu
2446 1466 2500 1510 et
2539 1453 2781 1512 interdiu
2822 1455 2942 1525 pias
2970 1455 3034 1510 ad
3067 1453 3360 1509 Dominum

1778 1556 1978 1599 manus
2008 1544 2406 1617 exporrigendo
2442 1564 2454 1601 :
2498 1555 2552 1603 et
2582 1547 2918 1604 creditarum
2949 1546 3108 1603 nobis
3152 1547 3366 1602 anima.

1779 1652 1901 1691 rum
1939 1652 2106 1693 causa
2142 1638 2341 1711 vigilax
2375 1654 2520 1704 esse,
2552 1648 2718 1710 atque
2761 1640 2980 1697 etelitus
3014 1640 3097 1696 eis
3129 1640 3363 1695 salutem

1778 1744 2098 1800 exposcere,
2159 1730 2329 1787 veluti
2375 1747 2497 1802 qua:
2549 1732 2768 1789 illarum
2816 1733 3041 1788 nomine
3093 1731 3360 1788 rationem

1778 1820 2058 1877 redditura
2087 1822 2180 1887 sit,
2215 1823 2361 1893 quod
2385 1824 2567 1896 ipsum
2596 1832 2728 1881 ante
2757 1838 2861 1882 nos
2885 1840 3120 1897 magnus
3150 1824 3241 1881 ille
3270 1825 3364 1880 do-

1776 1925 1863 1973 cet
1896 1917 2216 1990 Apostolus,
2241 1920 2396 1977 hisee
2432 1921 2616 1977 verbis
2654 1938 2670 1976 :
2710 1919 3102 1993 Obtemperate
3143 1920 3233 1985 iis,
3267 1919 3360 1990 qui

1776 2009 1936 2066 vobis
1961 2022 2225 2082 praesunt,
2256 2023 2309 2068 et
2338 2012 2735 2070 obsecundate.
2762 2012 3030 2084 Nam-ipsi
3055 2022 3361 2069 vestrarum

1776 2103 2085 2160 animarum
2116 2120 2285 2162 causa
2343 2106 2597 2179 vigilant,
2631 2116 2889 2179 tanquam
2923 2107 3194 2162 rationem
3238 2106 3364 2161 red-

1776 2196 1966 2253 dituri.
1996 2196 2213 2269 Quippe
2246 2197 2295 2256 si
2343 2213 2455 2255 non
2484 2197 2592 2256 fert
2624 2198 2868 2271 impune,
2916 2198 3008 2271 qui
3043 2197 3363 2253 carentibus

1775 2286 1993 2345 ratione
2030 2289 2336 2359 pecudibus
2380 2298 2600 2362 praeest,
2638 2291 2731 2348 ubi
2772 2305 2962 2350 earum
2995 2290 3077 2346 vel
3126 2303 3236 2345 una
3270 2304 3363 2359 μου

1775 2380 1931 2437 rierit
1963 2398 1976 2436 :
2007 2381 2181 2439 multo
2220 2385 2393 2455 magis
2421 2384 2515 2453 qui
2546 2383 2789 2440 animam
2839 2383 3089 2455 negligit.
3120 2397 3234 2439 rem
3269 2398 3362 2437 su-

1773 2485 1871 2545 pra
1898 2472 2090 2529 mundi
2112 2488 2204 2534 res
2224 2475 2363 2532 alias
2394 2474 2618 2531 maximi
2653 2476 2835 2547 pretii,
2865 2475 3031 2546 culpa
3053 2489 3241 2531 carere
3264 2488 3365 2528 ne—

1775 2566 1917 2638 quit.
2557 2606 2561 2611 .

1842 2659 1899 2714 4.
1917 2656 2144 2731 Oportet
2159 2669 2211 2715 te
2232 2658 2758 2731 minime‘deiatigari
2779 2656 3052 2721 docendo,
3068 2656 3163 2714 sed
3184 2655 3363 2711 conti-

1775 2764 1887 2806 nuo
1921 2751 2362 2808 commendatum
2399 2750 2493 2806 tibi
2528 2750 2785 2821 populum
2813 2752 2866 2803 in
2898 2749 2985 2816 iis,
3018 2762 3138 2819 quae
3178 2750 3243 2801 ad
3276 2762 3362 2800 sa-

1773 2841 1944 2899 lutem
1967 2850 2245 2915 spectant,
2278 2852 2395 2898 tum
2427 2857 2525 2915 per
2567 2843 2803 2913 teipsum
2835 2841 3082 2907 erudire,
3119 2849 3230 2895 tum
3264 2855 3362 2910 pt-r

1774 2935 1963 3002 alium,
1983 2936 2075 3008 qui
2089 2936 2356 3007 ejusmodi
2382 2933 2930 3007 muneri:satisfaeere
2947 2934 3120 3004 possit
3144 2949 3156 2986 :
3182 2947 3250 2987 ne
3267 2948 3364 2986 tte--

1774 3027 2041 3099 gligenter
2074 3036 2126 3085 te
2157 3044 2356 3100 gerens
2386 3028 2666 3084 severitati
2695 3027 2973 3083 canonica:
3004 3026 3357 3096 temetipsum

1774 3120 1973 3178 reddas
1997 3121 2318 3179 obnoxium.
2341 3118 2434 3177 Sic
2456 3121 2602 3176 enim
2642 3121 2732 3176 illa
2768 3120 2998 3177 statuit:
3034 3117 3357 3189 Episc0pus,

1593 3191 1669 3262 μὴ
1698 3219 1741 3277 C
1775 3225 1870 3274 aut
1899 3215 2208 3288 presbyter,
2226 3215 2322 3287 qui
2347 3215 2556 3271 clerum
2584 3214 2666 3270 vel
2692 3214 2953 3286 populum
2982 3210 3226 3284 negligit,
3260 3226 3363 3264 nec

1771 3322 1868 3365 eos
1916 3308 2178 3381 pietatem
2224 3306 2403 3373 docet,
2440 3315 2777 3378 segregator,
2828 3311 2883 3360 et
2910 3317 3272 3376 perseverans
3303 3300 3360 3355 in

1772 3398 2123 3472 negligentia,
2148 3398 2459 3471 deponitur.

1844 3492 1899 3548 5.
1917 3489 2146 3563 Oportet
2172 3500 2226 3547 te
2247 3506 2356 3547 non
2391 3499 2609 3561 propter
2641 3489 2964 3561 dignitatem
2988 3488 3149 3544 oilicii
3175 3486 3361 3557 praesi-

1774 3583 1859 3639 dis
1877 3584 2106 3650 elatum,
2126 3584 2394 3640 adversus
2418 3582 2514 3637 tibi
2536 3581 2957 3638 commendatos
2971 3581 3280 3650 insurgere,
3295 3593 3363 3632 ne

1773 3676 1981 3748 pariter
2000 3684 2056 3732 et
2083 3676 2411 3732 humilitatis
2444 3675 2804 3731 felicitatione
2828 3687 3041 3739 careas,
3064 3681 3117 3728 et
3142 3670 3362 3727 inﬂato-

1776 3784 1897 3825 rum
1933 3768 2142 3825 crimen
2171 3770 2453 3836 incurras;
2484 3769 2579 3825 sed
2612 3768 2800 3840 p0tius
2829 3768 3069 3836 teipsum
3098 3765 3363 3820 exhibere

1776 3861 2177 3933 spectantibus,
2221 3861 2536 3930 exemplum
2579 3858 2927 3924 humilitatis,
2950 3865 3006 3913 et
3032 3872 3129 3911 eos
3163 3856 3229 3910 ad
3258 3856 3361 3909 im-

1775 3954 1975 4026 plenda
2011 3952 2225 4008 Domini
2268 3952 2527 4007 mandata
2560 3950 2723 4006 factis
2769 3951 2905 4020 ipsis
2948 3949 3217 4005 excitare.
3256 3944 3358 4000 Di-

1775 4044 1923 4108 scite,
1959 4044 2160 4112 inquit,
2187 4058 2252 4098 ex
2276 4059 2376 4110 me,
2437 4042 2691 4113 quoniam
2722 4042 2869 4097 mitis
2894 4056 3034 4104 sum,
3059 4045 3111 4094 et
3141 4038 3361 4091 humilis

1775 4141 1950 4195 corde.
1993 4139 2147 4204 item,
2181 4136 2446 4208 Quisquis
2488 4137 2631 4193 inter
2658 4150 2755 4193 vos
2802 4135 3016 4207 primus
3050 4146 3172 4189 esse
3218 4130 3357 4195 vult,

1777 4231 1848 4287 sit
1869 4231 2115 4287 omnium
2152 4228 2396 4286 ultimus.

1847 4413 1901 4469 6.
1930 4411 2101 4468 Debet
2130 4419 2222 4467 tua
2258 4410 2436 4481 pietas
2463 4408 2627 4465 laude
2660 4408 2880 4481 dignam
2916 4406 3227 4478 suscipiens
3254 4406 3359 4461 hu-

1777 4507 2089 4570 militatem,
2130 4503 2268 4560 nihil
2301 4501 2593 4570 indignum
2626 4500 3038 4558 existimatione
3078 4500 3357 4576 pontitieia

1775 4599 1920 4654 inter
1948 4596 2200 4654 subditos
2225 4593 2571 4651 committere
2603 4610 2616 4647 :
2664 4593 2760 4649 sed
2792 4593 3226 4663 quandocunqne
3257 4590 3359 4645 ho-

1778 4705 1898 4744 rum
1931 4689 2131 4758 aliquis
2160 4686 2430 4742 invisendi
2468 4701 2637 4742 causa
2662 4686 2895 4749 accedit,
2915 4702 3024 4742 non
3054 4701 3118 4740 ex
3145 4684 3358 4740 insania

1774 4788 1828 4837 et
1855 4780 2140 4835 inﬂatione
2172 4779 2416 4835 hominis
2443 4787 2730 4849 aspectum
2759 4787 2814 4833 et
2834 4778 3221 4834 allocutionem
3253 4774 3362 4830 dif~

1775 4872 1921 4928 ferre
1971 4891 1985 4927 :
2028 4872 2123 4927 sed
2161 4886 2288 4926 eum
2338 4870 2528 4927 statim
2581 4870 2893 4937 admittere,
2944 4884 3155 4941 proque
3209 4883 3362 4923 more

1775 4967 1995 5036 prodire
2031 4965 2099 5026 ad
2155 4966 2337 5039 ipsum
2383 4965 2769 5035 excipiendum
2830 4964 3032 5036 (qualis
3070 4971 3126 5018 et
3159 4971 3361 5019 nostra:

1779 5059 2179 5115 mediocritatis
2234 5074 2358 5116 esse
2423 5058 2565 5114 solet
2630 5056 2854 5112 affectio
2907 5072 3035 5127 erga
3100 5056 3355 5125 pietatem

1778 5150 2066 5223 vestram),
2096 5166 2224 5207 eum
2252 5159 2511 5207 accurate
2546 5150 2713 5216 norit,
2740 5150 2958 5205 tametsi
2987 5147 3198 5204 ratione
3229 5162 3360 5218 ιπερ-

1779 5242 2004 5299 t‘ecturze
2035 5245 2209 5313 major
2238 5243 2358 5316 ipsa
2386 5243 2495 5313 sit;
2533 5242 2685 5297 illum
2711 5241 3160 5298 tamenalterum
3196 5247 3357 5293 natu-

1778 5350 1851 5390 ra:
1876 5336 2139 5407 dignitate
2185 5352 2395 5407 parem,
2451 5337 2536 5392 vel
2592 5335 2758 5392 etiam
2821 5334 3071 5389 instituta
3109 5330 3350 5401 Spiritus

1780 5430 1956 5483 sancti
2003 5427 2340 5484 etiicacitatis
2380 5427 2813 5499 comparatione,
2847 5423 3052 5482 nullius
3095 5430 3353 5493 respectu

1778 5518 2117 5575 discriminis
2157 5518 2473 5577 inferiorem
2502 5519 2662 5579 nobis
2690 5532 2832 5575 esse.

1404 5779 1634 5839 VARle
1671 5781 2081 5845 LECTIONES.

136 5861 181 5896 "
202 5863 390 5939 δήπου
420 5866 641 5936 μᾶλλον.
718 5870 796 5904 ⁸⁸*
821 5872 997 5943 ὑμῶν.
