3882 6620
495 438 642 508 1139

1798 442 1834 506 Ι
1841 443 1938 505 US
1977 439 2424 505 CANONICUM

3628 432 3647 497 1
3660 433 3725 502 ιιο

567 553 622 612 7.
651 555 820 615 Debet
848 562 943 614 tua
968 557 1168 630 pietas,
1196 558 1468 631 siquidem
1492 560 1665 617 maias
1699 560 1872 618 vitare
1894 559 2071 632 suspi-

2251 558 2316 626 ζ’.
2357 561 2452 614 Δεῖ
2493 560 2592 633 τὴν
2629 557 2728 630 σὴν
2783 555 3115 627 θεοφίλειαν,
3167 556 3327 626 εἴπερ
3375 551 3478 618 τὰς
3525 555 3725 625 πονηρὰς

493 649 687 707 eiones
721 648 874 718 velit,
919 650 1008 720 iis,
1044 652 1137 723 qui
1183 654 1332 709 clero
1359 664 1740 723 accensentur,
1770 667 1955 709 rerum
1986 652 2085 707 ad-

492 742 951 802 ministrationem
993 755 1157 819 atque
1179 747 1320 804 alias
1337 746 1653 807 functiones
1674 748 2083 806 ecclesiasticas

493 834 551 893 in
602 851 798 894 manus
850 837 1088 896 tradere.
1129 836 1248 897 Hoc
1297 838 1445 898 enim
1479 848 1534 898 et
1574 855 1604 895 a
1658 855 1873 897 canone
1915 852 2082 898 sacro

493 939 824 1001 praeceptum
870 937 975 998 est,
1019 939 1075 987 et
1122 930 1273 987 omni
1317 947 1419 989 vos
1468 932 1679 991 oli‘ensa
1725 933 1922 990 liberat
1954 951 1968 990 :
2004 934 2081 989 uti

493 1019 705 1077 scilicet
737 1020 1150 1079 administratio
1190 1040 1374 1082 rerum
1419 1023 1683 1082 Ecclesia:
1744 1025 2079 1084 testimoniis

493 1126 605 1169 non
649 1121 857 1177 careat,
890 1121 950 1170 ut
993 1117 1144 1172 nulla
1185 1130 1415 1189 prorsus
1461 1131 1531 1176 ex
1571 1128 1729 1191 parte
1767 1120 2079 1178 sacerdotio

492 1192 726 1262 convicii
754 1205 911 1263 labes
937 1218 1285 1281 aspergatur.

432 1386 445 1441 ξ’
561 1383 616 1441 8.
657 1385 828 1444 Debet
857 1396 949 1444 tua
996 1388 1190 1459 pietas,
1226 1390 1272 1446 si
1307 1390 1434 1461 quis
1479 1386 1867 1462 episcoporum
1908 1392 2073 1447 vitam

491 1491 618 1534 eum
650 1490 830 1535 morte
867 1481 1244 1546 commutarit,
1275 1480 1501 1540 omnino
1535 1481 1671 1538 nihil
1697 1498 1763 1540 ex
1795 1483 1960 1540 rebus
1993 1482 2077 1555 ip-

490 1574 607 1630 sius
637 1574 892 1643 auferre;
949 1590 1052 1632 nec
1104 1575 1337 1633 honesto
1367 1576 1590 1633 nomine
1634 1577 2072 1645 consuetudinis,

488 1663 834 1736 prohibitum
868 1667 1075 1737 rapinae
1102 1665 1486 1739 violentiaeque
1516 1666 1734 1724 facinus
1762 1668 2018 1725 obvelare
2054 1685 2069 1722 :

489 1756 587 1814 sed
618 1758 890 1815 universis
922 1759 1272 1825 denuntiare,
1316 1759 1588 1825 futurum,
1616 1767 1676 1816 ut
1704 1760 1889 1816 omnia
1922 1761 2071 1816 salva

2184 653 2476 723 ἐκφεύγειν
2500 651 2803 725 ὑπολήψεις
2819 650 3021 715 ἐθέλει,
3052 650 3167 713 τοῖς
3195 650 3254 704 ὲν
3280 646 3360 719 τῷ
3387 646 3580 719 κλήρῳ
3599 663 3726 702 κατα.

2184 748 2500 819 λεγομένοις
2532 749 2633 819 τήν
2656 763 2717 801 τε
2746 747 2855 800 τῶν
2909 744 3253 815 πραγμάτων
3298 742 3629 812 οἰκονομίαν,
3662 745 3727 797 καὶ

2181 843 2281 908 τὰς
2332 843 2498 907 ἄλλας
2551 839 3016 914 ὲκκλησιαστικὰς
3068 835 3405 909 ἐγχειρίζειν
3464 835 3725 900 διακονίας,

2184 936 2355 991 Τοῦτο
2382 936 2494 1010 γάρ
2519 936 2615 989 καὶ
2644 936 2672 989 ὁ
2705 934 2852 1004 ίερδς
2882 932 3064 994 κανὼν
3100 930 3475 1000 ὲγκελεύεται,
3518 930 3609 982 καὶ
3632 928 3726 1000 ὑμῖν

2183 1029 2242 1083 τὸ
2270 1028 2621 1100 ἀπρόσκοπον
2655 1025 2927 1099 προξενεῖ,
2955 1025 3097 1079 ὥστε
3140 1022 3217 1094 μὴ
3270 1022 3593 1092 ἀμάρτυρον
3620 1017 3724 1076 εἶναι

2178 1120 2279 1191 τὴν
2306 1120 2406 1192 τῆς
2427 1119 2757 1191 Ἐκκλησίας
2791 1117 3106 1187 οἰκονομίαν
3126 1132 3140 1147 ο
3192 1115 3288 1170 καὶ
3323 1114 3465 1186 μήτε
3492 1112 3718 1181 ἐντεῦθεν,

2184 1214 2320 1283 μήτε
2353 1212 2461 1284 μὴν
2490 1211 2778 1283 ἑτέρωθεν,
2809 1209 3085 1281 λοιδορίαν
3109 1210 3177 1280 τῇ
3207 1206 3485 1278 ἱερωσύνῃ
3506 1206 3718 1277 προστρί-

2180 1304 2395 1361 σεσθαι.

2248 1323 2395 1361 auat.

2258 1394 2331 1466 η’.
2373 1397 2467 1449 Δεῖ
2508 1395 2607 1465 τὴν
2632 1396 2732 1465 σὴν
2762 1394 3090 1463 θεοφιλειαν,
3125 1392 3178 1445 ei
3203 1389 3337 1444 ποτέ
3371 1405 3481 1442 τινι
3504 1386 3611 1440 τῶν
3636 1387 3721 1441 ist-

2180 1486 2399 1542 σκόπων
2422 1486 2483 1540 τὸ
2505 1485 2601 1540 τοῦ
2652 1485 2767 1556 βίου
2800 1485 2957 1549 τέλος
3016 1482 3254 1547 ἐπέλθοι,
3293 1479 3464 1553 μηδὲν
3499 1477 3721 1548 μηδαμῶς

2176 1583 2242 1634 ὲκ
2272 1579 2380 1634 τῶν
2411 1577 2577 1633 αὐτοῦ
2617 1577 2976 1650 ἀφαιρεῖσθαι
3003 1574 3373 1648 πραγμάτων,
3408 1571 3539 1641 μηδὲ
3579 1570 3723 1640 σεμνῷ

2174 1674 2401 1746 ὀνόματι
2430 1670 2721 1742 συνηθείας
2751 1667 3094 1734 ἐπισκιάζειν
3121 1667 3223 1737 τὴν
3249 1666 3353 1736 τῆς
3383 1662 3633 1733 ἁρπαγῆς
3654 1663 3722 1716 καὶ

2174 1764 2494 1837 τυραννίδος
2542 1762 3006 1835 ἀπηγορευμένην
3054 1759 3292 1831 πρᾶξιν·
3341 1754 3723 1827 παρεγγυᾶσθαι

489 1859 905 1915 conserventur,
959 1860 1015 1908 et
1079 1850 1379 1909 secundum
1423 1852 1714 1924 ipsiusmet
1752 1852 2072 1924 dispositio-
2097 1896 2146 1956 Β
2172 1863 2227 1916 δὲ
2260 1863 2415 1927 πᾶσι,
2454 1858 2568 1914 σῶα
2595 1858 2773 1912 πάντα,
2798 1851 3275 1924 διαφυλάττεσθαι,
3329 1853 3422 1902 καὶ
3462 1848 3603 1900 κατα
3630 1846 3705 1911 τὴν

487 1950 658 1999 nemll
687 1943 944 2015 quaelibet
974 1945 1178 2001 relictas
1213 1945 1423 2017 species
1472 1945 1931 2002 administrentur
1963 1963 1976 1999 :
2015 1946 2071 2001 in

491 2034 685 2104 primis
716 2050 1058 2106 quaecunque
1104 2035 1190 2091 vel
1233 2036 1302 2092 ab
1351 2035 1447 2090 illo
1489 2044 1753 2106 tempore,
1791 2050 1902 2106 quo
1934 2050 2077 2105 prte-

490 2124 666 2181 fectus
692 2121 1038 2198 episcopatui
1071 2124 1261 2192 fuerit,
1293 2125 1652 2197 acquisivcrit
1672 2141 1688 2191 ;
1723 2124 1807 2182 vel
1833 2126 1882 2181 ei
1917 2133 2074 2197 post-

486 2214 711 2272 modum
780 2231 810 2271 a
865 2217 1118 2288 cognatis
1176 2217 1537 2273 accesserint.
1592 2214 1753 2283 Quod
1801 2216 1849 2272 si
1901 2225 2080 2273 morte

486 2305 777 2364 subitanea
817 2308 988 2363 vitam
1020 2307 1243 2375 ﬁnierit,
1272 2322 1344 2365 ne
1387 2310 1471 2366 sic
1516 2308 1738 2378 quidem
1786 2308 2078 2366 facultates

486 2401 665 2472 ipsius
695 2400 862 2473 diripi
896 2401 1176 2459 auferrive
1214 2401 1455 2472 debent;
1491 2403 1586 2460 sed
1626 2404 1674 2459 si
1726 2402 1821 2475 qui
1860 2412 2080 2472 cognati

484 2493 606 2564 ejus
631 2501 874 2580 egstent,
901 2493 1013 2551 illis
1042 2509 1134 2551 res
1167 2495 1345 2568 ipsius
1377 2497 1618 2568 propriae
1655 2495 2075 2564 attribuantur;

485 2585 575 2643 sin
609 2586 747 2641 nulli
777 2586 913 2644 tales
954 2587 1258 2658 supersint,
1299 2594 1432 2644 tunc
1467 2587 1741 2659 siquidem
1788 2588 1948 2659 inops
1995 2592 2082 2644 est

484 2677 717 2734 ecclesia
774 2678 867 2734 cui
899 2678 1140 2750 praefuit,
1187 2688 1353 2751 atque
1416 2680 1613 2736 horum
1655 2680 1862 2752 indiga,
1907 2679 2080 2735 lacul-

485 2777 629 2827 tates
662 2770 785 2842 ejus
826 2773 1093 2844 accipiet:
1122 2772 1170 2828 si
1202 2773 1449 2844 locuples
1479 2782 1535 2831 et
1562 2775 1844 2844 opulenta,
1878 2774 2076 2831 saltem

488 2872 548 2918 ut
579 2861 649 2932 _in
697 2877 970 2936 pauperes
1006 2863 1128 2932 ejus
1163 2863 1309 2920 bona
1362 2863 1786 2930 distribuantur,
1848 2878 2076 2936 operam

483 2954 624 3011 dare
654 2953 854 3023 debet;
883 2970 991 3012 non
1018 2956 1205 3026 specie
1228 2956 1466 3027 quadam
1501 2956 1796 3013 dominica:
1828 2957 2076 3013 auctori-

484 3045 614 3101 tatis
657 3053 714 3103 et
758 3044 1047 3116 potestatis
1092 3046 1427 3115 invadendo,
1475 3062 1564 3104 res
1604 3047 1781 3119 ipsius
1826 3049 2067 3104 auferre.

483 3136 701 3208 Quippe
743 3136 791 3194 si
823 3137 957 3207 quid
993 3151 1026 3192 a
1065 3138 1220 3193 vobis
1253 3135 1529 3208 ejusmodi
1575 3144 1844 3194 tentatum
1881 3137 2075 3203 fuerit,

2181 1952 2345 2009 αὐτοῦ
2375 1951 2586 2007 ἐκείνου
2623 1948 2900 2013 διάταξιν,
2948 1945 3123 2009 οὕτως
3172 1944 3408 1996 ἕκαστον
3439 1939 3553 1992 τῶν
3598 1955 3723 1992 κατι-

2179 2039 2603 2116 λιμπανομὲνων
2649 2037 2806 2092 εἱδῶν
2835 2033 3192 2090 διοικεῖσθαι·
3233 2031 3473 2116 μάλιστα
3498 2027 3558 2081 δὲ
3590 2028 3673 2081 ὅσα

2181 2114 2323 2187 κατὰ
2368 2130 2463 2184 τὸν
2514 2127 2730 2199 καιρὸν,
2782 2125 2843 2179 δν
2898 2118 3310 2195 προεχειρίσθη,
3370 2114 3723 2182 ἐκέκτητο-ἢ

2185 2226 2324 2297 μετὰ
2352 2222 2525 2279 ταῦτα
2556 2223 2620 2275 ὲκ
2650 2219 2931 2289 συγγενῶν
2957 2212 3108 2286 αὐτῷ
3130 2208 3461 2284 προσετέθη.
3489 2204 3610 2260 Είδ⁹
3628 2204 3726 2268 ἐξά·

2181 2334 2315 2372 πινα
2360 2316 2419 2369 τὸ
2443 2371 2455 2383 ,
2483 2313 2576 2367 τοῦ
2624 2311 2743 2384 βίου
2770 2309 2921 2373 τέλος
2953 2307 3130 2376 τούτῳ
3162 2302 3403 2366 ἐπέλθοι,
3436 2298 3558 2371 μηδ’
3589 2297 3727 2358 οὓτως

2183 2407 2444 2483 ἁρπαγὴν
2475 2405 2571 2460 καὶ
2595 2404 2891 2475 ἀφαίρεσιν
2941 2399 3054 2454 τῶν
3089 2396 3408 2469 προσόντων
3440 2390 3589 2459 αύτῷ
3614 2405 3731 2457 πραο

2181 2502 2408 2575 γμάτων
2433 2496 2685 2568 γίνεσθαι
2713 2513 2728 2528 ο
2754 2494 2871 2548 ἀλλ’
2903 2493 2953 2545 εί
2985 2492 3084 2563 μὲν
3113 2488 3400 2557 συγγενεῖς
3428 2483 3603 2575 τούτω
3636 2483 3730 2575 είτεῖ

2182 2570 2314 2658 σαν,
2371 2587 2604 2650 ἐκείνοις
2637 2586 2735 2640 καὶ
2770 2584 2841 2638 τὰ
2871 2581 3063 2635 τούτου
3096 2579 3205 2633 ἴδια
3235 2572 3632 2649 περιποιεῖσθαι
3652 2586 3665 2600 ο
3692 2570 3732 2621 εί

2180 2686 2237 2740 δὲ
2278 2684 2352 2757 μὴ
2384 2679 2617 2736 τοιοῦτοί
2645 2693 2795 2740 τινες
2820 2670 2956 2742 εἷεν,
2986 2672 3108 2727 τότε
3134 2671 3183 2723 εί
3220 2669 3324 2740 μὲν
3368 2665 3573 2736 ἄπορός
3612 2665 3733 2757 εστιν
3846 2688 3847 2691 η

2181 2781 2217 2850 ἡ
2240 2752 2361 2831 κατλ
2383 2770 2548 2829 αὑτὸν
2583 2766 2903 2836 Ἐκκλησία,
2955 2763 3051 2819 καὶ
3091 2762 3202 2816 τῶν
3227 2758 3488 2814 τοιούτων
3522 2752 3733 2824 ἐπιδεὴς,

2180 2843 2366 2937 ἐκείνη
2396 2863 2494 2917 καὶ
2522 2863 2591 2916 τὰ
2624 2858 2775 2930 αὐτῷ
2813 2856 3164 2929 προσήκοντα
3214 2847 3585 2937 ἀναλήψεταιο
3616 2844 3662 2937 εί
3689 2843 3735 2897 δὲ
3846 2908 3847 2923 χ

2180 2963 2238 3014 ἐν
2264 2934 2495 3028 εὐπορία
2520 2951 2896 3022 καθειστήκει,
2925 2947 3041 3010 τοῖς
3068 2943 3203 3015 γοῦν
3227 2942 3426 3011 πένησι
3452 2936 3623 3028 ταῦτα
3646 2934 3739 3028 δια-

2179 3026 2417 3104 δίδοσθαι
2451 3026 2920 3116 παρασκευάζειν,
2970 3034 3108 3091 ἀλλὰ
3141 3034 3217 3105 μὴ
3248 3027 3542 3090 αύθεντίας
3578 3026 3739 3098 τρόπιν

2180 3143 2277 3199 καὶ
2310 3139 2559 3209 ἐξουσίας
2594 3133 2949 3206 ἐπέρχεσθαι,
2970 3130 3065 3185 καί
3094 3147 3146 3183 τι
3174 3126 3286 3181 τῶν
3314 3120 3481 3178 αὐτοῦ
3505 3118 3743 3209 ἁφαιρεῖέ

481 3238 603 3285 tum
629 3227 685 3284 id
721 3228 867 3300 quod
899 3228 1141 3285 ablatum
1174 3227 1340 3284 fuerit
1370 3228 1426 3284 in
1455 3229 1681 3301 duplum
1714 3230 2071 3299 restituetur;

2182 3236 2326 3292 σθαι.
2353 3208 2462 3298 γὨς
2488 3226 2604 3301 είσγε
2633 3226 2873 3284 τοιοῦτόν
2895 3243 2949 3279 τι
2971 3221 3103 3294 παρ’
3132 3219 3288 3291 ὑμῶν
3315 3211 3635 3286 τολμηθείη,
3659 3208 3741 3262 καὶ

2173 3331 2201 3384 ὃ
2231 3330 2274 3383 δ’
2308 3329 2374 3384 ἂν
2404 3322 2730 3396 ἀφαιρεθείη
2777 3321 2858 3385 είς
2899 3318 2960 3373 τὸ
3001 3315 3285 3372 διπλάσιον
3334 3306 3744 3377 ἀναστραφήσεο
3846 3314 3847 3329 π

483 3329 602 3377 tum
630 3322 748 3393 ipse
778 3336 888 3378 non
920 3323 1178 3394 exiguum
1213 3323 1279 3377 ad
1309 3333 1527 3395 tempus
1556 3324 2071 3381 excommunicatio-

485 3414 577 3472 uis
632 3429 810 3487 paenae
876 3415 1161 3487 subjectus
1198 3416 1330 3472 eris.

552 3590 609 3646 9.
655 3591 715 3647 Si
740 3592 865 3677 quis
895 3591 1308 3663 episcoporum,
1345 3593 1446 3649 tibi
1479 3592 1853 3659 subditorum,
1887 3592 1954 3647 ad
1988 3594 2070 3646 ai-

485 3694 661 3742 teram
698 3686 868 3741 vitam
910 3686 1398 3757 eommigraverit;
1452 3687 1627 3759 pietas
1673 3696 1765 3743 tua
1806 3688 1966 3757 longe
2009 3701 2070 3743 se

484 3792 777 3836 removens
808 3777 878 3835 ab
908 3779 1061 3835 omni
1097 3778 1672 3850 cupiditatebumana,
1712 3779 1796 3836 vel
1829 3779 2012 3850 potius
2038 3794 2068 3833 a

487 3871 788 3929 simoniaco
811 3872 942 3928 vitio
970 3872 1199 3928 liberam
1234 3887 1358 3929 sese
1395 3871 1806 3940 demonstrans,
1835 3882 1890 3929 et
1915 3887 2065 3929 omni

485 3962 650 4018 modo
679 3972 842 4033 atque
868 3964 1128 4021 omnibus
1152 3963 1366 4021 viribus
1395 3965 1627 4033 gratiam
1664 3964 1904 4035 Spiritth
1935 3978 2067 4020 san-

485 4054 563 4108 cti
601 4053 827 4110 minime
860 4056 1106 4114 venalem
1153 4070 1403 4125 servans,
1442 4056 1723 4126 Deumque
1762 4057 1939 4112 solum
1984 4057 2069 4110 in-

485 4155 793 4217 spectorem
820 4148 1073 4205 cordium
1097 4157 1418 4205 nostrorum
1454 4148 1698 4217 intuens,
1735 4163 1861 4205 eum
1889 4148 2067 4205 homi-

485 4255 614 4296 nem
650 4240 719 4295 ad
761 4240 991 4311 gradum
1027 4241 1393 4314 episcopalem
1430 4240 1662 4297 evehere
1714 4241 1916 4306 debet,
1971 4240 2065 4310 qui

485 4333 801 4389 testimonia
822 4332 948 4390 vitae
971 4333 1237 4399 honestas,
1267 4332 1553 4396 doctrinm,
1582 4330 1794 4388 ordinis
1824 4340 1878 4386 et
1899 4331 2066 4387 studii

486 4425 793 4497 spiritualis
814 4425 1037 4489 habeat,
1059 4432 1113 4479 et
1135 4431 1240 4479 nte
1264 4424 1567 4480 secundum
1584 4438 1831 4480 canones
1858 4424 2067 4480 electus

486 4519 558 4574 sit
587 4535 600 4572 :
637 4524 698 4573 ut
726 4532 928 4589 magna
959 4517 1053 4570 illa
1088 4516 1435 4588 pontiﬁcatus
1460 4517 1705 4589 dignitas
1741 4517 2003 4573 immunis
2034 4531 2064 4570 a

2172 3440 2284 3490 ται,
2328 3421 2424 3475 καὶ
2459 3414 2830 3489 ἀκοινωνησία
2874 3413 2966 3467 ἐπὶ
3008 3411 3260 3465 πλεῖστον
3292 3398 3743 3471 καθυποϐληθήσῃ

2174 3516 2385 3587 χρόνον,

2245 3606 2311 3660 θ’.
2338 3607 2428 3658 Δεῖ
2454 3603 2554 3673 τὴν
2586 3601 2684 3672 σὴν
2716 3598 3048 3668 θεοφίλειαν,
3075 3594 3261 3650 εἴποτέ
3284 3611 3371 3657 τις
3399 3591 3510 3645 τῶν
3540 3586 3636 3642 ὕπ’
3656 3584 3743 3637 αύο

2172 3695 2272 3767 τὴν
2315 3695 2619 3747 τελούντων
2663 3689 2978 3743 ἐπισκόπων
3012 3686 3149 3758 πρὸς
3198 3683 3298 3756 τὴν
3338 3682 3553 3739 ἑκεῖθεν
3592 3694 3746 3750 μεταο

2174 3788 2333 3858 σταίη
2373 3785 2546 3856 λῆξιν,
2580 3781 2781 3845 παντὸς
2830 3780 3179 3851 ἀνθρωπίνου
3213 3777 3422 3849 ἑαυτὴν
3453 3770 3750 3846 μακρύνουο

2173 3897 2272 3936 σαν
2304 3875 2711 3948 ὲῖαττώματος,
2742 3871 3025 3945 μᾶλλονδὲ
3052 3873 3153 3941 τῆς
3176 3867 3527 3940 σιμωνιακῆς
3559 3859 3751 3922 κακίας

2172 3968 2682 4038 ὲλευθεριάζουσαν,
2709 3966 2802 4021 καὶ
2827 3966 2990 4019 παντὶ
3019 3963 3208 4035 τρόπῳ
3230 3962 3329 4017 καὶ
3358 3958 3509 4029 πάσῃ
3533 3955 3755 4020 δυνάμει

2171 4063 2269 4135 τὴν
2298 4034 2394 4116 τού
2426 4034 2742 4129 Πνεύματος
2776 4056 2931 4112 θείαν
2980 4034 3143 4127 χάριν
3173 4056 3424 4125 ἄπρατον
3469 4045 3757 4110 διασώζει)-
3846 4034 3847 4061 ἦ

2174 4169 2296 4219 σαν,
2337 4151 2476 4222 πρὸς
2525 4149 2683 4220 μόνον
2728 4147 2863 4201 Θεὸν
2895 4147 2988 4201 τὸν
3019 4145 3132 4199 τῶν
3164 4145 3406 4218 καρδιῶν
3434 4141 3598 4212 ἡμῶν
3636 4136 3759 4189 ἀπον

2170 4242 2480 4295 δλέπουσαν
2506 4240 2729 4310 ἔφορον,
2757 4236 2852 4291 τὸν
2884 4237 2978 4291 ἐπὶ
3007 4236 3108 4308 βίῳ
3136 4234 3344 4306 σεμνῷ,
3370 4233 3465 4287 καὶ
3479 4230 3658 4298 λόγῳ,
3670 4226 3757 4279 καὶ
3846 4238 3847 4249 ‘

2170 4334 2505 4389 καταστάσει
2555 4333 2904 4403 πνευματικῇ
2944 4327 3426 4402 μαρτυρούμενον,
3468 4324 3576 4378 καὶ
3608 4334 3762 4375 κανο-

2170 4426 2339 4489 νικῶς
2358 4425 2757 4496 ψηφιζόμενον,
2787 4424 2866 4488 εἰς
2895 4422 2990 4477 τδν
3019 4419 3394 4475 ὲπισκοπικὸν
3418 4415 3656 4481 ἀνάγειν
3684 4408 3762 4480 βα·

2171 4518 2330 4591 θμδν,
2359 4519 2448 4572 ἴνα
2474 4518 2539 4590 δὴ
2562 4517 2656 4571 καὶ
2683 4516 2744 4570 τὸ
2777 4516 2923 4587 μέγα
2948 4514 3051 4585 τῆς
3078 4508 3505 4583 ἀρχιερωσύνης
3543 4503 3765 4571 ἀκκιπή-

484 4608 890 4681 cauponatione
922 4614 1308 4672 conservetur,
1347 4620 1413 4662 ac
1452 4614 1565 4661 tum
1602 4606 1723 4676 ipse
1779 4605 2064 4661 canonicis

2182 4618 2360 4664 lsusov
2396 4609 2716 4679 συντηροῖτο
2747 4605 2992 4676 ἀξίωμα,
3018 4606 3113 4658 καὶ
3148 4603 3315 4667 αὐτὸς
3342 4602 3441 4673 μὲν
3476 4596 3652 4667 παρὰ
3676 4592 3765 4663 τῆς

486 4699 868 4758 sanctionibus
918 4713 1027 4754 non
1065 4697 1470 4763 condemneris,
1506 4705 1620 4753 tum
1654 4695 1746 4751 ille
1788 4694 1907 4750 suis
1936 4709 2064 4765 pro-

487 4796 648 4850 batus
704 4792 811 4846 hoe
859 4789 1023 4846 modo
1063 4790 1132 4846 ad
1174 4790 1553 4861 episcopatum
1596 4787 1819 4859 propria
1858 4788 2065 4845 virtute

490 4881 736 4952 provehi,
767 4879 907 4936 iiber
934 4880 1002 4935 ab
1034 4880 1184 4935 omni
1216 4883 1289 4936 s'tt
1314 4879 1565 4946 oii'ensa;
1613 4893 1713 4933 nec
1745 4877 2064 4949 spirituales

488 4973 545 5027 in
585 4973 732 5043 leges
771 4972 1101 5044 impingens,
1150 4988 1255 5030 nec
1294 4971 1611 5029 inevitabile
1654 4969 1751 5028 Dei
1788 4969 2061 5040 judicium

485 5063 753 5120 adversus
780 5078 900 5120 sese
935 5078 1257 5135 provocans.

559 5155 650 5211 10.
691 5155 751 5211 in
782 5156 930 5212 omni
960 5157 1176 5212 actione
1200 5165 1367 5227 atque
1398 5156 1745 5222 tractatione,
1778 5169 2005 5227 prorsus
2032 5170 2062 5209 a

487 5247 811 5305 muneribus
835 5250 1119 5306 continere
1141 5257 1193 5307 te
1214 5250 1403 5316 debes,
1429 5257 1484 5306 et
1505 5256 1656 5306 certo
1684 5250 1850 5315 scire,
1880 5263 2071 5322 pecca-

485 5353 600 5396 tum
645 5339 925 5411 quodlibet
968 5343 1230 5413 simplum
1291 5341 1501 5411 perpeti
1563 5342 1891 5412 supplicium
1936 5357 1952 5396 :
1997 5342 2066 5396 ad

488 5438 651 5493 istam
692 5431 932 5491 Simonis
970 5435 1248 5500 haeresim,
1285 5435 1506 5504 duplam
1538 5434 1594 5489 in
1623 5449 1684 5489 ea
1710 5434 2068 5504 deprzebenso

485 5525 999 5585 Condentnationem
1045 5527 1265 5585 ali'erre.
1311 5526 1658 5597 Quapropter
1688 5526 1804 5581 inec
1836 5527 2062 5581 omnino

485 5617 854 5677 exscindenda
882 5621 1055 5687 venit,
1088 5634 1151 5676 ac
1181 5635 1248 5676 ne
1286 5617 1781 5676 consuetudinibus
1813 5617 2057 5688 quidem,

2172 4701 2467 4771 κανονικῆς
2525 4697 2888 4769 θεσμοθεσίας
2960 4694 3338 4766 ἁκατάκριτος
3407 4689 3765 4758 ἐποφθεϋγῖν

2171 4794 2426 4856 κάκεῖνος
2456 4791 2515 4858 ἐξ
2540 4789 2737 4845 ἑαυτοῦ
2781 4788 2927 4845 οὕτω
2967 4786 3417 4860 προχειρίζεσθαι
3456 4784 3611 4846 τοὺς
3639 4775 3764 4849 ἁ.μᾷ

2173 4886 2336 4940 αὑτὸν
2383 4884 2795 4955 διδασκόμενος,
2871 4882 3225 4953 ἀπρόσκοπος
3272 4882 3398 4948 εἴη·
3443 4878 3612 4947 μήτε
3669 4873 3770 4933 ττιῖς

2172 4979 2568 5048 πνευματικοῖς
2615 4975 2806 5047 νόμοις
2835 4972 3218 5045 προσκρούων,
3259 4973 3395 5042 μήτε
3423 4970 3494 5023 τὸ
3527 4968 3771 5038 ἄφυκτον
3846 4982 3847 4989 ‘

2170 5070 2267 5123 τοῦ
2289 5067 2424 5123 Θεοῦ
2459 5071 2633 5140 κρῖμα
2664 5067 2789 5121 καθ’
2822 5066 3017 5120 ἑαυτοῦ
3046 5063 3476 5133 ἐκκαλούμενος.

2246 5160 2299 5216 ι’.
2338 5162 2433 5214 Δεῖ
2468 5179 2530 5215 σε
2554 5161 2647 5217 ἐπὶ
2671 5161 2824 5232 πάσῃ
2854 5157 3053 5231 πράξει
3082 5158 3187 5228 καὶ,
3211 5152 3618 5227 μεταχειρίσει
3646 5164 3771 5203 παν·

2171 5254 2380 5309 τὰπασι
2402 5252 2595 5325 δώρων
2621 5251 2950 5322 ἀπέχεσθαι,
2983 5248 3228 5322 ἀκριϐῶς
3265 5245 3470 5311 εἰδότα,
3517 5245 3609 5308 ὡς
3636 5244 3775 5297 πᾶσα

2181 5345 2285 5411 μὲν
2318 5343 2567 5415 ἁμαρτία
2614 5340 2796 5411 ἁπλῆν
2832 5343 2934 5412 τὴν
2958 5340 3236 5412 τιμωρίαν
3265 5337 3594 5408 ὑφίσταται
3618 5351 3635 5365 ·
3670 5333 3705 5402 ἡ
3727 5329 3772 5380 ει

2174 5435 2269 5488 τοῦ
2299 5435 2547 5505 Σίμωνος
2571 5435 2785 5499 αἵρεσις
2816 5433 3015 5503 διπλῆν
3041 5432 3239 5503 ἐπάγει
3262 5430 3342 5502 τῷ
3379 5428 3593 5483 ἁλόντι
3619 5423 3773 5480 κατί-

2176 5545 2377 5600 κρισιν.
2429 5528 2522 5581 Διὸ
2564 5528 2649 5582 δεῖ
2694 5527 2978 5592 παντελῶς
3008 5528 3213 5598 ταύτην
3243 5523 3658 5595 περικόπτειν,
3696 5514 3769 5568 ul

2179 5619 2313 5689 μηδὲ
2344 5621 2464 5682 ταῖς
2494 5619 2818 5688 λεγομέναις
2865 5618 3177 5690 συνηθείαις
3227 5615 3435 5672 εῖσοδον
3487 5614 3607 5669 καὶ
3654 5624 3771 5675 περ·

1796 5794 2025 5850 VARL’E
2074 5792 2479 5855 LECTIONES.

554 5897 583 5930 ⁸
605 5896 993 5946 testanzentum.
