3948 6564
105 405 257 474 Ilil

1425 379 2162 472 cuneo—ROMANUM;

3283 407 3422 476 1M2

108 522 373 579 είσδυσιν
419 519 586 594 ἔχειν.
626 519 736 576 Καὶ
784 519 893 592 γὰρ
938 519 994 576 αἱ
1042 521 1336 594 λεγόμεναι
1385 518 1546 580 αὗται
1592 540 1716 579 συν-

1844 540 1957 596 [uas
1997 526 2228 588 vocant,
2264 520 2445 578 aditus
2489 527 2544 579 et
2594 518 2835 580 fenestra
2873 521 3255 594 patefacienda
3306 539 3426 586 est»

110 615 357 684 ἠθειαι,
413 613 782 686 φιλαργυρίας
849 614 1367 686 συνεισκωμάσασαι
1421 617 1708 688 νοσήματι,

109 707 282 762 οὐδὲν
318 707 566 775 ἔλαττον,
604 709 653 760 εί
682 708 758 778 μὴ
790 706 886 761 καὶ
923 707 1125 778 μᾶλλον
1152 708 1234 772 είς
1263 709 1564 781 καταδίκην
1587 711 1716 775 τοὺς

105 801 218 871 τῆς
271 799 718 872 ἀρχιερωσύνης,
747 799 1012 871 μετόχους
1045 800 1438 870 ἁλισκομένους
1467 803 1712 872 ἄγουσιν,

110 894 212 947 ἐττί
262 894 457 966 σεμνῷ
504 895 836 966 προσωπείῳ
879 895 980 965 τῆς
1027 894 1270 966 Σίμωνος
1315 897 1717 970 ἐνεργουμένης

111 987 430 1057 αἱρέσεως.
452 990 544 1040 Δεῖ
571 987 678 1060 γὰρ
711 986 814 1040 κᾶν
842 988 1029 1060 σεμνῷ
1057 989 1284 1058 ὀνόματι
1313 989 1716 1061 διαϐεϐλημένη

110 1077 338 1146 πρᾶξις
389 1077 756 1149 καλυπτηται,
808 1078 904 1132 καὶ
947 1078 1154 1149 ταύτην
1193 1065 1360 1133 παντὶ¹
1392 1080 1585 1150 τρόπῳ
1628 1081 1719 1132 ἐκ·

111 1169 457 1238 τρέπεσθαι,
489 1171 582 1224 καὶ
609 1170 1016 1242 παραιτεῖσθαι,
1062 1171 1158 1226 κα)⁴
1207 1171 1412 1242 μᾶλλον
1456 1173 1555 1243 τῆς
1589 1173 1721 1226 ἁνα-

112 1262 574 1333 κεκαλυμμένως
589 1261 858 1332 δηλούσης
887 1262 948 1316 τὺ
970 1263 1247 1334 τόλμημα·
1266 1264 1336 1319 τά
1353 1281 1412 1317 τε
1440 1263 1551 1334 γὰρ
1577 1264 1718 1319 λαν-

115 1352 372 1406 θάνοντα
403 1353 510 1406 τῶν
553 1353 750 1417 ἐλκῶν,
777 1354 1152 1428 δυσιατώτερά
1164 1347 1292 1421 ’πως
1323 1356 1482 1410 εἴωθε
1514 1357 1722 1427 τυγχά-

113 1463 264 1510 νειν,
306 1447 410 1499 καὶ
441 1446 510 1499 τὰ
550 1444 786 1500 ὓπουλον
815 1446 1011 1518 ἔχοντα
1050 1447 1150 1519 τὴν
1192 1449 1560 1521 παρανομίαν,
1593 1450 1721 1520 ῥᾷον

119 1538 345 1606 μᾶλλον
381 1539 412 1609 ἢ
441 1540 537 1593 καὶ
566 1538 637 1592 τὰ
665 1540 912 1612 πρόδηλα
936 1541 1048 1596 τῶν
1091 1541 1268 1613 ἁτοπη
1278 1544 1466 1613 μάτων
1492 1545 1571 1607 είς
1593 1544 1722 1608 τοὺς

117 1630 375 1696 πολλοὺς
425 1632 826 1702 καταφέρεται.
880 1632 1019 1688 Οὔτε
1065 1630 1160 1689 οὖν
1211 1635 1320 1688 ἀπὸ
1377 1635 1534 1706 δίκης
1599 1636 1724 1690 οὔτε

116 1721 514 1791 χρηματικῆς,
558 1720 682 1775 οὔτε
713 1722 1128 1794 ἐγκληματικῆς
1177 1726 1465 1780 τοσύνολον
1511 1726 1725 1797 λαμϐά-

117 1832 270 1879 νειν,
283 1814 428 1885 μετὰ
442 1817 540 1886 τῆς
559 1816 652 1868 τοῦ
669 1816 828 1884 ἁγίου
849 1817 990 1871 Πνεύ
999 1835 1168 1888 ματος
1183 1818 1428 1884 ἐξουσίας
1442 1821 1724 1876 διαταττό-

123 1876 307 1977 μεθα,
337 1908 464 1962 οὔτε
629 1876 1026 1982 προχειρίσεως
1049 1876 1426 1984 ἡγουμνένουᾸ
1456 1915 1725 1985 άρχιμανι
1759 1876 1804 1933 Β

118 2003 352 2074 δρίτου,
387 2004 420 2075 ἢ
458 2003 714 2073 ἐξάρχου,
757 2002 881 2057 οὕτε
915 2003 1020 2074 μὴν
1055 2003 1165 2056 ἀπὸ
1212 2004 1485 2076 προϐολῆς
1517 2007 1728 2060 οἰκονό-

125 2112 269 2164 μου,
300 2094 336 2166 ἢ
377 2097 717 2167 μειζοτέρου,
745 2095 866 2150 ούδέ
891 2113 955 2165 γε
1004 2096 1085 2167 (τὸ
1124 2097 1581 2171 φρικωδέστερον)
1620 2099 1728 2153 ἀπὸ

122 2189 479 2259 χειροτονίας
522 2188 847 2261 διακόνου,ἢ
883 2189 1284 2261 πρεσϐυτέρου,
1327 2183 1726 2261 ἢέπισκόπου,

121 2279 401 2350 οὐδαμῶς
435 2280 556 2334 οὐδὲ
579 2279 701 2334 καθ’
739 2282 1052 2354 οἱονδηποτε
1084 2283 1306 2353 τρόπον,
1341 2282 1464 2338 οὔτε
1498 2284 1602 2357 πρὸ
1632 2287 1732 2356 τῆς

124 2372 508 2444 χειροτονίας,
562 2372 686 2428 οὔτε
739 2375 879 2445 μετὰ
932 2376 1036 2445 τὴν
1085 2377 1426 2446 χειροτονίαν
1483 2381 1732 2451 προσῆκε

125 2464 471 2536 λαμϐάνειν.
495 2464 667 2520 Τοῦτο
691 2468 823 2537 γὰρ,
842 2464 996 2538 οἶμαι
1009 2511 1025 2534 ,
1044 2471 1138 2523 καὶ
1158 2471 1273 2533 τοῖς
1291 2470 1534 2541 ἀπείρως
1549 2471 1733 2542 ἔχουσι

125 2558 278 2628 περὶ
309 2557 440 2620 τοὺς
470 2558 704 2622 κανόνας
730 2560 856 2623 τοὺς
892 2559 1090 2626 θείους,
1114 2561 1415 2630 κατάδηλον
1441 2563 1734 2632 ἐμφανίζει

127 2649 239 2719 τὴν
279 2649 518 2702 ἀτοπίαν
537 2667 552 2682 ·
590 2649 672 2704 διὸ
703 2650 786 2703 δεῖ
807 2650 1158 2704 παντάπασιν
1186 2653 1245 2705 ἐν
1275 2653 1411 2705 πᾶσι
1445 2656 1555 2717 τοῖς
1581 2655 1736 2725 εἰρη-

130 2741 358 2810 μένοις,
388 2743 632 2808 καὶτοῖς,
649 2743 723 2807 ὡς
749 2742 918 2807 εἰκὸς,
946 2743 1497 2814 παραλελειμμένοις,
1526 2745 1737 2810 ἀθώους

127 2834 242 2897 τὰς
270 2836 464 2903 χεῖρας
492 2833 853 2904 φυλάττοντα,
887 2834 982 2888 καὶ
1007 2834 1116 2906 πρό
1143 2853 1208 2904 γε
1236 2835 1344 2890 τῶν
1374 2837 1574 2907 χειρῶν
1613 2839 1739 2903 τοὺς

129 2922 488 2994 λογισμοὺς,
520 2922 664 2979 οὕτω
693 2923 786 2980 τὸν
833 2925 933 2994 τῆς
969 2925 1380 2998 ἀρχιερωσύνης
1421 2929 1737 3000 μεταχειρί-

138 3014 350 3078 ζεσθαι
378 3015 565 3086 νόμον,
597 3015 777 3072 εἰδότα
809 3017 904 3072 καὶ
946 3017 1334 3087 πεπεισμένον,
1379 3019 1454 3083 ὡς
1483 3019 1512 3072 ὁ
1537 3019 1740 3084 ταύτας

133 3109 415 3180 παρορῶν
443 3109 544 3171 τὰς
577 3109 798 3173 ἐντολὰς
827 3110 922 3164 καὶ
964 3110 1391 3181 προστάγματα,
1414 3111 1512 3182 οὐχ
1538 3112 1739 3182 ἡμετέ-

1817 617 2032 676 Ειεηὶηι
2067 618 2172 679 liae.
2215 629 2344 686 qua:
2373 613 2635 674 dicuntur
2663 618 3124 689 consuetudines,
3162 621 3258 677 ιυιί
3288 636 3419 678 cum

1818 712 2061 770 avaritiae
2099 729 2218 770 mor
2233 723 2304 771 oo
2333 709 2701 782 irrepserunt,
2754 713 2831 768 ita
2861 727 2971 770 non
3007 713 3194 771 minus
3252 729 3421 785 quam

1819 806 1956 872 haec,
1998 806 2280 877 siquidem
2313 819 2423 859 non
2450 805 2618 860 etiam
2659 805 2857 876 magis,
2900 805 2973 861 ad
3003 805 3424 863 condemnatio-

1819 913 1944 955 nem
1988 900 2307 970 pontifices,
2335 911 2429 966 qui
2464 895 2661 955 barum
2688 897 2990 968 participes
3033 899 3165 954 facti
3211 898 3424 970 deprae-

1818 992 2159 1062 henduntur,
2182 989 2554 1065 pertrahunt;
2574 991 2794 1060 quando
2811 990 3032 1063 quidem
3064 992 3171 1048 sub
3193 992 3428 1048 honesta

1821 1085 1975 1142 larva
2020 1085 2268 1142 Simonis
2306 1083 2542 1140 haeresis
2575 1091 2887 1142 exercetur.
2927 1083 3225 1141 Famosum
3265 1098 3428 1138 nam-

1821 1192 1930 1248 que
1971 1175 2206 1244 facinus,
2236 1177 2376 1234 licet
2416 1175 2648 1232 honesto
2681 1175 2950 1232 vocabulo
2994 1178 3226 1243 veletur,
3274 1175 3428 1232 omni

1824 1269 1988 1324 modo
2019 1267 2308 1325 vitandum
2333 1275 2398 1330 et
2427 1269 2793 1326 aversandum
2823 1278 2944 1336 est;
2978 1269 3228 1340 adeoque
3252 1271 3427 1340 magis

1824 1358 2014 1424 etiam,
2044 1373 2210 1429 quam
2252 1359 2332 1428 id,
2373 1358 2529 1430 quod
2558 1369 2750 1429 aperte
2775 1359 2959 1416 scelus
3004 1360 3183 1428 ipsum
3217 1375 3332 1431 prae
3366 1374 3428 1415 se

1826 1448 1952 1507 fert.
2007 1449 2264 1507 Latentia
2313 1450 2586 1507 nimirum
2647 1451 2836 1508 ulcera
2906 1450 3186 1508 difﬁcilius
3237 1454 3426 1508 sanari

1826 1542 2044 1610 solent,
2084 1551 2140 1599 et
2168 1540 2416 1600 absurda
2451 1542 2722 1609 facinora,
2754 1544 2960 1616 quibus
3005 1545 3150 1603 inest
3193 1547 3428 1602 subdola

1827 1633 2076 1704 quaedam
2105 1633 2376 1706 nequitia,
2411 1641 2582 1705 longe
2617 1650 2678 1692 se
2709 1635 2929 1692 facilius
2957 1636 3014 1692 in
3059 1637 3257 1709 vulgus
3285 1638 3428 1694 insi-

1829 1733 2026 1794 nuant,
2053 1742 2219 1797 quam
2258 1741 2382 1797 qua:
2409 1725 2712 1783 manifesta
2739 1736 2889 1784 sunt.
2922 1726 2991 1782 Ut
3022 1741 3158 1799 ergo
3187 1743 3290 1785 nec
3315 1729 3429 1785 litis

1831 1833 2021 1885 causa,
2056 1818 2143 1874 vel
2163 1818 2365 1887 civilis,
2397 1817 2489 1876 vel
2524 1817 2852 1884 criminalis,
2889 1820 2947 1875 in
2983 1821 3305 1878 universum
3328 1822 3431 1878 ali-

1831 1911 1960 1983 quid
1983 1910 2245 1982 accipias,
2270 1909 2681 1968 interveniente
2697 1911 2943 1982 Spiritus
2958 1914 3135 1969 sancti
3158 1921 3432 1985 potestate

1832 2002 2160 2058 mandamus
2193 2019 2207 2056 ι
2242 2017 2346 2058 nec
2394 2002 2528 2058 item
2563 2011 2794 2074 propter
2837 2004 3078 2070 abbatis,
3113 2006 3199 2060 vel
3243 2006 3428 2061 archi-

1832 2093 2144 2160 mandritae,
2211 2094 2298 2150 vel
2346 2094 2512 2167 legati
2555 2092 2674 2166 (κο)
2720 2095 3146 2166 praefectionem,
3197 2097 3307 2153 imo
3333 2113 3431 2155 ne-

1833 2187 2051 2257 quidem
2083 2196 2310 2258 propter
2342 2187 2752 2245 institutionem
2787 2190 3084 2255 meonomi,
3127 2190 3214 2244 vel
3247 2190 3431 2260 majo-

1833 2277 1948 2346 ris;
1993 2278 2141 2348 quod
2175 2278 2502 2335 horribilius
2547 2278 2814 2348 denique,
2864 2294 2976 2336 non
3015 2286 3242 2351 prapter
3277 2278 3433 2336 ordi-

1835 2373 2116 2429 nationem
2178 2373 2423 2440 diaconi,
2483 2373 2569 2430 vel
2623 2375 2954 2445 presbyteri,
3015 2374 3099 2430 vel
3161 2373 3431 2446 episcopi,

1835 2466 2135 2536 quidquam
2177 2481 2408 2536 prorsus
2445 2467 2562 2522 ullo
2603 2466 2788 2534 modo,
2828 2479 2930 2522 nec
2962 2475 3089 2522 ante
3115 2467 3432 2523 ordinatio-

1835 2573 1985 2622 nem,
2009 2574 2113 2614 nec
2139 2567 2265 2630 post
2293 2559 2703 2615 ordinationem
2751 2573 2972 2616 sumere
2998 2561 3279 2616 convenit.
3313 2556 3432 2616 Hoc

1834 2651 1982 2708 enim
2034 2667 2200 2721 quam
2243 2652 2316 2708 sit
2371 2651 2700 2719 absurdum,
2747 2660 2807 2706 ut
2858 2653 3110 2723 equidem
3166 2652 3432 2718 arbitror,

1837 2742 2002 2798 etiam
2025 2757 2315 2798 sacrorum
2331 2757 2608 2798 canonum
2639 2743 2911 2813 imperitis
2942 2751 3027 2800 est
3053 2743 3433 2799 manifestum.

1839 2833 2188 2904 Quapropter
2227 2835 2453 2891 omnino
2503 2833 2561 2889 in
2614 2835 2874 2890 omnibus
2919 2834 3202 2899 indicatis,
3247 2842 3302 2890 et
3340 2834 3432 2902 iis,

1842 2941 1965 2996 quae
1992 2925 2246 2982 fortassis
2291 2925 2500 2982 omissa
2536 2933 2688 2989 sunt,
2723 2939 2922 2982 manus
2964 2941 3134 2997 puras
3179 2939 3432 2994 servans,

1842 3027 1898 3073 et
1925 3017 2147 3089 quidem
2179 3025 2308 3073 ante
2347 3032 2567 3082 manus,
2599 3017 2749 3087 ipsas
2775 3017 3176 3088 cogitationes;
3211 3016 3288 3070 ita
3321 3016 3435 3072 sci-

1843 3111 1974 3166 licet
2023 3109 2272 3165 muneris
2323 3107 2592 3179 pentificii
2645 3108 2826 3178 legem
2885 3107 3073 3164 subire
3129 3108 3320 3173 debes,
3379 3116 3436 3163 et

137 3217 251 3270 ρας
283 3202 646 3272 παραινέσεις
692 3201 896 3266 ἀθετεῖ,
933 3202 1070 3256 ἀλλὰ
1103 3203 1212 3256 τῶν
1257 3203 1417 3257 θείων
1449 3203 1546 3258 καὶ
1578 3204 1735 3276 ἱερῶν

1845 3209 1998 3260 certa
2024 3217 2148 3258 cum
2175 3200 2342 3257 animi
2366 3199 2730 3271 persuasione
2776 3199 2920 3256 scire
2953 3214 3104 3265 eum,
3137 3201 3230 3270 qui
3268 3200 3436 3255 hasce

136 3294 401 3346 κανόνων
437 3293 754 3365 ὑπερόπτης
790 3295 1027 3364 γίνεται,
1055 3296 1149 3349 καὶ
1173 3294 1272 3366 τὴν
1306 3296 1371 3349 ἐκ
1401 3295 1608 3351 τούτων
1637 3295 1738 3350 οὐκ

136 3384 480 3452 ἐκφεύξεται
526 3385 851 3456 καταδίκην.
902 3387 994 3440 Διὸ
1032 3388 1129 3440 καὶ
1175 3389 1266 3441 τὸν
1313 3389 1608 3459 λεγόμενον
1647 3391 1736 3442 ἐν-

139 3477 452 3546 ορονισμὸν
483 3477 545 3532 ού
580 3478 658 3548 τῷ
701 3479 1098 3550 χειροτονοῦντι
1151 3480 1252 3553 (μὴ
1303 3481 1561 3552 γένοιτο),
1603 3483 1742 3538 ἀλλὰ

136 3570 669 3641 τοῖςένδεεστέροις
700 3572 807 3624 τῶν
838 3572 1139 3644 κληρικῶν,
1183 3575 1216 3646 ἢ
1273 3575 1367 3628 καὶ
1398 3578 1510 3639 τοῖς
1545 3577 1744 3647 ἐκκλη-

143 3660 452 3732 σιαστικὴν
478 3663 644 3732 ἄλλην
674 3664 985 3736 ὑπηρεσίαν
1014 3663 1253 3732 τελοῦσι,
1280 3666 1423 3720 κατὰ
1451 3667 1742 3736 ἀναλογίαν

139 3752 254 3820 τῆς
282 3752 755 3825 ἐκκλησιαστικῆς
785 3757 1049 3829 εὐπορίας
1088 3757 1448 3828 διοριζόμεθα
1479 3759 1740 3817 δίδοσθαι.

142 3841 415 3912 Εὑπόρου
447 3841 557 3913 γὰρ
587 3846 687 3914 τῆς
717 3845 1029 3916 ἐπισκοπῆς
1056 3845 1484 3914 καθισταμένης,
1516 3847 1739 3918 εὐεργε-

143 3931 283 3994 σίας
321 3932 486 4003 μέρει
517 3935 646 3999 τοὺς
675 3935 1088 4007 ὑπηρετοῦντας
1105 3937 1228 4000 ταῖς
1256 3936 1742 4005 ἐκκλησιαστικαῖς

141 4024 485 4089 διακονίαις,
532 4026 886 4099 ἀπορώτερον
918 4028 1010 4082 τὸν
1043 4027 1156 4098 βίον
1201 4027 1594 4098 κεκτημένους,
1641 4029 1742 4082 δω-

147 4116 519 4187 ροφορεῖσθαι
551 4119 760 4172 ἐκεῖθεν
794 4119 1027 4184 οὐδόλως
1057 4119 1421 4190 ἀπείργομεν.

1848 3296 2246 3368 praeeeptiones
2283 3299 2450 3364 atque
2474 3293 2732 3348 mandata
2771 3293 2929 3348 flocci
2963 3293 3152 3360 faciat,
3196 3308 3303 3349 non
3337 3293 3436 3349 ad-

1850 3388 2182 3443 monitiones
2229 3397 2449 3442 nostras
2493 3385 2648 3440 nibili
2687 3385 2870 3440 facere
2915 3402 2929 3438 :
2980 3386 3076 3440 sed
3121 3385 3434 3443 divinorum

1851 3492 2247 3546 sacrorumque
2299 3491 2573 3531 canonum
2628 3483 3062 3546 contemptorem
3114 3490 3272 3543 esse,
3331 3492 3435 3534 nec

1852 3569 2368 3624 condemnationem
2422 3567 2493 3623 ab
2530 3567 2612 3623 eis
2658 3567 3010 3638 irrogandam
3056 3567 3433 3640 effugiturum.

1851 3658 2031 3727 Atque
2054 3660 2197 3715 hanc
2219 3659 2288 3715 ob
2311 3673 2538 3716 causam
2575 3660 2895 3725 statuimus,
2920 3668 3003 3714 ‘ut
3032 3659 3438 3717 iuthronismus

1854 3749 1965 3819 (51)
2003 3765 2162 3820 quem
2197 3759 2420 3815 vocant,
2455 3766 2568 3806 non
2606 3751 2679 3818 ei,
2722 3751 2817 3822 qui
2856 3751 3082 3807 ordinat
3117 3753 3437 3824 episcopum

1853 3841 2022 3911 (absit
2047 3851 2107 3896 ut
2147 3841 2252 3897 boc
2287 3843 2424 3912 fiat),
2465 3841 2562 3898 sed
2603 3842 3036 3911 pauperioribus
3065 3842 3308 3909 clericis,
3352 3842 3439 3898 vel

1851 3935 1962 3989 alio
2000 3936 2237 4006 quodam
2277 3935 2657 3991 ecclesiastico
2692 3949 2935 3990 munere
2963 3935 3320 4005 fungentibus
3353 3951 3444 3990 ra-

1851 4028 2004 4082 tione
2048 4026 2376 4083 facultatum
2430 4026 2936 4082 ecclesiasticarum
2989 4027 3196 4092 liabita,
3257 4027 3438 4084 detur.

1853 4120 2074 4192 Quippe
2129 4121 2176 4176 si
2229 4121 2475 4191 locuples
2532 4123 2605 4177 sit
2659 4120 3034 4190 episcopatus,
3087 4132 3438 4191 nequaquam

142 4211 545 4282 prohibemus,
579 4216 876 4285 quominus
916 4216 971 4269 in
1035 4231 1148 4280 eos,
1184 4217 1280 4286 qui
1325 4217 1653 4272 ministeriis
1679 4217 2073 4273 ecclesiasticis
2104 4216 2432 4284 inserviunt,
2497 4227 2552 4273 ct
2619 4217 2840 4285 inopem
2907 4215 3072 4270 vitam
3123 4213 3448 4278 traducunt,‘

145 4306 310 4373 velut
353 4320 421 4359 ex
467 4306 848 4373 beneficentia,
901 4308 1226 4364 munuscula
1277 4308 1528 4378 quaedam
1575 4308 1956 4364 conferantur.

230 4404 330 4452 ια’.
373 4400 466 4452 Δεῖ
497 4400 598 4468 τὴν
632 4399 730 4470 σὴν
759 4399 1069 4469 θεοφίλείαν
1104 4401 1212 4470 πρὸ
1244 4401 1464 4454 πάντων
1489 4402 1582 4454 καὶ
1609 4402 1746 4471 μετὰ

148 4490 390 4544 πάντων
423 4489 518 4543 τοῦ
547 4491 646 4562 τῆς
675 4491 1110 4562 φιλοχρηματίας
1153 4492 1250 4545 καὶ
1283 4491 1597 4557 πλεονεξίας
1638 4493 1746 4545 πά-

149 4582 295 4646 θους
341 4581 590 4653 καθαρὰν
627 4582 825 4654 ἑαυτὴν
866 4585 1186 4654 συντηρεῖν,
1228 4587 1338 4646 τοῖς
1371 4582 1595 4647 οἰκείοις
1647 4586 1746 4636 ἐπ-

151 4675 554 4746 αρκουμένην·
590 4675 687 4729 καὶ
723 4677 861 4746 μήτε
904 4678 1090 4748 τρόπῳ
1138 4679 1246 4729 τινὶ
1278 4675 1347 4730 τὰ
1375 4675 1631 4747 ἀλλότρια
1669 4677 1749 4730 οἰ-

153 4765 589 4831 κειοποιεῖσθαι,
630 4768 768 4838 μήτε
795 4768 1063 4832 δουλικοῖς
1102 4767 1443 4838 ἐπιτάγμασι
1473 4765 1748 4836 κατατρύ-

153 4877 287 4933 χειν
317 4859 380 4914 τὸ
414 4859 748 4931 ὑποχείριον,
797 4862 830 4933 ἧ
871 4861 1202 4932 βαρυτάταις
1235 4863 1588 4932 ἐπιτιμήσεσι
1623 4861 1749 4925 τοὺς

160 4954 250 5024 μὴ
284 4953 612 5019 ὕπείκοντας
651 4955 1082 5026 ἀνταμύνεσθαι,
1125 4955 1213 5009 ἵνα
1246 4957 1361 5017 τοῖς
1409 4954 1613 5024 ἔργοις,
1655 4956 1751 5008 καὶ

153 5047 229 5101 τὸ
295 5047 397 5117 τῆς
455 5046 757 5118 ἱερωσύνης
807 5049 1087 5118 κοσμῆται
1152 5047 1389 5117 ἀξίωμα,
1443 5048 1537 5100 καὶ
1590 5046 1752 5109 αὐτὸς

157 5141 292 5212 εῐης
345 5139 537 5211 θεῖκῆς
595 5158 655 5193 τε
714 5140 808 5194 καὶ
851 5139 1202 5211 ἀνθρωπίνης
1248 5138 1521 5210 ἀνώτερος
1586 5154 1756 5192 κατα-

160 5232 434 5303 κρίσεως.

247 5319 337 5393 ιβ’.
375 5322 468 5374 Δεῖ
515 5339 575 5376 σε
630 5323 810 5376 πᾶσαν
849 5321 1138 5393 ἀκρίϐειαν
1183 5323 1242 5374 ἐν
1288 5321 1400 5384 τοῖς
1448 5320 1756 5382 κανονικοῖς

165 5415 351 5469 ἅπασι
406 5414 846 5470 καταϐάλλεσθαι
887 5414 1213 5486 πράγμασιν
1235 5430 1249 5445 '
1284 5412 1661 5482 ἐγκαλούντων
1697 5410 1758 5464 τέ

165 5525 361 5574 τινων,
405 5508 500 5562 καὶ
534 5508 849 5579 παράϐασιν
887 5507 1068 5562 αὐτῶν
1117 5505 1531 5578 προτεινόντων,
1567 5507 1758 5574 ἐπιμε-

1926 4401 2014 4456 ll.
2051 4402 2222 4457 Debet
2247 4411 2340 4456 tua
2377 4401 2553 4471 pietas
2581 4409 2707 4456 ante
2729 4400 2942 4466 omnia,
2979 4407 3034 4456 et
3061 4399 3204 4454 inter
3233 4398 3439 4454 omnia.

1855 4507 1915 4548 se
1946 4493 2118 4562 ipsam
2154 4493 2225 4547 ab
2253 4493 2496 4547 avaritia:
2528 4492 2664 4546 vitio
2690 4507 2881 4562 puram
2909 4499 2963 4547 et
2988 4490 3288 4545 immunem
3321 4503 3443 4544 ser-

1773 4598 1984 4675 Dvare
2053 4584 2281 4653 suisque
2343 4582 2698 4638 facultatibus
2745 4598 2866 4638 esse
2913 4571 3202 4646 contenta;
3263 4594 3444 4649 neque

1860 4677 1972 4732 ullo
2030 4677 2191 4732 modo
2233 4691 2323 4731 res
2368 4677 2579 4732 alienas
2635 4674 2945 4730 iuvadendo
2992 4673 3098 4729 sibi
3141 4671 3443 4738 vindicare,

1857 4783 2037 4838 neque
2092 4768 2390 4824 servilibus
2443 4767 2688 4836 imperiis
2735 4765 2980 4821 subditos
3039 4766 3299 4838 afﬂigere,
3357 4764 3442 4820 vel

1859 4859 2036 4930 pmnis
2092 4857 2436 4930 gravissimis
2506 4874 2613 4913 non
2680 4857 3125 4914 obsecundantes
3197 4857 3444 4913 vicissim

1861 4953 2050 5006 ulcisci
2109 4969 2124 5006 :
2175 4967 2283 5020 quo
2343 4949 2555 5005 scilicet
2612 4949 2708 5006 abs
2765 4958 2815 5005 te
2871 4949 3166 5006 sacerdotii
3208 4949 3443 5022 dignitas

1865 5044 2022 5098 factis
2064 5050 2315 5109 ornetur,
2363 5049 2526 5112 atque
2555 5042 2719 5096 etiam
2766 5042 2884 5112 ipse
2924 5053 3041 5097 tum
3077 5041 3294 5107 divinae,
3326 5048 3442 5095 tum

1868 5138 2118 5192 humanae
2160 5133 2602 5190 condemnationi
2647 5147 2992 5204 nequaquam
3033 5134 3110 5190 sis
3148 5132 3442 5189 obnoxius.

1940 5319 2029 5374 l2.
2071 5317 2126 5372 In
2152 5317 2414 5373 omnibus
2444 5317 2634 5384 rebus,
2671 5318 2738 5373 ad
2769 5333 3012 5374 canones
3045 5313 3444 5386 spectantibus,

1869 5411 2273 5467 accurationem
2299 5426 2569 5466 summam
2601 5411 2863 5467 adhibere
2884 5411 3049 5466 debes
3073 5425 3088 5477 ;
3120 5415 3174 5464 et
3202 5406 3296 5462 ubi
3323 5408 3449 5478 qui-

1868 5501 1993 5556 dam
2027 5498 2406 5556 accusationes
2438 5501 2758 5564 instituunt,
2797 5509 2850 5556 et
2884 5501 2940 5556 in
2981 5509 3220 5556 canones
3250 5510 3448 5567 pecca-

1679 5663 1916 5721 ΝΟΤᾹΞ.

251 5797 366 5865 (50)
397 5793 513 5852 lloc
541 5805 646 5863 est,
680 5795 894 5862 vicarii,
924 5795 1041 5853 sive
1062 5794 1413 5866 sullraganci.

251 5854 365 5937 (5|)
395 5854 668 5939 Sportula:
695 5867 848 5939 quasi
873 5854 1140 5939 quaedam,
1179 5854 1300 5936 quire
1327 5863 1706 5937 pendebantur
1729 5861 1794 5918 ab
1837 5856 2120 5932 episcopo,
2149 5872 2272 5914 cum
2304 5857 2358 5913 in
2392 5857 2590 5914 solium
2626 5854 3016 5914 collocabatur.
