3948 6572
356 425 497 494 1145

1639 421 2344 486 Gnaeo-Romanun.
2445 415 2449 419 '
2537 397 2540 404 ’

3461 425 3598 494 1146

347 549 510 615 εἴπερ
533 545 641 598 εἰσὶ
675 542 819 598 κατὰ
857 539 948 596 τὸν
987 541 1180 609 τόπον,
1218 540 1514 613 συναφείας
1540 557 1600 595 τε
1627 543 1721 594 καὶ
1749 557 1917 613 παρα·

2031 540 2287 610 siquidem
2331 555 2396 597 eo
2443 541 2546 598 loci
2600 542 2731 608 sint,
2782 539 3205 613 conjutictiones
3259 556 3315 601 et
3361 547 3597 606 nefarias

347 637 550 708 νόμους
580 633 980 708 συνδιατριὸἀς.
1011 633 1171 688 Οῦτω
1193 633 1386 688 ταῦτα.
1421 633 1531 687 Καὶ
1557 631 1610 685 εί
1629 649 1681 686 τι
1731 632 1918 702 ἕτερον

345 734 463 785 ὅτε
513 730 706 800 καιρὸς
739 729 834 783 καὶ
879 728 913 797 ἡ
975 725 1133 796 χρεία
1194 723 1568 796 προϐάλλοιτο,
1623 723 1760 791 μετὰ
1822 723 1919 790 τῆς

347 822 646 891 ἐπαινετῆς
676 821 771 874 καὶ
820 818 1203 891 προσηκούσης
1231 816 1327 870 καὶ
1362 815 1642 883 θεοφιλοῦς
1685 813 1920 884 σπουδῆς

351 911 671 982 ἐκπληρῶν,
699 910 879 979 πάσης
915 909 1015 978 μὲν
1048 906 1215 977 λαϐῆς
1247 907 1342 960 καὶ
1385 903 1678 971 καταδίκης
1705 901 1919 972 ἐξαιρε-

347 1003 492 1073 θήσῃ
515 1017 529 1032 ⁸
559 1002 641 1064 είς
670 1001 875 1069 κόσμον
909 998 968 1051 δὲ
998 997 1098 1066 τῆς
1131 995 1482 1064 Ἐκκλησίας,
1508 997 1602 1047 καὶ
1626 992 1786 1060 δόξαν
1823 991 1918 1044 τοῦ

345 1094 408 1148 τὸ
435 1093 637 1146 οἰκεῖον
664 1085 806 1160 αἷμα
833 1088 976 1159 ὐπέρ
1008 1087 1178 1156 αὐτῆς
1209 1086 1520 1156 ἐκχέαντος,
1545 1083 1784 1154 Χριστοῦ
1823 1081 1918 1136 τοῦ

345 1184 606 1256 ἀληθινοῦ
632 1180 771 1236 Θεοῦ
800 1179 979 1252 ἡμῶν,
1019 1179 1268 1250 ὁ·ρθήσῃ’
1299 1179 1438 1250 ὅπερ
1479 1178 1574 1231 καὶ
1600 1175 1919 1246 ἐλπίζομεν,

347 1277 443 1329 καὶ⁵
472 1271 745 1343 εὐχόμεθα
771 1287 782 1301 ⁶
832 1271 927 1324 καὶ
978 1269 1115 1339 μετά
1155 1268 1409 1339 μεγάλων
1434 1268 1543 1321 τῶν
1569 1267 1800 1323 ἐλπίδων
1839 1271 1920 1331 εἰς

347 1367 450 1436 τὴν
480 1364 915 1435 ἐναποκειμένην
947 1365 1058 1425 τοῖς
1090 1363 1267 1431 ἁγίοις
1323 1359 1776 1432 παραπεμφθήσῃ
1818 1378 1922 1431 μα-

347 1457 672 1528 καριότητα,
703 1455 835 1510 ἔνθα
860 1457 1076 1509 πάντων
1106 1457 1140 1525 ἠ
1181 1453 1603 1526 προσδοκωμένη
1638 1451 1922 1507 κατάπαυ-

347 1568 436 1613 σις
462 1550 694 1618 γένοιτο,
723 1551 782 1602 ἐν
803 1547 1027 1620 Χριστῷ
1068 1547 1245 1617 Ἰησοῦ
1271 1547 1350 1618 τῷ
1377 1547 1569 1618 Κυρίῳ
1599 1549 1632 1618 ἡ
1642 1547 1780 1616 μῶν.
1797 1547 1920 1600 Ὀτι

345 1641 510 1706 αὐτός
554 1642 672 1696 ἐστι
718 1641 827 1694 τῶν
870 1639 1092 1710 ἀγαθῶν
1124 1640 1290 1711 δοτὴρ
1331 1639 1427 1693 καὶ
1472 1637 1785 1709 πληρωτὴς,
1826 1641 1920 1692 καὶ

346 1733 498 1804 αὐτῷ
525 1733 728 1804 πρέπει
753 1733 893 1804 ,τιμὴ
929 1733 1021 1786 καὶ
1054 1731 1200 1800 δόξα,
1230 1730 1324 1785 νῦν
1364 1731 1459 1786 καὶ
1505 1731 1584 1794 είς
1631 1730 1756 1793 τούς
1791 1730 1921 1784 οιίῶ-

345 1841 466 1888 νας.
509 1826 565 1878 Ἀ
577 1825 706 1896 μὴν.

583 1963 883 2031 Ἕντιιλμα
912 1959 1227 2030 διδόμενον
1250 1959 1372 2027 τοῖς
1395 1958 1698 2030 ἑξάρχοιςο

421 2075 492 2131 α’.
524 2075 616 2128 Δεῖ
639 2076 734 2148 τὴν
762 2075 858 2146 σὴν
877 2074 1184 2139 εὐλάϐειαν,
1203 2074 1302 2143 τὴν
1325 2071 1644 2126 ἐπιστασίαν
1674 2073 1768 2126 καὶ
1789 2072 1924 2142 πρό-

346 2185 502 2222 νοιαν
555 2167 662 2222 τῶν
715 2166 1132 2237 πατριαρχικῶν
1204 2164 1582 2236 μοναστηρίων
1625 2165 1776 2235 παρά
1824 2166 1923 2236 τῆς

345 2256 508 2327 ἡμῶν
539 2255 894 2328 μετριότητος
915 2252 1341 2323 ἀναδεδεγμένην
1358 2252 1424 2318 ⁸³,
1473 2252 1611 2321 μετά
1641 2253 1738 2322 τῆς
1767 2252 1923 2304 ἐπαι-

348 2351 508 2419 νετῆς
575 2348 935 2420 συνειδήσεως
999 2344 1198 2416 πολλὴν
1247 2342 1538 2397 ἀναλαϐεῖν
1603 2341 1924 2413 ἐπιμέλειαν

351 2441 450 2494 καὶ
475 2440 735 2512 σπουδὴν,
765 2440 840 2505 ὡς
862 2441 960 2512 οὐχ
991 2442 1124 2510 ἡμῖν
1152 2441 1313 2512 μόνον
1369 2437 1460 2492 τὸν
1528 2437 1657 2506 περὶ
1717 2434 1923 2487 τούτων

348 2534 506 2604 λόγον
534 2533 856 2602 ὀφείλουσαν
909 2532 1220 2596 ἀποδοῦναι,
1247 2531 1384 2586 ἀλλά
1409 2547 1470 2600 γε
1503 2531 1597 2584 καὶ
1623 2528 1729 2600 πρὸ
1762 2529 1794 2600 ἡ
1804 2526 1924 2599 μῶν

349 2626 427 2696 τῷ
484 2624 700 2679 πάντων
759 2624 939 2696 ἐφόρῳ
994 2623 1150 2694 Θεῷ·
1206 2624 1300 2678 καὶ
1359 2623 1497 2694 μήτε
1549 2621 1686 2694 πρὸς
1741 2623 1920 2692 χάριν,

350 2714 492 2784 μήτε
522 2715 658 2784 πρὸς
691 2711 910 2784 ἔχθραν,
959 2714 1096 2783 μήτε
1149 2712 1286 2783 πρὸς
1345 2711 1538 2783 δῶρον,
1605 2711 1743 2781 μήτε
1787 2710 1924 2780 πρὸς

350 2806 700 2877 παράκλησιν
723 2847 739 2869 ,
792 2809 928 2878 μήτε
979 2807 1119 2877 πρὸς
1143 2805 1272 2860 ἄλλο
1308 2823 1358 2859 τι
1408 2803 1516 2859 τῶν
1567 2803 1924 2874 ἀνθρωπίνων

345 2898 772 2964 ἀποκλίνουσαν,
828 2897 1302 2968 μεταχειρίζεσθαι
1348 2896 1447 2967 τὴν
1497 2895 1752 2963 τοιαύτην
1803 2897 1922 2949 δια-

345 2991 568 3045 κονίαν·
592 2990 729 3045 ἀλλά
753 2991 895 3044 κατά
938 2991 1066 3052 τούς
1114 2990 1430 3052 κανοειικούς
1467 2989 1702 3060 θεσμοὺς
1749 2989 1925 3043 πάντα

347 3079 630 3149 πράττειν,
665 3079 762 3134 καὶ
815 3078 956 3134 κατὰ
985 3080 1082 3149 τὴν
1115 3079 1389 3149 ἡμετέραν
1430 3078 1727 3147 διαταγὴν,
1754 3080 1924 3132 ἀνεπ-

1944 1875 1994 1935 Β

2021 635 2464 691 conversationes
2511 651 2830 692 removere.
2887 635 3066 707 Atque
3122 637 3237 693 haec
3283 638 3500 708 quidem
3541 641 3595 696 in

2023 731 2168 785 hunc
2233 730 2474 786 modum.
2519 729 2670 797 Quoo
2717 732 2764 786 si
2812 730 2943 802 quid
2987 731 3134 785 aliud
3170 731 3264 785 tibi
3301 733 3386 787 vel
3416 733 3596 802 ipsutn

2020 830 2259 892 tempus,
2290 823 2374 878 vel
2409 823 2707 880 necessitas
2736 821 2925 880 olferat
2951 867 2966 888 ,
3015 823 3069 878 id
3111 824 3158 878 si
3191 824 3476 890 laudabili,
3501 833 3596 881 de-

2021 924 2194 978 cente,
2230 913 2485 985 religioso
2525 915 2709 970 studio
2749 915 3020 986 perficies,
3086 917 3235 970 omni
3284 924 3454 971 temet
3504 933 3594 972 re-

2023 1005 2402 1076 praebcnsione
2447 1017 2500 1060 et
2547 1006 3002 1062 condemnatione
3043 1006 3274 1074 eximes,
3330 1006 3597 1062 Ecclesia:

2022 1105 2341 1152 ornamento
2372 1097 2502 1165 eris,
2528 1098 2712 1168 gloria:
2740 1097 2943 1153 Christi
2985 1099 3101 1154 veri
3139 1099 3229 1154 Dei
3262 1099 3458 1163 nostri,
3500 1100 3595 1168 qui

2020 1189 2344 1259 sanguinem
2390 1204 2490 1259 pro
2540 1189 2783 1246 Ecclesia
2847 1205 3009 1244 suum
3085 1190 3351 1260 profudit,
3393 1193 3599 1247 servies

2024 1275 2126 1346 (uti
2168 1275 2410 1331 futurum
2457 1292 2746 1346 speramus
2795 1289 2848 1333 et
2897 1287 3199 1350 optamus),
3244 1295 3368 1334 cum
3402 1295 3596 1350 magna

2022 1381 2119 1436 spe
2156 1367 2388 1438 denique
2422 1368 2489 1423 ad
2525 1369 2672 1424 illam
2702 1371 2912 1427 sanctis
2943 1373 3236 1443 repositam
3271 1374 3595 1430 beatitatem

2023 1458 2408 1529 ablegaberis:
2451 1461 2539 1516 ubi
2591 1462 2808 1532 requies
2852 1473 3105 1533 exoptata
3145 1466 3434 1536 contingat
3478 1467 3600 1521 nni-

2022 1547 2219 1611 versis,
2265 1548 2318 1602 in
2353 1548 2572 1604 Christo
2617 1547 2747 1604 Jesu
2784 1549 3015 1604 Domino
3065 1561 3255 1606 nostro
3286 1570 3300 1606 :
3338 1553 3596 1621 quoniam

2023 1638 2140 1709 ipse
2191 1638 2458 1694 bonorum
2500 1641 2726 1712 largitor
2772 1651 2855 1698 est
2905 1650 2960 1698 et
2995 1642 3321 1710 absolutor;
3379 1644 3465 1698 cui
3502 1657 3600 1712 par

2022 1737 2106 1784 est
2139 1729 2304 1785 tribui
2334 1731 2595 1787 honorem
2628 1741 2792 1804 atque
2821 1733 3072 1804 gloriam,
3117 1749 3263 1790 nunc
3293 1743 3346 1790 et
3380 1733 3598 1790 saeculis

2024 1822 2273 1880 infinitis.
2315 1824 2509 1880 Amen.

2201 1961 2522 2017 Mandatum
2559 1963 2697 2034 quod
2739 1963 2926 2032 legatis
2960 1964 3072 2036 (5'2)
3107 1963 3230 2018 dari
3268 1964 3421 2019 solet.

2099 2075 2150 2128 1.
2171 2075 2334 2130 Debet
2361 2083 2452 2129 tua
2480 2076 2806 2141 reverentia,
2827 2090 2946 2146 quae
2964 2074 3342 2144 praefecturam
3362 2083 3415 2128 et
3433 2087 3598 2128 cura-

2027 2168 2228 2222 tionem
2281 2166 2730 2238 patriarchalium
2789 2167 3250 2221 monasteriorum
3310 2181 3340 2219 a
3412 2176 3598 2218 nostra

2027 2257 2401 2312 mediocritate
2451 2265 2608 2311 nacta
2653 2264 2759 2322 est,
2793 2271 2917 2310 cum
2971 2256 3227 2310 laudabili
3261 2255 3600 2310 conscientia

2027 2348 2259 2404 multum
2311 2348 2609 2420 diligentia:
2656 2364 2720 2403 ac
2769 2349 2938 2403 studii
2995 2348 3297 2418 suscipere,
3349 2346 3426 2400 uti
3479 2361 3603 2416 quae

2027 2456 2136 2496 non
2168 2441 2346 2497 solum
2387 2439 2554 2496 nobis
2581 2440 2778 2495 borum
2821 2440 3016 2495 debeat
3044 2439 3313 2493 rationem
3346 2435 3598 2500 reddere,

2025 2549 2214 2588 verum
2242 2533 2404 2588 etiam
2439 2539 2565 2586 ante
2589 2547 2711 2596 nos,
2741 2531 3034 2601 inspectori
3058 2531 3302 2585 omnium
3344 2527 3453 2582 Deo
3490 2544 3504 2580 :
3537 2543 3604 2582 ac

2025 2639 2202 2696 neque
2239 2623 2467 2694 gratiam
2515 2637 2692 2692 neque
2723 2621 3088 2683 inimicitiam,
3141 2633 3320 2689 neque
3369 2619 3600 2680 donum,

2027 2731 2203 2788 neque
2233 2730 2446 2787 preces,
2468 2729 2643 2784 neque
2666 2712 2962 2783 quidquam
2983 2711 3126 2766 aliud
3155 2712 3207 2766 in
3233 2711 3394 2766 rebus
3413 2711 3610 2763 buma-

2026 2812 2112 2866 nis
2153 2806 2515 2879 respiciendo,
2552 2806 2912 2861 ministerium
2955 2803 3222 2874 ejusmodi
3281 2803 3434 2857 obire
3466 2818 3480 2854 :
3508 2801 3603 2856 sed

2026 2901 2208 2955 omnia
2253 2898 2554 2956 secundum
2613 2897 2908 2952 canonicos
2969 2895 3135 2964 leges,
3181 2901 3235 2947 et
3283 2891 3608 2947 mandatum-

2027 3000 2275 3047 nostrum
2309 3005 2489 3060 agere,
2525 2988 2774 3058 citraque
2810 3001 3104 3057 gravamen
3131 2995 3184 3041 et
3209 3001 3351 3040 onus
3384 2983 3610 3054 aliquod-

2027 3083 2281 3146 aliorum,
2330 3080 2663 3138 visitationis
2720 3095 2947 3134 munere
3000 3077 3248 3146 defungi,
3299 3091 3421 3132 cum
3472 3091 3604 3130 usus

342 3167 526 3239 αχθῶς
573 3185 632 3222 τε
683 3170 776 3223 xai.
806 3167 1024 3240 ἀσαρῶς
1081 3168 1180 3239 τὴν
1241 3168 1490 3239 περίοδον
1518 3169 1808 3236 ποιεῖσθαι,
1837 3171 1924 3224 ὅτε

2034 3175 2272 3246 postulat
2307 3191 2320 3228 :
2351 3188 2418 3227 ne
2457 3171 2666 3228 scilicet
2705 3172 2780 3227 illi
2817 3179 3036 3241 propter
3060 3171 3320 3225 comitum
3361 3165 3608 3222 multitu—

345 3263 506 3334 χρεία
536 3262 720 3318 καλεῖ⁶
749 3261 836 3316 ἵνα
862 3261 938 3332 μὴ
951 3259 1028 3330 τῷ
1055 3259 1248 3331 πλήθει
1268 3261 1364 3314 καὶ
1394 3260 1506 3323 τοῖς
1537 3259 1777 3314 πλείοσιν
1802 3261 1925 3318 ἁνα-

2040 3268 2244 3332 dinem,
2275 3272 2329 3320 et
2375 3264 2611 3334 majores
2660 3272 2936 3332 sumptus,
2969 3270 3132 3331 atque
3179 3261 3345 3316 etiam
3387 3268 3607 3329 propter

341 3354 612 3424 λώμασιν,
645 3352 725 3406 ἔτι
753 3351 810 3405 δὲ
843 3353 938 3405 καὶ
959 3352 1026 3420 τῇ
1077 3349 1294 3422 ἀκαίρῳ
1323 3349 1606 3421 ἐπιδημίᾳ,
1656 3351 1778 3405 ἀντὶ
1824 3352 1926 3422 τῆς

348 3444 647 3516 μελλούσης
675 3441 959 3512 ὠφελείας,
977 3442 1081 3512 ἠδη
1098 3439 1376 3513 παροῦσάν
1398 3458 1456 3494 τε
1477 3442 1572 3495 και)⁵
1605 3442 1826 3512 ἐνεργοῦ
1837 3461 1931 3496 σαν

345 3537 447 3606 τὴν
484 3534 689 3606 βλάδην
734 3533 930 3595 αὐτοὺς
963 3531 1192 3602 ἐνορῶσι
1241 3529 1784 3601 καταλαμϐάνουσαν.
1821 3533 1932 3586 Καὶ

348 3630 459 3698 γὰρ
482 3628 532 3680 εί
568 3625 892 3697 σωματικήν
931 3641 1054 3678 τινα
1087 3627 1152 3677 ἐκ
1191 3624 1290 3694 τῆς
1323 3624 1423 3694 σῆς
1464 3626 1764 3696 παρουσίας
1814 3643 1932 3680 συν.

345 3719 624 3773 αίσθονται
664 3717 889 3788 βλάϐην,
927 3716 1049 3770 οὐδὲ
1076 3715 1169 3786 τὴν
1198 3715 1435 3786 ψυχικὴν
1475 3717 1929 3790 ἐπαγγελλομένῳ

345 3809 700 3864 πιστεύσουσι
733 3807 1026 3878 σωτηρίαν.
1061 3808 1169 3861 Kal.
1197 3809 1340 3879 7:96;~
1361 3822 1424 3875 γε
1447 3807 1658 3870 τούτοις
1701 3811 1764 3860 ἐκ
1825 3811 1930 3862 πά-

347 3917 450 3972 σης
498 3898 897 3971 δωροληψίαςτο
955 3897 1204 3968 καθαρὰν
1261 3897 1431 3966 αὐτὴν
1459 3898 1552 3950 καὶ
1622 3897 1926 3968 ἀμόλυντον

347 3991 701 4063 διατηρήσεις
721 4006 736 4020 ·
797 3989 893 4043 καὶ
937 3991 1076 4060 μήτε
1110 3991 1230 4052 ταῖς
1257 3987 1582 4058 λεγομέναις
1614 3987 1927 4056 συνηθείαις

347 4083 705 4152 ὁπωσδήποτε
725 4081 1187 4152 καταχρανθῆναι,
1212 4082 1348 4149 μήτε
1365 4080 1570 4151 ἑτέροις
1592 4081 1928 4152 πρόσκομμα

349 4173 636 4242 γενέσθαι·
665 4174 727 4226 οὐ
757 4173 866 4244 γὰρ
896 4175 931 4243 ἡ
967 4173 1233 4244 σεμνότης
1257 4173 1349 4226 τοῦ
1380 4172 1642 4242 ὀνόματος
1672 4173 1772 4244 τὴν
1801 4175 1926 4227 δυσ-

349 4263 566 4320 σέϐειαν
604 4263 970 4326 ἀποσκευάζει
1003 4263 1102 4332 τῆς
1134 4262 1422 4333 πράξεως’
1463 4263 1600 4317 ἀλλά
1628 4263 1689 4316 τὸ
1745 4265 1928 4333 παρά-

351 4374 518 4428 νομον
543 4356 637 4409 τοῦ
670 4356 1016 4427 πράγματος,
1047 4356 1142 4408 καὶ
1167 4356 1266 4423 τῆς
1293 4355 1588 4423 ὀνομασίας
1642 4355 1926 4420 ἐκκακίζει

347 4449 450 4518 τὴν
483 4448 788 4516 δεξιότητα.
821 4447 931 4500 Καὶ
960 4447 1066 4530 γὰρ
1097 4447 1124 4497 ὁ
1157 4447 1362 4516 ἑτέροις
1392 4446 1802 4518 δικαιοπραγεῖν
1835 4465 1924 4500 vo-

2039 3360 2412 3430 importunmn
2497 3355 2812 3419 adventum,
2873 3353 3040 3408 futuri
3119 3350 3392 3407 commodi
3464 3349 3607 3412 loco,

2041 3464 2282 3520 praesens
2319 3457 2373 3502 et
2404 3463 2606 3517 urgens
2646 3447 2902 3500 damnum
2959 3460 3019 3501 se
3063 3443 3279 3499 videant
3307 3441 3606 3512 percipere.

2038 3539 2248 3610 Quippe
2288 3539 2334 3594 si
2389 3539 2676 3609 corporale
2723 3537 2996 3608 quoddam
3051 3552 3116 3592 ex
3177 3536 3464 3606 praesentia
3516 3542 3608 3587 tua

2038 3634 2426 3689 detrimentum
2484 3632 2750 3698 sentiant,
2810 3645 2912 3684 nec
2955 3629 3121 3684 animi
3174 3630 3401 3684 salutent
3449 3625 3610 3696 polli-

2039 3725 2182 3779 centi
2221 3726 2315 3778 tibi
2359 3723 2516 3777 [idem
2552 3722 2790 3778 habituri
2823 3730 2973 3777 sunt.
3013 3719 3282 3774 Prazterea
3323 3729 3374 3772 te
3414 3733 3606 3788 parum

2036 3824 2090 3870 et
2129 3815 2470 3884 impollutum
2519 3813 2587 3867 ab
2628 3814 2775 3866 omni
2819 3811 3130 3880 captatione
3165 3825 3449 3864 munerum
3488 3824 3605 3878 per-

2037 3916 2201 3976 petuo
2253 3905 2520 3968 servabis,
2573 3919 2636 3957 ac
2695 3919 2870 3972 neque
2928 3899 3420 3956 consuetudinibus
3471 3912 3610 3967 quas

2035 4008 2256 4064 vocant,
2312 3998 2425 4051 ullo
2477 3993 2642 4048 modo
2691 3992 3201 4056 contaminaberis;
3238 4004 3414 4059 neque
3467 3989 3611 4043 alius

2037 4086 2370 4142 oilendiculo
2400 4086 2534 4141 eris.
2570 4084 2687 4139 Non
2720 4084 2864 4138 enim
2897 4082 3147 4138 vocabuli
3193 4082 3452 4134 honestas
3510 4079 3615 4132 im-

2034 4183 2290 4251 pietatem
2324 4176 2454 4232 facti
2499 4185 2730 4233 excusat
2763 4193 2778 4240 ;
2815 4173 2911 4230 sed
2953 4174 3032 4228 rei
3091 4171 3398 4236 sceleritas,
3437 4169 3612 4239 ipsius

2033 4271 2197 4324 etiam
2231 4266 2612 4336 appellationis
2661 4266 2964 4321 bonitatem
3010 4263 3296 4317 deminuit.
3337 4258 3610 4314 Nimirum

2033 4362 2125 4430 qui
2156 4357 2399 4429 prtecipit
2431 4358 2576 4422 aliis,
2630 4365 2688 4411 ut
2738 4357 2885 4430 juste
2946 4371 3005 4412 se
3051 4362 3240 4431 gerant
3281 4351 3446 4407 etiam
3493 4351 3612 4419 ipse

2033 4453 2116 4507 vel
2150 4451 2217 4506 ab
2243 4451 2393 4504 omni
2436 4449 2750 4519 suspicione
2807 4446 3022 4515 injuriae
3070 4460 3245 4516 purus,
3273 4458 3396 4499 esse
3427 4441 3606 4496 debet.

357 4540 628 4612 μοθετῶν,
664 4540 827 4603 αὐτὸς
854 4538 1068 4606 καὶτῆς
1106 4537 1200 4589 τοῦ
1229 4537 1436 4590 ἀδικεῖν
1468 4537 1792 4608 ὑπολήψεως
1824 4557 1922 4593 κα-

2038 4543 2192 4598 Enim
2225 4557 2356 4598 vero
2388 4542 2432 4597 si
2471 4550 2671 4613 praeter
2702 4542 2816 4596 haec
2846 4541 3083 4609 injuncta
3113 4539 3207 4592 tibi
3239 4553 3334 4607 per
3362 4535 3614 4604 Scriptu-

352 4632 522 4704 θαρδς
579 4631 785 4701 ὀφείλει
844 4629 1231 4684 καθίστασθαι.
1281 4630 1342 4682 Ei
1407 4629 1588 4699 μέντοι
1648 4631 1799 4701 παρά
1859 4633 1930 4686 τὰ

352 4723 654 4794 ἐγγράφως
686 4739 769 4775 σοι
821 4719 1224 4791 διατεταγμένα
1256 4718 1273 4788 (
1311 4719 1339 4772 ὃ
1375 4721 1450 4789 μὴ
1498 4720 1728 4788 γένοιτο,
1793 4721 1931 4792 μηδὲ

352 4816 468 4890 δώῃ
495 4816 723 4887 Κύριος)
769 4816 901 4871 ἄλλο
953 4833 1006 4869 τι
1055 4813 1436 4886 διαπραχθείη,
1471 4814 1564 4866 καὶ
1619 4813 1934 4884 παράϐασίς

349 4925 496 4971 τινος
525 4908 633 4962 τῶν
685 4907 1164 4980 παραγγελμάτων
1219 4905 1635 4977 ὲπιτολμηθείη,
1699 4907 1933 4977 μάλιστα

353 4999 414 5054 δὲ
447 5000 494 5052 εί
533 4999 821 5072 συνηθείας
849 4999 884 5070 ἢ
918 4999 1101 5062 αὐτὸς,
1127 4999 1160 5066 ἢ
1195 4997 1382 5068 ἕτερός
1415 5015 1499 5061 τις
1528 4999 1637 5050 τῶν
1704 5017 1931 5054 συνεπο-

357 5091 533 5161 μένων
565 5109 646 5146 σοι
677 5090 922 5148 ἀπαιτῶν
956 5089 1257 5162 φωραθείη,
1289 5091 1323 5160 ἢ
1359 5088 1528 5160 ἀλλην
1574 5091 1696 5144 τινὰ
1731 5091 1933 5163 ζημίαν

353 5183 638 5253 ἐπιφέρων
663 5185 773 5246 τοῖς
801 5184 895 5247 ἐπί
928 5179 1217 5248 ἀπαλλαγῇ
1254 5177 1456 5247 ζημίας
1510 5178 1687 5250 ψυχῆς
1735 5200 1792 5236 τε
1839 5183 1933 5238 καὶ

357 5273 610 5343 σώματος
638 5273 1055 5344 ὑποδεχομένοις
1083 5271 1182 5342 τὴν
1240 5268 1338 5339 σὴν
1397 5269 1684 5324 εὐλάϐειαν
1710 5289 1723 5303 ο
1782 5275 1930 5336 ὅστις

355 5363 450 5426 οῦν
491 5364 570 5434 τῷ
599 5365 825 5432 τοιούτῳ
872 5365 1136 5434 νοσήματι
1181 5364 1340 5426 ἁλοὺς
1373 5363 1678 5433 φωραθείη,
1711 5364 1772 5429 ἐξ
1831 5366 1930 5418 αὖ·

356 5457 458 5528 τῆς
511 5455 726 5527 ἐκείνης
754 5456 853 5526 τῆς
887 5455 1203 5526 παρανόμου
1254 5454 1505 5526 πράξεως
1567 5456 1710 5508 ἔστω
1764 5455 1929 5524 γινώ-

2038 4653 2152 4689 ram
2186 4634 2352 4706 (quod
2400 4634 2565 4697 absit,
2599 4650 2774 4704 neque
2800 4632 3062 4687 Dominus
3098 4631 3214 4684 ﬁeri
3274 4625 3614 4698 permiserit)

2036 4728 2319 4782 diversum
2350 4726 2611 4796 quiddam
2650 4725 2813 4780 fuerit
2846 4731 3050 4790 actum,
3084 4731 3138 4778 et
3176 4721 3412 4790 alicujus
3439 4735 3500 4774 ex
3532 4718 3614 4771 his

2037 4820 2310 4875 mandatis
2339 4826 2605 4873 attentata
2633 4816 2900 4883 violatio;
2934 4817 3190 4879 maxime,
3233 4813 3279 4869 si
3315 4820 3614 4868 cmisuetu-

2035 4912 2191 4966 dines
2218 4910 2299 4964 vel
2329 4909 2677 4978 temetipsum
2712 4907 2951 4977 exigere,
2977 4907 3057 4960 vel
3082 4906 3248 4959 alium
3280 4918 3619 4974 quemquam

2034 5019 2100 5059 ex
2126 5000 2418 5058 comitibus
2450 4999 2555 5054 tuis
2583 5007 2925 5069 compertum
2968 4997 3168 5065 fuerit;
3211 4997 3424 5051 aliudve
3453 4994 3616 5049 detri-

2037 5102 2282 5148 mentum
2336 5091 2610 5161 quoddam
2666 5089 2745 5144 eis
2810 5088 3024 5152 inferri,
3078 5089 3170 5158 qui
3252 5086 3610 5142 reverentiam

2037 5193 2183 5238 tuam
2216 5183 2496 5253 excipiunt
2541 5197 2606 5236 eo
2654 5180 2897 5246 nomine,
2941 5189 2998 5233 ut
3056 5180 3222 5234 animi
3254 5177 3620 5247 corporisque

2036 5276 2250 5331 damnis
2299 5276 2597 5330 liberentur
2652 5291 2668 5330 :
2709 5275 2958 5344 quisquis
2987 5274 3151 5344 igitur
3187 5273 3238 5325 in
3289 5269 3617 5338 bujusmodi

2037 5367 2169 5421 vitio
2209 5365 2581 5435 deprehensus
2644 5363 2827 5430 fuerit,
2867 5365 2936 5418 ob
2983 5365 3082 5416 hoc
3117 5363 3290 5430 ipsum
3341 5359 3618 5420 nefarium

2038 5457 2276 5522 facinus,
2313 5457 2471 5523 sciat,
2519 5457 2750 5528 primum
2783 5455 2999 5526 quidem
3026 5471 3082 5511 se
3110 5454 3285 5509 sacris
3319 5467 3352 5508 a
3399 5459 3606 5524 myste-

1642 5570 1868 5625 VARLE
1908 5570 2307 5628 LECTIONES.

426 5667 474 5700 θ’
504 5667 574 5724 al.
603 5668 924 5743 δεξαμένην.
1001 5671 1044 5708 ⁷ο
1070 5671 1439 5742 δωσοληιζιίας.

1895 5761 2120 5817 NOTAE.

435 5854 546 5925 (52)
579 5854 809 5913 Vicariis
840 5857 952 5914 sive
987 5857 1368 5930 suilraganeis.
