3948 6568
386 395 523 465 ῙΗἸ

1709 396 1743 459 J
1749 397 1846 461 US
1868 396 2319 462 CANONICUM

3514 403 3657 470 1H8

380 507 484 566 riis
523 506 721 576 arceri,
781 514 836 563 et
882 505 952 563 ab
998 504 1381 565 ecclesiaStico
1412 506 1602 581 repelli
1642 518 1961 567 conventu:

2090 528 2236 576 rxwv,
2270 510 2349 576 ὡς
2376 510 2568 583 πρῶτα
2596 510 2695 584 μὲν
2720 509 2829 566 τῶν
2855 510 3018 568 θείων
3060 511 3391 586 ἀπείργεται
3434 533 3656 589 μυστη-

381 600 582 657 deinde
612 615 741 655 mox
772 598 934 657 etiam
962 597 1230 667 futurum,
1268 607 1327 655 ut
1360 600 1429 657 ab
1458 615 1525 656 eo
1551 615 1711 670 pruna
1747 618 1968 673 quoque

386 694 569 751 civilis
597 694 872 765 exigatur.
903 691 1040 748 Nam
1068 694 1161 764 qui
1190 694 1503 751 sanctiones
1529 702 1584 750 et
1613 694 1760 765 leges
1787 694 1967 750 eccle-

383 787 640 844 siasticas
662 788 1005 853 comtemnit,
1024 801 1203 858 neque
1233 785 1576 842 formidabile
1604 793 1759 857 putat
1780 802 1968 841 earum

383 880 737 949 supplicium,
800 880 1028 950 ipsemet
1061 893 1185 934 sese
1224 878 1404 948 poenis
1434 879 1689 935 civilibus
1721 877 1967 950 subiicit.

386 968 484 1025 llis
518 986 547 1024 a
588 970 749 1026 nobis
801 970 857 1024 in
887 970 1113 1025 exordio
1167 970 1471 1038 collocatis,
1524 970 1592 1027 ad
1645 970 1822 1042 ipsius
1870 969 1974 1024 mi-

385 1063 598 1120 nisterii
634 1063 954 1119 mandatum
983 1064 1246 1135 procedat
1275 1065 1473 1122 oratio.

460 1350 517 1409 2.
559 1349 727 1407 Debet
777 1349 1089 1407 reverentia
1131 1357 1221 1405 tua
1270 1363 1557 1406 sacrorum
1611 1347 1973 1404 monasterio-

390 1460 510 1500 rum
547 1443 849 1516 prazfectos,
882 1443 978 1514 qui
1007 1443 1248 1514 superbo
1285 1442 1524 1513 quodam
1571 1446 1892 1512 contemptu
1917 1445 1973 1495 et

389 1536 702 1606 arrogantia
759 1534 1001 1605 reliquos
1048 1548 1181 1606 erga
1230 1533 1511 1589 solitarios
1555 1540 1802 1596 utuntur,
1852 1545 1977 1586 ora-

392 1626 539 1680 tione
568 1635 624 1681 et
676 1626 1149 1681 admonitionibus
1196 1623 1411 1679 ellicere
1454 1623 1732 1679 modestos
1780 1631 1835 1678 et
1875 1620 1980 1678 hu-

392 1718 588 1786 miles;
618 1727 780 1787 atque
811 1719 1055 1783 erudire,
1081 1724 1142 1773 ut
1186 1718 1485 1773 monachos
1519 1732 1616 1787 pro
1658 1718 1776 1772 suis
1805 1731 1978 1772 mem-

390 1809 511 1879 bris
549 1820 889 1880 agnoscant;
943 1826 1121 1880 neque
1173 1810 1440 1864 duntaxat
1503 1824 1693 1864 eorum
1762 1809 1977 1862 animas

391 1917 494 1973 pro
554 1903 670 1958 suis
725 1902 938 1959 viribus
988 1903 1086 1958 sed
1143 1916 1373 1971 corpora
1422 1916 1640 1970 quoque
1690 1914 1822 1953 cura
1874 1914 1975 1954 sua

393 1995 840 2066 complectantur
908 2012 922 2048 :
980 2002 1036 2050 et
1117 2008 1279 2063 agere
1365 1992 1525 2048 debet
1586 1991 1790 2055 omnia,
1857 2007 1977 2060 qua:

393 2088 656 2144 momenti
729 2087 968 2156 alicujus
1042 2097 1192 2151 sunt,
1246 2102 1367 2141 cum
1438 2100 1628 2141 eorum
1693 2084 1975 2140 consilio:

393 2197 741 2238 communem
794 2197 920 2238 cum
971 2180 1052 2237 eis
1100 2182 1327 2247 victum,
1361 2197 1485 2237 cum
1511 2189 1711 2236 caetera
1758 2176 1977 2236 vivendi

391 2278 605 2331 ratione
650 2275 853 2332 habere
901 2293 917 2331 :
968 2283 1170 2333 cuncta
1229 2273 1533 2330 immobilia
1585 2289 1695 2329 non
1740 2273 1978 2327 alienata

392 2382 635 2433 servare,
695 2368 901 2438 quique
938 2366 1318 2440 percipiuntur
1369 2383 1435 2424 ex
1483 2368 1564 2423 eis
1614 2365 1826 2422 fructus
1861 2379 1979 2419 ma-

393 2461 627 2519 nifestos
656 2461 915 2518 omnibus
945 2460 1148 2525 facere,
1189 2470 1243 2515 et
1296 2460 1491 2515 idonee
1540 2458 1930 2514 administrare
1960 2475 1976 2525 ;

393 2561 454 2607 ut
484 2567 551 2608 ex
590 2553 672 2609 eis
700 2567 892 2624 greges
920 2553 1163 2622 ipsorum
1192 2552 1245 2606 in
1278 2552 1422 2608 bono
1464 2558 1609 2607 statu
1644 2565 1982 2606 conserven-

394 2653 506 2710 tur,
575 2652 741 2714 atque
806 2643 912 2714 ipsi
986 2644 1241 2698 monachi
1298 2659 1478 2699 causae
1531 2644 1671 2700 nihil
1743 2643 1981 2701 habeant

394 2737 666 2793 adversus
688 2736 985 2808 magistros
1011 2750 1142 2792 suos
1176 2743 1338 2801 atque
1368 2736 1643 2792 doctores.

464 2830 518 2887 3.
540 2828 707 2886 Debet
724 2830 1134 2889 reverentiatua
1158 2830 1324 2885 vitam
1351 2830 1709 2887 monasticam
1728 2844 1985 2886 exercen-

396 2933 500 2992 tes,
528 2926 619 2996 qui
653 2928 859 2997 pastori
900 2941 1001 2982 suo
1025 2926 1218 2981 nolunt
1240 2926 1623 2996 obtemperare
1660 2925 1755 2981 sed
1800 2925 1981 2980 ordini

396 3017 649 3073 solitario
680 3017 1253 3073 contraria’incedunt
1278 3017 1363 3073 via
1400 3026 1454 3074 et
1480 3017 1703 3088 reliqum
1733 3016 1983 3072 multitu-

397 3109 513 3165 dini
558 3108 886 3165 ol‘fendiculo
940 3120 1102 3175 sunt,
1158 3112 1523 3183 obsequentes
1581 3122 1634 3167 et
1676 3110 1981 3182 morigeros

2075 605 2240 677 ρίων,
2280 605 2375 660 καὶ
2425 605 2526 677 τῆς
2596 604 3058 677 ἐκκλησωστικῆς
3100 608 3493 663 ἀπελαύνεται
3528 628 3657 669 συν-

2068 700 2191 753 όδου
2212 715 2229 734 ·
2283 700 2383 755 οὐκ
2445 703 2527 765 είς
2561 702 2775 774 μακρὰν
2809 702 2867 758 δέ
2894 702 2990 758 καὶ
3026 704 3122 776 τὴν
3158 705 3442 779 πολιτικὴν
3492 706 3660 762 ἁπαι-

2072 795 2365 866 τηθήσεται
2413 794 2592 866 δίκην.
2640 796 2703 850 '0
2771 796 2886 868 γὰρ
2949 796 3444 868 ἐκκλησιαστικοὺς
3508 815 3658 870 παρ-

2076 888 2219 960 ορῶν
2256 889 2493 961 θεσμοὺς
2546 890 2642 942 καὶ
2670 888 2891 960 νόμους,
2924 890 3019 945 καὶ
3077 889 3152 961 μὴ
3188 888 3428 961 φοὸερὰν
3481 890 3655 960 ἡγού-

2075 1000 2236 1054 μενος
2268 983 2366 1051 τὴν
2397 982 2623 1036 ἐκείνων
2672 982 2863 1053 δίκην,
2920 982 3081 1046 αὐτὸς
3136 982 3330 1037 ἐαυτὸν
3381 985 3504 1047 ταῖς
3559 1000 3660 1037 πο-

2073 1076 2304 1138 λιτικαῖς
2346 1075 2599 1139 εὐθύναις
2652 1074 3078 1134 καθυποϐάλλει.
3138 1074 3359 1128 Τούτων
3410 1075 3546 1145 ἡμῖν
3594 1076 3656 1128 ἐν

2075 1167 2384 1237 προοιμίοις
2417 1165 2703 1232 τεθέντων,
2741 1165 2881 1237 πρὸς
2906 1167 2967 1220 τὸ
3002 1168 3103 1238 τῆς
3133 1166 3416 1228 διακονίας
3464 1165 3659 1219 ἐπίτα-

2075 1275 2194 1330 γμα
2222 1260 2251 1313 ό
2278 1258 2436 1327 λόγος
2463 1259 2733 1329 χωρείτω.

2148 1348 2217 1421 β’.
2258 1352 2351 1404 Δεῖ
2377 1350 2476 1421 τὴν
2512 1349 2610 1421 σὴν
2656 1349 2946 1405 εὐλάϐειαν
2977 1351 3106 1413 τοὺς
3133 1350 3455 1403 ἐπιστατεῖν
3498 1350 3660 1421 ἱερῶν

2077 1440 2517 1512 φροντιστηρίων
2564 1440 2850 1510 λαχόντας,
2884 1439 3155 1510 ὑπεροψία
3180 1439 3239 1494 δέ
3295 1440 3392 1495 καὶ
3459 1439 3657 1506 ἀλαζο-

2077 1532 2196 1604 νείᾳ
2223 1532 2360 1604 πρὸς
2394 1532 2522 1596 τοὺς
2555 1531 2779 1595 λοιποὺς
2805 1531 3124 1602 χρωμένους
3159 1530 3519 1602 μονάζοντας,
3552 1550 3652 1602 με·

2077 1626 2263 1699 τρίους
2312 1626 2406 1681 καὶ
2447 1626 2882 1696 ταπεινόφρονας
2924 1624 3069 1695 λόγῳ
3119 1625 3219 1680 καὶ
3269 1625 3660 1696 παραινέσεσιν

2078 1718 2515 1789 ἀπεργάζεσθαι,
2553 1721 2649 1772 καὶ
2686 1718 2761 1781 ὡς
2798 1718 2934 1788 μέλη
2991 1719 3167 1773 οἰκεῖα
3194 1719 3328 1780 τοὺς
3392 1721 3657 1789 μοναχοὺς

2080 1810 2427 1865 ἐκπαιδεύειν
2459 1810 2733 1881 ἡγεῖσθαι,
2784 1811 2860 1880 μὴ
2894 1809 3054 1880 μόνον
3093 1809 3202 1862 τῶν
3242 1808 3433 1880 ψυχῶν
3461 1810 3657 1876 αὐτῶν,

2078 1900 2215 1955 ἀλλὰ
2252 1899 2481 1955 καὶτῶν
2538 1902 2806 1971 σωμάτων
2850 1901 2952 1970 ὅση
3007 1899 3242 1968 δύναμις
3291 1900 3657 1973 κηδομένους·

2080 1993 2261 2047 πάντα
2285 1992 2339 2045 δὲ
2377 1991 2639 2061 πράττειν
2667 1992 2736 2047 τὰ
2758 1991 3095 2063 καιριώτατα
3118 1991 3213 2056 ⁷⁰⁶,
3259 1992 3397 2062 μετὰ
3434 1992 3534 2061 τῆς
3562 1993 3662 2045 αὐ-

2078 2086 2189 2140 τῶν
2219 2086 2446 2156 γνώμης
2471 2125 2486 2150 ,
2516 2087 2704 2157 κοινήν
2729 2102 2789 2139 τε
2818 2086 2917 2155 τὴν
2956 2085 3223 2150 ἑστίασιν,
3272 2087 3366 2139 καὶ
3417 2084 3520 2157 τὴν
3569 2084 3663 2139 ἆλ-

2078 2179 2182 2250 λην
2209 2178 2420 2233 δίαιταν
2450 2176 2595 2248 ἔχειν
2614 2217 2630 2241 ,
2658 2177 2728 2232 τά
2746 2194 2804 2231 τε
2830 2177 3066 2247 ἀκίνητα
3104 2178 3281 2231 πάντα
3323 2177 3660 2246 ἀνεκποίητα

2080 2273 2308 2343 τηρεῖν,
2358 2268 2456 2324 καὶ
2519 2269 2587 2323 τὰ
2640 2268 3137 2341 καρποφορούμενα
3199 2268 3335 2339 δῆλα
3396 2268 3663 2339 καθιστῷι

2082 2364 2280 2429 ἅπασι,
2308 2364 2403 2417 καί⁵
2431 2363 2660 2427 δεόντως
2688 2363 2862 2417 ταῦτα
2921 2359 3421 2433 μεταχειρίζεσθαι.
3461 2358 3537 2421 ὡς
3590 2358 3656 2412 ἂν

2080 2456 2146 2509 ἐκ
2179 2452 2384 2507 τούτων
2417 2453 2488 2506 τά
2528 2469 2588 2506 τε
2616 2451 2842 2522 ποίμνια
2873 2449 3052 2505 αὐτῶν
3082 2448 3341 2518 εὐσταθῇ,
3386 2449 3483 2502 καὶ
3515 2449 3660 2502 αὐτοὶ

2082 2547 2486 2619 ἀπροφάσιστοι
2523 2538 2635 2599 εἷεν
2674 2543 2813 2615 πρὸς
2839 2542 2967 2607 τούς
3004 2541 3183 2596 αὐτῶν
3240 2539 3564 2611 καθηητάς
3604 2554 3660 2592 τε

2081 2643 2177 2697 καὶ
2199 2638 2575 2702 διδασκάλους.

2152 2815 2223 2887 γ’.
2256 2817 2349 2870 Δεῖ
2402 2814 2506 2887 τὴν
2553 2812 2657 2884 σὴν
2707 2810 2994 2867 εὐλάϐειαν
3052 2808 3178 2870 τοὺς
3225 2806 3298 2877 μὴ
3344 2803 3662 2874 πειθαρχεῖν

2083 2909 2364 2973 ἐθέλοντας
2393 2906 2471 2977 τῷ
2512 2904 2725 2959 ἑαυτῶν
2762 2902 3000 2984 ποιμένι⁸
3021 2899 3354 2972 μονάζοντας
3373 2939 3389 2964 ,
3418 2895 3536 2949 ἀλλ’
3560 2895 3662 2949 ἀπ-

2082 3000 2333 3065 εναντίας
2347 3002 2445 3072 τῆς
2467 2997 2763 3070 μοναδικῆς
2781 2995 3096 3066 βαδίζοντας
3112 2989 3339 3056 τάξεως,
3364 2987 3468 3044 καὶ
3495 2987 3659 3058 πρόσ-

2084 3111 2275 3165 κομμα
2319 3095 2387 3164 τῇ
2445 3091 2609 3162 λοιπῇ
2649 3088 2969 3160 γινομένους
3022 3082 3251 3155 πληθύῖ,
3280 3080 3511 3144 τούτους
3573 3078 3660 3133 suo

398 3197 632 3265 efﬁcere,
662 3211 715 3257 et
741 3204 992 3260 oratione
1018 3219 1080 3258 ac
1109 3203 1494 3274 spiritualibus
1522 3203 1979 3259 instructionibus

2090 3187 2303 3250 πειθεῖς
2332 3185 2429 3241 καὶ
2452 3181 2809 3254 εὐγνώμονας
2838 3176 3127 3244 ποιεῖσθαι,
3157 3175 3254 3229 καὶ
3290 3173 3392 3242 τὴν
3422 3170 3521 3225 τοῦ
3551 3172 3658 3225 Κυ-

397 3307 496 3347 eos
549 3293 913 3350 obedientiam
965 3294 1172 3352 domini
1231 3296 1430 3353 docere
1482 3305 1646 3367 atque
1720 3296 1795 3351 ita
1862 3296 1979 3351 for-

400 3398 574 3451 mare,
610 3394 667 3439 ut
692 3400 759 3441 ex
804 3384 1070 3456 dignitate
1102 3388 1466 3459 professionis
1500 3404 1613 3445 suae
1645 3404 1705 3444 se
1747 3397 1979 3460 gerant;

401 3491 580 3545 neque
620 3477 991 3535 voluntatibus
1030 3481 1147 3536 suis
1198 3480 1572 3550 obsequendo,
1612 3495 1790 3551 neque
1816 3479 1982 3536 rebus

403 3568 666 3638 propriis,
718 3571 835 3626 sive
886 3571 1111 3641 peculiis
1143 3573 1287 3644 (quae
1326 3573 1551 3645 vocant)
1585 3587 1770 3627 curam
1823 3570 1984 3626 adiri-

404 3660 583 3715 bendo
647 3681 662 3718 :
734 3664 811 3718 uti
873 3663 1033 3720 factis
1087 3667 1487 3722 aversationem
1545 3665 1668 3721 vitae
1751 3674 1983 3721 terrenae

403 3763 736 3819 asserentes,
766 3770 797 3810 a
822 3756 1134 3813 commissis
1156 3759 1395 3828 peccatis
1417 3758 1793 3815 liberationem
1828 3759 1982 3814 inve-

406 3845 576 3914 niant,
610 3853 667 3903 et
693 3849 959 3903 bonorum
996 3850 1050 3905 in
1101 3866 1319 3906 omnem
1369 3852 1731 3908 aeternitatem
1772 3852 1982 3907 duran-

404 3936 541 3990 tium
571 3937 869 4009 participes
909 3937 1062 3993 ﬁant.

473 4028 530 4085 4.
587 4030 757 4086 Debet
814 4031 1120 4087 reverentia
1176 4040 1269 4086 tua
1322 4028 1754 4095 controversias,
1826 4044 1980 4099 quae-

406 4138 624 4191 cunque
690 4121 1084 4178 monachorum
1149 4122 1417 4178 adversus
1464 4122 1712 4184 abbates,
1762 4132 1815 4175 et
1863 4121 1982 4176 vice

406 4229 563 4269 versa
599 4214 857 4269 abbatum
902 4214 1165 4271 adversus
1213 4215 1512 4269 monachos
1557 4212 1833 4277 incidunt,
1865 4222 1978 4266 tum

403 4308 757 4380 investigare,
808 4317 923 4364 tum
988 4310 1293 4366 dissolvere
1341 4311 1676 4380 justitlzeque
1715 4307 1979 4363 auxilium

400 4400 735 4471 adhibendo,
770 4412 918 4460 recte
942 4416 1273 4472 componere
1309 4420 1323 4457 :
1358 4401 1620 4458 oﬂ‘ensam
1665 4416 1879 4456 omnem
1914 4397 1983 4454 de

406 4493 587 4547 medio
668 4494 903 4559 tollere,
970 4492 1326 4564 vicissimque
1400 4502 1650 4564 pacatum
1719 4490 1983 4546 reducere

2090 3280 2207 3350 ρίου
2241 3275 2489 3348 ὑπακοὴν
2536 3269 2884 3329 ἐκπαιδεύειν
2912 3268 3056 3339 λόγῳ
3107 3267 3202 3321 καὶ
3256 3263 3657 3335 πνευματικαῖς

2088 3370 2461 3443 εἰσηγήσεσιν,
2493 3366 2661 3433 ἀξίως
2693 3361 3128 3436 παρασκευάζων
3167 3360 3213 3393 ’ί
3264 3356 3366 3411 τοῦ
3397 3356 3662 3425 ἐπαγγέλ-

2092 3480 2262 3535 ματος
2289 3460 2697 3526 πολιτεόεσθαι,
2734 3458 2876 3530 μήτε
2935 3455 3237 3525 θελήμασιν
3279 3452 3507 3513 οίκείοις
3541 3453 3662 3505 ἀκο-

2088 3552 2443 3616 λουθοῦντας,
2483 3552 2622 3621 μήτε
2652 3551 2718 3619 τῇ
2755 3548 2862 3620 ίδίᾳ
2890 3547 3085 3618 κτήσει
3115 3544 3147 3616 ἢ
3178 3545 3292 3606 τοῖς
3345 3539 3662 3610 λεγομένοις

2090 3640 2400 3705 πεκουλίοις
2427 3643 2793 3714 προσέχοντας
2815 3654 2830 3670 ο
2872 3639 2958 3693 ῖνα
2986 3637 3051 3708 δὴ
3085 3638 3197 3699 τοῖς
3234 3635 3420 3705 ἔργοις
3451 3630 3551 3703 τὴν
3574 3628 3659 3683 τοῦ

2090 3735 2207 3808 βίον
2255 3734 2545 3804 ἀποφυγὴν
2597 3728 2996 3803 βεϐαιοῦμενοι,
3067 3728 3177 3782 τῶν
3252 3721 3659 3797 ἡμαρτημένων

2088 3826 2300 3898 εὕροιεν
2324 3827 2422 3898 τὴν
2453 3826 2798 3897 ἀπαλλαγὴν,
2830 3824 2923 3878 καὶ
2948 3822 3057 3876 τῶν
3109 3817 3534 3882 διαιωνιζόντων
3559 3830 3651 3886 με·

2088 3919 2340 3991 τάσχοιεν
2360 3915 2603 3987 ἀγαθῶν.

2159 4013 2223 4065 δ’.
2254 4011 2346 4064 Δεῖ
2377 4010 2475 4080 τὴν
2502 4008 2601 4079 σὴν
2632 4006 2916 4068 εὐλάϐειαν
2948 4006 3048 4068 τὰς
3075 4003 3208 4074 πρὸς
3240 4001 3368 4064 τούς
3422 3999 3662 4070 ήγουμέυ

2088 4120 2213 4167 νους
2240 4101 2393 4173 παρὰ
2436 4101 2542 4155 τῶν
2595 4098 2864 4171 μοναχῶν,
2894 4097 2988 4152 καὶ
3044 4094 3112 4151 αὖ
3157 4093 3321 4150 πάλιν
3355 4093 3511 4163 παρὰ
3558 4090 3663 4146 τῶν

2088 4195 2407 4267 ἡγουμένων
2444 4192 2579 4266 πρὸς
2623 4192 2751 4250 τούς
2789 4189 3120 4262 μονάζοντας
3182 4186 3481 4257 γινομένας
3539 4184 3656 4238 δια-

2090 4287 2283 4358 φορὰς,
2312 4285 2538 4358 ἐρευνᾷν
2576 4301 2635 4338 τε
2669 4283 2765 4337 καὶ
2798 4281 3059 4347 διαλύειν,
3119 4279 3214 4333 καὶ
3242 4280 3309 4349 τῇ
3342 4275 3659 4348 δικαιοσύνῃ

2092 4378 2274 4451 βοηθῷ
2307 4378 2611 4449 χρώμενον,
2651 4375 2786 4446 πρὸς
2808 4374 2868 4427 τὸ
2900 4372 3021 4426 δέον
3054 4369 3364 4443 ῥυθμίζειν.
3389 4369 3504 4422 Καὶ
3558 4368 3662 4420 πᾶν

2100 4473 2198 4544 μὲν
2231 4471 2524 4525 σκάνδαλον
2557 4469 2622 4521 ἐκ
2653 4469 2818 4538 μέσον
2846 4465 3139 4531 ποιεῖσθαι,
3162 4465 3345 4517 πᾶσαν
3373 4461 3430 4514 δὲ
3460 4463 3664 4515 ἀντεισ-

402 4592 610 4640 statum
643 4601 658 4639 :
700 4584 919 4640 vivendi
950 4583 1187 4655 denique
1217 4551 1480 4640 rationein
1514 4585 1568 4639 in
1602 4584 1684 4639 eis
1714 4583 1979 4654 plantare.

2091 4566 2277 4637 φέρειν
2318 4561 2603 4633 είρηναίαν
2634 4559 3011 4622 κατάστασιν,
3056 4557 3153 4610 καὶ
3194 4555 3293 4627 τὴν
3321 4553 3493 4618 ὁσίοις
3534 4551 3661 4622 πρι-

401 4691 528 4746 (ιιιιο
556 4676 841 4746 religiosos
872 4675 1123 4732 homines
1153 4677 1365 4733 deceat.

478 4764 533 4820 5.
567 4762 738 4820 Debet
772 4766 1076 4822 reverentia
1121 4773 1214 4821 tua
1266 4767 1588 4835 monachos,
1636 4765 1731 4837 qui
1776 4764 1845 4821 de
1893 4765 1981 4821 via

406 4864 559 4914 recta
588 4856 903 4927 deflectunt,
946 4869 1000 4917 et
1035 4859 1407 4918 inobedientia
1446 4862 1696 4917 laborant
1717 4875 1847 4931 erga
1878 4859 1982 4916 sibi

408 4948 716 5019 praefectos,
762 4967 827 5007 ac
871 4962 1157 5023 peccatum
1217 4954 1284 5008 ad
1331 4961 1563 5008 mortem
1616 4956 1984 5016 committunt,

408 5041 489 5097 uti
550 5040 769 5099 divinus
830 5044 923 5099 ille
975 5042 1215 5102 Joannes
1275 5044 1544 5115 loquitur,
1616 5059 1718 5116 pro
1786 5043 1986 5115 quibus

408 5148 597 5204 preces
650 5140 707 5188 et
772 5133 1186 5194 obsecrationes
1240 5138 1351 5192 vim
1428 5150 1680 5208 magnam
1745 5133 1984 5200 habent;

407 5222 511 5278 hus
555 5218 689 5296 ergo
750 5224 901 5281 velut
952 5226 1191 5281 orationi
1254 5227 1486 5282 doctrici
1535 5242 1645 5281 non
1697 5225 1983 5294 obtempe-

408 5321 617 5379 rantes,
675 5315 854 5387 pmnis
923 5317 1377 5374 convenientibus
1432 5317 1711 5388 subjicere
1774 5315 1981 5381 debet;

408 5406 489 5461 uti
519 5423 617 5476 per
640 5424 734 5464 eas
761 5410 1037 5482 castigati,
1070 5409 1137 5465 sd
1175 5409 1410 5465 salutem
1443 5408 1701 5465 facientia
1727 5407 1983 5475 discant;

406 5508 572 5571 atque
602 5500 694 5556 alii
727 5519 823 5573 per
856 5504 1273 5576 castigationem
1307 5502 1480 5574 magis
1515 5502 1686 5559 sobrii
1721 5501 1987 5572 spiritua-

407 5591 514 5647 lem
549 5592 616 5647 ad
645 5595 920 5649 culturam
958 5595 1276 5650 reddantur.

2094 4672 2300 4710 πουσαν
2329 4652 2660 4725 ἐμφυτεύειν
2687 4651 2895 4714 τούτοις
2924 4649 3224 4719 διαγωγήν.

2163 4755 2223 4803 ε’.
2258 4749 2351 4801 Δεῖ
2378 4745 2475 4816 τὴν
2502 4746 2602 4817 σὴν
2641 4744 2926 4800 εὐλάϐειαν
2985 4742 3113 4804 τούς
3143 4742 3244 4809 τῆς
3305 4736 3526 4801 εὐθείας
3577 4736 3663 4788 ἐκο

2090 4839 2463 4914 τρεπομένους
2494 4838 2864 4910 μονάζοντας,
2922 4835 3019 4888 καὶ
3069 4831 3335 4904 ἀνηκοΐαν
3398 4832 3500 4901 μὲν
3534 4831 3661 4898 πρὸς

2091 4935 2219 4997 τούς
2278 4929 2627 5001 προεστῶτας
2665 4928 2976 4995 νοσοῦντας,
3007 4929 3108 4999 τὴν
3162 4926 3299 4997 πρὸς
3335 4926 3565 4979 θάνατον
3609 4921 3660 4976 ἑὲ

2094 5023 2370 5096 ἁμαρτίαν
2424 5020 2854 5094 ἐργαζομένους,
2890 5021 2966 5085 ὡς
3006 5022 3035 5075 ὁ
3060 5020 3351 5083 θεσπέσιος
3416 5018 3659 5087 Ἰωάννης

2093 5117 2280 5187 φησὶν,
2317 5115 2463 5186 ὑπὲρ
2512 5109 2593 5170 ὧν
2655 5114 2790 5185 εὐχὴ
2858 5115 2954 5168 καὶ
3015 5113 3366 5184 παράκλησις
3423 5110 3657 5182 μεγάλην

2094 5209 2248 5280 ῖσχύν
2279 5209 2415 5280 ἔχει,
2444 5208 2666 5272 τούτους
2693 5206 2768 5271 ὡς
2817 5206 2893 5278 μὴ
2930 5205 3291 5276 πειθομένους
3333 5205 3477 5275 λόγῳ
3517 5203 3656 5256 διδα-

2094 5300 2357 5370 σκαλικῷ,
2389 5301 2507 5362 ταῖς
2560 5298 2941 5369 ὀφειλομέναις
3000 5296 3436 5351 καθυποὸἁλλειν
3490 5297 3656 5347 ἐπιτι-

2096 5399 2348 5469 μήσεσιν,
2388 5394 2463 5458 ὡς
2491 5394 2559 5448 ἂν
2587 5394 2837 5447 ἐντεῦθεν
2900 5391 3250 5462 παιδαγωγού
3260 5409 3432 5462 μενοι,
3463 5390 3532 5443 τὰ
3561 5388 3656 5442 σώ-

2093 5489 2254 5553 ζοντα
2290 5487 2533 5557 μάθοιεν,
2579 5488 2675 5539 καὶ
2702 5485 2854 5540 ἄλλοι
2908 5484 2983 5557 τῷ
3035 5484 3260 5539 ἐκείνων
3295 5479 3651 5554 σωφρονισμῷ

2090 5579 2497 5652 νηφαλεὼτεροι
2552 5580 2681 5649 περὶ
2731 5580 2832 5650 τὴν
2889 5578 3270 5651 πνευματικὴν
3328 5576 3650 5649 εὑρίσκοιντο

2090 5673 2376 5744 ἐργασίαν.

1710 5790 1940 5846 ΥΛΒΙᾹΞ
1985 5786 2384 5845 LECTIONES.

1096 5899 1182 5951 zz".
1214 5893 1373 5958 ᾆξ”ως
1406 5886 1858 5958 παρασκευάζειν.
