3948 6580
269 430 409 501 1349

1563 391 2277 498 caeco-Romamn.
2664 479 2703 514 ,

3416 423 3558 491 1150

340 558 418 621 ς’.
444 552 540 607 Δεῖ
558 552 659 623 τὴν
689 548 789 622 σὴν
816 546 1106 604 εὐλάϐειαν
1129 550 1494 618 ἐντείλασθαι,
1515 551 1610 608 τού
1633 553 1697 609 τὺ
1716 554 1846 626 ἱερδι

2039 554 2095 612 6.
2124 549 2432 623 Praecipere
2485 553 2579 603 tua
2630 542 2944 603 reverentia
2969 542 3153 611 debet,
3188 549 3249 600 ut
3277 549 3553 617 quotquot

264 642 515 709 ἅπαντας
537 641 902 713 ἐκμανθάνειν
928 639 1239 713 ψαλτήριον
1254 642 1382 707 τούς
1406 644 1464 697 ὲν
1491 642 1567 714 τῷ
1584 644 1863 716 μοναχικῷ

265 736 514 808 σχήματι
572 732 1072 806 καταλεγομένους,
1126 734 1223 787 καὶ
1264 734 1340 806 μὴ
1374 734 1579 791 δούλων
1658 735 1863 791 ἀθλίων

261 828 429 897 λόγον
485 826 735 898 ὑπέχειν,
766 827 863 883 καὶ
889 826 952 881 τὸ
1005 828 1114 880 πᾶν
1154 826 1471 882 ἀναλίσκειν
1505 830 1588 891 εἰς
1615 828 1719 901 τὴν
1751 827 1862 884 τῶν

260 920 474 990 γηΐνων
502 918 791 990 ἐργασίαν,
814 917 904 972 διὰ
935 917 1038 990 τὴν
1075 918 1335 991 ἀκρισίαν
1375 919 1484 975 τῶν
1509 920 1860 992 καθηγούμε-

258 1010 551 1076 νευόντων,
582 1008 614 1081 ἦ
648 1009 934 1082 παρακοὴν
976 1010 1086 1065 τῶν
1116 1010 1707 1083 καθυποταττομένων,
1765 1014 1861 1068 καὶ

258 1102 518 1176 ἁκηδίαν.

315 1196 364 1262 ζ’
372 1238 387 1252 .
415 1198 509 1251 Δεῖ
522 1196 622 1269 τὴν
635 1196 734 1270 σὴν
754 1196 1043 1253 εὐλάϐειαν
1065 1215 1142 1252 πα
1150 1199 1413 1271 ρεγγυᾷν,
1428 1195 1718 1272 ἀναζητεῖν
1731 1199 1858 1265 τοὺς

254 1290 605 1360 ἡγουμένους
627 1292 756 1355 τούς
782 1291 1277 1356 λειποτακτοῦντας
1303 1292 1594 1363 μοναχούς,
1652 1293 1744 1345 καὶ
1774 1293 1855 1356 είς

251 1385 362 1455 τὴν
403 1384 612 1438 οἰκείαν
656 1384 855 1448 αὐτοὺς
905 1384 1346 1456 ἐπαναστρέφειν
1389 1384 1702 1455 ύποταγήν’
1728 1385 1857 1448 τούς

252 1476 312 1530 δὲ
341 1474 420 1548 μὴ
451 1475 809 1548 βουλομένους
848 1476 1009 1530 τοῦτο
1042 1478 1240 1542 ποιεῖν,
1278 1476 1394 1545 εῐγε
1450 1476 1710 1545 εὐλόγως,
1751 1490 1857 1529 πα-

256 1567 533 1639 ραδιδόναι
567 1568 626 1622 ἐν
671 1568 884 1640 ἑτέροις
923 1568 1314 1640 μοναστηρίοις
1364 1571 1443 1634 είς
1479 1568 1732 1633 εὐλαϐεῖς
1760 1568 1856 1623 καὶ

249 1661 349 1714 τὸν
381 1661 530 1715 θεῖον
580 1660 746 1732 φόϐον
799 1661 1076 1717 διδάσκειν
1127 1662 1447 1734 δυναμένοις
1490 1661 1850 1732 ἡγουμένους.

252 1750 576 1816 Διδακτικδς
594 1753 644 1784 τ’
665 1754 731 1822 γὸ
746 1770 775 1823 ρ
795 1755 944 1806 ἐστιν
967 1755 994 1807 ὁ
1009 1753 1103 1806 τοῦ
1127 1753 1264 1806 Θεοῦ
1289 1753 1474 1824 φόϐος,
1488 1753 1670 1817 καθώς
1689 1770 1852 1824 φησιν

249 1845 279 1897 ὁ
311 1846 642 1917 Προφήτηςο
662 1845 854 1911 Δεῦτε,
873 1846 1062 1912 τέκνα,
1091 1846 1361 1900 ἀκούσατέ
1390 1864 1517 1919 μου.
1535 1845 1704 1900 Φόϐον
1731 1847 1849 1899 Κυ-

251 1935 375 2008 ρίου
407 1936 605 2002 διδάξω
628 1938 796 2009 ὁμᾶς.
837 1925 845 1933 ’

318 2033 400 2099 η’,
427 2030 521 2081 Δεῖ
548 2028 647 2100 τὴν
674 2028 772 2100 σὴν
803 2028 1094 2084 εὐλάϐειαν
1112 2031 1238 2094 τοὺς
1266 2031 1325 2084 ἐν
1368 2031 1704 2100 γυναικείοις
1746 2051 1846 2104 μο-

245 2121 567 2194 ναστηρίοις
582 2122 681 2193 τὴν
702 2122 855 2194 ἱερὰν
879 2124 1192 2195 ὀφείλοντας
1222 2124 1534 2196 ἱερουργίαν
1553 2125 1844 2188 ἐπιτελεῖν,

244 2216 559 2288 γηραλέους
583 2212 721 2273 εἶναι
757 2218 1188 2290 προτρέπεσθαι,
1224 2219 1321 2274 καλ¹
1370 2219 1667 2291 εὐνούχους
1690 2236 1706 2252 ’
1757 2221 1849 2275 ἴνα

252 2309 331 2379 μὴ
377 2308 704 2381 διασύρηται
741 2310 774 2381 ή
831 2310 940 2365 τῶν
989 2311 1276 2382 παρθένων
1301 2312 1574 2384 ὑπόληψις
1606 2313 1715 2367 ὑπὸ
1738 2313 1847 2368 τῶν

250 2401 603 2474 αἱρουμένων
628 2401 981 2473 διαλοιδορεῖν
1016 2403 1144 2467 τούς
1201 2403 1449 2475 πλησίον.

331 2492 400 2546 θ’.
430 2493 521 2546 Δεῖ
559 2493 656 2563 τὴν
693 2493 792 2565 σὴν
840 2493 1129 2549 εὐλάϐειαν
1160 2490 1503 2549 ἐντέλλεσθαι
1534 2496 1645 2560 τοῖς
1682 2496 1848 2566 ἡγου-

251 2582 461 2653 μένοις,
490 2583 613 2648 τούς
640 2584 701 2637 ἐν
744 2583 954 2659 ἑτέροις
984 2585 1370 2657 μοναστηρίοις
1397 2585 1496 2651 τάς
1537 2603 1596 2639 τε
1648 2585 1847 2659 συνθή-

239 2652 356 2741 ,κας
400 2676 499 2732 καὶ
540 2652 925 2750 ἐξαγορεύσεῖς
972 2652 1399 2751 ποιησαμένους,
1460 2679 1587 2735 ἄνευ
1620 2652 1848 2750 γνώμης

245 2767 345 2822 τοῦ
405 2769 803 2841 ἀποκείραντος
848 2769 926 2842 μὴ
958 2770 1399 2842 προσδέχεσθαι,
1454 2770 1593 2826 ἀλλά
1638 2771 1843 2841 σπουδῇ

248 2859 406 2931 πάσῃ
435 2861 736 2933 κεχρῆσθαι
774 2863 914 2933 πρὸς
957 2863 1017 2917 τὸ
1040 2863 1248 2917 πείθειν
1299 2864 1499 2928 αὐτοὺς
1543 2865 1623 2927 είς
1648 2862 1744 2934 τὴν
1770 2865 1848 2917 oio

246 2952 407 3005 κείαν
435 2953 818 3026 παλινδρομεῖν
849 2955 1041 3025 μονήν.
1073 2953 1213 3017 Τούς
1239 2953 1297 3007 δὲ
1322 2952 1482 3008 τοῦτο
1516 2953 1848 3026 παραλόγως

245 3044 715 3117 κατατολμῶντας
773 3049 978 3116 ποιεῖν,
1003 3046 1269 3117 ἐπιτιμᾷν
1312 3048 1406 3100 καὶ
1436 3044 1740 3116 ἀφορίζειν,
1770 3045 1844 3110 ὡς

248 3132 436 3199 ἐξίσου
466 3138 581 3199 τοῖς
612 3135 1066 3208 ἀνδραποδισταῖς
1088 3135 1530 3209 ἁμαρτάνοντας.

318 3320 372 3373 ι’.
404 3315 499 3368 Δεῖ
539 3314 638 3387 τὴν
706 3315 806 3388 σὴν
836 3314 1127 3371 εὐλάϐειαν
1167 3317 1281 3380 τοῖς
1316 3313 1645 3386 ἡγουμένοις
1668 3331 1847 3387 προσ‹

240 3406 493 3475 τάττειν,
564 3407 676 3462 τῶν
733 3408 1193 3480 ὑποτεταγμένων
1255 3408 1583 3463 διακωλύειν
1637 3408 1738 3473 τὰς
1786 3409 1845 3461 ἐν

237 3502 365 3564 ταῖς
394 3499 582 3553 πόλεσι
609 3499 893 3571 προόδους,
925 3499 1109 3555 πᾶσάν
1135 3518 1195 3554 τε
1234 3499 1616 3573 προσπάθειαν
1649 3515 1845 3568 συγγεο

240 3591 352 3645 νῶν
374 3590 471 3646 καὶ
492 3590 685 3660 φίλων,
711 3591 808 3646 καλ⁵
834 3591 935 3656 τὰς
960 3591 1263 3663 λεγομένας
1309 3590 1634 3655 συντεκνίας
1661 3590 1846 3645 τέλεον

240 3684 568 3738 ἐκκόπτειν
602 3681 683 3738 ἐτι
711 3700 776 3755 γε
813 3684 922 3757 μὴν
950 3685 1046 3739 καὶ
1077 3684 1176 3751 τὰς
1211 3685 1354 3757 μετὰ
1384 3684 1671 3755 γυναικῶν
1702 3684 1843 3739 διαί-

236 3792 342 3839 τας
364 3776 461 3830 καὶ
505 3775 862 3848 ἀναφύρσεις.
900 3777 977 3830 Οὐ
1005 3776 1116 3848 γὰρ
1151 3776 1448 3849 μοναδικῆς
1477 3775 1656 3831 ταῦτα
1710 3774 1844 3831 καθ-

237 3868 507 3937 εστήκασι
539 3868 747 3936 τάξεως
775 3867 1043 3940 σύμϐολα.

316 4054 411 4102 ια’.
436 4051 528 4103 Δεῖ
576 4050 677 4121 τὴν
735 4052 834 4123 σὴν
870 4050 1160 4107 εὐλάϐειαν
1208 4053 1541 4126 προτρέπειν
1600 4054 1836 4117 πάντας,

241 4141 527 4216 νηστείαις
559 4145 653 4197 καὶ
680 4144 900 4216 δεήσεσι
924 4145 1066 4199 κατὰ
1084 4148 1209 4212 τοὺς
1242 4150 1543 4219 πατρικοὺς
1568 4149 1663 4202 καὶ
1683 4166 1844 4203 πνευε

248 4240 524 4310 ματικούς
557 4237 767 4331 τύπους
820 4243 1130 4312 σχολάξειν,
1165 4243 1241 4315 μὴ
1301 4243 1395 4298 τὸν
1451 4245 1670 4315 χυδαῖον
1725 4244 1841 4315 βίον

244 4326 642 4399 μεταδιώκεινῖ
678 4329 837 4384 τοῦτο
863 4333 961 4403 μὲν
987 4332 1128 4405 ὑπὲρ
1162 4334 1262 4405 τῆς
1317 4335 1525 4399 αὐτῶν,
1577 4335 1735 4390 τοῦτο
1783 4337 1840 4390 δὲ

242 4420 344 4475 καὶ
375 4421 515 4493 ὑπὲρ
550 4423 649 4494 τῆς
674 4424 772 4477 τοῦ
800 4424 984 4478 κοινοῦ
1017 4423 1293 4497 σωτηρίας
1315 4445 1329 4458 ·
1370 4431 1484 4492 τοῖς
1506 4447 1567 4483 τε
1598 4430 1840 4484 ἐνδεέσιν

239 4516 348 4585 ὅση
398 4514 632 4585 δύναμις
670 4517 739 4570 τὰ
781 4516 972 4571 δέοντα
1031 4520 1406 4588 εὐαγγελικῶς
1457 4522 1835 4595 ἐπιχορηγεῖν,

1966 648 2189 702 habitus
2232 642 2525 700 nionastici
2555 641 2794 699 ccetibus
2827 650 3224 711 aggregantur,
3259 652 3553 695 sacrosan-

1968 750 2118 797 ctum
2157 736 2483 810 psalterium
2517 734 2793 798 ediscant,
2852 747 2955 787 nec
2986 730 3204 785 illorum
3247 728 3548 785 infelicium

1966 845 2256 889 servorqu
2304 828 2479 898 culpae
2518 826 2652 882 ﬁant
2708 824 2775 880 ad
2837 822 2998 890 lines,
3033 836 3215 892 neque
3266 830 3441 877 totum
3489 820 3546 875 in

1963 939 2148 979 rerum
2204 921 2552 979 terrestrium
2606 918 2881 975 culturam
2931 913 3264 985 expendant,
3319 921 3547 983 propter

1963 1013 2289 1085 imperitiam
2352 1010 2780 1082 praefectorum,
2832 1007 2920 1065 vel
2988 1004 3425 1063 iuobedientiam
3491 1011 3547 1059 et

1963 1104 2276 1162 socordiam
2310 1102 2682 1160 subditorum.

2036 1198 2087 1252 7.
2118 1196 2342 1253 Monere
2374 1206 2465 1251 tua
2498 1193 2809 1251 reverentia
2839 1193 3020 1259 debet,
3063 1199 3124 1247 ut
3176 1189 3403 1247 abbatcs
3449 1204 3547 1248 eos

1962 1291 2267 1347 monachos
2300 1288 2622 1361 perquirant
2645 1287 2739 1358 qui
2773 1285 3025 1342 ordinem
3055 1285 3342 1350 deserunt,
3382 1294 3546 1353 atque

1958 1384 2110 1456 ipsos
2165 1383 2232 1441 ad
2295 1382 2669 1440 obedientiam
2722 1394 2880 1436 suam
2936 1378 3244 1434 reducant:
3300 1375 3394 1448 qui
3441 1375 3547 1429 hoc

1960 1482 2217 1532 recusant
2244 1475 2448 1541 facere,
2486 1473 2767 1545 siquidem
2809 1488 2874 1527 ex
2902 1478 3053 1526 certa
3084 1470 3319 1534 ratione,
3352 1470 3407 1523 in
3437 1468 3544 1522 alia

1956 1569 2176 1627 tradant
2201 1569 2541 1624 monasteria
2564 1565 2842 1638 religiosis
2863 1564 3194 1635 quibusdam
3227 1561 3540 1622 abbatibus,

1954 1662 2050 1734 qui
2108 1662 2362 1718 timorem
2421 1660 2673 1717 divinum
2726 1660 2928 1715 docere
2983 1656 3221 1727 possint.
3256 1652 3390 1708 Nam
3447 1650 3541 1709 Dei

1954 1765 2138 1812 metus
2191 1755 2421 1812 omnino
2460 1753 2725 1826 quiddam
2762 1759 2852 1809 est
2905 1748 3201 1822 ejusmodi,
3227 1747 3370 1819 quod
3401 1744 3544 1801 tradi

1953 1850 2204 1906 docendo
2234 1850 2433 1922 possit,
2473 1845 2938 1920 quemadmodum
2980 1842 3151 1899 Vates
3174 1842 3289 1898 ait:
3317 1840 3538 1906 Adeste,

1952 1941 2072 2012 ﬁlii,
2095 1940 2279 1997 audite
2313 1956 2434 1996 me:
2472 1941 2729 1995 timorem
2795 1936 3019 1993 Domini
3066 1934 3278 1991 docebo
3310 1950 3432 1991 vos.

2026 2032 2081 2088 8.
2103 2034 2314 2087 Auctor
2346 2046 2473 2088 esse
2507 2030 2823 2087 reverentia
2854 2037 2947 2084 tua
2983 2027 3167 2096 debet,
3202 2037 3261 2082 ut
3287 2028 3380 2099 qui
3419 2042 3544 2082 mu-
3623 2032 3647 2047 '

1950 2125 2216 2182 liebribus
2271 2124 2328 2179 in
2396 2122 2750 2179 monasteriis
2833 2136 3051 2178 sacram
3124 2120 3280 2175 obire
3346 2117 3544 2187 debent

1950 2219 2314 2285 functionem,
2383 2233 2544 2273 senes
2597 2216 2709 2272 sint
2735 2226 2789 2272 et
2818 2212 3098 2276 eunuchi,
3163 2228 3233 2268 ne
3264 2212 3538 2283 virginum

1949 2310 2288 2369 existimatio
2314 2310 2587 2366 laceretur
2618 2309 2686 2364 ab
2709 2309 2800 2374 iis,
2831 2304 3035 2379 quibus
3062 2304 3263 2377 volupe
3289 2312 3371 2361 est
3406 2319 3538 2375 pro-

1950 2404 2132 2458 ximos
2157 2402 2427 2458 conviciis
2475 2401 2856 2473 proscindere.

2023 2495 2077 2549 9.
2120 2491 2291 2548 Debet
2332 2500 2423 2547 tua
2461 2492 2772 2549 reverentia
2815 2491 3077 2547 mandare
3133 2488 3426 2545 abbatibus
3480 2498 3541 2544 ut

1950 2601 2068 2650 eos,
2114 2584 2207 2655 qui
2266 2584 2478 2640 aliisin
2538 2585 2895 2641 monasteriis
2950 2593 3108 2655 pacta
3144 2590 3418 2639 conventa
3484 2589 3540 2637 et

1951 2671 2331 2729 confessiones
2360 2671 2609 2729 fecerunt
2662 2674 2871 2744 absque
2933 2673 3086 2729 illius
3122 2673 3418 2740 sententia,
3444 2670 3537 2742 qui

1951 2767 2184 2839 capillos
2245 2782 2438 2824 eorum
2523 2768 2785 2834 totondit,
2844 2786 2957 2825 non
3044 2769 3387 2824 admittant:
3442 2767 3539 2824 sed

1950 2876 2168 2916 omnem
2227 2862 2530 2919 adhibeant
2567 2861 2906 2935 diligentiam
2941 2871 3106 2933 atque
3161 2861 3429 2927 studium,
3483 2867 3543 2914 ut

1951 2954 2089 3024 ipsis
2110 2956 2505 3025 persuadeant,
2542 2970 2652 3026 quo
2687 2969 2843 3010 suam
2868 2954 2934 3008 ad
2970 2952 3311 3008 mansionem
3347 2967 3540 3007 recur-

1951 3053 2100 3102 rant.
2128 3045 2238 3102 Eos
2269 3061 2400 3101 vero
2425 3046 2520 3116 qui
2552 3053 2752 3117 praeter
2774 3035 3045 3100 rationem
3076 3042 3369 3098 admittere
3401 3041 3539 3098 tales

1950 3136 2176 3203 audent,
2202 3137 2400 3208 punies
2439 3147 2605 3208 atque
2659 3135 3020 3207 segregabis,
3058 3133 3222 3190 veluti
3263 3148 3363 3205 par
3412 3147 3538 3190 cum

1868 3255 1914 3314 ο
1949 3229 2238 3309 plagiariis
2269 3230 2477 3285 crimen
2525 3230 2962 3283 committentes.

2025 3319 2110 3376 l0.
2139 3320 2444 3376 Abbatibus
2470 3319 2782 3375 reverentia
2819 3328 2909 3374 tua
2947 3319 3243 3390 praecipere
3273 3317 3456 3384 debet,
3480 3326 3540 3374 ut

1948 3414 2053 3470 sibi
2079 3411 2426 3469 subditorum
2462 3427 2560 3482 per
2610 3412 2779 3467 urbes
2833 3410 2886 3466 in
2919 3409 3203 3482 publicum
3261 3408 3540 3480 prodeun-

1950 3506 2086 3561 tium
2113 3504 2599 3561 obambulationes
2650 3503 2998 3574 prohibeant,
3034 3511 3202 3573 atque
3233 3516 3451 3557 omnem
3481 3500 3539 3555 in

1947 3601 2029 3659 eis
2055 3615 2188 3669 erga
2217 3608 2487 3671 cognatos
2528 3605 2583 3652 et
2617 3599 2828 3652 amicos
2886 3596 3336 3668 propensionem,
3374 3609 3541 3665 quas-

1947 3707 2058 3764 que
2132 3692 2623 3763 compaternitates
2688 3697 2890 3745 vocant
2976 3696 3030 3745 et
3095 3688 3542 3744 conversatioues

1947 3792 2114 3855 atque
2169 3782 2485 3854 promiscua
2550 3796 2675 3836 cum
2767 3779 3095 3836 mulieribus
3176 3779 3538 3846 commercia,

1948 3876 2171 3946 penitus
2215 3873 2544 3944 exstirpent.
2571 3871 2692 3927 Non
2725 3870 2873 3927 cnim
2938 3870 3021 3927 ita:
3069 3870 3362 3927 monastici
3411 3877 3539 3928 sunt

1945 3971 2159 4029 ordinis
2204 3979 2451 4024 tesserae.

2018 4063 2078 4116 tl
2124 4060 2417 4115 Exbortari
2435 4059 2737 4115 reverentia
2756 4066 2846 4113 tua
2879 4057 3039 4116 debet
3064 4073 3278 4125 omnes,
3312 4067 3369 4112 ut
3393 4056 3541 4128 jeju-

1944 4153 2053 4209 niis
2081 4162 2246 4224 atque
2275 4151 2535 4222 precibus
2561 4151 2864 4206 secundum
2900 4151 3131 4223 patritus
3148 4158 3200 4206 et
3222 4150 3538 4224 spirituales

1948 4248 2085 4302 ritus
2112 4255 2333 4311 vacent,
2363 4260 2474 4300 non
2498 4245 2622 4298 vita:
2647 4244 2894 4314 vulgaris
2924 4242 3155 4314 vestigia
3187 4249 3491 4313 sequantur
3519 4260 3534 4296 :

1944 4338 2176 4392 alterum
2206 4346 2435 4407 propter
2463 4351 2644 4402 suam,
2668 4335 2903 4390 alterum
2936 4343 3159 4406 propter
3191 4348 3537 4389 communem

1947 4429 2187 4484 aliorum
2220 4428 2557 4484 utilitatem:
2590 4436 2760 4499 utque
2802 4442 2903 4500 pro
2946 4426 3179 4489 viribus,
3234 4423 3549 4481 secundum-

1945 4521 2081 4577 illud
2107 4521 2490 4593 evangelicum
2544 4528 2905 4592 praeceptum,
2937 4518 3314 4592 indigentibus
3342 4532 3538 4574 neces-

238 4610 327 4671 εἰς
349 4606 575 4663 πλείονα
600 4608 710 4663 τῶν
734 4609 928 4681 ψυχῶν
954 4611 1134 4667 αὐτῶν
1162 4612 1425 4667 εὐόδωσίν
1450 4630 1510 4667 τε
1541 4616 1636 4669 καὶ
1684 4633 1839 4688 περι-

1962 4615 2095 4671 saria
2116 4614 2494 4687 suppeditent,
2525 4615 2592 4670 ad
2615 4614 2882 4685 majorem
2914 4613 3226 4669 animarum
3255 4610 3553 4683 prosperi--

237 4700 490 4771 ποίησιν.

314 4791 406 4865 ιβ’.
444 4796 537 4848 Δεῖ
565 4795 665 4867 τὴν
701 4795 800 4867 σὴν
832 4797 1119 4854 εὐλάϐειαν
1136 4799 1618 4872 διαμαρτύρασθαι
1648 4804 1837 4869 πᾶσιν,

236 4886 293 4941 οῖ
342 4889 778 4960 φροντιστηρίων
831 4890 1213 4962 ἐπιμελεῖσθαι
1268 4894 1592 4966 ἐτάχθησαν
1651 4896 1838 4968 ἱερῶν,

238 4977 341 5032 τοῦ
380 4978 456 5050 μὴ
489 4980 806 5050 ἀποκείρειν
833 4984 1105 5054 μοναχούς
1136 4983 1168 5054 ἦ
1197 4986 1532 5057 μοναστρίας
1587 4987 1696 5057 πρὸ
1721 5005 1842 5060 τρι-

238 5070 401 5135 ετοῦς
451 5070 800 5142 δοκιμασίας,
863 5073 960 5129 καὶ
1007 5075 1132 5129 τότε
1181 5078 1505 5147 ἀποκείρειν
1563 5079 1690 5144 τοὺς
1740 5080 1840 5151 μὲν

241 5162 488 5236 ἄρρενας
540 5164 652 5219 ἀπὸ
704 5167 1269 5233 πεντεκαιδεκαετούς
1346 5170 1577 5242 χρόνουο
1657 5172 1754 5236 τὰς
1781 5172 1840 5226 δὲ.

240 5259 531 5325 γυναῖκας,
575 5252 682 5311 άπὸ
718 5259 1273 5323 ἐπτακαιδεκαετοῠς.
1330 5262 1512 5317 Τοῦτο
1567 5263 1676 5336 γὰρ
1724 5269 1842 5330 τοῖς

244 5350 540 5415 πατρικοῖς
579 5347 939 5404 διατυποῦται
964 5350 1207 5422 θεσμοῖς.
1238 5352 1311 5406 Τὸ
1340 5353 1447 5425 γάρ
1481 5356 1635 5425 παρὰ
1658 5356 1841 5416 ,ταῦτα

243 5438 558 5509 γινόμενον,
587 5444 904 5512 συγχύσεως
959 5443 1053 5497 καὶ
1078 5446 1334 5517 ταραχῶν
1368 5445 1692 5501 ὡσταπολλᾶ
1731 5447 1839 5501 δεί-

243 5549 442 5587 τίνυται
476 5549 674 5590 αιτιον.

318 5622 388 5694 ιγ
395 5666 408 5679 .
428 5626 520 5678 Δεῖ
544 5624 642 5698 τὴν
678 5625 777 5698 σὴν
821 5626 1110 5684 εὐλάϐειαν
1152 5627 1326 5685 ἅπασι
1390 5632 1699 5702 παραινεῖν,
1750 5623 1834 5694 οἷς

1944 4714 2112 4763 tatem
2140 4714 2194 4763 et
2227 4706 2674 4777 acquisitionem.

2017 4799 2109 4855 12.
2149 4797 2322 4856 Debet
2351 4807 2445 4856 tua
2467 4801 2779 4856 reverentia
2802 4800 3108 4857 contestari
3125 4799 3192 4854 ad
3225 4798 3552 4863 universos,

1945 4894 2041 4965 qui
2080 4908 2366 4950 sacrorum
2403 4902 2463 4949 ut
2500 4894 3026 4966 pbrontisteriorum
3058 4909 3247 4951 curam
3275 4892 3537 4958 habeant,

1944 4986 2186 5041 ordinati
2218 4994 2369 5051 sunt,
2408 5002 2479 5043 ne
2528 4988 2832 5044 monachos
2881 4996 2978 5042 aut
3037 4986 3373 5043 monastrias
3408 4992 3538 5038 ante

1947 5078 2176 5135 triennii
2243 5079 2508 5134 tondeant
2570 5080 3172 5151 explorationem;quo
3229 5077 3536 5152 prmterito,

1942 5187 2121 5228 mares
2134 5170 2353 5242 quidem
2378 5183 2500 5243 post
2522 5172 2797 5228 decimum
2817 5174 3073 5244 quintum
3104 5174 3284 5228 aetatis
3321 5185 3531 5225 annum

1944 5264 2506 5332 tondeantzfemiuas,
2544 5280 2677 5322 vero
2721 5275 2846 5337 post
2886 5266 3162 5323 decimum
3207 5263 3527 5334 septimum.

1944 5355 2068 5412 Hoc
2098 5358 2245 5413 enim
2274 5359 2492 5430 patritis
2515 5370 2601 5416 est
2645 5361 2918 5417 sancitum
2950 5361 3182 5431 legibus.
3214 5354 3352 5410 Nam
3382 5353 3540 5426 quod

1946 5459 2147 5522 praeter
2177 5454 2290 5507 haec
2324 5452 2442 5507 fieri
2464 5454 2755 5525 contingit,
2810 5453 3134 5524 plerumque
3179 5446 3541 5504 confusionis

1944 5550 2000 5599 et
2022 5543 2312 5599 turbarum
2355 5560 2579 5602 causam
2634 5561 2760 5603 esse
2791 5552 3029 5601 constat.

2017 5636 2108 5691 15.
2141 5635 2311 5696 Debet
2330 5641 2643 5698 reverentia
2675 5648 2769 5697 tua
2815 5650 3040 5694 monere
3060 5633 3375 5703 universos,
3404 5631 3537 5706 (ιυί-

1584 5824 1808 5883 VARIAZ
1846 5826 2249 5887 LECTlONES.

309 5913 357 5948 ³³
391 5915 659 5980 διδακτός.
