3882 6590
466 377 604 446 1151

1765 379 1799 442 J
1806 380 1902 442 US
1939 381 2383 445 CANONICUM

3516 403 3643 479 .1153

463 493 570 548 bus
598 488 816 546 animus
846 494 933 544 est
956 501 1111 545 sacra
1134 468 1522 572 phron‘tisteria
1547 485 1616 542 de
1646 500 1788 543 novo
1815 497 2045 554 struere,

2165 491 2186 562 ᾗ
2208 491 2402 564 γνώμη
2425 491 2563 565 πρὸς
2593 493 2653 548 τὸ
2687 495 2968 568 νεουργεῖν
3003 493 3149 551 ἐστιν
3173 497 3287 569 ἱερὰ
3307 468 3646 585 φροντιστίςριαῖ

465 598 534 636 ne
561 584 616 637 ln
648 581 787 637 locis
814 595 877 636 ea
903 595 1097 653 parum
1149 579 1392 635 honestis
1441 577 1733 645 aediﬁcent,
1764 580 1845 634 vel
1888 594 2049 649 quam

466 675 716 745 proxime
747 673 891 745 apud
952 674 1109 729 villas
1140 691 1156 741 ;
1189 689 1294 729 nec
1328 673 1384 727 in
1441 672 1571 739 illis,
1608 671 1700 727 ubi
1733 687 1841 726 non
1900 671 2055 727 adcst

467 766 666 822 idonea
693 766 853 838 copia
890 765 1281 837 suppeditandi
1311 767 1393 822 eis
1427 780 1514 821 res
1564 765 1931 820 necessarias.
1956 764 2053 818 Al-

469 867 648 913 terum
686 859 833 915 enim
866 850 1237 928 corruptelam
1277 857 1480 914 animis
1512 856 1822 925 expeditam
1858 853 2056 911 oil‘erre

469 949 632 1016 solet,
659 950 891 1006 alterum
913 950 993 1005 eis
1019 949 1371 1007 manifestum
1401 947 1559 1004 aﬂert
1585 948 1869 1003 interitum
1903 947 2054 1019 prius

469 1042 635 1098 etiam
661 1057 822 1112 quam
858 1043 1207 1098 excolantur.

545 1132 636 1189 M.
685 1131 858 1188 Debet
915 1133 1222 1188 reverentia
1260 1140 1376 1199 tua,
1438 1131 1618 1188 sicubi
1671 1130 2056 1203 patriarcbalis

471 1224 792 1281 monasterii
825 1241 1026 1296 praeses
1048 1224 1168 1296 (ceu
1192 1224 1305 1281 ﬁeri
1329 1232 1756 1281 consentaneum
1781 1224 1887 1296 est)
1912 1224 2054 1279 diem

470 1316 690 1383 obierit,
718 1333 842 1373 eum
867 1320 959 1388 qui
986 1319 1055 1374 ab
1087 1319 1357 1376 universis
1385 1319 1629 1388 eligitur,
1660 1319 1726 1373 ad
1760 1334 1863 1373 nos
1899 1318 2051 1373 able-

469 1423 641 1480 gare:
670 1424 777 1465 non
812 1411 1175 1481 alium,quem
1205 1413 1307 1483 ipsi
1338 1411 1588 1467 monachi
1615 1426 1725 1466 non
1751 1411 2054 1482 postulant,

470 1500 565 1555 sed
596 1515 757 1573 quem
792 1503 1057 1574 elegerint
1101 1519 1333 1560 omnes:
1384 1512 1443 1558 ut
1501 1505 1574 1558 ita
1625 1518 1821 1559 manus
1872 1505 2052 1573 impoo

471 1591 727 1649 sitionem
750 1605 1100 1660 consecutus,
1130 1612 1348 1668 gregem
1383 1597 1485 1653 sibi
1515 1595 1802 1651 subditum
1841 1602 2052 1666 pascat.

546 1686 639 1743 15.
693 1688 865 1744 Debet
904 1692 1212 1745 reverentia
1263 1699 1375 1755 tua,
1434 1688 1612 1745 sicubi
1647 1695 1837 1759 poscat
1896 1703 2053 1755 usus,

472 1779 659 1833 omnia
686 1780 1026 1836 monasteria
1059 1780 1396 1847 describere,
1416 1796 1538 1852 quae
1560 1781 1704 1853 juris
1735 1787 1862 1834 sunt
1887 1779 2058 1849 patri-

475 1871 707 1936 archiei,
746 1887 854 1927 una
911 1889 1034 1929 cum
1070 1875 1237 1930 rebus
1286 1874 1352 1930 ad
1403 1890 1467 1930 ea
1525 1872 1950 1945 pertinentibus,
2002 1856 2133 1928 etB

474 1975 601 2016 cum
634 1963 779 2021 vasis
842 1966 1070 2023 sacris:
1132 1980 1364 2038 eamque
1411 1965 1838 2037 descriptionem
1900 1964 2060 2022 nobis

474 2053 711 2111 mittere.

552 2147 642 2203 i6.
685 2147 1015 2211 Reverentia
1049 2157 1142 2203 tua
1176 2146 1341 2205 debet
1369 2163 1491 2216 eos,
1539 2150 1634 2220 qui
1690 2150 1971 2206 divertunt
2003 2151 2062 2205 in

478 2240 860 2305 monasteriis,
887 2254 951 2294 ac
985 2240 1146 2295 novis
1181 2255 1242 2295 ea
1279 2247 1509 2312 gravant
1539 2240 1900 2308 oneribus,et
1925 2241 2061 2297 alias

478 2327 824 2398 importunas
854 2329 1084 2399 injurias
1117 2336 1284 2401 atque
1317 2330 1642 2387 detrimenta
1669 2332 1935 2398 inferunt,
1960 2347 2061 2404 pro

477 2420 695 2477 viribus
711 2436 968 2478 coercere
988 2440 1001 2476 :
1028 2423 1307 2494 animique
1324 2424 1691 2494 cogitationes
1714 2440 1782 2481 eo
1800 2425 2061 2497 dirigere,

480 2522 538 2568 ut
562 2513 674 2568 illic
703 2522 878 2569 semet
904 2522 1249 2580 exercentes,
1293 2530 1324 2569 a
1359 2514 1577 2571 damnis
1619 2517 1895 2574 immunes
1928 2518 2059 2585 sint,

475 2611 533 2660 et
560 2604 614 2659 in
646 2605 906 2678 religioso
938 2606 1123 2662 studio
1154 2606 1321 2661 nullis
1359 2607 1628 2664 molestiis
1667 2608 2056 2680 impediantur.

551 2695 640 2753 17.
668 2696 839 2755 Debet
878 2701 1185 2755 reverentia
1213 2708 1309 2754 tua
1343 2700 1587 2771 quolibet
1611 2700 1664 2755 in
1703 2702 2058 2772 monasterio,

475 2795 621 2866 quod
651 2795 754 2852 tibi
803 2796 909 2851 erit
955 2797 1290 2864 adeundum,
1338 2798 1444 2854 hoc
1475 2799 1656 2869 ipsum
1713 2798 1901 2854 datum
1954 2798 2057 2855 tibi

477 2896 877 2960 praeceptorum
911 2890 1346 2945 instrumentum
1376 2903 1408 2944 a
1464 2891 1739 2961 principio
1790 2891 1856 2945 ad
1890 2890 2055 2947 tinem

477 2994 652 3047 usque
684 2980 983 3051 perlegere,
1015 2997 1139 3037 cum
1165 2981 1286 3051 ejus
1319 2981 1397 3037 rei
1428 2981 1745 3036 mandatum
1780 2982 1849 3037 ab
1872 2981 2062 3038 omni-

475 3070 684 3139 potenti
720 3069 828 3126 Deo
857 3072 1071 3127 scilicet
1118 3071 1357 3128 habeas:
1410 3080 1475 3145 ut
1515 3084 1761 3128 nostram
1815 3074 1883 3129 de
1924 3072 2062 3144 ipsis

475 3154 879 3218 ordinationem
912 3163 1247 3234 intelligant,
1308 3180 1372 3220 ac
1418 3174 1470 3221 te
1517 3166 1688 3221 veluti
1743 3174 1955 3237 patrem
2004 3176 2054 3222 et

475 3263 843 3310 correctorem
874 3270 1088 3321 eorum,
1117 3270 1240 3327 qua:
1265 3257 1517 3329 neglecta
1568 3263 1718 3324 sunt,
1752 3271 1862 3313 non
1889 3258 2060 3313 viola-

476 3353 653 3401 torem
718 3355 774 3401 et
828 3355 1185 3414 vastatorem,
1266 3348 1581 3418 excipiant:
1646 3348 1893 3420 adeoque
1949 3350 2060 3405 tuis

475 3436 955 3495 admonitionibus
1005 3438 1307 3494 alacriores
1334 3447 1389 3493 et
1416 3438 1794 3510 diligentiores
1818 3437 2062 3495 efﬁcian-

480 3541 596 3586 tur.
1818 3594 1823 3599 .

553 3620 652 3677 His
683 3629 735 3678 te
760 3636 887 3677 cum
924 3623 980 3678 in
1014 3624 1263 3688 exordio,
1294 3631 1409 3678 tum
1452 3623 1558 3680 hoc
1586 3623 1749 3680 etiam
1791 3625 1911 3681 loco
1943 3638 2063 3682 mu-

482 3715 748 3772 niendum
807 3716 1149 3787 putavimus,
1230 3716 1743 3777 condemnationem
1818 3716 2062 3773 divinam

479 3805 863 3864 formidantes.
893 3805 975 3863 Tu
1014 3808 1060 3864 si
1091 3817 1280 3864 custos
1336 3809 1449 3863 eris
1481 3808 1645 3879 hujus
1696 3809 2064 3866 ordinationis

480 3905 706 3966 nostrae,
732 3900 880 3954 vices
919 3898 1018 3955 tibi
1049 3899 1269 3957 ccelitus
1298 3899 1442 3957 Deus
1477 3900 1595 3972 ipse
1628 3901 1909 3957 laboribus
1954 3902 2064 3958 tuis

481 3990 876 4061 respondentes
905 3999 959 4047 et
983 3993 1098 4063 jam
1152 3996 1433 4064 rependet,
1469 4003 1522 4048 et
1557 3992 1612 4048 in
1661 3992 1871 4062 judicio
1916 4007 2064 4049 mor-

481 4091 724 4139 tuorum.
750 4082 849 4139 Sin
873 4099 998 4140 esse
1028 4087 1287 4156 praecepti
1318 4085 1494 4140 nostri
1530 4085 1766 4141 violator
1805 4086 2065 4142 inventus

480 4175 677 4243 fueris,
714 4185 769 4233 et
791 4178 1040 4249 quaedam
1069 4178 1389 4249 corruperis
1418 4193 1481 4233 ac
1506 4178 1858 4235 innovaveris
1887 4220 1899 4244 ,
1931 4187 2062 4235 ante

480 4266 811 4338 supplicium
839 4266 1163 4331 humanum,
1225 4267 1459 4321 ultorem
1523 4268 1829 4338 experieris
1885 4268 2063 4339 ipsum

482 4355 674 4425 Deum,
700 4359 793 4429 qui
850 4374 1040 4427 poenas
1088 4367 1143 4415 et
1176 4375 1323 4415 nunc
1356 4360 1546 4431 exigit,
1579 4371 1633 4419 et
1678 4377 1799 4417 cum
1836 4363 2060 4433 praemia

477 4449 675 4520 cuique
696 4464 795 4520 pro
827 4451 943 4506 suis
969 4449 1131 4506 factis
1172 4451 1386 4506 tribuit.
1408 4506 1424 4525 ,

2156 586 2232 655 μὴ
2261 585 2565 657 οἱκοδομεῖν
2593 586 2767 643 ταῦτα
2803 591 2862 644 ὲν
2889 589 3146 662 ἀσέμνοις
3173 592 3364 659 τόποις,
3388 596 3418 669 ἢ
3443 600 3505 665 ὡς
3526 604 3650 675 tm.

2153 675 2301 730 τάτω
2354 678 2570 747 χωρίων
2595 718 2610 742 ,
2651 680 2774 751 μηδ’
2805 675 2871 735 αὖ
2892 675 2974 744 οἷς
3006 682 3039 751 ἡ
3079 685 3352 753 περιουσία
3384 688 3470 745 οὐκ
3494 695 3651 769 αὐτάρ-

2154 786 2258 839 κης
2287 769 2458 835 ἐστὶν,
2487 772 2569 835 είς
2594 772 2656 825 τὸ
2686 776 2945 845 χορηγεῖν
2977 773 3186 838 τούτοις
3222 774 3286 829 τὰ
3315 779 3574 855 πρόσφορα,
3597 790 3653 845 Ta

2158 862 2257 932 μὲν
2278 864 2388 935 γὰρ
2439 865 2664 938 ἑτοίμην
2695 861 2802 920 οἵδε
2828 866 3008 938 ψυχῆς
3037 868 3085 901 ⁷³
3112 869 3363 940 παρέχειν
3397 874 3585 947 φθορὰν,
3608 885 3653 937 τδ

2154 952 2212 1008 δὲ
2244 954 2342 1027 τὴν
2375 959 2763 1031 καταστροφὴν
2815 959 2997 1024 αὐτοῖς
3031 959 3290 1032 πρόδηλον
3332 968 3534 1022 ποιεῖται
3582 977 3676 1026 καὶ·

2158 1047 2264 1120 πρὸ
2291 1049 2389 1121 τῆς
2418 1051 2699 1123 ἐργασίας.
3672 1038 3675 1045 1

2230 1142 2310 1200 ιδ’.
2366 1148 2460 1199 Δεῖ
2503 1145 2601 1217 τὴν
2660 1144 2758 1216 σὴν
2788 1145 3099 1214 εὐλάϐειαν,
3138 1146 3190 1199 εῐ
3214 1163 3312 1201 που
3366 1156 3653 1221 μοναστηρίοο

2158 1237 2588 1307 πατριαρχικοῦ,
2618 1233 2706 1292 οἶα
2733 1238 3227 1307 εἰκὸς,ήγούμενος
3272 1238 3561 1312 τελευτήσει,
3591 1249 3654 1302 τὸν

2156 1329 2264 1383 ὑπὸ
2292 1330 2508 1383 πάντων
2548 1330 2922 1402 ψηφιζόμενον
2982 1331 3120 1399 πρὸς
3165 1331 3310 1400 ἡμᾶς
3361 1334 3655 1405 ἀναπέμπειν,

2157 1421 2254 1476 καὶ
2286 1423 2360 1494 μὴ
2387 1422 2596 1494 ἕτερον,
2624 1422 2682 1476 ὃν
2718 1423 2815 1493 οὐχ
2846 1422 3125 1494 αἱροῦνται
3154 1422 3205 1475 οἱ
3249 1427 3471 1495 μοναχοὶ,
3501 1429 3589 1480 ἀλλ’
3615 1432 3656 1485 ὃν

2160 1512 2361 1575 πάντες
2383 1511 2692 1579 ὲκλὲξονται
2716 1530 2727 1542 ’
2746 1512 2821 1576 ὡς
2844 1512 2909 1567 ἂν
2921 1514 3017 1584 τῆς
3036 1511 3369 1584 χειροθεσίας
3384 1514 3655 1588 ἀξιούμενος,

2158 1602 2303 1657 οὕτω
2333 1603 2576 1677 ποιμάνῃ
2597 1605 2656 1659 τὸ
2686 1607 3019 1675 ὑποχείριον.

2233 1701 2316 1751 ιε’.
2351 1698 2441 1749 Δεῖ
2471 1698 2571 1768 τὴν
2607 1698 2704 1767 σὴν
2759 1698 3066 1759 εὐλάϐειαν,
3134 1697 3289 1751 εἶπον
3321 1700 3658 1772 χρείαξὲπείγοι,

2162 1788 2622 1861 καταγράψασθαι
2652 1788 2868 1843 ἅπαντα
2901 1790 2969 1842 τὰ
2996 1790 3109 1852 τοῖς
3156 1794 3541 1860 πατριαρχικοῖς
3566 1810 3662 1863 προ-

2163 1882 2368 1953 νομίοις
2390 1880 2662 1952 ἀνήκοντα
2687 1881 3048 1951 μοναστήρια,
3102 1880 3220 1952 ἅμα
3252 1882 3359 1944 τοῖς
3388 1881 3663 1952 διαφέρουσιν

2164 1973 2349 2037 αὐτοῖς
2398 1972 2690 2044 πράγμασί
2728 1989 2785 2026 τε
2838 1971 2932 2027 καὶ
2976 1974 3140 2044 ἱεροῖς
3194 1971 3420 2040 σκεύεσι,
3456 1975 3532 2027 καὶ
3566 1975 3664 2047 πρὶς

2164 2066 2310 2138 ἡμᾶς
2344 2064 2516 2120 ἀναπέ
2525 2064 2687 2135 μψαι.

2235 2165 2335 2224 ις’.
2363 2157 2562 2230 Δεῖτὴν
2582 2156 2681 2229 σὴν
2695 2156 2982 2212 εὐλάϐειαν
3003 2157 3127 2220 τοὺς
3152 2158 3213 2209 ἐν
3230 2159 3338 2221 τοῖς
3358 2159 3667 2229 μοναστηρίοις

2164 2246 2631 2318 παραϐάλλοντας,
2677 2248 2773 2301 καὶ
2817 2245 2992 2302 ταῦτα
3049 2246 3507 2315 καινοτομοῦντας,
3546 2249 3667 2314 ἄλλας

2163 2356 2224 2393 τε
2257 2339 2519 2410 ἀκαίρους
2548 2339 2734 2403 αὐτοῖς
2757 2340 3023 2411 ἐπηρείας
3050 2339 3145 2393 καὶ
3183 2338 3385 2410 βλάϐας
3410 2341 3667 2410 ἐπάγοντας,

2163 2432 2264 2503 δση
2287 2430 2517 2504 δύναμις
2541 2431 2872 2485 ἀνακόπτειν
2892 2447 2907 2462 ο
2936 2429 3167 2494 καὶτοῖς
3191 2431 3366 2483 ἐκεῖσε
3386 2431 3670 2500 ἀσκουμένοις

2162 2524 2225 2578 τὸ
2255 2523 2491 2595 ἀζήμιον
2518 2522 2614 2578 καὶ
2647 2522 3023 2595 ἀνενόχλητον,
3056 2522 3201 2577 κατὰ
3231 2523 3323 2576 τὸν
3348 2523 3522 2596 εὐσεϐῆ
3538 2523 3669 2593 λόγον,

2163 2615 2513 2672 διανοεῖσθαι.

2236 2709 2302 2776 ιζ’
2308 2750 2323 2765 .
2349 2711 2443 2763 Δεῖ
2470 2709 2570 2781 τὴν
2613 2709 2713 2782 σὴν
2747 2708 3036 2763 εὐλάϐειαν
3092 2710 3150 2762 ὲν
3182 2708 3382 2780 ἑκάστῃ
3421 2711 3553 2779 μονῇ,
3586 2705 3673 2783 ὲνῇ

2165 2802 2539 2876 παραϐάλλειν
2598 2802 2859 2874 ὀφείλεις,
2912 2799 3071 2855 τοῦτο
3120 2800 3191 2873 δὴ
3252 2801 3313 2854 τὺ
3335 2801 3674 2874 παρεσχημένον

2166 2910 2249 2949 σοι
2268 2894 2378 2949 τῶν
2402 2894 2843 2966 προσταγμάτων
2869 2893 3148 2964 ἔγγραφον
3172 2893 3675 2960 καθυπαναγινὼσκειν

2162 2987 2258 3042 ἀπ’
2280 2986 2455 3059 ἀρχῆς
2490 2986 2653 3058 μέχρι
2684 2986 2893 3051 τέλους.
2932 2985 3151 3057 ἐντολὴν
3173 2985 3377 3057 δηλαδὴ
3404 2986 3541 3055 παρᾶ
3572 2984 3673 3038 Θεοῦ

2161 3077 2605 3148 παντοκράτορος
2661 3076 2892 3149 ἔχουσαν
2915 3092 2928 3107 ο
2960 3076 3037 3143 ὡς
3093 3075 3163 3131 ἂν
3191 3077 3293 3131 καὶ
3343 3076 3433 3148 τὴν
3470 3077 3680 3147 ἡμετέραν

2162 3172 2292 3243 περὶ⁵
2324 3170 2505 3226 αὐτῶν
2539 3173 2807 3241 ὲπιγνοῖεν
2837 3170 3121 3242 διαταγὴν,
3161 3170 3263 3226 καὶ
3302 3171 3360 3224 σὲ
3404 3170 3471 3232 ὡς
3519 3170 3679 3237 πατέρι

2164 3263 2404 3334 δέχοιντο
2438 3262 2534 3317 καὶ
2564 3261 2865 3334 διορθωτὴν
2889 3261 2999 3315 τῶν
3050 3260 3438 3333 ἠμελημένων,
3477 3258 3573 3313 ἀλλ’
3596 3262 3682 3332 οὐχὶ

2166 3355 2372 3427 φθορέα
2406 3355 2500 3411 καὶ
2523 3354 2811 3427 λυμεῶνα·
2845 3355 2938 3409 καὶ
2966 3355 3088 3417 ταῖς
3121 3356 3245 3418 σαῖς
3276 3353 3552 3417 νουθεσίαις
3576 3354 3679 3406 ἑτοι-

2170 3448 2390 3518 μότεροι
2421 3449 2758 3502 κατασταῖεν
2781 3446 2877 3502 καὶ
2907 3444 3347 3516 σπουδαιότεροι.

2238 3621 2463 3684 Τούτοις
2493 3638 2551 3675 σε
2585 3620 2681 3676 καὶ
2733 3621 2791 3673 ὲν
2836 3619 3170 3688 προοιμίοις,
3229 3618 3327 3673 καὶ
3363 3616 3453 3671 νῦν
3485 3617 3686 3688 ᾠήθημεν

2167 3711 2286 3767 δέον
2313 3710 2799 3781 ὲξασφαλίσασθαι,
2826 3710 2886 3764 τὸ
2910 3709 3051 3763 θεῖον
3069 3709 3372 3772 δεδοικότες
3413 3710 3683 3779 κατάκριμα.

2179 3806 2321 3860 Ἀλλ’
2338 3809 2387 3860 εί
2418 3805 2516 3877 μὲν
2543 3804 2718 3876 φύλαξ
2741 3804 2858 3876 εῐης
2889 3807 2986 3874 τῆς
3010 3804 3292 3876 ἡμετέρας
3308 3804 3568 3872 διαταγῆς,
3591 3804 3689 3857 ἄνω·

2170 3898 2260 3952 θεν
2294 3898 2426 3961 Θεὸς
2458 3895 2761 3967 ἀμείψεται
2803 3912 2862 3948 σε
2898 3895 3007 3948 τῶν
3038 3894 3218 3947 πόνων
3252 3892 3535 3958 ἀξίως,νῦν
3560 3892 3688 3944 καὶέν

2168 3993 2235 4060 τῇ
2259 3990 2368 4044 τῶν
2396 3988 2742 4061 βεϐιωμένων
2767 3987 3085 4056 διαγνώσει.
3115 3985 3179 4040 Ei
3216 3985 3277 4039 δὲ
3312 3984 3602 4056 παραϐάτης
3622 3983 3689 4050 si;

2166 4084 2445 4154 ἡμετέρας
2475 4083 2707 4153 εὑρεθῇς
2731 4081 2973 4149 ἐντολῆς,
3005 4080 3099 4133 ἐπὶ
3128 4078 3281 4153 λύμῃ
3316 4079 3410 4131 καὶ
3437 4074 3692 4143 καινοῖομέᾳ

2168 4174 2329 4229 τινῶν
2357 4174 2671 4245 γενόμενος,
2702 4173 2837 4227 Θεὸν
2896 4171 3043 4237 ἕξεις
3100 4171 3208 4241 πρὸ
3267 4171 3364 4239 τῆς
3412 4166 3692 4240 ἁνθρωπὶνης

2167 4264 2324 4337 δίκης
2355 4265 2448 4319 τὸν
2493 4264 2856 4333 ἀμυνόμενον,
2910 4260 3141 4324 εὐθύνας
3171 4276 3235 4312 τε
3292 4258 3601 4313 ἀπαιτοῦντα
3628 4254 3693 4307 καὶ

2168 4357 2284 4421 νῦν,
2315 4355 2411 4409 καὶ
2442 4354 2676 4425 ὁπηνίκα
2723 4354 2940 4425 ἑκάστῳ
2971 4353 3045 4407 τὰ
3092 4352 3354 4424 ἐπίχειρα
3392 4352 3493 4405 τῶν
3527 4348 3694 4402 οἰκείων

2168 4446 2491 4502 ἀποδίδωσιν
2524 4447 2722 4516 ἔργων.

515 4576 835 4633 Mandatum
857 4594 953 4647 pro
982 4594 1064 4646 eo,
1110 4581 1203 4651 qui
1228 4591 1380 4652 pater
1401 4583 1701 4653 spiritantia
1723 4585 1842 4655 ﬁeri
1859 4585 2029 4644 debet.

2178 4579 2491 4648 Ἔνταλμα
2518 4578 2604 4643 είς
2646 4574 2711 4630 τὸ
2735 4574 3016 4647 γενέσθαι
3059 4573 3291 4643 πατέρα
3327 4570 3696 4642 πνευματικόν.

550 4690 816 4746 Decessor
846 4700 1053 4759 noster,
1083 4695 1469 4753 sanctissimus
1503 4696 1593 4753 ille
1630 4698 1940 4769 patriarcha
1971 4700 2065 4765 N.,

475 4798 577 4855 per
601 4784 816 4840 litteras
847 4787 1164 4842 mandatum
1200 4792 1570 4858 continentes,
1609 4795 2068 4852 reverendissimo

477 4876 750 4932 monacho
771 4886 823 4933 et
854 4878 1051 4935 abbate
1075 4883 1404 4939 venerabilis
1437 4886 1755 4940 monasterii
1780 4903 2070 4945 successo.

476 4984 600 5024 rum
641 4969 984 5026 Ammoniaci
1033 4972 1293 5030 Dositheo
1338 4978 1587 5046 permisit
1618 4986 1745 5033 ante
1782 4980 1887 5035 hoc
1925 4990 2065 5036 teni-

475 5075 603 5131 pus,
629 5068 687 5114 ut
706 5059 925 5116 illorum
945 5068 1189 5123 rationes
1212 5066 1450 5132 audiret,
1475 5067 1567 5138 qui
1589 5084 1713 5123 eum
1743 5086 1841 5126 ceu
1860 5083 2063 5141 patrem

478 5152 819 5222 spiritualem
878 5157 1205 5212 accederent
1255 5174 1270 5223 ;
1336 5173 1437 5213 nec
1495 5159 1715 5215 illorum
1774 5163 2064 5226 duntaxat,

477 5257 667 5298 verum
700 5246 860 5301 etiam
901 5248 1330 5303 constitutorum
1376 5249 1479 5303 sub
1522 5266 1582 5305 se
1618 5253 2060 5309 monachorum:

480 5342 648 5406 atque
674 5339 752 5392 nti
792 5339 858 5394 ad
889 5353 990 5394 eos
1025 5340 1381 5411 pertinentia,
1417 5343 1601 5398 studio
1631 5346 1869 5414 quodam
1903 5362 2066 5402 accu-

452 5436 601 5486 .rate
641 5431 998 5486 examinarel.
1042 5431 1185 5499 Quia
1227 5447 1356 5487 vero
1388 5440 1578 5488 nostra
1614 5450 1834 5505 quoque
1857 5438 2065 5492 medio-

478 5521 648 5579 critas
672 5522 1038 5580 invenitbunc
1063 5528 1240 5580 virum
1264 5527 1446 5583 omnis
1469 5529 1684 5597 pietatis
1727 5528 2063 5594 studiosum,

481 5622 537 5671 et
562 5614 893 5673 conditionis
916 5616 1037 5685 ejus
1056 5617 1399 5689 participem,
1420 5634 1541 5691 quae
1574 5636 1701 5678 vere
1736 5620 2063 5675 monachum

560 5815 612 5859 υ
635 5815 850 5894 ψυχαῖς.

2249 4689 2497 4760 Ἐφθασε
2534 4689 2635 4758 μὲν
2664 4688 2691 4741 ὁ
2720 4688 2826 4757 πρὸ
2861 4688 3020 4760 ἡμῶν
3061 4688 3371 4756 ἁγιώτατος
3400 4686 3588 4747 ἐκεῖνος
3623 4697 3699 4733 πα-

2173 4786 2441 4856 τριάρχης
2474 4786 2503 4839 ὁ
2544 4785 2711 4847 δεῖνα,
2745 4781 3059 4852 ἐκχωρῆσαι
3093 4779 3163 4833 δι’
3204 4779 3547 4848 ὲνταλτηρίου
3572 4771 3698 4828 αύτοῦ

2175 4876 2507 4946 γράμματος
2529 4873 2607 4945 τῷ
2626 4874 2943 4943 τιμιωτάτῳ
2970 4870 3313 4942 ίερομονάχῳ
3359 4870 3453 4922 καὶ
3477 4866 3699 4935 καθηγονο

2178 4970 2323 5038 μένῳ
2354 4966 2455 5036 τῆς
2497 4966 2800 5035 σεϐασμίας
2831 4966 2997 5035 μονῆς
3034 4962 3142 5016 τῶν
3184 4957 3566 5032 Ἀμμωνιακού
3592 4957 3701 5008 Δοτι-

2185 5060 2315 5129 οέῳ,
2340 5058 2591 5131 δέχεσθαι
2629 5059 2756 5120 τοὺς
2796 5056 3092 5127 λογισμοὺς
3137 5052 3245 5107 τῶν
3275 5052 3355 5117 ὡς
3399 5043 3699 5120 πνευματικῷ

2179 5152 2349 5224 πατρὶ
2386 5152 2721 5223 προσιόντων
2750 5150 2920 5219 αὐτῷ·
2953 5149 3015 5202 ού
3062 5146 3225 5219 μόνον
3270 5145 3329 5199 δὲ
3360 5143 3578 5207 τούτων,
3602 5137 3701 5193 ἀλλᾶ

2171 5245 2264 5299 καὶ
2296 5245 2405 5298 τῶν
2445 5242 2535 5296 ὑπ’
2570 5243 2733 5297 αὐτὸν
2775 5240 3050 5312 μοναχῶνο
3094 5240 3186 5293 καὶ
3222 5236 3499 5305 ἐξετάζειν
3523 5233 3583 5286 τὰ
3613 5228 3700 5283 κατ’

2172 5338 2371 5402 αὐτοὺς
2411 5335 2823 5406 ἀκριϐέστερον.
2881 5332 3035 5387 Ἐπεὶ
3110 5332 3168 5384 δὲ
3220 5330 3323 5384 καὶ⁵
3376 5329 3410 5399 ἠ
3465 5322 3702 5398 μετριότης

2175 5430 2332 5502 ἡμῶν
2384 5422 2512 5499 εὗρε
2552 5428 2647 5482 τὸν
2686 5426 2928 5482 τοιοῦτον
2981 5425 3172 5497 ἄνδρα,
3229 5422 3423 5492 πάσης
3467 5414 3702 5473 εὐλαϐείας

2173 5521 2640 5591 ἀντιποιούμενον,
2668 5521 2764 5574 καὶ
2798 5521 2897 5591 τῆς
2923 5521 3037 5583 τοῖς
3063 5517 3183 5572 κατ’
3222 5514 3489 5588 ἀλήθειαν
3515 5507 3705 5583 πρεπού-

2177 5629 2276 5682 σης
2328 5612 2585 5682 μοναχοῖς
2638 5611 3025 5674 καταστάτεως
3080 5607 3408 5678 μετέχοντα,
3459 5603 3545 5659 καὶ
3592 5604 3699 5667 (m-

1785 5728 2021 5785 VARUE
2054 5725 2461 5783 LECTIONES.
