  <div class='ocr_page' id='page_1' title='image "/cluster/home/n/w/nwhite01/storage/ocr_20150623/119/hvd.32044019208156/584.png"; bbox 0 0 3948 6578; ppageno 0'>
   <div class='ocr_carea' id='block_1_1' title="bbox 293 372 428 440">
    <p class='ocr_par' dir='ltr' id='par_1_1' title="bbox 293 372 428 440">
     <span class='ocr_line' id='line_1_1' title="bbox 293 372 428 440; baseline -0.007 -1"><span class='ocrx_word' id='word_1_1' title='bbox 293 372 428 440; x_wconf 73' lang='grc'><strong>1153</strong></span> 
     </span>
    </p>
   </div>
   <div class='ocr_carea' id='block_1_2' title="bbox 1567 382 2276 447">
    <p class='ocr_par' dir='ltr' id='par_1_2' title="bbox 1567 382 2276 447">
     <span class='ocr_line' id='line_1_2' title="bbox 1567 382 2276 447; baseline 0.001 -1"><span class='ocrx_word' id='word_1_2' title='bbox 1567 382 2254 447; x_wconf 70' lang='grc' dir='ltr'><strong>ΟΒιΕΟΟ-ΒΟΜΑΝΙΙΜ</strong></span> <span class='ocrx_word' id='word_1_3' title='bbox 2263 433 2276 446; x_wconf 93' lang='grc'><strong>.</strong></span> 
     </span>
    </p>
   </div>
   <div class='ocr_carea' id='block_1_3' title="bbox 3411 385 3548 450">
    <p class='ocr_par' dir='ltr' id='par_1_3' title="bbox 3411 385 3548 450">
     <span class='ocr_line' id='line_1_3' title="bbox 3411 385 3548 450; baseline -0.015 0"><span class='ocrx_word' id='word_1_4' title='bbox 3411 385 3548 450; x_wconf 66' lang='lat' dir='ltr'><strong>ilbi</strong></span> 
     </span>
    </p>
   </div>
   <div class='ocr_carea' id='block_1_4' title="bbox 281 493 1857 574">
    <p class='ocr_par' dir='ltr' id='par_1_4' title="bbox 281 493 1857 574">
     <span class='ocr_line' id='line_1_4' title="bbox 281 493 1857 574; baseline 0.007 -29"><span class='ocrx_word' id='word_1_5' title='bbox 281 493 474 548; x_wconf 85' lang='grc' dir='ltr'>ελόντα</span> <span class='ocrx_word' id='word_1_6' title='bbox 519 493 708 562; x_wconf 77' lang='grc' dir='ltr'>φᾶναι)</span> <span class='ocrx_word' id='word_1_7' title='bbox 763 494 945 549; x_wconf 71' lang='grc' dir='ltr'>ἱκανὸν</span> <span class='ocrx_word' id='word_1_8' title='bbox 988 498 1118 568; x_wconf 77' lang='grc' dir='ltr'>περὶ</span> <span class='ocrx_word' id='word_1_9' title='bbox 1169 503 1266 570; x_wconf 74' lang='grc' dir='ltr'>τὴν</span> <span class='ocrx_word' id='word_1_10' title='bbox 1313 500 1570 573; x_wconf 75' lang='grc' dir='ltr'><strong>τοιαύτην</strong></span> <span class='ocrx_word' id='word_1_11' title='bbox 1623 503 1857 574; x_wconf 87' lang='grc' dir='ltr'>λειτουρ-</span> 
     </span>
    </p>
   </div>
   <div class='ocr_carea' id='block_1_5' title="bbox 1966 493 3546 574">
    <p class='ocr_par' dir='ltr' id='par_1_5' title="bbox 1967 500 3546 571">
     <span class='ocr_line' id='line_1_5' title="bbox 1967 500 3546 571; baseline 0.001 -15"><span class='ocrx_word' id='word_1_12' title='bbox 1967 503 2119 556; x_wconf 89' lang='lat' dir='ltr'><strong>decet</strong></span> <span class='ocrx_word' id='word_1_13' title='bbox 2148 519 2163 568; x_wconf 90' lang='lat'><strong>;</strong></span> <span class='ocrx_word' id='word_1_14' title='bbox 2199 515 2262 557; x_wconf 81' lang='lat' dir='ltr'><strong>ac</strong></span> <span class='ocrx_word' id='word_1_15' title='bbox 2292 501 2528 558; x_wconf 72' lang='lat' dir='ltr'><strong>breviter</strong></span> <span class='ocrx_word' id='word_1_16' title='bbox 2563 500 2640 557; x_wconf 91' lang='lat' dir='ltr'><strong>uti</strong></span> <span class='ocrx_word' id='word_1_17' title='bbox 2674 515 2763 557; x_wconf 90' lang='lat' dir='ltr'><strong>res</strong></span> <span class='ocrx_word' id='word_1_18' title='bbox 2794 509 3120 571; x_wconf 81' lang='lat' dir='ltr'><strong>cxponatur,</strong></span> <span class='ocrx_word' id='word_1_19' title='bbox 3165 502 3298 557; x_wconf 80' lang='lat' dir='ltr'><strong>adeo</strong></span> <span class='ocrx_word' id='word_1_20' title='bbox 3328 504 3546 557; x_wconf 68' lang='lat' dir='ltr'><strong>muneri</strong></span> 
     </span>
    </p>
   </div>
   <div class='ocr_carea' id='block_1_6' title="bbox 287 585 1861 668">
    <p class='ocr_par' dir='ltr' id='par_1_6' title="bbox 287 585 1861 668">
     <span class='ocr_line' id='line_1_6' title="bbox 287 585 1861 668; baseline 0.008 -32"><span class='ocrx_word' id='word_1_21' title='bbox 287 586 435 650; x_wconf 79' lang='grc' dir='ltr'>γέαν,</span> <span class='ocrx_word' id='word_1_22' title='bbox 491 585 656 653; x_wconf 72' lang='grc' dir='ltr'>εἴπερ</span> <span class='ocrx_word' id='word_1_23' title='bbox 711 585 834 638; x_wconf 80' lang='grc' dir='ltr'>τινὰ</span> <span class='ocrx_word' id='word_1_24' title='bbox 881 587 1089 660; x_wconf 77' lang='grc' dir='ltr'>ἕτερον,</span> <span class='ocrx_word' id='word_1_25' title='bbox 1142 591 1429 661; x_wconf 85' lang='grc' dir='ltr'>ἀνατίθησι</span> <span class='ocrx_word' id='word_1_26' title='bbox 1477 595 1571 647; x_wconf 69' lang='grc' dir='ltr'><strong>καὶ</strong></span> <span class='ocrx_word' id='word_1_27' title='bbox 1605 595 1744 668; x_wconf 78' lang='grc' dir='ltr'>αὐτὴ</span> <span class='ocrx_word' id='word_1_28' title='bbox 1782 596 1861 665; x_wconf 82' lang='grc' dir='ltr'>τῷ</span> 
     </span>
    </p>
   </div>
   <div class='ocr_carea' id='block_1_7' title="bbox 283 677 1860 754">
    <p class='ocr_par' dir='ltr' id='par_1_7' title="bbox 283 677 1860 754">
     <span class='ocr_line' id='line_1_7' title="bbox 283 677 1860 754; baseline 0.008 -26"><span class='ocrx_word' id='word_1_29' title='bbox 283 677 508 746; x_wconf 82' lang='grc' dir='ltr'>ῥηθέντι</span> <span class='ocrx_word' id='word_1_30' title='bbox 538 677 939 750; x_wconf 82' lang='grc' dir='ltr'>καθηγουμένῳ</span> <span class='ocrx_word' id='word_1_31' title='bbox 988 681 1088 752; x_wconf 82' lang='grc' dir='ltr'>τὴν</span> <span class='ocrx_word' id='word_1_32' title='bbox 1131 683 1391 754; x_wconf 82' lang='grc' dir='ltr'><strong>τοιαύτην</strong></span> <span class='ocrx_word' id='word_1_33' title='bbox 1430 686 1729 753; x_wconf 81' lang='grc' dir='ltr'><strong>διακονίαν,</strong></span> <span class='ocrx_word' id='word_1_34' title='bbox 1771 687 1860 742; x_wconf 78' lang='grc' dir='ltr'><strong>διὰ</strong></span> 
     </span>
    </p>
   </div>
   <div class='ocr_carea' id='block_1_8' title="bbox 280 769 1856 845">
    <p class='ocr_par' dir='ltr' id='par_1_8' title="bbox 280 769 1856 845">
     <span class='ocr_line' id='line_1_8' title="bbox 280 769 1856 845; baseline 0.008 -24"><span class='ocrx_word' id='word_1_35' title='bbox 280 769 378 822; x_wconf 81' lang='grc' dir='ltr'><strong>τοῦ</strong></span> <span class='ocrx_word' id='word_1_36' title='bbox 417 769 688 840; x_wconf 76' lang='grc' dir='ltr'><strong>παρόντος</strong></span> <span class='ocrx_word' id='word_1_37' title='bbox 724 771 896 843; x_wconf 81' lang='grc' dir='ltr'>αὐτῆς</span> <span class='ocrx_word' id='word_1_38' title='bbox 972 773 1338 845; x_wconf 84' lang='grc' dir='ltr'>ὲντάλματος·</span> <span class='ocrx_word' id='word_1_39' title='bbox 1370 776 1438 830; x_wconf 88' lang='grc' dir='ltr'><strong>δι’</strong></span> <span class='ocrx_word' id='word_1_40' title='bbox 1477 770 1538 830; x_wconf 74' lang='grc' dir='ltr'><strong>οὗ</strong></span> <span class='ocrx_word' id='word_1_41' title='bbox 1584 780 1678 832; x_wconf 73' lang='grc' dir='ltr'>καὶ</span> <span class='ocrx_word' id='word_1_42' title='bbox 1717 780 1856 834; x_wconf 70' lang='grc' dir='ltr'>ἐνδί-</span> 
     </span>
    </p>
   </div>
   <div class='ocr_carea' id='block_1_9' title="bbox 279 861 1853 944">
    <p class='ocr_par' dir='ltr' id='par_1_9' title="bbox 279 861 1853 944">
     <span class='ocr_line' id='line_1_9' title="bbox 279 861 1853 944; baseline 0.008 -29"><span class='ocrx_word' id='word_1_43' title='bbox 279 863 413 915; x_wconf 83' lang='grc' dir='ltr'>δωσι</span> <span class='ocrx_word' id='word_1_44' title='bbox 443 861 620 933; x_wconf 83' lang='grc' dir='ltr'>τούτῳ</span> <span class='ocrx_word' id='word_1_45' title='bbox 653 864 967 933; x_wconf 82' lang='grc' dir='ltr'>ἀνακρίνειν</span> <span class='ocrx_word' id='word_1_46' title='bbox 995 867 1123 930; x_wconf 82' lang='grc' dir='ltr'>τοὺς</span> <span class='ocrx_word' id='word_1_47' title='bbox 1153 870 1626 940; x_wconf 81' lang='grc' dir='ltr'>προσερχομένους</span> <span class='ocrx_word' id='word_1_48' title='bbox 1683 874 1853 944; x_wconf 82' lang='grc' dir='ltr'>αὐτῷ,</span> 
     </span>
    </p>
   </div>
   <div class='ocr_carea' id='block_1_10' title="bbox 280 954 1858 1033">
    <p class='ocr_par' dir='ltr' id='par_1_10' title="bbox 280 954 1858 1033">
     <span class='ocr_line' id='line_1_10' title="bbox 280 954 1858 1033; baseline 0.008 -28"><span class='ocrx_word' id='word_1_49' title='bbox 280 954 381 1007; x_wconf 74' lang='grc' dir='ltr'>καὶ</span> <span class='ocrx_word' id='word_1_50' title='bbox 423 955 492 1007; x_wconf 84' lang='grc' dir='ltr'><strong>τὰ</strong></span> <span class='ocrx_word' id='word_1_51' title='bbox 526 956 584 1006; x_wconf 78' lang='grc' dir='ltr'>ἐν</span> <span class='ocrx_word' id='word_1_52' title='bbox 625 955 778 1025; x_wconf 87' lang='grc' dir='ltr'>βάθει</span> <span class='ocrx_word' id='word_1_53' title='bbox 829 956 1034 1010; x_wconf 87' lang='grc' dir='ltr'>τούτων</span> <span class='ocrx_word' id='word_1_54' title='bbox 1081 960 1308 1030; x_wconf 83' lang='grc' dir='ltr'>ὲρευνᾷν</span> <span class='ocrx_word' id='word_1_55' title='bbox 1363 961 1722 1033; x_wconf 87' lang='grc' dir='ltr'>διανοήματα,</span> <span class='ocrx_word' id='word_1_56' title='bbox 1762 965 1858 1018; x_wconf 74' lang='grc' dir='ltr'>καὶ</span> 
     </span>
    </p>
   </div>
   <div class='ocr_carea' id='block_1_11' title="bbox 276 1044 1859 1126">
    <p class='ocr_par' dir='ltr' id='par_1_11' title="bbox 276 1044 1859 1126">
     <span class='ocr_line' id='line_1_11' title="bbox 276 1044 1859 1126; baseline 0.008 -31"><span class='ocrx_word' id='word_1_57' title='bbox 276 1045 376 1107; x_wconf 77' lang='grc' dir='ltr'><strong>τὰς</strong></span> <span class='ocrx_word' id='word_1_58' title='bbox 429 1044 657 1115; x_wconf 82' lang='grc' dir='ltr'>πράξεις</span> <span class='ocrx_word' id='word_1_59' title='bbox 689 1048 1149 1116; x_wconf 82' lang='grc' dir='ltr'><strong>καταμανθάνειν,</strong></span> <span class='ocrx_word' id='word_1_60' title='bbox 1192 1050 1277 1116; x_wconf 77' lang='grc' dir='ltr'><strong>ἐφ’</strong></span> <span class='ocrx_word' id='word_1_61' title='bbox 1303 1044 1348 1119; x_wconf 82' lang='grc' dir='ltr'>ᾧ</span> <span class='ocrx_word' id='word_1_62' title='bbox 1395 1053 1493 1116; x_wconf 80' lang='grc' dir='ltr'><strong>τὰς</strong></span> <span class='ocrx_word' id='word_1_63' title='bbox 1531 1054 1706 1126; x_wconf 83' lang='grc' dir='ltr'>ἀρχὰς</span> <span class='ocrx_word' id='word_1_64' title='bbox 1759 1055 1859 1125; x_wconf 82' lang='grc' dir='ltr'>μὲν</span> 
     </span>
    </p>
   </div>
   <div class='ocr_carea' id='block_1_12' title="bbox 277 1135 1859 1217">
    <p class='ocr_par' dir='ltr' id='par_1_12' title="bbox 277 1135 1859 1217">
     <span class='ocr_line' id='line_1_12' title="bbox 277 1135 1859 1217; baseline 0.009 -30"><span class='ocrx_word' id='word_1_65' title='bbox 277 1139 377 1189; x_wconf 71' lang='grc' dir='ltr'>καὶ</span> <span class='ocrx_word' id='word_1_66' title='bbox 391 1137 490 1200; x_wconf 84' lang='grc' dir='ltr'>τὰς</span> <span class='ocrx_word' id='word_1_67' title='bbox 508 1137 685 1208; x_wconf 79' lang='grc' dir='ltr'>αίτίας</span> <span class='ocrx_word' id='word_1_68' title='bbox 711 1138 807 1209; x_wconf 87' lang='grc' dir='ltr'>(ὼς</span> <span class='ocrx_word' id='word_1_69' title='bbox 835 1135 948 1193; x_wconf 75' lang='grc' dir='ltr'>οἷόν</span> <span class='ocrx_word' id='word_1_70' title='bbox 973 1142 1056 1211; x_wconf 89' lang='grc' dir='ltr'>τε)</span> <span class='ocrx_word' id='word_1_71' title='bbox 1080 1143 1329 1198; x_wconf 82' lang='grc' dir='ltr'>σπεύδειν</span> <span class='ocrx_word' id='word_1_72' title='bbox 1359 1146 1530 1217; x_wconf 81' lang='grc' dir='ltr'>ίστᾷν,</span> <span class='ocrx_word' id='word_1_73' title='bbox 1564 1146 1656 1200; x_wconf 72' lang='grc' dir='ltr'><strong>καὶ</strong></span> <span class='ocrx_word' id='word_1_74' title='bbox 1677 1147 1859 1214; x_wconf 85' lang='grc' dir='ltr'>τέλεον</span> 
     </span>
    </p>
   </div>
   <div class='ocr_carea' id='block_1_13' title="bbox 277 1229 1858 1308">
    <p class='ocr_par' dir='ltr' id='par_1_13' title="bbox 277 1229 1858 1308">
     <span class='ocr_line' id='line_1_13' title="bbox 277 1229 1858 1308; baseline 0.009 -28"><span class='ocrx_word' id='word_1_75' title='bbox 277 1229 644 1284; x_wconf 76' lang='grc' dir='ltr'><strong>ἀνακόπτειν·</strong></span> <span class='ocrx_word' id='word_1_76' title='bbox 682 1230 750 1284; x_wconf 78' lang='grc' dir='ltr'><strong>τὰ</strong></span> <span class='ocrx_word' id='word_1_77' title='bbox 791 1231 847 1285; x_wconf 80' lang='grc' dir='ltr'>δὲ</span> <span class='ocrx_word' id='word_1_78' title='bbox 892 1233 1021 1304; x_wconf 84' lang='grc' dir='ltr'>τέλη</span> <span class='ocrx_word' id='word_1_79' title='bbox 1076 1237 1168 1288; x_wconf 77' lang='grc' dir='ltr'>καὶ</span> <span class='ocrx_word' id='word_1_80' title='bbox 1224 1239 1578 1308; x_wconf 83' lang='grc' dir='ltr'>ἐνεργήματα</span> <span class='ocrx_word' id='word_1_81' title='bbox 1611 1239 1858 1294; x_wconf 78' lang='grc' dir='ltr'><strong>εὐθύνειν</strong></span> 
     </span>
    </p>
   </div>
   <div class='ocr_carea' id='block_1_14' title="bbox 279 1322 1855 1398">
    <p class='ocr_par' dir='ltr' id='par_1_14' title="bbox 279 1322 1855 1398">
     <span class='ocr_line' id='line_1_14' title="bbox 279 1322 1855 1398; baseline 0.009 -26"><span class='ocrx_word' id='word_1_82' title='bbox 279 1323 611 1386; x_wconf 83' lang='grc' dir='ltr'>κανονικῶς.</span> <span class='ocrx_word' id='word_1_83' title='bbox 660 1322 806 1394; x_wconf 79' lang='grc' dir='ltr'>Πρὸς</span> <span class='ocrx_word' id='word_1_84' title='bbox 853 1325 954 1388; x_wconf 85' lang='grc' dir='ltr'><strong>τὰς</strong></span> <span class='ocrx_word' id='word_1_85' title='bbox 992 1325 1135 1390; x_wconf 74' lang='grc' dir='ltr'>ἔξεις</span> <span class='ocrx_word' id='word_1_86' title='bbox 1176 1327 1380 1398; x_wconf 84' lang='grc' dir='ltr'>μέντοι.</span> <span class='ocrx_word' id='word_1_87' title='bbox 1430 1331 1524 1383; x_wconf 77' lang='grc' dir='ltr'>καὶ</span> <span class='ocrx_word' id='word_1_88' title='bbox 1565 1331 1855 1398; x_wconf 83' lang='grc' dir='ltr'><strong>διαθέσεις,</strong></span> 
     </span>
    </p>
   </div>
   <div class='ocr_carea' id='block_1_15' title="bbox 276 1413 1861 1496">
    <p class='ocr_par' dir='ltr' id='par_1_15' title="bbox 276 1413 1861 1496">
     <span class='ocr_line' id='line_1_15' title="bbox 276 1413 1861 1496; baseline 0.009 -32"><span class='ocrx_word' id='word_1_89' title='bbox 276 1413 375 1465; x_wconf 79' lang='grc' dir='ltr'>καὶ</span> <span class='ocrx_word' id='word_1_90' title='bbox 406 1414 504 1477; x_wconf 82' lang='grc' dir='ltr'>τὰς</span> <span class='ocrx_word' id='word_1_91' title='bbox 551 1415 809 1485; x_wconf 87' lang='grc' dir='ltr'>δυνάμεις</span> <span class='ocrx_word' id='word_1_92' title='bbox 851 1416 960 1470; x_wconf 84' lang='grc' dir='ltr'><strong>τῶν</strong></span> <span class='ocrx_word' id='word_1_93' title='bbox 999 1427 1477 1492; x_wconf 78' lang='grc' dir='ltr'><strong>προσερχομένων,</strong></span> <span class='ocrx_word' id='word_1_94' title='bbox 1518 1425 1614 1476; x_wconf 82' lang='grc' dir='ltr'>καὶ</span> <span class='ocrx_word' id='word_1_95' title='bbox 1642 1427 1861 1496; x_wconf 82' lang='grc' dir='ltr'>ποιότη-</span> 
     </span>
    </p>
   </div>
   <div class='ocr_carea' id='block_1_16' title="bbox 273 1502 1861 1587">
    <p class='ocr_par' dir='ltr' id='par_1_16' title="bbox 273 1502 1861 1587">
     <span class='ocr_line' id='line_1_16' title="bbox 273 1502 1861 1587; baseline 0.011 -35"><span class='ocrx_word' id='word_1_96' title='bbox 273 1517 399 1564; x_wconf 81' lang='grc' dir='ltr'>τας,</span> <span class='ocrx_word' id='word_1_97' title='bbox 445 1502 650 1573; x_wconf 75' lang='grc' dir='ltr'>ὀφείλει</span> <span class='ocrx_word' id='word_1_98' title='bbox 704 1506 982 1587; x_wconf 84' lang='grc' dir='ltr'>ἀναλόγως</span> <span class='ocrx_word' id='word_1_99' title='bbox 1031 1512 1594 1584; x_wconf 74' lang='grc' dir='ltr'>μεταρρυθμίζεσθαι,</span> <span class='ocrx_word' id='word_1_100' title='bbox 1645 1518 1739 1570; x_wconf 76' lang='grc' dir='ltr'><strong>καὶ</strong></span> <span class='ocrx_word' id='word_1_101' title='bbox 1777 1517 1861 1586; x_wconf 89' lang='grc' dir='ltr'>γί-</span> 
     </span>
    </p>
   </div>
   <div class='ocr_carea' id='block_1_17' title="bbox 273 1590 1863 1674">
    <p class='ocr_par' dir='ltr' id='par_1_17' title="bbox 273 1590 1863 1674">
     <span class='ocr_line' id='line_1_17' title="bbox 273 1590 1863 1674; baseline 0.012 -33"><span class='ocrx_word' id='word_1_102' title='bbox 273 1590 470 1644; x_wconf 87' lang='grc' dir='ltr'>νεσθαι</span> <span class='ocrx_word' id='word_1_103' title='bbox 500 1596 614 1657; x_wconf 86' lang='grc' dir='ltr'>τοῖς</span> <span class='ocrx_word' id='word_1_104' title='bbox 646 1596 776 1647; x_wconf 83' lang='grc' dir='ltr'>πᾶσι</span> <span class='ocrx_word' id='word_1_105' title='bbox 804 1596 870 1649; x_wconf 76' lang='grc' dir='ltr'><strong>τὰ</strong></span> <span class='ocrx_word' id='word_1_106' title='bbox 912 1597 1110 1665; x_wconf 88' lang='grc' dir='ltr'>πάντα,</span> <span class='ocrx_word' id='word_1_107' title='bbox 1144 1601 1241 1654; x_wconf 85' lang='grc' dir='ltr'>νῦν</span> <span class='ocrx_word' id='word_1_108' title='bbox 1282 1603 1378 1673; x_wconf 85' lang='grc' dir='ltr'>μὲν</span> <span class='ocrx_word' id='word_1_109' title='bbox 1406 1604 1640 1674; x_wconf 76' lang='grc' dir='ltr'>ἐπέχων,</span> <span class='ocrx_word' id='word_1_110' title='bbox 1671 1606 1766 1660; x_wconf 82' lang='grc' dir='ltr'>νῦν</span> <span class='ocrx_word' id='word_1_111' title='bbox 1803 1609 1863 1668; x_wconf 70' lang='grc' dir='ltr'>δὲ</span> 
     </span>
    </p>
   </div>
   <div class='ocr_carea' id='block_1_18' title="bbox 273 1683 1858 1767">
    <p class='ocr_par' dir='ltr' id='par_1_18' title="bbox 273 1683 1858 1767">
     <span class='ocr_line' id='line_1_18' title="bbox 273 1683 1858 1767; baseline 0.011 -33"><span class='ocrx_word' id='word_1_112' title='bbox 273 1683 472 1747; x_wconf 89' lang='grc' dir='ltr'>ἀνιείς.</span> <span class='ocrx_word' id='word_1_113' title='bbox 516 1686 625 1737; x_wconf 78' lang='grc' dir='ltr'><strong>Καὶ</strong></span> <span class='ocrx_word' id='word_1_114' title='bbox 666 1685 760 1740; x_wconf 83' lang='grc' dir='ltr'>νῦν</span> <span class='ocrx_word' id='word_1_115' title='bbox 797 1689 895 1758; x_wconf 82' lang='grc' dir='ltr'>μὲν</span> <span class='ocrx_word' id='word_1_116' title='bbox 941 1692 1054 1754; x_wconf 78' lang='grc' dir='ltr'>τοῖς</span> <span class='ocrx_word' id='word_1_117' title='bbox 1102 1692 1524 1765; x_wconf 82' lang='grc' dir='ltr'>αύστηροτέροις</span> <span class='ocrx_word' id='word_1_118' title='bbox 1575 1697 1858 1767; x_wconf 81' lang='grc' dir='ltr'>χρώμενος</span> 
     </span>
    </p>
   </div>
   <div class='ocr_carea' id='block_1_19' title="bbox 274 1772 1860 1859">
    <p class='ocr_par' dir='ltr' id='par_1_19' title="bbox 274 1772 1860 1859">
     <span class='ocr_line' id='line_1_19' title="bbox 274 1772 1860 1859; baseline 0.011 -36"><span class='ocrx_word' id='word_1_119' title='bbox 274 1772 391 1824; x_wconf 82' lang='grc' dir='ltr'>τῶν</span> <span class='ocrx_word' id='word_1_120' title='bbox 422 1774 751 1843; x_wconf 76' lang='grc' dir='ltr'>φαρμάκων,</span> <span class='ocrx_word' id='word_1_121' title='bbox 784 1777 878 1830; x_wconf 80' lang='grc' dir='ltr'><strong>νῦν</strong></span> <span class='ocrx_word' id='word_1_122' title='bbox 903 1779 958 1831; x_wconf 77' lang='grc' dir='ltr'>δὲ</span> <span class='ocrx_word' id='word_1_123' title='bbox 1002 1780 1096 1834; x_wconf 76' lang='grc' dir='ltr'>καὶ</span> <span class='ocrx_word' id='word_1_124' title='bbox 1135 1781 1196 1834; x_wconf 77' lang='grc' dir='ltr'>τὸ</span> <span class='ocrx_word' id='word_1_125' title='bbox 1237 1782 1507 1850; x_wconf 78' lang='grc' dir='ltr'>γλυκάζον</span> <span class='ocrx_word' id='word_1_126' title='bbox 1550 1802 1860 1859; x_wconf 84' lang='grc' dir='ltr'>συγκεραν-</span> 
     </span>
    </p>
   </div>
   <div class='ocr_carea' id='block_1_20' title="bbox 1968 592 3543 664">
    <p class='ocr_par' dir='ltr' id='par_1_20' title="bbox 1968 592 3543 664">
     <span class='ocr_line' id='line_1_20' title="bbox 1968 592 3543 664; baseline 0.001 -19"><span class='ocrx_word' id='word_1_127' title='bbox 1968 592 2095 646; x_wconf 85' lang='lat' dir='ltr'><strong>huic</strong></span> <span class='ocrx_word' id='word_1_128' title='bbox 2158 592 2438 656; x_wconf 87' lang='lat' dir='ltr'><strong>idoneum,</strong></span> <span class='ocrx_word' id='word_1_129' title='bbox 2502 600 2561 647; x_wconf 94' lang='lat' dir='ltr'><strong>ut</strong></span> <span class='ocrx_word' id='word_1_130' title='bbox 2617 593 2908 664; x_wconf 84' lang='lat' dir='ltr'><strong>quisquam</strong></span> <span class='ocrx_word' id='word_1_131' title='bbox 2957 593 3097 646; x_wconf 89' lang='lat' dir='ltr'><strong>alius</strong></span> <span class='ocrx_word' id='word_1_132' title='bbox 3159 607 3280 649; x_wconf 88' lang='lat' dir='ltr'><strong>esse</strong></span> <span class='ocrx_word' id='word_1_133' title='bbox 3325 593 3543 662; x_wconf 88' lang='lat' dir='ltr'><strong>possit:</strong></span> 
     </span>
    </p>
   </div>
   <div class='ocr_carea' id='block_1_21' title="bbox 1967 682 3548 754">
    <p class='ocr_par' dir='ltr' id='par_1_21' title="bbox 1967 682 3548 754">
     <span class='ocr_line' id='line_1_21' title="bbox 1967 682 3548 754; baseline 0 -19"><span class='ocrx_word' id='word_1_134' title='bbox 1967 682 2135 737; x_wconf 90' lang='lat' dir='ltr'><strong>tradit</strong></span> <span class='ocrx_word' id='word_1_135' title='bbox 2158 691 2210 737; x_wconf 91' lang='lat' dir='ltr'><strong>et</strong></span> <span class='ocrx_word' id='word_1_136' title='bbox 2231 683 2506 753; x_wconf 83' lang='lat' dir='ltr'><strong>ipsadicto</strong></span> <span class='ocrx_word' id='word_1_137' title='bbox 2534 683 2715 739; x_wconf 80' lang='lat' dir='ltr'><strong>abbati</strong></span> <span class='ocrx_word' id='word_1_138' title='bbox 2735 683 3004 754; x_wconf 89' lang='lat' dir='ltr'><strong>ejusmodi</strong></span> <span class='ocrx_word' id='word_1_139' title='bbox 3038 683 3428 748; x_wconf 78' lang='lat' dir='ltr'><strong>ministerium,</strong></span> <span class='ocrx_word' id='word_1_140' title='bbox 3451 699 3548 752; x_wconf 87' lang='lat' dir='ltr'><strong>per</strong></span> 
     </span>
    </p>
   </div>
   <div class='ocr_carea' id='block_1_22' title="bbox 1968 775 3549 844">
    <p class='ocr_par' dir='ltr' id='par_1_22' title="bbox 1968 775 3549 844">
     <span class='ocr_line' id='line_1_22' title="bbox 1968 775 3549 844; baseline 0.001 -15"><span class='ocrx_word' id='word_1_141' title='bbox 1968 775 2070 829; x_wconf 87' lang='lat' dir='ltr'><strong>hoc</strong></span> <span class='ocrx_word' id='word_1_142' title='bbox 2096 790 2334 844; x_wconf 71' lang='lat' dir='ltr'><strong>praesens</strong></span> <span class='ocrx_word' id='word_1_143' title='bbox 2374 775 2687 830; x_wconf 85' lang='lat' dir='ltr'><strong>mandatum</strong></span> <span class='ocrx_word' id='word_1_144' title='bbox 2714 791 2873 830; x_wconf 90' lang='lat' dir='ltr'><strong>suum</strong></span> <span class='ocrx_word' id='word_1_145' title='bbox 2910 797 2920 831; x_wconf 93' lang='lat'>:</span> <span class='ocrx_word' id='word_1_146' title='bbox 2962 790 3072 844; x_wconf 89' lang='lat' dir='ltr'><strong>quo</strong></span> <span class='ocrx_word' id='word_1_147' title='bbox 3115 777 3277 830; x_wconf 88' lang='lat' dir='ltr'><strong>etiam</strong></span> <span class='ocrx_word' id='word_1_148' title='bbox 3310 783 3549 844; x_wconf 72' lang='lat' dir='ltr'><strong>potesta~</strong></span> 
     </span>
    </p>
   </div>
   <div class='ocr_carea' id='block_1_23' title="bbox 1969 865 3548 937">
    <p class='ocr_par' dir='ltr' id='par_1_23' title="bbox 1969 865 3548 937">
     <span class='ocr_line' id='line_1_23' title="bbox 1969 865 3548 937; baseline 0.001 -18"><span class='ocrx_word' id='word_1_149' title='bbox 1969 875 2076 920; x_wconf 91' lang='lat' dir='ltr'><strong>tem</strong></span> <span class='ocrx_word' id='word_1_150' title='bbox 2105 866 2206 936; x_wconf 86' lang='lat' dir='ltr'><strong>ipsi</strong></span> <span class='ocrx_word' id='word_1_151' title='bbox 2246 865 2377 921; x_wconf 78' lang='lat' dir='ltr'><strong>facit</strong></span> <span class='ocrx_word' id='word_1_152' title='bbox 2406 868 2754 922; x_wconf 82' lang='lat' dir='ltr'><strong>examinandi</strong></span> <span class='ocrx_word' id='word_1_153' title='bbox 2791 883 2909 934; x_wconf 90' lang='lat' dir='ltr'><strong>eos,</strong></span> <span class='ocrx_word' id='word_1_154' title='bbox 2939 868 3032 937; x_wconf 85' lang='lat' dir='ltr'><strong>qui</strong></span> <span class='ocrx_word' id='word_1_155' title='bbox 3069 869 3134 921; x_wconf 88' lang='lat' dir='ltr'><strong>ad</strong></span> <span class='ocrx_word' id='word_1_156' title='bbox 3169 868 3341 936; x_wconf 91' lang='lat' dir='ltr'><strong>ipsum</strong></span> <span class='ocrx_word' id='word_1_157' title='bbox 3388 882 3548 921; x_wconf 83' lang='lat' dir='ltr'><strong>acce-</strong></span> 
     </span>
    </p>
   </div>
   <div class='ocr_carea' id='block_1_24' title="bbox 1969 957 3548 1028">
    <p class='ocr_par' dir='ltr' id='par_1_24' title="bbox 1969 957 3548 1028">
     <span class='ocr_line' id='line_1_24' title="bbox 1969 957 3548 1028; baseline 0.003 -17"><span class='ocrx_word' id='word_1_158' title='bbox 1969 957 2126 1025; x_wconf 90' lang='lat' dir='ltr'><strong>dunt,</strong></span> <span class='ocrx_word' id='word_1_159' title='bbox 2164 967 2216 1013; x_wconf 92' lang='lat' dir='ltr'><strong>et</strong></span> <span class='ocrx_word' id='word_1_160' title='bbox 2239 959 2606 1028; x_wconf 79' lang='lat' dir='ltr'><strong>cogitationes</strong></span> <span class='ocrx_word' id='word_1_161' title='bbox 2653 960 2870 1014; x_wconf 89' lang='lat' dir='ltr'><strong>illorum</strong></span> <span class='ocrx_word' id='word_1_162' title='bbox 2912 961 2967 1014; x_wconf 92' lang='lat' dir='ltr'><strong>in</strong></span> <span class='ocrx_word' id='word_1_163' title='bbox 3004 960 3114 1014; x_wconf 91' lang='lat' dir='ltr'><strong>imo</strong></span> <span class='ocrx_word' id='word_1_164' title='bbox 3153 973 3375 1014; x_wconf 85' lang='lat' dir='ltr'><strong>recessu</strong></span> <span class='ocrx_word' id='word_1_165' title='bbox 3427 975 3548 1028; x_wconf 86' lang='lat' dir='ltr'><strong>per-</strong></span> 
     </span>
    </p>
   </div>
   <div class='ocr_carea' id='block_1_25' title="bbox 1971 1049 3545 1122">
    <p class='ocr_par' dir='ltr' id='par_1_25' title="bbox 1971 1049 3545 1122">
     <span class='ocr_line' id='line_1_25' title="bbox 1971 1049 3545 1122; baseline -0.003 -16"><span class='ocrx_word' id='word_1_166' title='bbox 1971 1050 2274 1115; x_wconf 88' lang='lat' dir='ltr'><strong>scrutandi,</strong></span> <span class='ocrx_word' id='word_1_167' title='bbox 2299 1059 2352 1106; x_wconf 89' lang='lat' dir='ltr'><strong>et</strong></span> <span class='ocrx_word' id='word_1_168' title='bbox 2379 1052 2624 1106; x_wconf 84' lang='lat' dir='ltr'><strong>actiones</strong></span> <span class='ocrx_word' id='word_1_169' title='bbox 2641 1053 3005 1122; x_wconf 75' lang='lat' dir='ltr'><strong>cognoscendi</strong></span> <span class='ocrx_word' id='word_1_170' title='bbox 3033 1069 3048 1118; x_wconf 88' lang='lat'><strong>;</strong></span> <span class='ocrx_word' id='word_1_171' title='bbox 3067 1059 3126 1105; x_wconf 90' lang='lat' dir='ltr'><strong>ut</strong></span> <span class='ocrx_word' id='word_1_172' title='bbox 3145 1060 3256 1105; x_wconf 86' lang='lat' dir='ltr'><strong>tum</strong></span> <span class='ocrx_word' id='word_1_173' title='bbox 3278 1049 3545 1122; x_wconf 79' lang='lat' dir='ltr'><strong>principia</strong></span> 
     </span>
    </p>
   </div>
   <div class='ocr_carea' id='block_1_26' title="bbox 1969 1143 3548 1216">
    <p class='ocr_par' dir='ltr' id='par_1_26' title="bbox 1969 1143 3548 1216">
     <span class='ocr_line' id='line_1_26' title="bbox 1969 1143 3548 1216; baseline -0.002 -18"><span class='ocrx_word' id='word_1_174' title='bbox 1969 1151 2022 1198; x_wconf 92' lang='lat' dir='ltr'><strong>et</strong></span> <span class='ocrx_word' id='word_1_175' title='bbox 2076 1159 2294 1209; x_wconf 85' lang='lat' dir='ltr'><strong>causas,</strong></span> <span class='ocrx_word' id='word_1_176' title='bbox 2355 1154 2622 1216; x_wconf 88' lang='lat' dir='ltr'><strong>quantum</strong></span> <span class='ocrx_word' id='word_1_177' title='bbox 2677 1145 2798 1215; x_wconf 87' lang='lat' dir='ltr'><strong>ejus</strong></span> <span class='ocrx_word' id='word_1_178' title='bbox 2858 1144 2975 1199; x_wconf 79' lang='lat' dir='ltr'><strong>fieri</strong></span> <span class='ocrx_word' id='word_1_179' title='bbox 3039 1145 3232 1212; x_wconf 83' lang='lat' dir='ltr'><strong>possit,</strong></span> <span class='ocrx_word' id='word_1_180' title='bbox 3296 1143 3548 1197; x_wconf 88' lang='lat' dir='ltr'><strong>inhibere</strong></span> 
     </span>
    </p>
   </div>
   <div class='ocr_carea' id='block_1_27' title="bbox 1968 1231 3548 1304">
    <p class='ocr_par' dir='ltr' id='par_1_27' title="bbox 1968 1231 3548 1304">
     <span class='ocr_line' id='line_1_27' title="bbox 1968 1231 3548 1304; baseline -0.002 -18"><span class='ocrx_word' id='word_1_181' title='bbox 1968 1232 2206 1299; x_wconf 85' lang='lat' dir='ltr'><strong>studeat,</strong></span> <span class='ocrx_word' id='word_1_182' title='bbox 2231 1247 2294 1288; x_wconf 90' lang='lat' dir='ltr'><strong>ac</strong></span> <span class='ocrx_word' id='word_1_183' title='bbox 2327 1250 2555 1304; x_wconf 85' lang='lat' dir='ltr'><strong>prorsus</strong></span> <span class='ocrx_word' id='word_1_184' title='bbox 2591 1248 2840 1289; x_wconf 82' lang='lat' dir='ltr'><strong>resecare</strong></span> <span class='ocrx_word' id='word_1_185' title='bbox 2878 1249 2893 1289; x_wconf 87' lang='lat'>:</span> <span class='ocrx_word' id='word_1_186' title='bbox 2946 1241 3060 1287; x_wconf 88' lang='lat' dir='ltr'><strong>tum</strong></span> <span class='ocrx_word' id='word_1_187' title='bbox 3095 1233 3228 1288; x_wconf 80' lang='lat' dir='ltr'><strong>lines</strong></span> <span class='ocrx_word' id='word_1_188' title='bbox 3263 1240 3316 1287; x_wconf 90' lang='lat' dir='ltr'><strong>et</strong></span> <span class='ocrx_word' id='word_1_189' title='bbox 3348 1231 3548 1286; x_wconf 68' lang='lat' dir='ltr'><strong>allecta</strong></span> 
     </span>
    </p>
   </div>
   <div class='ocr_carea' id='block_1_28' title="bbox 1963 1325 3550 1398">
    <p class='ocr_par' dir='ltr' id='par_1_28' title="bbox 1963 1325 3550 1398">
     <span class='ocr_line' id='line_1_28' title="bbox 1963 1325 3550 1398; baseline -0.003 -19"><span class='ocrx_word' id='word_1_190' title='bbox 1963 1325 2262 1381; x_wconf 86' lang='lat' dir='ltr'><strong>secundum</strong></span> <span class='ocrx_word' id='word_1_191' title='bbox 2291 1341 2529 1382; x_wconf 87' lang='lat' dir='ltr'><strong>canones</strong></span> <span class='ocrx_word' id='word_1_192' title='bbox 2569 1327 2827 1398; x_wconf 79' lang='lat' dir='ltr'><strong>corrigat.</strong></span> <span class='ocrx_word' id='word_1_193' title='bbox 2863 1325 2946 1380; x_wconf 84' lang='lat' dir='ltr'><strong>Ad</strong></span> <span class='ocrx_word' id='word_1_194' title='bbox 2993 1325 3213 1380; x_wconf 89' lang='lat' dir='ltr'><strong>habitus</strong></span> <span class='ocrx_word' id='word_1_195' title='bbox 3254 1334 3432 1378; x_wconf 90' lang='lat' dir='ltr'><strong>tamen</strong></span> <span class='ocrx_word' id='word_1_196' title='bbox 3493 1334 3550 1376; x_wconf 83' lang='lat' dir='ltr'><strong>et</strong></span> 
     </span>
    </p>
   </div>
   <div class='ocr_carea' id='block_1_29' title="bbox 1963 1416 3546 1486">
    <p class='ocr_par' dir='ltr' id='par_1_29' title="bbox 1963 1416 3546 1486">
     <span class='ocr_line' id='line_1_29' title="bbox 1963 1416 3546 1486; baseline -0.001 -17"><span class='ocrx_word' id='word_1_197' title='bbox 1963 1417 2387 1486; x_wconf 87' lang='lat' dir='ltr'><strong>dispositiones,</strong></span> <span class='ocrx_word' id='word_1_198' title='bbox 2429 1427 2483 1472; x_wconf 87' lang='lat' dir='ltr'><strong>et</strong></span> <span class='ocrx_word' id='word_1_199' title='bbox 2519 1419 2664 1475; x_wconf 90' lang='lat' dir='ltr'><strong>vires</strong></span> <span class='ocrx_word' id='word_1_200' title='bbox 2707 1418 3110 1482; x_wconf 84' lang='lat' dir='ltr'><strong>accedentium,</strong></span> <span class='ocrx_word' id='word_1_201' title='bbox 3142 1425 3196 1472; x_wconf 90' lang='lat' dir='ltr'><strong>et</strong></span> <span class='ocrx_word' id='word_1_202' title='bbox 3229 1416 3546 1486; x_wconf 87' lang='lat' dir='ltr'><strong>qualitates,</strong></span> 
     </span>
    </p>
   </div>
   <div class='ocr_carea' id='block_1_30' title="bbox 1965 1508 3548 1581">
    <p class='ocr_par' dir='ltr' id='par_1_30' title="bbox 1965 1508 3548 1581">
     <span class='ocr_line' id='line_1_30' title="bbox 1965 1508 3548 1581; baseline -0.002 -19"><span class='ocrx_word' id='word_1_203' title='bbox 1965 1511 2384 1564; x_wconf 88' lang='lat' dir='ltr'><strong>accommodare</strong></span> <span class='ocrx_word' id='word_1_204' title='bbox 2439 1527 2499 1566; x_wconf 90' lang='lat' dir='ltr'><strong>se</strong></span> <span class='ocrx_word' id='word_1_205' title='bbox 2549 1511 2762 1565; x_wconf 86' lang='lat' dir='ltr'><strong>ratione</strong></span> <span class='ocrx_word' id='word_1_206' title='bbox 2822 1511 3056 1581; x_wconf 88' lang='lat' dir='ltr'><strong>quadam</strong></span> <span class='ocrx_word' id='word_1_207' title='bbox 3114 1511 3304 1564; x_wconf 85' lang='lat' dir='ltr'><strong>harum</strong></span> <span class='ocrx_word' id='word_1_208' title='bbox 3365 1508 3548 1561; x_wconf 88' lang='lat' dir='ltr'><strong>habita</strong></span> 
     </span>
    </p>
   </div>
   <div class='ocr_carea' id='block_1_31' title="bbox 1963 1598 3546 1669">
    <p class='ocr_par' dir='ltr' id='par_1_31' title="bbox 1963 1598 3546 1669">
     <span class='ocr_line' id='line_1_31' title="bbox 1963 1598 3546 1669; baseline -0.002 -15"><span class='ocrx_word' id='word_1_209' title='bbox 1963 1599 2144 1664; x_wconf 80' lang='lat' dir='ltr'><strong>debet,</strong></span> <span class='ocrx_word' id='word_1_210' title='bbox 2175 1609 2336 1669; x_wconf 87' lang='lat' dir='ltr'><strong>atque</strong></span> <span class='ocrx_word' id='word_1_211' title='bbox 2377 1601 2631 1656; x_wconf 90' lang='lat' dir='ltr'><strong>omnibus</strong></span> <span class='ocrx_word' id='word_1_212' title='bbox 2659 1602 2840 1655; x_wconf 88' lang='lat' dir='ltr'><strong>omnia</strong></span> <span class='ocrx_word' id='word_1_213' title='bbox 2873 1601 2986 1654; x_wconf 83' lang='lat' dir='ltr'><strong>ﬁeri</strong></span> <span class='ocrx_word' id='word_1_214' title='bbox 3019 1619 3032 1655; x_wconf 90' lang='lat'><strong>:</strong></span> <span class='ocrx_word' id='word_1_215' title='bbox 3082 1615 3226 1654; x_wconf 92' lang='lat' dir='ltr'><strong>nunc</strong></span> <span class='ocrx_word' id='word_1_216' title='bbox 3269 1598 3546 1660; x_wconf 86' lang='lat' dir='ltr'><strong>inhibens,</strong></span> 
     </span>
    </p>
   </div>
   <div class='ocr_carea' id='block_1_32' title="bbox 1963 1691 3546 1751">
    <p class='ocr_par' dir='ltr' id='par_1_32' title="bbox 1963 1691 3546 1751">
     <span class='ocr_line' id='line_1_32' title="bbox 1963 1691 3546 1751; baseline -0.003 -5"><span class='ocrx_word' id='word_1_217' title='bbox 1963 1708 2111 1746; x_wconf 89' lang='lat' dir='ltr'><strong>nunc</strong></span> <span class='ocrx_word' id='word_1_218' title='bbox 2139 1694 2457 1748; x_wconf 85' lang='lat' dir='ltr'><strong>remittens:</strong></span> <span class='ocrx_word' id='word_1_219' title='bbox 2490 1708 2634 1746; x_wconf 91' lang='lat' dir='ltr'><strong>nunc</strong></span> <span class='ocrx_word' id='word_1_220' title='bbox 2657 1695 3054 1748; x_wconf 86' lang='lat' dir='ltr'><strong>austerioribus</strong></span> <span class='ocrx_word' id='word_1_221' title='bbox 3083 1700 3242 1746; x_wconf 89' lang='lat' dir='ltr'><strong>utens</strong></span> <span class='ocrx_word' id='word_1_222' title='bbox 3271 1691 3546 1751; x_wconf 89' lang='lat' dir='ltr'><strong>remediis,</strong></span> 
     </span>
    </p>
   </div>
   <div class='ocr_carea' id='block_1_33' title="bbox 1968 1783 3547 1854">
    <p class='ocr_par' dir='ltr' id='par_1_33' title="bbox 1968 1783 3547 1854">
     <span class='ocr_line' id='line_1_33' title="bbox 1968 1783 3547 1854; baseline -0.002 -16"><span class='ocrx_word' id='word_1_223' title='bbox 1968 1801 2114 1840; x_wconf 93' lang='lat' dir='ltr'><strong>nunc</strong></span> <span class='ocrx_word' id='word_1_224' title='bbox 2151 1785 2388 1854; x_wconf 75' lang='lat' dir='ltr'><strong>aliquam</strong></span> <span class='ocrx_word' id='word_1_225' title='bbox 2417 1785 2761 1840; x_wconf 84' lang='lat' dir='ltr'><strong>dulcedinem</strong></span> <span class='ocrx_word' id='word_1_226' title='bbox 2787 1787 3099 1840; x_wconf 83' lang='lat' dir='ltr'><strong>admiscens</strong></span> <span class='ocrx_word' id='word_1_227' title='bbox 3129 1802 3142 1838; x_wconf 89' lang='lat'>:</span> <span class='ocrx_word' id='word_1_228' title='bbox 3175 1785 3313 1838; x_wconf 88' lang='lat' dir='ltr'><strong>alias</strong></span> <span class='ocrx_word' id='word_1_229' title='bbox 3353 1783 3547 1837; x_wconf 88' lang='lat' dir='ltr'><strong>redar-</strong></span> 
     </span>
    </p>
   </div>
   <div class='ocr_carea' id='block_1_34' title="bbox 277 1855 1857 1948">
    <p class='ocr_par' dir='ltr' id='par_1_34' title="bbox 277 1855 1857 1944">
     <span class='ocr_line' id='line_1_34' title="bbox 277 1855 1857 1944; baseline 0.012 -28"><span class='ocrx_word' id='word_1_230' title='bbox 277 1866 402 1929; x_wconf 82' lang='grc' dir='ltr'>νύς.</span> <span class='ocrx_word' id='word_1_231' title='bbox 438 1867 662 1921; x_wconf 81' lang='grc' dir='ltr'>Ἀλλοτε</span> <span class='ocrx_word' id='word_1_232' title='bbox 695 1869 960 1940; x_wconf 75' lang='grc' dir='ltr'>ἐλέγχων,</span> <span class='ocrx_word' id='word_1_233' title='bbox 1002 1873 1292 1944; x_wconf 75' lang='grc' dir='ltr'>ἐπιτιμῶν·</span> <span class='ocrx_word' id='word_1_234' title='bbox 1327 1875 1512 1929; x_wconf 84' lang='grc' dir='ltr'>ἄλλοτε</span> <span class='ocrx_word' id='word_1_235' title='bbox 1561 1855 1857 1935; x_wconf 30' lang='grc' dir='ltr'>πάλιν-πα-</span> 
     </span>
    </p>
   </div>
   <div class='ocr_carea' id='block_1_35' title="bbox 1966 1855 3551 1948">
    <p class='ocr_par' dir='ltr' id='par_1_35' title="bbox 1967 1875 3551 1948">
     <span class='ocr_line' id='line_1_35' title="bbox 1967 1875 3551 1948; baseline -0.003 -16"><span class='ocrx_word' id='word_1_236' title='bbox 1967 1893 2159 1946; x_wconf 81' lang='lat' dir='ltr'><strong>guens,</strong></span> <span class='ocrx_word' id='word_1_237' title='bbox 2189 1879 2480 1948; x_wconf 88' lang='lat' dir='ltr'><strong>increpans</strong></span> <span class='ocrx_word' id='word_1_238' title='bbox 2522 1897 2537 1946; x_wconf 89' lang='lat'><strong>;</strong></span> <span class='ocrx_word' id='word_1_239' title='bbox 2580 1880 2717 1933; x_wconf 88' lang='lat' dir='ltr'><strong>alias</strong></span> <span class='ocrx_word' id='word_1_240' title='bbox 2750 1894 2971 1934; x_wconf 86' lang='lat' dir='ltr'><strong>rursum</strong></span> <span class='ocrx_word' id='word_1_241' title='bbox 3007 1878 3326 1942; x_wconf 87' lang='lat' dir='ltr'><strong>obsecrans,</strong></span> <span class='ocrx_word' id='word_1_242' title='bbox 3363 1875 3551 1930; x_wconf 86' lang='lat' dir='ltr'><strong>admo-</strong></span> 
     </span>
    </p>
   </div>
   <div class='ocr_carea' id='block_1_36' title="bbox 279 1958 1862 2041">
    <p class='ocr_par' dir='ltr' id='par_1_36' title="bbox 279 1958 1862 2041">
     <span class='ocr_line' id='line_1_36' title="bbox 279 1958 1862 2041; baseline 0.011 -32"><span class='ocrx_word' id='word_1_243' title='bbox 279 1958 559 2027; x_wconf 85' lang='grc' dir='ltr'>ρακαλῶν,</span> <span class='ocrx_word' id='word_1_244' title='bbox 587 1961 876 2015; x_wconf 85' lang='grc' dir='ltr'>νουθετῶν·</span> <span class='ocrx_word' id='word_1_245' title='bbox 901 1964 995 2016; x_wconf 75' lang='grc' dir='ltr'>καὶ</span> <span class='ocrx_word' id='word_1_246' title='bbox 1043 1965 1208 2018; x_wconf 67' lang='grc' dir='ltr'>παντὶ</span> <span class='ocrx_word' id='word_1_247' title='bbox 1241 1967 1428 2038; x_wconf 83' lang='grc' dir='ltr'>τρόπῳ</span> <span class='ocrx_word' id='word_1_248' title='bbox 1460 1969 1529 2021; x_wconf 79' lang='grc' dir='ltr'>τὰ</span> <span class='ocrx_word' id='word_1_249' title='bbox 1573 1970 1711 2041; x_wconf 78' lang='grc' dir='ltr'>πρὸς</span> <span class='ocrx_word' id='word_1_250' title='bbox 1755 1990 1862 2026; x_wconf 83' lang='grc' dir='ltr'>σω-</span> 
     </span>
    </p>
   </div>
   <div class='ocr_carea' id='block_1_37' title="bbox 274 2054 1864 2135">
    <p class='ocr_par' dir='ltr' id='par_1_37' title="bbox 274 2054 1864 2135">
     <span class='ocr_line' id='line_1_37' title="bbox 274 2054 1864 2135; baseline 0.011 -33"><span class='ocrx_word' id='word_1_251' title='bbox 274 2055 480 2124; x_wconf 77' lang='grc' dir='ltr'>τηρίαν</span> <span class='ocrx_word' id='word_1_252' title='bbox 510 2054 618 2107; x_wconf 85' lang='grc' dir='ltr'>τῶν</span> <span class='ocrx_word' id='word_1_253' title='bbox 680 2057 1054 2126; x_wconf 83' lang='grc' dir='ltr'>ἀνακειμένων</span> <span class='ocrx_word' id='word_1_254' title='bbox 1093 2059 1243 2129; x_wconf 79' lang='grc' dir='ltr'>αὐτῷ</span> <span class='ocrx_word' id='word_1_255' title='bbox 1278 2059 1467 2130; x_wconf 79' lang='grc' dir='ltr'>ψυχῶν</span> <span class='ocrx_word' id='word_1_256' title='bbox 1505 2063 1864 2135; x_wconf 76' lang='grc' dir='ltr'>διοικονομούο</span> 
     </span>
    </p>
   </div>
   <div class='ocr_carea' id='block_1_38' title="bbox 280 2145 1858 2222">
    <p class='ocr_par' dir='ltr' id='par_1_38' title="bbox 280 2145 1858 2222">
     <span class='ocr_line' id='line_1_38' title="bbox 280 2145 1858 2222; baseline 0.01 -26"><span class='ocrx_word' id='word_1_257' title='bbox 280 2161 466 2212; x_wconf 87' lang='grc' dir='ltr'>μενος.</span> <span class='ocrx_word' id='word_1_258' title='bbox 495 2145 594 2200; x_wconf 85' lang='grc' dir='ltr'>Διά</span> <span class='ocrx_word' id='word_1_259' title='bbox 620 2147 731 2218; x_wconf 73' lang='grc' dir='ltr'><strong>γὰρ</strong></span> <span class='ocrx_word' id='word_1_260' title='bbox 759 2147 915 2200; x_wconf 80' lang='grc' dir='ltr'>τοῦτο</span> <span class='ocrx_word' id='word_1_261' title='bbox 947 2149 1040 2202; x_wconf 70' lang='grc' dir='ltr'>καὶ</span> <span class='ocrx_word' id='word_1_262' title='bbox 1062 2151 1211 2219; x_wconf 80' lang='grc' dir='ltr'>δὴσει</span> <span class='ocrx_word' id='word_1_263' title='bbox 1256 2153 1355 2222; x_wconf 83' lang='grc' dir='ltr'>μὲν</span> <span class='ocrx_word' id='word_1_264' title='bbox 1399 2157 1455 2206; x_wconf 79' lang='grc' dir='ltr'>ἐν</span> <span class='ocrx_word' id='word_1_265' title='bbox 1483 2159 1595 2218; x_wconf 77' lang='grc' dir='ltr'>τοῖς</span> <span class='ocrx_word' id='word_1_266' title='bbox 1632 2158 1723 2209; x_wconf 82' lang='grc' dir='ltr'><strong>ὑπ’</strong></span> <span class='ocrx_word' id='word_1_267' title='bbox 1761 2161 1858 2212; x_wconf 64' lang='lat'><strong>.10-</strong></span> 
     </span>
    </p>
   </div>
   <div class='ocr_carea' id='block_1_39' title="bbox 277 2233 1862 2312">
    <p class='ocr_par' dir='ltr' id='par_1_39' title="bbox 277 2233 1862 2312">
     <span class='ocr_line' id='line_1_39' title="bbox 277 2233 1862 2312; baseline 0.012 -29"><span class='ocrx_word' id='word_1_268' title='bbox 277 2233 372 2285; x_wconf 82' lang='grc' dir='ltr'>τὸν</span> <span class='ocrx_word' id='word_1_269' title='bbox 419 2233 454 2286; x_wconf 76' lang='grc' dir='ltr'><strong>ἃ</strong></span> <span class='ocrx_word' id='word_1_270' title='bbox 496 2234 736 2304; x_wconf 81' lang='grc' dir='ltr'>δεθῆναι,</span> <span class='ocrx_word' id='word_1_271' title='bbox 775 2237 926 2290; x_wconf 80' lang='grc' dir='ltr'>λύσει</span> <span class='ocrx_word' id='word_1_272' title='bbox 973 2239 1030 2292; x_wconf 84' lang='grc' dir='ltr'>δὲ</span> <span class='ocrx_word' id='word_1_273' title='bbox 1059 2236 1212 2303; x_wconf 78' lang='grc' dir='ltr'>αὖθις</span> <span class='ocrx_word' id='word_1_274' title='bbox 1245 2242 1312 2295; x_wconf 77' lang='grc' dir='ltr'>τὰ</span> <span class='ocrx_word' id='word_1_275' title='bbox 1345 2243 1555 2309; x_wconf 77' lang='grc' dir='ltr'>λύσεως</span> <span class='ocrx_word' id='word_1_276' title='bbox 1587 2246 1730 2312; x_wconf 83' lang='grc' dir='ltr'>ἄξια·</span> <span class='ocrx_word' id='word_1_277' title='bbox 1769 2251 1862 2302; x_wconf 74' lang='grc' dir='ltr'>καὶ</span> 
     </span>
    </p>
   </div>
   <div class='ocr_carea' id='block_1_40' title="bbox 279 2319 1861 2404">
    <p class='ocr_par' dir='ltr' id='par_1_40' title="bbox 279 2319 1861 2404">
     <span class='ocr_line' id='line_1_40' title="bbox 279 2319 1861 2404; baseline 0.015 -37"><span class='ocrx_word' id='word_1_278' title='bbox 279 2319 409 2381; x_wconf 78' lang='grc' dir='ltr'>τοὺς</span> <span class='ocrx_word' id='word_1_279' title='bbox 441 2319 534 2373; x_wconf 78' lang='grc' dir='ltr'>τοῦ</span> <span class='ocrx_word' id='word_1_280' title='bbox 569 2322 690 2391; x_wconf 74' lang='grc' dir='ltr'>τῇδε</span> <span class='ocrx_word' id='word_1_281' title='bbox 742 2324 860 2394; x_wconf 88' lang='grc' dir='ltr'>βίου</span> <span class='ocrx_word' id='word_1_282' title='bbox 908 2327 1337 2398; x_wconf 82' lang='grc' dir='ltr'>μεθισταμένους</span> <span class='ocrx_word' id='word_1_283' title='bbox 1371 2333 1466 2386; x_wconf 84' lang='grc' dir='ltr'>σὺν</span> <span class='ocrx_word' id='word_1_284' title='bbox 1516 2335 1709 2404; x_wconf 71' lang='grc' dir='ltr'>ἀφέσει</span> <span class='ocrx_word' id='word_1_285' title='bbox 1752 2338 1861 2392; x_wconf 82' lang='grc' dir='ltr'>τῶν</span> 
     </span>
    </p>
   </div>
   <div class='ocr_carea' id='block_1_41' title="bbox 279 2409 1858 2498">
    <p class='ocr_par' dir='ltr' id='par_1_41' title="bbox 279 2409 1858 2498">
     <span class='ocr_line' id='line_1_41' title="bbox 279 2409 1858 2498; baseline 0.014 -39"><span class='ocrx_word' id='word_1_286' title='bbox 279 2409 668 2478; x_wconf 83' lang='grc' dir='ltr'>ὲπταισμένων</span> <span class='ocrx_word' id='word_1_287' title='bbox 709 2416 790 2475; x_wconf 84' lang='grc' dir='ltr'><strong>εἰς</strong></span> <span class='ocrx_word' id='word_1_288' title='bbox 835 2416 902 2468; x_wconf 80' lang='grc' dir='ltr'>τὰ</span> <span class='ocrx_word' id='word_1_289' title='bbox 945 2418 1126 2470; x_wconf 81' lang='grc' dir='ltr'>ἐκεῖσε</span> <span class='ocrx_word' id='word_1_290' title='bbox 1164 2423 1522 2492; x_wconf 72' lang='grc' dir='ltr'>παραπέμψει</span> <span class='ocrx_word' id='word_1_291' title='bbox 1568 2427 1858 2498; x_wconf 67' lang='grc' dir='ltr'>δικαιωτή-</span> 
     </span>
    </p>
   </div>
   <div class='ocr_carea' id='block_1_42' title="bbox 283 2503 1860 2585">
    <p class='ocr_par' dir='ltr' id='par_1_42' title="bbox 283 2503 1860 2585">
     <span class='ocr_line' id='line_1_42' title="bbox 283 2503 1860 2585; baseline 0.013 -32"><span class='ocrx_word' id='word_1_292' title='bbox 283 2518 397 2570; x_wconf 85' lang='grc' dir='ltr'>ρια.</span> <span class='ocrx_word' id='word_1_293' title='bbox 444 2503 828 2575; x_wconf 86' lang='grc' dir='ltr'>Ἐκχωροῦμεν</span> <span class='ocrx_word' id='word_1_294' title='bbox 883 2508 940 2562; x_wconf 86' lang='grc' dir='ltr'>δὲ</span> <span class='ocrx_word' id='word_1_295' title='bbox 999 2509 1174 2581; x_wconf 84' lang='grc' dir='ltr'>τούτῳ</span> <span class='ocrx_word' id='word_1_296' title='bbox 1230 2514 1545 2584; x_wconf 72' lang='grc' dir='ltr'>ἀποκείρειν</span> <span class='ocrx_word' id='word_1_297' title='bbox 1595 2520 1688 2571; x_wconf 73' lang='grc' dir='ltr'>καὶ</span> <span class='ocrx_word' id='word_1_298' title='bbox 1733 2521 1860 2585; x_wconf 73' lang='grc' dir='ltr'>τοὺς</span> 
     </span>
    </p>
   </div>
   <div class='ocr_carea' id='block_1_43' title="bbox 277 2597 1858 2678">
    <p class='ocr_par' dir='ltr' id='par_1_43' title="bbox 277 2597 1858 2678">
     <span class='ocr_line' id='line_1_43' title="bbox 277 2597 1858 2678; baseline 0.013 -30"><span class='ocrx_word' id='word_1_299' title='bbox 277 2597 442 2649; x_wconf 79' lang='grc' dir='ltr'>τοῦτο</span> <span class='ocrx_word' id='word_1_300' title='bbox 480 2600 849 2668; x_wconf 76' lang='grc' dir='ltr'>αἱρουμένους</span> <span class='ocrx_word' id='word_1_301' title='bbox 901 2604 958 2656; x_wconf 80' lang='grc' dir='ltr'>ὲν</span> <span class='ocrx_word' id='word_1_302' title='bbox 1002 2608 1067 2676; x_wconf 79' lang='grc' dir='ltr'>τῇ</span> <span class='ocrx_word' id='word_1_303' title='bbox 1100 2608 1210 2678; x_wconf 72' lang='grc' dir='ltr'>ζωῇ</span> <span class='ocrx_word' id='word_1_304' title='bbox 1243 2608 1441 2672; x_wconf 84' lang='grc' dir='ltr'>αὐτῶν,</span> <span class='ocrx_word' id='word_1_305' title='bbox 1497 2611 1607 2664; x_wconf 80' lang='grc' dir='ltr'>εἴτε</span> <span class='ocrx_word' id='word_1_306' title='bbox 1652 2616 1745 2666; x_wconf 73' lang='grc' dir='ltr'>καὶ</span> <span class='ocrx_word' id='word_1_307' title='bbox 1801 2617 1858 2668; x_wconf 83' lang='grc' dir='ltr'>ἐν</span> 
     </span>
    </p>
   </div>
   <div class='ocr_carea' id='block_1_44' title="bbox 277 2689 1853 2777">
    <p class='ocr_par' dir='ltr' id='par_1_44' title="bbox 277 2689 1853 2777">
     <span class='ocr_line' id='line_1_44' title="bbox 277 2689 1853 2777; baseline 0.015 -40"><span class='ocrx_word' id='word_1_308' title='bbox 277 2689 398 2752; x_wconf 86' lang='grc' dir='ltr'>ταῖς</span> <span class='ocrx_word' id='word_1_309' title='bbox 423 2691 762 2756; x_wconf 79' lang='grc' dir='ltr'>τελευταίαις</span> <span class='ocrx_word' id='word_1_310' title='bbox 789 2693 1109 2760; x_wconf 80' lang='grc' dir='ltr'>ἀναπνοαῖς·</span> <span class='ocrx_word' id='word_1_311' title='bbox 1140 2700 1280 2766; x_wconf 72' lang='grc' dir='ltr'>μετὰ</span> <span class='ocrx_word' id='word_1_312' title='bbox 1317 2705 1698 2776; x_wconf 81' lang='grc' dir='ltr'>συντηρήσεως</span> <span class='ocrx_word' id='word_1_313' title='bbox 1729 2709 1853 2777; x_wconf 69' lang='grc' dir='ltr'>μέν.</span> 
     </span>
    </p>
   </div>
   <div class='ocr_carea' id='block_1_45' title="bbox 277 2789 1857 2866">
    <p class='ocr_par' dir='ltr' id='par_1_45' title="bbox 277 2789 1857 2866">
     <span class='ocr_line' id='line_1_45' title="bbox 277 2789 1857 2866; baseline 0.015 -36"><span class='ocrx_word' id='word_1_314' title='bbox 277 2796 360 2832; x_wconf 89' lang='grc' dir='ltr'><strong>τοι</strong></span> <span class='ocrx_word' id='word_1_315' title='bbox 410 2789 518 2834; x_wconf 82' lang='grc' dir='ltr'><strong>των</strong></span> <span class='ocrx_word' id='word_1_316' title='bbox 567 2789 1051 2855; x_wconf 86' lang='grc' dir='ltr'>παρατηρημάτων</span> <span class='ocrx_word' id='word_1_317' title='bbox 1098 2790 1191 2842; x_wconf 85' lang='grc' dir='ltr'>τοῦ</span> <span class='ocrx_word' id='word_1_318' title='bbox 1229 2795 1528 2863; x_wconf 84' lang='grc' dir='ltr'>μοναχικοῧ</span> <span class='ocrx_word' id='word_1_319' title='bbox 1583 2797 1857 2866; x_wconf 77' lang='grc' dir='ltr'>ἐπαγγέλ-</span> 
     </span>
    </p>
   </div>
   <div class='ocr_carea' id='block_1_46' title="bbox 282 2875 1856 2957">
    <p class='ocr_par' dir='ltr' id='par_1_46' title="bbox 282 2875 1856 2957">
     <span class='ocr_line' id='line_1_46' title="bbox 282 2875 1856 2957; baseline 0.015 -35"><span class='ocrx_word' id='word_1_320' title='bbox 282 2888 474 2939; x_wconf 81' lang='grc' dir='ltr'>ματος,</span> <span class='ocrx_word' id='word_1_321' title='bbox 503 2875 598 2943; x_wconf 83' lang='grc' dir='ltr'>τῆς</span> <span class='ocrx_word' id='word_1_322' title='bbox 629 2892 684 2928; x_wconf 86' lang='grc' dir='ltr'><strong>τε</strong></span> <span class='ocrx_word' id='word_1_323' title='bbox 715 2877 914 2948; x_wconf 80' lang='grc' dir='ltr'>δηλαδὴ</span> <span class='ocrx_word' id='word_1_324' title='bbox 960 2880 1208 2950; x_wconf 77' lang='grc' dir='ltr'>καθαρᾶς</span> <span class='ocrx_word' id='word_1_325' title='bbox 1248 2883 1707 2957; x_wconf 77' lang='grc' dir='ltr'>ἐξομολογήσεως,</span> <span class='ocrx_word' id='word_1_326' title='bbox 1745 2892 1856 2945; x_wconf 81' lang='grc' dir='ltr'>τῶν</span> 
     </span>
    </p>
   </div>
   <div class='ocr_carea' id='block_1_47' title="bbox 281 2965 1857 3048">
    <p class='ocr_par' dir='ltr' id='par_1_47' title="bbox 281 2965 1857 3048">
     <span class='ocr_line' id='line_1_47' title="bbox 281 2965 1857 3048; baseline 0.012 -32"><span class='ocrx_word' id='word_1_327' title='bbox 281 2965 575 3034; x_wconf 86' lang='grc' dir='ltr'>ἀποταγῶν</span> <span class='ocrx_word' id='word_1_328' title='bbox 637 2985 732 3036; x_wconf 81' lang='grc' dir='ltr'><strong>τε,</strong></span> <span class='ocrx_word' id='word_1_329' title='bbox 788 2971 880 3023; x_wconf 87' lang='grc' dir='ltr'><strong>καί</strong></span> <span class='ocrx_word' id='word_1_330' title='bbox 937 2973 1258 3042; x_wconf 84' lang='grc' dir='ltr'>συνταγῶν,</span> <span class='ocrx_word' id='word_1_331' title='bbox 1323 2979 1414 3028; x_wconf 82' lang='grc' dir='ltr'>καὶ</span> <span class='ocrx_word' id='word_1_332' title='bbox 1449 2978 1546 3048; x_wconf 76' lang='grc' dir='ltr'>τῆς</span> <span class='ocrx_word' id='word_1_333' title='bbox 1588 2981 1726 3048; x_wconf 82' lang='grc' dir='ltr'>πρὸς</span> <span class='ocrx_word' id='word_1_334' title='bbox 1765 2983 1857 3037; x_wconf 76' lang='grc' dir='ltr'>τὸν</span> 
     </span>
    </p>
   </div>
   <div class='ocr_carea' id='block_1_48' title="bbox 278 3057 1855 3140">
    <p class='ocr_par' dir='ltr' id='par_1_48' title="bbox 278 3057 1855 3140">
     <span class='ocr_line' id='line_1_48' title="bbox 278 3057 1855 3140; baseline 0.013 -32"><span class='ocrx_word' id='word_1_335' title='bbox 278 3057 543 3129; x_wconf 81' lang='grc' dir='ltr'>ἀνάδοχον</span> <span class='ocrx_word' id='word_1_336' title='bbox 602 3063 1075 3134; x_wconf 82' lang='grc' dir='ltr'>παρακαταθήκης</span> <span class='ocrx_word' id='word_1_337' title='bbox 1118 3067 1213 3120; x_wconf 82' lang='grc' dir='ltr'>τοῦ</span> <span class='ocrx_word' id='word_1_338' title='bbox 1263 3070 1717 3140; x_wconf 73' lang='grc' dir='ltr'>ἁποκειρομένου.</span> <span class='ocrx_word' id='word_1_339' title='bbox 1747 3076 1855 3128; x_wconf 79' lang='grc' dir='ltr'><strong>Καὶ</strong></span> 
     </span>
    </p>
   </div>
   <div class='ocr_carea' id='block_1_49' title="bbox 277 3150 1857 3237">
    <p class='ocr_par' dir='ltr' id='par_1_49' title="bbox 277 3150 1857 3237">
     <span class='ocr_line' id='line_1_49' title="bbox 277 3150 1857 3237; baseline 0.011 -34"><span class='ocrx_word' id='word_1_340' title='bbox 277 3150 461 3206; x_wconf 78' lang='grc' dir='ltr'>τοίνυν</span> <span class='ocrx_word' id='word_1_341' title='bbox 513 3154 809 3224; x_wconf 81' lang='grc' dir='ltr'>προσέσται</span> <span class='ocrx_word' id='word_1_342' title='bbox 840 3156 918 3226; x_wconf 82' lang='grc' dir='ltr'>τῷ</span> <span class='ocrx_word' id='word_1_343' title='bbox 952 3157 1298 3228; x_wconf 83' lang='grc' dir='ltr'>διαληφθέντι</span> <span class='ocrx_word' id='word_1_344' title='bbox 1331 3160 1727 3237; x_wconf 78' lang='grc' dir='ltr'>καθηγουμένῳ</span> <span class='ocrx_word' id='word_1_345' title='bbox 1761 3171 1857 3220; x_wconf 86' lang='grc' dir='ltr'><strong>Δο-</strong></span> 
     </span>
    </p>
   </div>
   <div class='ocr_carea' id='block_1_50' title="bbox 280 3241 1860 3328">
    <p class='ocr_par' dir='ltr' id='par_1_50' title="bbox 280 3241 1860 3328">
     <span class='ocr_line' id='line_1_50' title="bbox 280 3241 1860 3328; baseline 0.011 -35"><span class='ocrx_word' id='word_1_346' title='bbox 280 3241 450 3312; x_wconf 83' lang='grc' dir='ltr'>σιθέῳ</span> <span class='ocrx_word' id='word_1_347' title='bbox 487 3242 546 3296; x_wconf 82' lang='grc' dir='ltr'>τὸ</span> <span class='ocrx_word' id='word_1_348' title='bbox 579 3243 753 3315; x_wconf 77' lang='grc' dir='ltr'>παρὸν</span> <span class='ocrx_word' id='word_1_349' title='bbox 789 3246 1136 3318; x_wconf 82' lang='grc' dir='ltr'>ἐνταλτήριον</span> <span class='ocrx_word' id='word_1_350' title='bbox 1164 3249 1400 3322; x_wconf 86' lang='grc' dir='ltr'>γράμμα</span> <span class='ocrx_word' id='word_1_351' title='bbox 1435 3252 1534 3322; x_wconf 78' lang='grc' dir='ltr'>τῆς</span> <span class='ocrx_word' id='word_1_352' title='bbox 1567 3255 1726 3324; x_wconf 68' lang='grc' dir='ltr'>ἡμῶν</span> <span class='ocrx_word' id='word_1_353' title='bbox 1765 3275 1860 3328; x_wconf 87' lang='grc' dir='ltr'>με-</span> 
     </span>
    </p>
   </div>
   <div class='ocr_carea' id='block_1_51' title="bbox 278 3333 1042 3406">
    <p class='ocr_par' dir='ltr' id='par_1_51' title="bbox 278 3333 1042 3406">
     <span class='ocr_line' id='line_1_51' title="bbox 278 3333 1042 3406; baseline 0.012 -22"><span class='ocrx_word' id='word_1_354' title='bbox 278 3333 567 3404; x_wconf 79' lang='grc' dir='ltr'>τριότητος</span> <span class='ocrx_word' id='word_1_355' title='bbox 614 3336 692 3398; x_wconf 83' lang='grc' dir='ltr'><strong>είς</strong></span> <span class='ocrx_word' id='word_1_356' title='bbox 721 3336 1042 3406; x_wconf 84' lang='grc' dir='ltr'>ἀσφάλειαν.</span> 
     </span>
    </p>
   </div>
   <div class='ocr_carea' id='block_1_52' title="bbox 465 3451 1681 3529">
    <p class='ocr_par' dir='ltr' id='par_1_52' title="bbox 465 3451 1681 3529">
     <span class='ocr_line' id='line_1_52' title="bbox 465 3451 1681 3529; baseline 0.01 -25"><span class='ocrx_word' id='word_1_357' title='bbox 465 3451 772 3520; x_wconf 82' lang='grc' dir='ltr'>Ἕνταλμα</span> <span class='ocrx_word' id='word_1_358' title='bbox 797 3452 1114 3522; x_wconf 78' lang='grc' dir='ltr'>διδόμενον</span> <span class='ocrx_word' id='word_1_359' title='bbox 1159 3455 1284 3523; x_wconf 83' lang='grc' dir='ltr'>τοῖς</span> <span class='ocrx_word' id='word_1_360' title='bbox 1310 3459 1681 3529; x_wconf 76' lang='grc' dir='ltr'>ἡγουμενοις.</span> 
     </span>
    </p>
   </div>
   <div class='ocr_carea' id='block_1_53' title="bbox 364 3566 1860 3652">
    <p class='ocr_par' dir='ltr' id='par_1_53' title="bbox 364 3566 1860 3652">
     <span class='ocr_line' id='line_1_53' title="bbox 364 3566 1860 3652; baseline 0.009 -32"><span class='ocrx_word' id='word_1_361' title='bbox 364 3566 426 3620; x_wconf 84' lang='grc'><strong>’0</strong></span> <span class='ocrx_word' id='word_1_362' title='bbox 478 3566 586 3620; x_wconf 77' lang='grc' dir='ltr'><strong>τῶν</strong></span> <span class='ocrx_word' id='word_1_363' title='bbox 645 3567 988 3638; x_wconf 76' lang='grc' dir='ltr'>Ἐκκλησιῶν</span> <span class='ocrx_word' id='word_1_364' title='bbox 1045 3571 1389 3641; x_wconf 82' lang='grc' dir='ltr'>διδάσκαλος,</span> <span class='ocrx_word' id='word_1_365' title='bbox 1442 3578 1471 3629; x_wconf 86' lang='grc' dir='ltr'><strong>ὸ</strong></span> <span class='ocrx_word' id='word_1_366' title='bbox 1520 3576 1625 3642; x_wconf 77' lang='grc' dir='ltr'>ἕως</span> <span class='ocrx_word' id='word_1_367' title='bbox 1674 3580 1860 3652; x_wconf 83' lang='grc' dir='ltr'>τρίτου</span> 
     </span>
    </p>
   </div>
   <div class='ocr_carea' id='block_1_54' title="bbox 279 3657 1859 3742">
    <p class='ocr_par' dir='ltr' id='par_1_54' title="bbox 279 3657 1859 3742">
     <span class='ocr_line' id='line_1_54' title="bbox 279 3657 1859 3742; baseline 0.009 -30"><span class='ocrx_word' id='word_1_368' title='bbox 279 3658 515 3728; x_wconf 80' lang='grc' dir='ltr'>οὐρανοῦ</span> <span class='ocrx_word' id='word_1_369' title='bbox 538 3657 917 3730; x_wconf 79' lang='grc' dir='ltr'>ἀναὸεδηκὼς,</span> <span class='ocrx_word' id='word_1_370' title='bbox 944 3662 1038 3716; x_wconf 74' lang='grc' dir='ltr'><strong>καὶ</strong></span> <span class='ocrx_word' id='word_1_371' title='bbox 1067 3663 1306 3729; x_wconf 82' lang='grc' dir='ltr'>ἀκούσας</span> <span class='ocrx_word' id='word_1_372' title='bbox 1348 3667 1569 3740; x_wconf 78' lang='grc' dir='ltr'>ἄρρητα</span> <span class='ocrx_word' id='word_1_373' title='bbox 1615 3672 1859 3742; x_wconf 69' lang='grc' dir='ltr'>ῥήματα,</span> 
     </span>
    </p>
   </div>
   <div class='ocr_carea' id='block_1_55' title="bbox 277 3752 1858 3837">
    <p class='ocr_par' dir='ltr' id='par_1_55' title="bbox 277 3752 1858 3837">
     <span class='ocr_line' id='line_1_55' title="bbox 277 3752 1858 3837; baseline 0.008 -32"><span class='ocrx_word' id='word_1_374' title='bbox 277 3753 538 3806; x_wconf 71' lang='grc' dir='ltr'>κάκεῖθεν</span> <span class='ocrx_word' id='word_1_375' title='bbox 566 3752 913 3823; x_wconf 80' lang='grc' dir='ltr'>ἀρυσάμενος</span> <span class='ocrx_word' id='word_1_376' title='bbox 944 3756 1040 3809; x_wconf 74' lang='grc' dir='ltr'><strong>κα)⁵</strong></span> <span class='ocrx_word' id='word_1_377' title='bbox 1073 3757 1278 3828; x_wconf 83' lang='grc' dir='ltr'>ὲκχέων</span> <span class='ocrx_word' id='word_1_378' title='bbox 1308 3763 1388 3823; x_wconf 86' lang='grc' dir='ltr'><strong>είς</strong></span> <span class='ocrx_word' id='word_1_379' title='bbox 1414 3763 1591 3816; x_wconf 86' lang='grc' dir='ltr'>πάντα</span> <span class='ocrx_word' id='word_1_380' title='bbox 1624 3763 1692 3817; x_wconf 81' lang='grc' dir='ltr'><strong>τὰ</strong></span> <span class='ocrx_word' id='word_1_381' title='bbox 1731 3765 1858 3837; x_wconf 77' lang='grc' dir='ltr'>ἔθνη</span> 
     </span>
    </p>
   </div>
   <div class='ocr_carea' id='block_1_56' title="bbox 277 3843 1862 3924">
    <p class='ocr_par' dir='ltr' id='par_1_56' title="bbox 277 3843 1862 3924">
     <span class='ocr_line' id='line_1_56' title="bbox 277 3843 1862 3924; baseline 0.008 -28"><span class='ocrx_word' id='word_1_382' title='bbox 277 3843 382 3914; x_wconf 79' lang='grc' dir='ltr'>τὴν</span> <span class='ocrx_word' id='word_1_383' title='bbox 421 3843 572 3897; x_wconf 84' lang='grc' dir='ltr'>θείαν</span> <span class='ocrx_word' id='word_1_384' title='bbox 600 3843 948 3899; x_wconf 82' lang='grc' dir='ltr'>διδασκαλίαν</span> <span class='ocrx_word' id='word_1_385' title='bbox 993 3844 1087 3898; x_wconf 79' lang='grc' dir='ltr'><strong>τοῦ</strong></span> <span class='ocrx_word' id='word_1_386' title='bbox 1139 3849 1296 3917; x_wconf 81' lang='grc' dir='ltr'>ἁγίου</span> <span class='ocrx_word' id='word_1_387' title='bbox 1328 3851 1686 3920; x_wconf 78' lang='grc' dir='ltr'>Εὐαγγελίου,</span> <span class='ocrx_word' id='word_1_388' title='bbox 1725 3855 1862 3924; x_wconf 76' lang='grc' dir='ltr'>πρὸς</span> 
     </span>
    </p>
   </div>
   <div class='ocr_carea' id='block_1_57' title="bbox 275 3940 1862 4016">
    <p class='ocr_par' dir='ltr' id='par_1_57' title="bbox 275 3940 1862 4016">
     <span class='ocr_line' id='line_1_57' title="bbox 275 3940 1862 4016; baseline 0.004 -23"><span class='ocrx_word' id='word_1_389' title='bbox 275 3940 372 3993; x_wconf 77' lang='grc' dir='ltr'>τὸν</span> <span class='ocrx_word' id='word_1_390' title='bbox 431 3940 585 4008; x_wconf 74' lang='grc' dir='ltr'>ἅγιον</span> <span class='ocrx_word' id='word_1_391' title='bbox 645 3941 802 3994; x_wconf 89' lang='grc' dir='ltr'>Τίτον</span> <span class='ocrx_word' id='word_1_392' title='bbox 846 3942 1096 4012; x_wconf 83' lang='grc' dir='ltr'>γράφων,</span> <span class='ocrx_word' id='word_1_393' title='bbox 1128 3942 1301 4005; x_wconf 79' lang='grc' dir='ltr'>οὓτως</span> <span class='ocrx_word' id='word_1_394' title='bbox 1336 3943 1460 4014; x_wconf 76' lang='grc' dir='ltr'>ἔφη·</span> <span class='ocrx_word' id='word_1_395' title='bbox 1502 3946 1862 4016; x_wconf 80' lang='grc' dir='ltr'>Κατάστησον</span> 
     </span>
    </p>
   </div>
   <div class='ocr_carea' id='block_1_58' title="bbox 279 4035 1864 4108">
    <p class='ocr_par' dir='ltr' id='par_1_58' title="bbox 279 4035 1864 4108">
     <span class='ocr_line' id='line_1_58' title="bbox 279 4035 1864 4108; baseline -0.001 -18"><span class='ocrx_word' id='word_1_396' title='bbox 279 4035 407 4090; x_wconf 77' lang='grc' dir='ltr'>καθ’</span> <span class='ocrx_word' id='word_1_397' title='bbox 450 4037 686 4108; x_wconf 78' lang='grc' dir='ltr'>ἑκάστην</span> <span class='ocrx_word' id='word_1_398' title='bbox 734 4036 1062 4107; x_wconf 81' lang='grc' dir='ltr'>Ἐκκλησίαν</span> <span class='ocrx_word' id='word_1_399' title='bbox 1117 4036 1520 4106; x_wconf 79' lang='grc' dir='ltr'>πρεσϐυτέρους</span> <span class='ocrx_word' id='word_1_400' title='bbox 1570 4038 1665 4090; x_wconf 75' lang='grc' dir='ltr'>καὶ</span> <span class='ocrx_word' id='word_1_401' title='bbox 1699 4039 1864 4107; x_wconf 76' lang='grc' dir='ltr'>ἡγου-</span> 
     </span>
    </p>
   </div>
   <div class='ocr_carea' id='block_1_59' title="bbox 281 4126 1863 4200">
    <p class='ocr_par' dir='ltr' id='par_1_59' title="bbox 281 4126 1863 4200">
     <span class='ocr_line' id='line_1_59' title="bbox 281 4126 1863 4200; baseline 0.001 -20"><span class='ocrx_word' id='word_1_402' title='bbox 281 4127 498 4199; x_wconf 74' lang='grc' dir='ltr'>μένους,</span> <span class='ocrx_word' id='word_1_403' title='bbox 527 4127 602 4192; x_wconf 85' lang='grc' dir='ltr'><strong>ὡς</strong></span> <span class='ocrx_word' id='word_1_404' title='bbox 633 4127 742 4197; x_wconf 78' lang='grc' dir='ltr'><strong>ἐγώ</strong></span> <span class='ocrx_word' id='word_1_405' title='bbox 776 4147 855 4182; x_wconf 89' lang='grc' dir='ltr'><strong>σοι</strong></span> <span class='ocrx_word' id='word_1_406' title='bbox 889 4128 1243 4200; x_wconf 76' lang='grc' dir='ltr'>διεταξάμην.</span> <span class='ocrx_word' id='word_1_407' title='bbox 1275 4129 1458 4200; x_wconf 78' lang='grc' dir='ltr'>Ταύτῄ</span> <span class='ocrx_word' id='word_1_408' title='bbox 1495 4126 1587 4181; x_wconf 78' lang='grc' dir='ltr'>οὖν</span> <span class='ocrx_word' id='word_1_409' title='bbox 1627 4132 1691 4200; x_wconf 82' lang='grc' dir='ltr'>τῇ</span> <span class='ocrx_word' id='word_1_410' title='bbox 1719 4128 1863 4182; x_wconf 88' lang='grc' dir='ltr'>διδα-</span> 
     </span>
    </p>
   </div>
   <div class='ocr_carea' id='block_1_60' title="bbox 279 4220 1863 4294">
    <p class='ocr_par' dir='ltr' id='par_1_60' title="bbox 279 4220 1863 4294">
     <span class='ocr_line' id='line_1_60' title="bbox 279 4220 1863 4294; baseline 0.001 -22"><span class='ocrx_word' id='word_1_411' title='bbox 279 4220 485 4292; x_wconf 78' lang='grc' dir='ltr'>σκαλίᾳ</span> <span class='ocrx_word' id='word_1_412' title='bbox 537 4221 981 4276; x_wconf 78' lang='grc' dir='ltr'>ἐπακολουθοῦσα</span> <span class='ocrx_word' id='word_1_413' title='bbox 1030 4224 1063 4294; x_wconf 82' lang='grc' dir='ltr'><strong>ὴ</strong></span> <span class='ocrx_word' id='word_1_414' title='bbox 1109 4222 1266 4294; x_wconf 81' lang='grc' dir='ltr'>ἡμῶν</span> <span class='ocrx_word' id='word_1_415' title='bbox 1295 4221 1606 4293; x_wconf 81' lang='grc' dir='ltr'>μετριότης,</span> <span class='ocrx_word' id='word_1_416' title='bbox 1641 4237 1863 4291; x_wconf 85' lang='grc' dir='ltr'>προχει-</span> 
     </span>
    </p>
   </div>
   <div class='ocr_carea' id='block_1_61' title="bbox 285 4306 1862 4385">
    <p class='ocr_par' dir='ltr' id='par_1_61' title="bbox 285 4306 1862 4385">
     <span class='ocr_line' id='line_1_61' title="bbox 285 4306 1862 4385; baseline 0.001 -20"><span class='ocrx_word' id='word_1_417' title='bbox 285 4312 499 4384; x_wconf 76' lang='grc' dir='ltr'>ρίζεται</span> <span class='ocrx_word' id='word_1_418' title='bbox 524 4316 623 4385; x_wconf 83' lang='grc' dir='ltr'>τὴν</span> <span class='ocrx_word' id='word_1_419' title='bbox 653 4313 941 4370; x_wconf 78' lang='grc' dir='ltr'>εὐλάϐειαν</span> <span class='ocrx_word' id='word_1_420' title='bbox 970 4306 1124 4385; x_wconf 71' lang='grc' dir='ltr'>ὑμῶν</span> <span class='ocrx_word' id='word_1_421' title='bbox 1153 4317 1232 4379; x_wconf 84' lang='grc' dir='ltr'><strong>είς</strong></span> <span class='ocrx_word' id='word_1_422' title='bbox 1257 4315 1319 4367; x_wconf 82' lang='grc' dir='ltr'>τὸ</span> <span class='ocrx_word' id='word_1_423' title='bbox 1344 4313 1632 4385; x_wconf 77' lang='grc' dir='ltr'>εἰρημένον</span> <span class='ocrx_word' id='word_1_424' title='bbox 1663 4313 1862 4380; x_wconf 81' lang='grc' dir='ltr'>εὐαγὲς</span> 
     </span>
    </p>
   </div>
   <div class='ocr_carea' id='block_1_62' title="bbox 285 4405 1859 4480">
    <p class='ocr_par' dir='ltr' id='par_1_62' title="bbox 285 4405 1859 4480">
     <span class='ocr_line' id='line_1_62' title="bbox 285 4405 1859 4480; baseline 0.002 -22"><span class='ocrx_word' id='word_1_425' title='bbox 285 4407 675 4477; x_wconf 82' lang='grc' dir='ltr'>μοναστήριον,</span> <span class='ocrx_word' id='word_1_426' title='bbox 712 4408 804 4461; x_wconf 74' lang='grc' dir='ltr'><strong>καὶ</strong></span> <span class='ocrx_word' id='word_1_427' title='bbox 835 4407 1139 4480; x_wconf 77' lang='grc' dir='ltr'>ἐπικρατὴς</span> <span class='ocrx_word' id='word_1_428' title='bbox 1174 4406 1340 4461; x_wconf 80' lang='grc' dir='ltr'>αὐτοῦ</span> <span class='ocrx_word' id='word_1_429' title='bbox 1375 4405 1556 4476; x_wconf 84' lang='grc' dir='ltr'>γενοῦ,</span> <span class='ocrx_word' id='word_1_430' title='bbox 1600 4407 1717 4477; x_wconf 72' lang='grc' dir='ltr'>ἅμα</span> <span class='ocrx_word' id='word_1_431' title='bbox 1764 4408 1859 4461; x_wconf 77' lang='grc' dir='ltr'>καὶ</span> 
     </span>
    </p>
   </div>
   <div class='ocr_carea' id='block_1_63' title="bbox 1967 1969 3550 2042">
    <p class='ocr_par' dir='ltr' id='par_1_63' title="bbox 1967 1969 3550 2042">
     <span class='ocr_line' id='line_1_63' title="bbox 1967 1969 3550 2042; baseline -0.003 -17"><span class='ocrx_word' id='word_1_432' title='bbox 1967 1988 2103 2027; x_wconf 90' lang='lat' dir='ltr'><strong>nens</strong></span> <span class='ocrx_word' id='word_1_433' title='bbox 2132 1990 2146 2026; x_wconf 90' lang='lat'><strong>:</strong></span> <span class='ocrx_word' id='word_1_434' title='bbox 2172 1973 2320 2026; x_wconf 91' lang='lat' dir='ltr'><strong>omni</strong></span> <span class='ocrx_word' id='word_1_435' title='bbox 2350 1973 2588 2042; x_wconf 89' lang='lat' dir='ltr'><strong>denique</strong></span> <span class='ocrx_word' id='word_1_436' title='bbox 2633 1975 2796 2026; x_wconf 87' lang='lat' dir='ltr'><strong>modo</strong></span> <span class='ocrx_word' id='word_1_437' title='bbox 2837 1971 3169 2041; x_wconf 88' lang='lat' dir='ltr'><strong>dispensans</strong></span> <span class='ocrx_word' id='word_1_438' title='bbox 3207 1985 3296 2034; x_wconf 87' lang='lat' dir='ltr'><strong>ea,</strong></span> <span class='ocrx_word' id='word_1_439' title='bbox 3331 1985 3452 2038; x_wconf 79' lang='lat' dir='ltr'><strong>quae</strong></span> <span class='ocrx_word' id='word_1_440' title='bbox 3481 1969 3550 2021; x_wconf 87' lang='lat' dir='ltr'><strong>ad</strong></span> 
     </span>
    </p>
   </div>
   <div class='ocr_carea' id='block_1_64' title="bbox 1966 2061 3548 2130">
    <p class='ocr_par' dir='ltr' id='par_1_64' title="bbox 1966 2061 3548 2130">
     <span class='ocr_line' id='line_1_64' title="bbox 1966 2061 3548 2130; baseline -0.003 -13"><span class='ocrx_word' id='word_1_441' title='bbox 1966 2065 2198 2118; x_wconf 88' lang='lat' dir='ltr'><strong>salutem</strong></span> <span class='ocrx_word' id='word_1_442' title='bbox 2232 2063 2535 2116; x_wconf 87' lang='lat' dir='ltr'><strong>animarum</strong></span> <span class='ocrx_word' id='word_1_443' title='bbox 2574 2079 2721 2118; x_wconf 69' lang='lat' dir='ltr'><strong>curre</strong></span> <span class='ocrx_word' id='word_1_444' title='bbox 2752 2079 2865 2118; x_wconf 83' lang='lat' dir='ltr'><strong>suae</strong></span> <span class='ocrx_word' id='word_1_445' title='bbox 2891 2063 3220 2117; x_wconf 83' lang='lat' dir='ltr'><strong>creditarum</strong></span> <span class='ocrx_word' id='word_1_446' title='bbox 3250 2061 3548 2130; x_wconf 84' lang='lat' dir='ltr'><strong>pertinent.</strong></span> 
     </span>
    </p>
   </div>
   <div class='ocr_carea' id='block_1_65' title="bbox 1963 2151 3552 2227">
    <p class='ocr_par' dir='ltr' id='par_1_65' title="bbox 1963 2151 3552 2227">
     <span class='ocr_line' id='line_1_65' title="bbox 1963 2151 3552 2227; baseline -0.005 -18"><span class='ocrx_word' id='word_1_447' title='bbox 1963 2155 2098 2209; x_wconf 87' lang='lat' dir='ltr'><strong>Nam</strong></span> <span class='ocrx_word' id='word_1_448' title='bbox 2123 2165 2410 2226; x_wconf 84' lang='lat' dir='ltr'><strong>propterea</strong></span> <span class='ocrx_word' id='word_1_449' title='bbox 2440 2156 2627 2227; x_wconf 83' lang='lat' dir='ltr'><strong>Iigabit</strong></span> <span class='ocrx_word' id='word_1_450' title='bbox 2659 2156 2801 2210; x_wconf 87' lang='lat' dir='ltr'><strong>inter</strong></span> <span class='ocrx_word' id='word_1_451' title='bbox 2835 2155 3087 2210; x_wconf 76' lang='lat' dir='ltr'><strong>subditos</strong></span> <span class='ocrx_word' id='word_1_452' title='bbox 3112 2154 3236 2217; x_wconf 83' lang='lat' dir='ltr'><strong>sibi,</strong></span> <span class='ocrx_word' id='word_1_453' title='bbox 3273 2168 3394 2220; x_wconf 72' lang='lat' dir='ltr'><strong>quae</strong></span> <span class='ocrx_word' id='word_1_454' title='bbox 3418 2151 3552 2221; x_wconf 79' lang='lat' dir='ltr'><strong>liga-</strong></span> 
     </span>
    </p>
   </div>
   <div class='ocr_carea' id='block_1_66' title="bbox 1964 2249 3552 2320">
    <p class='ocr_par' dir='ltr' id='par_1_66' title="bbox 1964 2249 3552 2320">
     <span class='ocr_line' id='line_1_66' title="bbox 1964 2249 3552 2320; baseline -0.005 -17"><span class='ocrx_word' id='word_1_455' title='bbox 1964 2252 2056 2315; x_wconf 87' lang='lat' dir='ltr'><strong>ri;</strong></span> <span class='ocrx_word' id='word_1_456' title='bbox 2119 2266 2447 2320; x_wconf 90' lang='lat' dir='ltr'><strong>rursumque</strong></span> <span class='ocrx_word' id='word_1_457' title='bbox 2509 2251 2701 2314; x_wconf 84' lang='lat' dir='ltr'><strong>solvet,</strong></span> <span class='ocrx_word' id='word_1_458' title='bbox 2768 2264 2888 2319; x_wconf 67' lang='lat' dir='ltr'><strong>qum</strong></span> <span class='ocrx_word' id='word_1_459' title='bbox 2949 2249 3086 2304; x_wconf 90' lang='lat' dir='ltr'><strong>solvi</strong></span> <span class='ocrx_word' id='word_1_460' title='bbox 3138 2253 3552 2300; x_wconf 82' lang='lat' dir='ltr'><strong>merenturzet</strong></span> 
     </span>
    </p>
   </div>
   <div class='ocr_carea' id='block_1_67' title="bbox 1963 2340 3546 2414">
    <p class='ocr_par' dir='ltr' id='par_1_67' title="bbox 1963 2340 3546 2414">
     <span class='ocr_line' id='line_1_67' title="bbox 1963 2340 3546 2414; baseline -0.006 -17"><span class='ocrx_word' id='word_1_461' title='bbox 1963 2344 2262 2414; x_wconf 81' lang='lat' dir='ltr'><strong>migrantes</strong></span> <span class='ocrx_word' id='word_1_462' title='bbox 2297 2358 2360 2396; x_wconf 79' lang='lat' dir='ltr'><strong>ex</strong></span> <span class='ocrx_word' id='word_1_463' title='bbox 2387 2343 2488 2398; x_wconf 89' lang='lat' dir='ltr'><strong>hac</strong></span> <span class='ocrx_word' id='word_1_464' title='bbox 2515 2343 2648 2408; x_wconf 89' lang='lat' dir='ltr'><strong>vita,</strong></span> <span class='ocrx_word' id='word_1_465' title='bbox 2687 2356 2814 2396; x_wconf 89' lang='lat' dir='ltr'><strong>cum</strong></span> <span class='ocrx_word' id='word_1_466' title='bbox 2847 2342 3174 2396; x_wconf 89' lang='lat' dir='ltr'><strong>remissione</strong></span> <span class='ocrx_word' id='word_1_467' title='bbox 3201 2340 3546 2399; x_wconf 86' lang='lat' dir='ltr'><strong>delictorum,</strong></span> 
     </span>
    </p>
   </div>
   <div class='ocr_carea' id='block_1_68' title="bbox 1963 2428 3549 2491">
    <p class='ocr_par' dir='ltr' id='par_1_68' title="bbox 1963 2428 3549 2491">
     <span class='ocr_line' id='line_1_68' title="bbox 1963 2428 3549 2491; baseline -0.006 -3"><span class='ocrx_word' id='word_1_468' title='bbox 1963 2435 2030 2489; x_wconf 89' lang='lat' dir='ltr'><strong>ad</strong></span> <span class='ocrx_word' id='word_1_469' title='bbox 2057 2436 2284 2491; x_wconf 86' lang='lat' dir='ltr'><strong>alterius</strong></span> <span class='ocrx_word' id='word_1_470' title='bbox 2311 2435 2433 2489; x_wconf 70' lang='lat' dir='ltr'><strong>vita:</strong></span> <span class='ocrx_word' id='word_1_471' title='bbox 2459 2433 2752 2488; x_wconf 85' lang='lat' dir='ltr'><strong>tribunalia</strong></span> <span class='ocrx_word' id='word_1_472' title='bbox 2775 2433 3034 2488; x_wconf 89' lang='lat' dir='ltr'><strong>dimittet.</strong></span> <span class='ocrx_word' id='word_1_473' title='bbox 3068 2430 3254 2486; x_wconf 88' lang='lat' dir='ltr'><strong>Eidem</strong></span> <span class='ocrx_word' id='word_1_474' title='bbox 3287 2428 3549 2484; x_wconf 85' lang='lat' dir='ltr'><strong>concedi-</strong></span> 
     </span>
    </p>
   </div>
   <div class='ocr_carea' id='block_1_69' title="bbox 1963 2517 3550 2594">
    <p class='ocr_par' dir='ltr' id='par_1_69' title="bbox 1963 2517 3550 2594">
     <span class='ocr_line' id='line_1_69' title="bbox 1963 2517 3550 2594; baseline -0.008 -14"><span class='ocrx_word' id='word_1_475' title='bbox 1963 2543 2112 2589; x_wconf 89' lang='lat' dir='ltr'><strong>mus,</strong></span> <span class='ocrx_word' id='word_1_476' title='bbox 2145 2533 2204 2580; x_wconf 92' lang='lat' dir='ltr'><strong>ut</strong></span> <span class='ocrx_word' id='word_1_477' title='bbox 2237 2527 2348 2580; x_wconf 92' lang='lat' dir='ltr'><strong>illis</strong></span> <span class='ocrx_word' id='word_1_478' title='bbox 2384 2534 2667 2580; x_wconf 87' lang='lat' dir='ltr'><strong>tonsuram</strong></span> <span class='ocrx_word' id='word_1_479' title='bbox 2700 2523 3068 2594; x_wconf 86' lang='lat' dir='ltr'><strong>impertiatur,</strong></span> <span class='ocrx_word' id='word_1_480' title='bbox 3106 2521 3198 2590; x_wconf 90' lang='lat' dir='ltr'><strong>qui</strong></span> <span class='ocrx_word' id='word_1_481' title='bbox 3233 2534 3352 2574; x_wconf 90' lang='lat' dir='ltr'><strong>eam</strong></span> <span class='ocrx_word' id='word_1_482' title='bbox 3381 2517 3461 2572; x_wconf 86' lang='lat' dir='ltr'><strong>vel</strong></span> <span class='ocrx_word' id='word_1_483' title='bbox 3495 2517 3550 2570; x_wconf 93' lang='lat' dir='ltr'><strong>in</strong></span> 
     </span>
    </p>
   </div>
   <div class='ocr_carea' id='block_1_70' title="bbox 1961 2608 3553 2682">
    <p class='ocr_par' dir='ltr' id='par_1_70' title="bbox 1961 2608 3553 2682">
     <span class='ocr_line' id='line_1_70' title="bbox 1961 2608 3553 2682; baseline -0.007 -9"><span class='ocrx_word' id='word_1_484' title='bbox 1961 2622 2069 2675; x_wconf 86' lang='lat' dir='ltr'><strong>vita</strong></span> <span class='ocrx_word' id='word_1_485' title='bbox 2133 2635 2254 2682; x_wconf 89' lang='lat' dir='ltr'><strong>sua,</strong></span> <span class='ocrx_word' id='word_1_486' title='bbox 2305 2619 2388 2672; x_wconf 86' lang='lat' dir='ltr'><strong>vel</strong></span> <span class='ocrx_word' id='word_1_487' title='bbox 2437 2619 2601 2672; x_wconf 89' lang='lat' dir='ltr'><strong>etiam</strong></span> <span class='ocrx_word' id='word_1_488' title='bbox 2664 2617 2719 2670; x_wconf 89' lang='lat' dir='ltr'><strong>in</strong></span> <span class='ocrx_word' id='word_1_489' title='bbox 2767 2615 3029 2670; x_wconf 85' lang='lat' dir='ltr'><strong>extremis</strong></span> <span class='ocrx_word' id='word_1_490' title='bbox 3094 2608 3553 2682; x_wconf 82' lang='lat' dir='ltr'><strong>respirationibus</strong></span> 
     </span>
    </p>
   </div>
   <div class='ocr_carea' id='block_1_71' title="bbox 1960 2695 3552 2782">
    <p class='ocr_par' dir='ltr' id='par_1_71' title="bbox 1960 2695 3552 2782">
     <span class='ocr_line' id='line_1_71' title="bbox 1960 2695 3552 2782; baseline -0.012 -15"><span class='ocrx_word' id='word_1_491' title='bbox 1960 2718 2226 2782; x_wconf 82' lang='lat' dir='ltr'><strong>expetunt</strong></span> <span class='ocrx_word' id='word_1_492' title='bbox 2261 2726 2275 2764; x_wconf 91' lang='lat'><strong>:</strong></span> <span class='ocrx_word' id='word_1_493' title='bbox 2317 2709 2394 2762; x_wconf 87' lang='lat' dir='ltr'><strong>ita</strong></span> <span class='ocrx_word' id='word_1_494' title='bbox 2419 2715 2599 2762; x_wconf 89' lang='lat' dir='ltr'><strong>tamen</strong></span> <span class='ocrx_word' id='word_1_495' title='bbox 2624 2748 2638 2773; x_wconf 90' lang='lat'><strong>,</strong></span> <span class='ocrx_word' id='word_1_496' title='bbox 2675 2713 2735 2761; x_wconf 89' lang='lat' dir='ltr'><strong>ut</strong></span> <span class='ocrx_word' id='word_1_497' title='bbox 2770 2701 3186 2760; x_wconf 79' lang='lat' dir='ltr'><strong>observationes</strong></span> <span class='ocrx_word' id='word_1_498' title='bbox 3218 2695 3552 2754; x_wconf 72' lang='lat' dir='ltr'><strong>monachica:</strong></span> 
     </span>
    </p>
   </div>
   <div class='ocr_carea' id='block_1_72' title="bbox 1960 2789 3550 2875">
    <p class='ocr_par' dir='ltr' id='par_1_72' title="bbox 1960 2789 3550 2875">
     <span class='ocr_line' id='line_1_72' title="bbox 1960 2789 3550 2875; baseline -0.011 -15"><span class='ocrx_word' id='word_1_499' title='bbox 1960 2803 2324 2875; x_wconf 77' lang='lat' dir='ltr'><strong>professionis</strong></span> <span class='ocrx_word' id='word_1_500' title='bbox 2349 2817 2459 2856; x_wconf 91' lang='lat' dir='ltr'><strong>non</strong></span> <span class='ocrx_word' id='word_1_501' title='bbox 2491 2801 2855 2866; x_wconf 88' lang='lat' dir='ltr'><strong>omittantur;</strong></span> <span class='ocrx_word' id='word_1_502' title='bbox 2887 2811 3023 2867; x_wconf 90' lang='lat' dir='ltr'><strong>pura</strong></span> <span class='ocrx_word' id='word_1_503' title='bbox 3043 2794 3301 2850; x_wconf 90' lang='lat' dir='ltr'><strong>nimirum</strong></span> <span class='ocrx_word' id='word_1_504' title='bbox 3331 2789 3550 2846; x_wconf 83' lang='lat' dir='ltr'><strong>confes-</strong></span> 
     </span>
    </p>
   </div>
   <div class='ocr_carea' id='block_1_73' title="bbox 1959 2880 3548 2959">
    <p class='ocr_par' dir='ltr' id='par_1_73' title="bbox 1959 2880 3548 2959">
     <span class='ocr_line' id='line_1_73' title="bbox 1959 2880 3548 2959; baseline -0.011 -11"><span class='ocrx_word' id='word_1_505' title='bbox 1959 2895 2059 2956; x_wconf 71' lang='lat' dir='ltr'><strong>sio,</strong></span> <span class='ocrx_word' id='word_1_506' title='bbox 2097 2893 2510 2956; x_wconf 88' lang='lat' dir='ltr'><strong>valedictiones,</strong></span> <span class='ocrx_word' id='word_1_507' title='bbox 2537 2889 2938 2959; x_wconf 86' lang='lat' dir='ltr'><strong>cooptationcs,</strong></span> <span class='ocrx_word' id='word_1_508' title='bbox 2963 2894 3016 2940; x_wconf 89' lang='lat' dir='ltr'><strong>et</strong></span> <span class='ocrx_word' id='word_1_509' title='bbox 3046 2883 3352 2954; x_wconf 90' lang='lat' dir='ltr'><strong>depositum</strong></span> <span class='ocrx_word' id='word_1_510' title='bbox 3373 2880 3548 2954; x_wconf 82' lang='lat' dir='ltr'><strong>illius,</strong></span> 
     </span>
    </p>
   </div>
   <div class='ocr_carea' id='block_1_74' title="bbox 1958 2974 3551 3066">
    <p class='ocr_par' dir='ltr' id='par_1_74' title="bbox 1958 2974 3551 3066">
     <span class='ocr_line' id='line_1_74' title="bbox 1958 2974 3551 3066; baseline -0.013 -21"><span class='ocrx_word' id='word_1_511' title='bbox 1958 2994 2053 3064; x_wconf 89' lang='lat' dir='ltr'><strong>qui</strong></span> <span class='ocrx_word' id='word_1_512' title='bbox 2117 2989 2397 3055; x_wconf 88' lang='lat' dir='ltr'><strong>tondetur,</strong></span> <span class='ocrx_word' id='word_1_513' title='bbox 2431 2987 2496 3042; x_wconf 89' lang='lat' dir='ltr'><strong>ad</strong></span> <span class='ocrx_word' id='word_1_514' title='bbox 2541 2992 2940 3054; x_wconf 88' lang='lat' dir='ltr'><strong>susceptorem.</strong></span> <span class='ocrx_word' id='word_1_515' title='bbox 2972 2980 3158 3050; x_wconf 83' lang='lat' dir='ltr'><strong>Itaque</strong></span> <span class='ocrx_word' id='word_1_516' title='bbox 3190 2974 3551 3066; x_wconf 63' lang='lat' dir='ltr'><strong>praesentibus</strong></span> 
     </span>
    </p>
   </div>
   <div class='ocr_carea' id='block_1_75' title="bbox 1959 3065 3552 3140">
    <p class='ocr_par' dir='ltr' id='par_1_75' title="bbox 1959 3065 3552 3140">
     <span class='ocr_line' id='line_1_75' title="bbox 1959 3065 3552 3140; baseline -0.015 -3"><span class='ocrx_word' id='word_1_517' title='bbox 1959 3084 2114 3137; x_wconf 85' lang='lat' dir='ltr'><strong>hisee</strong></span> <span class='ocrx_word' id='word_1_518' title='bbox 2145 3079 2343 3134; x_wconf 81' lang='lat' dir='ltr'><strong>litteris</strong></span> <span class='ocrx_word' id='word_1_519' title='bbox 2375 3077 2775 3132; x_wconf 88' lang='lat' dir='ltr'><strong>mediocritatis</strong></span> <span class='ocrx_word' id='word_1_520' title='bbox 2818 3082 3046 3136; x_wconf 76' lang='lat' dir='ltr'><strong>nostrze,</strong></span> <span class='ocrx_word' id='word_1_521' title='bbox 3079 3072 3279 3140; x_wconf 85' lang='lat' dir='ltr'><strong>quibus</strong></span> <span class='ocrx_word' id='word_1_522' title='bbox 3304 3065 3552 3123; x_wconf 66' lang='lat' dir='ltr'><strong>mandant</strong></span> 
     </span>
    </p>
   </div>
   <div class='ocr_carea' id='block_1_76' title="bbox 1885 3160 3551 3256">
    <p class='ocr_par' dir='ltr' id='par_1_76' title="bbox 1885 3160 3551 3256">
     <span class='ocr_line' id='line_1_76' title="bbox 1885 3160 3551 3256; baseline -0.011 -26"><span class='ocrx_word' id='word_1_523' title='bbox 1885 3199 1928 3256; x_wconf 67' lang='grc' dir='ltr'><strong>ρ</strong></span> <span class='ocrx_word' id='word_1_524' title='bbox 1963 3175 2196 3230; x_wconf 82' lang='lat' dir='ltr'><strong>formula</strong></span> <span class='ocrx_word' id='word_1_525' title='bbox 2221 3175 2562 3234; x_wconf 83' lang='lat' dir='ltr'><strong>continetur,</strong></span> <span class='ocrx_word' id='word_1_526' title='bbox 2578 3169 2804 3239; x_wconf 84' lang='lat' dir='ltr'><strong>majoris</strong></span> <span class='ocrx_word' id='word_1_527' title='bbox 2824 3165 3170 3223; x_wconf 84' lang='lat' dir='ltr'><strong>eertitudinis</strong></span> <span class='ocrx_word' id='word_1_528' title='bbox 3187 3177 3353 3219; x_wconf 85' lang='lat' dir='ltr'><strong>causa</strong></span> <span class='ocrx_word' id='word_1_529' title='bbox 3369 3160 3498 3215; x_wconf 75' lang='lat' dir='ltr'><strong>dicti</strong></span> <span class='ocrx_word' id='word_1_530' title='bbox 3521 3169 3551 3212; x_wconf 68' lang='grc' dir='ltr'><strong>ε</strong></span> 
     </span>
    </p>
   </div>
   <div class='ocr_carea' id='block_1_77' title="bbox 1966 3265 2698 3322">
    <p class='ocr_par' dir='ltr' id='par_1_77' title="bbox 1966 3265 2698 3322">
     <span class='ocr_line' id='line_1_77' title="bbox 1966 3265 2698 3322; baseline -0.008 -2"><span class='ocrx_word' id='word_1_531' title='bbox 1966 3267 2133 3322; x_wconf 86' lang='lat' dir='ltr'><strong>abbas</strong></span> <span class='ocrx_word' id='word_1_532' title='bbox 2164 3265 2460 3320; x_wconf 88' lang='lat' dir='ltr'><strong>Dositheus</strong></span> <span class='ocrx_word' id='word_1_533' title='bbox 2495 3271 2698 3317; x_wconf 89' lang='lat' dir='ltr'><strong>utetur.</strong></span> 
     </span>
    </p>
   </div>
   <div class='ocr_carea' id='block_1_78' title="bbox 2070 3453 3441 3535">
    <p class='ocr_par' dir='ltr' id='par_1_78' title="bbox 2070 3453 3441 3535">
     <span class='ocr_line' id='line_1_78' title="bbox 2070 3453 3441 3535; baseline -0.012 -12"><span class='ocrx_word' id='word_1_534' title='bbox 2070 3467 2411 3530; x_wconf 82' lang='lat' dir='ltr'><strong>Mandatum,</strong></span> <span class='ocrx_word' id='word_1_535' title='bbox 2451 3464 2590 3535; x_wconf 83' lang='lat' dir='ltr'><strong>quod</strong></span> <span class='ocrx_word' id='word_1_536' title='bbox 2639 3459 2917 3515; x_wconf 81' lang='lat' dir='ltr'><strong>abbatibus</strong></span> <span class='ocrx_word' id='word_1_537' title='bbox 2962 3454 3227 3526; x_wconf 73' lang='lat' dir='ltr'><strong>prioribus</strong></span> <span class='ocrx_word' id='word_1_538' title='bbox 3260 3453 3441 3507; x_wconf 86' lang='lat' dir='ltr'><strong>datur.</strong></span> 
     </span>
    </p>
   </div>
   <div class='ocr_carea' id='block_1_79' title="bbox 2033 3567 3552 3642">
    <p class='ocr_par' dir='ltr' id='par_1_79' title="bbox 2033 3567 3552 3642">
     <span class='ocr_line' id='line_1_79' title="bbox 2033 3567 3552 3642; baseline -0.013 -4"><span class='ocrx_word' id='word_1_539' title='bbox 2033 3581 2405 3638; x_wconf 87' lang='lat' dir='ltr'><strong>Eeclesiarum</strong></span> <span class='ocrx_word' id='word_1_540' title='bbox 2462 3576 2553 3632; x_wconf 89' lang='lat' dir='ltr'><strong>ille</strong></span> <span class='ocrx_word' id='word_1_541' title='bbox 2603 3575 2817 3638; x_wconf 89' lang='lat' dir='ltr'><strong>doctor,</strong></span> <span class='ocrx_word' id='word_1_542' title='bbox 2872 3571 2966 3642; x_wconf 90' lang='lat' dir='ltr'><strong>qui</strong></span> <span class='ocrx_word' id='word_1_543' title='bbox 3003 3568 3069 3623; x_wconf 86' lang='lat' dir='ltr'><strong>ad</strong></span> <span class='ocrx_word' id='word_1_544' title='bbox 3122 3567 3342 3622; x_wconf 90' lang='lat' dir='ltr'><strong>tertium</strong></span> <span class='ocrx_word' id='word_1_545' title='bbox 3379 3577 3552 3634; x_wconf 82' lang='lat' dir='ltr'><strong>usque</strong></span> 
     </span>
    </p>
   </div>
   <div class='ocr_carea' id='block_1_80' title="bbox 1966 3660 3554 3736">
    <p class='ocr_par' dir='ltr' id='par_1_80' title="bbox 1966 3660 3554 3736">
     <span class='ocr_line' id='line_1_80' title="bbox 1966 3660 3554 3736; baseline -0.014 -4"><span class='ocrx_word' id='word_1_546' title='bbox 1966 3676 2160 3732; x_wconf 86' lang='lat' dir='ltr'><strong>coelum</strong></span> <span class='ocrx_word' id='word_1_547' title='bbox 2187 3671 2455 3736; x_wconf 85' lang='lat' dir='ltr'><strong>ascendit,</strong></span> <span class='ocrx_word' id='word_1_548' title='bbox 2490 3677 2543 3724; x_wconf 92' lang='lat' dir='ltr'><strong>et</strong></span> <span class='ocrx_word' id='word_1_549' title='bbox 2581 3665 2789 3721; x_wconf 84' lang='lat' dir='ltr'><strong>audivit</strong></span> <span class='ocrx_word' id='word_1_550' title='bbox 2829 3661 3119 3717; x_wconf 75' lang='lat' dir='ltr'><strong>inetl‘ahilia</strong></span> <span class='ocrx_word' id='word_1_551' title='bbox 3154 3660 3341 3722; x_wconf 89' lang='lat' dir='ltr'><strong>verba,</strong></span> <span class='ocrx_word' id='word_1_552' title='bbox 3387 3665 3554 3728; x_wconf 86' lang='lat' dir='ltr'><strong>atque</strong></span> 
     </span>
    </p>
   </div>
   <div class='ocr_carea' id='block_1_81' title="bbox 1965 3749 3551 3827">
    <p class='ocr_par' dir='ltr' id='par_1_81' title="bbox 1965 3749 3551 3827">
     <span class='ocr_line' id='line_1_81' title="bbox 1965 3749 3551 3827; baseline -0.015 -2"><span class='ocrx_word' id='word_1_553' title='bbox 1965 3770 2094 3825; x_wconf 90' lang='lat' dir='ltr'><strong>hinc</strong></span> <span class='ocrx_word' id='word_1_554' title='bbox 2146 3767 2388 3822; x_wconf 78' lang='lat' dir='ltr'><strong>divinam</strong></span> <span class='ocrx_word' id='word_1_555' title='bbox 2430 3762 2607 3817; x_wconf 86' lang='lat' dir='ltr'><strong>sancti</strong></span> <span class='ocrx_word' id='word_1_556' title='bbox 2661 3757 2940 3827; x_wconf 81' lang='lat' dir='ltr'><strong>Evangelii</strong></span> <span class='ocrx_word' id='word_1_557' title='bbox 2991 3754 3300 3810; x_wconf 87' lang='lat' dir='ltr'><strong>doctrinam</strong></span> <span class='ocrx_word' id='word_1_558' title='bbox 3345 3749 3551 3810; x_wconf 85' lang='lat' dir='ltr'><strong>hausit.</strong></span> 
     </span>
    </p>
   </div>
   <div class='ocr_carea' id='block_1_82' title="bbox 1963 3843 3553 3929">
    <p class='ocr_par' dir='ltr' id='par_1_82' title="bbox 1963 3843 3553 3929">
     <span class='ocr_line' id='line_1_82' title="bbox 1963 3843 3553 3929; baseline -0.013 -14"><span class='ocrx_word' id='word_1_559' title='bbox 1963 3875 2126 3929; x_wconf 89' lang='lat' dir='ltr'><strong>quam</strong></span> <span class='ocrx_word' id='word_1_560' title='bbox 2175 3859 2227 3910; x_wconf 91' lang='lat' dir='ltr'><strong>in</strong></span> <span class='ocrx_word' id='word_1_561' title='bbox 2268 3870 2459 3910; x_wconf 80' lang='lat' dir='ltr'><strong>omnes</strong></span> <span class='ocrx_word' id='word_1_562' title='bbox 2505 3859 2693 3922; x_wconf 81' lang='lat' dir='ltr'><strong>gentes</strong></span> <span class='ocrx_word' id='word_1_563' title='bbox 2721 3848 2937 3909; x_wconf 85' lang='lat' dir='ltr'><strong>etl‘udit,</strong></span> <span class='ocrx_word' id='word_1_564' title='bbox 2985 3847 3051 3901; x_wconf 89' lang='lat' dir='ltr'><strong>ad</strong></span> <span class='ocrx_word' id='word_1_565' title='bbox 3087 3855 3339 3899; x_wconf 84' lang='lat' dir='ltr'><strong>sanetum</strong></span> <span class='ocrx_word' id='word_1_566' title='bbox 3365 3843 3553 3896; x_wconf 78' lang='lat' dir='ltr'><strong>&#39;l‘itum</strong></span> 
     </span>
    </p>
   </div>
   <div class='ocr_carea' id='block_1_83' title="bbox 1965 3934 3554 4012">
    <p class='ocr_par' dir='ltr' id='par_1_83' title="bbox 1965 3934 3554 4012">
     <span class='ocr_line' id='line_1_83' title="bbox 1965 3934 3554 4012; baseline -0.011 -7"><span class='ocrx_word' id='word_1_567' title='bbox 1965 3949 2240 4012; x_wconf 84' lang='lat' dir='ltr'><strong>scribens,</strong></span> <span class='ocrx_word' id='word_1_568' title='bbox 2270 3947 2387 4001; x_wconf 68' lang='lat' dir='ltr'><strong>ha‘c</strong></span> <span class='ocrx_word' id='word_1_569' title='bbox 2432 3943 2598 3998; x_wconf 86' lang='lat' dir='ltr'><strong>verba</strong></span> <span class='ocrx_word' id='word_1_570' title='bbox 2641 3941 2826 4012; x_wconf 87' lang='lat' dir='ltr'><strong>posuit</strong></span> <span class='ocrx_word' id='word_1_571' title='bbox 2865 3957 2878 3993; x_wconf 92' lang='lat'><strong>:</strong></span> <span class='ocrx_word' id='word_1_572' title='bbox 2933 3937 3267 3993; x_wconf 89' lang='lat' dir='ltr'><strong>Constituito</strong></span> <span class='ocrx_word' id='word_1_573' title='bbox 3308 3934 3554 4004; x_wconf 79' lang='lat' dir='ltr'><strong>qualibet</strong></span> 
     </span>
    </p>
   </div>
   <div class='ocr_carea' id='block_1_84' title="bbox 1967 4027 3550 4108">
    <p class='ocr_par' dir='ltr' id='par_1_84' title="bbox 1967 4027 3550 4108">
     <span class='ocr_line' id='line_1_84' title="bbox 1967 4027 3550 4108; baseline -0.011 -12"><span class='ocrx_word' id='word_1_574' title='bbox 1967 4043 2023 4096; x_wconf 92' lang='lat' dir='ltr'><strong>in</strong></span> <span class='ocrx_word' id='word_1_575' title='bbox 2056 4039 2296 4095; x_wconf 78' lang='lat' dir='ltr'><strong>Ecclesia</strong></span> <span class='ocrx_word' id='word_1_576' title='bbox 2326 4037 2675 4108; x_wconf 78' lang='lat' dir='ltr'><strong>presbyteros</strong></span> <span class='ocrx_word' id='word_1_577' title='bbox 2698 4045 2752 4088; x_wconf 87' lang='lat' dir='ltr'><strong>et</strong></span> <span class='ocrx_word' id='word_1_578' title='bbox 2781 4031 3061 4101; x_wconf 61' lang='lat' dir='ltr'><strong>pratsules,</strong></span> <span class='ocrx_word' id='word_1_579' title='bbox 3087 4027 3550 4098; x_wconf 86' lang='lat' dir='ltr'><strong>quemadmodum</strong></span> 
     </span>
    </p>
   </div>
   <div class='ocr_carea' id='block_1_85' title="bbox 1965 4119 3552 4202">
    <p class='ocr_par' dir='ltr' id='par_1_85' title="bbox 1965 4119 3552 4202">
     <span class='ocr_line' id='line_1_85' title="bbox 1965 4119 3552 4202; baseline -0.009 -15"><span class='ocrx_word' id='word_1_580' title='bbox 1965 4147 2064 4202; x_wconf 77' lang='lat' dir='ltr'><strong>ego</strong></span> <span class='ocrx_word' id='word_1_581' title='bbox 2119 4129 2216 4184; x_wconf 89' lang='lat' dir='ltr'><strong>tibi</strong></span> <span class='ocrx_word' id='word_1_582' title='bbox 2265 4128 2519 4198; x_wconf 62' lang='lat' dir='ltr'><strong>praecepi.</strong></span> <span class='ocrx_word' id='word_1_583' title='bbox 2581 4123 2730 4177; x_wconf 84' lang='lat' dir='ltr'><strong>lianc</strong></span> <span class='ocrx_word' id='word_1_584' title='bbox 2773 4136 2905 4191; x_wconf 75' lang='lat' dir='ltr'><strong>ergo</strong></span> <span class='ocrx_word' id='word_1_585' title='bbox 2950 4119 3257 4174; x_wconf 74' lang='lat' dir='ltr'><strong>doctrinam</strong></span> <span class='ocrx_word' id='word_1_586' title='bbox 3313 4131 3552 4186; x_wconf 83' lang='lat' dir='ltr'><strong>sequens</strong></span> 
     </span>
    </p>
   </div>
   <div class='ocr_carea' id='block_1_86' title="bbox 1965 4211 3549 4286">
    <p class='ocr_par' dir='ltr' id='par_1_86' title="bbox 1965 4211 3549 4286">
     <span class='ocr_line' id='line_1_86' title="bbox 1965 4211 3549 4286; baseline -0.009 -8"><span class='ocrx_word' id='word_1_587' title='bbox 1965 4222 2322 4278; x_wconf 87' lang='lat' dir='ltr'><strong>mediocritas</strong></span> <span class='ocrx_word' id='word_1_588' title='bbox 2361 4227 2547 4273; x_wconf 88' lang='lat' dir='ltr'><strong>nostra</strong></span> <span class='ocrx_word' id='word_1_589' title='bbox 2586 4217 2722 4286; x_wconf 79' lang='lat'><strong>(55),</strong></span> <span class='ocrx_word' id='word_1_590' title='bbox 2767 4212 3012 4284; x_wconf 67' lang='lat' dir='ltr'><strong>praefecit</strong></span> <span class='ocrx_word' id='word_1_591' title='bbox 3057 4211 3418 4266; x_wconf 79' lang='lat' dir='ltr'><strong>reverentiam</strong></span> <span class='ocrx_word' id='word_1_592' title='bbox 3452 4224 3549 4264; x_wconf 83' lang='lat' dir='ltr'><strong>ve-</strong></span> 
     </span>
    </p>
   </div>
   <div class='ocr_carea' id='block_1_87' title="bbox 1967 4303 3555 4378">
    <p class='ocr_par' dir='ltr' id='par_1_87' title="bbox 1967 4303 3555 4378">
     <span class='ocr_line' id='line_1_87' title="bbox 1967 4303 3555 4378; baseline -0.008 -8"><span class='ocrx_word' id='word_1_593' title='bbox 1967 4325 2139 4371; x_wconf 90' lang='lat' dir='ltr'><strong>stram</strong></span> <span class='ocrx_word' id='word_1_594' title='bbox 2173 4314 2416 4368; x_wconf 87' lang='lat' dir='ltr'><strong>indicato</strong></span> <span class='ocrx_word' id='word_1_595' title='bbox 2438 4310 2699 4378; x_wconf 82' lang='lat' dir='ltr'><strong>religioso</strong></span> <span class='ocrx_word' id='word_1_596' title='bbox 2731 4305 3070 4362; x_wconf 89' lang='lat' dir='ltr'><strong>monasterio</strong></span> <span class='ocrx_word' id='word_1_597' title='bbox 3105 4323 3117 4359; x_wconf 91' lang='lat'><strong>:</strong></span> <span class='ocrx_word' id='word_1_598' title='bbox 3148 4303 3306 4374; x_wconf 85' lang='lat' dir='ltr'><strong>cujus</strong></span> <span class='ocrx_word' id='word_1_599' title='bbox 3337 4310 3393 4355; x_wconf 91' lang='lat' dir='ltr'><strong>tu</strong></span> <span class='ocrx_word' id='word_1_600' title='bbox 3424 4316 3555 4372; x_wconf 83' lang='lat' dir='ltr'><strong>pos-</strong></span> 
     </span>
    </p>
   </div>
   <div class='ocr_carea' id='block_1_88' title="bbox 1967 4394 3550 4471">
    <p class='ocr_par' dir='ltr' id='par_1_88' title="bbox 1967 4394 3550 4471">
     <span class='ocr_line' id='line_1_88' title="bbox 1967 4394 3550 4471; baseline -0.009 -10"><span class='ocrx_word' id='word_1_601' title='bbox 1967 4405 2272 4461; x_wconf 87' lang='lat' dir='ltr'><strong>sessionem</strong></span> <span class='ocrx_word' id='word_1_602' title='bbox 2339 4400 2618 4471; x_wconf 88' lang='lat' dir='ltr'><strong>accipito,</strong></span> <span class='ocrx_word' id='word_1_603' title='bbox 2681 4414 2804 4453; x_wconf 92' lang='lat' dir='ltr'><strong>cum</strong></span> <span class='ocrx_word' id='word_1_604' title='bbox 2881 4397 3136 4452; x_wconf 89' lang='lat' dir='ltr'><strong>omnibus</strong></span> <span class='ocrx_word' id='word_1_605' title='bbox 3205 4394 3550 4464; x_wconf 89' lang='lat' dir='ltr'><strong>superiorum</strong></span> 
     </span>
    </p>
   </div>
   <div class='ocr_carea' id='block_1_89' title="bbox 280 4485 1857 4590">
    <p class='ocr_par' dir='ltr' id='par_1_89' title="bbox 280 4495 1857 4568">
     <span class='ocr_line' id='line_1_89' title="bbox 280 4495 1857 4568; baseline 0.003 -20"><span class='ocrx_word' id='word_1_606' title='bbox 280 4495 501 4550; x_wconf 85' lang='grc' dir='ltr'>πάντων</span> <span class='ocrx_word' id='word_1_607' title='bbox 557 4497 668 4551; x_wconf 85' lang='grc' dir='ltr'><strong>τῶν</strong></span> <span class='ocrx_word' id='word_1_608' title='bbox 730 4498 996 4553; x_wconf 87' lang='grc' dir='ltr'>ἀνέκαθεν</span> <span class='ocrx_word' id='word_1_609' title='bbox 1042 4499 1452 4568; x_wconf 85' lang='grc' dir='ltr'>δικαιωμάτων,</span> <span class='ocrx_word' id='word_1_610' title='bbox 1503 4498 1674 4552; x_wconf 84' lang='grc' dir='ltr'>ποιῶν</span> <span class='ocrx_word' id='word_1_611' title='bbox 1725 4501 1857 4553; x_wconf 84' lang='grc' dir='ltr'>πᾶσι</span> 
     </span>
    </p>
   </div>
   <div class='ocr_carea' id='block_1_90' title="bbox 1966 4485 3548 4590">
    <p class='ocr_par' dir='ltr' id='par_1_90' title="bbox 1969 4485 3548 4566">
     <span class='ocr_line' id='line_1_90' title="bbox 1969 4485 3548 4566; baseline -0.009 -14"><span class='ocrx_word' id='word_1_612' title='bbox 1969 4506 2274 4566; x_wconf 86' lang='lat' dir='ltr'><strong>temporum</strong></span> <span class='ocrx_word' id='word_1_613' title='bbox 2302 4493 2522 4564; x_wconf 79' lang='lat' dir='ltr'><strong>juribns</strong></span> <span class='ocrx_word' id='word_1_614' title='bbox 2559 4509 2574 4559; x_wconf 89' lang='lat'><strong>;</strong></span> <span class='ocrx_word' id='word_1_615' title='bbox 2617 4505 2806 4545; x_wconf 88' lang='lat' dir='ltr'><strong>curam</strong></span> <span class='ocrx_word' id='word_1_616' title='bbox 2851 4505 2974 4544; x_wconf 88' lang='lat' dir='ltr'><strong>eum</strong></span> <span class='ocrx_word' id='word_1_617' title='bbox 3017 4488 3248 4542; x_wconf 87' lang='lat' dir='ltr'><strong>aliorum</strong></span> <span class='ocrx_word' id='word_1_618' title='bbox 3278 4485 3548 4547; x_wconf 84' lang='lat' dir='ltr'><strong>omnium.</strong></span> 
     </span>
    </p>
   </div>
   <div class='ocr_carea' id='block_1_91' title="bbox 279 4587 1863 4661">
    <p class='ocr_par' dir='ltr' id='par_1_91' title="bbox 279 4587 1863 4661">
     <span class='ocr_line' id='line_1_91' title="bbox 279 4587 1863 4661; baseline 0.004 -21"><span class='ocrx_word' id='word_1_619' title='bbox 279 4587 381 4659; x_wconf 77' lang='grc' dir='ltr'>τὴν</span> <span class='ocrx_word' id='word_1_620' title='bbox 415 4589 704 4661; x_wconf 83' lang='grc' dir='ltr'>φροντίδα,</span> <span class='ocrx_word' id='word_1_621' title='bbox 745 4591 838 4643; x_wconf 77' lang='grc' dir='ltr'>καὶ</span> <span class='ocrx_word' id='word_1_622' title='bbox 883 4589 983 4660; x_wconf 85' lang='grc' dir='ltr'>τὴν</span> <span class='ocrx_word' id='word_1_623' title='bbox 1033 4590 1303 4660; x_wconf 88' lang='grc' dir='ltr'>διοίκησιν</span> <span class='ocrx_word' id='word_1_624' title='bbox 1343 4590 1435 4644; x_wconf 84' lang='grc' dir='ltr'>τοῦ</span> <span class='ocrx_word' id='word_1_625' title='bbox 1476 4589 1643 4645; x_wconf 84' lang='grc' dir='ltr'>αὐτοῦ</span> <span class='ocrx_word' id='word_1_626' title='bbox 1698 4608 1863 4661; x_wconf 81' lang='grc' dir='ltr'>μονα-</span> 
     </span>
    </p>
   </div>
   <div class='ocr_carea' id='block_1_92' title="bbox 282 4681 1861 4754">
    <p class='ocr_par' dir='ltr' id='par_1_92' title="bbox 282 4681 1861 4754">
     <span class='ocr_line' id='line_1_92' title="bbox 282 4681 1861 4754; baseline 0.002 -20"><span class='ocrx_word' id='word_1_627' title='bbox 282 4683 529 4753; x_wconf 82' lang='grc' dir='ltr'>στηρίου⁶</span> <span class='ocrx_word' id='word_1_628' title='bbox 572 4684 764 4754; x_wconf 84' lang='grc' dir='ltr'>πρῶτα</span> <span class='ocrx_word' id='word_1_629' title='bbox 813 4681 912 4753; x_wconf 83' lang='grc' dir='ltr'>μὲν</span> <span class='ocrx_word' id='word_1_630' title='bbox 949 4683 1050 4754; x_wconf 85' lang='grc' dir='ltr'>τὴν</span> <span class='ocrx_word' id='word_1_631' title='bbox 1084 4682 1290 4754; x_wconf 85' lang='grc' dir='ltr'>συνήθη</span> <span class='ocrx_word' id='word_1_632' title='bbox 1319 4681 1626 4751; x_wconf 83' lang='grc' dir='ltr'>δοξολογίαν</span> <span class='ocrx_word' id='word_1_633' title='bbox 1650 4684 1746 4737; x_wconf 75' lang='grc' dir='ltr'>καὶ</span> <span class='ocrx_word' id='word_1_634' title='bbox 1775 4684 1861 4739; x_wconf 64' lang='lat' dir='ltr'><strong>at.</strong></span> 
     </span>
    </p>
   </div>
   <div class='ocr_carea' id='block_1_93' title="bbox 279 4771 1863 4846">
    <p class='ocr_par' dir='ltr' id='par_1_93' title="bbox 279 4771 1863 4846">
     <span class='ocr_line' id='line_1_93' title="bbox 279 4771 1863 4846; baseline 0.003 -22"><span class='ocrx_word' id='word_1_635' title='bbox 279 4789 427 4826; x_wconf 87' lang='grc' dir='ltr'>νεσιν</span> <span class='ocrx_word' id='word_1_636' title='bbox 466 4773 804 4844; x_wconf 85' lang='grc' dir='ltr'>ἀναπέμπων</span> <span class='ocrx_word' id='word_1_637' title='bbox 843 4773 1034 4846; x_wconf 88' lang='grc' dir='ltr'>Κυρίῳ</span> <span class='ocrx_word' id='word_1_638' title='bbox 1066 4775 1143 4845; x_wconf 87' lang='grc' dir='ltr'>τῷ</span> <span class='ocrx_word' id='word_1_639' title='bbox 1187 4773 1306 4844; x_wconf 81' lang='grc' dir='ltr'><strong>Θεῷ</strong></span> <span class='ocrx_word' id='word_1_640' title='bbox 1344 4771 1521 4845; x_wconf 79' lang='grc' dir='ltr'>ἡμῶν,</span> <span class='ocrx_word' id='word_1_641' title='bbox 1569 4773 1708 4844; x_wconf 82' lang='grc' dir='ltr'>μετὰ</span> <span class='ocrx_word' id='word_1_642' title='bbox 1751 4773 1863 4828; x_wconf 86' lang='grc' dir='ltr'><strong>τῶν</strong></span> 
     </span>
    </p>
   </div>
   <div class='ocr_carea' id='block_1_94' title="bbox 280 4865 1862 4937">
    <p class='ocr_par' dir='ltr' id='par_1_94' title="bbox 280 4865 1862 4937">
     <span class='ocr_line' id='line_1_94' title="bbox 280 4865 1862 4937; baseline 0.001 -19"><span class='ocrx_word' id='word_1_643' title='bbox 280 4865 736 4936; x_wconf 83' lang='grc' dir='ltr'>ὑποτεταγμένων</span> <span class='ocrx_word' id='word_1_644' title='bbox 767 4865 1040 4936; x_wconf 86' lang='grc' dir='ltr'>μοναχῶν,</span> <span class='ocrx_word' id='word_1_645' title='bbox 1076 4866 1294 4937; x_wconf 77' lang='grc' dir='ltr'>ὄρθρον,</span> <span class='ocrx_word' id='word_1_646' title='bbox 1336 4865 1433 4920; x_wconf 67' lang='grc' dir='ltr'><strong>καὶ⁸</strong></span> <span class='ocrx_word' id='word_1_647' title='bbox 1467 4865 1660 4936; x_wconf 84' lang='grc' dir='ltr'><strong>).υχ....</strong></span> <span class='ocrx_word' id='word_1_648' title='bbox 1693 4867 1738 4898; x_wconf 72' lang='grc'><strong>⁷⁵</strong></span> <span class='ocrx_word' id='word_1_649' title='bbox 1767 4867 1862 4920; x_wconf 73' lang='grc' dir='ltr'><strong>καὶ</strong></span> 
     </span>
    </p>
   </div>
   <div class='ocr_carea' id='block_1_95' title="bbox 277 4957 1858 5029">
    <p class='ocr_par' dir='ltr' id='par_1_95' title="bbox 277 4957 1858 5029">
     <span class='ocr_line' id='line_1_95' title="bbox 277 4957 1858 5029; baseline 0.002 -19"><span class='ocrx_word' id='word_1_650' title='bbox 277 4959 380 5022; x_wconf 78' lang='grc' dir='ltr'><strong>τὰς</strong></span> <span class='ocrx_word' id='word_1_651' title='bbox 415 4957 766 5029; x_wconf 81' lang='grc' dir='ltr'>ἁρμοζούσας</span> <span class='ocrx_word' id='word_1_652' title='bbox 808 4957 976 5026; x_wconf 85' lang='grc' dir='ltr'>ὥρας.</span> <span class='ocrx_word' id='word_1_653' title='bbox 1012 4957 1124 5012; x_wconf 69' lang='grc' dir='ltr'>Εἶθ’</span> <span class='ocrx_word' id='word_1_654' title='bbox 1149 4958 1322 5023; x_wconf 72' lang='grc' dir='ltr'>οὕτως</span> <span class='ocrx_word' id='word_1_655' title='bbox 1361 4957 1455 5013; x_wconf 75' lang='grc' dir='ltr'>καὶ</span> <span class='ocrx_word' id='word_1_656' title='bbox 1491 4958 1858 5029; x_wconf 84' lang='grc' dir='ltr'>φωταγωγίαν</span> 
     </span>
    </p>
   </div>
   <div class='ocr_carea' id='block_1_96' title="bbox 276 5049 1860 5122">
    <p class='ocr_par' dir='ltr' id='par_1_96' title="bbox 276 5049 1860 5122">
     <span class='ocr_line' id='line_1_96' title="bbox 276 5049 1860 5122; baseline 0.003 -19"><span class='ocrx_word' id='word_1_657' title='bbox 276 5053 378 5120; x_wconf 74' lang='grc' dir='ltr'>τὴν</span> <span class='ocrx_word' id='word_1_658' title='bbox 413 5050 820 5122; x_wconf 82' lang='grc' dir='ltr'>αὒταρκοῦσαν,</span> <span class='ocrx_word' id='word_1_659' title='bbox 853 5052 949 5104; x_wconf 74' lang='grc' dir='ltr'>καὶ</span> <span class='ocrx_word' id='word_1_660' title='bbox 977 5049 1029 5104; x_wconf 82' lang='grc' dir='ltr'>εῐ</span> <span class='ocrx_word' id='word_1_661' title='bbox 1053 5069 1105 5104; x_wconf 87' lang='grc' dir='ltr'><strong>τι</strong></span> <span class='ocrx_word' id='word_1_662' title='bbox 1134 5051 1179 5106; x_wconf 86' lang='grc' dir='ltr'>δ’</span> <span class='ocrx_word' id='word_1_663' title='bbox 1209 5051 1275 5104; x_wconf 83' lang='grc' dir='ltr'>ἂν</span> <span class='ocrx_word' id='word_1_664' title='bbox 1301 5052 1580 5122; x_wconf 78' lang='grc' dir='ltr'>ὲπιδέηται</span> <span class='ocrx_word' id='word_1_665' title='bbox 1603 5053 1630 5104; x_wconf 88' lang='grc' dir='ltr'>ὁ</span> <span class='ocrx_word' id='word_1_666' title='bbox 1656 5052 1860 5122; x_wconf 81' lang='grc' dir='ltr'>εὐαγὴς</span> 
     </span>
    </p>
   </div>
   <div class='ocr_carea' id='block_1_97' title="bbox 277 5140 1856 5216">
    <p class='ocr_par' dir='ltr' id='par_1_97' title="bbox 277 5140 1856 5216">
     <span class='ocr_line' id='line_1_97' title="bbox 277 5140 1856 5216; baseline 0.003 -21"><span class='ocrx_word' id='word_1_667' title='bbox 277 5140 427 5204; x_wconf 72' lang='grc' dir='ltr'>οἶκος</span> <span class='ocrx_word' id='word_1_668' title='bbox 460 5145 539 5207; x_wconf 83' lang='grc' dir='ltr'><strong>εἰς</strong></span> <span class='ocrx_word' id='word_1_669' title='bbox 571 5143 948 5215; x_wconf 77' lang='grc' dir='ltr'>ἐπανόρθωσιν</span> <span class='ocrx_word' id='word_1_670' title='bbox 978 5144 1295 5216; x_wconf 86' lang='grc' dir='ltr'>κτισμάτων</span> <span class='ocrx_word' id='word_1_671' title='bbox 1324 5145 1420 5197; x_wconf 74' lang='grc' dir='ltr'>καὶ</span> <span class='ocrx_word' id='word_1_672' title='bbox 1470 5145 1675 5216; x_wconf 72' lang='grc' dir='ltr'>ἐτέρων</span> <span class='ocrx_word' id='word_1_673' title='bbox 1706 5161 1856 5216; x_wconf 86' lang='grc' dir='ltr'>πρα-</span> 
     </span>
    </p>
   </div>
   <div class='ocr_carea' id='block_1_98' title="bbox 280 5231 1860 5304">
    <p class='ocr_par' dir='ltr' id='par_1_98' title="bbox 280 5231 1860 5304">
     <span class='ocr_line' id='line_1_98' title="bbox 280 5231 1860 5304; baseline 0.001 -19"><span class='ocrx_word' id='word_1_674' title='bbox 280 5232 532 5301; x_wconf 83' lang='grc' dir='ltr'>γμάτων.</span> <span class='ocrx_word' id='word_1_675' title='bbox 591 5233 732 5304; x_wconf 82' lang='grc' dir='ltr'>Ἤδη</span> <span class='ocrx_word' id='word_1_676' title='bbox 785 5233 896 5304; x_wconf 82' lang='grc' dir='ltr'><strong>γὰρ</strong></span> <span class='ocrx_word' id='word_1_677' title='bbox 952 5235 1133 5288; x_wconf 81' lang='grc' dir='ltr'>πᾶσαν</span> <span class='ocrx_word' id='word_1_678' title='bbox 1184 5231 1443 5304; x_wconf 82' lang='grc' dir='ltr'>φροντίδα</span> <span class='ocrx_word' id='word_1_679' title='bbox 1488 5231 1860 5302; x_wconf 83' lang='grc' dir='ltr'>ἁνατιθέμεθά</span> 
     </span>
    </p>
   </div>
   <div class='ocr_carea' id='block_1_99' title="bbox 282 5325 1783 5398">
    <p class='ocr_par' dir='ltr' id='par_1_99' title="bbox 282 5325 1783 5398">
     <span class='ocr_line' id='line_1_99' title="bbox 282 5325 1783 5398; baseline 0.002 -20"><span class='ocrx_word' id='word_1_680' title='bbox 282 5343 390 5388; x_wconf 90' lang='grc' dir='ltr'>σοι,</span> <span class='ocrx_word' id='word_1_681' title='bbox 432 5325 507 5389; x_wconf 79' lang='grc' dir='ltr'>ὡς</span> <span class='ocrx_word' id='word_1_682' title='bbox 558 5325 830 5397; x_wconf 80' lang='grc' dir='ltr'>ὀφείλοντι</span> <span class='ocrx_word' id='word_1_683' title='bbox 872 5325 1093 5384; x_wconf 83' lang='grc' dir='ltr'>πάντων</span> <span class='ocrx_word' id='word_1_684' title='bbox 1126 5326 1476 5398; x_wconf 82' lang='grc' dir='ltr'>προνοεῖσθαι</span> <span class='ocrx_word' id='word_1_685' title='bbox 1503 5325 1783 5397; x_wconf 74' lang='grc' dir='ltr'>ἐμμελῶς.</span> 
     </span>
    </p>
   </div>
   <div class='ocr_carea' id='block_1_100' title="bbox 1971 4575 3550 4653">
    <p class='ocr_par' dir='ltr' id='par_1_100' title="bbox 1971 4575 3550 4653">
     <span class='ocr_line' id='line_1_100' title="bbox 1971 4575 3550 4653; baseline -0.009 -10"><span class='ocrx_word' id='word_1_686' title='bbox 1971 4597 2086 4644; x_wconf 90' lang='lat' dir='ltr'><strong>tum</strong></span> <span class='ocrx_word' id='word_1_687' title='bbox 2109 4583 2600 4642; x_wconf 88' lang='lat' dir='ltr'><strong>administrationis</strong></span> <span class='ocrx_word' id='word_1_688' title='bbox 2624 4581 2870 4653; x_wconf 87' lang='lat' dir='ltr'><strong>ejusdem</strong></span> <span class='ocrx_word' id='word_1_689' title='bbox 2887 4577 3203 4634; x_wconf 88' lang='lat' dir='ltr'><strong>monasterii</strong></span> <span class='ocrx_word' id='word_1_690' title='bbox 3223 4575 3302 4632; x_wconf 90' lang='lat' dir='ltr'><strong>sic</strong></span> <span class='ocrx_word' id='word_1_691' title='bbox 3330 4590 3550 4646; x_wconf 77' lang='lat' dir='ltr'><strong>gerens,</strong></span> 
     </span>
    </p>
   </div>
   <div class='ocr_carea' id='block_1_101' title="bbox 1971 4667 3550 4750">
    <p class='ocr_par' dir='ltr' id='par_1_101' title="bbox 1971 4667 3550 4750">
     <span class='ocr_line' id='line_1_101' title="bbox 1971 4667 3550 4750; baseline -0.009 -15"><span class='ocrx_word' id='word_1_692' title='bbox 1971 4689 2032 4736; x_wconf 88' lang='lat' dir='ltr'><strong>ut</strong></span> <span class='ocrx_word' id='word_1_693' title='bbox 2086 4679 2321 4750; x_wconf 91' lang='lat' dir='ltr'><strong>primum</strong></span> <span class='ocrx_word' id='word_1_694' title='bbox 2379 4684 2697 4732; x_wconf 84' lang='lat' dir='ltr'><strong>consuetam</strong></span> <span class='ocrx_word' id='word_1_695' title='bbox 2744 4672 3168 4729; x_wconf 89' lang='lat' dir='ltr'><strong>celebrationem</strong></span> <span class='ocrx_word' id='word_1_696' title='bbox 3217 4683 3282 4724; x_wconf 88' lang='lat' dir='ltr'><strong>ac</strong></span> <span class='ocrx_word' id='word_1_697' title='bbox 3336 4667 3550 4722; x_wconf 87' lang='lat' dir='ltr'><strong>Iaudem</strong></span> 
     </span>
    </p>
   </div>
   <div class='ocr_carea' id='block_1_102' title="bbox 1972 4760 3553 4827">
    <p class='ocr_par' dir='ltr' id='par_1_102' title="bbox 1972 4760 3553 4827">
     <span class='ocr_line' id='line_1_102' title="bbox 1972 4760 3553 4827; baseline -0.007 0"><span class='ocrx_word' id='word_1_698' title='bbox 1972 4771 2204 4827; x_wconf 86' lang='lat' dir='ltr'><strong>Domino</strong></span> <span class='ocrx_word' id='word_1_699' title='bbox 2239 4769 2352 4825; x_wconf 91' lang='lat' dir='ltr'><strong>Deo</strong></span> <span class='ocrx_word' id='word_1_700' title='bbox 2381 4777 2574 4825; x_wconf 83' lang='lat' dir='ltr'><strong>nostro</strong></span> <span class='ocrx_word' id='word_1_701' title='bbox 2605 4780 2823 4822; x_wconf 90' lang='lat' dir='ltr'><strong>sursum</strong></span> <span class='ocrx_word' id='word_1_702' title='bbox 2865 4763 3074 4827; x_wconf 90' lang='lat' dir='ltr'><strong>mittas,</strong></span> <span class='ocrx_word' id='word_1_703' title='bbox 3123 4776 3232 4816; x_wconf 90' lang='lat' dir='ltr'><strong>una</strong></span> <span class='ocrx_word' id='word_1_704' title='bbox 3271 4776 3393 4816; x_wconf 88' lang='lat' dir='ltr'><strong>cum</strong></span> <span class='ocrx_word' id='word_1_705' title='bbox 3420 4760 3553 4816; x_wconf 82' lang='lat' dir='ltr'><strong>sub-</strong></span> 
     </span>
    </p>
   </div>
   <div class='ocr_carea' id='block_1_103' title="bbox 1963 4849 3549 4936">
    <p class='ocr_par' dir='ltr' id='par_1_103' title="bbox 1963 4849 3549 4936">
     <span class='ocr_line' id='line_1_103' title="bbox 1963 4849 3549 4936; baseline -0.011 -18"><span class='ocrx_word' id='word_1_706' title='bbox 1963 4863 2126 4936; x_wconf 83' lang='lat' dir='ltr'><strong>jectis</strong></span> <span class='ocrx_word' id='word_1_707' title='bbox 2170 4861 2268 4916; x_wconf 90' lang='lat' dir='ltr'><strong>tibi</strong></span> <span class='ocrx_word' id='word_1_708' title='bbox 2325 4851 2636 4920; x_wconf 72' lang='lat' dir='ltr'><strong>monachis,</strong></span> <span class='ocrx_word' id='word_1_709' title='bbox 2688 4863 2799 4910; x_wconf 90' lang='lat' dir='ltr'><strong>tam</strong></span> <span class='ocrx_word' id='word_1_710' title='bbox 2854 4867 3036 4917; x_wconf 90' lang='lat' dir='ltr'><strong>mane,</strong></span> <span class='ocrx_word' id='word_1_711' title='bbox 3083 4865 3247 4922; x_wconf 87' lang='lat' dir='ltr'><strong>quam</strong></span> <span class='ocrx_word' id='word_1_712' title='bbox 3312 4849 3549 4919; x_wconf 86' lang='lat' dir='ltr'><strong>vesperi,</strong></span> 
     </span>
    </p>
   </div>
   <div class='ocr_carea' id='block_1_104' title="bbox 1969 4943 3547 5018">
    <p class='ocr_par' dir='ltr' id='par_1_104' title="bbox 1969 4943 3547 5018">
     <span class='ocr_line' id='line_1_104' title="bbox 1969 4943 3547 5018; baseline -0.009 -8"><span class='ocrx_word' id='word_1_713' title='bbox 1969 4954 2212 5010; x_wconf 84' lang='lat' dir='ltr'><strong>lucernis</strong></span> <span class='ocrx_word' id='word_1_714' title='bbox 2264 4951 2533 5018; x_wconf 87' lang='lat' dir='ltr'><strong>accensis,</strong></span> <span class='ocrx_word' id='word_1_715' title='bbox 2580 4947 2813 5017; x_wconf 89' lang='lat' dir='ltr'><strong>aliisque</strong></span> <span class='ocrx_word' id='word_1_716' title='bbox 2873 4944 3311 5016; x_wconf 88' lang='lat' dir='ltr'><strong>competentibus</strong></span> <span class='ocrx_word' id='word_1_717' title='bbox 3357 4943 3547 5008; x_wconf 90' lang='lat' dir='ltr'><strong>horis;</strong></span> 
     </span>
    </p>
   </div>
   <div class='ocr_carea' id='block_1_105' title="bbox 1969 5038 3552 5114">
    <p class='ocr_par' dir='ltr' id='par_1_105' title="bbox 1969 5038 3552 5114">
     <span class='ocr_line' id='line_1_105' title="bbox 1969 5038 3552 5114; baseline -0.008 -12"><span class='ocrx_word' id='word_1_718' title='bbox 1969 5046 2168 5103; x_wconf 89' lang='lat' dir='ltr'><strong>deinde</strong></span> <span class='ocrx_word' id='word_1_719' title='bbox 2204 5051 2468 5114; x_wconf 87' lang='lat' dir='ltr'><strong>quantum</strong></span> <span class='ocrx_word' id='word_1_720' title='bbox 2499 5042 2638 5098; x_wconf 85' lang='lat' dir='ltr'><strong>satis</strong></span> <span class='ocrx_word' id='word_1_721' title='bbox 2669 5048 2756 5095; x_wconf 84' lang='lat' dir='ltr'><strong>est</strong></span> <span class='ocrx_word' id='word_1_722' title='bbox 2796 5038 3147 5093; x_wconf 90' lang='lat' dir='ltr'><strong>luminarium</strong></span> <span class='ocrx_word' id='word_1_723' title='bbox 3174 5051 3456 5107; x_wconf 91' lang='lat' dir='ltr'><strong>procures,</strong></span> <span class='ocrx_word' id='word_1_724' title='bbox 3492 5045 3552 5090; x_wconf 88' lang='lat' dir='ltr'><strong>et</strong></span> 
     </span>
    </p>
   </div>
   <div class='ocr_carea' id='block_1_106' title="bbox 1968 5128 3548 5210">
    <p class='ocr_par' dir='ltr' id='par_1_106' title="bbox 1968 5128 3548 5210">
     <span class='ocr_line' id='line_1_106' title="bbox 1968 5128 3548 5210; baseline -0.008 -16"><span class='ocrx_word' id='word_1_725' title='bbox 1968 5141 2166 5210; x_wconf 87' lang='lat' dir='ltr'><strong>siquid</strong></span> <span class='ocrx_word' id='word_1_726' title='bbox 2211 5137 2480 5207; x_wconf 73' lang='lat' dir='ltr'><strong>religiosa:</strong></span> <span class='ocrx_word' id='word_1_727' title='bbox 2529 5133 2714 5188; x_wconf 80' lang='lat' dir='ltr'><strong>domui</strong></span> <span class='ocrx_word' id='word_1_728' title='bbox 2766 5147 2906 5202; x_wconf 91' lang='lat' dir='ltr'><strong>opus</strong></span> <span class='ocrx_word' id='word_1_729' title='bbox 2943 5133 3046 5186; x_wconf 88' lang='lat' dir='ltr'><strong>erit</strong></span> <span class='ocrx_word' id='word_1_730' title='bbox 3084 5130 3152 5184; x_wconf 89' lang='lat' dir='ltr'><strong>ad</strong></span> <span class='ocrx_word' id='word_1_731' title='bbox 3199 5128 3548 5184; x_wconf 79' lang='lat' dir='ltr'><strong>refectionem</strong></span> 
     </span>
    </p>
   </div>
   <div class='ocr_carea' id='block_1_107' title="bbox 1967 5220 3553 5297">
    <p class='ocr_par' dir='ltr' id='par_1_107' title="bbox 1967 5220 3553 5297">
     <span class='ocr_line' id='line_1_107' title="bbox 1967 5220 3553 5297; baseline -0.009 -10"><span class='ocrx_word' id='word_1_732' title='bbox 1967 5229 2321 5287; x_wconf 66' lang='lat' dir='ltr'><strong>aedificiorum</strong></span> <span class='ocrx_word' id='word_1_733' title='bbox 2358 5227 2700 5297; x_wconf 89' lang='lat' dir='ltr'><strong>aliarumque</strong></span> <span class='ocrx_word' id='word_1_734' title='bbox 2737 5241 2944 5281; x_wconf 90' lang='lat' dir='ltr'><strong>rerum.</strong></span> <span class='ocrx_word' id='word_1_735' title='bbox 2975 5223 3201 5280; x_wconf 89' lang='lat' dir='ltr'><strong>Omnem</strong></span> <span class='ocrx_word' id='word_1_736' title='bbox 3231 5221 3375 5276; x_wconf 88' lang='lat' dir='ltr'><strong>enim</strong></span> <span class='ocrx_word' id='word_1_737' title='bbox 3401 5220 3553 5275; x_wconf 86' lang='lat' dir='ltr'><strong>solli-</strong></span> 
     </span>
    </p>
   </div>
   <div class='ocr_carea' id='block_1_108' title="bbox 1968 5312 3550 5387">
    <p class='ocr_par' dir='ltr' id='par_1_108' title="bbox 1968 5312 3550 5387">
     <span class='ocr_line' id='line_1_108' title="bbox 1968 5312 3550 5387; baseline -0.007 -11"><span class='ocrx_word' id='word_1_738' title='bbox 1968 5320 2267 5376; x_wconf 86' lang='lat' dir='ltr'><strong>citudinem</strong></span> <span class='ocrx_word' id='word_1_739' title='bbox 2303 5320 2397 5375; x_wconf 89' lang='lat' dir='ltr'><strong>tibi</strong></span> <span class='ocrx_word' id='word_1_740' title='bbox 2442 5334 2589 5374; x_wconf 90' lang='lat' dir='ltr'><strong>nunc</strong></span> <span class='ocrx_word' id='word_1_741' title='bbox 2621 5317 2974 5387; x_wconf 89' lang='lat' dir='ltr'><strong>imponimus,</strong></span> <span class='ocrx_word' id='word_1_742' title='bbox 3004 5316 3083 5372; x_wconf 88' lang='lat' dir='ltr'><strong>uti</strong></span> <span class='ocrx_word' id='word_1_743' title='bbox 3122 5313 3213 5385; x_wconf 90' lang='lat' dir='ltr'><strong>qui</strong></span> <span class='ocrx_word' id='word_1_744' title='bbox 3260 5312 3550 5382; x_wconf 76' lang='lat' dir='ltr'><strong>diligenter</strong></span> 
     </span>
    </p>
   </div>
   <div class='ocr_carea' id='block_1_109' title="bbox 1973 5412 2847 5484">
    <p class='ocr_par' dir='ltr' id='par_1_109' title="bbox 1973 5412 2847 5484">
     <span class='ocr_line' id='line_1_109' title="bbox 1973 5412 2847 5484; baseline -0.003 -15"><span class='ocrx_word' id='word_1_745' title='bbox 1973 5413 2248 5469; x_wconf 86' lang='lat' dir='ltr'><strong>universis</strong></span> <span class='ocrx_word' id='word_1_746' title='bbox 2279 5413 2594 5484; x_wconf 81' lang='lat' dir='ltr'><strong>prospicere</strong></span> <span class='ocrx_word' id='word_1_747' title='bbox 2623 5412 2847 5468; x_wconf 84' lang='lat' dir='ltr'><strong>debeas.</strong></span> 
     </span>
    </p>
   </div>
   <div class='ocr_carea' id='block_1_110' title="bbox 1595 5553 2273 5612">
    <p class='ocr_par' dir='ltr' id='par_1_110' title="bbox 1595 5553 2273 5612">
     <span class='ocr_line' id='line_1_110' title="bbox 1595 5553 2273 5612; baseline -0.003 0"><span class='ocrx_word' id='word_1_748' title='bbox 1595 5554 1832 5612; x_wconf 74' lang='lat' dir='ltr'><strong>VARle</strong></span> <span class='ocrx_word' id='word_1_749' title='bbox 1866 5553 2162 5611; x_wconf 84' lang='lat' dir='ltr'><strong>LECTION</strong></span> <span class='ocrx_word' id='word_1_750' title='bbox 2173 5554 2273 5610; x_wconf 85' lang='lat' dir='ltr'><strong>ES.</strong></span> 
     </span>
    </p>
   </div>
   <div class='ocr_carea' id='block_1_111' title="bbox 355 5650 778 5722">
    <p class='ocr_par' dir='ltr' id='par_1_111' title="bbox 355 5650 778 5722">
     <span class='ocr_line' id='line_1_111' title="bbox 355 5650 778 5722; baseline 0.012 -20"><span class='ocrx_word' id='word_1_751' title='bbox 355 5651 401 5684; x_wconf 71' lang='lat'><strong>&quot;&quot;</strong></span> <span class='ocrx_word' id='word_1_752' title='bbox 435 5650 778 5722; x_wconf 73' lang='grc' dir='ltr'>λυχνοκαΐαν.</span> 
     </span>
    </p>
   </div>
   <div class='ocr_carea' id='block_1_112' title="bbox 1763 5747 1998 5804">
    <p class='ocr_par' dir='ltr' id='par_1_112' title="bbox 1763 5747 1998 5804">
     <span class='ocr_line' id='line_1_112' title="bbox 1763 5747 1998 5804; baseline 0.013 -3"><span class='ocrx_word' id='word_1_753' title='bbox 1763 5747 1998 5804; x_wconf 61' lang='lat' dir='ltr'><strong>NOTAE.</strong></span> 
     </span>
    </p>
   </div>
   <div class='ocr_carea' id='block_1_113' title="bbox 358 5839 1055 5912">
    <p class='ocr_par' dir='ltr' id='par_1_113' title="bbox 358 5839 1055 5912">
     <span class='ocr_line' id='line_1_113' title="bbox 358 5839 1055 5912; baseline 0.006 -20"><span class='ocrx_word' id='word_1_754' title='bbox 358 5839 469 5908; x_wconf 76' lang='lat'><strong>(5&#39;5)</strong></span> <span class='ocrx_word' id='word_1_755' title='bbox 499 5840 672 5896; x_wconf 83' lang='lat' dir='ltr'><strong>Verba</strong></span> <span class='ocrx_word' id='word_1_756' title='bbox 706 5843 1055 5912; x_wconf 81' lang='lat' dir='ltr'><strong>patriarchae.</strong></span> 
     </span>
    </p>
   </div>
  </div>
