3882 6574
368 354 506 425 1155

1673 347 1809 411 JUS
1847 346 2296 412 CANONICUM

3502 354 3644 412 1155

436 464 768 523 Faciendum
794 462 1034 520 maximo
1057 460 1155 518 tibi
1186 459 1391 526 studio,
1414 474 1479 515 ne
1509 457 1601 529 qui
1635 458 1957 521 tondentur,

2136 458 2268 510 Δέον
2323 473 2381 511 σε
2437 456 2494 510 ἐν
2543 454 2837 529 ἐπιμελείᾳ
2888 455 3127 533 μεγίστῃ
3158 456 3256 512 καὶ
3295 456 3458 511 τοῦτο
3489 462 3662 512 ποιεῖ·

365 562 423 617 in
450 558 555 615 alia
579 557 773 627 quavis
791 552 1112 610 monasterii
1144 551 1426 607 functione
1458 551 1613 621 prius
1642 557 1955 611 versentur,

364 652 496 708 licet
533 649 601 706 ad
641 649 884 719 aliquam
932 646 1127 701 harum
1175 643 1357 700 idonei
1407 643 1540 707 sint,
1593 656 1759 713 quam
1809 648 1958 697 recte

365 743 689 817 psalterium
730 738 1073 805 edidicerint,
1123 750 1235 791 una
1262 750 1406 793 cum.
1427 736 1685 792 universa
1735 734 1956 805 reliqua

366 837 508 895 serie
558 850 742 891 rerum
807 847 1020 898 earum,
1084 844 1225 901 quas
1284 829 1426 885 citra
1479 826 1860 899 exceptionem
1904 832 1961 882 et

366 932 781 986 excusationem
822 925 967 980 scire
996 924 1250 994 quemvis
1299 922 1630 979 monachum
1656 918 1912 977 convenit
1941 935 1958 987 ;

367 1031 423 1076 et
465 1034 698 1090 quarum
749 1031 874 1071 cum
919 1015 1264 1087 ignoratione
1306 1029 1419 1071 non
1463 1015 1722 1087 exiguum
1778 1012 1961 1070 ordini

368 1110 615 1167 solitario
649 1107 953 1179 periculum
983 1112 1068 1164 est
1088 1105 1471 1181 conjunctum.

437 1300 710 1355 Praeterea
770 1294 997 1351 selectis
1049 1292 1377 1366 quibusdam
1425 1288 1530 1346 sub
1585 1298 1636 1345 te
1678 1287 1962 1345 monachis

369 1389 660 1444 universos
690 1386 1011 1442 monasterii
1044 1386 1257 1441 reditus
1283 1393 1338 1438 et
1367 1396 1642 1451 expensas
1687 1396 1784 1451 per
1814 1380 1959 1434 scri-

368 1489 590 1550 pturam
645 1486 807 1534 notas
869 1476 1051 1532 facere
1103 1476 1294 1541 debes,
1327 1483 1382 1530 et
1440 1477 1513 1530 ita
1561 1473 1812 1531 subditos
1862 1470 1961 1526 tibi

369 1573 647 1631 solitarius
688 1586 881 1626 omnes
920 1570 975 1624 in
1032 1568 1210 1624 oﬁicio
1254 1568 1539 1623 continere
1573 1605 1588 1631 ,
1643 1565 1851 1619 nullum
1902 1572 1963 1617 ut

369 1663 642 1734 peculium
679 1660 917 1716 habeant
946 1678 962 1715 :
998 1646 1277 1717 aerobur
1306 1658 1460 1714 dabit
1498 1657 1655 1713 vobis
1690 1655 1962 1711 Dominus

371 1740 657 1825 Deusﬂiui
681 1770 871 1810 omnes
891 1752 1142 1808 homines
1175 1754 1357 1808 salvos
1382 1765 1506 1807 esse
1537 1750 1671 1814 vult,
1705 1756 1765 1803 ut
1794 1761 1963 1818 opera

371 1848 653 1918 religiosa,
692 1854 748 1900 et
777 1844 882 1916 ipsi
907 1851 1060 1915 grata
1100 1843 1342 1910 faciatis,
1370 1858 1478 1898 una
1511 1856 1638 1897 cum
1668 1839 1963 1904 universis,

371 1942 466 2012 qui
500 1940 784 1995 vobiscum
810 1946 943 1991 sunt
979 1936 1265 1993 fratribus.
1298 1933 1618 1990 Memineris
1644 1932 1810 1989 etiam
1831 1947 1967 2002 pau-

374 2044 563 2100 perum
580 2029 806 2083 fratrum
820 2035 1155 2091 nostrorum,
1172 2035 1369 2081 etcum
1393 2026 1653 2082 universa
1669 2022 1724 2079 in
1743 2020 1967 2078 Christo

376 2099 728 2179 fraternitate
751 2134 853 2191 pro
889 2118 1049 2175 nobis
1091 2132 1284 2189 preces
1308 2115 1545 2173 fundito.

373 2316 592 2375 Litterw
623 2316 1091 2383 commendatitiar,
1132 2332 1248 2387 qua:
1284 2332 1319 2371 α
1362 2313 1968 2385 patriarcthonstan-

520 2388 897 2459 tinopolitano,
942 2403 1121 2443 recens
1166 2388 1437 2457 ordinato,
1468 2387 1607 2442 mitti
1633 2387 1825 2444 solent.

451 2569 725 2636 Quoniam
755 2574 1022 2625 statutum
1056 2569 1488 2627 ecclesiasticum
1519 2571 1778 2638 obtinuit,
1801 2571 1969 2642 utqui

378 2675 573 2717 recens
633 2676 759 2715 cum
804 2660 1076 2732 dignitate
1121 2663 1473 2732 patriarchali
1521 2665 1697 2719 evecti
1733 2672 1865 2720 sunt
1901 2662 1970 2718 ad

380 2754 644 2808 thronum
684 2752 1216 2824 Constantinopolis,
1260 2764 1316 2812 et
1343 2755 1589 2813 habenas
1617 2755 1972 2812 administra-

378 2847 547 2903 tiOuis
599 2861 771 2901 sacra:
814 2847 918 2902 sibi
967 2856 1348 2919 sumpserunt,
1387 2850 1589 2920 populo
1639 2850 1857 2906 Domini
1888 2852 1971 2907 eis

383 2938 699 3006 commisso,
719 2940 870 3009 prius
896 2942 1106 2997 ornatis
1131 2941 1424 3011 pastoricia
1458 2942 1718 3015 dignitate
1738 2944 1973 3013 patriar-

383 3031 503 3095 chis
540 3046 635 3101 per
677 3032 912 3097 litteras,
956 3035 1023 3088 de
1057 3033 1221 3090 reetis
1251 3032 1601 3106 dogmatibus
1638 3034 1970 3107 signiﬁcent,

1994 1814 2041 1871 B

2062 553 2186 607 σθαι
2209 552 2351 606 ὥστε
2384 552 2510 615 τοὺς
2542 550 3015 622 ἀποκειρομένους
3046 551 3121 623 μή
3148 550 3420 624 πρότερον
3449 553 3509 607 ἐν
3538 553 3665 606 ἑτέ-

2062 663 2134 719 pq.
2170 645 2529 718 οἱᾳδηποτοῦν
2553 646 2651 717 τῆς
2682 645 2855 717 μονῆς
2886 645 3221 715 ἀπασχολεῖν
3251 641 3524 717 διακονίᾳ,
3557 645 3665 701 κᾶν

2060 739 2249 807 δεξιῶς
2285 739 2420 812 πρός
2455 756 2580 794 τινα
2623 739 2732 794 τῶν
2772 738 3035 795 τοιούτων
3065 738 3257 809 ἔχωσι,
3291 721 3428 809 πρὶν
3478 738 3551 793 ἂν
3595 739 3662 792 τδ

2062 830 2364 902 ψαλτήριον
2420 830 2603 895 καλῶς
2637 831 2948 901 ἐκμάθωσι,
2986 832 3082 885 καὶ
3126 831 3230 901 τὴν
3262 831 3463 901 λοιπὴν
3507 831 3664 886 ᾶπα-

2064 940 2166 976 σαν
2198 921 2550 986 ἀκολουθίαν,
2603 923 2671 994 ἡν
2719 922 3003 994 προσῆκόν
3045 924 3201 977 ἐστιν
3252 923 3665 993 ἀπαραιτήτως

2064 1015 2228 1069 παντὶ
2254 1015 2477 1087 μοναχῷ
2516 1015 2927 1082 ὲξεπίστασθαι,
2961 1010 3030 1089 ἦς
3054 1018 3123 1087 τῇ
3148 1015 3349 1086 ἀγνοίᾳ
3365 1015 3431 1067 οὐ
3460 1015 3665 1086 μικρδς

2064 1108 2165 1163 καὶ
2187 1110 2215 1162 ὁ
2242 1107 2423 1179 τυχὼν
2469 1107 2548 1179 τῷ
2577 1108 2688 1162 τῶν
2723 1108 2978 1181 μοναχῶν
3045 1108 3314 1179 πρόσεστι
3335 1144 3458 1187 ......
3482 1107 3536 1141 ⁷⁸
3562 1107 3668 1163 τά·-

2065 1218 2259 1272 γματι.

2139 1294 2283 1366 Πρὸς
2338 1292 2547 1358 τούτοις
2590 1293 2711 1348 δέον
2756 1310 2816 1348 σε
2863 1293 3179 1363 ἐγγράφους
3228 1293 3325 1348 καὶ
3368 1291 3663 1364 ausam;

2067 1388 2181 1450 τοῖς
2207 1386 2314 1440 ὑπὸ
2349 1386 2408 1440 σὲ
2438 1386 2548 1441 τῶν
2582 1386 2856 1457 ἐκκρίτων
2900 1388 3154 1457 μοναχῶς
3198 1387 3379 1449 πάσας
3422 1385 3526 1449 τὰς
3560 1384 3664 1454 τῆς

2073 1476 2240 1546 μονῆς
2270 1476 2509 1541 εἰσόδους
2549 1492 2609 1530 τε
2645 1477 2741 1531 καὶ
2771 1476 2982 1541 ἐξόδους
3016 1475 3530 1547 καταπράττεσθαι,
3565 1477 3665 1529 καὶ

2072 1568 2226 1633 ἐκτὸς
2259 1567 2562 1623 πεκουλίων
2614 1570 2898 1639 συντηρεῖν
2958 1568 3087 1632 τοὺς
3136 1569 3241 1622 ὑπὸ
3294 1567 3357 1621 σὲ
3406 1567 3663 1631 ἅπαντας

2075 1659 2431 1732 μονάζοντας·
2468 1662 2563 1715 καὶ⁸
2615 1660 2891 1732 ὲνισχύσει
2960 1662 3109 1731 ὑμᾶς
3143 1661 3351 1731 Κύριος
3381 1663 3411 1714 ὁ
3438 1661 3601 1725 Θεὸς.
3630 1664 3662 1714 δ

2072 1750 2243 1806 θέλων
2277 1750 2488 1813 πάντας
2521 1750 2846 1822 ἀνθρώπους
2887 1751 3162 1819 σωθῆναι,
3210 1751 3553 1822 ἐργάξεσθαι
3589 1754 3661 1803 τὰ

2067 1844 2169 1912 τῆς
2198 1843 2488 1907 εὐλαὸείας
2534 1844 2628 1897 καὶ
2653 1843 2753 1913 τῆς
2791 1843 3094 1914 ἀρεσκείας
3123 1843 3291 1898 αὐτοῦ
3316 1843 3482 1915 ἔργα,
3514 1843 3661 1912 μετὰ

2069 1935 2291 1991 πάντων
2335 1936 2444 1989 τῶν
2499 1938 2770 1990 συνόντων
2820 1936 2950 2006 ὑμῖν
2999 1936 3269 2006 ἀδελφῶν.
3304 1937 3418 1990 Καὶ
3442 1937 3667 2007 μνημό-

2066 2043 2227 2081 νευσε
2275 2026 2371 2081 καὶ
2416 2027 2525 2080 τῶν
2579 2026 2810 2098 πτωχῶν
2840 2026 3089 2096 ἀδελφῶν
3122 2026 3303 2097 ήμῶν,
3354 2029 3450 2082 καὶ
3497 2028 3666 2097 ἡμῶν

2068 2119 2376 2192 ὑπερεύχου
2437 2119 2580 2191 μετά
2632 2118 2817 2191 πάσης
2868 2119 2969 2190 τῆς
3023 2119 3084 2175 ὲν
3142 2119 3369 2192 Χριστῷ
3425 2119 3671 2192 ἀδελφό-

2067 2228 2254 2282 τητος,

2068 2326 2411 2395 Συστατικὴ
2449 2325 2777 2395 ἐπιστολὴ,
2818 2325 3167 2397 πεμπομένη
3200 2325 3362 2393 παρὰ
3388 2325 3510 2397 τοῦ
3540 2341 3667 2380 za-

2138 2398 2423 2467 τριάρχου
2465 2398 2577 2465 τῆς
2600 2396 3317 2462 Κωνσταντινουπόλεως,
3357 2396 3495 2465 ἄρτι
3531 2412 3667 2465 χει-

2131 2466 2586 2536 ροτονηθέντος.

2153 2582 2371 2653 Ἐπειδὴ
2418 2580 2703 2653 θέσπισμα
2740 2582 3115 2653 ἐπεκράτησεν
3164 2578 3667 2651 ἑκκλησιαστικδν,

2069 2675 2197 2738 τοὺς
2225 2674 2352 2747 ἄρτι
2383 2674 2798 2747 πατριαρχικῶς
2830 2674 2924 2727 ἐπὶ
2956 2673 3050 2726 τὸν
3092 2672 3282 2744 θρόνον
3310 2673 3674 2725 Κωνσταντι-

2071 2764 2375 2828 νουπόλεως
2406 2767 2694 2835 ἀρθέντος,
2739 2765 2834 2818 καὶ
2877 2764 2975 2827 τὰς
3004 2762 3325 2835 ίεραρχικάς
3355 2761 3518 2833 ήνίας
3542 2761 3677 2814 δια-

2073 2855 2445 2926 ζωσαμένους,
2470 2855 2565 2909 καὶ
2591 2855 2682 2908 τὸν
2704 2853 2833 2908 λαὸν
2857 2854 3064 2922 Κυρίου
3095 2851 3512 2914 πιστευθέντας,
3541 2851 3673 2912 τοῖς

2074 2944 2481 3017 προτελεσθεῖσι
2519 2945 2620 3014 τήν
2677 2942 3044 3013 ποιμαντικὴν
3074 2940 3235 3006 ἀξίαν
3283 2937 3671 3011 πατριάρχαις

2075 3038 2204 3107 περὶ
2226 3035 2336 3091 τῶν
2362 3035 2541 3108 ὀρθῶν
2568 3034 2859 3104 δογμάτων
2886 3033 3214 3098 δπιστεῖλαι,
3244 3031 3499 3100 καθάπερ
3514 3030 3671 3083 τισὶν

384 3131 644 3196 tanquam
686 3126 1131 3195 exploratoribus
1177 3135 1233 3182 ct
1285 3126 1509 3183 arbitris
1556 3128 1796 3197 probatre
1846 3128 1966 3184 ﬁdei

2080 3130 2391 3197 ὲξετασταῖς
2418 3127 2516 3183 καὶ
2538 3125 2874 3199 διαγνώμοσι
2903 3124 3000 3181 τοῦ
3042 3124 3195 3197 παρά
3227 3126 3377 3193 σφίσι
3403 3122 3673 3194 δοκιμῶυ

385 3232 498 3272 suae
530 3234 545 3283 ;
585 3227 646 3272 ut
685 3217 814 3272 inde
854 3217 1348 3288 societasejusdem
1378 3219 1655 3291 religionis
1696 3220 1969 3278 illustrius

385 3312 632 3376 elucens,
662 3312 1107 3382 coniunctionem
1148 3315 1199 3368 in
1232 3314 1343 3369 Deo
1371 3315 1702 3370 strictiorem
1732 3315 1968 3385 eﬁiciat;

386 3412 600 3474 patrum
644 3405 1028 3460 consuetudini
1062 3415 1338 3475 parentes,
1376 3407 1590 3464 litteras
1624 3407 1788 3464 hasce
1820 3424 1973 3464 com-

386 3493 738 3549 mendatitias
767 3508 1077 3561 exaramus,
1109 3510 1230 3567 quae
1271 3496 1654 3566 compendium
1695 3497 1969 3568 quoddam

388 3596 499 3637 tam
530 3594 664 3639 acta:
694 3600 722 3638 a
753 3586 911 3642 nobis
941 3586 1085 3654 vitae,
1117 3600 1279 3659 quam
1309 3588 1595 3645 sententiae
1627 3587 1694 3645 de
1723 3589 1972 3646 doctrina

385 3687 611 3745 nostrae,
634 3679 975 3735 contineant.

456 3861 695 3933 Majores
744 3863 902 3919 nobis
933 3862 1083 3919 fucrc
1116 3862 1190 3933 pii
1219 3870 1475 3936 parentes
1507 3864 1563 3919 in
1612 3864 1799 3920 eadem
1845 3880 1969 3921 cum

382 3956 496 4011 illis
525 3954 794 4011 sententia
823 3973 837 4009 :
867 3954 1184 4020 htereditas,
1219 3964 1443 4026 accepta
1469 3956 1622 4027 quasi
1649 3971 1745 4025 per
1777 3972 1972 4014 manus

390 4047 521 4103 ﬁdes
548 4046 876 4102 orthodoxa.
899 4044 1094 4102 Nullus
1125 4048 1271 4103 enim
1298 4048 1353 4101 in
1394 4046 1553 4104 nobis
1577 4048 1784 4104 exstitit
1816 4064 1973 4104 amor

390 4154 571 4195 rerum
599 4138 954 4194 caducarum.
979 4138 1296 4194 Institutum
1320 4139 1512 4202 animi,
1548 4139 1654 4193 vita
1677 4140 1972 4210 tranquilla

390 4238 665 4287 mercatus
708 4231 1013 4298 doctrinae,
1063 4231 1268 4286 virtute
1312 4231 1665 4301 prteditorum
1717 4231 1969 4288 imitatio.

389 4320 701 4377 Secundum
734 4324 850 4377 haec
890 4338 1105 4378 morum
1167 4323 1397 4377 mutatio
1452 4322 1683 4396 vitaeque
1718 4324 1974 4379 solitariae

393 4414 655 4469 studium.
691 4414 928 4467 Tantum
959 4414 1116 4479 satis,
1142 4411 1208 4467 ad
1240 4415 1648 4485 exprimendam
1681 4417 1834 4487 quasi
1866 4416 1974 4471 for-

391 4519 532 4558 mam
557 4505 680 4560 vita:
698 4514 919 4559 nostrae.

366 4648 376 4657 ,
460 4595 615 4661 Quod
641 4596 837 4649 attinet
869 4595 1174 4651 doctrinam
1200 4597 1323 4653 ﬁdei
1351 4616 1365 4652 :
1406 4598 1696 4656 Credimus
1726 4600 1781 4654 in
1805 4594 1973 4656 unum

2071 3225 2172 3292 τῆς
2205 3223 2462 3284 πίστεως,
2489 3218 2555 3273 ἶν’
2579 3218 2877 3290 ὲντεῦθενή
2903 3217 3163 3272 κοινωνία
3187 3214 3282 3269 τοῦ
3314 3213 3678 3283 σεδάσματος

2072 3315 2458 3386 ἀριδηλότερον
2504 3312 2895 3382 ἀναλάμψασα,
2926 3311 3026 3381 τὴν
3078 3310 3222 3365 κατά
3269 3308 3402 3362 Θεὸν
3458 3307 3678 3361 ἕνωσιν

2071 3407 2407 3477 οἰκειοτέραν
2438 3404 2905 3476 ὲναπεργάσηται·
2950 3403 3262 3475 πειθόμενοι
3298 3404 3364 3474 τῇ
3393 3402 3603 3473 συνηθε
3616 3400 3680 3474 ig

2073 3499 2183 3553 τῶν
2232 3497 2509 3568 πατέρων,
2546 3496 2642 3565 τὴν
2690 3496 2795 3550 ἀνά
2845 3498 3032 3568 χεῖρας
3076 3495 3285 3564 ταύτην
3320 3493 3679 3561 συστατικὴν

2074 3588 2359 3660 ἐπιστολὴν
2408 3589 2838 3659 ἑγχαράττομεν,
2894 3588 3164 3661 ἐπιτομήν
3230 3602 3353 3641 τινα
3386 3584 3486 3638 τοῦ
3533 3583 3678 3638 καθ’

2073 3681 2219 3753 ἡμᾶς
2256 3679 2374 3750 βίου
2431 3680 2524 3732 καὶ
2581 3677 2673 3731 τοῦ
2732 3675 3068 3749 δογματικοῦ
3113 3677 3461 3748 φρονήματος
3495 3690 3677 3745 περι-

2074 3773 2197 3845 έχου
2205 3767 2323 3826 σαν.

2155 3864 2320 3935 Ἡμῖν
2354 3863 2599 3927 εὐσεϐεῖς
2645 3862 2926 3937 πρόγονοι,
2963 3861 3290 3933 γεννήτορες
3332 3857 3680 3929 ὁμογνώμο-

2071 3973 2163 4021 νες
2196 3956 2402 4020 αὐτοῖς·
2440 3957 2663 4027 κλῆρος,
2688 3955 2723 4026 ή
2744 3954 2962 4026 διαδοχὴ
2990 3957 3090 4025 τῆς
3125 3952 3452 4024 ὀρθοδοξίας.
3481 3950 3683 4021 Ἔρω-

2072 4064 2141 4101 τα
2170 4049 2281 4120 γὰρ
2315 4048 2411 4102 τοῦ
2444 4049 2595 4102 κάτω
2630 4047 2841 4120 ῥέοντος
2872 4049 2973 4100 οὐκ
3001 4046 3287 4117 ἐλάϐομεν.
3335 4043 3683 4113 Ἐπιτήδευ-

2079 4159 2155 4213 μα
2188 4142 2267 4202 δὲ,
2298 4141 2555 4212 γαλήνιος
2593 4141 2725 4211 βίος,
2767 4139 2861 4193 καὶ
2914 4138 3087 4207 λόγων
3117 4136 3375 4208 ἐμπορία,
3410 4132 3510 4188 καὶ
3548 4133 3685 4201 τῶν

2074 4236 2345 4305 ὲναρέτων
2406 4234 2662 4305 μίμησις.
2706 4229 2842 4286 Εῐτα
2873 4229 3150 4302 μεταεολὴ
3183 4229 3411 4299 τρόπου,
3439 4225 3547 4280 καὶ
3575 4226 3683 4279 τοῦ

2079 4326 2366 4395 μοναδικοῦ
2400 4324 2796 4395 πολιτεύματος
2833 4320 3203 4392 ἀντιποίησις·
3242 4317 3481 4374 τοσαῦτα
3538 4319 3683 4391 μὲν,

2075 4421 2155 4484 εἰς
2183 4418 2507 4491 χαρακτῆρα
2537 4416 2631 4470 τοῦ
2670 4414 2792 4469 καθ’
2823 4416 2969 4485 ἡμᾶς
3004 4414 3143 4485 βίου.

2142 4601 2225 4655 Τὰ
2244 4600 2300 4654 δὲ
2334 4598 2430 4653 τοῦ
2458 4600 2619 4669 λόγου
2651 4598 2751 4671 τῆς
2787 4598 3044 4661 πίστεωςο
3074 4595 3412 4666 Πιστεύομεν
3439 4596 3536 4660 είς
3573 4596 3687 4652 ἕνα

390 4686 589 4742 Deum.
638 4686 705 4740 Et
739 4701 861 4756 quae
911 4696 1219 4759 sequuntur
1273 4690 1386 4760 (54)
1430 4708 1445 4745 :
1501 4688 1677 4746 Unam
1718 4693 1966 4749 deitatem

2080 4693 2230 4755 Θεὸν,
2256 4690 2443 4745 καὶτὰ
2475 4690 2622 4761 ἑξῆς.
2662 4691 2812 4745 Μίαν
2842 4689 3074 4760 θεότητα
3098 4686 3458 4760 γνωρίζομεν,
3500 4686 3690 4755 δοξα-

393 4778 764 4851 aguoscimus,
817 4795 939 4851 quae
988 4781 1167 4838 trihus
1217 4784 1269 4837 in
1323 4784 1573 4854 personis
1617 4784 1966 4857 gloriﬁcatur1

2080 4782 2309 4852 ζομένην
2359 4783 2418 4833 ὲν
2462 4781 2642 4852 τρισὶν
2672 4778 3057 4843 ὑποστάσεσιν,
3086 4778 3389 4848 ἀδιαίρετον
3441 4777 3560 4847 μὲν
3609 4784 3682 4852 τῇ

393 4880 589 4926 natura
617 4869 833 4942 quidem
868 4873 1181 4941 indivisam,
1207 4876 1303 4932 sed
1334 4877 1647 4933 distinctam
1674 4879 1966 4950 proprieta-

2080 4873 2259 4943 φύσει,
2293 4873 2572 4943 διαιρετὴν
2617 4872 2673 4926 δὲ
2707 4874 2827 4935 ταῖς
2865 4870 3142 4942 ἰδιότησιν.
3182 4869 3547 4941 ’Δσπάζομαι
3574 4874 3685 4937 τὰς

393 4960 561 5016 tibus.
587 4961 903 5032 Amplector
933 4972 1152 5019 sanctas
1177 4982 1248 5021 vn
1279 4965 1520 5037 synodos
1544 4967 1903 5034 universales,
1927 4981 1966 5024 οι

2080 4966 2247 5035 ἁγίας
2286 4964 2674 5036 οἰκουμενικάς
2712 4965 2756 5030 ζ’
2778 4964 3054 5028 συνόδους,
3090 4962 3181 5017 καὶ
3209 4962 3277 5016 τὰ
3303 4962 3437 5033 παρ’
3469 4963 3684 5018 αὐτῶν

392 5053 462 5108 ab
500 5052 581 5142 eis
610 5061 814 5110 statuta
855 5057 1061 5127 recipio
1114 5067 1165 5113 et
1206 5065 1431 5127 accepto
1457 5059 1639 5114 omnia
1680 5075 1696 5113 :
1734 5060 1966 5129 primam

2080 5061 2507 5131 δογματισθέντα
2565 5059 2746 5114 πάντα
2793 5058 3022 5131 δέχομαί
3056 5077 3115 5113 τε
3162 5058 3261 5114 καὶ
3288 5059 3677 5131 ἀποδέχομαι

392 5143 612 5213 quidem
673 5145 840 5201 veluti
879 5163 1000 5217 quae
1040 5147 1231 5202 Arium
1262 5147 1546 5218 deiecerit,
1583 5148 1669 5204 cui
1713 5164 1743 5204 a
1784 5150 1966 5206 furore

2080 5151 2173 5224 τὴν
2205 5153 2304 5224 μὲν
2357 5152 2601 5224 πρώτην,
2634 5150 2709 5217 ὥς
2737 5154 2955 5223 Ἀρειον
3000 5154 3351 5221 καθελοῦσαν,
3405 5154 3507 5206 τὸν
3572 5153 3680 5224 τῆς

386 5250 696 5307 cognomen
728 5238 834 5294 fuit
864 5239 1121 5305 inditum,
1154 5255 1279 5294 cum
1312 5241 1549 5295 alienum
1587 5240 1790 5296 faceret
1815 5254 1845 5294 a
1874 5256 1966 5296 na-

2081 5248 2280 5316 μανίας
2309 5246 2617 5318 ἐπώνυμον,
2653 5247 3021 5313 ἀποξενοῦντα
3049 5228 3538 5320 τῆξτοῦᾟαψδς
3571 5248 3683 5318 φύ-

386 5335 518 5412 t_u_ra
553 5327 733 5386 Patris
778 5330 977 5386 Filium
1019 5351 1033 5386 :
1072 5331 1322 5397 alteram,
1361 5331 1526 5386 veluti
1561 5345 1682 5402 qua:
1716 5332 1966 5387 insanum

2080 5354 2217 5400 σεως
2251 5338 2342 5391 τδν
2376 5338 2523 5392 Υίόνο
2555 5338 2653 5409 τὴν
2678 5339 2734 5393 δὲ
2766 5340 3046 5412 δευτέραν,
3070 5340 3145 5405 ὡς
3178 5339 3677 5409 τδνοφρενοόλαδῆ

387 5405 770 5477 ξίξιοθάοηὶωη
813 5422 1150 5479 damnaverit
1176 5462 1192 5486 ,
1234 5421 1605 5493 blasphemiae
1643 5422 1712 5479 de
1758 5421 1966 5494 Spiritu

2080 5428 2413 5483 Μακεδνῖνιον
2466 5405 2955 5503 ἐξοστρακίσασαν,
3006 5405 3493 5504 βλασφημήσαντα

1686 5561 1921 5619 VARUS
1956 5561 2358 5627 LECTIONES.

1942 5705 2172 5763 ΝΟΤᾸΞ.

462 5634 513 5668 ³⁵
543 5633 696 5690 deest
719 5632 986 5697 κίνδυνος.

460 5798 584 5871 436)
628 5796 763 5855 Vide
790 5796 1192 5854 confessionem
1222 5808 1564 5868 sequentem.
