3948 6556
300 378 439 451 115⁵1

1590 384 1633 447 G
1645 381 2285 447 RzECO-ROMANUM
2300 426 2315 445 .

3416 358 3582 455 uss

293 499 390 555 τοῦ
434 497 594 568 ἁγίου
639 497 979 572 Πνεύματος·
1010 498 1110 572 τὴν
1137 497 1195 553 δὲ
1238 496 1450 571 τρίτην,
1475 498 1888 573 tb;&1top§i¢a~l

1993 505 2180 553 sancto
2226 497 2575 571 prolocutum
2616 514 2630 552 :
2679 496 2917 566 tertiam,
2953 497 3121 557 veluti
3173 515 3296 573 qua:
3351 501 3584 573 impium

295 607 401 645 σαν
442 591 536 645 τδν
563 590 801 663 δυσσεϐῆ
830 590 1149 659 Νεστόριον,
1177 590 1452 664 ληροῦντα
1485 590 1639 662 ψιλὸν
1669 590 1886 661 ἄνθρωο

292 698 400 735 πον
446 681 540 737 τὸν
577 681 837 753 Χριστὸν,
873 682 967 737 καὶ
1001 681 1101 753 τὴν
1137 682 1490 753 πανύμνητον
1516 680 1882 754 ἀπαρνούμε-

292 791 387 827 νον
406 771 692 829 Θεοτόκον’
729 772 829 844 τὴν
866 772 924 828 δὲ
955 773 1248 847 τετάρτην,
1277 774 1354 838 ῶς
1388 772 1482 828 τὸν
1516 773 1886 846 ἀτυχέστατον

295 865 542 937 Εὐτυχῆ,
565 865 662 920 καὶ
686 865 780 920 τὸν
805 865 1081 936 ἀλάστορα
1107 865 1401 938 Διόσκορον
1434 865 1885 938 καταρῤάξασαν,

293 956 426 1022 τοὺς
456 958 557 1022 τὰς
584 958 645 1011 ὲν
676 956 899 1030 Χριστῷ
924 957 1018 1012 δύο
1040 958 1231 1029 φύσεις
1262 958 1401 1029 πρὸς
1438 958 1570 1030 μίαν
1607 960 1886 1031 τραπῆναι

295 1051 695 1123 φλυαροῦντας,
750 1050 847 1106 καὶ
899 1051 1166 1123 σύγχυσιν
1219 1050 1402 1106 αὐτῶν
1432 1050 1880 1123 δογματίζονταςο

292 1144 395 1218 τὴν
429 1145 485 1200 δὲ
517 1144 798 1217 πέμπτην,
831 1143 907 1210 ὡς
949 1143 1435 1214 άναθεματίσασαν
1472 1142 1543 1197 τά
1589 1144 1763 1215 μιαρά
1797 1143 1884 1199 δό-

292 1256 486 1311 γματα
510 1237 838 1311 Νεστορίουξ
862 1238 958 1293 καὶ
992 1236 1295 1308 Θεοδώρου¹
1322 1237 1418 1291 τοῦ
1469 1236 1881 1307 Μοψουεστίας,

293 1333 394 1387 καὶ
437 1332 770 1404 Ὠριγένους,
801 1331 898 1387 καὶ
931 1330 1189 1403 Διδύμου,
1222 1330 1317 1387 καὶ
1342 1330 1641 1401 Εὑαγρίου,
1664 1332 1771 1386 τῶν
1795 1332 1885 1387 ἐλ-

294 1426 669 1499 ληνοφρόνων,
705 1426 950 1497 βαθμοὺς
1000 1426 1255 1496 θεότητος
1304 1425 1757 1491 άναπλασάντων,
1790 1428 1885 1481 καὶ

293 1518 489 1589 ψυχῶν
535 1517 913 1591 προῦπάρξεις
939 1560 954 1586 ,
991 1517 1087 1572 καὶ
1131 1518 1557 1588 μετεγγισμοὺς,
1608 1518 1704 1572 καὶ
1732 1518 1886 1583 τέλος

294 1611 597 1676 κολάσεως,
655 1612 753 1665 καὶ
801 1610 1073 1682 δαιμόνων
1136 1610 1610 1666 ἀποκατάστασινο
1674 1612 1772 1684 τὴν
1827 1612 1885 1666 δὲ

295 1702 488 1774 ἕκτην,
544 1702 621 1767 ὡς
668 1702 1057 1775 ἀπορρίψασαν
1111 1702 1239 1767 τοὺς
1288 1704 1435 1773 ἀμφὶ
1478 1703 1757 1776 Ὀνώριον,
1790 1706 1887 1761 καὶ

295 1793 545 1865 Σέργιον,
575 1794 1010 1866 κα⁶ι.Μακάριον,
1039 1796 1168 1860 τοὺς
1206 1788 1567 1868 παράφρονας
1596 1798 1692 1852 καὶ
1719 1815 1884 1871 τερα-

292 1885 571 1956 τολόγους,
601 1887 660 1940 ἒν
702 1886 913 1959 θέλημα
947 1889 1043 1943 καὶ
1068 1889 1199 1960 μίαν
1234 1889 1521 1962 ἐνέργειαν
1547 1890 1771 1963 Χριστῷ
1809 1890 1885 1963 τῷ

294 1980 356 2033 ὲν
390 1979 515 2033 δυσὶ
551 1979 784 2049 φύσεσιν
820 1980 1261 2053 ἐπιγράψαντας·
1292 1982 1394 2055 τὴν
1423 1983 1480 2037 δὲ
1512 1982 1769 2057 ἑϐδόμην,
1809 1984 1886 2049 ὡς

292 2069 399 2143 τὴν
445 2071 871 2142 είκονομαχικην
924 2071 1131 2126 λύσσαν
1185 2074 1690 2145 καταπατήσασαν.
1734 2073 1883 2146 Αῦτη

300 2176 409 2230 μου
456 2160 559 2231 τῆς
602 2160 840 2225 πίστεως
865 2162 1143 2234 ὁμολογία.
1196 2165 1417 2237 Ταύτην
1468 2167 1545 2231 ὡς
1595 2168 1655 2221 ὲν
1691 2168 1885 2224 πίνακι

292 2250 729 2323 διαχαράξαντες
751 2256 1077 2327 γράμμασιν
1104 2257 1575 2332 ὲξαπεστείλαμεν
1606 2264 1689 2326 είς
1714 2263 1883 2334 ὑμᾶς,

297 2345 390 2399 ἴνα
435 2344 496 2399 τὸ
542 2345 790 2419 δοκίμιον
820 2348 922 2419 τῆς
949 2350 1229 2421 ἡμετέρας
1273 2353 1562 2419 εὐσεϐείας
1604 2355 1885 2429 γνώριμον

299 2438 433 2509 ὑμῖν
466 2440 569 2511 ἤδη
603 2440 923 2512 γενόμενον,
961 2443 1205 2517 συνδήσῃ
1242 2446 1405 2500 πλέον
1434 2449 1513 2511 εἰς
1540 2448 1755 2516 ἕνωσιν,
1788 2452 1885 2505 καὶ

295 2532 429 2597 τοὺς
455 2535 746 2599 κοινωνοὺς
779 2535 880 2606 τῆς
914 2536 1175 2604 πίστεως,
1222 2540 1514 2604 κοινωνοὺς
1547 2540 1747 2615 ποιήσῃ
1787 2543 1884 2597 καὶ

296 2628 401 2699 τῆς
438 2629 683 2702 ἀγάπης,
716 2632 899 2686 πᾶσαν
920 2633 1221 2687 σκανδάλου
1249 2633 1527 2705 πρόφασιν
1550 2635 1646 2689 κα)¹
1676 2637 1884 2708 πέτραν

297 2722 731 2792 προσκόμματος
783 2724 849 2776 ὲκ
900 2723 1066 2793 μέσου
1099 2724 1449 2797 ποιούμενον.
1495 2726 1555 2780 '0
1584 2726 1641 2781 δὲ
1676 2728 1746 2782 τὰ
1805 2727 1886 2783 δι-

296 2813 518 2867 εστῶτα
548 2814 859 2881 συνάπτων,
894 2816 978 2888 εῑη
1016 2818 1112 2871 καὶ
1145 2818 1470 2888 ποιμαίνων,
1504 2819 1598 2873 καὶ
1650 2836 1885 2891 συμποι-

298 2907 542 2977 μαίνων,
570 2910 669 2963 καὶ
691 2909 830 2981 πρδς
854 2910 951 2964 τὸν
980 2910 1224 2982 μάνδραν
1252 2910 1519 2981 ἄγωνζτοῦ
1545 2911 1686 2966 Πνεύ
1694 2930 1882 2983 ματος.

298 3000 578 3073 Πρόσειπε
624 3001 717 3055 τδν
749 3001 893 3055 κατὰ
928 3002 987 3056 σὲ
1020 3002 1181 3071 ἁγίαν
1225 3001 1464 3058 σύνοδον.
1498 3002 1565 3056 Σὲ
1595 3004 1629 3075 ὴ
1665 3002 1884 3068 σύνοδος

298 3093 360 3146 ἔν
389 3092 584 3165 Κυρίῳ
612 3094 1036 3167 προσαγορεύει.

1914 1845 1961 1906 Β

1988 591 2140 647 illum
2174 582 2487 647 Nestorium
2529 589 2803 661 reiecerit,
2849 592 2941 663 qui
2987 607 3085 663 per
3113 592 3364 650 delirium
3394 594 3586 650 trade-

1987 681 2099 750 bat,
2129 682 2411 739 Christum
2456 698 2580 739 esse
2624 683 2831 740 nudum
2864 684 3145 739 hominem
3166 723 3183 750 ,
3219 697 3273 742 et
3306 687 3454 742 omni
3496 687 3583 742 di-

1988 788 2151 846 gnam
2181 776 2343 831 laude
2372 775 2661 847 Deiperam
2692 776 3086 833 inﬁciabatur:
3113 785 3387 849 quartam,
3412 779 3584 836 veluti

1988 881 2109 938 qua:
2154 866 2599 924 infelicissimum
2670 869 2972 941 Eutychem
3017 869 3154 941 (55),
3198 879 3247 926 et
3284 870 3581 927 alastorem

1987 958 2142 1014 illum
2174 958 2500 1015 Dioscorum
2537 962 2920 1031 prostraverit,
2957 962 3051 1033 qui
3092 962 3231 1019 duas
3262 962 3317 1018 in
3358 962 3582 1020 Christo

1988 1061 2217 1106 naturas
2265 1065 2565 1109 conversas
2605 1053 2660 1107 in
2705 1068 2870 1109 unam
2910 1054 3250 1126 garriehant,
3295 1061 3350 1111 et
3389 1070 3581 1112 earum

1988 1139 2374 1198 confusionem
2415 1142 2702 1198 tradebant
2733 1163 2746 1200 :
2787 1146 3059 1215 quintam,
3090 1145 3258 1202 veluti
3293 1161 3414 1217 quae
3444 1160 3581 1201 aua-

1988 1234 2217 1289 themati
2246 1234 2547 1305 subiecerit
2577 1236 2695 1291 dira
2740 1236 2995 1307 dogmata
3040 1237 3280 1294 Nestorii
3319 1248 3374 1293 et
3398 1238 3583 1296 Theo-

1986 1324 2107 1382 dori
2141 1325 2513 1395 Mopsuestani
2539 1329 2814 1399 praesulis,
2866 1337 2922 1385 et
2958 1327 3228 1401 Origenis,
3257 1339 3312 1385 et
3340 1328 3577 1401 Didymi,

1986 1426 2040 1475 et
2067 1419 2310 1489 Evagrii.
2333 1436 2574 1492 paganas
2593 1422 2895 1479 sententias
2930 1424 3305 1493 sequentium,
3336 1424 3428 1495 qui
3457 1438 3582 1495 gra-

1987 1513 2091 1569 dus
2144 1512 2367 1568 deitatis
2398 1513 2675 1570 ﬁnxerunt
2700 1524 2754 1571 et
2782 1516 3088 1572 animorum
3119 1516 3577 1587 praeexistentias,

1987 1613 2042 1661 et
2066 1606 2648 1679 appropinquationes,
2683 1616 2736 1663 et
2778 1608 2937 1664 linem
2981 1610 3260 1681 supplicii,
3290 1619 3344 1664 et
3371 1611 3579 1664 daemo-

1987 1712 2117 1751 num
2152 1696 2205 1750 in
2235 1696 2509 1767 integrum
2548 1698 2948 1754 restitutionem
2980 1699 3433 1763 :sextam,veluti
3459 1714 3580 1769 qua:

1989 1787 2240 1855 Honorii,
2258 1787 2456 1861 Sergii,
2476 1788 2695 1844 Macarii
2714 1798 3016 1846 sectatores
3040 1790 3314 1861 reiecerit,
3329 1789 3581 1845 homines

1990 1881 2218 1939 insanos
2279 1890 2334 1937 et
2381 1889 2753 1952 portentosos,
2797 1882 2889 1951 qui
2923 1894 3092 1937 unam
3122 1882 3467 1937 voluntatem
3525 1889 3581 1936 et

1987 1987 2154 2027 unam
2188 1972 2457 2028 duntaxat
2506 1973 2777 2029 actionem
2811 1973 3055 2039 Christo,
3097 1972 3314 2028 naturis
3363 1971 3580 2028 duabus

1986 2064 2290 2130 constanti,
2347 2064 2725 2135 ascripserunt
2780 2082 2794 2118 :
2855 2064 3186 2135 septimam,
3234 2063 3402 2121 veluti
3460 2078 3582 2134 quae

1988 2154 2235 2211 furorem
2260 2156 2736 2212 iconomachicum
2766 2157 3188 2227 proculcaverit.
3206 2155 3331 2211 Haec
3348 2165 3431 2212 est
3457 2155 3578 2211 ﬁdei

1986 2262 2122 2305 meae
2148 2247 2447 2305 confessio.
2487 2245 2643 2304 Hanc
2666 2249 2816 2304 velut
2845 2249 2899 2304 in
2928 2248 3116 2304 tabula
3151 2248 3349 2305 litteris
3381 2263 3580 2305 exara.

1985 2347 2097 2395 tam
2135 2340 2388 2398 misimus
2450 2339 2626 2406 vobis,
2664 2350 2724 2394 ut
2764 2339 2985 2411 pietatis
3014 2346 3221 2395 nostrae
3259 2339 3576 2399 sinceritas.

1985 2446 2109 2503 quae
2131 2432 2247 2499 jam
2283 2431 2438 2488 vobis
2473 2431 2736 2495 innotuit,
2778 2445 2879 2486 nos
2924 2429 3165 2501 amplius
3199 2430 3266 2484 ad
3317 2429 3579 2484 unionem

1987 2524 2230 2597 colliget,
2259 2529 2315 2580 et
2344 2524 2468 2579 tidei
2503 2523 2803 2595 participes
2832 2523 2997 2579 etiam
3036 2522 3326 2579 charitatis
3354 2521 3581 2593 partici-

1986 2632 2083 2687 pes
2111 2617 2347 2685 reddat;
2382 2630 2600 2673 omnem
2639 2615 2986 2671 occasionem
3018 2614 3266 2671 scandali
3326 2625 3380 2670 et
3411 2612 3580 2670 ollen-

1972 2692 2154 2765 diculi
2186 2707 2421 2796 lapidem
2463 2722 2494 2763 e
2534 2707 2715 2763 medio
2742 2705 2969 2761 tollens.
3005 2703 3109 2771 Qui
3149 2717 3277 2759 vero
3304 2702 3581 2773 disiuncta

1988 2800 2294 2872 coniungit,
2334 2800 2476 2855 idem
2506 2813 2607 2855 nos
2634 2808 2687 2855 et
2720 2808 2933 2887 pascat,
2974 2804 3028 2853 et
3066 2805 3405 2866 compascat,
3433 2801 3485 2849 et
3512 2797 3580 2849 ad

1988 2893 2203 2948 caulam
2240 2890 2483 2962 Spiritus
2510 2891 2767 2946 deducat.
2822 2884 3013 2944 saluta
3059 2895 3305 2943 sanctam
3351 2884 3493 2956 apud
3527 2892 3583 2938 te

1987 2983 2278 3056 synodum.
2305 2984 2437 3051 Qua:
2459 2983 2748 3041 nobiscum
2777 2981 3024 3055 synodus
3072 2988 3176 3044 est,
3202 2980 3257 3034 in
3274 2978 3504 3033 Domino
3529 2983 3583 3032 te

1986 3080 2209 3137 salutat.

320 3205 406 3292 ἰζ
431 3208 596 3277 παρὰ
625 3207 745 3292 tibi:
774 3209 1259 3292 θεοφιλεστάτων
1287 3213 1750 3292 μητροποίῑιτεῦν
1788 3214 1886 3270 καί

1993 3192 2231 3266 Symbolz'
2265 3192 2460 3258 cautio,
2489 3208 2606 3263 quae
2633 3208 2730 3292 pro
2763 3206 2907 3246 more
2943 3189 3193 3292 ρνιέτριανί
3217 3187 3346 3270 solet
3383 3205 3415 3241 α
3451 3186 3582 3241 reli-

2068 3265 2382 3292 ...'..-.'-...‘m.'.
2404 3273 2637 3292 mnu-nun.
2667 3264 2827 3292 ἔοι.ηὲ.
2851 3271 3002 3292 ΔΙηα-ιι
3043 3275 3320 3292 annon-Indue
3358 3270 3582 3292 lanarum-4

373 3280 1174 3354 dpztsatmxdxwrovrﬁomc
1199 3280 1268 3335 ἐν
1290 3280 1383 3354 τῷ,
1405 3280 1589 3353 καιρῷ
1613 3283 1723 3352 τῆς
1762 3304 1886 3354 Zet-

362 3350 648 3419 ροτονίας
685 3350 970 3421 γινομένη
1024 3351 1130 3406 τοῦ
1188 3350 1512 3422 συμϐόλου
1555 3350 1883 3424 ἀσφάλεια.

375 3463 627 3519 Πιστεύω
678 3465 760 3529 είς
817 3466 914 3519 ἕνα
967 3464 1125 3530 Θεὸν,
1153 3466 1379 3540 Πατέρα
1437 3470 1884 3542 παντοκράτορα,

300 3556 537 3626 ποιητὴν
570 3556 806 3625 ούρανοῦ
861 3555 957 3610 καὶ
991 3556 1119 3627 γῆς,
1174 3557 1387 3629 ὁρατῶν
1437 3576 1498 3613 τε
1549 3561 1768 3615 πάντων
1795 3564 1890 3617 καὶ

299 3648 573 3720 ἀοράτων,
626 3649 722 3701 καὶ
773 3647 854 3712 είς
886 3647 983 3701 ἓνα
1012 3648 1219 3721 Κύριον
1266 3649 1473 3721 Ἰησοῦν
1503 3652 1760 3723 Χριστὸν,
1796 3656 1890 3710 τὸν

301 3737 434 3793 Υίὸν
458 3739 554 3793 τοῦ
585 3738 719 3793 Θεοῦ
747 3739 838 3794 τὸν
858 3741 1146 3811 μονογενῆ,
1172 3741 1265 3795 τὸν
1297 3743 1362 3796 ὲκ
1391 3743 1485 3796 τοῦ
1519 3744 1734 3816 Πατρὺς
1763 3762 1889 3814 γεν-

298 3829 540 3904 νηθέντα
588 3832 696 3902 πρὸ
747 3831 968 3888 πάντων
1018 3832 1129 3888 τῶν
1168 3834 1403 3899 αἰώνων,
1438 3838 1556 3903 φῶς
1584 3838 1650 3890 ὲκ
1686 3838 1886 3907 φωτὸς,

301 3924 440 3979 Θεὸν
495 3925 753 3997 ἀληθινὸν
803 3928 869 3980 ὲκ
920 3924 1058 3981 Θεοῦ
1109 3925 1389 3996 ἀληθινοῦ,
1446 3927 1778 3999 γεννηθέντα
1825 3930 1888 3985 οὐ

303 4013 625 4085 ποιηθέντα,
658 4016 949 4089 όμοούσιον
1009 4016 1089 4088 τῷ
1147 4018 1346 4089 Πατρὶ,
1398 4017 1468 4071 δι’
1497 4013 1560 4074 οὗ
1606 4018 1675 4074 τὰ
1709 4020 1889 4083 πάντα

302 4108 545 4179 ἐγένετοο
576 4109 668 4163 τὸν
701 4109 769 4164 δι’
794 4110 946 4181 ἡμᾶς
973 4109 1101 4172 τοὺς
1132 4109 1479 4181 ἀνθρώπους,
1529 4113 1626 4165 καὶ
1671 4111 1758 4165 διὰ
1790 4115 1891 4183 τὴν

302 4202 589 4273 ἡμετέραν
629 4203 904 4275 σωτηρίαν
957 4201 1292 4257 κατελθόντα
1352 4203 1418 4257 ὲκ
1469 4203 1579 4257 τῶν
1617 4204 1887 4275 οὐρανῶν,

306 4295 403 4349 καὶ
442 4294 797 4366 σαρκωθέντα
854 4296 920 4349 ὲκ
977 4294 1299 4367 Πνεύματος
1356 4295 1515 4365 άγίου
1549 4295 1644 4351 καὶ
1670 4297 1892 4369 Μαρίας

306 4387 411 4457 τῆς
443 4386 746 4459 Παρθένου,
805 4387 901 4443 καὶ
948 4388 1469 4460 ὲνανθρωπήσαντα,
1508 4389 1891 4461 σταυρωθέντα

302 4492 368 4531 τε
419 4477 561 4549 ὑπὲρ
613 4478 774 4550 ἡμῶν
807 4479 900 4533 ἐπὶ
946 4480 1175 4535 Ποντίου
1204 4479 1460 4548 Πιλάτου,
1490 4480 1584 4535 καὶ
1627 4481 1890 4551 παθόντα,

2061 3265 2382 3335 giosissimis
2404 3260 2827 3332 meti-opelitanis
2848 3260 3341 3330 etarchiepiscoiiis,
3356 3270 3586 3327 tempore

2061 3335 2437 3391 ordinationis.

2058 3450 2236 3507 Credo
2290 3449 2345 3503 in
2388 3461 2557 3503 unum
2616 3447 2807 3512 Deum,
2860 3442 3076 3499 Patrem
3132 3440 3583 3513 omnipotentem,

1991 3542 2243 3615 Opiﬁcetn
2280 3540 2406 3597 cmli
2444 3549 2497 3596 et
2537 3548 2718 3604 terrae,
2770 3534 3195 3607 aspectabilium
3237 3532 3482 3588 omnium
3530 3538 3589 3587 et

1991 3633 2467 3704 inaspectabilium
2522 3649 2537 3687 :
2587 3638 2641 3685 et
2702 3629 2755 3683 iu
2816 3642 2985 3683 unum
3045 3625 3335 3680 Dominum
3400 3622 3589 3679 Jesum

1990 3727 2294 3788 Christum,
2326 3724 2523 3779 Filium
2551 3722 2643 3777 Dei
2672 3720 3037 3792 unigenitum,
3067 3718 3321 3785 exAPatre
3346 3717 3589 3789 genitum

1992 3829 2120 3876 ante
2141 3820 2328 3875 omnia
2362 3818 2589 3882 saecula,
2617 3817 2800 3869 lumen
2836 3814 2904 3868 de
2937 3812 3163 3877 lumine,
3194 3809 3362 3867 Deum
3398 3824 3589 3863 rerum

1992 3912 2060 3969 de
2085 3911 2196 3967 Deo
2228 3923 2359 3965 vero
2392 3908 2655 3980 genitum,
2690 3919 2800 3959 non
2834 3903 3036 3959 factum
3073 3919 3088 3971 ;
3124 3902 3585 3959 consubstantia-

1991 4005 2098 4060 lem
2130 4001 2311 4070 Patri,
2344 4014 2439 4071 per
2463 4014 2625 4071 quem
2656 3997 2841 4052 omnia
2874 3994 3017 4049 facta
3048 4004 3178 4050 sunt
3213 3993 3341 4063 :qui
3367 4002 3593 4064 prepter

1990 4109 2093 4150 nos
2120 4092 2394 4156 homines,
2426 4099 2479 4145 et
2515 4095 2737 4160 propter
2759 4087 2993 4141 salutem
3024 4094 3272 4140 nostram
3300 4083 3591 4140 descendit

1992 4185 2060 4241 de
2102 4184 2281 4247 coctis,
2314 4191 2368 4238 et
2412 4182 2735 4236 incarnatus
2784 4187 2868 4233 est
2910 4177 2978 4233 de
3022 4176 3229 4247 Spiritu
3276 4183 3490 4241 sancto,
3523 4188 3592 4230 ex

1992 4276 2163 4332 Maria
2196 4273 2440 4347 Virgine,
2475 4283 2531 4330 et
2568 4273 2738 4327 homo
2789 4270 2971 4327 factus
3012 4278 3131 4335 est;
3171 4268 3264 4339 qui
3295 4267 3593 4325 cruciﬁxus

1994 4378 2079 4427 est
2108 4384 2206 4441 pro
2238 4368 2398 4423 nobis
2439 4366 2540 4421 sub
2570 4363 2768 4420 Pontio
2815 4363 3016 4427 Pilato,
3056 4369 3110 4417 et
3144 4376 3346 4432 passus
3394 4369 3500 4425 est,
3536 4369 3593 4417 et

1997 4463 2267 4534 sepultus,
2294 4471 2345 4518 et
2366 4459 2669 4517 resurrexit
2695 4458 2784 4515 die
2812 4458 2973 4514 tertia
2997 4456 3298 4513 secundum
3334 4452 3593 4524 Scriptu¢

306 4569 407 4623 καὶ
450 4546 713 4639 ταφέντα,
745 4570 842 4625 καὶ
869 4572 1181 4626 ἀναστάντα
1233 4574 1300 4644 τῇ
1340 4546 1503 4647 τρίτῃ
1534 4573 1719 4647 ἡμέρᾳ
1748 4546 1888 4630 κατά

1996 4570 2108 4621 ras,
2150 4563 2204 4609 et
2258 4553 2503 4609 ascendit
2538 4552 2605 4606 ad
2656 4551 2851 4612 caelos.
2901 4559 2956 4605 et
3002 4548 3158 4605 sedet
3200 4546 3265 4603 ad
3309 4548 3596 4602 dexteram

306 4662 410 4723 τὰς
448 4661 696 4734 Γραφάς,
741 4663 840 4718 καὶ
871 4664 1167 4718 ἀνελθόντα
1194 4665 1275 4728 είς
1308 4664 1437 4729 τοὺς
1475 4666 1765 4737 οὐρανοὺς,
1800 4668 1894 4721 καὶ

309 4750 675 4822 καθεζόμενον
707 4754 767 4809 ὲν
798 4753 953 4826 δεξιᾷ
992 4754 1089 4808 τοῦ
1143 4754 1379 4826 Πατρὺς,
1403 4754 1498 4809 καὶ
1551 4755 1715 4811 πάλιν
1741 4757 1897 4829 ὲρχό⁴

316 4859 477 4913 μενον
534 4844 674 4913 μετὰ
717 4843 909 4916 δόξης,
944 4846 1128 4916 κρῖναι
1163 4844 1373 4910 ζῶντας
1418 4847 1514 4900 καὶ
1548 4848 1800 4919 νεκροὺς,
1832 4841 1894 4902 οῦ

308 4932 412 5004 τῆς
443 4931 721 5003 βασιλείας
772 4934 876 4988 οὐκ
939 4934 1094 4989 ἔσται
1132 4935 1313 5001 τέλοςο
1349 4936 1444 4991 καὶ
1474 4937 1555 5002 είς
1583 4938 1643 4991 τὸ
1669 4939 1898 5011 Πνεῦμα

311 5024 375 5079 τὸ
409 5024 586 5095 ἅγιον,
617 5026 679 5081 τὸ
702 5026 929 5096 Κύριον,
961 5027 1024 5081 τὸ
1049 5026 1336 5095 ζωοποιὸν,
1370 5027 1431 5081 τὸ
1465 5029 1529 5082 ἐκ
1551 5028 1654 5099 ,τοῦ
1683 5029 1899 5104 Πατρός

314 5116 776 5190 ἐκπορευόμενον,
808 5118 870 5173 τδ
907 5118 1006 5173 σῦν
1036 5119 1212 5190 Πατρὶ
1244 5118 1339 5172 καὶ
1381 5118 1499 5190 Υίῷ
1543 5137 1898 5192 συμπροσκυ-

313 5207 578 5280 νούμενον
624 5210 721 5263 καὶ
772 5208 1249 5278 σονδοξαζόμενον,
1300 5208 1359 5261 τὸ
1402 5206 1643 5280 λαλῆσαν
1672 5210 1761 5264 διὰ
1787 5211 1896 5265 τῶν

314 5301 642 5374 προφητῶνο
697 5303 778 5366 είς
830 5303 960 5374 μίαν
1005 5301 1169 5371 άγίαν
1198 5300 1497 5373 καθολικὴν
1529 5303 1622 5357 καὶ
1663 5303 1897 5357 ἀποστο-

315 5392 476 5467 λικὴν
520 5393 870 5467 Ἐκκλησίαν.
927 5394 1206 5465 Ὀμολογῶ
1248 5393 1306 5447 ἐν
1334 5393 1620 5468 βάπτισμα
1646 5397 1725 5460 εἰς
1759 5397 1896 5466 ἄφε-

321 5503 408 5541 σιν
459 5487 767 5559 ἁμαρτιῶν.
823 5487 1121 5559 Προσδοκῶ
1168 5486 1469 5541 ἀνάστασιν
1521 5488 1753 5560 νεκρῶν,
1802 5488 1899 5543 καὶ

316 5578 467 5651 ζωὴν
501 5579 597 5634 τοῦ
632 5578 923 5653 μέλλοντος
977 5578 1198 5644 αἰῶνος.
1257 5580 1453 5652 Ἀμήν.
1494 5579 1640 5652 Πρὸς
1686 5578 1895 5643 τούτοις

1988 4652 2192 4715 Patris,
2211 4657 2263 4705 et
2287 4662 2505 4703 rursum
2532 4649 2797 4699 venturus
2821 4652 2906 4699 est
2928 4656 3052 4697 cum
3078 4636 3595 4713 gloria,iudicatum

1962 4744 2146 4800 'vivos
2168 4750 2219 4795 et
2255 4744 2527 4801 mortuos,
2559 4735 2719 4804 cuius
2748 4744 2978 4804 regnum
3000 4730 3161 4786 ﬁnem
3192 4746 3299 4786 non
3327 4730 3549 4786 habebit
3574 4749 3591 4786 :

1994 4847 2047 4893 et
2076 4835 2131 4890 in
2174 4831 2438 4904 Spiritum
2474 4834 2749 4891 sanctum,
2783 4822 3111 4893 Dominum,
3158 4821 3464 4889 viviﬁcum,
3494 4818 3591 4892 qui

1995 4944 2060 4986 ex
2092 4926 2255 4982 Patre
2285 4921 2532 4996 procedit
2565 4917 2702 4991 (56),
2722 4916 2815 4988 qui
2848 4932 2970 4972 cum
2988 4912 3151 4972 Patre
3178 4931 3243 4972 ac
3270 4914 3410 4971 Filio
3426 4913 3595 4971 simul

2004 5022 2286 5084 adorator,
2321 5024 2376 5073 et
2424 5012 2588 5070 simul
2630 5009 3005 5084 gloriﬁcatur,
3036 5009 3131 5080 qui
3164 5024 3261 5081 per
3295 5009 3596 5081 prephetas

2006 5122 2089 5172 est
2114 5114 2349 5168 locutus.
2384 5106 2556 5164 Credo
2585 5106 2638 5159 in
2669 5119 2830 5159 unam
2866 5109 3113 5158 sanctam
3145 5101 3507 5157 universalcm
3539 5106 3595 5155 et

2005 5203 2361 5276 apostolicam
2410 5198 2735 5253 Ecclesiam.
2776 5194 3053 5251 Conﬁteor
3098 5210 3269 5249 unum
3324 5190 3597 5263 baptisma

2008 5297 2074 5352 ad
2112 5302 2463 5367 peccatorum
2496 5287 2899 5346 remissionem.
2931 5287 3202 5359 Exspecto
3230 5284 3597 5341 resurrectio-

2004 5406 2128 5448 nem
2172 5396 2539 5449 mortuorum,
2596 5390 2651 5437 et
2691 5381 2856 5435 vitam
2914 5379 3085 5434 futuri
3142 5376 3600 5435 smeuli.‘Amen.

2003 5482 2212 5539 Practer
2255 5479 2374 5534 hmc
2403 5476 2612 5547 recipio
2638 5482 2861 5530 sanctas
2892 5478 2947 5528 et
2992 5470 3335 5527 universales
3383 5478 3597 5542 septem

2005 5573 2265 5646 synodos,
2298 5585 2420 5643 qua:
2447 5565 2885 5625 conservationis
2924 5572 3242 5621 sanctorum
3274 5563 3597 5635 dogmatum

1834 5749 2070 5808 NOTAE.

395 5854 508 5931 (55)
537 5852 643 5921 Qui
676 5851 891 5920 Latine,
924 5848 1101 5906 Felix.

2088 5844 2199 5918 (56)
2233 5844 2456 5902 Graecus
2488 5856 2667 5912 error,
2698 5841 2775 5898 illi
2810 5839 2957 5928 genti
2992 5837 3309 5910 peculiaris.
