3948 6560
411 360 555 433 1159

1710 353 1746 417 J
1752 354 1849 415 US
1881 348 2329 414 CANONICUM

3545 342 3689 411 1160

409 496 576 542 causa
606 477 755 535 ruere
779 482 1003 542 coactae,
1038 472 1366 546 promittens
1406 483 1492 525 me
1525 475 1761 526 statutos
1807 468 1876 524 ab
1912 467 1993 523 eis

2111 460 2431 533 ίιποδέχομαι
2468 458 2563 522 τὰς
2600 454 2756 526 ἁγίας
2799 455 2894 510 καὶ
2917 456 3309 528 οίκουμενικὰς
3332 457 3376 524 ζ’
3404 458 3683 522 συνόδους.

410 586 650 631 canones
700 569 1079 639 amplexurum
1134 571 1190 621 et
1248 570 1595 621 servaturum
1639 559 1989 629 :itidemque

414 669 638 721 sanctas
668 656 1112 720 constitutiones,
1138 666 1479 724 quaecunque
1507 650 1715 706 sanctis
1745 664 1775 704 a
1808 647 1989 703 Patri-

411 756 514 811 bus
553 750 759 809 nostris
791 748 1146 821 promulgatae
1173 753 1321 810 sunt,
1350 742 1583 799 diversis
1608 740 1991 800 occasionibus

409 861 461 904 et
493 844 874 918 temporibus:
904 853 1119 901 omnes,
1148 834 1408 907 quasipsi
1444 833 1733 903 recipiunt,
1766 846 1889 886 cum
1910 828 1993 886 eis

409 939 657 1010 recipio;
691 944 746 991 et
771 948 910 1005 quas
935 939 1277 995 aversantur,
1306 942 1430 983 cum
1459 926 1539 982 eis
1572 938 1816 980 aversos.
1851 921 1996 977 Prae-

412 1042 564 1088 terea
594 1044 781 1100 pacem
813 1024 1248 1083 ecclesiasticam
1291 1019 1537 1091 spondeo
1574 1024 1659 1073 me
1702 1028 1997 1072 conserva-

414 1132 623 1188 turum,
668 1135 768 1175 nec
804 1126 918 1173 toto
959 1115 1085 1170 vitae
1120 1127 1255 1167 mea:
1294 1121 1540 1181 tempore
1586 1107 1866 1177 quidpiam
1916 1104 1993 1160 illi

414 1215 705 1269 adversum
750 1212 805 1265 in
854 1209 1040 1264 animo
1089 1206 1403 1275 habiturum
1450 1201 1593 1258 :sed
1633 1201 1687 1255 in
1741 1198 1996 1254 omnibus

412 1308 804 1364 obsecuturum
829 1313 882 1359 et
907 1312 1307 1357 consensnrum
1327 1294 1553 1350 Nicolao
1574 1291 1925 1349 sanctissimo
1943 1296 1998 1344 et

416 1397 714 1454 universali
743 1393 1091 1467 patriarchae.
1122 1388 1389 1444 Polliceor
1405 1388 1684 1447 etiam,me
1713 1384 1768 1437 in
1803 1381 1998 1436 timore

415 1491 635 1548 Domini
676 1498 730 1546 et
774 1499 956 1544 mente
1005 1483 1259 1554 religiosa
1303 1487 1580 1536 recturum
1616 1491 1832 1548 gregem
1874 1473 1995 1529 ﬁdei

416 1595 552 1637 mea
603 1579 1066 1641 commendatum,
1100 1572 1370 1629 servando
1423 1570 1688 1640 meipsum
1735 1567 1805 1621 ab
1848 1565 1998 1619 omni

420 1688 583 1744 prava
636 1671 948 1740 suspicione
1004 1683 1224 1738 purum,
1278 1670 1541 1736 quantum
1585 1659 1801 1731 quidem
1851 1674 1881 1712 a
1915 1672 2002 1713 me

420 1765 668 1836 praestari
704 1764 922 1835 poterit.
969 1760 1188 1829 Scripta
1233 1767 1365 1812 sunt
1408 1757 1524 1810 haec
1570 1769 1735 1809 manu
1778 1752 2000 1822 propria

2097 554 2299 618 αἵτινες
2377 553 2468 607 ἐπὶ
2520 551 2736 622 φυλακῇ
2780 549 2891 605 τῶν
2932 549 3148 605 σεπτῶν
3210 551 3506 622 δογμάτων
3558 567 3691 603 συν-

2098 646 2500 722 ηθροίσθησαν,
2537 643 2924 715 καθομολογῶν
2969 644 3099 706 τούς
3141 643 3236 698 ὑπ’
3285 643 3469 697 αὐτῶν
3501 643 3691 715 διωρι-

2101 740 2333 813 σμένους
2363 738 2615 809 στέργειν
2663 737 2764 792 καὶ
2825 736 3123 806 φυλάττειν
3175 736 3433 801 κανόνας,
3463 736 3560 790 καὶ
3588 736 3689 798 τὰς

2101 833 2265 903 ἁγίας
2314 830 2624 896 διατάξεις,
2665 831 2791 884 ὅσαι
2840 830 2958 892 τοῖς
3022 830 3184 899 ἱεροῖς
3232 827 3392 897 ἡμῶν
3436 828 3691 899 Πατράσι

2100 923 2241 980 κατὰ
2288 923 2583 994 διαφόρους
2614 921 2844 990 καιροὺς
2898 920 2994 974 καὶ
3039 921 3266 990 χρόνους
3298 919 3691 992 ἐτυπώθησαν

2103 1015 2338 1078 πάντας,
2370 1011 2465 1077 οὒς
2499 1012 2876 1082 ἀποδέχονται,
2911 1010 3432 1082 συναποδεχόμενοςο
3468 1010 3563 1064 καὶ
3591 1009 3692 1072 οὓς

2102 1106 2573 1178 ἀποστρέφονται.
2627 1103 3232 1173 συναποστρεφόμενος.
3274 1103 3397 1156 Ἔτι
3441 1102 3540 1156 καὶ
3587 1102 3690 1173 τὴν

2104 1200 2565 1273 ἐκκλησιαστικὴν
2599 1200 2825 1270 εἰρήνην
2866 1196 3114 1267 ὁμολογῶ
3143 1193 3555 1264 διαφυλάττειν,
3592 1195 3689 1248 καὶ

2104 1295 2225 1348 κατ’
2252 1293 2446 1347 οὐδένα
2471 1291 2674 1362 τρόπον
2709 1290 2936 1345 ἐναντία
2974 1288 3147 1360 αὐτῆς
3199 1291 3421 1359 φρονεῖν
3444 1288 3535 1342 διὰ
3568 1287 3687 1358 βίου

2106 1384 2329 1447 παντὸς,
2366 1383 2506 1438 κατὰ
2555 1384 2736 1437 πάντα
2785 1383 3053 1451 ἑπόμενος
3108 1381 3203 1434 κα)⁸
3239 1379 3559 1451 συμφωνῶν
3587 1378 3687 1431 Νι-

2108 1480 2289 1551 κολάῳ
2318 1478 2396 1549 τῷ
2428 1479 2721 1548 ἁγιωτάτῳ
2770 1478 2867 1531 καὶ
2923 1472 3290 1546 οίκουμενικῷ
3343 1473 3684 1544 πατριάρχη.

2108 1570 2669 1644 Προσεπαγγέλλομαί
2721 1586 2780 1623 τε
2827 1570 2886 1622 ὲν
2917 1568 3068 1639 φόϐῳ
3122 1566 3259 1620 Θεοῦ
3301 1567 3397 1621 καὶ
3444 1566 3689 1633 θεοφιλεί

2107 1665 2303 1737 γνώμῃ
2358 1664 2457 1735 τὴν
2508 1661 2950 1733 ἑγχειρισθεϊσάν
3014 1677 3105 1731 μοι
3161 1659 3403 1731 ποίμνην
3441 1657 3684 1723 ἰθύνειν,

2110 1755 2291 1825 πάσης
2356 1755 2598 1826 πονηρᾶς
2646 1752 2974 1824 ὑπολήψεως
3005 1751 3248 1824 καθαρὸν
3292 1751 3530 1822 εμαυτδν
3559 1766 3683 1803 συν-

422 1835 489 1912 N.
551 1854 899 1926 presbyteri.
965 1866 1028 1906 ac
1098 1850 1369 1919 designati
1450 1845 1691 1917 episcopi
1760 1843 2000 1898 civitatis

2111 1849 2306 1920 τηρῶν,
2362 1850 2487 1904 ὅσον
2528 1865 2619 1919 μοι
2659 1848 2908 1919 περίεστι
2944 1845 3192 1917 δύναμις.
3222 1844 3468 1916 Ἐγράφη
3511 1843 3683 1898 ταῦτα

422 1949 489 2004 Ν.
533 1964 656 2019 qua-
693 1946 958 2001 divinitus
1012 1950 1285 2010 servatur,
1341 1954 1526 1996 mense
1563 1979 1577 1993 .
1610 1979 1626 1997 .
1662 1976 1677 1991 .
1712 1977 1727 1992 .
1761 1950 1827 1991 ac
1859 1934 2000 1990 indi-

422 2052 627 2098 cttone.
663 2078 677 2093 .
714 2079 730 2094 .
765 2078 779 2093 .

428 2235 697 2300 Precatio,
751 2251 868 2306 quas
938 2249 1122 2306 coram
1170 2233 1490 2306 imperatore
1528 2228 1628 2298 legi
1668 2224 1799 2281 solet
1838 2241 1872 2280 α
1903 2241 2004 2280 ms-

781 2304 1101 2375 tropolitano
1158 2301 1334 2357 recens
1367 2301 1633 2356 ordinato.

502 2419 741 2476 Sanctus
774 2418 866 2473 ille
891 2417 1056 2481 Deus,
1084 2415 1179 2486 qui
1208 2430 1272 2469 ex
1296 2412 1619 2468 inmeditate
1654 2426 1753 2468 sua
1779 2410 2001 2476 eximia,

429 2512 560 2567 inde
589 2526 766 2581 usque
799 2509 867 2565 ab
912 2509 1035 2563 alvo
1063 2515 1308 2562 materna
1346 2505 1509 2576 elegit
1534 2512 1588 2559 te
1618 2505 1673 2558 in
1704 2505 2003 2574 imperato-

429 2616 545 2657 rem
580 2600 816 2655 universi
852 2597 1105 2667 corporis
1143 2606 1308 2666 atque
1330 2603 1508 2650 curtus
1569 2592 1892 2656 Christiani,
1950 2601 2007 2646 et

431 2709 598 2764 supra
634 2692 880 2748 divinum
934 2697 1299 2758 sanctumque
1333 2697 1500 2757 caput
1554 2694 1709 2740 tuum
1738 2694 2003 2740 coronant

430 2783 703 2855 praeliosis
728 2779 958 2852 gemmis
980 2781 1303 2834 adornatam
1322 2775 1606 2846 imposuit,
1627 2774 1791 2844 idque
1814 2781 2006 2830 sancto

431 2892 535 2932 suo
560 2874 777 2930 inunsit
807 2873 927 2928 oleo
951 2911 967 2938 ,
1021 2870 1177 2927 solus
1206 2869 1293 2925 ille
1328 2867 1528 2934 bonus,
1571 2866 1626 2921 in
1688 2864 2007 2922 misericorc

431 2967 524 3024 dia
556 2978 611 3023 et
656 2965 857 3037 abysso
910 2962 1265 3033 benignitatis
1310 2960 1626 3031 opulentus,
1655 2972 1689 3012 ο
1743 2966 2007 3013 coronato

433 3060 821 3129 custoditeque
856 3056 1128 3112 divinitus
1156 3061 1349 3110 sancte
1376 3054 1703 3123 imperator,
1728 3050 1821 3121 qui
1840 3050 2003 3105 etiam

2100 1941 2190 1994 διὰ
2220 1940 2403 2012 χειρὸς
2464 1938 2599 2011 ἐμοῦ
2624 1938 2815 2005 αὐτοῦ,
2843 1937 2936 1992 τοῦ
2985 1938 3134 1991 δεῖνα
3160 1936 3563 2007 πρεσϐυτέρου,
3592 1935 3683 1987 καὶ

2102 2030 2415 2103 ὐποψηφίου
2440 2032 2542 2102 τῆς
2562 2030 2867 2085 θεοσώστου
2900 2030 3108 2093 πόλεως
3135 2029 3233 2099 τῆς
3261 2027 3434 2095 δεῖνα,
3454 2027 3680 2100 μηνὶ....

2102 2125 2198 2179 καὶ
2238 2114 2684 2195 ἐπινεμήσει.....

2100 2238 2272 2309 Εὐχὴ
2304 2236 2834 2309 ἀναγινωσκομένη
2863 2234 3123 2290 ἐνώπιον
3168 2235 3483 2309 βασιᾴέως
3524 2235 3682 2303 arani

2307 2304 2758 2380 λιητροπολίτου
2798 2306 2928 2373 ἄρτι
2957 2304 3500 2375 χειροτονηθέντος.

2184 2420 2247 2477 Ὀ
2278 2421 2463 2485 Θεὸςὸ
2495 2421 2673 2489 ἅγιος,
2706 2423 2735 2474 ὁ
2761 2420 2826 2474 ὲκ
2858 2419 2958 2490 τῆς
2988 2418 3158 2474 αὐτοῦ
3192 2418 3505 2491 ὲξαιρετέου
3549 2419 3678 2489 κλη-

2103 2512 2382 2586 ρονομίας,
2437 2512 2496 2579 ἐξ
2548 2512 2720 2580 αὐτῆς
2754 2510 2946 2583 νηδύος
3003 2512 3279 2582 μητρυιῆς
3317 2509 3680 2580 ἑκλεξάμενός

2105 2622 2165 2659 σε
2199 2607 2280 2668 εἱς
2311 2605 2539 2675 βασιλέα
2558 2603 2654 2658 τοῦ
2676 2603 3052 2676 χριστιανικοῦ
3084 2603 3284 2669 παντὸς
3312 2602 3682 2675 πληρώματος

2112 2700 2209 2752 καὶ
2247 2697 2619 2768 συστήματος.
2662 2696 2757 2749 καί⁵
2810 2697 2903 2748 ἐπὶ
2940 2695 3041 2765 τὴν
3073 2694 3226 2748 θείαν
3257 2694 3355 2750 καὶ
3400 2695 3557 2766 ἱερὰν
3590 2696 3684 2767 σὴν

2104 2788 2350 2860 κεφαλὴν
2381 2788 2644 2857 στέφανον
2680 2786 2795 2849 θεὶς
2827 2788 2891 2841 ὲκ
2929 2786 3092 2841 λίθων
3115 2785 3312 2856 τιμίων
3348 2802 3686 2841 κατεσκευα-

2106 2881 2326 2951 σμένον,
2375 2880 2471 2934 καὶ⁸
2522 2877 2728 2949 ταύτην
2773 2877 2939 2947 ἐλαίῳ
2973 2878 3167 2947 χρίσας
3196 2875 3339 2947 ἁγίῳ
3370 2874 3564 2941 αὐτοῦ,
3590 2876 3685 2931 αὐο

2103 2975 2196 3038 τὸς
2228 2976 2255 3027 ὁ
2305 2973 2465 3044 μόνος
2519 2970 2744 3042 ἀγαθὸς,
2775 2971 2835 3023 ὲν
2862 2970 3013 3024 ὲλέει
3048 2970 3144 3023 καὶ
3199 2968 3424 3040 ἁϐύσσῳ
3463 2969 3690 3041 χρηστό-

2104 3081 2267 3135 τητος
2322 3062 2581 3126 πλούσιος
2609 3100 2626 3125 ,
2678 3061 2974 3115 θεὸστεπτε
3033 3060 3408 3132 θεοφρούρητε
3471 3059 3687 3131 βασιλεῦ

431 3168 499 3209 ex
536 3153 739 3224 populo
761 3165 862 3207 suo
892 3146 1159 3222 peculiari
1190 3146 1381 3218 deligit
1409 3144 1700 3215 pontiﬁces
1729 3158 1794 3198 ac
1821 3156 2006 3198 sacer-

2111 3158 2257 3229 ἅγιε,
2289 3158 2319 3210 δ
2366 3156 2463 3211 καὶ
2514 3157 2579 3209 ὲκ
2627 3153 2723 3208 τοῦ
2774 3152 2940 3207 αὐτοῦ
2972 3152 3286 3223 περιουσίου
3317 3152 3449 3208 λαοῦ
3515 3152 3689 3207 λαΰὼν

434 3242 615 3309 dotes,
656 3250 715 3296 ut
743 3255 841 3312 pro
865 3236 1268 3303 misericordia,
1301 3236 1436 3300 vita,
1463 3234 1713 3301 victoria,
1749 3234 2007 3304 percurri-

435 3342 573 3400 tate,
632 3346 788 3404 pace,
838 3329 1181 3393 valetudine,
1238 3342 1303 3383 ac
1354 3327 1531 3384 salute
1562 3325 1867 3397 maiestatis
1900 3332 2009 3379 tute

433 3422 718 3480 Christum
781 3420 1040 3485 amantis,
1095 3426 1151 3474 et
1188 3431 1286 3487 pro
1316 3415 1642 3488 ignorantiis
1674 3414 1883 3485 pupuli,
1925 3414 2009 3467 in-

436 3525 697 3572 cruentas
735 3513 841 3584 ipsi
874 3512 1083 3567 bostias
1105 3510 1374 3570 oll'erant;
1406 3524 1582 3564 meam
1615 3522 1837 3579 quoque
1865 3506 2011 3562 servi

442 3605 688 3673 humilis,
750 3604 802 3657 in
847 3605 947 3656 hac
983 3603 1118 3656 liora
1151 3600 1520 3673 precationem
1560 3599 1703 3654 bane
1732 3598 2010 3659 exaudiat,

439 3705 496 3753 et
528 3703 790 3766 augustos
833 3706 1134 3763 sacrosque
1166 3691 1334 3762 pedes
1367 3698 1491 3746 tuos
1518 3689 1573 3744 in
1604 3689 1714 3743 lato
1743 3688 2012 3759 spatioso-

437 3803 547 3860 que
579 3787 834 3851 collocct,
881 3784 1180 3855 subjiciens
1221 3781 1302 3839 eis
1340 3797 1534 3839 omnes
1594 3779 1929 3852 alienigenas
1957 3788 2014 3834 et

444 3881 711 3938 barbaras
798 3878 1092 3944 nationes;
1171 3891 1376 3946 easque
1447 3888 1550 3930 ceu
1631 3874 1911 3944 pulverem
1971 3887 2002 3927 a

438 3971 577 4028 facie
619 3972 766 4027 venti
811 3970 1065 4039 dissipet,
1126 3982 1191 4023 ac
1239 3967 1425 4022 hostes
1479 3973 1603 4020 tuos
1639 3963 2013 4020 internecione

437 4065 619 4122 deleat
653 4071 758 4120 :ut
811 4062 867 4116 in
901 4058 1174 4133 profunda
1230 4074 1365 4130 pace
1424 4068 1626 4116 sortem
1677 4055 2013 4113 bareditatis

445 4167 555 4212 tua:
607 4156 702 4212 tibi
734 4155 1041 4224 subditam,
1070 4159 1284 4225 gentem
1314 4151 1464 4207 illam
1496 4159 1770 4215 sanctam,
1800 4149 2010 4221 regium

438 4249 789 4305 sacerdotum
817 4261 1056 4318 gregem,
1090 4244 1238 4316 regia
1268 4258 1393 4298 cum
1424 4243 1687 4315 dignitate
1713 4257 1780 4298 ac
1803 4243 2015 4314 magni-

440 4341 541 4396 ﬁce
606 4355 787 4411 regas,
839 4340 1142 4409 plenasque
1202 4335 1503 4405 gratiarum
1564 4334 1798 4391 actionis
1850 4349 2013 4392 voces

440 4447 661 4490 sursum
689 4430 756 4485 ad
778 4427 948 4484 Deum
972 4431 1194 4493 mittas;
1226 4427 1320 4497 qui
1346 4426 1491 4482 diem
1514 4442 1680 4497 supra
1707 4427 1849 4483 diem
1876 4442 2014 4498 prte-

2110 3251 2385 3323 άρχιερεῖς
2413 3264 2474 3301 τε
2519 3248 2614 3302 καὶ
2648 3247 2831 3318 ἱερεῖς,
2878 3247 2952 3310 ὼς
2997 3246 3064 3300 ἂν
3096 3246 3238 3318 ὑπὲρ
3272 3246 3485 3314 ἐλέους,
3526 3247 3690 3316 ζωῆς,

2111 3344 2291 3413 νίκης,
2321 3341 2604 3411 διαμονῆς,
2632 3339 2881 3411 εἱρήνης,
2908 3339 3141 3406 ὑγιείας,
3170 3339 3264 3392 καὶ
3295 3340 3576 3409 σωτηρίας
3600 3339 3690 3393 τοῦ
3724 3412 3731 3417 ἢ

2112 3432 2461 3503 φιλοχρίστου
2499 3430 2734 3503 κράτους
2761 3430 2940 3501 ὐμῶν,
2964 3432 3061 3483 καὶ
3082 3430 3189 3483 τῶν
3211 3429 3307 3484 τοῦ
3334 3430 3469 3485 λαοῦ
3498 3432 3691 3503 ἀγνοη-

2115 3523 2303 3596 μάτων
2336 3524 2438 3588 τὰς
2492 3521 2866 3593 ἀναιμάκτους
2898 3520 3049 3591 αὐτῷ
3073 3520 3266 3586 Θυσίας
3312 3523 3689 3593 προσφέροιεν,

2112 3614 2409 3669 ὲπακούσοι
2431 3613 2610 3685 κάμοῦ
2640 3612 2734 3667 τοῦ
2766 3612 3027 3668 ταπεινοῦ
3062 3614 3122 3665 ὲν
3155 3617 3221 3685 τῇ
3249 3613 3373 3685 ὥρα
3402 3613 3579 3686 ταύτῃ
3600 3614 3695 3682 τῆς

2112 3706 2395 3779 παρούσης
2453 3706 2640 3776 εὐχῆς,
2695 3705 2789 3760 καὶ
2850 3705 3036 3776 στήσοι
3071 3705 3197 3769 τοὺς
3251 3703 3571 3775 βασιλικούς
3607 3723 3695 3760 σου

2114 3801 2293 3865 θείους
2353 3798 2523 3861 πόδας
2580 3800 2640 3851 ἐν
2703 3798 3025 3870 εὐρυχώρῳ,
3092 3796 3371 3863 ὐποτάξας
3427 3800 3610 3854 πάντα
3633 3798 3697 3852 τὰ

2114 3895 2392 3966 ἀλλόφυλα
2422 3895 2517 3948 καὶ
2555 3892 2812 3965 βάρεαρα
2859 3893 2954 3946 ὑπ’
3001 3891 3201 3955 αὐτοὺς
3230 3891 3382 3964 ἔθνη,
3422 3894 3523 3945 καὶ
3569 3892 3698 3945 ὡσεὶ

2114 3987 2399 4060 χοῦνκατὰ
2418 3986 2709 4058 πρόσωπον
2729 3985 2932 4055 ἀνέμου
2963 3983 3104 4038 αὐτὰ
3130 3983 3421 4049 λεπτύναι,
3455 3983 3554 4037 καὶ
3576 3982 3699 4045 τοὺς

2114 4075 2344 4146 ἐχθρούς
2375 4089 2471 4127 σου
2492 4071 2922 4142 ὲξολοθρεύσειεν
2944 4089 2957 4105 ·
2993 4073 3079 4126 ἵνα
3108 4074 3166 4126 ἑν
3195 4072 3388 4146 εἱρήνῃ
3412 4071 3608 4145 βαθείᾳ
3641 4071 3700 4126 τὸ

2114 4168 2214 4237 τῆς
2271 4166 2371 4236 σῆς
2409 4166 2778 4237 κληρονομίας
2827 4166 3069 4238 ὑπήκοον
3106 4166 3423 4237 σχοίνισμα,
3446 4167 3508 4220 τὸ
3547 4167 3698 4235 ἅγιον

2116 4254 2290 4321 ἔθνος,
2313 4255 2377 4309 τὸ
2403 4253 2672 4326 βασίλειον
2709 4255 3030 4327 ἱεράτευμα,
3066 4254 3363 4326 βασιλικῶς
3396 4257 3573 4310 τεκαὶ
3602 4271 3697 4327 με·

2117 4348 2484 4419 γαλοπρεπῶς
2510 4347 2789 4414 διιθύνοις,
2813 4347 2910 4402 καὶ
2955 4349 3414 4421 εὐχαριστηρίους
3450 4348 3700 4417 ἀναπέμο

2121 4460 2246 4507 ποις
2274 4442 2462 4511 φωνὰς
2495 4441 2571 4511 τῷ
2596 4439 2811 4511 Θεῷ,ὃς
2838 4440 3054 4514 ἡμέραν
3087 4441 3409 4514 ἐφ’ήμέρας
3440 4442 3541 4513 τῆς
3570 4458 3700 4514 ιιρα-

439 4521 646 4593 potenti
677 4528 993 4590 sanctasque
1024 4517 1297 4588 majestati
1330 4528 1438 4573 tua:
1469 4517 1714 4588 adjiciat,
1746 4525 1799 4573 et
1838 4534 2006 4574 annos

2121 4538 2285 4599 ταιᾶς
2315 4535 2410 4588 καὶ
2430 4533 2591 4602 ἁγίας
2616 4533 2717 4603 σῆς
2741 4532 3023 4604 βασιλείας
3054 4534 3377 4607 προσθήσοι,
3399 4536 3498 4589 καὶ
3512 4534 3609 4608 ἔτη
3633 4535 3701 4588 τὰ

441 4621 566 4669 tuos
596 4619 892 4668 conservet
927 4611 985 4665 in
1043 4608 1455 4681 generationem
1502 4618 1559 4665 et
1586 4610 2013 4681 generationem,

443 4714 605 4775 teque
642 4718 875 4775 regnare
903 4702 1034 4759 velit
1063 4717 1241 4773 usque
1273 4700 1342 4756 ad
1376 4700 1512 4758 ﬁnes
1567 4701 1858 4772 praesentis
1916 4717 2020 4759 sae-

445 4795 579 4857 culi,
607 4809 671 4848 ac
704 4808 893 4850 semen
928 4800 1083 4848 tuum
1115 4792 1169 4847 in
1201 4798 1461 4863 perpetua
1488 4793 1841 4849 successione
1866 4792 2019 4864 paci-

449 4885 548 4953 ηερ
573 4895 881 4940 conservet.
919 4885 1095 4940 Etiam
1134 4884 1246 4948 ﬁat,
1280 4884 1392 4950 ﬁat,
1444 4885 1791 4956 omnipotens
1849 4883 2017 4954 Deus,

448 4986 502 5033 et
528 4970 651 5032 cum
678 4976 783 5053 hoc
811 4986 1031 5033 terreno
1055 4991 1222 5046 regno
1254 4977 1496 5035 caelestis
1520 4991 1739 5048 quoque
1763 4978 1912 5051 regni
1938 4979 2017 5033 tui

446 5069 748 5145 participes
775 5084 873 5125 eos
906 5068 1131 5124 efﬁcias.
1166 5069 1432 5135 Quoniam
1461 5084 1623 5126 omne
1654 5070 1860 5126 donum
1894 5085 2020 5141 per-

448 5163 649 5219 fectum
688 5162 832 5233 apud
862 5170 913 5216 te
933 5161 1111 5216 solum
1149 5163 1314 5216 Deum
1349 5170 1455 5227 est,
1487 5165 1580 5234 qui
1610 5170 1831 5219 nostras
1852 5162 2019 5219 etiam

446 5269 641 5324 preces
669 5252 917 5324 perﬁcis:
950 5253 1040 5308 cui
1072 5253 1335 5323 competit
1364 5254 1546 5309 omnis
1575 5255 1768 5327 gloria,
1819 5254 2016 5320 bonor,

444 5350 697 5407 ndoratio
734 5358 788 5404 et
819 5347 1106 5418 imperium
1141 5354 1426 5412 aeternum,
1474 5348 1540 5406 ad
1596 5348 1809 5404 inﬁnita
1842 5362 2018 5420 usque

442 5442 661 5501 saecula.
691 5441 882 5499 Amen.

2011 5645 2085 5666 .-

2118 4631 2187 4682 adt
2220 4629 2616 4699 συντηρήσειεν
2667 4628 2773 4693 ἕως
2802 4629 2997 4697 γενεᾶς
3032 4627 3128 4682 καὶ
3169 4629 3383 4697 γενεᾶς,
3421 4628 3521 4683 καὶ
3548 4627 3701 4699 βασι-

2116 4719 2295 4774 λεύειν
2341 4720 2660 4791 εὐδοκήσειε
2714 4721 2879 4792 μέχρι
2930 4721 3222 4792 τερμάτων
3282 4719 3382 4774 τοῦ
3431 4722 3701 4793 παρόντος

2118 4810 2335 4877 αἰῶνος,
2373 4811 2823 4882 ἁλληλοδιάδοχον
2848 4812 3123 4885 διατηρῶν
3159 4811 3453 4883 είρηνικῶς
3481 4813 3701 4883 σπέρμα

2119 4900 2179 4953 τὸ
2205 4900 2319 4957 σόν.
2349 4900 2460 4955 Ναὶ
2492 4901 2600 4973 μὴν
2627 4902 2857 4981 γένοιτο,
2892 4902 3125 4969 γένοιτο,
3157 4900 3259 4955 Osi
3278 4902 3697 4973 παντοκράτωρ,

2123 4993 2219 5045 καὶ
2253 4992 2351 5046 σὺν
2386 4994 2452 5063 τῇ
2479 4991 2708 5064 ἐπιγείῳ
2741 4993 2914 5065 ταύτῃ
2943 4991 3213 5065 βασιλείᾳ,
3262 4993 3357 5046 καὶ
3383 4992 3488 5063 τῆς
3538 4994 3702 5047 ἕπου·-

2127 5082 2313 5152 ρανίου
2359 5082 2460 5152 σῆς
2503 5082 2700 5145 αὐτοὺς
2760 5081 3053 5148 ἁξιώσειας
3103 5082 3399 5153 βασιλείας.
3436 5082 3562 5137 Ὅτι
3607 5084 3698 5137 καὶ

2125 5175 2235 5227 πᾶν
2264 5173 2498 5245 δώρημα
2514 5173 2721 5227 τέλειον
2754 5173 2909 5244 παρὰ
2969 5173 3053 5228 σοί
3092 5175 3212 5228 ἔστι
3263 5173 3342 5245 τῷ
3372 5177 3523 5247 μόνῳ
3559 5175 3694 5248 Θεῷ,

2121 5260 2201 5332 τῷ
2234 5261 2461 5326 καὶτὰς
2509 5262 2785 5335 ἡμετέρας
2825 5262 3124 5319 τελειοῦντι
3170 5265 3353 5336 εὐχὰς,
3401 5259 3448 5335 ᾧ
3497 5267 3695 5339 πρέπει

2122 5355 2276 5407 πᾶσα
2296 5352 2449 5418 δόξα,
2477 5354 2635 5426 τιμὴ,
2659 5355 2754 5408 καὶ
2784 5353 3180 5427 προσκύνησις,
3210 5356 3307 5410 καὶ
3334 5357 3537 5427 κράτος
3560 5358 3691 5413 nitito

2122 5460 2257 5513 νιον,
2289 5447 2370 5510 είς
2398 5447 2523 5510 τούς
2555 5447 2758 5514 αἱῶνας
2786 5447 2896 5503 τῶν
2927 5447 3161 5505 αίώνων.
3198 5449 3392 5522 ’Δμήν.
