3948 6592
192 368 339 437 1161

1451 363 2159 435 GRKECO-ROMANUM.

3284 361 3444 469 {una

190 474 2548 503 βοῇ-*ΜΨ*-

652 625 1575 768 omnem
1650 626 1998 760 ΤΟΥ
2074 621 2986 764 ΒΑΑΣΑΜΩΝ
3072 526 3077 531 ’

1361 862 1810 920 ΠΑΤΡΙΑΡΧΟΥ
1860 863 2283 919 ΑΝἸΊΟΧΕΙΑΣ

1018 1028 1510 1117 ΜΕΛΕΤΑΙ
1593 1029 1866 1117 ΗΤΟΙ
1938 1024 2603 1119 ΑΠΟΚΡΙΣΕΙΣ

676 1396 1673 1558 THEODORI
1756 1360 2973 1561 BALSAMONIS

1289 1673 1806 1738 PATRIARCHB

1896 1676 2380 1739 ANTIOCHENI

932 1847 1582 1939 'MEDITA'I‘A
1651 1848 1922 1943 SIVE
2027 1847 2668 1943 BESPONSA.

198 2224 313 2280 Τοῦ
340 2221 670 2302 ᾀγςιωτᾴτου
692 2220 1062 2302 πατριάρχου
1095 2222 1450 2302 Ἀιςτιοχείεις
1477 2220 1782 2289 Θεοδώρου
1812 2278 1813 2281 η

1901 2220 2585 2302 Suuclissimipatriarcha:
2631 2223 2945 2302 Antias/teni
2989 2229 3255 2302 Theodori
3294 2231 3464 2285 metti-

176 2332 185 2339 .
257 2295 489 2363 μελέτη
523 2292 715 2362 ἤγουν
745 2294 1086 2362 ἀπόκρισις,
1117 2292 1289 2361 χάριν
1335 2292 1454 2347 τῶν
1502 2306 1781 2361 «ammp-

266 2363 461 2433 χικῶν
491 2364 858 2433 προνομίων.

267 2478 505 2549 Είσῆλθε
538 2479 599 2533 τὸ
639 2476 859 2550 ἀξίωμά
910 2494 1005 2533 σου
1082 2477 1311 2532 ἐνώπιόν
1351 2494 1478 2547 μου,
1510 2477 1781 2550 πανιερὼ-

195 2590 355 2637 τατε,
385 2574 482 2626 καὶ
505 2570 720 2643 ἐδέχθη,
765 2574 859 2627 xui.
887 2569 1185 2641 ἀπεδέχθη,
1241 2571 1336 2624 καὶ
1381 2569 1631 2642 ιρκειὼθη
1666 2587 1777 2641 μοι.

197 2664 276 2717 οὐ
329 2662 441 2734 γὰρ
488 2661 702 2733 ἄσεμνα
760 2662 906 2733 ῥάκη
946 2661 1362 2733 περιεϐέϐλητο,
1417 2652 1635 2733 καὶτῆς
1680 2662 1783 2731 σῆς

201 2754 611 2818 πλουτοδότιδος
643 2754 838 2824 σοφίας
867 2754 1064 2819 ἀνάξια
1084 2771 1100 2786 ·
1128 2754 1304 2825 σεμνὰ
1328 2754 1387 2807 δὲ
1435 2753 1658 2825 μᾶλλον,
1687 2754 1782 2808 καὶ

200 2847 482 2918 εὐπρεπῆ,
516 2846 610 2901 καὶ
634 2842 726 2904 οἷα
751 2848 904 2920 χείλη
939 2847 1354 2919 στημονίζουσιν
1385 2847 1654 2918 ίερατικὰ,
1686 2847 1784 2903 λαο

201 2941 413 2995 λοῦντα
452 2941 822 3014 δικαιοσύνην,
857 2944 954 2998 καὶ
991 2938 1259 3012 ζητοῦντα
1309 2944 1588 3015 ἀλήθειαν.
1622 2944 1783 3008 Δέξαι

200 3033 385 3087 τοίνυν
408 3033 437 3088 ὃ
457 3032 526 3087 δι’
553 3034 717 3089 αὑτοῦ
755 3035 939 3090 λαϐεῖν
964 3035 1238 3105 ἐζήτησας
1274 3035 1337 3101 ἐξ
1365 3035 1526 3107 ἡμῶν
1565 3035 1786 3107 φιλικῆς

200 3125 556 3197 ἀποκρίσεως
594 3126 895 3183 ¹τὰλαντον.
970 3126 1242 3193 Ἠξίωσας
1296 3143 1365 3199 με
1436 3125 1784 3182 διαλαϐἐσθαι

202 3221 420 3290 γραφῇ,
448 3218 612 3273 πόθεν
657 3219 752 3274 καὶ
798 3220 921 3285 πῶς
956 3220 1124 3295 ἡτῶν
1155 3220 1476 3290 ἁγιωτάτων
1511 3236 1785 3293 πατριαρ-

202 3313 323 3382 χῶν
349 3313 590 3385 οὐσιώθη
623 3314 849 3382 πεντὰς,
878 3316 976 3370 καὶ
1001 3314 1171 3369 ποίων
1198 3315 1509 3388 προνομίων
1533 3315 1784 3387 ἠξίωται,

206 3404 308 3460 καὶ
339 3404 388 3459 εί
416 3405 534 3461 εστι
554 3423 639 3471 τις
675 3406 839 3478 μέσον
880 3406 1086 3462 τούτων
1128 3407 1384 3478 διαφορὰ,
1430 3407 1611 3473 καθώς
1641 3426 1787 3473 τινες

203 3499 453 3568 λέγουσι.
482 3499 773 3572 Γράφομεν
800 3500 979 3555 τοίνυν
1008 3503 1075 3573 τῇ
1112 3501 1352 3573 ἱερότητί
1397 3520 1511 3566 σου,
1538 3503 1623 3557 ὅτι
1682 3503 1788 3575 πρὸ

1970 2304 2164 2368 totum,
2211 2294 2319 2347 sive
2373 2309 2684 2363 responsum
2743 2298 2807 2350 de
2856 2299 3285 2368 patriarcharum
3346 2304 3465 2355 uri-

1960 2364 2183 2435 vilegit's.

1958 2475 2121 2533 Venit
2146 2479 2201 2534 in
2228 2490 2589 2551 conspectum
2620 2494 2800 2538 meum
2827 2484 3020 2557 petitio
3072 2494 3187 2552 tua,
3218 2487 3302 2541 vir
3334 2503 3464 2543 san-

1888 2570 2156 2638 ctissime,
2182 2581 2236 2628 et
2260 2572 2499 2630 admissa
2549 2584 2894 2646 receptaque,
2921 2593 3018 2649 per
3051 2579 3183 2634 mihi
3237 2581 3464 2651 placuit.

1890 2662 2101 2734 Quippe
2131 2679 2241 2719 non
2272 2662 2586 2722 inhonestis
2610 2675 2729 2723 erat
2753 2666 3093 2725 indumentis
3115 2671 3332 2740 amicta,
3362 2687 3466 2728 nnc

1891 2754 2137 2825 indignis
2160 2756 2370 2812 liberali
2401 2755 2673 2829 sapientia
2702 2768 2795 2815 tua
2823 2777 2838 2816 :
2862 2761 2956 2816 sed
2985 2761 3235 2820 honestis
3282 2765 3465 2835 potius

1891 2856 1948 2902 et
2003 2847 2349 2915 decentibus,
2400 2850 2583 2921 qualia
2645 2859 2839 2908 texere"
2892 2853 3258 2911 sacerdotalia
3313 2856 3466 2913 labra

1892 2938 2094 3003 solent,
2123 2954 2245 3009 quae
2270 2939 2542 3010 justitiam
2570 2941 2878 3013 proferunt,
2913 2951 2970 2998 et
3006 2947 3289 3001 veritatem
3322 2961 3472 3016 qutu-

1891 3039 2040 3089 runt.
2077 3032 2420 3103 Quapropter
2443 3035 2649 3106 accipe,
2701 3036 2845 3104 quod
2875 3050 2974 3105 per
3017 3051 3137 3092 eam
3169 3036 3388 3094 voluisti
3436 3053 3471 3095 ι

1893 3125 2053 3181 nobis
2114 3126 2399 3196 consequi,
2479 3126 2859 3198 responsionis
2932 3130 3127 3185 amicae
3177 3132 3465 3187 talentum.

1894 3214 2134 3281 Petiisti,
2186 3224 2249 3272 ut
2301 3219 2509 3290 scripto
2523 3221 2857 3291 complectar
2882 3260 2898 3290 ,
2921 3220 3086 3285 unde,
3115 3230 3169 3278 et
3192 3225 3470 3293 quomodo

1893 3308 2369 3365 sanctissimorum
2410 3311 2853 3381 patriarcharum
2890 3329 3152 3371 numerus
3178 3315 3470 3387 quinarius

1894 3402 2219 3471 exstiterit;
2275 3418 2399 3473 qua:
2457 3404 2741 3476 privilegia
2776 3408 3062 3465 consecuti
3099 3408 3207 3464 sint
3241 3427 3257 3478 ;
3291 3418 3349 3466 et
3400 3424 3472 3466 an

1898 3493 1975 3551 sit
2005 3493 2148 3550 inter
2169 3508 2268 3550 eos
2297 3495 2600 3571 discrimen
2629 3495 2877 3568 aliquod,
2908 3497 2985 3553 uti
3019 3499 3239 3570 quidam
3286 3501 3473 3572 perhi-

205 3590 433 3645 πάντων
458 3591 821 3663 πατριαρχῶν
853 3592 952 3664 τῆς
986 3592 1330 3659 θεουπόλεως
1365 3594 1609 3667 μεγάλης
1676 3595 1795 3649 Ἀν-

1901 3584 2051 3641 bent.
2086 3582 2398 3642 Scribimus
2425 3600 2559 3658 ergo
2595 3587 2878 3642 sanctitati
2915 3596 3042 3654 tum,
3069 3598 3304 3647 cmteros
3344 3602 3474 3647 ante

205 3683 451 3754 τιοχείας
476 3684 627 3754 παρά
660 3682 755 3737 τοῦ
790 3684 948 3752 ἁγίου
987 3684 1288 3739 ἀποστόλου
1315 3686 1527 3758 Πέτρου
1550 3705 1793 3760 κεχειρο-

203 3773 436 3845 τόνηται
473 3774 502 3825 ό
548 3773 608 3840 ὲξ
650 3773 971 3845 Ἀντιοχέων
1028 3771 1261 3837 Εῦοδος·
1302 3775 1397 3829 καὶ
1454 3777 1573 3845 μετ’
1613 3776 1793 3845 ὀλίγον

206 3867 320 3920 ὑπὸ
350 3865 444 3919 τοῦ
467 3866 633 3921 αὐτοῦ
660 3866 1134 3939 θεοκήρυκοςντῆς
1163 3866 1491 3938 Ἐκκλησίας
1503 3867 1611 3921 τῶν
1649 3868 1795 3921 Ἀλε-

207 3957 490 4028 ξανδρέων
520 3956 836 4023 ἐπίσκοπος,
875 3959 905 4010 ὁ
929 3957 1084 4025 ἅγιος
1116 3957 1345 4028 Μάρκος
1380 3958 1789 4026 ιπροόἑόληταιο

205 4048 324 4101 τῶν
358 4047 875 4121 ἰεροσολυμιτῶν,ὁ
894 4047 1047 4115 ἅγιος
1074 4047 1330 4111 Ἰάκωϐος
1352 4064 1365 4079 ·
1401 4050 1497 4103 καὶ
1528 4050 1631 4120 τῆς
1648 4052 1796 4125 Θρᾲ-

207 4159 344 4213 κης,
378 4143 408 4194 ὁ
433 4140 588 4211 ἅγιος
629 4142 903 4213 Ἀνδρέας.
945 4141 1100 4196 Μετὰ
1121 4141 1179 4195 δὲ
1208 4142 1437 4212 χρόνους
1470 4142 1608 4197 ὡσεὶ
1638 4161 1796 4215 τρια-

208 4232 432 4297 κοσίους
467 4236 497 4288 ὀ
548 4235 725 4304 μέγας
759 4236 816 4288 ἐν
875 4234 1176 4306 Πατράσιν.
1219 4238 1250 4290 ό
1290 4234 1445 4305 ἅγιος
1472 4218 1809 4308 Σίλδεστροξ

208 4324 371 4397 παρά
397 4325 491 4380 τοῦ
516 4326 672 4394 ἁγίου
704 4327 1059 4381 ίσαποστόλου
1092 4327 1331 4399 μεγάλου
1357 4328 1791 4397 Κωνσταντίνου,

207 4419 343 4491 ἄρτι
387 4418 623 4489 πρώτως
681 4406 1175 4493 όρθοδοξήσαντος,
1224 4422 1416 4487 πάπας
1451 4423 1547 4478 τοῦ
1604 4423 1793 4495 θρόνου

207 4514 319 4581 τῆς
354 4514 594 4577 παλαιᾶς
633 4513 855 4585 Ῥώμης
900 4514 1240 4584 ὠνόμασται,
1271 4515 1509 4587 καθὼςὴ
1545 4517 1793 4585 φιλόθεος

210 4601 453 4672 ἱστορία,
486 4604 580 4659 καὶ
609 4604 666 4658 αἱ
700 4604 887 4658 λοιπαὶ
932 4605 1385 4676 ἐκκλησιαστικαὶ
1416 4607 1649 4677 ίστορίαι
1674 4608 1793 4663 δια-

207 4696 609 4769 λαμϐάνουσιν.
653 4698 712 4750 '0
739 4698 797 4751 δὲ
821 4697 996 4769 μέγας
1026 4697 1213 4769 θρόνος
1230 4699 1327 4768 τῆς
1351 4700 1794 4755 Κωνσταντινουσ-

196 4792 450 4857 ⁶πόλεως,
476 4789 537 4844 τὸ
561 4789 888 4861 περιϐόητον
909 4788 1069 4843 τοῦτο
1096 4789 1189 4843 καὶ
1212 4792 1443 4861 πρᾶγμα
1472 4790 1569 4845 καὶ
1598 4790 1792 4862 ὄνομα,

211 4883 550 4955 Πειρινθίοις
579 4882 941 4952 ὑποκείμενος
974 4883 1280 4955 (Πείρινθος
1310 4883 1367 4938 δέ
1396 4886 1545 4939 ἐστιν
1578 4886 1612 4956 ἠ
1643 4885 1792 4940 δυτι-

208 4979 287 5048 κὴ
336 4976 656 5048 Ἡράκλεια)
702 4975 872 5030 ἐτέλει
930 4975 1037 5029 ὑπὸ
1096 4976 1415 5031 ἐπίσκοπον.
1471 4978 1639 5034 Οὔπω
1684 4981 1792 5053 γὰρ

211 5068 584 5141 μεγαλόπολις
609 5069 641 5139 ἡ
672 5067 1249 5132 Κωνσταντινούπολις
1278 5067 1613 5138 ὠνομάζετο,
1658 5071 1794 5126 ἀλλὰ

208 5160 513 5233 πολίχνιον,
556 5160 651 5213 καὶ
703 5158 1019 5223 Βυζάντιον.
1074 5159 1527 5231 Μετενεχθέντων
1578 5162 1636 5214 δὲ
1685 5164 1846 5217 τῶν⁹ι

212 5256 517 5325 σκήπτρων
544 5252 646 5323 τῆς
687 5251 966 5322 βασιλείας
1009 5251 1118 5306 ἀπὸ
1149 5253 1249 5321 τῆς
1291 5252 1532 5317 παλαιᾶς
1574 5253 1794 5324 Ῥώμης

210 5348 274 5398 ὲν
301 5343 468 5414 αὐτῇ,
504 5348 645 5398 κατὰ
670 5342 938 5433 θείανΙκαὶ
973 5343 1286 5415 ἀπόρρητον
1314 5344 1601 5415 Πρόνοιαν,
1635 5346 1710 5409 ὡς
1735 5348 1795 5413 ἐξ

212 5435 532 5508 ἀγριελαίου
560 5436 641 5500 είς
671 5434 1035 5501 καλλιέλαιον,
1070 5436 1235 5489 ὁτότε
1256 5438 1669 5508 ἀρχιερατεύων
1700 5440 1801 5511 τῆς

231 5528 566 5599 Ἐκκλησίας
590 5527 685 5582 τοῦ
722 5527 967 5582 τοιούτου
1011 5526 1204 5601 θρόνου
1228 5529 1381 5599 ἅγιος
1401 5531 1798 5606 Μητροφὰνης,

216 5625 281 5690 LE
310 5623 613 5676 ἐπισκόπου
649 5620 1048 5692 μετωνομάσθη
1076 5621 1529 5692 ἁρχιεπίσκοπος.
1555 5623 1653 5677 Διά
1693 5625 1800 5693 γὰρ

1896 3677 2245 3748 patriarchas
2271 3693 2488 3742 omnes.
2514 3693 2545 3733 a
2579 3686 2775 3734 sancto
2809 3681 2977 3736 Petro
3003 3685 3255 3753 apostolo
3299 3684 3473 3741 fuisse

1898 3769 2214 3826 ordinatum
2240 3785 2452 3840 magnae
2471 3770 2621 3827 illius
2644 3773 2951 3829 Antiochiae
2976 3775 3299 3843 antistitem,
3331 3776 3474 3831 Ero-

1895 3860 2025 3914 dum
2053 3858 2500 3926 Autiocbcnum‘;
2527 3869 2580 3915 et
2596 3860 2769 3931 paulo
2798 3870 2941 3931 post,
2975 3863 3044 3915 ah
3096 3866 3286 3920 eodem
3336 3883 3475 3937 νην-

1899 3964 2036 4007 conc
2059 3949 2272 4017 divino,
2332 3952 2663 4021 episcopum:
2697 3951 3084 4011 Alexandrina:
3150 3955 3472 4024 praefectum

1896 4046 2185 4112 Ecclesiae,
2265 4055 2518 4101 sanctum
2581 4044 2869 4111 Marcum;
2946 4047 3474 4122 Hierosolymitanm'.

1897 4150 2149 4196 sanctum
2174 4138 2439 4195 Jacobum
2467 4157 2483 4207 ;
2513 4138 2840 4204 Thracensi,
2869 4148 3119 4196 sanctum
3170 4142 3469 4200 Andream.

1899 4233 2030 4289 Post
2062 4246 2239 4287 annos
2295 4246 2427 4286 vero
2459 4233 2618 4303 quasi
2687 4239 2989 4301 trecentos,
3051 4249 3284 4306 magnus
3334 4235 3480 4293 inter

1899 4326 2119 4391 Patres,
2143 4331 2200 4379 et
2220 4332 2449 4380 sanctus
2470 4324 2552 4379 vir
2572 4322 2860 4392 Silvester,
2887 4340 2915 4379 δ
2945 4333 3140 4382 sancto
3169 4339 3223 4383 et
3253 4338 3479 4400 aposto-

1894 4420 1967 4475 lis
2004 4418 2145 4489 pari,
2176 4432 2375 4489 magno
2419 4417 2515 4474 illo
2544 4415 2938 4485 Constantino,
2970 4420 3062 4489 qui
3105 4431 3313 4478 rectam
3375 4424 3477 4477 do-

1897 4510 2353 4567 ctrinam‘rccens
2377 4509 2660 4581 amplexus
2685 4508 2880 4577 fuerat,
2913 4512 3034 4568 solii
3065 4514 3260 4585 priscae
3288 4513 3478 4573 Romae

1892 4619 2038 4673 papa
2068 4602 2172 4658 fuit
2208 4602 2549 4673 appellatus;
2570 4601 3033 4673 quemadmodum
3066 4606 3298 4667 historia
3346 4610 3477 4664 reli-

1898 4695 2075 4766 giosa,
2105 4710 2230 4750 cum
2264 4695 2480 4751 caeteris
2516 4696 2765 4750 historiis
2808 4697 3225 4763 ecclesiasticis,
3286 4701 3476 4757 tradit.

1902 4787 2135 4858 Magnus
2170 4793 2355 4842 autem
2410 4786 2643 4841 thronus
2688 4785 2780 4843 ille
2824 4786 3361 4861 Constantinopolis,
3420 4810 3478 4849 rc

1900 4880 2109 4949 pariter
2138 4892 2202 4933 ac
2243 4876 2464 4933 nomine
2503 4876 2749 4932 famosus
2774 4916 2791 4943 ,
2841 4869 3140 4935 Perinthiis
3188 4883 3482 4959 ειιΜεοῐίιε

1905 4972 2012 5042 (est
2042 4976 2224 5025 autem
2292 4968 2611 5035 Perinthus,
2646 4970 3002 5025 occidentalis
3040 4970 3327 5048 Heraclea)
3367 4977 3482 5047 epi-

1904 5078 2075 5134 scopo
2109 5064 2354 5139 parebat.
2381 5062 2625 5119 Necdum
2646 5064 2791 5119 cnim
2812 5064 2944 5119 urbs
2968 5079 3187 5137 magna,
3219 5070 3305 5125 vel
3333 5070 3479 5126 Con-

1904 5157 2296 5226 stantinopolis
2322 5156 2738 5227 appellabatur;
2769 5154 2863 5211 sed
2907 5157 3169 5230 oppidum
3195 5168 3248 5216 et
3272 5161 3482 5234 Byzan-

1906 5253 2066 5308 tium.
2101 5251 2237 5305 Cum
2269 5257 2452 5305 autem
2484 5249 2699 5320 imperii
2740 5260 2961 5322 sceptra
2991 5267 3057 5306 ex
3089 5254 3254 5308 veteri
3282 5253 3477 5323 Roma,

1907 5344 2093 5401 divina
2148 5353 2203 5400 ct
2291 5341 2553 5399 ineffabili
2637 5341 3017 5411 Providentia,
3076 5353 3335 5414 tanquam
3412 5358 3482 5405 ex

1906 5439 2144 5495 oleastro
2200 5437 2256 5491 in
2291 5436 2526 5499 olivam.
2574 5437 2685 5492 huc.
2735 5438 2999 5492 translata
3059 5437 3292 5493 fuissent
3320 5457 3353 5499 :.
3387 5444 3480 5512 qui

1906 5542 2037 5587 tunc
2065 5530 2341 5602 pontiﬁcia
2366 5544 2493 5585 cum
2517 5530 2848 5586 auctoritate
2879 5532 3078 5605 throno
3109 5531 3277 5601 hujus
3304 5537 3484 5591 eccle-

1905 5626 2001 5682 sim
2015 5631 2267 5697 prater-at,
2284 5631 2513 5680 sanctus
2544 5623 2634 5679 ille
2648 5621 3032 5692 Metrophanes
3051 5663 3067 5689 ,
3092 5638 3160 5679 ex
3186 5624 3483 5698 episcopo.

218 5715 382 5771 τοῦτο
414 5714 508 5768 καὶ
541 5716 575 5784 ἡ
604 5712 793 5784 πρώτη
846 5713 981 5782 ἁγία
1010 5713 1367 5785 οἰκουμενικὴ
1411 5713 1629 5777 σύνοδος
1664 5732 1801 5787 μνη-

1910 5720 2133 5775 nomine
2156 5726 2388 5783 mutato,
2439 5724 2674 5773 vocatus
2710 5714 2815 5770 fuit
2855 5714 3329 5787 archiepiscopus.
3360 5718 3489 5776 Ete-

220 5810 537 5883 μονεὸςασα
553 5808 650 5862 καὶ
671 5808 766 5861 τοῦ
795 5808 987 5879 θρόνου
1016 5809 1114 5879 τῆς
1146 5810 1799 5877 Κωνσταντινουπόλεως,

503 5911 771 5970 Parum.
810 5908 917 5967 Gn.
952 5907 1164 5969 CXlX.

1914 5813 2023 5867 nim
2082 5812 2292 5868 idcirco
2345 5813 2519 5882 prima
2585 5817 2775 5865 sancta
2831 5806 3076 5879 synodus
3133 5810 3483 5879 universalis,

3097 5905 3169 5970 37
