3882 6576
448 392 591 459 ἳι163

1750 395 1783 456 ,ἶ
1792 393 1887 457 US
1927 393 2376 456 CANONICUM

3586 404 3719 475 1161

457 503 735 564 mentione
765 502 950 558 throni
992 501 1600 576 Constantinopolitani
1647 503 1811 570 facta,
1842 503 2028 561 Romae

2139 503 2364 560 δέδωκεν
2397 507 2537 578 αὐτῇ
2568 507 2634 562 τὰ
2663 509 2928 582 πρεσϐεῖα
2953 514 3051 583 τῆς
3085 515 3319 583 παλαιᾶς
3352 518 3601 592 Ῥώμης,
3632 524 3717 580 διὰ

442 599 655 656 τοίω-ῖς
703 597 780 652 illi
814 595 1108 652 honoraria
1139 595 1264 669 jura
1308 596 1525 665 tribuit,
1558 607 1845 670 propterea
1881 599 2027 670 quod

457 692 693 759 esset(ut
722 688 899 762 ipsius
922 688 1106 745 verbis
1158 687 1305 761 utar)
1331 688 1500 745 Roma
1531 705 1671 746 nova
1710 709 1723 746 :
1761 692 2028 763 quemad-

455 783 679 839 modum
737 782 854 837 haec
907 779 1150 838 secundo
1200 789 1254 836 et
1317 781 1479 837 tertio
1523 783 1717 855 synodi
1783 781 2028 851 ejusdem

455 892 670 933 canone
723 873 1098 932 declarantur.
1161 873 1230 928 Ut
1288 883 1470 930 autem
1515 877 1691 930 bonus
1743 875 1900 942 ordo,
1941 877 2030 930 res

453 970 702 1026 omnium
753 967 1148 1039 pulcherrima,
1230 966 1287 1022 in
1383 965 1751 1023 Ecclesiarum
1810 982 2031 1038 quoque

443 1062 728 1134 capitibus
773 1060 1021 1132 perinde,
1075 1067 1346 1126 servetur,
1406 1069 1567 1131 atque
1617 1060 1940 1116 caelestibus
1973 1060 2030 1116 in

439 1155 736 1210 ordinibus
765 1197 780 1223 ,
831 1153 1016 1209 divina
1048 1160 1102 1210 et
1136 1153 1462 1209 universalis
1517 1161 1708 1208 sancta
1761 1155 2029 1226 synodus,

451 1247 510 1302 in
569 1244 760 1301 Trullo
800 1245 1028 1316 majoris
1089 1245 1274 1316 palatii
1306 1256 1518 1311 coacta,
1559 1261 1679 1315 qua:
1732 1247 1925 1316 quinta
1976 1253 2034 1302 et

449 1353 603 1399 sexta
635 1341 866 1409 dicitur,
904 1341 1022 1397 haec
1054 1341 1275 1397 disertis
1303 1341 1491 1396 verbis
1549 1339 1812 1396 decrevit.

517 1435 841 1490 Renovantes
865 1453 950 1500 ea,
983 1450 1101 1508 qua:
1127 1451 1159 1488 a
1184 1443 1389 1489 centum
1415 1433 1800 1505 quinquaginta
1829 1434 2031 1488 sanctis

2131 597 2192 652 τὺ
2222 593 2364 652 εἶναι
2398 597 2604 669 ταύτην
2627 599 2807 675 (φησὶ)
2839 603 2966 658 νέαν
3012 606 3253 680 Ῥώμην,
3286 609 3470 676 καθὼς
3521 613 3718 686 δηλού-

2145 708 2236 745 ται
2268 693 2336 746 τά
2367 695 2498 764 περὶ
2553 696 2744 750 τούτου
2802 697 2910 750 ἀπὸ
2955 699 3048 752 τοῦ
3103 700 3362 774 δευτέρου
3405 708 3503 760 καὶ
3536 709 3718 778 τρίτου

2133 785 2353 854 κανόνος
2386 789 2486 857 τῆς
2513 787 2684 859 αὐτῆς
2714 790 2956 844 συνόδου.
2988 791 3106 846 Ἵνα
3130 793 3186 846 δὲ
3203 795 3263 847 τὸ
3279 795 3572 851 κάλλιστον
3588 799 3721 870 χρῆ-

2135 893 2210 948 μα
2243 878 2342 946 τῆς
2375 878 2633 944 εὐταξίας
2677 881 2774 934 καὶ
2821 883 2900 945 είς
2936 883 3035 947 τὰς
3083 886 3329 954 κεφαλάς
3374 887 3721 960 φυλάττηται

2131 969 2240 1021 τῶν
2271 969 2631 1041 Ἐκκλησιῶν,
2648 971 2838 1043 ὥσπερ
2859 975 2953 1027 καὶ
2983 977 3064 1039 είς
3083 977 3152 1030 τὰ
3173 977 3404 1047 οὐράνια
3435 983 3718 1052 τάγματα,

2133 1059 2332 1132 ὥρισεν
2362 1062 2394 1133 ἠ
2425 1063 2481 1114 ὲν
2511 1063 2588 1135 τῷ
2611 1064 2871 1138 Τρούλλῳ
2899 1066 2994 1120 τοῦ
3033 1070 3272 1138 μεγάλου
3309 1071 3574 1126 παλατίου
3621 1089 3717 1125 συ-

2136 1156 2310 1209 στᾶσα
2353 1155 2474 1210 θεία
2525 1158 2619 1210 καί⁵
2656 1160 3010 1231 οἱκουμενικὴ
3059 1163 3197 1228 άγία
3248 1163 3491 1230 σύνοδος,
3535 1167 3570 1235 ἡ
3625 1167 3720 1219 καὶ

2135 1247 2409 1320 πενθέκτη
2445 1249 2739 1322 λεγομένη,
2769 1251 2943 1306 ταῦτα
2965 1255 3167 1326 ῥητῶς.

2203 1436 2657 1505 Ἀνανεούμενοι
2697 1438 2768 1491 τὰ
2813 1439 2974 1507 παρὰ
3022 1438 3143 1492 τῶν
3167 1439 3265 1508 ρν⁹
3305 1443 3490 1510 ἁγίων
3535 1443 3718 1497 Πατέ-

450 1528 726 1590 Patribus,
753 1529 809 1581 in
835 1528 1102 1583 custodita
1135 1528 1390 1582 divinitus
1426 1537 1476 1581 ει
1524 1527 1870 1596 imperatoria
1904 1529 2028 1582 urbe

2139 1542 2272 1592 ρων,
2304 1525 2424 1580 τῶν
2451 1527 2520 1580 ἐν
2563 1526 2638 1596 τῇ
2664 1528 3056 1597 θεοφυλάκτῳ
3081 1532 3181 1584 καί
3205 1532 3490 1596 βασιλίδι
3541 1534 3718 1588 πόλει

445 1621 759 1691 congressis,
807 1629 856 1675 et
909 1637 940 1673 a
981 1620 1239 1674 sexcentis
1293 1635 1355 1672 ac
1393 1619 1634 1690 triginta,
1673 1619 1764 1690 qui
1810 1618 2029 1674 Chalce-

446 1712 581 1769 done
629 1723 1004 1777 convenerunt,
1058 1713 1268 1767 sancita
1320 1721 1444 1768 sunt
1503 1729 1521 1766 .·
1565 1713 1914 1778 decernimus,
1972 1723 2028 1767 ut

442 1807 664 1863 thronus
762 1806 1250 1876 ConstantinOpolis
1345 1806 1634 1876 wqualibus
1726 1807 2028 1861 honerariis

443 1901 668 1968 fruatur
695 1899 908 1969 furibus
942 1899 1133 1969 quibus
1162 1900 1346 1953 veteris
1371 1897 1554 1954 Rome
1584 1897 1840 1962 thronus;
1872 1909 2029 1969 utque

439 2006 622 2058 parem
652 2005 770 2042 cum
811 1989 905 2042 illo
928 1988 1298 2043 ecclesiasticis
1339 1990 1391 2042 in
1434 1989 1586 2043 rebus
1621 1990 2028 2059 amplitudinem

433 2079 695 2140 obtineat.
728 2090 774 2134 et
806 2079 870 2133 ab
899 2077 992 2132 illo
1023 2077 1286 2133 secundus
1313 2080 1382 2132 sit
1415 2094 1434 2133 :
1459 2087 1575 2147 post
1611 2096 1791 2150 quam,
1824 2096 2030 2151 magna

433 2175 585 2227 urbis
638 2171 1022 2226 Alexandrina:
1106 2171 1325 2226 thronus
1391 2181 1697 2226 numeretur
1747 2189 1765 2226 :
1815 2173 2026 2240 deinde,

439 2265 800 2320 Auliocheuus
847 2281 866 2319 .'
910 2274 960 2319 et
1034 2274 1150 2334 post
1216 2265 1375 2331 hunc,
1445 2264 1589 2318 urbis
1645 2264 2030 2338 Hierosolymi-

434 2368 580 2414 tanre
638 2357 878 2412 thronus.
915 2355 1209 2428 Propterea
1242 2357 1544 2411 secundum
1598 2357 1674 2425 id,
1722 2359 1868 2428 quod
1922 2360 2029 2416 hoc

437 2469 650 2510 canone
705 2453 1045 2516 continetur,
1096 2467 1164 2507 es
1214 2467 1279 2507 eo
1339 2460 1588 2523 tempore
1653 2453 1760 2509 huc
1828 2470 2026 2524 usque,

438 2543 919 2600 sanctissimorum
950 2542 1185 2598 istorum
1219 2541 1469 2612 quinque
1499 2544 1763 2599 soliorum
1799 2561 2029 2617 magnos

438 2635 729 2706 pontiﬁces
755 2649 852 2706 per
886 2633 1077 2688 orbem
1105 2632 1422 2695 universum
1459 2633 1564 2688 hoc
1597 2636 1760 2690 modo
1801 2651 2031 2692 venera-

442 2745 588 2784 ntur.
625 2727 835 2784 Etenim
866 2727 1014 2798 justa
1039 2741 1192 2797 papa:
1222 2725 1428 2782 veteris
1451 2724 1639 2782 Romae
1669 2731 1736 2782 ab
1765 2729 2028 2786 Ecclesiis

433 2821 737 2887 abscissio,
773 2820 1022 2878 .ntinime
1072 2809 1322 2874 ordinem
1377 2822 1705 2876 canonicum
1765 2823 2026 2879 abolevit.

433 2916 708 2971 Praeterea
769 2914 982 2985 primus
1048 2913 1312 2970 adversus
1369 2915 1673 2970 secundum
1735 2931 1858 2972 sese
1920 2933 2028 2972 non

436 3008 621 3074 cll‘ert,
681 3021 858 3076 neque
911 3004 1194 3062 secundus
1265 3005 1533 3062 adversus
1584 3007 1806 3061 tertium
1876 3009 2028 3063 :sed

439 3117 565 3157 cum
612 3100 792 3156 instar
828 3099 1077 3169 quinque
1123 3113 1390 3156 sensuum
1455 3099 1652 3168 capitis
1702 3101 1868 3156 ttnins
1911 3101 2025 3172 (qui

2131 1619 2572 1684 συνελθόντων,
2611 1618 2708 1673 καὶ
2745 1617 2866 1673 τῶν
2899 1621 3236 1684 ἑξακοσίων
3259 1623 3579 1690 τριάκοντα
3602 1623 3724 1677 τῶν

2131 1711 2201 1764 ἐν
2264 1709 2606 1777 Χαλκηδόνι
2681 1714 3107 1768 συνελθόντων
3157 1717 3717 1785 νενομοθετημένα⁶

2133 1800 2438 1870 ὁρίζομεν,
2479 1799 2634 1856 ὥστε
2681 1801 2790 1856 τὸν
2849 1803 2958 1871 τῆς
3009 1809 3722 1873 Κωνσταντινουπόλεως

2131 1895 2350 1961 θρόνον
2377 1893 2494 1948 τῶν
2537 1895 2688 1948 ἴσων
2725 1895 3058 1950 ἀπολαύειν
3087 1901 3420 1966 πρεσϐείων
3460 1901 3570 1955 τοῦ
3609 1901 3721 1966 τῆς

2130 1987 2542 2055 πρεσϐυτέρας
2579 1986 2806 2055 Ῥώμης
2841 1989 3082 2055 θρόνου,
3109 1989 3206 2042 καί
3235 1991 3307 2042 ἐν
3345 1989 3470 2056 τοῖς
3491 1992 3724 2056 ἐκκλη-

2131 2079 2468 2145 σιαστικοῖς
2497 2079 2575 2146 ὡς
2605 2078 2844 2132 ἐκεῖνον
2865 2081 3324 2149 μεγαλύνεσθαι
3372 2081 3715 2149 πράγμασι.

2129 2171 2414 2241 δεύτερον
2444 2172 2571 2242 μετ’
2596 2172 2834 2226 ἐκεῖνον
2867 2172 3220 2241 ὑπάρχοντα
3239 2187 3254 2202 ⁸
3291 2173 3419 2242 μεθ’
3456 2173 3532 2226 ὃν
3554 2177 3592 2228 ό
3611 2171 3724 2240 τῆς

2143 2261 2589 2331 Ἀλεξανδρείας
2601 2262 3066 2333 μεγαλοπόλεως
3092 2262 3450 2330 ἁριθμεῐσθω
3478 2264 3727 2330 θρόνος·

2129 2353 2257 2410 εἶτα
2275 2360 2305 2411 ό
2332 2355 2441 2425 τῆς
2470 2355 2588 2410 τῶν
2609 2357 2987 2424 Ἀντιοχέωνο
3012 2355 3106 2410 καὶ
3126 2356 3278 2426 μετὰ
3305 2357 3539 2420 τοῦτον,
3560 2361 3595 2411 ό
3613 2357 3730 2423 τῆς

2129 2445 2252 2500 τῶν
2309 2445 2812 2517 Ἱεροσολυμιτῶν
2865 2449 3118 2514 πόλεως.
3154 2448 3247 2502 Διὸ
3275 2449 3365 2501 καὶ
3424 2451 3570 2501 κατὰ
3623 2450 3731 2517 τὴν

2129 2540 2324 2594 τούτου
2351 2539 2673 2611 περίληψιν,
2709 2540 2896 2595 ἔκτοτε
2923 2542 3016 2595 καὶ
3058 2543 3221 2613 μέχρι
3252 2542 3346 2595 τοῦ
3381 2541 3481 2594 νῦν
3516 2542 3569 2594 oi.
3613 2541 3729 2592 τῶν

2129 2631 2390 2685 τοιούτων
2423 2631 2583 2685 πέντε
2617 2631 2940 2699 ἁγιωτάτων
2999 2631 3208 2703 θρόνων
3245 2630 3473 2701 μεγάλοι
3529 2633 3731 2699 ἀρχιε-

2130 2729 2244 2796 ρεῖς
2270 2725 2414 2778 οὕτω
2439 2724 2583 2778 κατὰ
2631 2726 2813 2778 πᾶσαν
2846 2725 2947 2793 τὴν
2985 2724 3316 2793 οἰκουμένην
3368 2720 3732 2783 σεϐάζονται.

2131 2817 2240 2871 Τοῦ
2270 2819 2381 2888 γὰρ
2410 2819 2571 2870 πάπα
2623 2818 2722 2886 τῆς
2759 2817 2998 2880 παλαιᾶς
3048 2815 3270 2885 Ῥώμης
3321 2816 3353 2884 ὴ
3402 2815 3604 2868 δικαία
3667 2814 3734 2864 ἐκ

2128 2913 2239 2967 τῶν
2283 2910 2625 2981 Ἐκκλησιῶν
2676 2898 2912 2980 tux-orti},
2953 2909 3052 2980 τὴν
3104 2909 3394 2978 κανονικὴν
3458 2905 3735 2970 εὐταξίαν

2129 3004 2231 3058 οὐκ
2262 3003 2591 3074 ἐλυμήνατο.
2622 3003 2784 3074 Παρὰ
2807 3001 2970 3055 τοῦτο
2993 3000 3070 3068 δὲ,
3103 3001 3197 3056 τοῦ
3225 3001 3481 3072 δευτέρου
3512 3001 3543 3052 6
3573 2999 3739 3069 πρῶο

2130 3114 2221 3160 τος
2256 3098 2316 3150 ού
2358 3095 2798 3169 κατεπαίρεται,
2853 3094 2974 3148 ούδὲ
3007 3093 3101 3147 τοῦ
3136 3095 3370 3166 τρίτουδ
3415 3095 3695 3161 δεύτερος
3722 3107 3738 3121 ⁸

430 3207 522 3251 :tot
550 3211 674 3252 esse
707 3207 938 3250 numero
968 3192 1254 3253 dicuntur.
1283 3205 1384 3246 nec
1412 3190 1734 3249 dividuntur
1762 3204 1943 3251 tamen
1971 3195 2025 3252 in

2139 3190 2251 3245 ἀλλ’
2292 3189 2366 3254 ὥς
2401 3189 2688 3260 αἰσθήσεις
2718 3189 2878 3242 πέντε
2915 3190 3044 3260 μιᾶς
3077 3188 3320 3258 κεφαλῆς
3367 3187 3747 3257 ἀριθμούμε-

437 3295 648 3358 partes)
681 3283 825 3355 apud
875 3282 1137 3354 populum
1179 3280 1558 3337 Christianum
1589 3283 1914 3350 habeantur,
1948 3287 2028 3340 di-

445 3381 658 3452 gnitate
708 3379 1070 3435 nihilominus
1117 3392 1279 3448 pares
1327 3387 1456 3434 sunt
1519 3378 1572 3432 in
1621 3378 1918 3447 omnibus;
1973 3387 2026 3433 et

429 3491 565 3529 cum
615 3472 796 3542 capita
833 3483 1154 3527 sanctarum
1194 3485 1292 3540 per
1326 3471 1646 3542 universum
1681 3472 1869 3524 orhetn
1918 3469 2025 3524 Ec-

430 3564 736 3620 clesiarum
785 3561 880 3617 Dei
925 3561 1052 3630 jure
1085 3561 1365 3627 dicantur,
1407 3560 1589 3616 locum
1629 3561 1682 3615 in
1713 3562 1794 3616 eis
1825 3562 2027 3617 discri-

440 3674 564 3714 men
610 3658 678 3712 ab
724 3654 1047 3711 hominibus
1099 3662 1368 3711 statutum
1409 3652 1612 3709 habere
1658 3668 1766 3708 non
1796 3662 2022 3724 potest:

445 3766 619 3821 neque
662 3750 731 3805 de
767 3747 1040 3804 sententia
1092 3746 1463 3818 quorumdam
1507 3760 1617 3802 non
1669 3747 1853 3817 magni
1910 3764 2028 3802 mo-

443 3842 612 3896 menti
663 3855 749 3897 res
795 3838 1168 3904 alierentium,
1228 3853 1384 3910 papa
1434 3836 1686 3895 Romano
1736 3849 2026 3911 propterea

438 3931 502 3990 lit
553 3930 790 4005 injuria,
834 3931 983 4002 quod
1043 3930 1163 4001 ipse
1216 3940 1444 4002 propter
1498 3931 1738 3986 litteram
1789 3927 1836 3985 Β
1887 3930 2023 4003 (57),

442 4028 489 4084 sl
523 4026 831 4082 litterarum
867 4023 1286 4080 collocationem
1321 4023 1704 4094 respiciamus,
1733 4027 1928 4081 tertius
1971 4026 2024 4082 in

429 4116 634 4170 .ordinc
661 4113 771 4180 sit;
802 4123 856 4169 et
883 4112 1074 4168 eadem
1120 4111 1336 4166 ratione
1372 4111 2026 4183 Conslantinopolitanus

429 4225 535 4280 tper
559 4206 602 4265 C
636 4207 877 4262 litteram
902 4205 1228 4268 honoretur,
1264 4217 1328 4258 ac
1346 4203 1586 4273 priorem
1620 4205 1801 4260 locum
1832 4221 2028 4261 conse-

441 4309 665 4372 qnatur.
719 4298 830 4354 Nec
875 4295 1172 4352 oll‘ensioni
1224 4302 1413 4366 aperta
1459 4295 1696 4352 fenestra
1747 4294 1852 4350 fuit
1883 4297 2030 4353 inter

440 4393 871 4452 Alexandrinum
899 4401 954 4446 et
989 4388 1413 4455 Antiochenum,
1453 4397 1676 4459 propter
1699 4387 1744 4440 A
1766 4388 2025 4457 litteram,

442 4489 592 4544 velut
627 4500 820 4542 eorum
875 4483 1119 4554 quolibet
1164 4483 1343 4539 locum
1393 4481 1497 4537 sibi
1557 4480 1797 4551 priorem
1849 4480 2029 4536 vindi-

2134 3300 2224 3337 ναι
2255 3284 2352 3337 καὶ
2379 3282 2454 3352 μὴ
2503 3281 2885 3352 μεριζόμεναι,
2928 3281 3078 3352 παρὰ
3101 3280 3179 3351 τῷ
3211 3281 3586 3352 χριστωνύμῳ
3621 3278 3748 3346 λαῷ

2134 3373 2496 3444 λογιζόμενοι,
2536 3373 2808 3442 ἰσοτιμίαν
2851 3374 2910 3425 ὲν
2933 3371 3135 3426 Ξπασιν
3174 3372 3378 3442 ἔχουσι,
3422 3374 3518 3423 καὶ
3550 3369 3742 3438 κάραι

2131 3467 2242 3521 τῶν
2275 3467 2416 3519 κατὰ
2461 3467 2642 3519 πᾶσαν
2685 3465 2787 3534 τὴν
2815 3464 3142 3535 οἰκουμένην
3171 3463 3342 3532 ἁγίων
3377 3461 3746 3530 Ἐκκλησιῶν

2134 3560 2228 3614 τοῦ
2268 3561 2406 3614 Θεοῦ
2437 3563 2660 3622 δικαίως
2693 3561 3039 3629 καλούμενοι,
3067 3558 3332 3628 διαφορὰν
3362 3556 3748 3625 ἀνθρωττξνην

2133 3654 2194 3706 ού
2229 3653 2565 3725 πάσχουσιν
2608 3653 2730 3706 οὐδὲ
2764 3653 2907 3706 κατὰ
2945 3651 3368 3723 σμικροὶόγους.
3429 3649 3460 3699 ὁ
3537 3650 3744 3709 tam;

2143 3745 2364 3818 Ῥώμης
2384 3747 2728 3818 ύϐριοπαθεῖ,
2745 3747 2826 3801 ὅτι
2853 3747 3015 3808 αὐτὸς
3046 3745 3145 3816 μὲν
3164 3745 3250 3798 διὰ
3271 3743 3360 3797 τοῦ
3385 3744 3430 3796 P
3447 3742 3745 3810 στοιχείου

2134 3842 2315 3913 τρίτος
2342 3843 2408 3913 τῇ
2439 3838 2587 3894 Otiosi.
2641 3839 2750 3895 τῶν
2811 3842 3158 3912 γραμμάτων
3210 3836 3743 3906 κατεστοιχείωτιτι,

2131 3932 2162 3985 ὁ
2199 3930 2254 3985 δὲ
2285 3931 2912 3997 Κωνσταντινουπόλεως
2949 3932 3040 3988 διὰ
3085 3931 3181 3985 τοῦ
3234 3931 3282 3984 Κ
3333 3930 3583 4000 τιμᾶται
3648 3928 3749 3980 καὶ

2147 4026 2564 4100 προτερεύεται.
2620 4028 2755 4082 Οὐδὲ
2792 4028 3094 4084 σκανδάλου
3135 4026 3366 4094 πάροδος
3395 4026 3613 4094 γέγονε
3651 4025 3750 4093 μέ-

2138 4135 2232 4173 σον
2260 4118 2357 4173 τοῦ
2400 4118 2809 4190 Ἀλεξανδρείας
2845 4119 2944 4172 καὶ
2994 4118 3092 4173 τοῦ
3153 4119 3502 4188 Ἀντιοχείας,
3572 4117 3748 4189 χάριν

2135 4211 2228 4266 τοῦ
2259 4212 2408 4281 ἄλφα
2452 4211 2742 4283 στοιχείου,
2766 4212 2841 4275 ὡς
2893 4211 3130 4265 ἑκάστου
3184 4211 3362 4264 αὐτῶν
3414 4209 3750 4278 ίδιουμὲνου

2139 4303 2230 4358 τὸν
2263 4307 2563 4376 πρότερον·
2598 4304 2716 4358 ἀλλ’
2747 4303 2940 4373 ὥσπερ
2967 4305 3000 4375 ἡ
3041 4303 3239 4366 πεντάς
3268 4301 3374 4355 τῶν
3409 4300 3754 4370 αίσθήσεων

2139 4399 2343 4468 στοιχεῖ
2367 4399 2432 4468 τῇ
2457 4397 2743 4449 διαπλάσει
2773 4396 2866 4448 τοῦ
2903 4395 3282 4468 ἀρχιτέκτονος
3326 4394 3423 4446 καὶ
3475 4391 3752 4445 πλάστου

2137 4486 2298 4552 Θεοῦ,
2327 4487 2424 4540 καὶ
2450 4487 2510 4540 ού
2545 4486 2873 4556 κατατρέχει
2899 4485 3062 4555 τυχὸν
3108 4485 3141 4556 ἡ
3169 4485 3357 4552 ὅρασις
3373 4481 3478 4548 τῆς
3512 4481 3749 4549 (ισὲρῆ-

440 4589 603 4634 cante
644 4596 657 4633 :
690 4577 787 4634 sed
812 4575 1278 4646 quemadmodum
1306 4573 1594 4645 quinaritts
1626 4572 1717 4628 illc
1743 4588 2028 4642 sensuum,

2141 4597 2302 4644 σεως,
2354 4580 2475 4633 οὐδὲ
2502 4581 2534 4650 ἠ
2565 4579 2705 4650 ἀκοὴ
2732 4579 2833 4650 τῆς
2866 4579 3010 4649 ἁφῆς
3042 4579 3135 4632 καὶ
3180 4579 3278 4648 τῆς
3328 4576 3630 4645 γεύσεως,
3667 4579 3752 4630 ὅτι

442 4672 728 4728 architecti
780 4679 835 4726 et
863 4669 1169 4726 conditoris
1209 4667 1306 4722 Dei
1358 4665 1675 4721 formationi
1713 4667 2026 4736 respondet,

446 4778 547 4820 nec
578 4770 832 4835 aspectus
860 4763 1034 4837 (verhi
1070 4759 1269 4833 gratia)
1294 4758 1611 4825 odoratum,
1659 4775 1760 4816 ncc
1804 4759 2030 4818 auditus

445 4865 650 4914 tactum
715 4856 798 4914 rel
851 4863 1130 4929 gustatum
1188 4852 1463 4908 hostiliter
1505 4867 1627 4908 eam
1678 4853 1749 4907 ob
1805 4867 2026 4908 causam

446 4949 676 5016 invadit,
719 4951 864 5021 quod
880 4962 1072 5006 eorum
1097 4945 1321 5003 nomina
1354 4943 1495 5001 forte
1515 4946 1610 5000 tali
1643 4945 1786 5001 serie
1815 4961 1844 4999 a
1865 4945 2030 5002 nobis

2141 4673 2272 4743 παρ’
2304 4675 2438 4743 ἡμῖν
2493 4672 2636 4726 οὕτω
2669 4689 2784 4735 πως
2841 4671 3232 4742 ὀνομάζονται·
3263 4669 3436 4732 οὕτως
3489 4670 3642 4723 οὐδέ
3675 4687 3754 4730 τις

2143 4763 2250 4818 τῶν
2278 4763 2600 4833 ἁγιωτάτων
2627 4763 2984 4835 πατριαρχῶν
3015 4765 3080 4816 ὲκ
3109 4763 3217 4816 τῶν
3243 4761 3406 4815 ϐείω-ι
3478 4764 3751 4814 navews

2141 4858 2308 4910 τόπον
2356 4856 2783 4928 κληρωσάμενος
2847 4855 3132 4928 πρότερον,
3173 4853 3268 4907 τοῦ
3315 4851 3606 4922 δευτέρου
3666 4853 3752 4904 καὶ

2143 4947 2236 5002 τοῦ
2273 4949 2392 5019 μετ’
2423 4947 2584 5002 αὑτὸν
2609 4948 2684 5011 ὼς
2715 4947 3045 5019 ὑπερφέρων
3071 4945 3489 5011 άλαζονεύεται.

453 5043 848 5117 proferantur:
886 5045 959 5099 ita
1005 5057 1105 5098 nec
1169 5040 1648 5099 sanctissimorum
1685 5043 2127 5114 patriarcharum
2161 5045 2382 5114 aliquis,
2427 5046 2516 5100 cui
2586 5058 2682 5116 per
2709 5043 2925 5099 divinos
2988 5055 3228 5098 canones
3293 5041 3524 5111 primus
3607 5040 3758 5094 attri-

445 5141 612 5196 butus
639 5149 726 5196 est
758 5139 939 5205 locus,
973 5136 1240 5193 adversus
1271 5134 1601 5202 secundum,
1628 5142 1684 5191 et
1707 5137 2022 5206 proximum
2069 5139 2136 5192 ad
2168 5137 2290 5206 hoc,
2316 5146 2638 5208 arroganter
2669 5145 2845 5192 semet
2869 5134 3046 5191 ell‘ert.

519 5237 661 5304 Quia
699 5249 831 5292 vero
877 5234 1128 5290 nonnulli
1161 5234 1373 5300 dicunt,
1402 5248 1510 5290 non
1541 5248 1667 5290 esse
1704 5234 2035 5304 permissum

449 5326 830 5387 Alexandrino
867 5325 953 5382 vel
987 5326 1352 5389 Antiocheno.
1387 5325 1538 5382 verbi
1577 5325 1775 5395 gratia,
1820 5334 1876 5380 ut
1909 5341 2034 5382 cum

450 5420 702 5493 lampade
732 5418 819 5474 vel
855 5418 973 5476 face
1013 5417 1366 5490 patriarchali
1401 5417 1568 5474 iaciat
1610 5419 1712 5474 iter
1741 5417 1808 5474 ad
1845 5420 2036 5474 urbem

2231 5238 2386 5290 Ἐπεὶ
2407 5235 2466 5290 δέ
2496 5251 2639 5298 τινες
2661 5234 2936 5303 λέγουσιν,
2969 5233 3045 5297 ὡς
3075 5231 3175 5286 οὐκ
3215 5231 3430 5300 ἐφεῖται
3463 5230 3564 5302 τῷ
3603 5231 3752 5284 Ἀλε-

2142 5327 2426 5398 ξανδρείας
2471 5325 2613 5398 ἢτῷ
2653 5325 2983 5396 Ἀντιοχείας
3036 5323 3218 5394 τυχδν,
3269 5322 3411 5392 μετὰ
3442 5322 3754 5393 λαμπάδος

2142 5421 2554 5493 πατριαρχικῆς
2579 5419 2678 5482 τὰς
2707 5417 3017 5490 ὁδοιπορίας
3041 5419 3214 5470 ποιεῖν
3243 5416 3322 5478 εἰς
3355 5415 3463 5485 τὴν
3503 5417 3631 5468 τῶν
3659 5418 3750 5468 ττι-Σ-

448 5509 884 5587 imperatoriam,
931 5511 1018 5566 vel
1075 5513 1130 5567 in
1191 5512 1355 5566 aliam
1423 5510 1734 5578 diaeresin;
1791 5515 2028 5582 exceptis

2140 5514 2278 5568 λεων
2311 5511 2723 5583 βασιλεύουσαν,
2754 5510 2788 5580 ἢ
2816 5510 2895 5573 είς
2927 5509 3120 5580 ἑτέραν
3140 5507 3434 5577 διοίκησιν,
3464 5508 3636 5575 παρὰ
3659 5511 3745 5565 τὸς

448 5607 558 5664 illis
616 5604 940 5676 provinciis,
1002 5621 1124 5677 qua
1178 5620 1277 5676 per
1324 5619 1570 5662 canones
1615 5603 1700 5660 eis
1758 5604 2035 5660 attributa:

2144 5604 2588 5676 ὰπονεμηθείσας
2659 5603 2768 5658 ἀπὸ
2800 5602 2908 5656 τῶν
2965 5600 3204 5656 κανόνων
3230 5600 3440 5664 αὐτοῖς.
3516 5601 3590 5655 Ἦ
3643 5602 3744 5669 γάρ

1693 5779 1928 5836 γΑΙιιΑξ
1995 5777 2398 5841 ΗΞῼΤΙΟΝΕΞ.

525 5879 634 5952 (57)
677 5825 820 5945 Qum,
841 5874 1015 5948 prima
1047 5884 1129 5933 est
1175 5874 1228 5930 in
1276 5875 1545 5931 vocabulo
1583 5875 1781 5929 Ronta'.
