3948 6562
203 369 342 437 1173

1479 323 2189 435 cnseo-Bonum.

3311 376 3451 446 ωτι

197 485 573 556 πατριαρχικῇ
601 483 725 556 θείᾳ
755 484 1175 556 μεγαλειότητι,
1207 483 1380 550 οὐδεὶς
1421 485 1767 557 ἁποξενωθή-

1890 485 2134 540 ,ributam
2160 483 2329 540 obibit
2357 497 2455 555 pro
2486 493 2639 554 parte
2663 498 2787 552 sua,
2829 500 2899 542 ne
2922 494 3445 548 sanctarum-eccle.

201 595 375 633 σεται.
410 577 473 631 Εί
505 576 614 650 γάρ
644 576 884 631 τοιοῦτόν
910 596 962 632 τι
990 577 1236 649 γένηται,
1268 580 1360 633 καὶ
1389 577 1479 632 τδν
1519 577 1770 644 Ἀλεξαν-

1875 578 2078 634 siarum
2112 577 2394 649 privilegia
2420 577 2867 634 confundantur:
2899 593 3002 634 nec
3027 588 3212 637 tamen
3230 580 3442 639 honore

197 669 387 743 δρείας
440 669 603 741 τυχὸν
668 669 1058 742 εὑρισκόμενον
1114 671 1195 737 είς
1246 670 1346 742 τὴν
1407 670 1515 724 τῶν
1570 668 1776 722 πόλεων

1890 684 2143 726 :oncesso
2178 669 2462 738 divinitus,
2496 670 2711 727 datisve
2750 671 3057 742 antiquitus
3091 673 3444 744 patriarcbali

200 761 613 835 βασιλεύουσαν,
644 759 752 815 τῶν
778 761 1192 834 πατριαρχικῶν
1232 761 1544 834 προνομίων
1572 761 1775 827 ἀποξε-

199 854 366 909 νώσει
394 871 500 919 τις,
527 854 610 907 ὅτι
636 852 780 908 κατά
799 855 900 926 τὴν
929 854 1136 908 οἰκείαν
1159 853 1372 924 ἐνορίαν
1394 853 1453 906 οὐ
1489 851 1774 922 πάρεστιν,

199 946 495 1018 ἀχρειώσει
525 945 622 1018 τὴν
649 943 888 1017 κεφαλὴν
910 945 986 1009 ὡς
1011 944 1385 1014 κωφεύουσαν,
1409 943 1442 1015 ἢ
1474 943 1776 998 ἀδλεπτοῦ-

199 1057 322 1106 σαν,
349 1041 444 1094 καὶ
471 1040 578 1094 ὑπὸ
600 1022 896 1112 τεττάρων,
944 1039 979 1110 ἢ
1033 1039 1126 1094 καὶ
1175 1038 1340 1112 τριῶν
1387 1037 1778 1110 διεξαγομένην

197 1133 529 1204 αἰσθήσεων.
558 1130 658 1185 Διά
683 1129 889 1200 ταύτην
921 1129 1022 1200 τὴν
1047 1129 1248 1192 αἰτίαν,
1275 1128 1350 1192 ὡς
1377 1127 1540 1192 ἔοικε,
1573 1144 1775 1198 προτε-

193 1224 449 1280 τύπωται
507 1219 908 1297 προϐάλλεσθαι
973 1220 1117 1274 κατὰ
1150 1219 1211 1273 τὸ
1254 1219 1632 1292 ἀπαραίτητον
1679 1218 1776 1273 καὶ

194 1318 326 1381 τοὺς
359 1316 434 1388 μὴ
471 1318 690 1387 ἔχοντας
732 1313 1078 1386 πατριάρχας
1127 1312 1254 1377 τοὺς
1285 1310 1776 1383 ἀποκληρωθέντας

197 1409 387 1472 αὐτοῖς
416 1407 604 1476 ἁγίους
624 1404 970 1476 θρόνους,διά
996 1403 1094 1475 τὴν
1121 1402 1420 1474 ἐπιδρομὴν
1450 1402 1558 1456 τῶν
1582 1401 1772 1467 ἐθνῶν,

197 1499 291 1552 τον
328 1497 660 1569 Ἀντιοχείας
689 1494 896 1550 καὶτὸν
931 1493 1320 1566 Ἰεροσολύμων
1353 1495 1522 1566 φημί.

1878 773 2052 816 σείει-ιε
2079 759 2424 831 amplitudini
2470 759 2692 831 juribus
2714 798 2730 824 ,
2765 758 3042 832 quispiam
3095 761 3445 831 spoliabitur.

1880 851 2092 923 Quippe
2133 852 2180 908 si
2214 853 2324 910 tale
2353 853 2486 926 quid
2519 853 2867 918 usuvenerit,
2921 859 2976 909 et
3015 852 3448 909 Alexandrinum

1885 947 2057 1018 (verbi
2092 948 2280 1022 causa)
2313 948 2367 1004 in
2396 949 2533 1006 urbe
2577 950 2934 1022 imperatrice
2992 959 3450 1014 commoranlem,

1882 1039 2184 1112 privilegiis
2263 1041 2726 1113 patriarchalibus
2804 1051 3094 1114 propterea
3170 1041 3450 1114 quislliam

1883 1129 2224 1202 spoliaverit,
2255 1132 2402 1203 quod
2420 1149 2531 1190 non
2555 1132 2716 1206 degat
2738 1134 2793 1190 in
2814 1133 3098 1206 provincia
3124 1147 3226 1192 sua
3251 1151 3268 1195 :
3291 1141 3458 1204 caput

1880 1223 2061 1295 ipsum
2092 1225 2288 1283 inutile
2309 1226 2522 1291 reddet,
2543 1234 2800 1298 tanquam
2832 1228 3087 1295 surdum,
3107 1227 3199 1283 vel
3226 1241 3456 1292 cecum,

1881 1323 1937 1369 et
1968 1321 2227 1386 quatuor,
2259 1323 2354 1370 aut
2405 1317 2579 1374 tribus
2614 1315 2886 1374 duntaxat
2939 1317 3200 1375 sensibus
3260 1316 3458 1390 pra'di-

1885 1412 2021 1460 tum.
2050 1406 2132 1464 Ob
2160 1407 2302 1462 hanc
2355 1407 2531 1480 ipsam
2564 1423 2815 1475 causam,
2857 1424 2958 1466 ceu
3002 1409 3152 1464 credi
3219 1423 3319 1479 par
3355 1417 3462 1472 est,

1878 1497 2204 1566 jamdudum
2242 1500 2518 1555 sancitum
2556 1508 2662 1569 est,
2702 1511 2758 1557 ut
2794 1501 2942 1557 haud
2979 1500 3146 1556 dubie
3199 1516 3296 1572 per
3345 1501 3461 1556 elc-

197 1591 441 1644 ctionem
502 1588 862 1642 instituantur
907 1587 1072 1642 etiam
1133 1586 1170 1642 ii
1240 1586 1604 1657 patriarchae,
1675 1585 1770 1659 qui
1807 1591 2104 1662 eteteroqui
2139 1606 2328 1648 sacros
2351 1592 2456 1648 sibi
2481 1591 2788 1649 destinatos
2867 1593 3119 1656 thronos,
3182 1591 3254 1647 ob
3298 1606 3465 1663 paga-

196 1699 401 1738 norum
432 1683 662 1738 hostiles
685 1683 967 1746 incursus,
1015 1681 1159 1736 haud
1192 1680 1507 1750 pOssident:
1543 1681 1950 1750 Antiochenus,
1989 1685 2238 1756 inquam,
2283 1693 2339 1742 et
2373 1685 2932 1757 Hierosolymitanus.

269 1775 392 1828 Κᾶν
424 1774 530 1844 γὰρ
556 1771 870 1842 ἐξώσθησαν
905 1775 1003 1845 τῆς
1024 1771 1182 1843 δόξης
1207 1772 1316 1825 τῶν
1340 1772 1548 1844 θρόνων
1574 1772 1777 1839 αὐτῶν,

1954 1774 2159 1842 Quavis
2186 1776 2333 1835 enim
2362 1777 2537 1849 gloria
2585 1778 2912 1832 thronorunt
2955 1789 3181 1831 suorum
3219 1788 3318 1844 per
3355 1772 3466 1828 vim

197 1868 320 1922 ἁλλ’
359 1871 394 1939 ἡ
456 1865 806 1938 πνευματικὴ
839 1867 1020 1937 χάρις,
1063 1866 1206 1920 κατά
1234 1866 1326 1918 τὸν
1357 1865 1544 1931 Δαῦὶδ,
1578 1866 1638 1919 οὐ
1673 1883 1780 1922 πα·

196 1961 583 2032 λαιωθήσεται.
610 1961 767 2028 Ἥξει
795 1959 853 2013 δέ
879 1959 1077 2030 μᾶλλον
1097 1961 1126 2013 ό
1149 1958 1279 2022 Θεὸς
1312 1958 1468 2030 ήμῶν
1498 1958 1782 2030 ἐμφανῶς,

199 2054 299 2108 καὶ⁸
354 2051 416 2105 οὺ
463 2053 988 2122 παρασιωπήσεταιο
1050 2051 1125 2114 ῶς
1156 2050 1440 2122 συναγάγῃ
1473 2050 1622 2121 αὐτῷ
1651 2051 1781 2114 τοὺς

201 2146 387 2209 ὁσίους
413 2143 600 2210 αὑτοῦ,
657 2144 782 2208 τοὺς
815 2141 1220 2214 διατιθεμένους
1255 2142 1357 2213 τὴν
1390 2142 1657 2214 διαθήκην
1681 2143 1784 2196 αὑ-

199 2239 324 2295 τοῦ.
359 2236 783 2310 Φιλοφρονητέον
816 2235 994 2290 τοίνυν
1016 2236 1142 2299 τοὺς
1192 2232 1644 2300 άποξενωθέντας
1676 2253 1784 2290 πα-

135 2404 139 2406 ν
202 2333 475 2405 τριάρχας
502 2333 564 2385 ἐκ
589 2329 698 2385 τῶν
754 2330 1076 2400 ἁγιωτάτων
1128 2329 1436 2402 ἐκκλησιῶν
1460 2330 1660 2397 αὐτῶν,
1691 2331 1786 2385 καὶ

206 2421 535 2492 ὑπερορίους
572 2420 920 2492 καθημένους
979 2423 1059 2486 είς
1095 2421 1282 2492 ἐτέρου
1340 2421 1678 2494 πατριάρχου
1707 2423 1787 2476 δι-

205 2514 444 2582 οίκησιν,
472 2514 562 2566 καὶ
586 2513 660 2583 μὴ
679 2513 1029 2584 άτιμαστέον.
1056 2514 1452 2569 Κεκανόνισται
1472 2513 1578 2584 γὰρ
1602 2531 1786 2586 παρα-

206 2603 491 2657 καλεῖσθαι
573 2603 831 2669 τούτους,
914 2602 1009 2658 καὶ
1077 2603 1260 2675 πάσης
1306 2602 1628 2673 ἐπιμελείας
1689 2606 1786 2658 καὶ

208 2691 477 2762 ὑποδοχῆς
505 2692 805 2760 ἀξιοῦσθαι,
839 2693 902 2747 οὐ
936 2692 1040 2766 μὴν
1069 2692 1388 2764 ὑϐρίζεσθαι
1433 2694 1520 2749 διὰ
1549 2693 1648 2765 τὴν
1676 2693 1786 2748 τῶν

208 2784 551 2854 πραγμάτων
585 2785 937 2854 ἀνωμαλίαν,
993 2783 1206 2855 θρήνων
1257 2785 1414 2850 ἀξίαν
1470 2785 1656 2851 οὖσαν,
1694 2787 1789 2840 καὶ

211 2873 291 2944 μὴ
309 2873 626 2939 ἀλαζονείας
652 2877 996 2946 γεννήτριαν.
1014 2869 1148 2928 Εἶτα
1172 2874 1282 2929 τῶν
1304 2874 1462 2931 θείων
1489 2877 1582 2930 καὶ
1617 2876 1788 2945 ἁγίων

209 2967 447 3038 Γραφῶν
497 2967 590 3021 καὶ
623 2967 731 3021 τῶν
771 2967 1062 3038 Πατρικῶν
1109 2968 1458 3038 παραδόσεων
1485 2986 1790 3040 κατονομα-

209 3059 424 3124 ζουσῶν
460 3061 654 3114 Πάπαν
677 3060 767 3114 τὸν
793 3060 1091 3113 ἐπίσκοπον
1131 3058 1374 3131 Ῥώμης,
1401 3060 1662 3125 ὡσαύτως
1692 3061 1788 3115 καὶ

1882 1868 2230 1935 exciderunt,
2277 1880 2460 1926 tamen
2529 1869 2831 1940 spiritualis
2900 1867 3102 1939 gratia,
3157 1864 3460 1922 secundum

1883 1960 2168 2027 Davidem,
2214 1977 2326 2016 non
2361 1961 2657 2018 exolescet.
2693 1961 2806 2016 lino
2857 1959 3041 2030 potius
3087 1957 3270 2014 veniet
3321 1955 3467 2011 Deus

1881 2057 2077 2108 noster
2121 2050 2440 2117 manifesto,
2497 2066 2599 2107 nec
2663 2050 2944 2118 silebitur;
2984 2059 3044 2104 ut
3082 2049 3307 2118 colligat
3360 2048 3468 2103 sibi

1885 2150 2110 2198 sanctos
2149 2157 2301 2207 suos.
2349 2143 2444 2214 qui
2487 2149 2875 2199 testamentum
2921 2140 3096 2211 ipsius
3145 2139 3466 2209 disponunt.

1883 2231 2074 2305 Itaque
2123 2234 2526 2306 complectendi
2568 2241 2697 2290 sunt
2744 2240 2994 2289 amanter
3041 2231 3079 2286 ii
3116 2230 3463 2302 patriarclttr.

1885 2325 1978 2398 qui
2040 2327 2408 2383 sanctissimis
2459 2324 2724 2382 Ecclesiis
2781 2325 2899 2382 suis
2949 2323 3169 2397 spoliati
3211 2329 3363 2388 sunt,
3414 2330 3468 2377 et

1887 2418 2108 2476 exsules
2148 2419 2202 2474 in
2229 2418 2457 2474 alterius
2491 2417 2814 2489 patriarcha:
2842 2416 3069 2472 dioecesi
3098 2415 3324 2487 degunt,
3361 2414 3469 2466 mi—

1887 2511 2144 2581 nimeque
2203 2509 2555 2566 contumeliis
2602 2508 2892 2564 alliciendi.
2931 2507 3143 2579 Quippe
3195 2506 3468 2562 sancitum

1887 2601 2195 2658 canonibus
2234 2607 2341 2668 est,
2379 2607 2442 2656 ut
2494 2615 2590 2657 eos
2631 2599 2999 2666 consolemur,
3046 2609 3102 2654 et
3135 2597 3286 2653 omni
3335 2610 3469 2650 cura

1897 2693 2356 2765 susceptioneque
2405 2692 2729 2771 dignemur;
2767 2707 2878 2748 non
2921 2689 3139 2761 injuriis
3170 2687 3470 2743 afllciamus

1889 2785 1960 2840 ob
1991 2799 2175 2840 rerum
2233 2783 2601 2838 humanarum
2679 2783 3132 2846 inconstantiam,
3201 2794 3324 2850 qua:
3388 2777 3471 2832 la-

1889 2875 2094 2948 crymis
2133 2875 2316 2947 potius
2345 2883 2432 2932 est
2469 2874 2656 2945 digna,
2690 2889 2857 2946 quam
2897 2881 2957 2928 ut
3001 2871 3355 2927 insolentiam
3391 2869 3470 2939 gi-

1891 2982 2057 3038 gnere
2115 2966 2330 3024 debeat.
2382 2967 2652 3023 Caeterum
2699 2981 2825 3022 cum
2876 2981 3047 3022 sacra:
3085 2964 3324 3028 Litterae,
3366 2961 3472 3017 Pa-

1896 3065 2154 3128 trumque
2172 3058 2518 3120 traditiones,
2536 3057 2850 3130 episcopum
2875 3056 3180 3112 Romanum
3200 3055 3473 3126 appellent

204 3153 303 3206 τὸν
345 3150 743 3223 Ἀλεξανδρείας
767 3168 779 3182 ⁸
807 3152 944 3206 άλλά
975 3151 1080 3224 μὴν
1112 3153 1202 3206 καὶ
1235 3152 1326 3205 τὸν
1353 3154 1786 3208 Κωνσταντινου-

1890 3164 2121 3221 papam;
2159 3148 2458 3220 itidemque
2482 3148 2937 3213 Alexandrinum,
2961 3156 3016 3203 et
3043 3150 3221 3218 ipsum
3253 3161 3474 3216 quoque

207 3245 446 3310 πόλεως,
471 3245 566 3299 καὶ
591 3244 680 3298 τὸν
711 3245 1121 3316 Ἱεροσολύμων,
1155 3245 1619 3316 ἀρχιεπισκόπους
1643 3262 1660 3278 θ
1693 3246 1789 3316 μό·

206 3355 301 3392 νον
327 3337 384 3390 δὲ
424 3338 516 3390 τὸν
562 3337 913 3408 Ἀντιοχείας,
952 3339 1321 3408 πατριάρχην.
1367 3337 1492 3400 Πῶς
1526 3337 1634 3390 τῶν
1669 3337 1791 3390 Ἀνο

203 3430 436 3501 τιοχέων
479 3433 540 3501 ἡ⁹
575 3429 838 3501 ἐκκλησία
892 3430 990 3500 οὐχ
1035 3429 1376 3500 ὑϐριοπαθεῖ,
1442 3429 1789 3499 μανθάνουσα

162 3546 170 3552 ·
205 3524 308 3576 καὶ
336 3523 458 3586 τοὺς
491 3521 731 3586 λοιποὺς,
759 3522 1104 3593 πατριάρχας
1129 3521 1628 3596 άνακηρύττεσθαι;
1656 3523 1790 3578 πάν-

205 3633 321 3679 τως
373 3613 461 3668 διὰ
486 3614 585 3684 τὴν
615 3613 921 3685 ταυτότητα
950 3615 1052 3684 τῆς
1085 3614 1271 3685 τιμῆς,
1328 3617 1424 3668 καὶ
1449 3615 1536 3668 διά
1580 3615 1641 3668 τδ
1692 3618 1789 3670 ἐπε

208 3707 361 3776 ἐχειν
390 3707 515 3770 τοὺς
551 3701 712 3761 πέντε
738 3705 1085 3776 πατριάρχας
1121 3705 1286 3759 τόπον
1319 3705 1418 3775 τῆς
1456 3705 1586 3776 μιᾶς
1619 3722 1790 3775 κεφα-

205 3793 311 3864 λῆς
340 3791 434 3846 τοῦ
475 3791 742 3865 σώματος,
775 3792 976 3864 δηλαδὴ
999 3793 1104 3848 τῶν
1129 3794 1298 3861 ἁγίων
1327 3793 1668 3865 Ἐκκλησιῶν
1693 3795 1787 3849 τοῦ

208 3885 372 3940 Θεοῦ.

299 3977 452 4031 Ἐπεὶ
481 3977 538 4032 δέ
595 3996 740 4043 τινες
773 3979 990 4048 λέγουσι
1026 3977 1192 4049 μηδὲν
1244 3970 1468 4032 εῖναιτδ
1515 3977 1786 4049 ἐμποδὼν,

209 4072 460 4136 καὶτοὺς
488 4071 767 4142 ἑκασταχῆ
801 4070 1290 4144 ἀρχιερατεύοντας
1342 4068 1484 4126 οὕτω
1526 4071 1789 4141 τιμᾶσθαι

208 4164 310 4216 καὶ
365 4161 785 4232 μεγαλύνεσθαι.
852 4163 962 4215 Καὶ
1027 4155 1176 4216 οὗτοι
1236 4177 1344 4229 γαρ
1401 4159 1788 4215 διδασκαλικοῦ

209 4255 523 4324 ἀξιώματος
548 4255 935 4324 κατηξίωνται,
963 4255 1054 4324 καὶ
1077 4255 1220 4308 κατὰ
1249 4255 1450 4310 Μωσέα
1474 4251 1792 4323 καὶἊαρὼν

207 4351 296 4412 είς
323 4351 390 4404 τά
413 4348 544 4417 am
559 4349 666 4401 τῶν
694 4348 864 4418 άγίων
885 4349 1168 4419 ἑστήκασι.
1202 4348 1296 4402 καὶ
1319 4347 1418 4419 τὴν
1453 4347 1792 4417 ἀναίμακτον

210 4442 407 4496 θυσίαν
436 4440 823 4513 προσφέρουσι.
865 4440 1068 4511 Φαμὲν,
1103 4439 1177 4504 ὡς
1217 4440 1323 4495 άπδ
1367 4439 1473 4494 τῶν
1513 4438 1673 4493 θείων
1699 4439 1792 4492 καὶ

208 4535 257 4587 is
269 4533 378 4602 ρῶν
410 4504 663 4585 κανόνων.
689 4532 870 4601 μόνοις
898 4504 1006 4596 τοῖς
1041 4504 1404 4604 πατριάρχαις
1435 4530 1791 4601 πεφιλοτίμη-
1815 4504 1870 4566 D

207 4643 301 4678 ται
356 4625 455 4690 τῆς
512 4624 838 4693 οἰκουμένης
894 4623 962 4676 τά
1020 4622 1279 4693 κλίματα.
1317 4622 1628 4676 Κάντεῠθεν
1669 4623 1790 4678 οὐδέ

208 4718 327 4787 ἔχει
369 4735 448 4780 τις
477 4717 662 4788 ἕτερος
695 4717 880 4785 οἰκείῳ
911 4715 1104 4787 δικαίῳ
1128 4714 1362 4787 ἐνορίαν,
1398 4715 1430 4786 ἢ
1458 4714 1584 4768 ἄλλο
1623 4733 1676 4768 τι
1709 4715 1789 4770 δί-

209 4823 371 4858 καιον
406 4804 676 4877 ίερατικόν
695 4822 708 4835 ο
741 4804 1049 4858 ἀλλ’ἐκεῖνο
1098 4806 1192 4859 καὶ
1219 4805 1378 4876 μόνον
1404 4805 1464 4858 τὸ
1494 4806 1660 4876 μέρος
1692 4807 1791 4875 τῆς

207 4895 535 4968 διοικήσεως
591 4896 880 4968 ίερατικῶς
920 4899 1152 4967 ἐνεργεῖ,
1188 4897 1246 4952 τὸ
1276 4899 1428 4953 δοθέν
1458 4898 1608 4971 αὐτῷ
1641 4899 1794 4970 παρὰ

209 4988 313 5055 τῆς
370 4988 777 5059 πατριαρχικῆς
839 4987 987 5051 θείας
1025 5006 1089 5059 με
1107 4989 1462 5060 ίαλειότητος.
1509 4990 1673 5043 Ὅθεν
1716 4991 1790 5054 ὡς

187 5069 669 5150 ἀποστελλόμενοι
701 5079 851 5149 παρά
886 5078 1258 5152 πατριαρχῶν,
1291 5082 1385 5133 καὶ
1412 5080 1793 5151 ἀναπληροῦν-

208 5183 307 5230 τες
339 5168 430 5222 τὸν
453 5169 618 5223 τόπον
646 5170 754 5223 τῶν
785 5168 942 5224 θείων
973 5171 1067 5223 καὶ
1097 5169 1267 5238 ἁγίων
1299 5171 1632 5239 ἀποστόλων,
1652 5172 1790 5225 ἀπο-

134 5253 146 5266 “
212 5259 482 5313 στολικῶν
544 5261 642 5333 μὲν
680 5261 994 5333 προνομίων
1055 5261 1313 5334 ἠξίωνται
1358 5262 1640 5333 (δεσμοῦσι
1682 5265 1790 5335 γὰρ

211 5350 308 5400 καὶ
338 5351 526 5409 λύουσι
559 5357 680 5409 κατ’
704 5355 904 5418 αὐτοὺς
929 5354 1024 5409 καὶ
1044 5355 1380 5427 χειροτονίας
1405 5357 1639 5422 ποιοῦσι,
1699 5359 1794 5411 καὶ

205 5439 310 5508 τὴν
349 5445 686 5516 ἀναίμακτον
743 5447 954 5514 θυσίαν,
988 5447 1346 5520 προσάγουσι)
1381 5449 1793 5522 πατριαρχικῶν

210 5536 270 5590 δὲ
307 5537 532 5592 δικαίων
554 5542 616 5594 οὐ
646 5541 1031 5608 κατηξίωνται.
1060 5539 1198 5595 Οὔτε
1243 5542 1351 5612 γάρ
1377 5542 1637 5607 σάκκους,
1666 5540 1790 5596 οὔτε

213 5629 596 5700 πολυσταύρια
623 5631 1021 5686 ἐνδιδύσκονται
1045 5650 1058 5664 ·
1090 5631 1214 5686 οὔτε
1269 5635 1407 5704 μετά
1449 5635 1794 5706 γραμμάτων

215 5725 312 5778 καὶ
337 5725 647 5791 τριγωνίων
670 5726 941 5798 στιχάρια.
976 5725 1162 5780 Ταῦτα
1189 5726 1245 5780 δὲ
1272 5725 1416 5782 οὕτω
1443 5728 1673 5796 γίνεται,
1713 5730 1792 5781 ὅτι

213 5817 312 5876 καὶ
343 5818 450 5872 τῶν
513 5818 680 5880 ἁγίων
713 5817 1024 5872 ἀποστόλων
1079 5819 1112 5890 ἡ
1162 5819 1280 5871 θεία
1313 5821 1588 5892 ὁμήγυρις
1615 5822 1672 5873 τὸ
1701 5821 1800 5874 τοῦ.

1891 3241 2590 3313 Constantinopolitanum,
2646 3257 2709 3298 ac
2754 3240 3333 3312 llierosolymitanum,
3385 3255 3472 3293 ar~

1890 3335 2308 3406 chiepiscopos;
2365 3335 2544 3391 solum
2595 3349 2725 3391 vero
2781 3334 3181 3390 Antiochenum
3236 3333 3471 3404 patriar-

1889 3428 2052 3484 cham
2081 3445 2096 3483 :
2130 3429 2222 3500 qui
2249 3427 2366 3484 fieri
2393 3437 2594 3499 potest,
2627 3436 2687 3483 ut
2717 3427 3058 3484 Antiochena
3099 3427 3332 3483 ecclesia
3361 3441 3471 3482 non

1890 3519 2132 3592 patiatur
2170 3519 2454 3589 iniuriam,
2500 3533 2622 3589 qua}.
2679 3517 2968 3589 intelligat,
3013 3518 3256 3588 reliquos
3307 3517 3470 3572 etiam

1890 3613 2110 3683 publice
2153 3611 2261 3667 dici
2309 3611 2694 3682 patriarchas?
2729 3609 2966 3668 Omnino
3007 3610 3065 3666 fit
3104 3611 3207 3666 hoc
3252 3617 3474 3680 prOptcr

1890 3705 2233 3762 identitatem
2263 3705 2512 3770 honoris,
2547 3712 2601 3760 et
2627 3705 2772 3776 quod
2802 3704 2855 3760 hi
2881 3705 3127 3774 quinque
3147 3703 3474 3772 patriarcha:

1890 3797 2064 3853 vicem
2119 3797 2284 3852 unius
2339 3798 2536 3868 capitis
2591 3797 2835 3853 universi
2880 3797 3130 3866 corporis
3169 3795 3470 3860 obtineant,

1892 3894 2209 3942 sanctarum
2234 3883 2488 3940 videlicet
2515 3883 2891 3940 Ecclesiarum
2927 3875 3047 3940 Dei.

1962 3977 2099 4046 Quia
2130 3993 2256 4034 vero
2287 3976 2511 4050 quidam
2551 3978 2866 4052 perhibent,
2895 3976 3032 4032 nihil
3066 3991 3190 4034 esse
3239 3976 3472 4046 impedi-

1891 4082 2105 4137 mento,
2192 4071 2490 4142 quominus
2574 4071 2758 4126 ubivis
2808 4070 3097 4126 constituti
3156 4069 3471 4141 pontifices,

1891 4167 2254 4220 eodemeum
2326 4165 2660 4236 patriarchis
2727 4164 2938 4220 honore
3003 4163 3473 4234 atnplitudincque

1891 4256 2166 4323 fruantur,
2229 4273 2350 4312 cum
2403 4265 2457 4313 et
2515 4257 2621 4328 ipsi
2674 4256 2906 4312 docendi
2953 4256 3274 4326 dignitatem
3327 4256 3471 4308 nacti

1895 4355 2046 4414 sunt,
2089 4355 2142 4403 ct
2173 4335 2421 4418 exemplo
2463 4345 2630 4402 Mosis
2659 4353 2714 4402 et
2751 4343 2986 4400 Aaronis
3025 4344 3076 4398 in
3109 4342 3314 4397 sanctis
3346 4357 3476 4396 san-

1894 4447 2108 4496 etorum
2153 4441 2480 4504 consistant,
2520 4440 2982 4507 incruentamque
3029 4435 3305 4490 victimam
3335 4434 3473 4489 01Ιέ⁴

1895 4541 2021 4587 rant
2045 4548 2060 4588 :
2089 4532 2487 4604 respondemus
2511 4547 2606 4604 per
2630 4530 2850 4588 divinos
2870 4543 3171 4600 sacrosque
3207 4543 3470 4589 canones,

1894 4625 2030 4682 solis
2084 4624 2416 4697 patriarchis
2469 4641 2590 4682 esse
2651 4639 2948 4681 concessus
2997 4624 3148 4678 orbis
3201 4629 3477 4676 terrarum

1894 4724 2127 4772 tractus.
2168 4716 2323 4774 Unde
2352 4717 2430 4783 fit,
2463 4725 2522 4772 ut
2558 4717 2702 4773 alius
2746 4716 3020 4787 quispiam
3059 4729 3160 4770 suo
3184 4713 3310 4784 jurc
3348 4729 3474 4786 pro-

1893 4809 2131 4863 vinciam
2163 4823 2268 4862 non
2301 4809 2516 4874 habeat,
2550 4808 2633 4864 vel
2667 4808 2812 4864 aliud
2844 4808 3135 4880 quodpiam
3160 4808 3252 4878 jus
3287 4823 3474 4862 sacer-

1894 4897 2075 4954 dotale
2110 4913 2126 4952 :
2155 4897 2252 4955 scd
2281 4899 2335 4952 in
2373 4914 2436 4954 ea
2469 4897 2736 4954 duntaxat
2763 4909 2914 4969 parte
2945 4898 3202 4954 ditncesis
3247 4914 3472 4952 munere

1895 4990 2222 5048 sacerdotali
2259 4989 2528 5063 fungitur,
2560 5005 2682 5060 qua:
2717 4989 2816 5059 ipsi
2851 5004 2880 5042 a
2924 5002 3079 5044 sacra
3113 4988 3470 5059 patriarchali

1897 5080 2256 5152 amplitudine
2290 5097 2551 5138 concessa
2585 5090 2687 5136 est.
2724 5077 2880 5135 Unde
2916 5081 3080 5134 veluti
3121 5079 3213 5151 qui
3248 5081 3473 5133 mittano

1897 5184 1986 5231 tur
2016 5193 2042 5228 a
2068 5175 2417 5246 patriarchis.
2438 5183 2493 5230 et
2514 5175 2686 5229 vicem
2711 5173 3019 5228 divinorum
3045 5183 3471 5240 sanctorumque

1896 5269 2269 5338 apostolorum
2307 5267 2585 5338 impleant,
2619 5266 2915 5336 apostolica
2940 5267 3156 5335 quidem
3191 5261 3473 5333 privilegia

1894 5358 2182 5415 consecuti
2221 5368 2348 5412 sunt
2383 5359 2575 5430 (ligant
2609 5357 2756 5413 enim
2797 5364 2852 5412 et
2893 5357 3113 5410 solvunt
3160 5368 3256 5422 per
3293 5367 3374 5420 se,
3405 5367 3473 5410 ac

1897 5433 2272 5504 ordinationes
2303 5447 2532 5512 faciunt,
2573 5453 2628 5503 et
2661 5447 3007 5502 incruentam
3057 5443 3293 5499 hostiam
3335 5443 3474 5499 olle-

1898 5542 2085 5612 runt),
2119 5552 2171 5596 at
2197 5541 2581 5612 patriarchalia
2614 5541 2737 5611 jura
2784 5555 2893 5593 non
2935 5537 3310 5594 obtinuerunt.
3361 5536 3472 5592 Nec

1898 5634 2046 5688 cnim
2071 5634 2154 5688 vel
2181 5650 2395 5698 saccos,
2431 5635 2512 5689 vel
2554 5632 2780 5702 penulas
2812 5630 2996 5685 multis
3029 5629 3316 5700 insignitas
3347 5646 3472 5682 rru-

1899 5725 2054 5780 cibns
2077 5725 2334 5787 induunt,
2360 5741 2459 5779 nec
2478 5723 2693 5778 tunicas
2723 5720 2993 5792 frequenti
3028 5721 3206 5775 littera
3232 5735 3467 5788 gamma,

1907 5819 2298 5889 triangu‘isque
2336 5819 2602 5887 depictas.
2640 5815 2762 5871 Hzcc
2807 5825 2986 5869 autem
3021 5815 3102 5869 ita
3141 5815 3291 5876 (ium,
3326 5816 3474 5884 quod
