3948 6570
521 411 664 476 1175

1817 415 1953 475 JUS
1993 416 2433 479 CANUNICUM

3628 418 3769 484 1176

519 534 726 579 Sani-ta:
745 539 831 576 unt
853 519 1226 591 apostolOrum
1257 518 1474 576 divinus
1506 529 1683 577 coetus
1707 522 1950 594 martyrii
1977 532 2083 578 sta-

2199 525 2495 596 μαρτυρίου
2530 525 2742 588 στάδιον
2802 525 3092 598 τρέχουσα,
3151 525 3498 599 χειροπέδαις
3529 525 3626 598 μὲν
3681 531 3770 584 καὶ

518 622 666 671 dium
696 615 1017 682 decurrens,
1056 613 1284 669 manicis
1316 613 1535 684 quidem
1563 629 1624 669 ac
1651 614 1768 669 loro
1807 614 2090 684 subjectus

520 707 703 774 fuerit,
753 717 808 763 et
853 705 1251 778 discipulorum
1306 703 1471 775 pedes
1529 705 1848 760 absterserit
1900 705 2088 769 linteo,

518 808 684 869 atque
737 797 969 853 Aaronis
1011 796 1262 867 exemplo
1308 796 1545 851 induerit
1593 796 1893 861 bumerale,
1943 799 2090 852 tuni-

515 907 633 944 ram
667 892 915 952 talarem,
937 887 1155 959 Ephud,
1188 886 1388 960 quibus
1431 887 1520 942 illa
1549 889 1732 958 prisca
1766 887 1924 959 pellis
1949 885 2091 941 Ada-

515 985 686 1038 mitca:
719 999 913 1038 massa:
941 981 1308 1038 denotabatur
1341 1003 1354 1038 :
1386 997 1572 1036 verum
1615 981 1841 1052 sanguis
1870 991 1919 1035 et
1949 994 2089 1050 aqua

513 1094 578 1135 ex
618 1091 806 1132 eorum
838 1077 1009 1131 latere
1047 1091 1155 1130 non
1186 1073 1434 1140 deﬂuxit,
1467 1090 1701 1144 quorum
1736 1074 1905 1129 vicem
1937 1088 2090 1144 gam-

455 1221 461 1226 .
513 1169 679 1222 matia
737 1167 846 1239 (5‘59)
911 1167 1223 1221 tunicarum
1277 1167 1521 1237 implent.
1583 1163 1694 1220 Nec
1744 1163 2089 1220 contumelia:

430 1255 462 1276 "
512 1262 734 1331 pallium
776 1259 1097 1315 induerunt.
1126 1255 1235 1314 Nec
1263 1272 1451 1313 eorum
1491 1259 1780 1328 quisquam
1826 1255 1965 1326 lapis
1994 1271 2090 1309 an-

509 1353 718 1419 gularia
763 1361 988 1408 vocatus
1026 1351 1152 1415 fuit,
1202 1352 1344 1406 sicut
1396 1349 1660 1405 Dominus
1707 1349 1798 1403 ille
1837 1346 2090 1417 Deusque

512 1454 718 1499 noster.
762 1442 872 1497 Nec
907 1443 1030 1498 ﬁdei
1065 1443 1329 1498 talentum
1374 1457 1470 1511 per
1511 1439 1805 1510 quemlibet
1843 1439 2086 1507 ipsorum

509 1538 564 1590 in
595 1536 913 1592 universum
964 1535 1150 1590 orbem
1192 1543 1464 1588 terrarum
1507 1532 1794 1587 dilatatam
1831 1529 1953 1592 fuit,
1991 1529 2086 1584 sed

509 1629 598 1683 hic
623 1627 875 1694 Romam,
909 1627 1000 1682 ille
1049 1626 1114 1680 ad
1157 1625 1320 1681 ludos
1360 1626 1442 1680 vel
1497 1625 1812 1686 Britannos,
1844 1622 1986 1677 alius
2019 1621 2088 1676 ad

507 1721 695 1776 tiallos
727 1721 996 1774 doctrina:
1030 1718 1224 1772 latices
1271 1717 1560 1771 derivavit.
1607 1715 1771 1770 Solus
1805 1715 1896 1770 ille
1930 1713 2088 1768 Chri-

508 1823 626 1869 stus
659 1829 722 1868 ac
747 1811 892 1868 Deus
934 1819 1123 1865 noster
1153 1810 1342 1866 aderat
1378 1810 1601 1878 ubique,
1639 1817 1802 1878 atque
1829 1808 2086 1862 universa

2193 618 2510 691 φραγγελίῳ
2540 617 3040 689 καθυποδέὸληται,
3072 620 3166 673 καὶ
3192 621 3358 684 πόδας
3391 622 3655 694 μαθητῶν
3687 624 3774 678 διὰ

2193 710 2401 765 λεντίου
2451 711 2758 783 ἀπέσμηξε,
2792 711 2888 764 καὶ
2940 710 3310 766 ἐνεδιδύσκετο
3365 712 3508 767 κατά
3560 713 3774 784 Ἀαρὼν

2191 803 2290 874 τὴν
2318 803 2586 874 ἐπωμίδα,
2621 803 2716 857 καὶ
2765 803 2856 857 τὸν
2890 801 3124 873 ποδήρη,
3156 802 3251 856 καὶ
3287 803 3350 856 τὸ
3397 803 3584 871 ὲιροῦδ,
3613 802 3684 856 τά
3716 803 3774 857 τὸ

2192 894 2418 964 ἀρχαῖον
2446 895 2779 966 σημαίνοντα
2804 893 2997 948 κώδιον
3027 893 3125 948 τοῦ
3161 893 3485 963 Ἀδαμιαίου
3516 895 3772 966 φυράμα-

2191 1002 2310 1048 τος·
2369 977 2510 1056 αἷμα
2557 984 2614 1038 δὲ
2666 987 2761 1038 καὶ
2810 985 2954 1056 ὕδωρ
3004 986 3070 1038 ἐκ
3100 986 3198 1054 τῆς
3224 984 3472 1056 πλευρᾶς
3492 985 3674 1040 αῦτῶν
3712 987 3771 1040 οὗ

2193 1077 2584 1149 κατέρρευσεν,
2613 1070 2689 1132 ὧν
2717 1076 3098 1148 ἀναπληροῦσι
3129 1076 3297 1130 τόπον
3342 1077 3411 1132 τά
3444 1078 3554 1130 τῶν
3589 1096 3773 1149 στιχα⁹

2197 1171 2327 1241 ρίων
2369 1168 2675 1241 γαμμάτια.
2711 1169 2846 1222 Οὐδὲ
2873 1171 2973 1240 τὴν
3005 1168 3230 1238 χλαῖναν
3273 1169 3376 1238 τῆς
3439 1168 3653 1238 ὕϐρεως
3688 1172 3772 1223 ἑν-

2193 1265 2470 1318 εδύσαντο.
2491 1263 2624 1316 Ούδέ
2642 1281 2724 1326 τις
2755 1261 2934 1316 αὐτῶν
2960 1261 3107 1325 λίθος
3137 1263 3534 1333 ἀκρογωνιαίος
3558 1263 3770 1333 ὠνόμα-

2196 1371 2338 1418 σται,
2394 1355 2469 1418 ώς
2503 1354 2531 1407 6
2569 1352 2773 1424 Κύριος
2805 1353 2899 1407 καὶ
2943 1353 3076 1415 Θεὸς
3130 1354 3312 1422 ἡμῶν.
3371 1353 3511 1406 Οὐδὲ
3563 1353 3627 1406 τὸ
3677 1355 3770 1423 τῆς

2193 1446 2430 1509 πίστεως
2462 1444 2723 1500 τάλαντον
2754 1445 2820 1498 δι’
2852 1444 3089 1498 ἑκάστου
3123 1445 3306 1500 αὐτῶν
3357 1447 3438 1509 εἰς
3473 1446 3655 1499 πᾶσαν
3678 1431 3769 1516 τὴν

2191 1538 2518 1609 οἰκουμένην
2540 1536 2882 1608 ὲιρῆπλωται,
2914 1535 3029 1589 ἀλλ’
3053 1539 3081 1590 6
3117 1536 3215 1605 μὲν
3237 1538 3296 1589 ἐν
3333 1535 3552 1607 Ῥώμῃ,
3588 1538 3618 1589 ὁ
3635 1536 3688 1590 δὲ
3715 1539 3768 1590 ὲν

2204 1630 2383 1696 Ἰνδοῖς
2406 1630 2438 1700 ἢ
2468 1631 2808 1701 Βρεττανοῖς,
2839 1633 2868 1684 6
2893 1630 2948 1683 δὲ
2965 1633 3020 1686 ἐν
3042 1631 3309 1691 Γαλάταις
3337 1629 3468 1692 τοῦς
3503 1629 3605 1698 τῆς
3631 1629 3768 1682 διδα-

2194 1722 2420 1786 σκαλίας
2454 1722 2765 1794 μετώχευσε
2798 1722 3055 1786 πίδακας.
3078 1722 3255 1786 Μόνος
3277 1722 3334 1776 δὲ
3360 1723 3388 1776 6
3423 1722 3664 1788 Χριστὸς
3681 1721 3767 1774 καί

2192 1815 2324 1878 Θεὸς
2362 1815 2516 1884 ἡμῶν
2565 1812 2839 1884 πανταχοῦ
2872 1815 3076 1884 παρῆν,
3129 1815 3224 1868 καὶ
3269 1814 3447 1884 χαρᾶς
3474 1813 3544 1866 τὰ
3600 1814 3770 1866 πάντα

508 1904 706 1979 gaudio
751 1904 1032 1976 implebat.
1063 1901 1222 1958 Unde
1258 1903 1334 1967 fit,
1372 1910 1430 1955 ut
1478 1899 1812 1955 sanctissimi
1853 1899 2083 1970 patriar-

2193 1905 2525 1978 ὲπλήρωσεν.
2559 1903 2724 1956 Ὅθεν
2754 1903 2849 1956 καὶ
2875 1905 2924 1956 οἱ
2955 1904 3254 1972 ἁγιώτατοι
3291 1903 3654 1973 πατριάρχαι,
3685 1903 3768 1956 τό·

508 1998 645 2060 cbrr,
677 1996 768 2067 qui
801 2003 1116 2050 sanctarum
1155 1993 1528 2049 Ecclesiarum
1553 1991 1754 2062 capitis
1787 1991 1879 2047 Dei
1913 1991 2084 2046 vicem

507 2085 757 2154 implent,
789 2099 982 2141 saccos
1009 2084 1262 2147 induant,
1301 2083 1626 2152 tunicasque
1665 2080 1846 2136 ﬂuviis
1881 2095 1945 2135 ac
1985 2079 2086 2135 tri-

506 2178 745 2248 angulis,
775 2179 1003 2248 penulas
1031 2175 1219 2232 multis
1247 2175 1506 2230 crucibus
1535 2173 1816 2244 depictas;
1849 2185 1910 2227 ac
1937 2172 2085 2243 pari-

505 2279 591 2324 ter
636 2269 692 2324 in
745 2269 1002 2323 omnibus
1060 2266 1323 2323 Ecclesiis
1369 2267 1695 2322 nominatim
1754 2265 2080 2320 referantur.

506 2361 652 2418 Idem
673 2361 894 2426 baculo,
941 2361 1162 2431 perinde
1184 2377 1246 2415 ac
1263 2359 1533 2415 arundine
1556 2358 1810 2415 Christus
1836 2358 2085 2427 Deusque

502 2463 716 2518 noster,
749 2453 1073 2523 spectabiles
1110 2467 1232 2508 sese
1269 2450 1522 2507 reddunt.
1565 2449 1759 2505 Ca-teri
1801 2447 2084 2520 pontifices

503 2556 559 2602 ct
622 2546 919 2610 antistites,
970 2543 1196 2616 perinde
1252 2560 1316 2599 ac
1377 2547 1560 2598 Aaron
1611 2544 1700 2597 illa
1749 2543 1920 2614 virga,
1963 2557 2085 2612 qua:

505 2641 687 2712 magni
721 2637 1349 2710 mysteriisignilicandi
1372 2651 1537 2692 causa
1569 2635 1771 2696 ﬂoruit,
1794 2636 1875 2690 vel
1909 2634 2083 2689 instar

505 2731 685 2804 magni
718 2731 864 2786 illius
896 2729 1126 2800 apostoli
1183 2729 1353 2793 Petri,
1393 2729 1483 2798 qui
1526 2745 1588 2782 cx
1622 2727 1742 2798 ipso
1781 2727 1891 2781 Deo
1923 2727 2083 2782 audi-

503 2826 602 2890 vit,
630 2825 801 2879 Pasce
834 2839 966 2879 oves
995 2837 1164 2878 meas.
1197 2819 1264 2875 Et
1290 2820 1552 2892 quoniam
1597 2835 1728 2875 vero
1759 2826 1844 2873 est
1880 2820 2079 2884 simile,

503 2915 816 2985 quempiam
861 2913 1222 2983 interrogare,
1263 2925 1385 2980 quae
1411 2909 1664 2965 vocabuli
1695 2923 1832 2980 papa
1873 2909 2082 2978 signiti-

501 3008 647 3061 catio
697 3008 789 3070 sit,
826 3021 948 3077 qua:
992 3003 1360 3075 patriarchae,
1393 3019 1513 3074 qua?
1554 3002 1996 3072 archiepiscopi;
2029 3010 2082 3054 et

501 3099 859 3170 quamobrem
930 3097 1126 3151 horum
1203 3096 1450 3167 quinque
1520 3094 1764 3166 capitum
1847 3093 2080 3149 facultas

501 3200 666 3262 atque
702 3187 983 3260 privilegia
1031 3188 1143 3242 sint
1188 3186 1401 3251 eadem,
1445 3187 1523 3241 uti
1565 3186 1906 3240 declaratum
1955 3185 2078 3252 fuit,

501 3299 626 3338 cum
681 3281 1000 3337 eorumdem
1049 3281 1270 3335 nomina
1315 3280 1423 3336 sint
1467 3281 1686 3336 diversa

501 3377 585 3431 rio
641 3375 958 3448 putavimus
999 3374 1195 3429 horum
1229 3388 1450 3445 quoque
1499 3373 1648 3431 velut
1703 3371 1909 3441 apicem
1966 3380 2085 3428 tan-

500 3468 758 3542 gendum.

571 3562 727 3631 Apud
771 3561 1002 3616 Latinos
1044 3577 1185 3632 papa
1229 3560 1436 3615 dicitur
1474 3560 1653 3614 Pater.
1694 3559 1759 3613 Et
1795 3559 1938 3632 apud
1983 3559 2080 3613 Ju~

476 3642 651 3711 ’δαῖος
677 3653 996 3726 patriarcha
1030 3653 1237 3709 dicitur
1262 3652 1517 3722 princeps
1545 3652 1661 3708 sive
1685 3650 1849 3706 Pater
1871 3651 2082 3720 patria-

502 3763 645 3802 rum.
697 3747 964 3802 Similiter
1012 3744 1496 3814 archiepiscopus,
1545 3742 1649 3800 erit
1694 3744 2078 3814 episcoporum

501 3839 682 3895 Pater.
719 3837 869 3894 Licet
915 3853 1045 3910 ergo
1083 3852 1260 3908 papaa,
1297 3836 1625 3908 patriarchae
1653 3877 1668 3901 ,
1711 3845 1765 3891 et
1809 3835 2084 3906 archiepi-

501 3933 653 4002 scopi
713 3931 1061 4001 signiiicata,
1124 3930 1325 4002 lingua:
1378 3930 1591 3984 ratione
1650 3928 1866 3984 diversa
1922 3937 2078 3992 sunt,

500 4027 655 4080 nullo
703 4032 884 4079 tamen
933 4024 1095 4079 modo
1139 4030 1407 4095 potestate
1461 4020 1742 4076 differunt.
1803 4019 2084 4086 Quamob-

500 4133 616 4173 rem
697 4133 888 4172 omnes
967 4117 1130 4172 etiam
1203 4113 1480 4172 communi
1545 4114 1768 4169 nomine
1846 4114 2082 4184 patriar-

502 4212 620 4266 chae
691 4211 973 4266 dicuntur.
1049 4209 1286 4263 Sanctus
1339 4206 1560 4277 quidem
1637 4206 1729 4260 ille
1796 4204 2080 4269 Silvester,

501 4305 592 4374 qui
651 4304 861 4373 primus
915 4302 1102 4357 Romae
1149 4299 1523 4370 pontificatum
1579 4299 1839 4365 obtinuit,
1889 4309 1938 4354 et
1987 4299 2077 4369 qui

501 4397 709 4465 primus
739 4391 1044 4448 Antiochiae
1079 4388 1323 4460 pontifex
1356 4387 1456 4442 fuit
1484 4388 1728 4453 Evodus,
1764 4403 1872 4441 non
1903 4386 2000 4441 abs
2022 4403 2081 4441 re

501 4488 688 4541 Patres
720 4483 974 4554 appellati
1017 4479 1192 4535 fuere.
1235 4479 1450 4550 Quippe
1479 4478 1712 4534 necdum
1736 4485 1893 4534 erant
1924 4477 2086 4549 patri-

501 4581 717 4643 archzn,
769 4578 861 4646 qui
907 4590 938 4630 a
974 4573 1230 4628 Patribus
1278 4573 1667 4630 instituuntur.
1721 4571 1986 4627 Similiter
2028 4583 2080 4625 ct

1753 3297 1764 3332 :
1829 3295 2079 3335 necessa-
2114 3271 2156 3328 C

2192 2017 2293 2054 πον
2323 1997 2760 2069 ἀναπληροῦντες
2798 1997 2897 2065 τῆς
2922 1996 3167 2066 κεφαλῆς
3201 1997 3310 2051 τῶν
3339 1997 3518 2066 ἁγίων
3539 1997 3769 2068 Ἐκκλη-

2195 2091 2328 2146 σιῶν
2359 2090 2453 2145 τοῦ
2504 2090 2666 2157 Θεοῦ,
2711 2089 3114 2144 ὲνδιδύσκονται
3164 2089 3426 2154 σάκκους,
3484 2090 3581 2143 καὶ
3632 2090 3771 2155 μετὰ

2195 2182 2474 2253 ποταμίων
2497 2181 2591 2236 καὶ
2620 2181 2924 2253 τριγωνίων
2955 2181 3226 2253 στιχάρια,
3257 2182 3455 2236 καὶδιὰ
3474 2182 3771 2235 πολυσταυ·

2195 2275 2325 2345 ρίων
2358 2272 2627 2343 φαινόλια,
2664 2272 2758 2325 καὶ
2790 2273 2868 2335 είς
2899 2271 3078 2335 πάσας
3113 2271 3213 2336 τὰς
3272 2271 3606 2340 Ἐκκλησίας
3636 2271 3770 2324 κατά

2190 2364 2388 2419 ταύτὸν
2414 2362 2798 2432 ἀναφέρονται.
2830 2361 2909 2432 Τῇ
2941 2360 2998 2414 δὲ
3032 2360 3233 2434 ῥάϐδῳ,
3269 2360 3345 2425 ὡς
3365 2363 3393 2414 6
3425 2361 3662 2432 Χριστὸς
3681 2361 3770 2413 καὶ

2190 2459 2322 2522 Θεὸς
2344 2457 2502 2527 ἡμῶν
2530 2455 2607 2521 τῷ
2627 2455 2860 2525 καλάμῳ
2887 2454 2986 2524 τῆς
3019 2453 3250 2522 ῦσρεως,
3283 2452 3766 2524 ἀποσεμνύνονται.

2191 2553 2254 2605 Οἱ
2285 2552 2340 2604 δὲ
2370 2549 2547 2605 λοιποὶ
2589 2549 2864 2620 ἀρχιερεῖς
2899 2547 2994 2602 καὶ
3049 2545 3359 2617 ἡγούμενοι,
3391 2545 3470 2609 ώς
3496 2548 3526 2599 6
3562 2545 3768 2617 ’Δαρὼν

2189 2649 2256 2717 τῇ
2289 2643 2469 2716 ῥάϐδῳ
2501 2643 2684 2713 ἐκείνῃ
2713 2643 2778 2712 τῇ
2809 2641 3161 2714 βλαπησάσῃ
3184 2641 3324 2693 κατά
3375 2639 3622 2710 μεγάλου
3671 2655 3767 2709 μυ-

2192 2737 2413 2807 στηρίου
2448 2734 2810 2806 προδήλωσιν,
2865 2734 2899 2806 ἢ
2943 2733 3019 2797 ὡς
3050 2735 3078 2787 6
3135 2734 3306 2804 μέγας
3336 2731 3642 2797 ἀπόστολος
3671 2732 3770 2784 Πέ-

2188 2849 2336 2902 τρος,
2391 2833 2420 2883 6
2453 2828 2692 2890 ἀκούσας
2723 2827 2875 2897 παρά
2923 2825 3094 2892 Θεοῦ,
3134 2826 3369 2897 Ποίμανε
3401 2826 3475 2879 τά
3528 2825 3767 2899 πρόεατά

2191 2941 2318 2994 μου.
2358 2921 2510 2975 Ἐπεὶ
2543 2919 2599 2973 δὲ
2630 2919 2740 2974 τῶν
2775 2919 3002 2973 εἰκότων
3030 2920 3178 2972 ἐστὶν
3205 2917 3482 2988 ἐρωτῆσαί
3511 2934 3660 2979 τινα,
3691 2915 3769 2980 τίς

2189 3016 2223 3086 η
2251 3012 2342 3067 τοῦ
2384 3013 2542 3068 πάπα
2569 3012 2833 3083 σημασία,
2867 3011 2960 3065 καὶ
2981 3011 3062 3075 τίς
3083 3012 3116 3081 ὴ
3139 3009 3232 3063 τοῦ
3259 3010 3607 3081 πατριάρχου
3637 3008 3767 3073 ἐστὶ,

2188 3107 2279 3161 καὶ
2300 3107 2382 3170 τίς
2412 3107 2445 3177 ἡ
2506 3104 2600 3158 τοῦ
2634 3103 3089 3175 ἀρχιεπισκόπου,
3121 3104 3214 3156 καὶ
3254 3101 3397 3155 διατί
3442 3101 3555 3155 τών
3618 3101 3768 3154 πέντε

2189 3198 2439 3268 κεφαλῶν
2465 3199 2501 3270 ἡ
2531 3197 2629 3268 μὲν
2660 3197 2913 3268 ἐνέργεια
2946 3197 3039 3249 καὶ
3063 3196 3134 3248 τά
3188 3195 3459 3267 προνόμια
3494 3193 3770 3258 ταυτίζον-

2190 3311 2301 3357 ται,
2333 3289 2517 3354 καθὼς
2562 3288 2892 3360 διείληπται,
2945 3289 3014 3342 τὰ
3043 3287 3100 3341 δὲ
3140 3287 3382 3359 ὀνόματα
3413 3287 3628 3341 τούτων
3671 3287 3769 3341 sic!

2189 3388 2441 3458 διάφορα,
2477 3383 2596 3437 δέον
2648 3381 3014 3454 ἐλογισάμεθα
3043 3382 3137 3435 καὶ
3171 3383 3236 3435 τὰ
3283 3379 3651 3452 περὶτούτων
3683 3383 3761 3434 ἐκ-

2191 3478 2530 3549 κορυφώσαι.

2263 3570 2455 3633 Πάπας
2503 3568 2653 3641 παρά
2713 3567 2963 3631 Λατίνοις
3008 3566 3272 3638 κέκληται
3317 3567 3345 3620 6
3398 3566 3615 3637 Πατήρ.
3664 3566 3766 3619 Καὶ

2192 3665 2341 3734 παρά
2387 3661 2659 3726 Ἰουδαίοις
2701 3661 3067 3733 πατριάρχης,
3101 3662 3129 3712 6
3163 3659 3344 3730 ἄρχων
3373 3659 3494 3730 ῆτοι
3528 3660 3554 3711 6
3587 3659 3765 3725 Πατήρ

2189 3755 2295 3812 τῶν
2327 3755 2592 3826 πατριῶν.
2630 3753 3205 3825 Καὶ-ἀρχιεπίσκοπος
3235 3751 3460 3821 ὁμοίως,
3490 3751 3520 3802 6
3547 3749 3762 3803 ἐπισκό-

2191 3864 2308 3899 πων
2330 3846 2538 3916 Πατήρ.
2568 3845 2689 3899 Κᾶν
2719 3843 2850 3913 γοῦν
2877 3837 2978 3896 ὦσι
3005 3841 3100 3895 τοῦ
3139 3843 3296 3896 πάπα
3317 3881 3332 3906 ,
3363 3840 3456 3895 τοῦ
3493 3839 3758 3910 πατριάρ-

2190 3954 2309 4008 χου,
2341 3936 2438 3990 καὶ
2464 3935 2559 3989 τοῦ
2591 3934 3025 4006 ἀρχιεπισκόπου
3055 3933 3124 3986 τὰ
3159 3931 3540 4002 σημαινόμενα
3560 3933 3628 4000 τῇ
3653 3929 3761 3983 δια-

2189 4027 2364 4098 λέκτῳ
2399 4025 2653 4095 διάφορα,
2688 4025 2824 4078 ἀλλά
2847 4024 3073 4094 δυνάμει
3105 4023 3248 4076 κατά
3282 4021 3450 4093 μηδὲν
3477 4021 3762 4090 διαφέρου-

2192 4138 2266 4174 σι.
2329 4119 2420 4172 Διὸ
2481 4119 2576 4172 καὶ
2640 4116 2840 4180 πάντες
2905 4114 3070 4184 κοινῷ
3132 4113 3363 4185 ὀνόματι
3431 4112 3762 4183 πατριάρχαι

2191 4209 2678 4280 κατονομάζονται.
2727 4207 2786 4260 Ὀ
2818 4205 2949 4276 γοῦν
2982 4206 3214 4276 πρώτως
3245 4203 3683 4276 ἀρχιερατεύσας
3711 4204 3763 4256 ὲν

2201 4301 2392 4372 Ῥώμῃ
2419 4301 2572 4368 ἅγιος
2597 4299 2940 4370 Σίλϐεστρος,
2973 4296 3068 4352 καὶ
3091 4300 3119 4352 6
3153 4297 3386 4370 πρώτως
3413 4295 3764 4368 ἀρχιερατεύ-

2193 4411 2291 4458 σας
2324 4397 2381 4448 ὲν
2423 4393 2723 4463 Ἀντιοχείᾳ
2753 4389 2982 4458 Εῦοδος,
3032 4389 3342 4460 ἐκλήθησαν
3395 4389 3633 4455 εὐλόγως
3660 4386 3765 4439 Πα-

2189 4487 2366 4557 τέρες.
2399 4484 2568 4537 Οῦπω
2596 4484 2704 4554 γάρ
2757 4479 2900 4555 ἦσαν
2954 4481 3312 4553 πατριάρχαι,
3339 4480 3494 4550 παρά
3521 4479 3630 4532 τῶν
3661 4480 3764 4532 Πα-

2189 4579 2364 4649 τέρων
2387 4575 2831 4648 προϐαλλόμενοι.
2853 4573 3130 4636 Ὡσαύτως
3163 4574 3258 4626 καὶ
3291 4575 3318 4626 6
3359 4571 3765 4642 Ἀλεξανδρείας

499 4670 910 4728 Alexandrinus
957 4677 1242 4739 propterea
1289 4676 1517 4722 vocatus
1563 4666 1663 4720 fuit
1715 4681 1888 4737 papa,
1934 4665 2080 4735 quod

2195 4636 2401 4741 ἐκλήθη
2429 4636 2673 4734 ’πάπαςξ
2699 4666 2789 4720 διὰ
2838 4667 2902 4720 τὸ
2954 4666 3141 4720 λαδεῖν
3173 4665 3264 4719 τὸν
3312 4665 3468 4734 ἅγιον
3504 4636 3763 4736 Κύριλλον

500 4773 728 4820 sanctus
780 4762 869 4818 ille
923 4760 1164 4848 Cyrillus
1209 4759 1263 4813 in
1314 4759 1478 4814 tertia
1543 4757 2078 4830 synodo.privilegia

500 4872 656 4928 papa:
707 4845 980 4916 Romani,
1008 4849 1292 4906 leestini
1338 4848 1566 4909 scilicet,
1608 4847 1904 4918 acceperit.
1940 4845 2078 4901 Cum

500 4956 682 5003 autem
747 4946 936 5012 religio
965 4943 1080 5013 jam
1133 4952 1425 5013 pervagata
1473 4941 1666 4997 fuisset
1739 4941 1873 4997 fines
1928 4940 2080 4996 orbis

501 5052 798 5104 terrarum,
842 5046 901 5093 ut
934 5037 1068 5093 urbs
1107 5037 1217 5091 fere
1264 5035 1519 5106 quaelibet
1563 5037 1882 5107 epiScopum
1938 5033 2082 5089 obti-

501 5132 904 5202 nuissetzipsa
953 5130 1172 5201 pictatis
1223 5128 1360 5183 ratio
1413 5128 1692 5199 poscebat,
1726 5135 1784 5182 ut
1826 5125 2084 5182 llicroso-

499 5225 665 5298 lymis
695 5223 860 5278 etiam
902 5221 1077 5275 bonos
1113 5219 1431 5281 haberetur,
1471 5218 1541 5272 ob
1573 5216 1856 5272 cruciatus
1894 5232 2081 5272 sacro-

502 5327 724 5376 sanctos
759 5323 814 5372 et
861 5313 1176 5385 sepulcrum
1201 5309 1416 5367 Domini
1459 5311 1630 5367 nostri
1671 5308 1802 5367 Jesu
1848 5309 2080 5366 Christi.

497 5411 634 5467 Nam
663 5423 857 5481 magna
907 5406 1098 5463 isthmc
1123 5405 1255 5461 urbs
1285 5404 1790 5473 Constantinopolis
1811 5403 1922 5471 jam
1955 5413 2084 5458 ante

502 5505 767 5560 honorem
821 5502 1158 5565 obtinuerat,
1204 5498 1280 5554 uti
1327 5513 1492 5569 supra
1543 5497 1751 5552 dictum
1785 5495 1908 5561 fuit,
1951 5511 2080 5565 pro-

2189 4763 2331 4818 κατά
2363 4763 2462 4834 τὴν
2487 4761 2680 4832 τρίτην
2714 4759 2932 4814 σύνοδον
2959 4759 3054 4813 τοῦ
3086 4759 3243 4813 πάπα
3281 4758 3523 4831 Ῥώμης,
3546 4759 3640 4812 τοῦ
3664 4759 3762 4812 Κε-

2187 4857 2432 4911 λεστίνου
2467 4855 2631 4924 φημὶ,
2677 4851 2747 4906 τά
2778 4851 3072 4924 προνόμια.
3109 4851 3222 4918 Τῆς
3251 4851 3307 4904 δὲ
3337 4849 3627 4915 εὐσεϐείας
3658 4851 3762 4905 δια·

2186 4939 2502 5011 δραμούσης
2532 4941 2611 5004 εἰς
2639 4941 2738 5010 τῆς
2759 4939 3086 5010 οἰκουμένης
3100 4938 3168 4992 τὰ
3194 4938 3430 5009 πέρατα,
3447 4939 3546 4992 καὶ
3566 4940 3762 5001 πόλεως

2191 5039 2425 5109 ἑκάστης
2449 5036 2634 5108 σχεδὸν
2658 5035 2928 5107 λαϐούσης
2958 5036 3276 5100 ἐπίσκοπον,
3311 5035 3504 5106 ἐδέησε
3534 5036 3758 5108 τιμηθῆυ

2192 5149 2281 5184 ναι
2323 5129 2636 5199 θεαρέστως
2690 5129 2783 5182 καὶ
2813 5127 3052 5190 εὐσεσώς
3104 5127 3198 5182 καὶ
3246 5126 3347 5199 τῆν
3391 5127 3759 5198 Ἰερουσαλὴμ,

2193 5223 2282 5276 διὰ
2321 5223 2388 5276 τά
2416 5222 2548 5290 ἅγια
2597 5221 2745 5290 πάθη
2773 5222 2870 5274 καὶ
2903 5219 2994 5274 τὸν
3022 5221 3193 5288 τάνρον
3238 5220 3334 5273 τοῦ
3368 5221 3580 5291 Κυρίου
3619 5220 3762 5292 ἡμῶν

2206 5311 2380 5383 Ἰησοῦ
2412 5311 2671 5382 Χριστοῦ.
2711 5310 2774 5364 Ἡ
2819 5310 2928 5382 γάρ
2963 5311 3332 5380 μεγαλόπολις
3380 5311 3758 5383 προτετίμητο,

2195 5404 2376 5469 καθώς
2394 5407 2739 5476 προείρηται,
2763 5403 2851 5457 διά
2873 5403 2931 5456 τὸ
2960 5404 3040 5467 είς
3063 5401 3265 5474 ταύτην
3293 5403 3683 5475 μετενεχθῆναι
3704 5402 3760 5456 τά

2195 5497 2456 5569 σκῆπτρα
2481 5495 2580 5568 τῆς
2605 5495 2714 5552 τῶν
2766 5495 3049 5568 Ῥωμαίων
3086 5495 3382 5567 βασιλείας.
3437 5497 3758 5567 Μετωνομάη

1793 5614 2026 5670 νΑΙὶῐᾹί
2060 5615 2460 5674 LECTIONES.

577 5715 625 5749 ⁵⁷
645 5713 972 5784 φραγίλλιῳ.
1053 5712 1094 5743 ⁷⁸
1131 5712 1519 5782 μετυχέτευσε.

2033 5808 2264 5864 ΝΟΤΙΕ.

574 5882 685 5953 (59)
730 5879 922 5953 Figura
977 5880 1167 5935 littera!
1202 5893 1434 5952 gamma.
