3948 6570
266 396 406 491 1m
698 496 703 503 ,
1032 492 1037 497 ,
1171 493 1177 499 ,
1529 425 2260 523 ,σιιίιξρο-ΒΟΜΑΝυΜ.
3387 440 3524 508 1178

264 540 475 613 σθησαν
501 532 596 593 οὗν
618 537 668 590 οἱ
700 537 757 591 ὲν
779 534 1004 600 ταύταις
1045 535 1549 610 ἀρχιερατεῦοντες,
1585 541 1836 613 ἀρχιεπί-

1940 552 2121 612 pterea
2150 543 2291 617 quod
2323 544 2377 601 in
2403 545 2756 617 eamitnperii
2783 544 3015 602 Romani
3041 557 3256 621 sceptra
3286 550 3525 609 fuissent

261 644 491 688 σκοποιο
527 628 695 703 ἀρχαὶ
718 628 962 702 δηλονότι
989 630 1082 682 καὶ
1102 628 1336 698 κεφαλαὶ
1367 629 1579 684 πολλῶν
1616 631 1836 687 ἐπισκό-

1941 635 2223 689 translata.
2259 636 2445 709 itaque
2483 638 2709 695 unitatis
2765 639 3087 719 nominibus
3120 641 3314 699 harum
3349 645 3523 715 ponti-

261 743 402 783 πων.
435 726 643 779 Ταύτὸν
672 724 728 778 δέ
754 724 902 779 ἐστιν
943 721 1139 790 εἰπεῖν,
1166 723 1408 793 Πατὲρες
1446 722 1542 779 καὶ
1573 726 1836 797 πατριάρ-

1941 729 2072 782 flecs
2112 729 2245 784 dicti
2301 738 2431 784 sunt
2472 731 2898 803 archiepiscopi,
2945 733 3112 790 veluti
3154 734 3424 806 principia
3466 747 3524 793 et

259 837 380 891 χαι.
422 819 519 873 Ἐκ
546 815 738 873 τούτου
782 815 840 871 δὲ
868 816 1103 887 διαφορά
1134 833 1218 881 τις
1242 816 1342 870 οὐκ
1373 816 1490 870 ἔστι
1546 818 1710 888 μέσον
1743 818 1840 873 αὗ-

258 911 394 966 τῶν.
457 910 518 963 Ὀ
539 908 649 981 γάρ
677 908 866 979 πατὴρ
893 905 989 961 τοῦ
1022 905 1210 970 ἔθνους
1253 905 1409 960 τοῦδε
1437 906 1625 977 τυχὸν,
1653 908 1839 979 πατήρ

259 1005 379 1059 ἐστι
410 1005 507 1058 καὶ
538 1000 819 1075 ἱερατικῆς
850 997 1023 1072 φυλῆς
1053 999 1150 1054 καὶ
1183 998 1400 1071 λαῖκῆς,
1457 1000 1534 1065 ώς
1583 1002 1611 1055 ὁ
1641 1001 1841 1055 Ἰακὼϐ

258 1100 373 1159 τῶν
402 1098 469 1170 ιβ’
510 1096 694 1167 φυλῶν
732 1094 970 1167 Ἰσραήλ.
1004 1093 1117 1149 Καὶ
1143 1094 1324 1165 ἄρχων
1353 1092 1688 1161 ἐπισκόπων,
1750 1093 1839 1163 ἑξ-

255 1192 511 1264 αναγκης
539 1190 656 1244 ἐστὶ
686 1190 868 1262 πατὴρ
898 1187 991 1243 καὶ
1018 1186 1333 1242 ἐπισκόπων
1356 1187 1451 1242 καὶ
1480 1187 1711 1243 λαῖκῶψ
1733 1190 1761 1243 ό
1781 1188 1838 1243 δὲ

256 1285 488 1348 Γοτθίας
513 1284 575 1338 οὐ
604 1282 846 1338 καλεῖται
875 1280 1309 1354 ἀρχιεπίσκοπος
1330 1323 1347 1348 ,
1396 1280 1472 1344 ώς
1505 1281 1690 1354 ἄρχων
1716 1284 1838 1337 ἑπι-

258 1376 485 1430 σκόπων
515 1374 611 1427 καὶ
660 1369 980 1444 προϐολεὺς,
1040 1369 1155 1424 ἀλλ’
1199 1371 1276 1435 ὡς
1308 1369 1449 1442 ἁρχὴ
1500 1373 1835 1427 ἐπισκόπων.

266 1467 500 1538 Ὠρῖσθη
528 1465 638 1538 γὰρ
691 1464 843 1535 παρὰ
871 1463 979 1518 τῶν
1010 1463 1183 1532 ἁγίων
1243 1462 1530 1536 Πατὲρων,
1576 1464 1678 1528 τὰς
1737 1464 1838 1535 μὲν

257 1561 493 1633 ἑχούσας
531 1558 828 1628 διοικήσεις
866 1554 1068 1620 πολλὰς
1101 1555 1309 1623 πόλεις,
1369 1556 1475 1610 ὑπὸ
1522 1557 1837 1611 ἐπισκόπων

255 1649 716 1723 κυϐερνωμένας,
785 1649 938 1718 παρὰ
997 1646 1411 1719 μητροπολιτῶν
1469 1647 1836 1717 διεξάγεσθαι,

254 1741 352 1807 οὓς
400 1743 495 1797 καὶ
525 1740 774 1812 πρώτους
798 1740 847 1791 οἱ
891 1738 1114 1802 κανόνες
1144 1735 1501 1806 ὀνομάζουσι’
1538 1738 1638 1803 τὰς
1670 1738 1727 1793 δὲ
1762 1740 1837 1811 μὴ

254 1835 493 1906 ἐχούσας
525 1833 615 1903 ὑφ’
668 1832 871 1893 ἐαυτὰς
921 1829 1107 1891 πόλεις
1153 1830 1307 1893 τινας
1361 1829 1468 1884 ὑπὸ
1520 1829 1838 1885 ἐπισκόπων

258 1926 604 1995 ίθυνομένας,
628 1924 778 1995 παρά
798 1921 1244 1994 ἀρχιεπισκόπων
1268 1922 1641 1993 ίερατεύεσθαι
1662 1940 1677 1953 ·
1696 1922 1835 1977 ὥστε

257 2018 596 2089 μειονεκτεῖν
631 2016 729 2087 μὲν
784 2015 955 2079 αὐτὰς
1008 2014 1118 2067 τῶν
1155 2012 1565 2086 μητροπόλεων,
1603 2015 1836 2086 ὑπερτε-

258 2113 375 2181 ρεῖν
397 2109 453 2164 δὲ
480 2108 586 2162 τῶν
615 2108 953 2162 ἐπισκόπων.
986 2105 1143 2160 Οὕτω
1174 2105 1427 2177 λυθείσης
1468 2107 1563 2160 καὶ
1592 2107 1691 2178 τῆς
1727 2123 1838 2160 τοι-

253 2204 429 2274 αύτης
460 2199 808 2273 ἀμφιϐολίας,
860 2199 1053 2271 ἤθελον
1083 2200 1280 2264 εἰπεῖν,
1315 2200 1437 2253 ὅτου
1470 2199 1631 2270 χάριν
1667 2201 1694 2253 ὁ
1732 2198 1837 2252 πά-

253 2315 369 2360 πας
414 2294 636 2366 Ῥώμης
655 2293 1032 2365 οἱκουμενικὺς
1077 2291 1267 2355 πὰπας
1309 2291 1550 2360 λέγεται,
1576 2290 1837 2356 ὡσαύτως

252 2390 351 2441 καὶ
380 2388 410 2440 ὁ
438 2385 871 2456 ἀρχιεπίσκοπος
901 2382 1549 2448 Κωνσταντινονπόλεως,
1577 2383 1837 2453 οίκουμε-

252 2478 408 2542 νικδς
464 2476 851 2548 πατριάρχης·
906 2475 956 2527 οἱ
994 2473 1051 2527 δὲ
1110 2474 1291 2527 λοιποὶ
1333 2476 1707 2547 πατριὰρχαι,
1742 2476 1837 2530 καὶ

251 2567 432 2623 ταῦτα
460 2566 563 2638 τῆς
589 2566 759 2636 αὐτῆς
784 2564 937 2628 ὄντες
967 2563 1196 2631 τάξεως,
1252 2564 1496 2636 κλήσεώς
1528 2583 1587 2619 τε
1634 2565 1729 2619 καὶ
1758 2583 1839 2620 τι-

254 2661 388 2729 μῆς,
422 2659 516 2712 καὶ
547 2656 751 2729 ταύτης
783 2657 882 2710 οὐκ
906 2655 1097 2727 ἔτυχον
1126 2657 1225 2726 τῆς
1242 2656 1650 2727 ἀνακηρύξεως.
1683 2658 1837 2712 Ἐπεὶ

250 2753 312 2806 δὲ
347 2752 440 2805 τὸν
475 2750 576 2823 μὲν
614 2751 802 2805 πάπαν
852 2750 912 2804 τὸ
941 2749 1043 2820 τῆς
1100 2749 1389 2820 φιλαυτίας
1433 2746 1710 2823 δαιμόνιον
1736 2751 1838 2823 τῆς

250 2846 366 2900 τῶν
400 2844 602 2899 λοιπῶν
635 2845 954 2913 ἁγιωτάτων
989 2844 1345 2916 πατριαρχῶν
1377 2844 1690 2915 ἀπέστησεν
1738 2847 1837 2917 ὁμ-

251 2943 528 3016 ηγύρεως,
554 2940 647 2994 καὶ
681 2940 761 3004 εἰς
791 2940 958 3011 μόνην
984 2938 1258 3012 τὴνΔύσιν
1281 2940 1686 3014 ἐστενοχώρησε
1707 2958 1721 2972 ⁸
1747 2940 1838 2996 τὸν

250 3033 311 3085 δὲ
337 3031 973 3095 Κωνσταντινουπόλεως
1036 3031 1222 3102 βλέπω
1253 3031 1440 3103 μηδενὶ
1493 3032 1600 3087 τῶν
1644 3049 1837 3105 προνο-

256 3126 401 3196 μίων
429 3125 521 3178 τοῦ
561 3126 719 3180 πάπα
747 3124 1265 3195 κατακοσμούμενον
1320 3124 1465 3197 (οὔτε
1496 3126 1603 3197 γὰρ
1627 3127 1703 3196 τῷ
1735 3125 1836 3196 τῆς

1938 821 2119 891 capita
2147 822 2444 877 multorum
2477 822 2883 894 episcoporum.
2918 825 3077 891 Quod
3121 826 3265 882 idem
3298 828 3426 893 erit,
3456 844 3524 885 ac

1941 911 1987 969 si
2015 911 2245 978 dixeris,
2272 914 2465 971 Patres
2489 922 2545 969 et
2568 916 2910 986 patriarchae.
2955 918 3112 976 Unde
3152 919 3363 975 nullum
3408 920 3522 976 exi-

1940 1003 2035 1059 Stit
2056 1003 2200 1060 inter
2222 1019 2318 1061 eos
2350 1004 2670 1063 discrimen.
2712 1006 2845 1063 Nam
2888 1009 3049 1065 Pater
3080 1008 3244 1079 hujus
3302 1009 3521 1067 illiusve

1906 1097 2137 1167 ‘gentis,
2198 1105 2310 1153 tam
2355 1099 2733 1165 sacerdotalis,
2778 1117 2941 1172 quam
2989 1101 3141 1158 laicze
3204 1101 3383 1159 tribus
3437 1110 3525 1159 est

1940 1187 2121 1256 Pater,
2145 1189 2291 1246 sicut
2328 1188 2496 1247 Jacob
2535 1191 2822 1249 duodecim
2874 1194 3117 1250 tribuum
3169 1193 3408 1252 lsraelis.
3452 1195 3521 1253 Et
3598 1256 3603 1261 _

1941 1281 2197 1352 princeps
2234 1282 2639 1353 episcoporum,
2686 1287 2999 1342 necessario
3055 1287 3218 1345 Pater
3267 1297 3350 1346 est
3404 1300 3521 1346 tum

1940 1369 2345 1441 episcopOrum,
2385 1378 2496 1426 tum
2535 1372 2823 1427 laicorum.
2874 1374 3109 1430 Gotthiaz
3165 1377 3385 1447 quidem
3426 1394 3526 1433 an-

1940 1463 2093 1517 tistes
2126 1478 2235 1517 non
2277 1470 2569 1533 propterea
2604 1472 2831 1519 vocatur
2864 1465 3340 1539 archiepiscopus,
3374 1470 3522 1540 quod

1939 1551 2319 1622 episcoporum
2365 1554 2618 1624 princeps
2658 1564 2711 1610 et
2751 1554 3037 1612 ordinatur
3071 1558 3180 1622 sit,
3247 1559 3344 1614 sed
3400 1568 3524 1614 tan-

1938 1658 2102 1713 quam
2158 1644 2491 1716 principium
2514 1643 2941 1717 episcoporum.
2990 1649 3207 1721 Quippe
3255 1653 3463 1708 sanctis
3494 1668 3527 1707 a

1936 1734 2193 1793 Patrihus
2222 1745 2307 1794 est
2329 1739 2623 1808 sancitum,
2648 1746 2710 1794 ut
2739 1755 2817 1797 ea:
2851 1742 3139 1810 dimceses,
3175 1761 3295 1816 quae
3326 1746 3528 1802 multas

1940 1827 2140 1884 habent
2181 1832 2347 1887 urbes
2390 1832 2493 1886 sub
2527 1826 2911 1904 episcoporum
2951 1838 3354 1907 gubernatione
3403 1854 3529 1895 con—

1940 1923 2202 1988 stitutas,
2258 1938 2289 1977 a
2338 1925 2781 1995 metropolitanis
2842 1926 3337 1996 administrentur,
3389 1944 3528 2000 quos

1939 2014 2103 2069 etiam
2160 2015 2264 2084 ipsi
2300 2029 2542 2071 canones
2587 2018 2863 2087 appellant
2924 2020 3133 2088 primos
3184 2037 3198 2074 :
3242 2037 3363 2092 qua:
3398 2037 3528 2078 vero

1940 2105 2042 2161 sub
2069 2122 2127 2162 se
2154 2120 2263 2161 non
2297 2106 2500 2163 habent
2540 2108 2707 2165 urbes
2737 2110 2973 2181 aliquas,
3015 2112 3396 2184 episcoporum
3437 2129 3523 2170 re-

1938 2197 2129 2269 gimini
2150 2198 2422 2265 subditas,
2450 2199 2897 2272 archiepiscopos
2917 2202 3154 2258 habeant
3183 2205 3470 2275 pontifices
3498 2223 3514 2261 :

1938 2297 2001 2344 ut
2025 2289 2319 2347 inferiores
2350 2290 2435 2345 ha:
2461 2291 2683 2362 quidem
2723 2292 2836 2347 sint
2868 2295 3289 2365 metropolibus,
3325 2306 3379 2350 at
3409 2297 3527 2367 epi-

1940 2382 2254 2452 scopalibus
2299 2384 2641 2455 superiores.
2674 2385 2733 2440 In
2775 2386 2921 2442 hunc
2949 2387 3199 2451 modum,
3226 2387 3330 2444 hoc
3361 2387 3526 2444 etiam

1939 2473 2196 2543 ambiguo
2225 2474 2431 2538 soluto,
2463 2475 2991 2547 vulebantequidﬁm
3011 2476 3213 2542 dicere,
3242 2480 3519 2549 quamob-

1938 2579 2054 2620 rem
2105 2580 2239 2636 papa
2276 2565 2559 2623 Romanus
2600 2568 2904 2638 appelletur
2948 2568 3277 2625 universalis
3338 2569 3525 2641 Papa,

1942 2657 2314 2729 similiterque
2351 2658 2860 2731 Constantinopolis
2893 2661 3362 2733 archiepiscopus,
3414 2664 3532 2718 nni~

1902 2750 2174 2806 ‘versalis
2207 2751 2519 2821 patriarcha
2555 2767 2573 2805 :
2609 2765 2733 2806 eum
2778 2750 2978 2821 reliqui
3013 2752 3361 2821 patriarchae,
3405 2753 3532 2809 licet

1938 2841 2181 2909 ejusdem
2216 2843 2327 2897 sint
2365 2843 2597 2907 ordinis,
2633 2842 3017 2914 appellationis
3061 2852 3116 2898 et
3162 2843 3411 2912 honoris,
3453 2846 3531 2900 ita

1941 2934 2269 3004 proclamari
2307 2950 2413 2989 non
2454 2936 2684 2991 soleant.
2741 2934 2847 2991 Sed
2898 2935 3121 3005 quando
3172 2951 3365 3007 papam
3411 2934 3523 2992 Ro-

1939 3044 2165 3084 manum
2197 3031 2375 3086 malus
2420 3030 2737 3085 ambitionis
2770 3030 2857 3086 ille
2888 3030 3084 3102 genius
3119 3046 3148 3084 a
3184 3032 3523 3102 reliquorum

1940 3121 2422 3178 sanctissimorum
2463 3122 2902 3191 patriarcharum
2942 3131 3087 3179 coetu
3118 3122 3339 3187 avulsit,
3380 3131 3435 3178 et
3464 3122 3521 3178 in

253 3217 536 3289 βασιλείας
594 3217 753 3289 λώρῳ
784 3216 928 3271 κατά
983 3216 1045 3270 τὸ
1072 3217 1168 3272 τοῦ
1222 3217 1379 3287 ἁγίου
1416 3218 1830 3271 Κωνσταντίνου

1938 3211 2288 3269 Occidentem
2318 3214 2583 3268 duntaxat
2631 3216 2966 3283 coarctavit;
3015 3231 3139 3270 cum
3186 3215 3403 3271 interim
3444 3217 3531 3272 vi-

250 3309 611 3382 νομιζόμενον
647 3311 923 3382 θέσπισμα
965 3311 1392 3381 καταστέφεται,
1425 3311 1544 3364 οὗτε
1566 3311 1834 3365 κοκκοϋα-

252 3403 383 3470 φέσι
418 3401 652 3468 πεδίλοις
691 3404 833 3458 κατά
872 3404 933 3457 τὸ
976 3403 1229 3457 τυπωθὲν
1289 3402 1657 3475 θεατρίζεται,
1716 3403 1834 3458 ἀλλ’

249 3493 364 3547 οὐδ’
398 3494 570 3564 ἑτέρῳ
605 3494 884 3566 προνομίῳ
904 3496 1001 3563 τῆς
1031 3495 1270 3558 παλαιᾶς
1308 3494 1526 3567 Ῥώμης
1546 3499 1833 3568 κέχρηται,

251 3584 471 3639 καιδιά
497 3584 657 3637 τοῦτο
682 3585 731 3638 οἱ
767 3584 927 3647 πόδες
963 3584 1129 3638 αὐτοῦ
1183 3584 1429 3638 ἵστανται
1460 3585 1519 3636 ὲν
1556 3583 1834 3656 εὐθύτητι,

252 3677 354 3729 καὶ
380 3675 640 3747 ήκεφαλὴ
661 3675 823 3731 αὑτοῦ
853 3678 1084 3748 παντοίᾳ
1107 3677 1339 3742 συνέσει,
1371 3675 1513 3730 κατὰ
1539 3678 1628 3731 τὸν
1642 3676 1833 3742 Δαῦὶδ,

255 3770 624 3823 ττεπολίωται⁸
680 3770 773 3824 καὶ
825 3772 925 3834 τὰς
955 3771 1163 3833 οἰκείας
1193 3768 1249 3822 δὲ
1284 3769 1613 3841 ὐπογραφὰς
1648 3770 1725 3832 ώς
1755 3772 1837 3823 ol-

252 3864 579 3934 κουμενικδς
616 3865 676 3917 οὗ
738 3862 1024 3935 μεγεθύνει
1076 3862 1281 3933 πατὴρ,
1337 3860 1441 3915 κᾶν
1496 3860 1628 3931 παρ’
1677 3860 1837 3932 ἡμῶν

250 3959 399 4014 οὕτω
422 3958 684 4027 κέκληται
713 3959 807 4011 καὶ
844 3956 1204 4024 δεδόξασται)·
1228 3955 1327 4027 τὴν
1364 3954 1463 4025 μὲν
1491 3954 1620 4025 περὶ
1642 3952 1835 4007 τούτου

254 4051 575 4121 συζὴτησιν,
606 4049 681 4112 ὡς
704 4048 1015 4119 ἀλυσιτελῆ,
1048 4047 1399 4119 παρατρέχω.
1433 4045 1835 4117 Ἀπολογοῦμαι

252 4141 313 4195 δὲ
347 4142 481 4211 πρὸς
509 4141 634 4205 τοὺς
666 4141 924 4210 λέγοντας
979 4138 1288 4211 τολμηρῶς,
1339 4139 1573 4207 ὀφείλειν
1602 4139 1701 4209 τῆς
1732 4134 1859 4191 παρ’

251 4234 588 4305 τριαρχικῆς
614 4232 1008 4301 ἀποξενοῦσθαι
1045 4234 1210 4303 τιμῆς
1242 4231 1332 4285 τὸν
1375 4232 1710 4302 Ἀντιοχείας
1743 4230 1836 4285 καὶ

250 4325 347 4378 τὸν
387 4324 791 4396 Ἱεροσολύμων.
845 4323 1238 4378 Κεκανόνισται
1274 4323 1403 4394 γὰρ,
1467 4323 1602 4392 φασὶ
1632 4365 1646 4386 ,
1709 4322 1835 4394 μηδ’

251 4422 316 4470 ἐν
344 4416 655 4488 ἀρχιερεῦσι
726 4414 1111 4469 συντάττεσθαι
1156 4415 1281 4477 τοὺς
1315 4415 1390 4484 μὴ
1443 4411 1836 4495 ῥιψοκινδύνως

254 4510 669 4579 ἀπερχομένους
718 4508 996 4581 ἀρχιερεῖς
1026 4508 1105 4569 εἰς
1146 4508 1273 4570 τοὺς
1318 4504 1472 4573 παρὰ
1531 4503 1834 4575 Βαρϐάρων

254 4602 657 4674 κατεχομένους
685 4600 907 4670 θρόνους
959 4598 1161 4661 αὐτῶν,
1210 4598 1345 4669 μηδὲ
1375 4597 1466 4650 τὸν
1492 4596 1587 4649 τοῦ
1621 4612 1832 4667 μαρτυ-
1864 4581 1914 4640 D

253 4694 379 4765 ρίου
408 4691 863 4763 προαρπὰζοντας
915 4690 1201 4759 στέφανον.
1247 4686 1335 4749 Ὠς
1361 4688 1410 4740 εἰ
1441 4686 1541 4758 μὲν
1564 4687 1672 4740 εἰσὶ
1709 4686 1830 4739 λαῖ-

253 4785 343 4837 κυὶ
370 4786 417 4837 οἱ
438 4781 661 4837 τοιαῦτα
692 4780 835 4835 καθὲ
869 4797 923 4833 τι
958 4779 1187 4851 μάταιον
1241 4778 1516 4855 ἁμδλωμα
1547 4776 1691 4831 κατά
1723 4775 1833 4829 τῶν

251 4877 428 4945 ἁγίων
449 4875 703 4944 κεφαλῶν
733 4873 1120 4944 ώδινήσαντες,
1152 4870 1482 4943 συγγνώμης
1511 4869 1836 4941 ἀξιωθήσον-

252 4988 345 5023 ται
370 4968 511 5023 κατά
538 4966 738 5039 πολλὴν
766 4964 1089 5020 ἐπιείκειαν.
1121 4964 1435 5038 Γέγραπται
1463 4964 1593 5035 γάρ’
1620 4964 1695 5017 Οὔ
1725 4961 1832 5032 χρὴ

264 5064 539 5133 Ῥωμαῖον
583 5061 755 5132 ἄνδρα
785 5060 983 5130 νόμους
1014 5058 1237 5132 (ταύτρν
1263 5058 1310 5111 δ’
1359 5056 1504 5111 ἔστιν
1534 5056 1710 5109 εἰπεῖν
1741 5054 1834 5107 καὶ

251 5152 509 5225 κανόνας)
539 5155 776 5223 ἀγνοεῖν.
819 5152 945 5205 Ὅτι
981 5152 1091 5205 κᾶν
1121 5148 1394 5222 χειρῶναξ
1426 5149 1510 5209 τίς
1547 5148 1686 5207 ἐστι,
1726 5144 1833 5200 κᾶν

252 5247 489 5318 σὶρφαξ,
518 5246 730 5302 οίκοθεν
754 5245 949 5297 εἰδέναι
968 5243 1162 5313 νόμους
1185 5240 1218 5311 ἢ
1263 5239 1491 5303 κανόνας
1522 5238 1597 5310 μὴ
1625 5254 1836 5309 συγχω-

250 5341 517 5416 ρούμενός
571 5343 741 5405 ἐστιν,
810 5336 924 5392 ἀλλ’
979 5338 1027 5390 οί
1063 5334 1285 5399 τούτους
1320 5334 1460 5388 κατά
1513 5332 1834 5396 σπουδαίους

246 5434 750 5506 ἀργυρογνώμονας
785 5429 1226 5503 μεταλλεύοντες,

292 5532 496 5585 Ὄσσα
522 5545 586 5583 τε
608 5528 814 5599 φύλλα
843 5528 944 5582 καὶ
970 5528 1155 5583 ἄνθεα
1178 5528 1398 5597 γίνεται
1421 5528 1622 5597 εἶαρος
1644 5526 1766 5598 ὥρῃ
1788 5546 1825 5561 ’-

1938 3307 2103 3362 deant
2145 3305 2813 3377 Constantinopolitanum
2848 3308 3001 3362 nullo
3051 3322 3207 3377 papa:
3239 3307 3528 3379 privilegio

1952 3408 2123 3453 semet
2182 3406 2471 3453 ornantem
2534 3400 2777 3469 (quippe
2846 3414 2947 3455 nec
3009 3401 3161 3469 regni
3236 3408 3530 3453 coronatur

1939 3489 2135 3555 fascia,
2168 3491 2472 3547 secundum
2512 3492 2593 3557 id,
2627 3491 2773 3563 quod
2811 3492 2987 3548 sancti
3033 3491 3382 3547 Constantini
3419 3497 3533 3548 sta-

1941 3589 2120 3636 tutum
2145 3597 2267 3637 esse
2298 3590 2544 3649 putatur,
2584 3598 2685 3638 nec
2735 3598 2858 3639 cum
2900 3583 3175 3639 coccineis
3212 3582 3436 3647 calceis,
3469 3594 3530 3638 ut

1945 3676 2147 3732 ibidem
2197 3656 2481 3743 sanocilur;
2514 3676 2661 3733 velut
2703 3677 2759 3731 in
2805 3678 3123 3747 spectaculo
3165 3685 3335 3733 semet
3379 3675 3536 3732 exhi-

1951 3768 2037 3823 bet
2066 3784 2080 3832 ;
2115 3783 2214 3823 nec
2255 3767 2404 3822 aliud
2437 3769 2673 3837 denique
2705 3767 2897 3825 Roma:
2944 3769 3144 3824 veteris
3176 3783 3329 3840 papa:
3363 3768 3536 3837 privi—

1946 3858 2150 3929 legium
2177 3866 2402 3929 usurpat
2433 3876 2449 3912 :
2484 3859 2719 3929 ideoque
2747 3867 2895 3916 stant
2929 3860 3092 3930 pedes
3127 3860 3250 3930 ejus
3279 3859 3333 3914 in
3361 3860 3532 3916 recti-

1940 3953 2152 4017 tudine,
2172 3959 2229 4007 et
2257 3959 2419 4022 caput
2449 3950 2569 4021 ejus
2601 3952 2895 4023 omnigena
2928 3954 3238 4024 prudentia,
3260 3953 3530 4022 quem“-

1939 4044 2160 4099 modum
2241 4040 2473 4099 Davidcs
2539 4045 2825 4114 loquitur,
2893 4045 3163 4099 incanuit.
3245 4044 3391 4098 Idem
3465 4058 3535 4099 ne

1938 4137 2378 4208 subscriptiones
2407 4137 2627 4207 quidem
2678 4152 2809 4193 snas
2859 4137 3177 4208 magnificas
3211 4135 3363 4198 facit,
3408 4140 3535 4189 tan-

1938 4245 2103 4303 quam
2133 4240 2290 4299 pater
2323 4229 2689 4298 universalis;
2721 4229 2847 4285 licet
2875 4244 2903 4282 a
2935 4229 3092 4284 nobis
3124 4229 3196 4282 ita
3228 4236 3454 4283 vocetur
3477 4235 3533 4282 et

1937 4322 2249 4378 celebretur
2301 4321 2577 4394 (equidem
2607 4322 2673 4376 de
2705 4322 2810 4376 hoc
2856 4321 3326 4390 disquisitionem,
3385 4321 3535 4375 velut

1936 4415 2341 4490 infrugiferam,
2367 4418 2660 4474 instituere
2718 4416 3074 4486 supersedeo.
3110 4414 3312 4470 Facere
3348 4421 3533 4468 tamen

1938 4525 2047 4566 non
2090 4524 2334 4582 possum,
2371 4508 2504 4581 quin
2556 4508 2627 4565 iis
2682 4506 3046 4579 respondeam
3079 4548 3093 4575 ,
3137 4507 3230 4577 qui
3270 4506 3534 4561 audacter

1940 4601 2262 4675 praedicant,
2298 4617 2328 4657 a
2359 4600 2624 4672 dignitate
2650 4599 3001 4672 patriarchali
3032 4596 3398 4654 removendos
3420 4596 3536 4653 An~

1942 4695 2258 4750 tiuchenum
2290 4702 2348 4750 et
2370 4692 2952 4764 Hierosolymilanum.
2980 4690 3196 4763 Quippe
3225 4690 3533 4746 canonibus

1948 4797 2214 4846 statutum
2249 4795 2354 4854 est,
2388 4787 2665 4857 inquiunt,
2714 4799 2780 4839 ne
2813 4783 3033 4855 quidem
3066 4784 3211 4839 inter
3244 4783 3535 4854 pontifices

1894 4880 1899 4887 ’
1941 4878 2310 4937 recensendos
2355 4894 2502 4945 esse,
2536 4876 2631 4948 qui
2668 4891 2777 4931 non
2817 4875 2900 4929 vel
2928 4882 3180 4929 extremo
3214 4889 3340 4929 cum
3373 4873 3531 4946 peri-

1941 4974 2066 5029 culo
2097 4989 2157 5029 se
2184 4970 2481 5027 conferant
2510 4968 2576 5024 ad
2605 4968 2837 5024 thronos
2870 4982 3002 5022 suos
3027 4980 3057 5020 a
3080 4965 3338 5021 Barbaris
3364 4980 3532 5021 occu-

1941 5076 2121 5138 patos,
2150 5082 2250 5122 nec
2279 5063 2527 5136 martyrii
2568 5076 2831 5118 coronam
2880 5061 3215 5132 prmripiant.
3258 5057 3528 5115 Nimirum

1944 5158 1991 5216 si
2031 5156 2157 5213 laici
2205 5166 2359 5221 sunt,
2409 5154 2501 5225 qui
2543 5154 2670 5208 talia
2721 5153 2890 5209 veluti
2933 5152 3193 5209 stolidum
3235 5149 3528 5223 quemdam

1943 5253 2196 5307 abortum
2224 5249 2490 5305 adversus
2517 5263 2671 5305 sacra
2697 5256 2888 5305 saneta
2917 5251 3097 5319 capita
3128 5243 3527 5317 parturierunt,

1943 5345 2156 5400 Veniam
2206 5341 2562 5396 merebuntur
2605 5358 2670 5399 ex
2742 5340 3009 5412 singulari
3055 5337 3291 5408 quadam
3337 5345 3528 5391 nostra

1945 5435 2344 5493 moderatione.
2374 5432 2721 5505 Cmteroquin
2756 5436 2898 5489 enim
2932 5430 3195 5502 scriptum
3226 5434 3311 5483 est
3344 5444 3361 5484 :
3413 5422 3528 5482 Ho~

1945 5531 2145 5587 minem
2179 5527 2485 5582 Romanum
2514 5528 2769 5599 ignorare
2797 5526 2942 5598 leges
2979 5523 3142 5593 (idem
3173 5531 3225 5577 et
3254 5522 3321 5575 de
3354 5535 3527 5576 cano-

247 5622 412 5678 nibus
446 5620 761 5692 dicendum)
800 5638 910 5678 non
978 5628 1212 5692 oportet.
1252 5620 1466 5693 Quippe
1531 5623 1659 5679 licet
1693 5625 1895 5695 aliquis
1936 5620 2258 5681 manuarins
2279 5622 2352 5677 sit
2384 5620 2589 5691 opifex,
2615 5628 2668 5676 ct
2692 5636 2755 5675 cx
2792 5615 2976 5673 intima
3008 5615 3137 5670 ftece
3168 5612 3367 5687 plebis,
3389 5612 3526 5683 quin

248 5718 399 5785 leges
429 5723 525 5771 aut
556 5730 797 5772 canones
833 5732 929 5787 per
969 5733 1027 5772 se
1063 5717 1232 5781 norit,
1304 5717 1520 5773 veniam
1604 5718 1898 5788 impetrare
1938 5733 2048 5774 non
2098 5724 2281 5787 potest
2329 5733 2343 5770 :
2385 5730 2509 5773 cum
2556 5715 2649 5784 qui
2697 5714 2843 5785 leges
2912 5719 2967 5768 et
3015 5723 3280 5778 canones,
3343 5706 3530 5763 instar

247 5805 644 5865 industriorum
698 5810 908 5880 argenti
960 5811 1397 5881 exploratorum,
1440 5809 1792 5879 investigent,
1841 5810 1897 5866 in
1938 5808 2041 5864 hac
2070 5809 2204 5865 urbe
2245 5808 2391 5879 regia
2426 5815 2504 5862 tot
2532 5806 2661 5875 sint,

1197 5890 1335 5967 Quo!
1366 5899 1494 5970 folia
1524 5912 1570 5956 et
1601 5903 1752 5971 ﬂores
1782 5914 2069 5958 nascuntur
2102 5911 2325 5970 tempore
2356 5917 2507 5955 verno
2546 5916 2562 5953 :
2626 5886 2631 5893 ’
