3882 6582
164 454 167 457 -
216 416 336 484 1181

1487 417 2050 482 GBECO-ROMAN
2065 422 2198 486 ΗΜ.

3301 422 3444 490 1182

211 535 327 590 τῶν
363 527 422 583 τὸ
455 525 513 580 δὲ
546 524 693 590 ἔλεός
740 542 841 596 μου
890 524 951 578 οὗ
990 526 1064 596 μὴ
1119 516 1461 582 διασκεδάσω
1506 528 1615 582 ἀπὸ
1655 529 1763 584 τῶν

1869 529 2304 588 miscricordiam
2337 549 2467 590 vero
2498 549 2675 592 meam
2704 551 2814 594 non
2866 536 3179 609 dispergam
3239 551 3270 592 a
3315 536 3444 592 dili-

209 622 527 696 ἀγαπώντων
559 637 648 691 με,
683 620 791 674 οὐδ’
823 620 888 676 οὐ
930 619 1005 690 μὴ
1036 617 1332 692 βεϐηλώσω
1361 621 1462 692 τὴν
1499 621 1765 693 διαθήκην

211 730 339 790 μου·
380 711 473 782 τὴν
510 712 609 781 μὲν
659 710 880 781 ὲθνικὴν
922 710 1182 766 ἀπιστίαν
1224 711 1602 782 διασκορπίσει
1632 712 1764 766 ὡσεὶ

207 802 466 876 κονιορτὸν
496 802 604 856 ἀπὸ
637 802 838 864 ᾶλωνος
867 802 1107 873 θερινῆς,
1141 803 1266 867 τοὺς
1299 803 1356 856 δὲ
1386 803 1566 868 ὁσίους
1597 805 1762 860 αὑτοῦ

209 895 493 968 συναγάγῃ,
522 894 617 947 καὶ⁸
641 895 802 946 δώσει
833 895 1016 956 αὐτοῖς
1045 893 1228 965 χώρας
1258 894 1430 948 ἐθνῶν
1449 896 1543 949 καὶ
1565 896 1760 963 φυλάς.

205 993 302 1046 Καὶ
329 991 441 1059 ἐρεῖ
480 988 585 1049 πᾶς
642 987 672 1038 ὁ
701 985 828 1049 λαός
861 1001 876 1018 ·
921 987 1227 1059 Εὐλογητὸς
1280 987 1487 1060 Κύριος
1540 989 1622 1053 είς
1671 986 1764 1043 τὸν

204 1080 382 1135 αἰῶνα.
412 1077 648 1142 Γένοιτο,
687 1075 918 1145 γένοιτο.

763 1210 902 1264 ΤΟΥ
946 1210 1180 1264 ΑΥΤΟΥ

197 1343 443 1412 Μελέτη,
472 1341 651 1411 χάριν
672 1341 791 1396 τῶν
816 1341 926 1413 δύο
958 1342 1274 1410 όφφικίων,
1295 1341 1428 1413 Δτοῦ
1455 1359 1519 1396 τε
1543 1359 1759 1413 καρτο-

465 1415 763 1483 φύλακος,
789 1412 887 1466 καὶ
915 1413 1021 1466 τοῦ
1047 1411 1480 1480 πρωτεκδίκου.

259 1521 360 1578 Τοῦ
395 1521 634 1592 μεγάλου
669 1521 992 1576 διδασκάλου
1032 1522 1131 1592 τῆς
1180 1521 1510 1594 Ἐκκλησίας
1543 1522 1758 1578 Παύλου

191 1615 279 1672 τοῦ
312 1615 642 1686 θεοκήρυκος
681 1613 935 1681 λέγοντος
959 1653 974 1677 ,
1008 1615 1119 1683 Οὐχ
1159 1613 1338 1684 ἐαυτῷ
1365 1632 1448 1678 τις
1492 1614 1760 1682 λαμϐάνει

190 1710 366 1780 τιμὴν,
400 1708 539 1762 ἀλλὰ
579 1705 910 1776 καλούμενος
948 1707 1052 1760 ὑπὸ
1097 1704 1192 1759 τοῦ
1240 1705 1376 1759 Θεοῦ
1402 1748 1416 1773 ,
1451 1705 1680 1776 ὤφειλεν
1731 1709 1760 1762 ὁ

190 1801 554 1874 πρωτέκδικος
595 1799 886 1871 ἀρκεῖσθαι
935 1801 1048 1864 τοῖς
1095 1798 1401 1868 δεδομένοις
1443 1797 1610 1868 αὐτῷ,
1665 1799 1760 1854 καὶ

189 1893 303 1947 κατ’
327 1893 469 1962 ἰχνία
498 1893 544 1924 ⁷⁸
580 1890 784 1962 βαίνειν
818 1891 926 1943 τῶν
961 1889 1067 1959 πρὸ
1107 1888 1295 1953 αὐτοῦ,
1331 1890 1560 1962 παντοίᾳ
1594 1888 1758 1960 σοφίᾳ
1789 1878 1833 1937 Β

187 1988 290 2042 τῶν
321 1987 585 2040 πλειόνων
631 1985 1064 2054 κεκοσμημένων
1111 1986 1177 2054 τῇ
1221 1984 1405 2055 χάριτι
1447 1983 1542 2037 τοῦ
1597 1981 1758 2051 Θεοῦ,

187 2077 361 2142 καθὼς
387 2079 484 2131 καὶ
516 2077 676 2140 αὑτός
702 2081 840 2140 ὲστι,
876 2077 972 2130 καὶ
1010 2077 1078 2130 τὰ
1113 2076 1422 2148 ὑψηλότατα
1453 2077 1552 2146 τῆς
1595 2077 1762 2144 ἁγιω-

186 2171 345 2240 τάτης
374 2171 471 2223 τοῦ
517 2169 652 2223 Θεοῦ
688 2169 933 2240 μεγάλης
971 2171 1302 2241 Ἐκκλησίας
1344 2171 1759 2241 ἐνεργησάντων

186 2260 430 2332 όφφίκιια,
466 2260 630 2314 τινῶν
657 2261 713 2314 δὲ
748 2261 840 2313 καὶ
875 2261 1018 2316 κατὰ
1047 2262 1305 2332 γνησίους
1337 2261 1760 2332 πτερυξαμένων

186 2353 434 2414 ἁετιδείς,
469 2353 563 2406 καὶ
591 2354 672 2415 είς
705 2353 797 2404 τὶν
839 2353 1016 2422 μέγαν
1061 2352 1385 2421 φθασάντων
1435 2350 1624 2422 θρόνον
1661 2349 1760 2420 τῆς

187 2444 840 2512 Κωνσταντινουπόλεως,
870 2445 966 2498 κα)⁵
992 2445 1060 2498 τὰ
1090 2444 1409 2514 κυρωθέντα
1435 2443 1519 2496 διὰ
1551 2442 1760 2512 χρόνων

187 2535 610 2606 ἀμνημονεύτων
671 2537 894 2607 σχεδὸν,
957 2537 1032 2606 μὴ
1091 2535 1344 2589 σπεύδειν
1401 2532 1760 2600 ἀλλοιωθῆναι

186 2631 318 2682 κατὰ
353 2628 574 2696 σηπύας
621 2627 968 2698 αὐθημερὸν,
1023 2628 1115 2681 καὶ
1160 2627 1307 2681 οὕτω
1371 2624 1760 2696 ῥιψοκινδύνως

186 2719 561 2784 σκανδαλίζειν
595 2720 689 2773 κα)⁸
727 2719 1175 2784 σκανδαλίζεσθαι
1201 2737 1214 2752 ·
1249 2719 1424 2772 θέλειν
1457 2719 1512 2772 δὲ
1560 2716 1760 2787 μᾶλλον

186 2815 404 2884 εἰρήνην
437 2815 531 2866 ἐπὶ
557 2814 647 2868 τὸν
678 2814 806 2868 λαὸν
839 2813 935 2866 τοῦ
966 2812 1134 2875 Θεοῦ,
1164 2813 1259 2866 καὶ
1292 2812 1386 2866 ἐπὶ
1424 2813 1551 2875 τοὺς
1579 2811 1761 2874 ὁσίους

184 2906 366 2964 αὐτοῦ.
415 2907 571 2960 Ἐπεὶ
617 2906 662 2959 δ’
708 2907 808 2959 οὐκ
855 2901 954 2959 οἷδ’
1003 2907 1150 2970 ὅπως
1204 2903 1579 2976 παραδραμὼν
1633 2905 1762 2967 τοὺς

185 2999 494 3070 ἐγείροντας
519 2998 588 3051 τὰ
616 2998 889 3052 σκάνδαλα
915 2997 1184 3068 μύλωνας,
1212 2998 1307 3050 καὶ
1328 2999 1396 3050 τὰ
1419 2995 1760 3066 διορισθέντα

184 3091 484 3154 κανονικῶς
536 3090 677 3144 κατὰ
720 3090 831 3144 τῶν
888 3083 1278 3160 παραλυόντων
1339 3088 1762 3159 ἀπερισκέπτως

184 3181 474 3250 συνήθειαν
508 3181 728 3252 μακρὰν
757 3179 1221 3250 ὲκκλησιαστικὴν
1261 3179 1574 3250 οἱανδήτινα
1621 3178 1759 3250 (καὶ

178 3273 376 3345 ταύτην
408 3273 518 3345 γὰρ
550 3275 774 3343 κρατεῖν
804 3272 878 3334 ὼς
913 3273 1040 3335 τοὺς
1079 3271 1256 3334 θείους
1283 3271 1513 3335 κανόνας
1535 3287 1758 3340 νενομο-

182 3366 455 3437 θέτηται),
481 3367 576 3421 καὶ
608 3365 963 3438 ὐπερανασὰς
988 3365 1078 3418 τὸν
1105 3365 1379 3436 ὁρίζοντα,
1404 3363 1550 3416 θέλει
1581 3380 1760 3434 παρα-

184 3458 448 3513 σαλεῦσοιι
477 3459 544 3511 τὰ
592 3457 686 3510 τοῦ
718 3456 1132 3528 χαρτοφύλακος
1165 3457 1470 3527 προνόμια,
1505 3456 1600 3509 καὶ
1639 3472 1764 3509 συν-

185 3550 312 3620 άψαι
342 3555 463 3613 τοῖς
494 3551 789 3613 ὲκδικικοῖς
818 3549 1274 3620 λειτουργήμασι,
1297 3549 1437 3602 κατά
1465 3565 1615 3610 τινας
1644 3547 1764 3600 ἐτε-

182 3645 348 3713 ροφυῆ
384 3642 871 3714 συμμοσχεύοντας
897 3640 1146 3713 σώματα,
1174 3642 1270 3696 καὶ
1299 3642 1433 3712 πρὸς
1461 3640 1762 3694 ὲπισύστα-

181 3753 261 3791 σιν
289 3736 384 3790 τοῦ
422 3735 625 3800 οἰκείου
649 3735 981 3805 θελήματος,
1024 3733 1214 3790 κανόσι
1244 3733 1444 3804 χρῆται
1470 3733 1568 3802 τῆς
1601 3731 1762 3799 ἁγίας

177 3829 270 3880 καὶ
302 3827 699 3897 οἰκουμενικῆς
728 3828 999 3896 τετάρτης
1028 3824 1270 3888 συνόδου,
1293 3825 1428 3896 πρὸς
1454 3824 1511 3876 δὲ
1537 3822 1627 3876 καί
1654 3838 1762 3874 τισι

179 3920 390 3988 ῥήμασι
430 3918 522 3971 τοῦ
552 3917 919 3987 ἀποκειμένου
959 3915 1166 3987 βιὸλίου
1199 3917 1255 3968 ὲν
1284 3914 1364 3985 τῷ
1396 3913 1637 3983 σεκρέτῳ
1665 3910 1762 3964 τοῦ

177 4003 320 4075 ίεροῦ
344 4005 641 4071 ὲκδικείου,
681 4004 932 4073 παριστῶ
962 4005 1055 4058 xei.
1086 4003 1250 4068 αὐτὸς
1282 4001 1372 4056 διὰ
1415 4002 1513 4072 τῆς
1553 4001 1764 4073 παρού-

178 4113 272 4167 σης
289 4099 518 4168 γραφῆς
547 4115 671 4167 μου,
694 4097 877 4160 καθὼς
903 4096 1164 4168 ἡξίωμαι,
1188 4097 1257 4149 τὰ
1285 4094 1496 4162 τοῦτον,
1524 4093 1598 4158 ὼς
1625 4087 1765 4162 ἐγῷ-

177 4206 296 4259 μαι,
324 4189 557 4249 δικαίως
601 4186 1048 4257 ἐπιστομίζοντα,
1083 4189 1179 4242 καὶ
1218 4188 1311 4242 τὸν
1342 4189 1484 4242 κατὰ
1535 4190 1765 4259 καιροὺς

173 4280 572 4350 χαρτοςρύλακα
617 4281 927 4350 φιλαλήθως
972 4279 1444 4350 ἀποσεμνύνοντα.
1494 4279 1626 4332 Ἀπὸ
1669 4278 1762 4332 τοῦ

174 4380 267 4442 κγ’
286 4373 520 4437 κανόνος
547 4375 656 4428 τῶν
685 4376 740 4428 ὲν
767 4373 1070 4443 Χαλκηδόνι
1097 4371 1460 4425 συνελθόντων
1488 4371 1565 4441 χλ¹
1594 4370 1764 4438 ἁγίων

175 4465 478 4537 Πατέρων,
531 4465 757 4536 συκίνην
798 4465 1122 4537 ἐπικουρίαν
1153 4467 1180 4518 ό
1219 4465 1588 4536 πρωτέκδικος
1624 4461 1768 4516 ἰδιώ-

1867 625 2122 692 gentihns
2155 641 2257 691 me,
2285 643 2383 682 nec
2415 628 2718 699 profanabo
2773 637 3165 699 testamentum
3220 643 3440 684 meum:

1865 713 1914 768 is
1940 730 2071 784 ergo
2108 730 2448 787 paganorum
2497 720 2715 790 quidem
2755 719 3133 775 inlidelitatem
3187 717 3443 788 dissipet,

1864 804 2035 860 veluti
2089 809 2374 878 pulverem
2426 826 2494 866 ex
2528 827 2656 867 area
2715 813 2928 875 aestiva,
2983 819 3207 866 sanctos
3258 822 3441 865 autem

1864 911 1998 954 suos
2029 901 2274 971 colligat.
2310 910 2364 957 et
2415 917 2753 972 paganorum
2809 903 2890 959 eis
2929 903 3022 958 det
3069 905 3319 972 regiones
3378 917 3444 957 ac

1863 990 2063 1047 tribus.
2109 993 2176 1048 Et
2242 994 2390 1049 dicat
2439 997 2673 1066 populus
2725 996 3017 1052 universus
3063 995 3443 1051 :Benedictus

1863 1081 2131 1141 Dominus
2161 1085 2216 1141 in
2245 1087 2530 1146 saeculum.
2567 1086 2711 1154 Fiat,
2745 1090 2862 1143 ﬁat.

2501 1220 2805 1277 EJUSDEM

1863 1346 2204 1414 Meditatum,
2237 1349 2301 1404 de
2331 1349 2537 1406 duobus
2571 1353 2682 1407 illis
2713 1353 2894 1420 ofﬁciis
2919 1393 2934 1417 ,
2967 1348 3289 1405 chartularii
3335 1349 3441 1404 scio

2239 1421 2382 1488 licet,
2425 1439 2488 1477 ac
2530 1425 2688 1492 primi
2722 1423 3041 1492 defensoris.

1933 1526 2072 1582 Cum
2108 1542 2342 1598 magnus
2383 1529 2472 1584 ille
2523 1530 2719 1585 doctor
2775 1529 3059 1596 Ecclesiae,
3114 1533 3442 1603 divinosque

1862 1634 2042 1690 praeco
2072 1618 2274 1675 Paulus
2299 1621 2469 1686 dicat,
2501 1637 2609 1676 non
2652 1622 2758 1677 sibi
2808 1624 3123 1693 quempiam
3178 1626 3440 1681 honorem

1862 1725 2102 1778 sumere,
2135 1711 2228 1767 sed
2256 1727 2286 1766 a
2315 1711 2425 1767 Deo
2449 1724 2740 1780 vocatum;
2769 1729 2901 1768 sane
2934 1715 3172 1771 debebat
3234 1719 3442 1788 primus

1863 1805 2123 1861 delensor
2159 1805 2266 1860 sibi
2303 1808 2590 1862 concessis
2627 1823 2752 1862 esse
2810 1817 3129 1872 contentus,
3165 1820 3220 1865 et
3249 1812 3441 1868 deces-

1861 1911 2050 1951 sorum
2071 1911 2296 1950 suorum
2318 1897 2565 1965 vestigiis
2584 1897 2870 1962 insistere;
2900 1914 3138 1968 quorum
3171 1900 3440 1970 plerique,

1863 1988 2082 2044 sicutet
2121 1988 2264 2059 ipse,
2305 2003 2402 2058 per
2437 1987 2528 2043 Dei
2595 1993 2828 2058 gratiam
2873 1992 3167 2062 onmigena
3217 1992 3444 2048 luerunt

1861 2080 2042 2136 ornati
2111 2080 2396 2146 doctrina,
2461 2096 2863 2152 supremasque
2923 2084 3295 2139 sanctissimae
3348 2083 3442 2139 Dei

1863 2173 2093 2243 majoris
2128 2172 2387 2228 Ecclesia
2411 2173 2705 2245 dignitates
2732 2187 3053 2244 gesserunt,
3080 2186 3246 2247 atque
3270 2177 3440 2232 etiam

1862 2266 2032 2336 aliqui
2068 2267 2435 2336 genuinorum
2477 2269 2532 2323 in
2580 2285 2788 2324 morem
2842 2269 3120 2340 pullorum
3173 2273 3445 2341 aquilino-

1865 2374 1990 2412 rum
2017 2359 2134 2415 alas
2169 2367 2552 2428 sumpserunt,
2586 2368 2642 2415 et
2668 2361 2736 2416 ad
2794 2376 3053 2432 magnum
3110 2362 3264 2417 illum
3297 2363 3444 2417 Con-

1863 2452 2262 2524 stantinopolis
2317 2454 2579 2508 thronum
2633 2464 3046 2524 pervenerunt:
3108 2457 3444 2524 minimeque

1862 2545 1996 2599 dare
2021 2545 2255 2600 debebat
2288 2560 2536 2615 operam,
2597 2555 2658 2601 ut
2707 2547 2870 2600 annis
2926 2547 3208 2601 hominum
3274 2561 3446 2615 prope

1865 2638 2189 2692 memoriam
2233 2638 2634 2694 exit-edentibus
2691 2639 3041 2699 conlirmata,
3095 2645 3443 2692 mutarentur

1864 2744 1975 2782 uno
2007 2729 2116 2795 die,
2139 2731 2420 2801 sepiarum
2449 2733 2501 2786 in
2530 2746 2737 2786 morem
2761 2749 2776 2796 ;
2798 2741 2963 2802 atque
3007 2731 3082 2785 ita
3129 2732 3441 2801 periculose

1865 2830 1975 2876 tam
2034 2806 2566 2894 ollenderefquam
2627 2823 2865 2880 oll‘endi:
2929 2825 3022 2879 sed
3072 2825 3211 2878 velle
3262 2825 3443 2894 potius

1864 2927 2054 2981 pacem
2083 2929 2250 2983 supra
2283 2916 2546 2985 populum
2597 2913 2714 2980 Dei,
2749 2924 2804 2970 et
2831 2930 3001 2985 supra
3035 2925 3259 2970 sanctos
3302 2915 3441 2980 eius.

1863 3003 2068 3060 Verum
2100 3007 2229 3077 quia
2283 3010 2476 3062 nescio
2531 3007 2809 3078 quomodo
2845 3008 3151 3068 molaribus
3203 3009 3445 3063 excitan-

1864 3094 2014 3150 tibus
2045 3096 2303 3150 scandala
2339 3097 2657 3166 praeteritis,
2714 3106 2882 3168 atque
2935 3097 3126 3151 itidem
3192 3097 3282 3159 iis,
3314 3109 3440 3164 qua

1867 3183 2138 3239 canonice
2207 3192 2415 3239 statuta
2492 3193 2624 3240 sunt
2691 3188 2961 3241 adversus
3036 3186 3448 3241 inconsiderate

1867 3274 2141 3332 violantes
2182 3291 2571 3347 quamcunque
2615 3278 2934 3332 diuturnam
2987 3276 3445 3332 consuetudinem

1865 3367 2299 3424 ecclesiasticam
2353 3368 2504 3440 (nam
2541 3377 2595 3424 et
2622 3370 2773 3424 illam
2821 3369 3051 3440 perinde
3107 3377 3280 3423 ratam
3321 3383 3448 3426 esse

1865 3460 2068 3515 debere
2113 3462 2391 3516 sancitum
2444 3469 2550 3527 est,
2609 3471 2774 3532 atque
2825 3477 3019 3517 sacros
3071 3459 3336 3529 canones)
3391 3472 3448 3515 et

1867 3561 2192 3609 transcenso
2214 3553 2454 3624 denique
2477 3554 2787 3618 borizonte,
2812 3553 3100 3622 privilegia
3123 3551 3449 3606 chartularii

1865 3650 2162 3698 concutere
2208 3644 2346 3708 vult,
2397 3655 2450 3700 et
2496 3661 2620 3700 cum
2673 3645 3057 3701 {unctionibus
3116 3645 3454 3700 defensor-iis

1865 3734 2223 3806 conjungere,
2253 3752 2404 3791 more
2426 3737 2818 3807 quorumdam,
2843 3738 2936 3807 qui
2967 3737 3202 3793 diversa:
3234 3746 3452 3793 natura:

1870 3839 2105 3895 corpora
2161 3827 2387 3883 sibimet
2469 3829 2764 3884 inserendo
2833 3831 3130 3898 cepulant:
3209 3845 3459 3900 cumque

1875 3916 2118 3972 instituti
2154 3919 2240 3974 sui
2269 3919 2532 3989 probandi
2559 3935 2747 3986 causa,
2778 3930 2988 3976 sancta:
3023 3931 3080 3978 et
3112 3923 3456 3978 universalis

1869 4019 2081 4080 quartae
2138 4011 2330 4082 synodi
2399 4014 2714 4069 canonibus
2769 4024 2988 4078 utatur,
3045 4029 3110 4068 ac
3189 4025 3450 4084 praeterea

1867 4102 2052 4157 verbis
2081 4103 2413 4172 quibusdam
2443 4121 2509 4159 ex
2530 4105 2691 4169 libro,
2730 4105 2824 4175 qui
2857 4115 3111 4162 servatur
3140 4107 3195 4161 in
3239 4116 3451 4161 secreto

1869 4195 2014 4250 sacri
2053 4195 2356 4251 defensorii
2395 4214 2408 4252 :
2471 4197 2746 4267 proferam
2777 4207 2832 4254 et
2883 4199 3000 4268 ipse
3040 4201 3142 4254 hoc
3195 4201 3450 4268 pra'seuti

1869 4289 2100 4358 scripto,
2124 4289 2586 4360 quemadmodum
2626 4306 2654 4344 a
2686 4307 2772 4345 me
2809 4292 3036 4361 petitum
3079 4303 3186 4354 est,
3215 4307 3336 4361 quae
3372 4307 3436 4346 os

1871 4381 1996 4436 huic
2026 4398 2134 4436 non
2161 4384 2258 4437 abs
2277 4398 2356 4448 re,
2395 4399 2516 4439 meo
2537 4383 2758 4455 quidem
2785 4383 3016 4463 judicio,
3069 4394 3197 4439 sunt
3232 4384 3458 4438 obtura-

1873 4481 2027 4542 tnra;
2087 4483 2142 4528 et
2206 4491 2333 4530 vere
2398 4476 2575 4531 cuivis
2639 4491 2740 4547 pro
2801 4484 3051 4546 tempore
3119 4476 3455 4530 cbartulario

175 4579 327 4630 σατο,
363 4562 531 4635 χάριν
557 4561 651 4614 τοῦ
685 4560 893 4631 κρίνειν
925 4557 1265 4628 ἰδιορυθμίας
1300 4556 1642 4627 μοναζόντων
1671 4557 1763 4611 καὶ

1875 4567 2286 4622 venerationem
2313 4569 2700 4624 conciliatura.
2759 4568 2930 4637 igitur
2963 4584 3029 4625 ex
3079 4584 3291 4624 canone
3319 4583 3453 4623 χχιιι

173 4655 494 4727 κληρικῶν,
545 4655 640 4707 καὶ
689 4653 1011 4724 ἀνακρίνειν
1059 4650 1369 4721 ἀποδημίας
1419 4649 1640 4714 αὐτῶν,
1673 4649 1769 4703 καὶ

171 4751 534 4823 κατακρίνειν
581 4751 655 4813 ὡς
701 4747 969 4818 φυγαδίας
1013 4747 1428 4823 δουλοπρεπεῖς.
1485 4744 1600 4817 Πρὸ
1660 4743 1771 4814 γὰρ

173 4845 380 4899 ἑκατὸν
419 4845 624 4914 χρόνων
662 4840 861 4912 μικρόν
903 4858 956 4893 τι
987 4840 1152 4892 πλέον
1184 4839 1217 4911 ἦ
1245 4839 1503 4902 ἔλαττον,
1533 4835 1629 4890 τοῦ
1657 4837 1772 4889 ἀοι-

171 4937 339 5006 δίμου
368 4933 634 5004 βασιλέως
663 4930 758 4984 τοῦ
788 4928 1193 4989 ’1ουστινιανοῦ,
1211 4926 1305 4980 τοῦ
1328 4922 1768 4994 τὴνἙκκλησίαν

170 5025 473 5095 ἀγακλεῶς
515 5022 963 5094 οὐρανώσαντος.
1013 5023 1041 5074 ό
1083 5017 1322 5080 τοιοῦτος
1378 5015 1560 5071 κανὼν
1601 5019 1770 5069 ἐκπε-

174 5119 463 5188 φώνηται,
500 5116 588 5168 ὅτε
632 5115 794 5181 λόγος
823 5113 925 5166 οὐκ
962 5107 1028 5182 ἦν
1064 5110 1294 5164 ὲκδίκων
1323 5109 1492 5162 ὄντων
1525 5108 1636 5162 ἀπὸ
1675 5110 1768 5161 τοῦ

174 5210 470 5277 βήματος,
521 5204 726 5258 λαῖκῶν
796 5204 851 5256 δὲ
911 5205 1029 5265 ταῖς
1103 5199 1423 5268 ἐκκλησίαις
1477 5197 1772 5267 διδομένων

173 5302 450 5353 ἑκάστοτε
479 5298 612 5367 πρὸς
649 5295 947 5364 ἐκδίκησιν.
979 5293 1090 5347 Καὶ
1117 5293 1274 5345 τοῦτο
1304 5291 1461 5360 δῆλόν
1482 5291 1630 5344 ἐστιν
1664 5289 1772 5340 ἀπὸ

173 5392 276 5447 τοῦ
311 5397 389 5445 οε¹
419 5390 639 5451 κανόνος
679 5389 778 5457 τῆς
816 5389 874 5440 ὲν
907 5385 1238 5456 Καρθαγένῃ
1281 5383 1501 5436 συνόδου
1525 5421 1540 5444 ,
1573 5381 1772 5434 οὕτωςὶ

170 5485 480 5549 διεξιόντος
518 5482 695 5554 ῥητῶς
719 5498 730 5510 '
767 5481 901 5548 Περὶ
928 5479 1183 5533 ἐκδίκων
1216 5477 1332 5530 τῶν
1372 5473 1765 5542 Ἐκκλησιῶν,

171 5575 300 5630 τῶν
332 5575 704 5643 6378;161:091-
753 5573 872 5626 ἀπὸ
909 5571 1017 5626 τοῦ
1063 5571 1374 5636 ,Βασιλέως
1431 5565 1765 5635 αὶτηθῆναι,

173 5672 520 5740 σύμπασιν
566 5668 780 5732 ἔδοξεν
826 5665 1068 5735 αἰτῆσαι
1135 5665 1253 5720 ἀπὸ
1294 5665 1409 5720 τῶν
1456 5660 1772 5727 βασιλέων

1877 4669 2190 4713 sanctorum
2223 4657 2472 4724 Patrum,
2515 4663 2605 4730 qui
2656 4661 3008 4717 Chalcedone
3057 4671 3454 4720 convenerunt.

1875 4747 2140 4803 liculnum
2175 4751 2489 4819 praesidium
2527 4753 2631 4806 sibi
2655 4752 2914 4808 defensor
2969 4755 3243 4821 quaesivit,
3297 4753 3456 4822 quasi

1869 4839 2082 4910 judicct
2112 4843 2228 4912 ipse
2251 4842 2318 4898 de
2343 4843 2432 4907 iis,
2453 4859 2575 4913 quae
2610 4853 2740 4898 sunt
2767 4845 2927 4900 ollicii
2978 4845 3374 4900 innuat-horum
3403 4856 3457 4897 et

1873 4933 2225 4996 clericorum,
2263 4935 2538 5003 quasique
2569 4935 2637 4989 de
2671 4935 2868 4990 horum
2913 4935 3455 5010 peregrinationibus

1877 5024 2141 5094 inquirat,
2181 5041 2388 5096 easque
2430 5027 2594 5081 veluti
2630 5027 3030 5096 mancipiorum
3070 5027 3293 5096 aufugia
3320 5042 3455 5082 cono

1871 5115 2116 5172 demnet.
2184 5115 2452 5171 Nimirum
2533 5118 2696 5172 annis
2761 5118 2925 5189 paulo
3003 5121 3126 5188 plus
3205 5121 3461 5173 minusve

1871 5218 2094 5261 centum
2169 5217 2299 5264 ante
2371 5209 2746 5264 clarissimum
2821 5211 2975 5266 illum
3059 5211 3449 5278 imperatorem

1871 5294 2279 5364 Justinianum,
2355 5300 2449 5372 qui
2529 5300 2672 5355 hanc
2743 5302 3032 5357 ecclesiam
3107 5299 3456 5354 laudabiliter

1875 5393 2034 5464 quasi
2070 5393 2308 5462 quodam
2347 5393 2556 5449 coelesﬁ
2593 5408 2760 5464 opere
2803 5393 3134 5453 construxit,
3173 5391 3220 5446 is
3273 5405 3458 5446 canon

1877 5483 2193 5554 publicatus
2227 5482 2366 5538 fuit:
2420 5498 2534 5554 quo
2576 5492 2822 5552 tempore
2878 5480 3065 5534 nullus
3095 5488 3215 5532 erat
3267 5492 3460 5534 seruio.

1873 5575 1942 5629 de
1990 5573 2378 5630 defensoribus
2428 5589 2494 5629 ex
2559 5572 2754 5627 ordine
2820 5585 3007 5635 sacro,
3056 5568 3150 5623 sed
3196 5567 3456 5623 ccclesiis

1869 5679 2087 5736 semper
2117 5665 2242 5720 laici
2304 5663 2647 5722 defensionis
2700 5677 2867 5718 causa
2917 5661 3221 5717 dabantur.
3277 5657 3468 5731 Atque

1488 5797 1720 5857 YAlllA‘l
1761 5798 2168 5862 LECTIONES.

261 5899 310 5930 ⁷³
355 5896 628 5969 κατείπω.
