  <div class='ocr_page' id='page_1' title='image "/cluster/home/n/w/nwhite01/storage/ocr_20150623/119/hvd.32044019208156/599.png"; bbox 0 0 3948 6586; ppageno 0'>
   <div class='ocr_carea' id='block_1_1' title="bbox 438 444 581 511">
    <p class='ocr_par' dir='ltr' id='par_1_1' title="bbox 438 444 581 511">
     <span class='ocr_line' id='line_1_1' title="bbox 438 444 581 511; baseline -0.014 0"><span class='ocrx_word' id='word_1_1' title='bbox 438 444 581 511; x_wconf 81' lang='lat'><strong><em>1183</em></strong></span> 
     </span>
    </p>
   </div>
   <div class='ocr_carea' id='block_1_2' title="bbox 1744 438 2370 505">
    <p class='ocr_par' dir='ltr' id='par_1_2' title="bbox 1744 438 2370 505">
     <span class='ocr_line' id='line_1_2' title="bbox 1744 438 2370 505; baseline -0.005 0"><span class='ocrx_word' id='word_1_2' title='bbox 1744 441 1883 505; x_wconf 76' lang='lat' dir='ltr'><strong><em>JUS</em></strong></span> <span class='ocrx_word' id='word_1_3' title='bbox 1920 438 2370 502; x_wconf 78' lang='lat' dir='ltr'><strong><em>CANONICUM</em></strong></span> 
     </span>
    </p>
   </div>
   <div class='ocr_carea' id='block_1_3' title="bbox 3574 429 3725 495">
    <p class='ocr_par' dir='ltr' id='par_1_3' title="bbox 3574 429 3725 495">
     <span class='ocr_line' id='line_1_3' title="bbox 3574 429 3725 495; baseline 0.013 -2"><span class='ocrx_word' id='word_1_4' title='bbox 3574 429 3725 495; x_wconf 61' lang='lat' dir='ltr'><strong><em>118i</em></strong></span> 
     </span>
    </p>
   </div>
   <div class='ocr_carea' id='block_1_4' title="bbox 434 527 2029 618">
    <p class='ocr_par' dir='ltr' id='par_1_4' title="bbox 434 548 2011 615">
     <span class='ocr_line' id='line_1_4' title="bbox 434 548 2011 615; baseline -0.006 0"><span class='ocrx_word' id='word_1_5' title='bbox 434 559 543 615; x_wconf 86' lang='lat' dir='ltr'><strong><em>hoc</em></strong></span> <span class='ocrx_word' id='word_1_6' title='bbox 578 557 937 614; x_wconf 81' lang='lat' dir='ltr'><strong><em>manifestum</em></strong></span> <span class='ocrx_word' id='word_1_7' title='bbox 968 563 1053 612; x_wconf 88' lang='lat' dir='ltr'><strong><em>est</em></strong></span> <span class='ocrx_word' id='word_1_8' title='bbox 1080 569 1144 611; x_wconf 78' lang='lat' dir='ltr'><strong><em>ex</em></strong></span> <span class='ocrx_word' id='word_1_9' title='bbox 1167 567 1308 609; x_wconf 59' lang='grc' dir='ltr'><em>εχιτ</em></span> <span class='ocrx_word' id='word_1_10' title='bbox 1350 566 1566 609; x_wconf 81' lang='lat' dir='ltr'><strong>canone</strong></span> <span class='ocrx_word' id='word_1_11' title='bbox 1616 550 1841 608; x_wconf 83' lang='lat' dir='ltr'><strong><em>concilii</em></strong></span> <span class='ocrx_word' id='word_1_12' title='bbox 1874 548 2011 605; x_wconf 81' lang='lat' dir='ltr'><strong><em>Car-</em></strong></span> 
     </span>
    </p>
   </div>
   <div class='ocr_carea' id='block_1_5' title="bbox 2139 527 3728 618">
    <p class='ocr_par' dir='ltr' id='par_1_5' title="bbox 2139 527 3728 618">
     <span class='ocr_line' id='line_1_5' title="bbox 2139 527 3728 618; baseline -0.004 -17"><span class='ocrx_word' id='word_1_13' title='bbox 2139 547 2238 603; x_wconf 81' lang='grc' dir='ltr'><strong><em>διὰ</em></strong></span> <span class='ocrx_word' id='word_1_14' title='bbox 2266 549 2381 618; x_wconf 77' lang='grc' dir='ltr'><em>τὴν</em></span> <span class='ocrx_word' id='word_1_15' title='bbox 2423 546 2544 603; x_wconf 76' lang='grc' dir='ltr'><strong><em>τῶν</em></strong></span> <span class='ocrx_word' id='word_1_16' title='bbox 2605 545 2881 613; x_wconf 70' lang='grc' dir='ltr'><em>πενήτων</em></span> <span class='ocrx_word' id='word_1_17' title='bbox 2931 527 3222 612; x_wconf 70' lang='grc' dir='ltr'><em>κάκωσιν,</em></span> <span class='ocrx_word' id='word_1_18' title='bbox 3248 535 3337 598; x_wconf 73' lang='grc' dir='ltr'><strong><em>ὧν</em></strong></span> <span class='ocrx_word' id='word_1_19' title='bbox 3389 540 3521 609; x_wconf 82' lang='grc' dir='ltr'><em>ταῖς</em></span> <span class='ocrx_word' id='word_1_20' title='bbox 3577 541 3728 595; x_wconf 73' lang='grc' dir='ltr'><em>ἐκα-</em></span> 
     </span>
    </p>
   </div>
   <div class='ocr_carea' id='block_1_6' title="bbox 435 642 2016 722">
    <p class='ocr_par' dir='ltr' id='par_1_6' title="bbox 435 642 2016 722">
     <span class='ocr_line' id='line_1_6' title="bbox 435 642 2016 722; baseline -0.007 -16"><span class='ocrx_word' id='word_1_21' title='bbox 435 650 824 722; x_wconf 79' lang='lat' dir='ltr'><strong><em>thagiuiensis,</em></strong></span> <span class='ocrx_word' id='word_1_22' title='bbox 848 647 1008 719; x_wconf 83' lang='lat' dir='ltr'><strong><em>cujus</em></strong></span> <span class='ocrx_word' id='word_1_23' title='bbox 1035 649 1149 703; x_wconf 65' lang='lat' dir='ltr'><strong><em>haec</em></strong></span> <span class='ocrx_word' id='word_1_24' title='bbox 1178 644 1343 701; x_wconf 83' lang='lat' dir='ltr'><strong><em>verba</em></strong></span> <span class='ocrx_word' id='word_1_25' title='bbox 1377 654 1546 702; x_wconf 86' lang='lat' dir='ltr'><strong><em>sunt:</em></strong></span> <span class='ocrx_word' id='word_1_26' title='bbox 1601 644 1682 701; x_wconf 86' lang='lat' dir='ltr'><strong><em>De</em></strong></span> <span class='ocrx_word' id='word_1_27' title='bbox 1724 642 2016 713; x_wconf 75' lang='lat' dir='ltr'><strong><em>defensori-</em></strong></span> 
     </span>
    </p>
   </div>
   <div class='ocr_carea' id='block_1_7' title="bbox 412 733 2017 812">
    <p class='ocr_par' dir='ltr' id='par_1_7' title="bbox 412 733 2017 812">
     <span class='ocr_line' id='line_1_7' title="bbox 412 733 2017 812; baseline -0.005 -16"><span class='ocrx_word' id='word_1_28' title='bbox 412 743 535 798; x_wconf 80' lang='lat' dir='ltr'><strong><em>.bus</em></strong></span> <span class='ocrx_word' id='word_1_29' title='bbox 593 741 974 807; x_wconf 78' lang='lat' dir='ltr'><strong><em>Eectesiarum,</em></strong></span> <span class='ocrx_word' id='word_1_30' title='bbox 1025 741 1118 811; x_wconf 85' lang='lat' dir='ltr'><strong><em>qui</em></strong></span> <span class='ocrx_word' id='word_1_31' title='bbox 1167 740 1233 795; x_wconf 85' lang='lat' dir='ltr'><strong><em>ab</em></strong></span> <span class='ocrx_word' id='word_1_32' title='bbox 1281 742 1602 812; x_wconf 82' lang='lat' dir='ltr'><strong><em>imperatore</em></strong></span> <span class='ocrx_word' id='word_1_33' title='bbox 1653 736 1761 806; x_wconf 85' lang='lat' dir='ltr'><strong><em>peti</em></strong></span> <span class='ocrx_word' id='word_1_34' title='bbox 1806 733 2017 801; x_wconf 79' lang='lat' dir='ltr'><strong><em>debent,</em></strong></span> 
     </span>
    </p>
   </div>
   <div class='ocr_carea' id='block_1_8' title="bbox 436 824 2013 903">
    <p class='ocr_par' dir='ltr' id='par_1_8' title="bbox 436 824 2013 903">
     <span class='ocr_line' id='line_1_8' title="bbox 436 824 2013 903; baseline -0.004 -16"><span class='ocrx_word' id='word_1_35' title='bbox 436 836 606 888; x_wconf 70' lang='lat' dir='ltr'><strong><em>visum</em></strong></span> <span class='ocrx_word' id='word_1_36' title='bbox 672 842 750 889; x_wconf 74' lang='lat' dir='ltr'><strong><em>est</em></strong></span> <span class='ocrx_word' id='word_1_37' title='bbox 808 833 1092 900; x_wconf 77' lang='lat' dir='ltr'><strong><em>uniuersis,</em></strong></span> <span class='ocrx_word' id='word_1_38' title='bbox 1152 837 1400 903; x_wconf 77' lang='lat' dir='ltr'><strong><em>petendos</em></strong></span> <span class='ocrx_word' id='word_1_39' title='bbox 1464 832 1529 886; x_wconf 84' lang='lat' dir='ltr'><strong><em>ab</em></strong></span> <span class='ocrx_word' id='word_1_40' title='bbox 1577 824 2013 900; x_wconf 72' lang='lat' dir='ltr'><strong><em>imperatoribus,</em></strong></span> 
     </span>
    </p>
   </div>
   <div class='ocr_carea' id='block_1_9' title="bbox 435 916 2011 997">
    <p class='ocr_par' dir='ltr' id='par_1_9' title="bbox 435 916 2011 997">
     <span class='ocr_line' id='line_1_9' title="bbox 435 916 2011 997; baseline -0.005 -20"><span class='ocrx_word' id='word_1_41' title='bbox 435 936 653 995; x_wconf 83' lang='lat' dir='ltr'><strong><em>propter</em></strong></span> <span class='ocrx_word' id='word_1_42' title='bbox 684 925 1020 997; x_wconf 75' lang='lat' dir='ltr'><strong><em>aﬂlictionem</em></strong></span> <span class='ocrx_word' id='word_1_43' title='bbox 1079 940 1394 994; x_wconf 83' lang='lat' dir='ltr'><strong><em>pauperum,</em></strong></span> <span class='ocrx_word' id='word_1_44' title='bbox 1422 937 1647 992; x_wconf 83' lang='lat' dir='ltr'><strong><em>quorum</em></strong></span> <span class='ocrx_word' id='word_1_45' title='bbox 1677 916 2011 992; x_wconf 74' lang='lat' dir='ltr'><strong><em>grammini-</em></strong></span> 
     </span>
    </p>
   </div>
   <div class='ocr_carea' id='block_1_10' title="bbox 2130 633 3727 709">
    <p class='ocr_par' dir='ltr' id='par_1_10' title="bbox 2130 633 3727 709">
     <span class='ocr_line' id='line_1_10' title="bbox 2130 633 3727 709; baseline -0.005 -14"><span class='ocrx_word' id='word_1_46' title='bbox 2130 641 2357 709; x_wconf 80' lang='grc' dir='ltr'><em>χθείαις</em></span> <span class='ocrx_word' id='word_1_47' title='bbox 2388 639 2713 704; x_wconf 80' lang='grc' dir='ltr'><strong><em>ἀπαύστως</em></strong></span> <span class='ocrx_word' id='word_1_48' title='bbox 2742 640 2782 706; x_wconf 80' lang='grc' dir='ltr'><strong>ἠ</strong></span> <span class='ocrx_word' id='word_1_49' title='bbox 2819 636 3157 704; x_wconf 63' lang='grc' dir='ltr'><em>Ἐκκλησία</em></span> <span class='ocrx_word' id='word_1_50' title='bbox 3209 633 3685 705; x_wconf 69' lang='grc' dir='ltr'><em>παρσνοχλείται</em></span> <span class='ocrx_word' id='word_1_51' title='bbox 3707 673 3727 699; x_wconf 83' lang='grc'><strong><em>,</em></strong></span> 
     </span>
    </p>
   </div>
   <div class='ocr_carea' id='block_1_11' title="bbox 2125 725 3731 799">
    <p class='ocr_par' dir='ltr' id='par_1_11' title="bbox 2125 725 3731 799">
     <span class='ocr_line' id='line_1_11' title="bbox 2125 725 3731 799; baseline -0.004 -14"><span class='ocrx_word' id='word_1_52' title='bbox 2125 731 2286 785; x_wconf 82' lang='grc' dir='ltr'><em>ὥστε</em></span> <span class='ocrx_word' id='word_1_53' title='bbox 2313 731 2599 796; x_wconf 78' lang='grc' dir='ltr'><em>ἐκδίκους</em></span> <span class='ocrx_word' id='word_1_54' title='bbox 2628 730 2863 796; x_wconf 80' lang='grc' dir='ltr'><strong><em>τούτοις</em></strong></span> <span class='ocrx_word' id='word_1_55' title='bbox 2889 728 3041 799; x_wconf 77' lang='grc' dir='ltr'><em>μετὰ</em></span> <span class='ocrx_word' id='word_1_56' title='bbox 3070 726 3182 796; x_wconf 80' lang='grc' dir='ltr'><em>τῆς</em></span> <span class='ocrx_word' id='word_1_57' title='bbox 3221 725 3340 782; x_wconf 78' lang='grc' dir='ltr'><strong><em>τῶν</em></strong></span> <span class='ocrx_word' id='word_1_58' title='bbox 3366 726 3731 781; x_wconf 70' lang='grc' dir='ltr'><em>ἐπισκόπων</em></span> 
     </span>
    </p>
   </div>
   <div class='ocr_carea' id='block_1_12' title="bbox 2126 818 3730 894">
    <p class='ocr_par' dir='ltr' id='par_1_12' title="bbox 2126 818 3730 894">
     <span class='ocr_line' id='line_1_12' title="bbox 2126 818 3730 894; baseline -0.003 -17"><span class='ocrx_word' id='word_1_59' title='bbox 2126 824 2415 890; x_wconf 77' lang='grc' dir='ltr'><em>προνοίας</em></span> <span class='ocrx_word' id='word_1_60' title='bbox 2448 822 2836 894; x_wconf 74' lang='grc' dir='ltr'><em>ἐπιλέγεσθαι</em></span> <span class='ocrx_word' id='word_1_61' title='bbox 2888 821 3038 876; x_wconf 81' lang='grc' dir='ltr'><em>κατὰ</em></span> <span class='ocrx_word' id='word_1_62' title='bbox 3062 818 3174 890; x_wconf 78' lang='grc' dir='ltr'><em>τῆς</em></span> <span class='ocrx_word' id='word_1_63' title='bbox 3225 818 3346 875; x_wconf 79' lang='grc' dir='ltr'><strong><em>τῶν</em></strong></span> <span class='ocrx_word' id='word_1_64' title='bbox 3401 818 3730 874; x_wconf 65' lang='grc' dir='ltr'><em>πλουσίων</em></span> 
     </span>
    </p>
   </div>
   <div class='ocr_carea' id='block_1_13' title="bbox 2128 914 2509 984">
    <p class='ocr_par' dir='ltr' id='par_1_13' title="bbox 2128 914 2509 984">
     <span class='ocr_line' id='line_1_13' title="bbox 2128 914 2509 984; baseline 0.003 -16"><span class='ocrx_word' id='word_1_65' title='bbox 2128 914 2509 984; x_wconf 78' lang='grc' dir='ltr'><em>τυραννίδος.</em></span> 
     </span>
    </p>
   </div>
   <div class='ocr_carea' id='block_1_14' title="bbox 439 1008 3741 1099">
    <p class='ocr_par' dir='ltr' id='par_1_14' title="bbox 439 1008 3741 1099">
     <span class='ocr_line' id='line_1_14' title="bbox 439 1008 3741 1099; baseline -0.003 -28"><span class='ocrx_word' id='word_1_66' title='bbox 439 1025 538 1073; x_wconf 81' lang='lat' dir='ltr'><strong><em>bus</em></strong></span> <span class='ocrx_word' id='word_1_67' title='bbox 565 1019 923 1073; x_wconf 75' lang='lat' dir='ltr'><strong><em>indesinenter</em></strong></span> <span class='ocrx_word' id='word_1_68' title='bbox 954 1017 1197 1073; x_wconf 77' lang='lat' dir='ltr'><strong><em>Ecclesia</em></strong></span> <span class='ocrx_word' id='word_1_69' title='bbox 1225 1019 1570 1073; x_wconf 75' lang='lat' dir='ltr'><strong><em>molestatur:</em></strong></span> <span class='ocrx_word' id='word_1_70' title='bbox 1600 1026 1658 1070; x_wconf 87' lang='lat' dir='ltr'><strong><em>ut</em></strong></span> <span class='ocrx_word' id='word_1_71' title='bbox 1702 1014 2004 1085; x_wconf 71' lang='lat' dir='ltr'><strong><em>defensores</em></strong></span> <span class='ocrx_word' id='word_1_72' title='bbox 2043 1010 2142 1077; x_wconf 73' lang='lat' dir='ltr'><strong><em>eis,</em></strong></span> <span class='ocrx_word' id='word_1_73' title='bbox 2208 1012 2583 1067; x_wconf 77' lang='lat' dir='ltr'><strong><em>interueniente</em></strong></span> <span class='ocrx_word' id='word_1_74' title='bbox 2621 1009 2954 1080; x_wconf 81' lang='lat' dir='ltr'><strong><em>providentia</em></strong></span> <span class='ocrx_word' id='word_1_75' title='bbox 3011 1008 3398 1080; x_wconf 77' lang='lat' dir='ltr'><strong><em>episcoporum,</em></strong></span> <span class='ocrx_word' id='word_1_76' title='bbox 3444 1009 3741 1099; x_wconf 24' lang='lat' dir='ltr'><strong><em>eligantur,</em></strong></span> 
     </span>
    </p>
   </div>
   <div class='ocr_carea' id='block_1_15' title="bbox 442 1111 1482 1182">
    <p class='ocr_par' dir='ltr' id='par_1_15' title="bbox 442 1111 1482 1182">
     <span class='ocr_line' id='line_1_15' title="bbox 442 1111 1482 1182; baseline 0.003 -19"><span class='ocrx_word' id='word_1_77' title='bbox 442 1111 693 1165; x_wconf 78' lang='lat' dir='ltr'><strong><em>adversus</em></strong></span> <span class='ocrx_word' id='word_1_78' title='bbox 720 1111 1087 1181; x_wconf 78' lang='lat' dir='ltr'><strong><em>opulentorum</em></strong></span> <span class='ocrx_word' id='word_1_79' title='bbox 1129 1112 1482 1182; x_wconf 81' lang='lat' dir='ltr'><strong><em>tyrannidem.</em></strong></span> 
     </span>
    </p>
   </div>
   <div class='ocr_carea' id='block_1_16' title="bbox 514 1202 2021 1275">
    <p class='ocr_par' dir='ltr' id='par_1_16' title="bbox 514 1202 2021 1275">
     <span class='ocr_line' id='line_1_16' title="bbox 514 1202 2021 1275; baseline 0.002 -19"><span class='ocrx_word' id='word_1_80' title='bbox 514 1204 701 1259; x_wconf 77' lang='lat' dir='ltr'><strong><em>Itidem</em></strong></span> <span class='ocrx_word' id='word_1_81' title='bbox 726 1214 883 1274; x_wconf 88' lang='lat' dir='ltr'><strong><em>paret</em></strong></span> <span class='ocrx_word' id='word_1_82' title='bbox 916 1204 1020 1259; x_wconf 87' lang='lat' dir='ltr'><strong><em>hoc</em></strong></span> <span class='ocrx_word' id='word_1_83' title='bbox 1052 1220 1120 1259; x_wconf 79' lang='lat' dir='ltr'><strong><em>ex</em></strong></span> <span class='ocrx_word' id='word_1_84' title='bbox 1152 1221 1218 1260; x_wconf 78' lang='lat' dir='ltr'><strong><em>xv</em></strong></span> <span class='ocrx_word' id='word_1_85' title='bbox 1240 1204 1448 1261; x_wconf 82' lang='lat' dir='ltr'><strong><em>novella</em></strong></span> <span class='ocrx_word' id='word_1_86' title='bbox 1491 1203 1840 1275; x_wconf 79' lang='lat' dir='ltr'><strong><em>imperatoris</em></strong></span> <span class='ocrx_word' id='word_1_87' title='bbox 1886 1202 2021 1259; x_wconf 82' lang='lat' dir='ltr'><strong><em>Jus-</em></strong></span> 
     </span>
    </p>
   </div>
   <div class='ocr_carea' id='block_1_17' title="bbox 442 1293 2021 1364">
    <p class='ocr_par' dir='ltr' id='par_1_17' title="bbox 442 1293 2021 1364">
     <span class='ocr_line' id='line_1_17' title="bbox 442 1293 2021 1364; baseline 0.005 -23"><span class='ocrx_word' id='word_1_88' title='bbox 442 1293 662 1359; x_wconf 81' lang='lat' dir='ltr'><strong><em>tiniani,</em></strong></span> <span class='ocrx_word' id='word_1_89' title='bbox 685 1310 806 1364; x_wconf 71' lang='lat' dir='ltr'><strong><em>qua:</em></strong></span> <span class='ocrx_word' id='word_1_90' title='bbox 824 1302 1005 1350; x_wconf 80' lang='lat' dir='ltr'><strong><em>exstat</em></strong></span> <span class='ocrx_word' id='word_1_91' title='bbox 1029 1294 1175 1350; x_wconf 91' lang='lat' dir='ltr'><strong><em>libro</em></strong></span> <span class='ocrx_word' id='word_1_92' title='bbox 1208 1313 1257 1349; x_wconf 76' lang='lat' dir='ltr'><strong><em>vr</em></strong></span> <span class='ocrx_word' id='word_1_93' title='bbox 1290 1295 1672 1362; x_wconf 83' lang='lat' dir='ltr'><strong><em>Basilicorum,</em></strong></span> <span class='ocrx_word' id='word_1_94' title='bbox 1701 1296 1863 1350; x_wconf 91' lang='lat' dir='ltr'><strong><em>titulo</em></strong></span> <span class='ocrx_word' id='word_1_95' title='bbox 1888 1310 2021 1349; x_wconf 82' lang='lat' dir='ltr'><strong><em>xvnt</em></strong></span> 
     </span>
    </p>
   </div>
   <div class='ocr_carea' id='block_1_18' title="bbox 441 1385 2023 1457">
    <p class='ocr_par' dir='ltr' id='par_1_18' title="bbox 441 1385 2023 1457">
     <span class='ocr_line' id='line_1_18' title="bbox 441 1385 2023 1457; baseline 0.002 -18"><span class='ocrx_word' id='word_1_96' title='bbox 441 1386 499 1439; x_wconf 92' lang='lat' dir='ltr'><strong><em>ln</em></strong></span> <span class='ocrx_word' id='word_1_97' title='bbox 529 1386 672 1440; x_wconf 87' lang='lat' dir='ltr'><strong><em>hanc</em></strong></span> <span class='ocrx_word' id='word_1_98' title='bbox 695 1386 1061 1443; x_wconf 88' lang='lat' dir='ltr'><strong><em>sententiam:</em></strong></span> <span class='ocrx_word' id='word_1_99' title='bbox 1116 1385 1451 1443; x_wconf 87' lang='lat' dir='ltr'><strong><em>Defensores</em></strong></span> <span class='ocrx_word' id='word_1_100' title='bbox 1482 1403 1544 1443; x_wconf 80' lang='lat' dir='ltr'><strong><em>ex</em></strong></span> <span class='ocrx_word' id='word_1_101' title='bbox 1590 1387 1792 1443; x_wconf 84' lang='lat' dir='ltr'><strong>incolis</strong></span> <span class='ocrx_word' id='word_1_102' title='bbox 1836 1386 2023 1457; x_wconf 87' lang='lat' dir='ltr'><strong><em>cujus-</em></strong></span> 
     </span>
    </p>
   </div>
   <div class='ocr_carea' id='block_1_19' title="bbox 443 1477 2025 1553">
    <p class='ocr_par' dir='ltr' id='par_1_19' title="bbox 443 1477 2025 1553">
     <span class='ocr_line' id='line_1_19' title="bbox 443 1477 2025 1553; baseline 0.002 -23"><span class='ocrx_word' id='word_1_103' title='bbox 443 1477 577 1532; x_wconf 83' lang='lat' dir='ltr'><strong><em>libet</em></strong></span> <span class='ocrx_word' id='word_1_104' title='bbox 627 1478 781 1534; x_wconf 85' lang='lat' dir='ltr'><strong><em>urbis</em></strong></span> <span class='ocrx_word' id='word_1_105' title='bbox 829 1495 925 1549; x_wconf 86' lang='lat' dir='ltr'><strong><em>per</em></strong></span> <span class='ocrx_word' id='word_1_106' title='bbox 975 1480 1123 1536; x_wconf 85' lang='lat' dir='ltr'><strong><em>vices</em></strong></span> <span class='ocrx_word' id='word_1_107' title='bbox 1175 1480 1323 1553; x_wconf 80' lang='lat' dir='ltr'><strong><em>eligi,</em></strong></span> <span class='ocrx_word' id='word_1_108' title='bbox 1372 1481 1497 1535; x_wconf 85' lang='lat' dir='ltr'><strong><em>licet</em></strong></span> <span class='ocrx_word' id='word_1_109' title='bbox 1554 1479 1799 1535; x_wconf 88' lang='lat' dir='ltr'><strong><em>illustres</em></strong></span> <span class='ocrx_word' id='word_1_110' title='bbox 1853 1478 2025 1550; x_wconf 81' lang='lat' dir='ltr'><strong><em>aliqui</em></strong></span> 
     </span>
    </p>
   </div>
   <div class='ocr_carea' id='block_1_20' title="bbox 442 1571 2026 1643">
    <p class='ocr_par' dir='ltr' id='par_1_20' title="bbox 442 1571 2026 1643">
     <span class='ocr_line' id='line_1_20' title="bbox 442 1571 2026 1643; baseline 0.002 -19"><span class='ocrx_word' id='word_1_111' title='bbox 442 1571 577 1635; x_wconf 87' lang='lat' dir='ltr'><strong><em>sint,</em></strong></span> <span class='ocrx_word' id='word_1_112' title='bbox 609 1582 663 1625; x_wconf 85' lang='lat' dir='ltr'><strong><em>et</em></strong></span> <span class='ocrx_word' id='word_1_113' title='bbox 718 1571 1053 1628; x_wconf 84' lang='lat' dir='ltr'><strong><em>clarissimi:</em></strong></span> <span class='ocrx_word' id='word_1_114' title='bbox 1107 1579 1272 1643; x_wconf 89' lang='lat' dir='ltr'><strong><em>atque</em></strong></span> <span class='ocrx_word' id='word_1_115' title='bbox 1331 1573 1431 1629; x_wconf 86' lang='lat' dir='ltr'><strong><em>bos</em></strong></span> <span class='ocrx_word' id='word_1_116' title='bbox 1484 1573 1753 1628; x_wconf 79' lang='lat' dir='ltr'><strong><em>duntaxat</em></strong></span> <span class='ocrx_word' id='word_1_117' title='bbox 1800 1572 2026 1627; x_wconf 82' lang='lat' dir='ltr'><strong>biennio</strong></span> 
     </span>
    </p>
   </div>
   <div class='ocr_carea' id='block_1_21' title="bbox 445 1659 2023 1729">
    <p class='ocr_par' dir='ltr' id='par_1_21' title="bbox 445 1659 2023 1729">
     <span class='ocr_line' id='line_1_21' title="bbox 445 1659 2023 1729; baseline 0.001 -15"><span class='ocrx_word' id='word_1_118' title='bbox 445 1659 787 1718; x_wconf 80' lang='lat' dir='ltr'><strong><em>defensionis</em></strong></span> <span class='ocrx_word' id='word_1_119' title='bbox 822 1678 1027 1717; x_wconf 90' lang='lat' dir='ltr'><strong><em>munus</em></strong></span> <span class='ocrx_word' id='word_1_120' title='bbox 1063 1664 1363 1719; x_wconf 89' lang='lat' dir='ltr'><strong><em>sustinere.</em></strong></span> <span class='ocrx_word' id='word_1_121' title='bbox 1396 1660 1578 1729; x_wconf 85' lang='lat' dir='ltr'><strong><em>Quare</em></strong></span> <span class='ocrx_word' id='word_1_122' title='bbox 1609 1680 1733 1719; x_wconf 91' lang='lat' dir='ltr'><strong><em>cum</em></strong></span> <span class='ocrx_word' id='word_1_123' title='bbox 1766 1662 2023 1719; x_wconf 80' lang='lat' dir='ltr'><strong><em>defenso-</em></strong></span> 
     </span>
    </p>
   </div>
   <div class='ocr_carea' id='block_1_22' title="bbox 444 1753 2024 1822">
    <p class='ocr_par' dir='ltr' id='par_1_22' title="bbox 444 1753 2024 1822">
     <span class='ocr_line' id='line_1_22' title="bbox 444 1753 2024 1822; baseline 0.003 -17"><span class='ocrx_word' id='word_1_124' title='bbox 444 1766 533 1807; x_wconf 90' lang='lat' dir='ltr'><strong><em>res</em></strong></span> <span class='ocrx_word' id='word_1_125' title='bbox 564 1758 619 1806; x_wconf 80' lang='lat' dir='ltr'><strong><em>et</em></strong></span> <span class='ocrx_word' id='word_1_126' title='bbox 643 1753 936 1822; x_wconf 81' lang='lat' dir='ltr'><strong><em>eligantur,</em></strong></span> <span class='ocrx_word' id='word_1_127' title='bbox 968 1770 1066 1810; x_wconf 90' lang='lat' dir='ltr'><strong><em>ceu</em></strong></span> <span class='ocrx_word' id='word_1_128' title='bbox 1090 1755 1296 1811; x_wconf 86' lang='lat' dir='ltr'><strong><em>dictum</em></strong></span> <span class='ocrx_word' id='word_1_129' title='bbox 1333 1766 1438 1820; x_wconf 87' lang='lat' dir='ltr'><strong><em>est,</em></strong></span> <span class='ocrx_word' id='word_1_130' title='bbox 1489 1765 1542 1811; x_wconf 88' lang='lat' dir='ltr'><strong><em>et</em></strong></span> <span class='ocrx_word' id='word_1_131' title='bbox 1577 1770 1767 1811; x_wconf 84' lang='lat' dir='ltr'><strong><em>eorum</em></strong></span> <span class='ocrx_word' id='word_1_132' title='bbox 1821 1770 2024 1810; x_wconf 90' lang='lat' dir='ltr'><strong><em>munus</em></strong></span> 
     </span>
    </p>
   </div>
   <div class='ocr_carea' id='block_1_23' title="bbox 443 1845 2019 1917">
    <p class='ocr_par' dir='ltr' id='par_1_23' title="bbox 443 1845 2019 1917">
     <span class='ocr_line' id='line_1_23' title="bbox 443 1845 2019 1917; baseline 0.003 -22"><span class='ocrx_word' id='word_1_133' title='bbox 443 1851 599 1896; x_wconf 89' lang='lat' dir='ltr'><strong><em>certo</em></strong></span> <span class='ocrx_word' id='word_1_134' title='bbox 634 1845 895 1913; x_wconf 88' lang='lat' dir='ltr'><strong><em>temporis</em></strong></span> <span class='ocrx_word' id='word_1_135' title='bbox 934 1845 1120 1916; x_wconf 75' lang='lat' dir='ltr'><strong><em>spatio,</em></strong></span> <span class='ocrx_word' id='word_1_136' title='bbox 1137 1846 1457 1902; x_wconf 79' lang='lat' dir='ltr'><strong><em>deﬁniatur:</em></strong></span> <span class='ocrx_word' id='word_1_137' title='bbox 1514 1854 1791 1917; x_wconf 85' lang='lat' dir='ltr'><strong><em>nugantur</em></strong></span> <span class='ocrx_word' id='word_1_138' title='bbox 1846 1860 1979 1901; x_wconf 88' lang='lat' dir='ltr'><strong><em>sane</em></strong></span> <span class='ocrx_word' id='word_1_139' title='bbox 2005 1887 2019 1912; x_wconf 91' lang='lat'><strong><em>,</em></strong></span> 
     </span>
    </p>
   </div>
   <div class='ocr_carea' id='block_1_24' title="bbox 443 1930 2016 2003">
    <p class='ocr_par' dir='ltr' id='par_1_24' title="bbox 443 1930 2016 2003">
     <span class='ocr_line' id='line_1_24' title="bbox 443 1930 2016 2003; baseline 0.005 -23"><span class='ocrx_word' id='word_1_140' title='bbox 443 1931 538 1997; x_wconf 85' lang='lat' dir='ltr'><strong><em>qui</em></strong></span> <span class='ocrx_word' id='word_1_141' title='bbox 571 1946 638 1985; x_wconf 81' lang='lat' dir='ltr'><strong><em>ex</em></strong></span> <span class='ocrx_word' id='word_1_142' title='bbox 671 1930 914 1988; x_wconf 91' lang='lat' dir='ltr'><strong><em>indicato</em></strong></span> <span class='ocrx_word' id='word_1_143' title='bbox 937 1947 1149 1987; x_wconf 87' lang='lat' dir='ltr'><strong><em>canone</em></strong></span> <span class='ocrx_word' id='word_1_144' title='bbox 1176 1932 1409 1987; x_wconf 88' lang='lat' dir='ltr'><strong><em>stabiliri</em></strong></span> <span class='ocrx_word' id='word_1_145' title='bbox 1436 1934 1726 2003; x_wconf 87' lang='lat' dir='ltr'><strong><em>perhibent.</em></strong></span> <span class='ocrx_word' id='word_1_146' title='bbox 1762 1934 1837 1999; x_wconf 87' lang='lat' dir='ltr'><strong><em>id,</em></strong></span> <span class='ocrx_word' id='word_1_147' title='bbox 1868 1933 2016 2003; x_wconf 89' lang='lat' dir='ltr'><strong><em>quod</em></strong></span> 
     </span>
    </p>
   </div>
   <div class='ocr_carea' id='block_1_25' title="bbox 2216 1199 3723 1271">
    <p class='ocr_par' dir='ltr' id='par_1_25' title="bbox 2216 1199 3723 1271">
     <span class='ocr_line' id='line_1_25' title="bbox 2216 1199 3723 1271; baseline -0.004 -14"><span class='ocrx_word' id='word_1_148' title='bbox 2216 1201 2492 1266; x_wconf 79' lang='grc' dir='ltr'><strong><em>Ὡσαύτως</em></strong></span> <span class='ocrx_word' id='word_1_149' title='bbox 2532 1202 2627 1256; x_wconf 83' lang='grc' dir='ltr'><em>καὶ</em></span> <span class='ocrx_word' id='word_1_150' title='bbox 2674 1202 2784 1256; x_wconf 76' lang='grc' dir='ltr'><strong><em>ἀπὸ</em></strong></span> <span class='ocrx_word' id='word_1_151' title='bbox 2829 1202 2930 1270; x_wconf 77' lang='grc' dir='ltr'><em>τῆς</em></span> <span class='ocrx_word' id='word_1_152' title='bbox 2976 1202 3040 1255; x_wconf 86' lang='grc' dir='ltr'><strong><em>ιε’</em></strong></span> <span class='ocrx_word' id='word_1_153' title='bbox 3070 1201 3276 1271; x_wconf 72' lang='grc' dir='ltr'><em>νεαρᾶς</em></span> <span class='ocrx_word' id='word_1_154' title='bbox 3317 1199 3411 1253; x_wconf 82' lang='grc' dir='ltr'><em>τοῦ</em></span> <span class='ocrx_word' id='word_1_155' title='bbox 3448 1200 3723 1271; x_wconf 76' lang='grc' dir='ltr'><em>βασιλέως</em></span> 
     </span>
    </p>
   </div>
   <div class='ocr_carea' id='block_1_26' title="bbox 2142 1292 3723 1365">
    <p class='ocr_par' dir='ltr' id='par_1_26' title="bbox 2142 1292 3723 1365">
     <span class='ocr_line' id='line_1_26' title="bbox 2142 1292 3723 1365; baseline -0.001 -17"><span class='ocrx_word' id='word_1_156' title='bbox 2142 1294 2543 1363; x_wconf 82' lang='grc' dir='ltr'><em>Ἰουστινιανοὺ,</em></span> <span class='ocrx_word' id='word_1_157' title='bbox 2578 1296 2673 1364; x_wconf 82' lang='grc' dir='ltr'><em>τῆς</em></span> <span class='ocrx_word' id='word_1_158' title='bbox 2710 1295 2969 1365; x_wconf 79' lang='grc' dir='ltr'><strong><em>κειμένης</em></strong></span> <span class='ocrx_word' id='word_1_159' title='bbox 3002 1297 3061 1348; x_wconf 76' lang='grc' dir='ltr'><em>ὲν</em></span> <span class='ocrx_word' id='word_1_160' title='bbox 3093 1293 3283 1365; x_wconf 77' lang='grc' dir='ltr'><em>βιϐλίῳ</em></span> <span class='ocrx_word' id='word_1_161' title='bbox 3323 1292 3375 1359; x_wconf 87' lang='grc' dir='ltr'><em>ς’</em></span> <span class='ocrx_word' id='word_1_162' title='bbox 3412 1294 3526 1347; x_wconf 87' lang='grc' dir='ltr'><strong><em>τῶν</em></strong></span> <span class='ocrx_word' id='word_1_163' title='bbox 3557 1294 3723 1347; x_wconf 61' lang='lat' dir='ltr'><strong><em>Basso</em></strong></span> 
     </span>
    </p>
   </div>
   <div class='ocr_carea' id='block_1_27' title="bbox 2130 1383 3723 1458">
    <p class='ocr_par' dir='ltr' id='par_1_27' title="bbox 2130 1383 3723 1458">
     <span class='ocr_line' id='line_1_27' title="bbox 2130 1383 3723 1458; baseline -0.001 -20"><span class='ocrx_word' id='word_1_164' title='bbox 2130 1384 2322 1452; x_wconf 86' lang='grc' dir='ltr'><em>λικῶν,</em></span> <span class='ocrx_word' id='word_1_165' title='bbox 2351 1384 2516 1458; x_wconf 79' lang='grc' dir='ltr'><em>τίτλῳ</em></span> <span class='ocrx_word' id='word_1_166' title='bbox 2551 1383 2641 1457; x_wconf 80' lang='grc' dir='ltr'><em>ιη’,</em></span> <span class='ocrx_word' id='word_1_167' title='bbox 2673 1386 2767 1438; x_wconf 81' lang='grc' dir='ltr'><em>καὶ</em></span> <span class='ocrx_word' id='word_1_168' title='bbox 2794 1383 3295 1455; x_wconf 79' lang='grc' dir='ltr'><em>διαλαμϐανούσης,</em></span> <span class='ocrx_word' id='word_1_169' title='bbox 3318 1384 3442 1447; x_wconf 79' lang='grc' dir='ltr'><em>τοὺς</em></span> <span class='ocrx_word' id='word_1_170' title='bbox 3467 1383 3723 1447; x_wconf 77' lang='grc' dir='ltr'><em>ἐκδίκους</em></span> 
     </span>
    </p>
   </div>
   <div class='ocr_carea' id='block_1_28' title="bbox 2133 1477 3725 1548">
    <p class='ocr_par' dir='ltr' id='par_1_28' title="bbox 2133 1477 3725 1548">
     <span class='ocr_line' id='line_1_28' title="bbox 2133 1477 3725 1548; baseline -0.001 -18"><span class='ocrx_word' id='word_1_171' title='bbox 2133 1477 2243 1531; x_wconf 81' lang='grc' dir='ltr'><strong><em>ἀπὸ</em></strong></span> <span class='ocrx_word' id='word_1_172' title='bbox 2280 1477 2387 1531; x_wconf 83' lang='grc' dir='ltr'><strong><em>τῶν</em></strong></span> <span class='ocrx_word' id='word_1_173' title='bbox 2428 1478 2704 1533; x_wconf 78' lang='grc' dir='ltr'><em>κατοίκων</em></span> <span class='ocrx_word' id='word_1_174' title='bbox 2743 1479 2981 1548; x_wconf 80' lang='grc' dir='ltr'><strong><em>ἑκάστης</em></strong></span> <span class='ocrx_word' id='word_1_175' title='bbox 3014 1477 3228 1542; x_wconf 84' lang='grc' dir='ltr'><em>πόλεως</em></span> <span class='ocrx_word' id='word_1_176' title='bbox 3262 1477 3565 1548; x_wconf 60' lang='grc' dir='ltr'><em>ἀμοιϐαδδν</em></span> <span class='ocrx_word' id='word_1_177' title='bbox 3603 1477 3725 1530; x_wconf 71' lang='grc' dir='ltr'><em>ἑπι-</em></span> 
     </span>
    </p>
   </div>
   <div class='ocr_carea' id='block_1_29' title="bbox 2132 1562 3722 1641">
    <p class='ocr_par' dir='ltr' id='par_1_29' title="bbox 2132 1562 3722 1641">
     <span class='ocr_line' id='line_1_29' title="bbox 2132 1562 3722 1641; baseline 0.001 -20"><span class='ocrx_word' id='word_1_178' title='bbox 2132 1568 2412 1637; x_wconf 86' lang='grc' dir='ltr'><em>λέγεσθαι,</em></span> <span class='ocrx_word' id='word_1_179' title='bbox 2436 1569 2539 1624; x_wconf 82' lang='grc' dir='ltr'><em>κᾶν</em></span> <span class='ocrx_word' id='word_1_180' title='bbox 2562 1568 2889 1641; x_wconf 77' lang='grc' dir='ltr'><em>ἰλλούστριοί</em></span> <span class='ocrx_word' id='word_1_181' title='bbox 2914 1585 3057 1632; x_wconf 88' lang='grc' dir='ltr'><em>τινες</em></span> <span class='ocrx_word' id='word_1_182' title='bbox 3079 1562 3182 1623; x_wconf 81' lang='grc' dir='ltr'><em>ὦσι</em></span> <span class='ocrx_word' id='word_1_183' title='bbox 3201 1569 3297 1623; x_wconf 64' lang='grc' dir='ltr'><em>καὶ</em></span> <span class='ocrx_word' id='word_1_184' title='bbox 3313 1568 3722 1639; x_wconf 77' lang='grc' dir='ltr'><strong><em>λαμπρότατοι·</em></strong></span> 
     </span>
    </p>
   </div>
   <div class='ocr_carea' id='block_1_30' title="bbox 2134 1660 3723 1733">
    <p class='ocr_par' dir='ltr' id='par_1_30' title="bbox 2134 1660 3723 1733">
     <span class='ocr_line' id='line_1_30' title="bbox 2134 1660 3723 1733; baseline 0 -19"><span class='ocrx_word' id='word_1_185' title='bbox 2134 1660 2227 1714; x_wconf 71' lang='grc' dir='ltr'><em>καὶ</em></span> <span class='ocrx_word' id='word_1_186' title='bbox 2250 1661 2341 1714; x_wconf 75' lang='grc' dir='ltr'><strong><em>ἐπὶ</em></strong></span> <span class='ocrx_word' id='word_1_187' title='bbox 2372 1662 2510 1733; x_wconf 81' lang='grc' dir='ltr'><em>μόνῃ</em></span> <span class='ocrx_word' id='word_1_188' title='bbox 2536 1661 2715 1732; x_wconf 67' lang='grc' dir='ltr'><em>διετίᾳ</em></span> <span class='ocrx_word' id='word_1_189' title='bbox 2740 1662 2800 1713; x_wconf 77' lang='grc' dir='ltr'><em>τὸ</em></span> <span class='ocrx_word' id='word_1_190' title='bbox 2837 1661 2938 1731; x_wconf 79' lang='grc' dir='ltr'><em>τῆς</em></span> <span class='ocrx_word' id='word_1_191' title='bbox 2969 1661 3301 1733; x_wconf 77' lang='grc' dir='ltr'><strong><em>ἐκδικήσεως</em></strong></span> <span class='ocrx_word' id='word_1_192' title='bbox 3341 1661 3571 1732; x_wconf 76' lang='grc' dir='ltr'><strong><em>ὑπέχειν</em></strong></span> <span class='ocrx_word' id='word_1_193' title='bbox 3596 1660 3723 1715; x_wconf 82' lang='grc' dir='ltr'><em>τού-</em></span> 
     </span>
    </p>
   </div>
   <div class='ocr_carea' id='block_1_31' title="bbox 2129 1753 3725 1824">
    <p class='ocr_par' dir='ltr' id='par_1_31' title="bbox 2129 1753 3725 1824">
     <span class='ocr_line' id='line_1_31' title="bbox 2129 1753 3725 1824; baseline 0.001 -18"><span class='ocrx_word' id='word_1_194' title='bbox 2129 1768 2256 1817; x_wconf 83' lang='grc' dir='ltr'><em>τους</em></span> <span class='ocrx_word' id='word_1_195' title='bbox 2286 1753 2677 1824; x_wconf 80' lang='grc' dir='ltr'><em>λειτούργημα.</em></span> <span class='ocrx_word' id='word_1_196' title='bbox 2716 1753 2839 1806; x_wconf 88' lang='grc' dir='ltr'><em>Τῶν</em></span> <span class='ocrx_word' id='word_1_197' title='bbox 2869 1754 2999 1822; x_wconf 81' lang='grc' dir='ltr'><em>γοῦν</em></span> <span class='ocrx_word' id='word_1_198' title='bbox 3039 1754 3270 1807; x_wconf 75' lang='grc' dir='ltr'><em>ἐκδίκων</em></span> <span class='ocrx_word' id='word_1_199' title='bbox 3315 1753 3725 1824; x_wconf 76' lang='grc' dir='ltr'><strong><em>ἐπιλεγομένων</em></strong></span> 
     </span>
    </p>
   </div>
   <div class='ocr_carea' id='block_1_32' title="bbox 2133 1843 3727 1916">
    <p class='ocr_par' dir='ltr' id='par_1_32' title="bbox 2133 1843 3727 1916">
     <span class='ocr_line' id='line_1_32' title="bbox 2133 1843 3727 1916; baseline -0.001 -19"><span class='ocrx_word' id='word_1_200' title='bbox 2133 1844 2208 1907; x_wconf 85' lang='grc' dir='ltr'><em>ὡς</em></span> <span class='ocrx_word' id='word_1_201' title='bbox 2240 1844 2475 1916; x_wconf 73' lang='grc' dir='ltr'><em>εἴρηται,</em></span> <span class='ocrx_word' id='word_1_202' title='bbox 2505 1843 2601 1898; x_wconf 74' lang='grc' dir='ltr'><em>καὶ</em></span> <span class='ocrx_word' id='word_1_203' title='bbox 2626 1844 2726 1914; x_wconf 76' lang='grc' dir='ltr'><em>τῆς</em></span> <span class='ocrx_word' id='word_1_204' title='bbox 2757 1843 3105 1914; x_wconf 78' lang='grc' dir='ltr'><em>λειτουργίας</em></span> <span class='ocrx_word' id='word_1_205' title='bbox 3128 1843 3309 1897; x_wconf 84' lang='grc' dir='ltr'><em>αὑτῶν</em></span> <span class='ocrx_word' id='word_1_206' title='bbox 3339 1843 3727 1915; x_wconf 69' lang='grc' dir='ltr'><strong><em>μετρουμένης</em></strong></span> 
     </span>
    </p>
   </div>
   <div class='ocr_carea' id='block_1_33' title="bbox 2134 1936 3726 2009">
    <p class='ocr_par' dir='ltr' id='par_1_33' title="bbox 2134 1936 3726 2009">
     <span class='ocr_line' id='line_1_33' title="bbox 2134 1936 3726 2009; baseline -0.001 -19"><span class='ocrx_word' id='word_1_207' title='bbox 2134 1938 2372 2009; x_wconf 81' lang='grc' dir='ltr'><em>χρονικῷ</em></span> <span class='ocrx_word' id='word_1_208' title='bbox 2392 1938 2743 2007; x_wconf 71' lang='grc' dir='ltr'><strong><em>διαστήματι,</em></strong></span> <span class='ocrx_word' id='word_1_209' title='bbox 2770 1936 3216 2007; x_wconf 82' lang='grc' dir='ltr'><em>εἰκαιομυθοῦσιν</em></span> <span class='ocrx_word' id='word_1_210' title='bbox 3235 1939 3285 1991; x_wconf 74' lang='grc' dir='ltr'><em>οἱ</em></span> <span class='ocrx_word' id='word_1_211' title='bbox 3307 1936 3587 2006; x_wconf 78' lang='grc' dir='ltr'><em>λέγοντες,</em></span> <span class='ocrx_word' id='word_1_212' title='bbox 3618 1938 3726 1990; x_wconf 68' lang='grc' dir='ltr'><strong><em>ἀπὸ</em></strong></span> 
     </span>
    </p>
   </div>
   <div class='ocr_carea' id='block_1_34' title="bbox 444 2022 2029 2103">
    <p class='ocr_par' dir='ltr' id='par_1_34' title="bbox 444 2022 2025 2093">
     <span class='ocr_line' id='line_1_34' title="bbox 444 2022 2025 2093; baseline 0.004 -19"><span class='ocrx_word' id='word_1_213' title='bbox 444 2036 474 2074; x_wconf 82' lang='lat' dir='ltr'><strong><em>a</em></strong></span> <span class='ocrx_word' id='word_1_214' title='bbox 519 2024 698 2093; x_wconf 90' lang='lat' dir='ltr'><strong><em>primo</em></strong></span> <span class='ocrx_word' id='word_1_215' title='bbox 725 2022 1015 2079; x_wconf 83' lang='lat' dir='ltr'><strong><em>defensore</em></strong></span> <span class='ocrx_word' id='word_1_216' title='bbox 1069 2025 1357 2080; x_wconf 84' lang='lat' dir='ltr'><strong><em>asseritur.</em></strong></span> <span class='ocrx_word' id='word_1_217' title='bbox 1397 2023 1576 2080; x_wconf 81' lang='lat' dir='ltr'><strong><em>Verba</em></strong></span> <span class='ocrx_word' id='word_1_218' title='bbox 1612 2040 1741 2081; x_wconf 82' lang='lat' dir='ltr'><strong><em>vero</em></strong></span> <span class='ocrx_word' id='word_1_219' title='bbox 1792 2025 1920 2081; x_wconf 92' lang='lat' dir='ltr'><strong><em>libri</em></strong></span> <span class='ocrx_word' id='word_1_220' title='bbox 1956 2025 2025 2081; x_wconf 89' lang='lat' dir='ltr'><strong><em>de</em></strong></span> 
     </span>
    </p>
   </div>
   <div class='ocr_carea' id='block_1_35' title="bbox 2139 2022 3726 2103">
    <p class='ocr_par' dir='ltr' id='par_1_35' title="bbox 2139 2029 3726 2103">
     <span class='ocr_line' id='line_1_35' title="bbox 2139 2029 3726 2103; baseline 0.001 -20"><span class='ocrx_word' id='word_1_221' title='bbox 2139 2030 2225 2084; x_wconf 81' lang='grc' dir='ltr'><em>τοῦ</em></span> <span class='ocrx_word' id='word_1_222' title='bbox 2283 2029 2541 2100; x_wconf 73' lang='grc' dir='ltr'><strong><em>ῥηθέντος</em></strong></span> <span class='ocrx_word' id='word_1_223' title='bbox 2603 2029 2827 2094; x_wconf 79' lang='grc' dir='ltr'><em>κανόνος</em></span> <span class='ocrx_word' id='word_1_224' title='bbox 2887 2029 3240 2101; x_wconf 77' lang='grc' dir='ltr'><strong><em>στηρίζεσθαι</em></strong></span> <span class='ocrx_word' id='word_1_225' title='bbox 3296 2030 3356 2084; x_wconf 82' lang='grc' dir='ltr'><em>τὸ</em></span> <span class='ocrx_word' id='word_1_226' title='bbox 3412 2031 3572 2103; x_wconf 73' lang='grc' dir='ltr'><em>παρὰ</em></span> <span class='ocrx_word' id='word_1_227' title='bbox 3633 2031 3726 2084; x_wconf 78' lang='grc' dir='ltr'><strong><em>τοὺ</em></strong></span> 
     </span>
    </p>
   </div>
   <div class='ocr_carea' id='block_1_36' title="bbox 442 2112 2021 2188">
    <p class='ocr_par' dir='ltr' id='par_1_36' title="bbox 442 2112 2021 2188">
     <span class='ocr_line' id='line_1_36' title="bbox 442 2112 2021 2188; baseline 0.003 -21"><span class='ocrx_word' id='word_1_228' title='bbox 442 2112 623 2169; x_wconf 77' lang='lat' dir='ltr'><strong><em>oliicio</em></strong></span> <span class='ocrx_word' id='word_1_229' title='bbox 665 2114 823 2184; x_wconf 81' lang='lat' dir='ltr'><strong><em>primi</em></strong></span> <span class='ocrx_word' id='word_1_230' title='bbox 845 2114 1180 2183; x_wconf 84' lang='lat' dir='ltr'><strong><em>defensoris,</em></strong></span> <span class='ocrx_word' id='word_1_231' title='bbox 1217 2130 1342 2186; x_wconf 66' lang='lat' dir='ltr'><strong><em>quas</em></strong></span> <span class='ocrx_word' id='word_1_232' title='bbox 1386 2115 1785 2186; x_wconf 84' lang='lat' dir='ltr'><strong><em>propemodum</em></strong></span> <span class='ocrx_word' id='word_1_233' title='bbox 1826 2115 2021 2188; x_wconf 79' lang='lat' dir='ltr'><strong><em>hujus-</em></strong></span> 
     </span>
    </p>
   </div>
   <div class='ocr_carea' id='block_1_37' title="bbox 444 2205 2024 2277">
    <p class='ocr_par' dir='ltr' id='par_1_37' title="bbox 444 2205 2024 2277">
     <span class='ocr_line' id='line_1_37' title="bbox 444 2205 2024 2277; baseline 0.003 -18"><span class='ocrx_word' id='word_1_234' title='bbox 444 2207 592 2259; x_wconf 82' lang='lat' dir='ltr'><strong><em>rnodi</em></strong></span> <span class='ocrx_word' id='word_1_235' title='bbox 625 2214 792 2260; x_wconf 88' lang='lat' dir='ltr'><strong><em>sunt:</em></strong></span> <span class='ocrx_word' id='word_1_236' title='bbox 844 2205 1064 2275; x_wconf 78' lang='lat' dir='ltr'><strong><em>Oportet</em></strong></span> <span class='ocrx_word' id='word_1_237' title='bbox 1117 2222 1228 2271; x_wconf 78' lang='lat' dir='ltr'><strong><em>vos,</em></strong></span> <span class='ocrx_word' id='word_1_238' title='bbox 1263 2208 1310 2260; x_wconf 82' lang='lat' dir='ltr'><strong><em>si</em></strong></span> <span class='ocrx_word' id='word_1_239' title='bbox 1340 2207 1458 2277; x_wconf 84' lang='lat' dir='ltr'><strong><em>quis</em></strong></span> <span class='ocrx_word' id='word_1_240' title='bbox 1506 2208 1928 2277; x_wconf 82' lang='lat' dir='ltr'><strong><em>presbyterorum</em></strong></span> <span class='ocrx_word' id='word_1_241' title='bbox 1974 2217 2024 2263; x_wconf 91' lang='lat' dir='ltr'><strong><em>et</em></strong></span> 
     </span>
    </p>
   </div>
   <div class='ocr_carea' id='block_1_38' title="bbox 443 2295 2023 2372">
    <p class='ocr_par' dir='ltr' id='par_1_38' title="bbox 443 2295 2023 2372">
     <span class='ocr_line' id='line_1_38' title="bbox 443 2295 2023 2372; baseline 0.006 -24"><span class='ocrx_word' id='word_1_242' title='bbox 443 2295 794 2351; x_wconf 75' lang='lat' dir='ltr'><strong><em>diaconerum</em></strong></span> <span class='ocrx_word' id='word_1_243' title='bbox 818 2314 939 2351; x_wconf 82' lang='lat' dir='ltr'><strong><em>eum</em></strong></span> <span class='ocrx_word' id='word_1_244' title='bbox 965 2299 1145 2370; x_wconf 81' lang='lat' dir='ltr'><strong><em>aliqua</em></strong></span> <span class='ocrx_word' id='word_1_245' title='bbox 1165 2298 1311 2353; x_wconf 86' lang='lat' dir='ltr'><strong><em>litem</em></strong></span> <span class='ocrx_word' id='word_1_246' title='bbox 1343 2301 1574 2366; x_wconf 83' lang='lat' dir='ltr'><strong><em>habebit,</em></strong></span> <span class='ocrx_word' id='word_1_247' title='bbox 1607 2317 1723 2355; x_wconf 90' lang='lat' dir='ltr'><strong><em>eum</em></strong></span> <span class='ocrx_word' id='word_1_248' title='bbox 1753 2307 1841 2372; x_wconf 86' lang='lat' dir='ltr'><strong><em>qui</em></strong></span> <span class='ocrx_word' id='word_1_249' title='bbox 1869 2321 2023 2358; x_wconf 25' lang='lat' dir='ltr'><strong><em>aecus</em></strong></span> 
     </span>
    </p>
   </div>
   <div class='ocr_carea' id='block_1_39' title="bbox 443 2390 2025 2464">
    <p class='ocr_par' dir='ltr' id='par_1_39' title="bbox 443 2390 2025 2464">
     <span class='ocr_line' id='line_1_39' title="bbox 443 2390 2025 2464; baseline 0.006 -23"><span class='ocrx_word' id='word_1_250' title='bbox 443 2399 620 2451; x_wconf 75' lang='lat' dir='ltr'><strong><em>satur,</em></strong></span> <span class='ocrx_word' id='word_1_251' title='bbox 653 2391 868 2443; x_wconf 83' lang='lat' dir='ltr'><strong><em>tertium</em></strong></span> <span class='ocrx_word' id='word_1_252' title='bbox 895 2392 1085 2455; x_wconf 87' lang='lat' dir='ltr'><strong><em>citare,</em></strong></span> <span class='ocrx_word' id='word_1_253' title='bbox 1115 2390 1402 2445; x_wconf 81' lang='lat' dir='ltr'><strong><em>secundum</em></strong></span> <span class='ocrx_word' id='word_1_254' title='bbox 1459 2393 1759 2448; x_wconf 87' lang='lat' dir='ltr'><strong><em>indicatum</em></strong></span> <span class='ocrx_word' id='word_1_255' title='bbox 1789 2397 2025 2464; x_wconf 85' lang='lat' dir='ltr'><strong><em>modum,</em></strong></span> 
     </span>
    </p>
   </div>
   <div class='ocr_carea' id='block_1_40' title="bbox 444 2487 2023 2563">
    <p class='ocr_par' dir='ltr' id='par_1_40' title="bbox 444 2487 2023 2563">
     <span class='ocr_line' id='line_1_40' title="bbox 444 2487 2023 2563; baseline 0.007 -27"><span class='ocrx_word' id='word_1_256' title='bbox 444 2491 497 2536; x_wconf 87' lang='lat' dir='ltr'><strong><em>et</em></strong></span> <span class='ocrx_word' id='word_1_257' title='bbox 559 2499 664 2536; x_wconf 84' lang='lat' dir='ltr'><strong><em>non</em></strong></span> <span class='ocrx_word' id='word_1_258' title='bbox 727 2487 1091 2553; x_wconf 80' lang='lat' dir='ltr'><strong><em>obsequentem</em></strong></span> <span class='ocrx_word' id='word_1_259' title='bbox 1126 2487 1507 2543; x_wconf 85' lang='lat' dir='ltr'><strong><em>condemnare:</em></strong></span> <span class='ocrx_word' id='word_1_260' title='bbox 1588 2491 1726 2556; x_wconf 74' lang='lat' dir='ltr'><strong><em>ltmc,</em></strong></span> <span class='ocrx_word' id='word_1_261' title='bbox 1774 2491 2023 2563; x_wconf 90' lang='lat' dir='ltr'><strong><em>inquam,</em></strong></span> 
     </span>
    </p>
   </div>
   <div class='ocr_carea' id='block_1_41' title="bbox 445 2574 2029 2650">
    <p class='ocr_par' dir='ltr' id='par_1_41' title="bbox 445 2574 2029 2650">
     <span class='ocr_line' id='line_1_41' title="bbox 445 2574 2029 2650; baseline 0.009 -23"><span class='ocrx_word' id='word_1_262' title='bbox 445 2574 614 2628; x_wconf 80' lang='lat' dir='ltr'><strong><em>verba</em></strong></span> <span class='ocrx_word' id='word_1_263' title='bbox 648 2589 827 2645; x_wconf 88' lang='lat' dir='ltr'><strong><em>neque</em></strong></span> <span class='ocrx_word' id='word_1_264' title='bbox 850 2578 1143 2645; x_wconf 82' lang='lat' dir='ltr'><strong><em>radicitus,</em></strong></span> <span class='ocrx_word' id='word_1_265' title='bbox 1177 2595 1351 2650; x_wconf 87' lang='lat' dir='ltr'><strong><em>neque</em></strong></span> <span class='ocrx_word' id='word_1_266' title='bbox 1378 2581 1461 2636; x_wconf 82' lang='lat' dir='ltr'><strong><em>vel</em></strong></span> <span class='ocrx_word' id='word_1_267' title='bbox 1493 2584 1655 2650; x_wconf 89' lang='lat' dir='ltr'><strong><em>rami,</em></strong></span> <span class='ocrx_word' id='word_1_268' title='bbox 1683 2585 1768 2639; x_wconf 85' lang='lat' dir='ltr'><strong><em>vel</em></strong></span> <span class='ocrx_word' id='word_1_269' title='bbox 1803 2586 2029 2641; x_wconf 78' lang='lat' dir='ltr'><strong><em>corticis</em></strong></span> 
     </span>
    </p>
   </div>
   <div class='ocr_carea' id='block_1_42' title="bbox 447 2666 2027 2737">
    <p class='ocr_par' dir='ltr' id='par_1_42' title="bbox 447 2666 2027 2737">
     <span class='ocr_line' id='line_1_42' title="bbox 447 2666 2027 2737; baseline 0.009 -19"><span class='ocrx_word' id='word_1_270' title='bbox 447 2675 700 2733; x_wconf 76' lang='lat' dir='ltr'><strong><em>respectu</em></strong></span> <span class='ocrx_word' id='word_1_271' title='bbox 731 2706 745 2727; x_wconf 90' lang='lat'><strong><em>,</em></strong></span> <span class='ocrx_word' id='word_1_272' title='bbox 779 2666 1243 2737; x_wconf 73' lang='lat' dir='ltr'><strong><em>iurisdictionem</em></strong></span> <span class='ocrx_word' id='word_1_273' title='bbox 1280 2668 1600 2728; x_wconf 77' lang='lat' dir='ltr'><strong><em>cbortularii</em></strong></span> <span class='ocrx_word' id='word_1_274' title='bbox 1641 2676 1694 2729; x_wconf 90' lang='lat' dir='ltr'><strong><em>in</em></strong></span> <span class='ocrx_word' id='word_1_275' title='bbox 1738 2676 2027 2733; x_wconf 81' lang='lat' dir='ltr'><strong><em>universos</em></strong></span> 
     </span>
    </p>
   </div>
   <div class='ocr_carea' id='block_1_43' title="bbox 449 2758 2030 2828">
    <p class='ocr_par' dir='ltr' id='par_1_43' title="bbox 449 2758 2030 2828">
     <span class='ocr_line' id='line_1_43' title="bbox 449 2758 2030 2828; baseline 0.01 -18"><span class='ocrx_word' id='word_1_276' title='bbox 449 2758 628 2813; x_wconf 86' lang='lat' dir='ltr'><strong><em>sacris</em></strong></span> <span class='ocrx_word' id='word_1_277' title='bbox 661 2758 909 2816; x_wconf 87' lang='lat' dir='ltr'><strong><em>initiatos</em></strong></span> <span class='ocrx_word' id='word_1_278' title='bbox 949 2770 1226 2828; x_wconf 81' lang='lat' dir='ltr'><strong><em>evertunt,</em></strong></span> <span class='ocrx_word' id='word_1_279' title='bbox 1258 2770 1311 2818; x_wconf 90' lang='lat' dir='ltr'><strong><em>et</em></strong></span> <span class='ocrx_word' id='word_1_280' title='bbox 1338 2766 1403 2819; x_wconf 89' lang='lat' dir='ltr'><strong><em>ad</em></strong></span> <span class='ocrx_word' id='word_1_281' title='bbox 1434 2764 1754 2823; x_wconf 83' lang='lat' dir='ltr'><strong><em>defensores</em></strong></span> <span class='ocrx_word' id='word_1_282' title='bbox 1790 2769 2030 2825; x_wconf 89' lang='lat' dir='ltr'><strong><em>transfe-</em></strong></span> 
     </span>
    </p>
   </div>
   <div class='ocr_carea' id='block_1_44' title="bbox 449 2859 604 2905">
    <p class='ocr_par' dir='ltr' id='par_1_44' title="bbox 449 2859 604 2905">
     <span class='ocr_line' id='line_1_44' title="bbox 449 2859 604 2905; baseline 0.026 -4"><span class='ocrx_word' id='word_1_283' title='bbox 449 2859 604 2905; x_wconf 73' lang='grc' dir='ltr'><strong><em>1³1ῑηί.</em></strong></span> 
     </span>
    </p>
   </div>
   <div class='ocr_carea' id='block_1_45' title="bbox 519 2940 2031 3020">
    <p class='ocr_par' dir='ltr' id='par_1_45' title="bbox 519 2940 2031 3020">
     <span class='ocr_line' id='line_1_45' title="bbox 519 2940 2031 3020; baseline 0.011 -27"><span class='ocrx_word' id='word_1_284' title='bbox 519 2940 735 3011; x_wconf 81' lang='lat' dir='ltr'><strong><em>Quippe</em></strong></span> <span class='ocrx_word' id='word_1_285' title='bbox 756 2956 866 2997; x_wconf 91' lang='lat' dir='ltr'><strong><em>non</em></strong></span> <span class='ocrx_word' id='word_1_286' title='bbox 890 2944 971 3000; x_wconf 87' lang='lat' dir='ltr'><strong><em>sic</em></strong></span> <span class='ocrx_word' id='word_1_287' title='bbox 994 2943 1392 3017; x_wconf 85' lang='lat' dir='ltr'><strong><em>intelliguntur,</em></strong></span> <span class='ocrx_word' id='word_1_288' title='bbox 1431 2948 1495 3003; x_wconf 87' lang='lat' dir='ltr'><strong><em>de</em></strong></span> <span class='ocrx_word' id='word_1_289' title='bbox 1520 2950 1681 3020; x_wconf 89' lang='lat' dir='ltr'><strong><em>primi</em></strong></span> <span class='ocrx_word' id='word_1_290' title='bbox 1725 2949 2031 3008; x_wconf 75' lang='lat' dir='ltr'><strong><em>defensoris</em></strong></span> 
     </span>
    </p>
   </div>
   <div class='ocr_carea' id='block_1_46' title="bbox 448 3035 2028 3115">
    <p class='ocr_par' dir='ltr' id='par_1_46' title="bbox 448 3035 2028 3115">
     <span class='ocr_line' id='line_1_46' title="bbox 448 3035 2028 3115; baseline 0.009 -26"><span class='ocrx_word' id='word_1_291' title='bbox 448 3035 745 3102; x_wconf 75' lang='lat' dir='ltr'><strong><em>sententia,</em></strong></span> <span class='ocrx_word' id='word_1_292' title='bbox 789 3038 945 3107; x_wconf 86' lang='lat' dir='ltr'><strong><em>quasi</em></strong></span> <span class='ocrx_word' id='word_1_293' title='bbox 993 3039 1171 3109; x_wconf 85' lang='lat' dir='ltr'><strong><em>possit</em></strong></span> <span class='ocrx_word' id='word_1_294' title='bbox 1213 3041 1260 3096; x_wconf 90' lang='lat' dir='ltr'><strong><em>is</em></strong></span> <span class='ocrx_word' id='word_1_295' title='bbox 1304 3054 1500 3113; x_wconf 70' lang='lat' dir='ltr'><strong><em>cogere</em></strong></span> <span class='ocrx_word' id='word_1_296' title='bbox 1539 3045 1621 3100; x_wconf 81' lang='lat' dir='ltr'><strong><em>vel</em></strong></span> <span class='ocrx_word' id='word_1_297' title='bbox 1664 3045 1868 3102; x_wconf 81' lang='lat' dir='ltr'><strong><em>invitos</em></strong></span> <span class='ocrx_word' id='word_1_298' title='bbox 1908 3063 2028 3115; x_wconf 90' lang='lat' dir='ltr'><strong><em>eos,</em></strong></span> 
     </span>
    </p>
   </div>
   <div class='ocr_carea' id='block_1_47' title="bbox 450 3122 2033 3202">
    <p class='ocr_par' dir='ltr' id='par_1_47' title="bbox 450 3122 2033 3202">
     <span class='ocr_line' id='line_1_47' title="bbox 450 3122 2033 3202; baseline 0.008 -25"><span class='ocrx_word' id='word_1_299' title='bbox 450 3122 545 3192; x_wconf 90' lang='lat' dir='ltr'><strong><em>qui</em></strong></span> <span class='ocrx_word' id='word_1_300' title='bbox 592 3137 621 3177; x_wconf 88' lang='lat' dir='ltr'><strong><em>a</em></strong></span> <span class='ocrx_word' id='word_1_301' title='bbox 668 3123 917 3181; x_wconf 85' lang='lat' dir='ltr'><strong><em>diaconis</em></strong></span> <span class='ocrx_word' id='word_1_302' title='bbox 967 3136 1021 3182; x_wconf 91' lang='lat' dir='ltr'><strong><em>et</em></strong></span> <span class='ocrx_word' id='word_1_303' title='bbox 1074 3129 1411 3201; x_wconf 79' lang='lat' dir='ltr'><strong><em>presbyteris</em></strong></span> <span class='ocrx_word' id='word_1_304' title='bbox 1458 3132 1779 3202; x_wconf 84' lang='lat' dir='ltr'><strong><em>quibusdam</em></strong></span> <span class='ocrx_word' id='word_1_305' title='bbox 1828 3148 2033 3190; x_wconf 78' lang='lat' dir='ltr'><strong><em>conve-</em></strong></span> 
     </span>
    </p>
   </div>
   <div class='ocr_carea' id='block_1_48' title="bbox 451 3217 2031 3295">
    <p class='ocr_par' dir='ltr' id='par_1_48' title="bbox 451 3217 2031 3295">
     <span class='ocr_line' id='line_1_48' title="bbox 451 3217 2031 3295; baseline 0.009 -24"><span class='ocrx_word' id='word_1_306' title='bbox 451 3217 699 3282; x_wconf 88' lang='lat' dir='ltr'><strong><em>niuntur,</em></strong></span> <span class='ocrx_word' id='word_1_307' title='bbox 743 3217 994 3275; x_wconf 88' lang='lat' dir='ltr'><strong><em>fortassis</em></strong></span> <span class='ocrx_word' id='word_1_308' title='bbox 1040 3220 1143 3293; x_wconf 88' lang='lat' dir='ltr'><strong><em>ipsi</em></strong></span> <span class='ocrx_word' id='word_1_309' title='bbox 1187 3221 1330 3290; x_wconf 90' lang='lat' dir='ltr'><strong><em>laici,</em></strong></span> <span class='ocrx_word' id='word_1_310' title='bbox 1378 3232 1434 3279; x_wconf 90' lang='lat' dir='ltr'><strong><em>ut</em></strong></span> <span class='ocrx_word' id='word_1_311' title='bbox 1477 3225 1618 3295; x_wconf 85' lang='lat' dir='ltr'><strong><em>apud</em></strong></span> <span class='ocrx_word' id='word_1_312' title='bbox 1650 3242 1772 3283; x_wconf 91' lang='lat' dir='ltr'><strong><em>eum</em></strong></span> <span class='ocrx_word' id='word_1_313' title='bbox 1808 3243 2031 3285; x_wconf 83' lang='lat' dir='ltr'><strong><em>causam</em></strong></span> 
     </span>
    </p>
   </div>
   <div class='ocr_carea' id='block_1_49' title="bbox 451 3308 2031 3383">
    <p class='ocr_par' dir='ltr' id='par_1_49' title="bbox 451 3308 2031 3383">
     <span class='ocr_line' id='line_1_49' title="bbox 451 3308 2031 3383; baseline 0.009 -22"><span class='ocrx_word' id='word_1_314' title='bbox 451 3308 660 3373; x_wconf 86' lang='lat' dir='ltr'><strong><em>dicant,</em></strong></span> <span class='ocrx_word' id='word_1_315' title='bbox 713 3309 785 3364; x_wconf 91' lang='lat' dir='ltr'><strong><em>ob</em></strong></span> <span class='ocrx_word' id='word_1_316' title='bbox 830 3325 993 3381; x_wconf 91' lang='lat' dir='ltr'><strong><em>quam</em></strong></span> <span class='ocrx_word' id='word_1_317' title='bbox 1056 3314 1425 3383; x_wconf 88' lang='lat' dir='ltr'><strong><em>postulantur.</em></strong></span> <span class='ocrx_word' id='word_1_318' title='bbox 1481 3314 1619 3373; x_wconf 81' lang='lat' dir='ltr'><strong><em>Nam</em></strong></span> <span class='ocrx_word' id='word_1_319' title='bbox 1681 3321 2031 3376; x_wconf 89' lang='lat' dir='ltr'><strong><em>temerarium</em></strong></span> 
     </span>
    </p>
   </div>
   <div class='ocr_carea' id='block_1_50' title="bbox 2130 2121 3719 2195">
    <p class='ocr_par' dir='ltr' id='par_1_50' title="bbox 2130 2121 3719 2195">
     <span class='ocr_line' id='line_1_50' title="bbox 2130 2121 3719 2195; baseline -0.001 -20"><span class='ocrx_word' id='word_1_320' title='bbox 2130 2122 2505 2193; x_wconf 77' lang='grc' dir='ltr'><em>ττρωτεκδίκου</em></span> <span class='ocrx_word' id='word_1_321' title='bbox 2528 2121 2849 2193; x_wconf 88' lang='grc' dir='ltr'><em>λεγόμενον.</em></span> <span class='ocrx_word' id='word_1_322' title='bbox 2866 2122 2947 2176; x_wconf 79' lang='grc' dir='ltr'><strong><em>Τὰ</em></strong></span> <span class='ocrx_word' id='word_1_323' title='bbox 2967 2122 3023 2175; x_wconf 79' lang='grc' dir='ltr'><em>δὲ</em></span> <span class='ocrx_word' id='word_1_324' title='bbox 3050 2124 3275 2193; x_wconf 72' lang='grc' dir='ltr'><em>ῥήματα</em></span> <span class='ocrx_word' id='word_1_325' title='bbox 3299 2121 3391 2176; x_wconf 76' lang='grc' dir='ltr'><em>τοῦ</em></span> <span class='ocrx_word' id='word_1_326' title='bbox 3415 2123 3719 2195; x_wconf 66' lang='grc' dir='ltr'><em>πρωτεκᾶ-</em></span> 
     </span>
    </p>
   </div>
   <div class='ocr_carea' id='block_1_51' title="bbox 2129 2212 3720 2289">
    <p class='ocr_par' dir='ltr' id='par_1_51' title="bbox 2129 2212 3720 2289">
     <span class='ocr_line' id='line_1_51' title="bbox 2129 2212 3720 2289; baseline 0.001 -21"><span class='ocrx_word' id='word_1_327' title='bbox 2129 2232 2226 2268; x_wconf 85' lang='grc' dir='ltr'><strong><em>κου</em></strong></span> <span class='ocrx_word' id='word_1_328' title='bbox 2254 2212 2483 2285; x_wconf 76' lang='grc' dir='ltr'><em>βιὺλξου,</em></span> <span class='ocrx_word' id='word_1_329' title='bbox 2506 2214 2577 2269; x_wconf 79' lang='grc' dir='ltr'><em>τὰ</em></span> <span class='ocrx_word' id='word_1_330' title='bbox 2601 2213 2744 2269; x_wconf 83' lang='grc' dir='ltr'><em>οὑτω</em></span> <span class='ocrx_word' id='word_1_331' title='bbox 2770 2234 2887 2280; x_wconf 84' lang='grc' dir='ltr'><strong><em>πως</em></strong></span> <span class='ocrx_word' id='word_1_332' title='bbox 2913 2214 3053 2271; x_wconf 80' lang='grc' dir='ltr'><em>κατὰ</em></span> <span class='ocrx_word' id='word_1_333' title='bbox 3081 2217 3233 2289; x_wconf 75' lang='grc' dir='ltr'><em>ῥῆμα</em></span> <span class='ocrx_word' id='word_1_334' title='bbox 3256 2216 3720 2286; x_wconf 75' lang='grc' dir='ltr'><em>διαλαμϐάνοντα·</em></span> 
     </span>
    </p>
   </div>
   <div class='ocr_carea' id='block_1_52' title="bbox 2131 2303 3728 2374">
    <p class='ocr_par' dir='ltr' id='par_1_52' title="bbox 2131 2303 3728 2374">
     <span class='ocr_line' id='line_1_52' title="bbox 2131 2303 3728 2374; baseline 0.001 -17"><span class='ocrx_word' id='word_1_335' title='bbox 2131 2306 2231 2358; x_wconf 86' lang='grc' dir='ltr'><strong><em>Δεῖ</em></strong></span> <span class='ocrx_word' id='word_1_336' title='bbox 2266 2303 2446 2372; x_wconf 78' lang='grc' dir='ltr'><em>ὑμᾶς,</em></span> <span class='ocrx_word' id='word_1_337' title='bbox 2475 2305 2532 2358; x_wconf 82' lang='grc' dir='ltr'><em>ετ</em></span> <span class='ocrx_word' id='word_1_338' title='bbox 2571 2322 2662 2372; x_wconf 85' lang='grc' dir='ltr'><strong><em>τις</em></strong></span> <span class='ocrx_word' id='word_1_339' title='bbox 2685 2304 2805 2360; x_wconf 82' lang='grc' dir='ltr'><strong><em>τῶν</em></strong></span> <span class='ocrx_word' id='word_1_340' title='bbox 2832 2306 3258 2374; x_wconf 73' lang='grc' dir='ltr'><em>πρεσϐυτέρων</em></span> <span class='ocrx_word' id='word_1_341' title='bbox 3285 2306 3385 2361; x_wconf 79' lang='grc' dir='ltr'><em>καὶ</em></span> <span class='ocrx_word' id='word_1_342' title='bbox 3420 2305 3728 2360; x_wconf 69' lang='grc' dir='ltr'><em>διακόνων</em></span> 
     </span>
    </p>
   </div>
   <div class='ocr_carea' id='block_1_53' title="bbox 2130 2395 3725 2466">
    <p class='ocr_par' dir='ltr' id='par_1_53' title="bbox 2130 2395 3725 2466">
     <span class='ocr_line' id='line_1_53' title="bbox 2130 2395 3725 2466; baseline 0.001 -18"><span class='ocrx_word' id='word_1_343' title='bbox 2130 2395 2310 2462; x_wconf 80' lang='grc' dir='ltr'><em>δίκην</em></span> <span class='ocrx_word' id='word_1_344' title='bbox 2334 2395 2455 2460; x_wconf 82' lang='grc' dir='ltr'><em>ἔξει</em></span> <span class='ocrx_word' id='word_1_345' title='bbox 2481 2396 2637 2465; x_wconf 81' lang='grc' dir='ltr'><em>μετά</em></span> <span class='ocrx_word' id='word_1_346' title='bbox 2674 2413 2866 2465; x_wconf 79' lang='grc' dir='ltr'><em>τινος,</em></span> <span class='ocrx_word' id='word_1_347' title='bbox 2895 2397 3327 2465; x_wconf 72' lang='grc' dir='ltr'><em>προκαλεῖσθαι</em></span> <span class='ocrx_word' id='word_1_348' title='bbox 3349 2397 3394 2429; x_wconf 72' lang='grc'><strong><em>⁸⁸</em></strong></span> <span class='ocrx_word' id='word_1_349' title='bbox 3415 2396 3525 2450; x_wconf 82' lang='grc' dir='ltr'><em>τὸν</em></span> <span class='ocrx_word' id='word_1_350' title='bbox 3564 2397 3725 2466; x_wconf 73' lang='grc' dir='ltr'><em>διεγ-</em></span> 
     </span>
    </p>
   </div>
   <div class='ocr_carea' id='block_1_54' title="bbox 2131 2488 3726 2558">
    <p class='ocr_par' dir='ltr' id='par_1_54' title="bbox 2131 2488 3726 2558">
     <span class='ocr_line' id='line_1_54' title="bbox 2131 2488 3726 2558; baseline 0 -17"><span class='ocrx_word' id='word_1_351' title='bbox 2131 2492 2513 2556; x_wconf 74' lang='grc' dir='ltr'><em>καλούμειὋν</em></span> <span class='ocrx_word' id='word_1_352' title='bbox 2542 2489 2609 2543; x_wconf 83' lang='grc' dir='ltr'><em>ἐκ</em></span> <span class='ocrx_word' id='word_1_353' title='bbox 2643 2491 2842 2557; x_wconf 73' lang='grc' dir='ltr'><em>τρίτου</em></span> <span class='ocrx_word' id='word_1_354' title='bbox 2880 2490 3032 2545; x_wconf 82' lang='grc' dir='ltr'><em>κατὰ</em></span> <span class='ocrx_word' id='word_1_355' title='bbox 3071 2491 3179 2544; x_wconf 68' lang='grc' dir='ltr'><em>τὸν</em></span> <span class='ocrx_word' id='word_1_356' title='bbox 3226 2488 3547 2558; x_wconf 75' lang='grc' dir='ltr'><em>εἰρημένον</em></span> <span class='ocrx_word' id='word_1_357' title='bbox 3593 2489 3726 2557; x_wconf 69' lang='grc' dir='ltr'><em>τρόο</em></span> 
     </span>
    </p>
   </div>
   <div class='ocr_carea' id='block_1_55' title="bbox 2131 2578 3727 2652">
    <p class='ocr_par' dir='ltr' id='par_1_55' title="bbox 2131 2578 3727 2652">
     <span class='ocr_line' id='line_1_55' title="bbox 2131 2578 3727 2652; baseline -0.001 -19"><span class='ocrx_word' id='word_1_358' title='bbox 2131 2597 2267 2647; x_wconf 76' lang='grc' dir='ltr'><em>πον,</em></span> <span class='ocrx_word' id='word_1_359' title='bbox 2288 2581 2818 2652; x_wconf 75' lang='grc' dir='ltr'><em>καὶμὴὑπείκοντα</em></span> <span class='ocrx_word' id='word_1_360' title='bbox 2835 2578 3268 2643; x_wconf 72' lang='grc' dir='ltr'><em>καταδικάζὲιν.</em></span> <span class='ocrx_word' id='word_1_361' title='bbox 3292 2582 3367 2634; x_wconf 77' lang='grc' dir='ltr'><em>Ού</em></span> <span class='ocrx_word' id='word_1_362' title='bbox 3395 2581 3727 2634; x_wconf 74' lang='grc' dir='ltr'><strong><em>κατασπῶσι</em></strong></span> 
     </span>
    </p>
   </div>
   <div class='ocr_carea' id='block_1_56' title="bbox 2132 2673 3729 2747">
    <p class='ocr_par' dir='ltr' id='par_1_56' title="bbox 2132 2673 3729 2747">
     <span class='ocr_line' id='line_1_56' title="bbox 2132 2673 3729 2747; baseline -0.001 -21"><span class='ocrx_word' id='word_1_363' title='bbox 2132 2673 2521 2747; x_wconf 65' lang='grc' dir='ltr'><em>προθέλυμνον,</em></span> <span class='ocrx_word' id='word_1_364' title='bbox 2558 2674 2670 2730; x_wconf 73' lang='grc' dir='ltr'><em>οὐδ’</em></span> <span class='ocrx_word' id='word_1_365' title='bbox 2710 2675 2770 2743; x_wconf 75' lang='grc' dir='ltr'><strong><em>ἐξ</em></strong></span> <span class='ocrx_word' id='word_1_366' title='bbox 2810 2675 3143 2741; x_wconf 76' lang='grc' dir='ltr'><em>ἁποσπάδος,</em></span> <span class='ocrx_word' id='word_1_367' title='bbox 3164 2674 3276 2727; x_wconf 80' lang='grc' dir='ltr'><em>οὐδ’</em></span> <span class='ocrx_word' id='word_1_368' title='bbox 3301 2675 3366 2727; x_wconf 83' lang='grc' dir='ltr'><em>ὲκ</em></span> <span class='ocrx_word' id='word_1_369' title='bbox 3385 2673 3599 2743; x_wconf 76' lang='grc' dir='ltr'><em>φλοιοῦ,</em></span> <span class='ocrx_word' id='word_1_370' title='bbox 3636 2673 3729 2744; x_wconf 78' lang='grc' dir='ltr'><em>τὴν</em></span> 
     </span>
    </p>
   </div>
   <div class='ocr_carea' id='block_1_57' title="bbox 2132 2765 3730 2839">
    <p class='ocr_par' dir='ltr' id='par_1_57' title="bbox 2132 2765 3730 2839">
     <span class='ocr_line' id='line_1_57' title="bbox 2132 2765 3730 2839; baseline 0.001 -22"><span class='ocrx_word' id='word_1_371' title='bbox 2132 2768 2272 2818; x_wconf 70' lang='grc' dir='ltr'><em>κατᾶ</em></span> <span class='ocrx_word' id='word_1_372' title='bbox 2293 2766 2510 2821; x_wconf 75' lang='grc' dir='ltr'><em>πάντων</em></span> <span class='ocrx_word' id='word_1_373' title='bbox 2528 2766 2635 2820; x_wconf 88' lang='grc' dir='ltr'><strong><em>τῶν</em></strong></span> <span class='ocrx_word' id='word_1_374' title='bbox 2669 2766 2980 2839; x_wconf 75' lang='grc' dir='ltr'><strong><em>ἱερωμένων</em></strong></span> <span class='ocrx_word' id='word_1_375' title='bbox 3014 2765 3382 2821; x_wconf 77' lang='grc' dir='ltr'><em>δικαιοδοσίαν</em></span> <span class='ocrx_word' id='word_1_376' title='bbox 3404 2766 3499 2819; x_wconf 75' lang='grc' dir='ltr'><em>τοῦ</em></span> <span class='ocrx_word' id='word_1_377' title='bbox 3529 2783 3730 2837; x_wconf 72' lang='grc' dir='ltr'><em>χαρτοο</em></span> 
     </span>
    </p>
   </div>
   <div class='ocr_carea' id='block_1_58' title="bbox 2134 2855 3726 2929">
    <p class='ocr_par' dir='ltr' id='par_1_58' title="bbox 2134 2855 3726 2929">
     <span class='ocr_line' id='line_1_58' title="bbox 2134 2855 3726 2929; baseline 0.003 -21"><span class='ocrx_word' id='word_1_378' title='bbox 2134 2855 2375 2926; x_wconf 78' lang='grc' dir='ltr'><em>φύλακος</em></span> <span class='ocrx_word' id='word_1_379' title='bbox 2400 2898 2413 2924; x_wconf 91' lang='grc'><strong><em>,</em></strong></span> <span class='ocrx_word' id='word_1_380' title='bbox 2441 2857 2535 2910; x_wconf 70' lang='grc' dir='ltr'><em>καὶ</em></span> <span class='ocrx_word' id='word_1_381' title='bbox 2566 2857 2701 2929; x_wconf 72' lang='grc' dir='ltr'><em>πρὸς</em></span> <span class='ocrx_word' id='word_1_382' title='bbox 2765 2858 2890 2923; x_wconf 75' lang='grc' dir='ltr'><em>τοὺς</em></span> <span class='ocrx_word' id='word_1_383' title='bbox 2932 2857 3180 2920; x_wconf 75' lang='grc' dir='ltr'><em>ἐκδίκους</em></span> <span class='ocrx_word' id='word_1_384' title='bbox 3239 2858 3726 2928; x_wconf 72' lang='grc' dir='ltr'><em>μεταφυτεύουσιν.</em></span> 
     </span>
    </p>
   </div>
   <div class='ocr_carea' id='block_1_59' title="bbox 2207 2948 3730 3021">
    <p class='ocr_par' dir='ltr' id='par_1_59' title="bbox 2207 2948 3730 3021">
     <span class='ocr_line' id='line_1_59' title="bbox 2207 2948 3730 3021; baseline -0.001 -17"><span class='ocrx_word' id='word_1_385' title='bbox 2207 2948 2342 3004; x_wconf 71' lang='grc' dir='ltr'><strong>Οὐδὲ</strong></span> <span class='ocrx_word' id='word_1_386' title='bbox 2377 2951 2485 3021; x_wconf 74' lang='grc' dir='ltr'><em>γὰρ</em></span> <span class='ocrx_word' id='word_1_387' title='bbox 2517 2949 2972 3020; x_wconf 68' lang='grc' dir='ltr'><em>ἐπιλαμϐάνονται,</em></span> <span class='ocrx_word' id='word_1_388' title='bbox 3001 2949 3185 3012; x_wconf 72' lang='grc' dir='ltr'><em>καθώς</em></span> <span class='ocrx_word' id='word_1_389' title='bbox 3212 2967 3385 3020; x_wconf 76' lang='grc' dir='ltr'><em>φησιν</em></span> <span class='ocrx_word' id='word_1_390' title='bbox 3410 2953 3439 3004; x_wconf 84' lang='grc' dir='ltr'><strong><em>δ</em></strong></span> <span class='ocrx_word' id='word_1_391' title='bbox 3477 2951 3730 3021; x_wconf 64' lang='grc' dir='ltr'><em>προκέκ-</em></span> 
     </span>
    </p>
   </div>
   <div class='ocr_carea' id='block_1_60' title="bbox 2135 3040 3726 3112">
    <p class='ocr_par' dir='ltr' id='par_1_60' title="bbox 2135 3040 3726 3112">
     <span class='ocr_line' id='line_1_60' title="bbox 2135 3040 3726 3112; baseline 0.001 -19"><span class='ocrx_word' id='word_1_392' title='bbox 2135 3040 2307 3106; x_wconf 81' lang='grc' dir='ltr'><em>δικος,</em></span> <span class='ocrx_word' id='word_1_393' title='bbox 2372 3044 2447 3103; x_wconf 58' lang='grc' dir='ltr'><em>εἶς</em></span> <span class='ocrx_word' id='word_1_394' title='bbox 2477 3042 2537 3095; x_wconf 71' lang='grc' dir='ltr'><em>τὸ</em></span> <span class='ocrx_word' id='word_1_395' title='bbox 2572 3040 2833 3096; x_wconf 80' lang='grc' dir='ltr'><em>δύνασθαι</em></span> <span class='ocrx_word' id='word_1_396' title='bbox 2881 3042 3070 3096; x_wconf 76' lang='grc' dir='ltr'><em>τοῦτον</em></span> <span class='ocrx_word' id='word_1_397' title='bbox 3123 3042 3577 3112; x_wconf 70' lang='grc' dir='ltr'><em>καταναγκάζειν</em></span> <span class='ocrx_word' id='word_1_398' title='bbox 3632 3043 3726 3096; x_wconf 70' lang='grc' dir='ltr'><em>καὶ</em></span> 
     </span>
    </p>
   </div>
   <div class='ocr_carea' id='block_1_61' title="bbox 2135 3132 3726 3206">
    <p class='ocr_par' dir='ltr' id='par_1_61' title="bbox 2135 3132 3726 3206">
     <span class='ocr_line' id='line_1_61' title="bbox 2135 3132 3726 3206; baseline -0.001 -19"><span class='ocrx_word' id='word_1_399' title='bbox 2135 3132 2369 3196; x_wconf 81' lang='grc' dir='ltr'><em>ἄκοντας</em></span> <span class='ocrx_word' id='word_1_400' title='bbox 2401 3132 2531 3197; x_wconf 70' lang='grc' dir='ltr'><em>τοὺς</em></span> <span class='ocrx_word' id='word_1_401' title='bbox 2562 3133 2933 3203; x_wconf 80' lang='grc' dir='ltr'><em>ὲναγομένους</em></span> <span class='ocrx_word' id='word_1_402' title='bbox 2960 3132 3112 3206; x_wconf 75' lang='grc' dir='ltr'><em>παρὰ</em></span> <span class='ocrx_word' id='word_1_403' title='bbox 3136 3134 3401 3188; x_wconf 84' lang='grc' dir='ltr'><em>διακόνων</em></span> <span class='ocrx_word' id='word_1_404' title='bbox 3460 3134 3561 3188; x_wconf 75' lang='grc' dir='ltr'><em>καὶ</em></span> <span class='ocrx_word' id='word_1_405' title='bbox 3595 3152 3726 3205; x_wconf 81' lang='grc' dir='ltr'><em>πρε-</em></span> 
     </span>
    </p>
   </div>
   <div class='ocr_carea' id='block_1_62' title="bbox 2142 3224 3729 3298">
    <p class='ocr_par' dir='ltr' id='par_1_62' title="bbox 2142 3224 3729 3298">
     <span class='ocr_line' id='line_1_62' title="bbox 2142 3224 3729 3298; baseline 0.003 -21"><span class='ocrx_word' id='word_1_406' title='bbox 2142 3224 2420 3297; x_wconf 75' lang='grc' dir='ltr'><em>σϐυτέρων</em></span> <span class='ocrx_word' id='word_1_407' title='bbox 2454 3226 2639 3293; x_wconf 88' lang='grc' dir='ltr'><em>τινῶν,</em></span> <span class='ocrx_word' id='word_1_408' title='bbox 2677 3228 2807 3291; x_wconf 74' lang='grc' dir='ltr'><em>ἴσως</em></span> <span class='ocrx_word' id='word_1_409' title='bbox 2828 3227 2990 3292; x_wconf 77' lang='grc' dir='ltr'><em>ὄντας</em></span> <span class='ocrx_word' id='word_1_410' title='bbox 3018 3230 3110 3283; x_wconf 74' lang='grc' dir='ltr'><em>καὶ</em></span> <span class='ocrx_word' id='word_1_411' title='bbox 3138 3229 3381 3295; x_wconf 76' lang='grc' dir='ltr'><em>λαῖκοὺς,</em></span> <span class='ocrx_word' id='word_1_412' title='bbox 3435 3229 3729 3298; x_wconf 74' lang='grc' dir='ltr'><em>ἀπολογεῖ-</em></span> 
     </span>
    </p>
   </div>
   <div class='ocr_carea' id='block_1_63' title="bbox 2141 3310 3729 3395">
    <p class='ocr_par' dir='ltr' id='par_1_63' title="bbox 2141 3310 3729 3395">
     <span class='ocr_line' id='line_1_63' title="bbox 2141 3310 3729 3395; baseline 0.004 -26"><span class='ocrx_word' id='word_1_413' title='bbox 2141 3315 2264 3370; x_wconf 87' lang='grc' dir='ltr'><em>σθαι</em></span> <span class='ocrx_word' id='word_1_414' title='bbox 2295 3310 2447 3388; x_wconf 76' lang='grc' dir='ltr'><em>παρὰ</em></span> <span class='ocrx_word' id='word_1_415' title='bbox 2471 3317 2645 3391; x_wconf 81' lang='grc' dir='ltr'><em>τούτῳ</em></span> <span class='ocrx_word' id='word_1_416' title='bbox 2677 3324 2803 3391; x_wconf 77' lang='grc' dir='ltr'><em>περὶ</em></span> <span class='ocrx_word' id='word_1_417' title='bbox 2829 3316 2905 3376; x_wconf 84' lang='grc' dir='ltr'><em>ὦν</em></span> <span class='ocrx_word' id='word_1_418' title='bbox 2935 3322 3246 3394; x_wconf 74' lang='grc' dir='ltr'><em>ήαίτίασις.</em></span> <span class='ocrx_word' id='word_1_419' title='bbox 3279 3322 3456 3377; x_wconf 72' lang='grc' dir='ltr'><em>Τοῦτο</em></span> <span class='ocrx_word' id='word_1_420' title='bbox 3482 3323 3595 3395; x_wconf 80' lang='grc' dir='ltr'><em>γὰρ</em></span> <span class='ocrx_word' id='word_1_421' title='bbox 3636 3324 3729 3376; x_wconf 73' lang='grc' dir='ltr'><em>καὶ</em></span> 
     </span>
    </p>
   </div>
   <div class='ocr_carea' id='block_1_64' title="bbox 450 3387 2029 3488">
    <p class='ocr_par' dir='ltr' id='par_1_64' title="bbox 450 3398 2029 3477">
     <span class='ocr_line' id='line_1_64' title="bbox 450 3398 2029 3477; baseline 0.006 -21"><span class='ocrx_word' id='word_1_422' title='bbox 450 3398 635 3456; x_wconf 85' lang='lat' dir='ltr'><strong><em>istbue</em></strong></span> <span class='ocrx_word' id='word_1_423' title='bbox 670 3408 778 3466; x_wconf 89' lang='lat' dir='ltr'><strong><em>est,</em></strong></span> <span class='ocrx_word' id='word_1_424' title='bbox 815 3417 877 3457; x_wconf 84' lang='lat' dir='ltr'><strong><em>ac</em></strong></span> <span class='ocrx_word' id='word_1_425' title='bbox 916 3416 986 3458; x_wconf 87' lang='lat' dir='ltr'><strong><em>ne</em></strong></span> <span class='ocrx_word' id='word_1_426' title='bbox 1033 3405 1384 3474; x_wconf 85' lang='lat' dir='ltr'><strong><em>patriarclrali</em></strong></span> <span class='ocrx_word' id='word_1_427' title='bbox 1435 3407 1656 3477; x_wconf 86' lang='lat' dir='ltr'><strong><em>quidem</em></strong></span> <span class='ocrx_word' id='word_1_428' title='bbox 1701 3423 1872 3464; x_wconf 74' lang='lat' dir='ltr'><strong><em>sacrm</em></strong></span> <span class='ocrx_word' id='word_1_429' title='bbox 1915 3425 2029 3465; x_wconf 86' lang='lat' dir='ltr'><strong><em>am-</em></strong></span> 
     </span>
    </p>
   </div>
   <div class='ocr_carea' id='block_1_65' title="bbox 2139 3387 3729 3488">
    <p class='ocr_par' dir='ltr' id='par_1_65' title="bbox 2139 3387 3729 3488">
     <span class='ocr_line' id='line_1_65' title="bbox 2139 3387 3729 3488; baseline 0.004 -26"><span class='ocrx_word' id='word_1_430' title='bbox 2139 3410 2412 3483; x_wconf 81' lang='grc' dir='ltr'><em>τολμηρόν</em></span> <span class='ocrx_word' id='word_1_431' title='bbox 2471 3387 2640 3481; x_wconf 69' lang='grc' dir='ltr'><em>ἐστιν,</em></span> <span class='ocrx_word' id='word_1_432' title='bbox 2694 3387 2814 3469; x_wconf 63' lang='grc' dir='ltr'><em>οὑδὲ</em></span> <span class='ocrx_word' id='word_1_433' title='bbox 2850 3418 2917 3488; x_wconf 82' lang='grc' dir='ltr'><em>τῇ</em></span> <span class='ocrx_word' id='word_1_434' title='bbox 2956 3387 3345 3487; x_wconf 43' lang='grc' dir='ltr'><em>’πατριαρχικῇ</em></span> <span class='ocrx_word' id='word_1_435' title='bbox 3392 3387 3520 3487; x_wconf 64' lang='grc' dir='ltr'><em>θεξα</em></span> <span class='ocrx_word' id='word_1_436' title='bbox 3561 3387 3729 3486; x_wconf 66' lang='grc' dir='ltr'><em>μεγαν</em></span> 
     </span>
    </p>
   </div>
   <div class='ocr_carea' id='block_1_66' title="bbox 454 3492 2031 3569">
    <p class='ocr_par' dir='ltr' id='par_1_66' title="bbox 454 3492 2031 3569">
     <span class='ocr_line' id='line_1_66' title="bbox 454 3492 2031 3569; baseline 0.007 -24"><span class='ocrx_word' id='word_1_437' title='bbox 454 3492 711 3560; x_wconf 84' lang='lat' dir='ltr'><strong><em>plitudini</em></strong></span> <span class='ocrx_word' id='word_1_438' title='bbox 770 3508 1121 3561; x_wconf 83' lang='lat' dir='ltr'><strong><em>concessum,</em></strong></span> <span class='ocrx_word' id='word_1_439' title='bbox 1180 3496 1347 3551; x_wconf 76' lang='lat' dir='ltr'><strong><em>veluti</em></strong></span> <span class='ocrx_word' id='word_1_440' title='bbox 1402 3499 1615 3569; x_wconf 80' lang='lat' dir='ltr'><strong><em>legibus</em></strong></span> <span class='ocrx_word' id='word_1_441' title='bbox 1671 3504 2031 3569; x_wconf 88' lang='lat' dir='ltr'><strong><em>contrarium,</em></strong></span> 
     </span>
    </p>
   </div>
   <div class='ocr_carea' id='block_1_67' title="bbox 453 3586 2034 3661">
    <p class='ocr_par' dir='ltr' id='par_1_67' title="bbox 453 3586 2034 3661">
     <span class='ocr_line' id='line_1_67' title="bbox 453 3586 2034 3661; baseline 0.009 -25"><span class='ocrx_word' id='word_1_442' title='bbox 453 3596 574 3652; x_wconf 69' lang='lat' dir='ltr'><strong><em>quae</em></strong></span> <span class='ocrx_word' id='word_1_443' title='bbox 612 3593 828 3641; x_wconf 89' lang='lat' dir='ltr'><strong><em>actores</em></strong></span> <span class='ocrx_word' id='word_1_444' title='bbox 864 3586 1042 3641; x_wconf 87' lang='lat' dir='ltr'><strong><em>forum</em></strong></span> <span class='ocrx_word' id='word_1_445' title='bbox 1092 3603 1312 3644; x_wconf 89' lang='lat' dir='ltr'><strong><em>reorum</em></strong></span> <span class='ocrx_word' id='word_1_446' title='bbox 1357 3593 1512 3661; x_wconf 87' lang='lat' dir='ltr'><strong><em>sequi</em></strong></span> <span class='ocrx_word' id='word_1_447' title='bbox 1552 3593 1760 3650; x_wconf 82' lang='lat' dir='ltr'><strong><em>volunt.</em></strong></span> <span class='ocrx_word' id='word_1_448' title='bbox 1796 3594 1951 3661; x_wconf 85' lang='lat' dir='ltr'><strong><em>Quod</em></strong></span> <span class='ocrx_word' id='word_1_449' title='bbox 1990 3599 2034 3653; x_wconf 94' lang='lat' dir='ltr'><strong><em>si</em></strong></span> 
     </span>
    </p>
   </div>
   <div class='ocr_carea' id='block_1_68' title="bbox 452 3674 2111 3757">
    <p class='ocr_par' dir='ltr' id='par_1_68' title="bbox 452 3674 2111 3757">
     <span class='ocr_line' id='line_1_68' title="bbox 452 3674 2111 3757; baseline 0.011 -32"><span class='ocrx_word' id='word_1_450' title='bbox 452 3674 581 3743; x_wconf 86' lang='lat' dir='ltr'><strong><em>quis</em></strong></span> <span class='ocrx_word' id='word_1_451' title='bbox 629 3676 791 3744; x_wconf 83' lang='lat' dir='ltr'><strong><em>primi</em></strong></span> <span class='ocrx_word' id='word_1_452' title='bbox 847 3676 1153 3733; x_wconf 83' lang='lat' dir='ltr'><strong><em>defensoris</em></strong></span> <span class='ocrx_word' id='word_1_453' title='bbox 1200 3690 1434 3737; x_wconf 86' lang='lat' dir='ltr'><strong><em>tuentem</em></strong></span> <span class='ocrx_word' id='word_1_454' title='bbox 1489 3683 1729 3754; x_wconf 88' lang='lat' dir='ltr'><strong><em>probans</em></strong></span> <span class='ocrx_word' id='word_1_455' title='bbox 1781 3686 1928 3757; x_wconf 91' lang='lat' dir='ltr'><strong><em>(nam</em></strong></span> <span class='ocrx_word' id='word_1_456' title='bbox 1982 3699 2037 3745; x_wconf 90' lang='lat' dir='ltr'><strong><em>et</em></strong></span> <span class='ocrx_word' id='word_1_457' title='bbox 2100 3686 2111 3691; x_wconf 80' lang='grc'><strong>’</strong></span> 
     </span>
    </p>
   </div>
   <div class='ocr_carea' id='block_1_69' title="bbox 452 3766 2035 3841">
    <p class='ocr_par' dir='ltr' id='par_1_69' title="bbox 452 3766 2035 3841">
     <span class='ocr_line' id='line_1_69' title="bbox 452 3766 2035 3841; baseline 0.011 -22"><span class='ocrx_word' id='word_1_458' title='bbox 452 3766 734 3824; x_wconf 81' lang='lat' dir='ltr'><strong><em>maiitiose</em></strong></span> <span class='ocrx_word' id='word_1_459' title='bbox 772 3769 1060 3839; x_wconf 79' lang='lat' dir='ltr'><strong><em>agentibus</em></strong></span> <span class='ocrx_word' id='word_1_460' title='bbox 1089 3771 1233 3841; x_wconf 87' lang='lat' dir='ltr'><strong><em>quod</em></strong></span> <span class='ocrx_word' id='word_1_461' title='bbox 1279 3773 1455 3839; x_wconf 83' lang='lat' dir='ltr'><strong><em>aiunt,</em></strong></span> <span class='ocrx_word' id='word_1_462' title='bbox 1491 3774 1767 3832; x_wconf 86' lang='lat' dir='ltr'><strong><em>interdum</em></strong></span> <span class='ocrx_word' id='word_1_463' title='bbox 1809 3779 2035 3836; x_wconf 79' lang='lat' dir='ltr'><strong><em>benedi-</em></strong></span> 
     </span>
    </p>
   </div>
   <div class='ocr_carea' id='block_1_70' title="bbox 453 3858 2036 3939">
    <p class='ocr_par' dir='ltr' id='par_1_70' title="bbox 453 3858 2036 3939">
     <span class='ocr_line' id='line_1_70' title="bbox 453 3858 2036 3939; baseline 0.013 -27"><span class='ocrx_word' id='word_1_464' title='bbox 453 3858 643 3933; x_wconf 82' lang='lat' dir='ltr'><strong><em>eitur),</em></strong></span> <span class='ocrx_word' id='word_1_465' title='bbox 693 3877 835 3918; x_wconf 80' lang='lat' dir='ltr'><strong><em>vano</em></strong></span> <span class='ocrx_word' id='word_1_466' title='bbox 873 3877 997 3918; x_wconf 90' lang='lat' dir='ltr'><strong><em>cum</em></strong></span> <span class='ocrx_word' id='word_1_467' title='bbox 1051 3863 1198 3920; x_wconf 72' lang='lat' dir='ltr'><strong><em>fastu</em></strong></span> <span class='ocrx_word' id='word_1_468' title='bbox 1251 3867 1533 3939; x_wconf 84' lang='lat' dir='ltr'><strong><em>subjiciet,</em></strong></span> <span class='ocrx_word' id='word_1_469' title='bbox 1588 3870 1833 3926; x_wconf 88' lang='lat' dir='ltr'><strong><em>indicata</em></strong></span> <span class='ocrx_word' id='word_1_470' title='bbox 1871 3876 2036 3932; x_wconf 73' lang='lat' dir='ltr'><strong><em>verba</em></strong></span> 
     </span>
    </p>
   </div>
   <div class='ocr_carea' id='block_1_71' title="bbox 455 3949 2038 4031">
    <p class='ocr_par' dir='ltr' id='par_1_71' title="bbox 455 3949 2038 4031">
     <span class='ocr_line' id='line_1_71' title="bbox 455 3949 2038 4031; baseline 0.013 -28"><span class='ocrx_word' id='word_1_471' title='bbox 455 3949 600 4021; x_wconf 87' lang='lat' dir='ltr'><strong><em>loqui</em></strong></span> <span class='ocrx_word' id='word_1_472' title='bbox 664 3954 734 4009; x_wconf 85' lang='lat' dir='ltr'><strong><em>de</em></strong></span> <span class='ocrx_word' id='word_1_473' title='bbox 776 3955 987 4012; x_wconf 85' lang='lat' dir='ltr'><strong><em>duabus</em></strong></span> <span class='ocrx_word' id='word_1_474' title='bbox 1035 3958 1305 4027; x_wconf 82' lang='lat' dir='ltr'><strong><em>partibus,</em></strong></span> <span class='ocrx_word' id='word_1_475' title='bbox 1374 3978 1495 4031; x_wconf 64' lang='lat' dir='ltr'><strong><em>qua:</em></strong></span> <span class='ocrx_word' id='word_1_476' title='bbox 1540 3963 1773 4021; x_wconf 80' lang='lat' dir='ltr'><strong><em>diversis</em></strong></span> <span class='ocrx_word' id='word_1_477' title='bbox 1839 3967 2038 4024; x_wconf 89' lang='lat' dir='ltr'><strong><em>studiis</em></strong></span> 
     </span>
    </p>
   </div>
   <div class='ocr_carea' id='block_1_72' title="bbox 454 4046 2035 4124">
    <p class='ocr_par' dir='ltr' id='par_1_72' title="bbox 454 4046 2035 4124">
     <span class='ocr_line' id='line_1_72' title="bbox 454 4046 2035 4124; baseline 0.011 -27"><span class='ocrx_word' id='word_1_478' title='bbox 454 4058 565 4098; x_wconf 91' lang='lat' dir='ltr'><strong>non</strong></span> <span class='ocrx_word' id='word_1_479' title='bbox 610 4046 1056 4119; x_wconf 80' lang='lat' dir='ltr'><strong><em>distinguantur;</em></strong></span> <span class='ocrx_word' id='word_1_480' title='bbox 1100 4052 1197 4107; x_wconf 89' lang='lat' dir='ltr'><strong><em>sed</em></strong></span> <span class='ocrx_word' id='word_1_481' title='bbox 1236 4068 1354 4124; x_wconf 73' lang='lat' dir='ltr'><strong><em>qua:</em></strong></span> <span class='ocrx_word' id='word_1_482' title='bbox 1394 4058 1703 4112; x_wconf 86' lang='lat' dir='ltr'><strong><em>communis</em></strong></span> <span class='ocrx_word' id='word_1_483' title='bbox 1739 4058 2035 4115; x_wconf 82' lang='lat' dir='ltr'><strong><em>sacerdotii</em></strong></span> 
     </span>
    </p>
   </div>
   <div class='ocr_carea' id='block_1_73' title="bbox 455 4137 2040 4216">
    <p class='ocr_par' dir='ltr' id='par_1_73' title="bbox 455 4137 2040 4216">
     <span class='ocr_line' id='line_1_73' title="bbox 455 4137 2040 4216; baseline 0.011 -26"><span class='ocrx_word' id='word_1_484' title='bbox 455 4137 798 4207; x_wconf 80' lang='lat' dir='ltr'><strong><em>professione</em></strong></span> <span class='ocrx_word' id='word_1_485' title='bbox 845 4143 1154 4212; x_wconf 70' lang='lat' dir='ltr'><strong><em>conjuncta:</em></strong></span> <span class='ocrx_word' id='word_1_486' title='bbox 1200 4146 1311 4201; x_wconf 91' lang='lat' dir='ltr'><strong><em>sint</em></strong></span> <span class='ocrx_word' id='word_1_487' title='bbox 1356 4163 1372 4199; x_wconf 88' lang='lat'><strong>:</strong></span> <span class='ocrx_word' id='word_1_488' title='bbox 1420 4148 1467 4203; x_wconf 92' lang='lat' dir='ltr'><strong><em>is</em></strong></span> <span class='ocrx_word' id='word_1_489' title='bbox 1504 4149 1709 4216; x_wconf 85' lang='lat' dir='ltr'><strong><em>audiet,</em></strong></span> <span class='ocrx_word' id='word_1_490' title='bbox 1740 4150 1843 4206; x_wconf 86' lang='lat' dir='ltr'><strong><em>hoc</em></strong></span> <span class='ocrx_word' id='word_1_491' title='bbox 1879 4156 2040 4209; x_wconf 88' lang='lat' dir='ltr'><strong><em>modo</em></strong></span> 
     </span>
    </p>
   </div>
   <div class='ocr_carea' id='block_1_74' title="bbox 456 4234 2035 4312">
    <p class='ocr_par' dir='ltr' id='par_1_74' title="bbox 456 4234 2035 4312">
     <span class='ocr_line' id='line_1_74' title="bbox 456 4234 2035 4312; baseline 0.013 -30"><span class='ocrx_word' id='word_1_492' title='bbox 456 4234 805 4287; x_wconf 87' lang='lat' dir='ltr'><strong><em>temerariam</em></strong></span> <span class='ocrx_word' id='word_1_493' title='bbox 858 4237 1199 4293; x_wconf 80' lang='lat' dir='ltr'><strong><em>vacationem</em></strong></span> <span class='ocrx_word' id='word_1_494' title='bbox 1248 4246 1302 4295; x_wconf 88' lang='lat' dir='ltr'><strong><em>et</em></strong></span> <span class='ocrx_word' id='word_1_495' title='bbox 1359 4239 1646 4312; x_wconf 84' lang='lat' dir='ltr'><strong><em>justicium</em></strong></span> <span class='ocrx_word' id='word_1_496' title='bbox 1703 4243 1869 4300; x_wconf 89' lang='lat' dir='ltr'><strong><em>indici</em></strong></span> <span class='ocrx_word' id='word_1_497' title='bbox 1929 4261 2035 4302; x_wconf 91' lang='lat' dir='ltr'><strong><em>non</em></strong></span> 
     </span>
    </p>
   </div>
   <div class='ocr_carea' id='block_1_75' title="bbox 456 4322 2037 4399">
    <p class='ocr_par' dir='ltr' id='par_1_75' title="bbox 456 4322 2037 4399">
     <span class='ocr_line' id='line_1_75' title="bbox 456 4322 2037 4399; baseline 0.011 -27"><span class='ocrx_word' id='word_1_498' title='bbox 456 4322 775 4378; x_wconf 85' lang='lat' dir='ltr'><strong><em>ehartularii</em></strong></span> <span class='ocrx_word' id='word_1_499' title='bbox 817 4325 1087 4382; x_wconf 80' lang='lat' dir='ltr'><strong><em>duntaxat</em></strong></span> <span class='ocrx_word' id='word_1_500' title='bbox 1132 4329 1509 4399; x_wconf 81' lang='lat' dir='ltr'><strong><em>jurisdictioni</em></strong></span> <span class='ocrx_word' id='word_1_501' title='bbox 1538 4374 1553 4397; x_wconf 92' lang='lat'><strong><em>,</em></strong></span> <span class='ocrx_word' id='word_1_502' title='bbox 1636 4349 1825 4389; x_wconf 79' lang='lat' dir='ltr'><strong><em>verum</em></strong></span> <span class='ocrx_word' id='word_1_503' title='bbox 1874 4336 2037 4389; x_wconf 89' lang='lat' dir='ltr'><strong><em>etiam</em></strong></span> 
     </span>
    </p>
   </div>
   <div class='ocr_carea' id='block_1_76' title="bbox 456 4412 2038 4498">
    <p class='ocr_par' dir='ltr' id='par_1_76' title="bbox 456 4412 2038 4498">
     <span class='ocr_line' id='line_1_76' title="bbox 456 4412 2038 4498; baseline 0.01 -33"><span class='ocrx_word' id='word_1_504' title='bbox 456 4412 628 4481; x_wconf 81' lang='lat' dir='ltr'><strong><em>ipsius</em></strong></span> <span class='ocrx_word' id='word_1_505' title='bbox 660 4416 1044 4483; x_wconf 86' lang='lat' dir='ltr'><strong><em>patriarchalis</em></strong></span> <span class='ocrx_word' id='word_1_506' title='bbox 1076 4422 1442 4476; x_wconf 88' lang='lat' dir='ltr'><strong><em>sacratissimi</em></strong></span> <span class='ocrx_word' id='word_1_507' title='bbox 1481 4423 1792 4481; x_wconf 88' lang='lat' dir='ltr'><strong><em>tribunalis.</em></strong></span> <span class='ocrx_word' id='word_1_508' title='bbox 1824 4424 2038 4498; x_wconf 86' lang='lat' dir='ltr'><strong><em>Quippe</em></strong></span> 
     </span>
    </p>
   </div>
   <div class='ocr_carea' id='block_1_77' title="bbox 456 4503 2039 4587">
    <p class='ocr_par' dir='ltr' id='par_1_77' title="bbox 456 4503 2039 4587">
     <span class='ocr_line' id='line_1_77' title="bbox 456 4503 2039 4587; baseline 0.01 -30"><span class='ocrx_word' id='word_1_509' title='bbox 456 4503 503 4557; x_wconf 87' lang='lat' dir='ltr'><strong><em>si</em></strong></span> <span class='ocrx_word' id='word_1_510' title='bbox 548 4505 652 4560; x_wconf 86' lang='lat' dir='ltr'><strong><em>hoc</em></strong></span> <span class='ocrx_word' id='word_1_511' title='bbox 692 4522 1015 4563; x_wconf 77' lang='lat' dir='ltr'><strong><em>concessum</em></strong></span> <span class='ocrx_word' id='word_1_512' title='bbox 1060 4511 1151 4575; x_wconf 89' lang='lat' dir='ltr'><strong><em>sit,</em></strong></span> <span class='ocrx_word' id='word_1_513' title='bbox 1202 4512 1413 4581; x_wconf 88' lang='lat' dir='ltr'><strong><em>primus</em></strong></span> <span class='ocrx_word' id='word_1_514' title='bbox 1462 4514 1720 4570; x_wconf 86' lang='lat' dir='ltr'><strong><em>defensor</em></strong></span> <span class='ocrx_word' id='word_1_515' title='bbox 1758 4517 1853 4587; x_wconf 82' lang='lat' dir='ltr'><strong><em>jus</em></strong></span> <span class='ocrx_word' id='word_1_516' title='bbox 1895 4515 2039 4574; x_wconf 90' lang='lat' dir='ltr'><strong><em>dicet</em></strong></span> 
     </span>
    </p>
   </div>
   <div class='ocr_carea' id='block_1_78' title="bbox 455 4593 2039 4673">
    <p class='ocr_par' dir='ltr' id='par_1_78' title="bbox 455 4593 2039 4673">
     <span class='ocr_line' id='line_1_78' title="bbox 455 4593 2039 4673; baseline 0.013 -28"><span class='ocrx_word' id='word_1_517' title='bbox 455 4593 743 4659; x_wconf 82' lang='lat' dir='ltr'><strong><em>audacter,</em></strong></span> <span class='ocrx_word' id='word_1_518' title='bbox 796 4598 906 4652; x_wconf 91' lang='lat' dir='ltr'><strong><em>imo</em></strong></span> <span class='ocrx_word' id='word_1_519' title='bbox 960 4613 1214 4669; x_wconf 88' lang='lat' dir='ltr'><strong><em>suprema</em></strong></span> <span class='ocrx_word' id='word_1_520' title='bbox 1267 4593 1391 4656; x_wconf 86' lang='lat' dir='ltr'><strong><em>cum</em></strong></span> <span class='ocrx_word' id='word_1_521' title='bbox 1440 4611 1733 4673; x_wconf 80' lang='lat' dir='ltr'><strong><em>potestate,</em></strong></span> <span class='ocrx_word' id='word_1_522' title='bbox 1771 4606 2039 4667; x_wconf 83' lang='lat' dir='ltr'><strong><em>adversus</em></strong></span> 
     </span>
    </p>
   </div>
   <div class='ocr_carea' id='block_1_79' title="bbox 2140 3502 3729 3578">
    <p class='ocr_par' dir='ltr' id='par_1_79' title="bbox 2140 3502 3729 3578">
     <span class='ocr_line' id='line_1_79' title="bbox 2140 3502 3729 3578; baseline 0.004 -25"><span class='ocrx_word' id='word_1_523' title='bbox 2140 3502 2377 3575; x_wconf 79' lang='grc' dir='ltr'><em>λειότητι</em></span> <span class='ocrx_word' id='word_1_524' title='bbox 2425 3504 2655 3570; x_wconf 77' lang='grc' dir='ltr'><em>δέδοται,</em></span> <span class='ocrx_word' id='word_1_525' title='bbox 2715 3506 2791 3571; x_wconf 84' lang='grc' dir='ltr'><em>ὡς</em></span> <span class='ocrx_word' id='word_1_526' title='bbox 2857 3508 3178 3563; x_wconf 80' lang='grc' dir='ltr'><em>ὑπεναντίον</em></span> <span class='ocrx_word' id='word_1_527' title='bbox 3212 3511 3327 3572; x_wconf 83' lang='grc' dir='ltr'><em>τοῖς</em></span> <span class='ocrx_word' id='word_1_528' title='bbox 3374 3510 3589 3578; x_wconf 85' lang='grc' dir='ltr'><em>νόμοις,</em></span> <span class='ocrx_word' id='word_1_529' title='bbox 3620 3511 3729 3571; x_wconf 81' lang='grc' dir='ltr'><em>τοῖς</em></span> 
     </span>
    </p>
   </div>
   <div class='ocr_carea' id='block_1_80' title="bbox 2140 3592 3751 3671">
    <p class='ocr_par' dir='ltr' id='par_1_80' title="bbox 2140 3592 3751 3671">
     <span class='ocr_line' id='line_1_80' title="bbox 2140 3592 3751 3671; baseline 0.005 -26"><span class='ocrx_word' id='word_1_530' title='bbox 2140 3592 2527 3667; x_wconf 74' lang='grc' dir='ltr'><em>διοριζομένοις</em></span> <span class='ocrx_word' id='word_1_531' title='bbox 2543 3597 2651 3649; x_wconf 88' lang='grc' dir='ltr'><strong><em>τῶν</em></strong></span> <span class='ocrx_word' id='word_1_532' title='bbox 2679 3598 3025 3668; x_wconf 76' lang='grc' dir='ltr'><em>ὲναγομένων</em></span> <span class='ocrx_word' id='word_1_533' title='bbox 3053 3599 3131 3671; x_wconf 78' lang='grc' dir='ltr'><em>τῷ</em></span> <span class='ocrx_word' id='word_1_534' title='bbox 3154 3600 3304 3671; x_wconf 78' lang='grc' dir='ltr'><em>φόρῳ</em></span> <span class='ocrx_word' id='word_1_535' title='bbox 3336 3599 3464 3662; x_wconf 74' lang='grc' dir='ltr'><em>τοὺς</em></span> <span class='ocrx_word' id='word_1_536' title='bbox 3498 3599 3751 3668; x_wconf 74' lang='grc' dir='ltr'><em>ἐνάγονο-</em></span> 
     </span>
    </p>
   </div>
   <div class='ocr_carea' id='block_1_81' title="bbox 2138 3686 3727 3763">
    <p class='ocr_par' dir='ltr' id='par_1_81' title="bbox 2138 3686 3727 3763">
     <span class='ocr_line' id='line_1_81' title="bbox 2138 3686 3727 3763; baseline 0.005 -26"><span class='ocrx_word' id='word_1_537' title='bbox 2138 3702 2237 3748; x_wconf 84' lang='grc' dir='ltr'><strong><em>τας</em></strong></span> <span class='ocrx_word' id='word_1_538' title='bbox 2252 3686 2504 3744; x_wconf 77' lang='grc' dir='ltr'><em>ἕπεσθαι.</em></span> <span class='ocrx_word' id='word_1_539' title='bbox 2540 3690 2599 3741; x_wconf 85' lang='lat' dir='ltr'><strong><em>El</em></strong></span> <span class='ocrx_word' id='word_1_540' title='bbox 2630 3688 2686 3741; x_wconf 81' lang='grc' dir='ltr'><em>δέ</em></span> <span class='ocrx_word' id='word_1_541' title='bbox 2725 3706 2811 3754; x_wconf 85' lang='grc' dir='ltr'><strong><em>τις</em></strong></span> <span class='ocrx_word' id='word_1_542' title='bbox 2834 3689 2927 3744; x_wconf 80' lang='grc' dir='ltr'><em>τοῦ</em></span> <span class='ocrx_word' id='word_1_543' title='bbox 2949 3691 3385 3761; x_wconf 80' lang='grc' dir='ltr'><em>πρωτεκδικικοῦ</em></span> <span class='ocrx_word' id='word_1_544' title='bbox 3420 3690 3727 3763; x_wconf 79' lang='grc' dir='ltr'><em>θελήματος</em></span> 
     </span>
    </p>
   </div>
   <div class='ocr_carea' id='block_1_82' title="bbox 2140 3778 3819 3853">
    <p class='ocr_par' dir='ltr' id='par_1_82' title="bbox 2140 3778 3819 3853">
     <span class='ocr_line' id='line_1_82' title="bbox 2140 3778 3819 3853; baseline 0.004 -25"><span class='ocrx_word' id='word_1_545' title='bbox 2140 3778 2499 3850; x_wconf 80' lang='grc' dir='ltr'><em>ἀντεχόμενος</em></span> <span class='ocrx_word' id='word_1_546' title='bbox 2524 3779 2892 3850; x_wconf 71' lang='grc' dir='ltr'><em>(εὐλογοῦνται</em></span> <span class='ocrx_word' id='word_1_547' title='bbox 2940 3781 3073 3852; x_wconf 77' lang='grc' dir='ltr'><em>γὰρ,</em></span> <span class='ocrx_word' id='word_1_548' title='bbox 3111 3781 3269 3852; x_wconf 69' lang='grc' dir='ltr'><em>φησι,</em></span> <span class='ocrx_word' id='word_1_549' title='bbox 3297 3782 3394 3835; x_wconf 75' lang='grc' dir='ltr'><em>καὶ</em></span> <span class='ocrx_word' id='word_1_550' title='bbox 3441 3798 3725 3853; x_wconf 73' lang='grc' dir='ltr'><em>κακοπραο</em></span> <span class='ocrx_word' id='word_1_551' title='bbox 3797 3796 3819 3815; x_wconf 84' lang='grc'><strong>·</strong></span> 
     </span>
    </p>
   </div>
   <div class='ocr_carea' id='block_1_83' title="bbox 2142 3869 3726 3946">
    <p class='ocr_par' dir='ltr' id='par_1_83' title="bbox 2142 3869 3726 3946">
     <span class='ocr_line' id='line_1_83' title="bbox 2142 3869 3726 3946; baseline 0.004 -25"><span class='ocrx_word' id='word_1_552' title='bbox 2142 3869 2367 3937; x_wconf 75' lang='grc' dir='ltr'><em>γοῦντες</em></span> <span class='ocrx_word' id='word_1_553' title='bbox 2410 3871 2625 3942; x_wconf 75' lang='grc' dir='ltr'><em>ἐνίοτε),</em></span> <span class='ocrx_word' id='word_1_554' title='bbox 2665 3872 2929 3944; x_wconf 81' lang='grc' dir='ltr'><strong><em>ὑποθήσει</em></strong></span> <span class='ocrx_word' id='word_1_555' title='bbox 2967 3873 3344 3944; x_wconf 76' lang='grc' dir='ltr'><em>κενεμϐατῶν,</em></span> <span class='ocrx_word' id='word_1_556' title='bbox 3371 3876 3442 3927; x_wconf 73' lang='grc' dir='ltr'><em>τὰ</em></span> <span class='ocrx_word' id='word_1_557' title='bbox 3496 3873 3726 3946; x_wconf 75' lang='grc' dir='ltr'><em>ῥηθέντα</em></span> 
     </span>
    </p>
   </div>
   <div class='ocr_carea' id='block_1_84' title="bbox 2143 3961 3726 4036">
    <p class='ocr_par' dir='ltr' id='par_1_84' title="bbox 2143 3961 3726 4036">
     <span class='ocr_line' id='line_1_84' title="bbox 2143 3961 3726 4036; baseline 0.003 -23"><span class='ocrx_word' id='word_1_558' title='bbox 2221 3978 2364 4030; x_wconf 88' lang='grc' dir='ltr'><em>ματα</em></span> <span class='ocrx_word' id='word_1_559' title='bbox 2392 3961 2733 4030; x_wconf 80' lang='grc' dir='ltr'><em>διαλέγεσθαι</em></span> <span class='ocrx_word' id='word_1_560' title='bbox 2748 3980 2814 4015; x_wconf 87' lang='grc' dir='ltr'><strong><em>πε</em></strong></span> <span class='ocrx_word' id='word_1_561' title='bbox 2824 3964 2877 4035; x_wconf 72' lang='lat' dir='ltr'><strong><em>pi.</em></strong></span> <span class='ocrx_word' id='word_1_562' title='bbox 2899 3962 3081 4035; x_wconf 88' lang='grc' dir='ltr'><em>μερῶν</em></span> <span class='ocrx_word' id='word_1_563' title='bbox 3100 3964 3176 4036; x_wconf 85' lang='grc' dir='ltr'><em>μὴ</em></span> <span class='ocrx_word' id='word_1_564' title='bbox 3209 3962 3590 4035; x_wconf 76' lang='grc' dir='ltr'><em>μεριζομένων</em></span> <span class='ocrx_word' id='word_1_565' title='bbox 3611 3963 3726 4017; x_wconf 79' lang='grc' dir='ltr'><em>διαο</em></span> 
     </span>
    </p>
   </div>
   <div class='ocr_carea' id='block_1_85' title="bbox 2151 4054 3727 4127">
    <p class='ocr_par' dir='ltr' id='par_1_85' title="bbox 2151 4054 3727 4127">
     <span class='ocr_line' id='line_1_85' title="bbox 2151 4054 3727 4127; baseline 0 -20"><span class='ocrx_word' id='word_1_566' title='bbox 2151 4056 2338 4125; x_wconf 85' lang='grc' dir='ltr'><em>φόροις</em></span> <span class='ocrx_word' id='word_1_567' title='bbox 2366 4054 2818 4125; x_wconf 72' lang='grc' dir='ltr'><em>ἐπιτηδεύμασιν,</em></span> <span class='ocrx_word' id='word_1_568' title='bbox 2854 4054 3286 4127; x_wconf 82' lang='grc' dir='ltr'><em>ἀλλ’ήνωμένων</em></span> <span class='ocrx_word' id='word_1_569' title='bbox 3306 4057 3406 4125; x_wconf 77' lang='grc' dir='ltr'><em>τῆς</em></span> <span class='ocrx_word' id='word_1_570' title='bbox 3430 4054 3727 4126; x_wconf 80' lang='grc' dir='ltr'><em>ἱερωσύνης</em></span> 
     </span>
    </p>
   </div>
   <div class='ocr_carea' id='block_1_86' title="bbox 2141 4146 3727 4220">
    <p class='ocr_par' dir='ltr' id='par_1_86' title="bbox 2141 4146 3727 4220">
     <span class='ocr_line' id='line_1_86' title="bbox 2141 4146 3727 4220; baseline -0.001 -19"><span class='ocrx_word' id='word_1_571' title='bbox 2141 4147 2218 4218; x_wconf 79' lang='grc' dir='ltr'><em>τῷ</em></span> <span class='ocrx_word' id='word_1_572' title='bbox 2248 4147 2647 4217; x_wconf 82' lang='grc' dir='ltr'><em>ὲπαγγέλματι,</em></span> <span class='ocrx_word' id='word_1_573' title='bbox 2681 4147 2906 4201; x_wconf 84' lang='grc' dir='ltr'><em>ἀκούσει</em></span> <span class='ocrx_word' id='word_1_574' title='bbox 2934 4146 3026 4201; x_wconf 76' lang='grc' dir='ltr'><em>διὰ</em></span> <span class='ocrx_word' id='word_1_575' title='bbox 3078 4147 3271 4201; x_wconf 84' lang='grc' dir='ltr'><em>τούτου</em></span> <span class='ocrx_word' id='word_1_576' title='bbox 3300 4147 3500 4219; x_wconf 79' lang='grc' dir='ltr'><em>σχολὴν</em></span> <span class='ocrx_word' id='word_1_577' title='bbox 3525 4148 3727 4220; x_wconf 69' lang='grc' dir='ltr'><em>τολμηι</em></span> 
     </span>
    </p>
   </div>
   <div class='ocr_carea' id='block_1_87' title="bbox 2144 4237 3727 4311">
    <p class='ocr_par' dir='ltr' id='par_1_87' title="bbox 2144 4237 3727 4311">
     <span class='ocr_line' id='line_1_87' title="bbox 2144 4237 3727 4311; baseline 0 -20"><span class='ocrx_word' id='word_1_578' title='bbox 2144 4237 2245 4310; x_wconf 76' lang='grc' dir='ltr'><em>ρᾶν</em></span> <span class='ocrx_word' id='word_1_579' title='bbox 2280 4237 2757 4310; x_wconf 72' lang='grc' dir='ltr'><em>καταψηφίζεσθαι</em></span> <span class='ocrx_word' id='word_1_580' title='bbox 2793 4239 2887 4292; x_wconf 77' lang='grc' dir='ltr'><em>καὶ</em></span> <span class='ocrx_word' id='word_1_581' title='bbox 2920 4238 3250 4311; x_wconf 78' lang='grc' dir='ltr'><em>παρόρασιν,</em></span> <span class='ocrx_word' id='word_1_582' title='bbox 3315 4240 3391 4309; x_wconf 82' lang='grc' dir='ltr'><em>μὴ</em></span> <span class='ocrx_word' id='word_1_583' title='bbox 3440 4238 3605 4309; x_wconf 83' lang='grc' dir='ltr'><em>μόνον</em></span> <span class='ocrx_word' id='word_1_584' title='bbox 3631 4242 3727 4309; x_wconf 73' lang='grc' dir='ltr'><em>τῆς</em></span> 
     </span>
    </p>
   </div>
   <div class='ocr_carea' id='block_1_88' title="bbox 2141 4307 3726 4401">
    <p class='ocr_par' dir='ltr' id='par_1_88' title="bbox 2141 4307 3726 4401">
     <span class='ocr_line' id='line_1_88' title="bbox 2141 4307 3726 4401; baseline 0.001 -19"><span class='ocrx_word' id='word_1_585' title='bbox 2141 4328 2502 4392; x_wconf 78' lang='grc' dir='ltr'><em>δικαιοδοσίας</em></span> <span class='ocrx_word' id='word_1_586' title='bbox 2530 4327 2626 4381; x_wconf 82' lang='grc' dir='ltr'><strong><em>τοὺ</em></strong></span> <span class='ocrx_word' id='word_1_587' title='bbox 2668 4307 3283 4401; x_wconf 48' lang='grc' dir='ltr'><em>χαρτοφύλακοςίάλλὰ</em></span> <span class='ocrx_word' id='word_1_588' title='bbox 3326 4328 3421 4382; x_wconf 68' lang='grc' dir='ltr'><em>καὶ</em></span> <span class='ocrx_word' id='word_1_589' title='bbox 3471 4330 3565 4382; x_wconf 82' lang='grc' dir='ltr'><em>τοῦ</em></span> <span class='ocrx_word' id='word_1_590' title='bbox 3620 4346 3726 4383; x_wconf 79' lang='grc' dir='ltr'><strong><em>πι-</em></strong></span> 
     </span>
    </p>
   </div>
   <div class='ocr_carea' id='block_1_89' title="bbox 2140 4419 3725 4491">
    <p class='ocr_par' dir='ltr' id='par_1_89' title="bbox 2140 4419 3725 4491">
     <span class='ocr_line' id='line_1_89' title="bbox 2140 4419 3725 4491; baseline -0.001 -18"><span class='ocrx_word' id='word_1_591' title='bbox 2140 4419 2465 4491; x_wconf 82' lang='grc' dir='ltr'><em>τριαρχικοὺ</em></span> <span class='ocrx_word' id='word_1_592' title='bbox 2501 4419 2779 4473; x_wconf 80' lang='grc' dir='ltr'><em>θειοτάτου</em></span> <span class='ocrx_word' id='word_1_593' title='bbox 2817 4420 3082 4491; x_wconf 78' lang='grc' dir='ltr'><em>βήματος.</em></span> <span class='ocrx_word' id='word_1_594' title='bbox 3118 4420 3181 4473; x_wconf 78' lang='grc' dir='ltr'><strong>Εἰ</strong></span> <span class='ocrx_word' id='word_1_595' title='bbox 3206 4421 3314 4491; x_wconf 79' lang='grc' dir='ltr'><em>γὰρ</em></span> <span class='ocrx_word' id='word_1_596' title='bbox 3336 4421 3499 4473; x_wconf 79' lang='grc' dir='ltr'><em>τοῦτο</em></span> <span class='ocrx_word' id='word_1_597' title='bbox 3526 4420 3725 4491; x_wconf 53' lang='lat' dir='ltr'><strong><em>eaeam,</em></strong></span> 
     </span>
    </p>
   </div>
   <div class='ocr_carea' id='block_1_90' title="bbox 2144 4492 3727 4584">
    <p class='ocr_par' dir='ltr' id='par_1_90' title="bbox 2144 4492 3727 4584">
     <span class='ocr_line' id='line_1_90' title="bbox 2144 4492 3727 4584; baseline -0.002 -19"><span class='ocrx_word' id='word_1_598' title='bbox 2144 4511 2543 4582; x_wconf 71' lang='grc' dir='ltr'><em>δικαιοδοτήσει</em></span> <span class='ocrx_word' id='word_1_599' title='bbox 2575 4509 2946 4584; x_wconf 74' lang='grc' dir='ltr'><em>θαρρούντως,</em></span> <span class='ocrx_word' id='word_1_600' title='bbox 2981 4492 3219 4582; x_wconf 79' lang='grc' dir='ltr'><em>μάλιστα</em></span> <span class='ocrx_word' id='word_1_601' title='bbox 3246 4511 3292 4564; x_wconf 91' lang='grc' dir='ltr'><em>δ’</em></span> <span class='ocrx_word' id='word_1_602' title='bbox 3323 4512 3502 4564; x_wconf 78' lang='grc' dir='ltr'><em>εἰπεῖν</em></span> <span class='ocrx_word' id='word_1_603' title='bbox 3534 4510 3727 4564; x_wconf 79' lang='grc' dir='ltr'><em>αὐθεν-</em></span> 
     </span>
    </p>
   </div>
   <div class='ocr_carea' id='block_1_91' title="bbox 2140 4600 3730 4674">
    <p class='ocr_par' dir='ltr' id='par_1_91' title="bbox 2140 4600 3730 4674">
     <span class='ocr_line' id='line_1_91' title="bbox 2140 4600 3730 4674; baseline -0.003 -17"><span class='ocrx_word' id='word_1_604' title='bbox 2140 4604 2308 4667; x_wconf 86' lang='grc' dir='ltr'><em>τικῶς</em></span> <span class='ocrx_word' id='word_1_605' title='bbox 2341 4604 2369 4657; x_wconf 83' lang='grc' dir='ltr'>ὁ</span> <span class='ocrx_word' id='word_1_606' title='bbox 2407 4602 2802 4673; x_wconf 75' lang='grc' dir='ltr'><em>πρωτέκδικος,</em></span> <span class='ocrx_word' id='word_1_607' title='bbox 2850 4603 2989 4657; x_wconf 75' lang='grc' dir='ltr'><em>κατὰ</em></span> <span class='ocrx_word' id='word_1_608' title='bbox 3035 4602 3365 4674; x_wconf 80' lang='grc' dir='ltr'><em>ἀρχιερέων,</em></span> <span class='ocrx_word' id='word_1_609' title='bbox 3420 4602 3517 4655; x_wconf 77' lang='grc' dir='ltr'><em>καὶ</em></span> <span class='ocrx_word' id='word_1_610' title='bbox 3547 4600 3730 4653; x_wconf 79' lang='grc' dir='ltr'><em>διακό-</em></span> 
     </span>
    </p>
   </div>
   <div class='ocr_carea' id='block_1_92' title="bbox 454 4684 2029 4783">
    <p class='ocr_par' dir='ltr' id='par_1_92' title="bbox 454 4684 2029 4769">
     <span class='ocr_line' id='line_1_92' title="bbox 454 4684 2029 4769; baseline 0.011 -33"><span class='ocrx_word' id='word_1_611' title='bbox 454 4684 763 4753; x_wconf 85' lang='lat' dir='ltr'><strong><em>pontiliees,</em></strong></span> <span class='ocrx_word' id='word_1_612' title='bbox 818 4695 871 4743; x_wconf 85' lang='lat' dir='ltr'><strong><em>et</em></strong></span> <span class='ocrx_word' id='word_1_613' title='bbox 934 4690 1219 4759; x_wconf 84' lang='lat' dir='ltr'><strong><em>diaconos,</em></strong></span> <span class='ocrx_word' id='word_1_614' title='bbox 1283 4701 1338 4747; x_wconf 88' lang='lat' dir='ltr'><strong><em>et</em></strong></span> <span class='ocrx_word' id='word_1_615' title='bbox 1396 4694 1641 4765; x_wconf 87' lang='lat' dir='ltr'><strong><em>reliquos</em></strong></span> <span class='ocrx_word' id='word_1_616' title='bbox 1695 4698 2029 4769; x_wconf 82' lang='lat' dir='ltr'><strong><em>sacerdotes,</em></strong></span> 
     </span>
    </p>
   </div>
   <div class='ocr_carea' id='block_1_93' title="bbox 2139 4684 3728 4783">
    <p class='ocr_par' dir='ltr' id='par_1_93' title="bbox 2139 4693 3728 4768">
     <span class='ocr_line' id='line_1_93' title="bbox 2139 4693 3728 4768; baseline -0.002 -21"><span class='ocrx_word' id='word_1_617' title='bbox 2139 4712 2265 4759; x_wconf 91' lang='grc' dir='ltr'><em>νων,</em></span> <span class='ocrx_word' id='word_1_618' title='bbox 2304 4695 2399 4748; x_wconf 75' lang='grc' dir='ltr'><em>καὶ</em></span> <span class='ocrx_word' id='word_1_619' title='bbox 2429 4695 2638 4748; x_wconf 83' lang='grc' dir='ltr'><em>λοιπῶν</em></span> <span class='ocrx_word' id='word_1_620' title='bbox 2658 4694 2767 4748; x_wconf 86' lang='grc' dir='ltr'><strong><em>τῶν</em></strong></span> <span class='ocrx_word' id='word_1_621' title='bbox 2797 4693 2889 4749; x_wconf 76' lang='grc' dir='ltr'><em>τοῦ</em></span> <span class='ocrx_word' id='word_1_622' title='bbox 2914 4695 3181 4768; x_wconf 82' lang='grc' dir='ltr'><em>βήματος,</em></span> <span class='ocrx_word' id='word_1_623' title='bbox 3214 4694 3365 4747; x_wconf 76' lang='grc' dir='ltr'><em>ἔστιν</em></span> <span class='ocrx_word' id='word_1_624' title='bbox 3397 4695 3487 4747; x_wconf 75' lang='grc' dir='ltr'><em>ὅτε</em></span> <span class='ocrx_word' id='word_1_625' title='bbox 3511 4693 3606 4747; x_wconf 76' lang='grc' dir='ltr'><em>καὶ</em></span> <span class='ocrx_word' id='word_1_626' title='bbox 3630 4710 3728 4763; x_wconf 85' lang='grc' dir='ltr'><em>με-</em></span> 
     </span>
    </p>
   </div>
   <div class='ocr_carea' id='block_1_94' title="bbox 455 4775 2036 4862">
    <p class='ocr_par' dir='ltr' id='par_1_94' title="bbox 455 4775 2036 4862">
     <span class='ocr_line' id='line_1_94' title="bbox 455 4775 2036 4862; baseline 0.013 -35"><span class='ocrx_word' id='word_1_627' title='bbox 455 4775 674 4845; x_wconf 85' lang='lat' dir='ltr'><strong><em>magnis</em></strong></span> <span class='ocrx_word' id='word_1_628' title='bbox 725 4791 1118 4851; x_wconf 85' lang='lat' dir='ltr'><strong><em>nonnunquam</em></strong></span> <span class='ocrx_word' id='word_1_629' title='bbox 1173 4784 1535 4855; x_wconf 88' lang='lat' dir='ltr'><strong><em>dignitatibus</em></strong></span> <span class='ocrx_word' id='word_1_630' title='bbox 1599 4788 1866 4859; x_wconf 85' lang='lat' dir='ltr'><strong><em>insignes,</em></strong></span> <span class='ocrx_word' id='word_1_631' title='bbox 1914 4807 2036 4862; x_wconf 72' lang='lat' dir='ltr'><strong><em>qua:</em></strong></span> 
     </span>
    </p>
   </div>
   <div class='ocr_carea' id='block_1_95' title="bbox 456 4866 2035 4949">
    <p class='ocr_par' dir='ltr' id='par_1_95' title="bbox 456 4866 2035 4949">
     <span class='ocr_line' id='line_1_95' title="bbox 456 4866 2035 4949; baseline 0.013 -29"><span class='ocrx_word' id='word_1_632' title='bbox 456 4866 635 4936; x_wconf 84' lang='lat' dir='ltr'><strong><em>ipsius</em></strong></span> <span class='ocrx_word' id='word_1_633' title='bbox 684 4869 849 4926; x_wconf 87' lang='lat' dir='ltr'><strong><em>etiam</em></strong></span> <span class='ocrx_word' id='word_1_634' title='bbox 904 4876 1066 4943; x_wconf 90' lang='lat' dir='ltr'><strong><em>primi</em></strong></span> <span class='ocrx_word' id='word_1_635' title='bbox 1119 4875 1434 4934; x_wconf 78' lang='lat' dir='ltr'><strong><em>defensoris</em></strong></span> <span class='ocrx_word' id='word_1_636' title='bbox 1486 4878 1922 4949; x_wconf 78' lang='lat' dir='ltr'><strong><em>iurisdictionem</em></strong></span> <span class='ocrx_word' id='word_1_637' title='bbox 1968 4900 2035 4940; x_wconf 78' lang='lat' dir='ltr'><strong><em>ex</em></strong></span> 
     </span>
    </p>
   </div>
   <div class='ocr_carea' id='block_1_96' title="bbox 456 4959 2035 5045">
    <p class='ocr_par' dir='ltr' id='par_1_96' title="bbox 456 4959 2035 5045">
     <span class='ocr_line' id='line_1_96' title="bbox 456 4959 2035 5045; baseline 0.011 -30"><span class='ocrx_word' id='word_1_638' title='bbox 456 4959 729 5018; x_wconf 83' lang='lat' dir='ltr'><strong><em>diametro</em></strong></span> <span class='ocrx_word' id='word_1_639' title='bbox 761 4969 1170 5024; x_wconf 80' lang='lat' dir='ltr'><strong><em>transcendant.</em></strong></span> <span class='ocrx_word' id='word_1_640' title='bbox 1218 4969 1361 5037; x_wconf 88' lang='lat' dir='ltr'><strong><em>Quin</em></strong></span> <span class='ocrx_word' id='word_1_641' title='bbox 1406 4980 1463 5027; x_wconf 89' lang='lat' dir='ltr'><strong><em>et</em></strong></span> <span class='ocrx_word' id='word_1_642' title='bbox 1490 4973 1888 5045; x_wconf 83' lang='lat' dir='ltr'><strong><em>‘episcopianos</em></strong></span> <span class='ocrx_word' id='word_1_643' title='bbox 1929 4977 2035 5033; x_wconf 89' lang='lat' dir='ltr'><strong><em>sibi</em></strong></span> 
     </span>
    </p>
   </div>
   <div class='ocr_carea' id='block_1_97' title="bbox 455 5055 2032 5137">
    <p class='ocr_par' dir='ltr' id='par_1_97' title="bbox 455 5055 2032 5137">
     <span class='ocr_line' id='line_1_97' title="bbox 455 5055 2032 5137; baseline 0.011 -29"><span class='ocrx_word' id='word_1_644' title='bbox 455 5055 738 5112; x_wconf 78' lang='lat' dir='ltr'><strong><em>vindicare</em></strong></span> <span class='ocrx_word' id='word_1_645' title='bbox 765 5060 1073 5127; x_wconf 83' lang='lat' dir='ltr'><strong><em>conabitur,</em></strong></span> <span class='ocrx_word' id='word_1_646' title='bbox 1098 5062 1261 5118; x_wconf 76' lang='lat' dir='ltr'><strong><em>veluti</em></strong></span> <span class='ocrx_word' id='word_1_647' title='bbox 1289 5063 1382 5134; x_wconf 88' lang='lat' dir='ltr'><strong><em>qui</em></strong></span> <span class='ocrx_word' id='word_1_648' title='bbox 1409 5065 1647 5137; x_wconf 86' lang='lat' dir='ltr'><strong><em>episcopi</em></strong></span> <span class='ocrx_word' id='word_1_649' title='bbox 1683 5067 2032 5125; x_wconf 87' lang='lat' dir='ltr'><strong><em>ratiocinium</em></strong></span> 
     </span>
    </p>
   </div>
   <div class='ocr_carea' id='block_1_98' title="bbox 456 5146 2036 5225">
    <p class='ocr_par' dir='ltr' id='par_1_98' title="bbox 456 5146 2036 5225">
     <span class='ocr_line' id='line_1_98' title="bbox 456 5146 2036 5225; baseline 0.009 -24"><span class='ocrx_word' id='word_1_650' title='bbox 456 5146 690 5201; x_wconf 84' lang='lat' dir='ltr'><strong><em>sortitus</em></strong></span> <span class='ocrx_word' id='word_1_651' title='bbox 722 5148 814 5203; x_wconf 85' lang='lat' dir='ltr'><strong><em>sit.</em></strong></span> <span class='ocrx_word' id='word_1_652' title='bbox 867 5150 1021 5217; x_wconf 85' lang='lat' dir='ltr'><strong><em>Quod</em></strong></span> <span class='ocrx_word' id='word_1_653' title='bbox 1076 5168 1232 5219; x_wconf 77' lang='lat' dir='ltr'><strong><em>sane,</em></strong></span> <span class='ocrx_word' id='word_1_654' title='bbox 1270 5171 1435 5225; x_wconf 88' lang='lat' dir='ltr'><strong><em>quam</em></strong></span> <span class='ocrx_word' id='word_1_655' title='bbox 1487 5158 1783 5212; x_wconf 87' lang='lat' dir='ltr'><strong><em>absurdum</em></strong></span> <span class='ocrx_word' id='word_1_656' title='bbox 1830 5160 1923 5224; x_wconf 89' lang='lat' dir='ltr'><strong><em>sit,</em></strong></span> <span class='ocrx_word' id='word_1_657' title='bbox 1965 5174 2036 5215; x_wconf 87' lang='lat' dir='ltr'><strong><em>ne</em></strong></span> 
     </span>
    </p>
   </div>
   <div class='ocr_carea' id='block_1_99' title="bbox 455 5235 2031 5319">
    <p class='ocr_par' dir='ltr' id='par_1_99' title="bbox 455 5235 2031 5319">
     <span class='ocr_line' id='line_1_99' title="bbox 455 5235 2031 5319; baseline 0.01 -31"><span class='ocrx_word' id='word_1_658' title='bbox 455 5235 564 5289; x_wconf 82' lang='lat' dir='ltr'><strong><em>diei</em></strong></span> <span class='ocrx_word' id='word_1_659' title='bbox 596 5237 813 5304; x_wconf 88' lang='lat' dir='ltr'><strong><em>quidem</em></strong></span> <span class='ocrx_word' id='word_1_660' title='bbox 857 5250 1119 5299; x_wconf 90' lang='lat' dir='ltr'><strong><em>meretur.</em></strong></span> <span class='ocrx_word' id='word_1_661' title='bbox 1170 5244 1447 5302; x_wconf 72' lang='lat' dir='ltr'><strong><em>Cteterum</em></strong></span> <span class='ocrx_word' id='word_1_662' title='bbox 1488 5247 1637 5319; x_wconf 81' lang='lat' dir='ltr'><strong><em>quod</em></strong></span> <span class='ocrx_word' id='word_1_663' title='bbox 1673 5249 1894 5319; x_wconf 89' lang='lat' dir='ltr'><strong><em>quidam</em></strong></span> <span class='ocrx_word' id='word_1_664' title='bbox 1934 5250 2031 5317; x_wconf 85' lang='lat' dir='ltr'><strong><em>ait,</em></strong></span> 
     </span>
    </p>
   </div>
   <div class='ocr_carea' id='block_1_100' title="bbox 456 5327 2035 5413">
    <p class='ocr_par' dir='ltr' id='par_1_100' title="bbox 456 5327 2035 5413">
     <span class='ocr_line' id='line_1_100' title="bbox 456 5327 2035 5413; baseline 0.009 -32"><span class='ocrx_word' id='word_1_665' title='bbox 456 5339 552 5382; x_wconf 86' lang='lat' dir='ltr'><strong><em>eos</em></strong></span> <span class='ocrx_word' id='word_1_666' title='bbox 582 5327 679 5398; x_wconf 71' lang='lat' dir='ltr'><strong><em>qui</em></strong></span> <span class='ocrx_word' id='word_1_667' title='bbox 714 5342 744 5383; x_wconf 84' lang='lat' dir='ltr'><strong><em>a</em></strong></span> <span class='ocrx_word' id='word_1_668' title='bbox 779 5333 1159 5393; x_wconf 82' lang='lat' dir='ltr'><strong><em>sacerdotibus</em></strong></span> <span class='ocrx_word' id='word_1_669' title='bbox 1191 5337 1335 5409; x_wconf 87' lang='lat' dir='ltr'><strong><em>apud</em></strong></span> <span class='ocrx_word' id='word_1_670' title='bbox 1369 5339 1701 5397; x_wconf 78' lang='lat' dir='ltr'><strong><em>defensores</em></strong></span> <span class='ocrx_word' id='word_1_671' title='bbox 1731 5342 1802 5396; x_wconf 90' lang='lat' dir='ltr'><strong><em>ob</em></strong></span> <span class='ocrx_word' id='word_1_672' title='bbox 1836 5356 2035 5413; x_wconf 84' lang='lat' dir='ltr'><strong><em>quam—</em></strong></span> 
     </span>
    </p>
   </div>
   <div class='ocr_carea' id='block_1_101' title="bbox 457 5426 2036 5501">
    <p class='ocr_par' dir='ltr' id='par_1_101' title="bbox 457 5426 2036 5501">
     <span class='ocr_line' id='line_1_101' title="bbox 457 5426 2036 5501; baseline 0.012 -29"><span class='ocrx_word' id='word_1_673' title='bbox 457 5432 675 5489; x_wconf 84' lang='lat' dir='ltr'><strong><em>cunque</em></strong></span> <span class='ocrx_word' id='word_1_674' title='bbox 697 5432 919 5477; x_wconf 87' lang='lat' dir='ltr'><strong><em>causam</em></strong></span> <span class='ocrx_word' id='word_1_675' title='bbox 953 5426 1034 5480; x_wconf 80' lang='lat' dir='ltr'><strong><em>vel</em></strong></span> <span class='ocrx_word' id='word_1_676' title='bbox 1065 5426 1303 5496; x_wconf 63' lang='lat' dir='ltr'><strong><em>cibilem,</em></strong></span> <span class='ocrx_word' id='word_1_677' title='bbox 1338 5431 1419 5486; x_wconf 84' lang='lat' dir='ltr'><strong><em>vel</em></strong></span> <span class='ocrx_word' id='word_1_678' title='bbox 1458 5432 1824 5500; x_wconf 84' lang='lat' dir='ltr'><strong><em>criminalem,</em></strong></span> <span class='ocrx_word' id='word_1_679' title='bbox 1856 5434 1912 5487; x_wconf 92' lang='lat' dir='ltr'><strong><em>in</em></strong></span> <span class='ocrx_word' id='word_1_680' title='bbox 1944 5432 2036 5501; x_wconf 80' lang='lat' dir='ltr'><strong><em>jus</em></strong></span> 
     </span>
    </p>
   </div>
   <div class='ocr_carea' id='block_1_102' title="bbox 460 5512 2033 5593">
    <p class='ocr_par' dir='ltr' id='par_1_102' title="bbox 460 5512 2033 5593">
     <span class='ocr_line' id='line_1_102' title="bbox 460 5512 2033 5593; baseline 0.009 -26"><span class='ocrx_word' id='word_1_681' title='bbox 460 5512 723 5580; x_wconf 83' lang='lat' dir='ltr'><strong><em>rapiatur,</em></strong></span> <span class='ocrx_word' id='word_1_682' title='bbox 751 5530 850 5586; x_wconf 90' lang='lat' dir='ltr'><strong><em>per</em></strong></span> <span class='ocrx_word' id='word_1_683' title='bbox 880 5524 990 5572; x_wconf 87' lang='lat' dir='ltr'><strong><em>tres</em></strong></span> <span class='ocrx_word' id='word_1_684' title='bbox 1017 5519 1465 5579; x_wconf 76' lang='lat' dir='ltr'><strong><em>denuntiationes</em></strong></span> <span class='ocrx_word' id='word_1_685' title='bbox 1492 5538 1615 5581; x_wconf 89' lang='lat' dir='ltr'><strong><em>esse</em></strong></span> <span class='ocrx_word' id='word_1_686' title='bbox 1647 5524 2033 5593; x_wconf 80' lang='lat' dir='ltr'><strong><em>arcessendos,</em></strong></span> 
     </span>
    </p>
   </div>
   <div class='ocr_carea' id='block_1_103' title="bbox 458 5606 2034 5686">
    <p class='ocr_par' dir='ltr' id='par_1_103' title="bbox 458 5606 2034 5686">
     <span class='ocr_line' id='line_1_103' title="bbox 458 5606 2034 5686; baseline 0.008 -29"><span class='ocrx_word' id='word_1_687' title='bbox 458 5611 515 5658; x_wconf 81' lang='lat' dir='ltr'><strong><em>et</em></strong></span> <span class='ocrx_word' id='word_1_688' title='bbox 558 5606 1010 5665; x_wconf 70' lang='lat' dir='ltr'><strong><em>condemnandos</em></strong></span> <span class='ocrx_word' id='word_1_689' title='bbox 1061 5610 1107 5667; x_wconf 90' lang='lat' dir='ltr'><strong><em>si</em></strong></span> <span class='ocrx_word' id='word_1_690' title='bbox 1160 5626 1269 5669; x_wconf 89' lang='lat' dir='ltr'><strong>non</strong></span> <span class='ocrx_word' id='word_1_691' title='bbox 1351 5622 1711 5686; x_wconf 86' lang='lat' dir='ltr'><strong><em>compareant</em></strong></span> <span class='ocrx_word' id='word_1_692' title='bbox 1758 5614 1839 5684; x_wconf 86' lang='lat' dir='ltr'><strong><em>(id</em></strong></span> <span class='ocrx_word' id='word_1_693' title='bbox 1887 5615 2034 5671; x_wconf 89' lang='lat' dir='ltr'><strong><em>enim</em></strong></span> 
     </span>
    </p>
   </div>
   <div class='ocr_carea' id='block_1_104' title="bbox 461 5697 2038 5778">
    <p class='ocr_par' dir='ltr' id='par_1_104' title="bbox 461 5697 2038 5778">
     <span class='ocr_line' id='line_1_104' title="bbox 461 5697 2038 5778; baseline 0.01 -30"><span class='ocrx_word' id='word_1_694' title='bbox 461 5698 688 5753; x_wconf 86' lang='lat' dir='ltr'><strong><em>omnino</em></strong></span> <span class='ocrx_word' id='word_1_695' title='bbox 720 5697 810 5754; x_wconf 81' lang='lat' dir='ltr'><strong><em>ﬂat</em></strong></span> <span class='ocrx_word' id='word_1_696' title='bbox 848 5714 1070 5759; x_wconf 87' lang='lat' dir='ltr'><strong><em>necesse</em></strong></span> <span class='ocrx_word' id='word_1_697' title='bbox 1113 5715 1198 5761; x_wconf 88' lang='lat' dir='ltr'><strong><em>est</em></strong></span> <span class='ocrx_word' id='word_1_698' title='bbox 1245 5704 1290 5762; x_wconf 85' lang='lat' dir='ltr'><strong><em>si</em></strong></span> <span class='ocrx_word' id='word_1_699' title='bbox 1341 5720 1667 5766; x_wconf 88' lang='lat' dir='ltr'><strong><em>concessum</em></strong></span> <span class='ocrx_word' id='word_1_700' title='bbox 1716 5706 1902 5776; x_wconf 86' lang='lat' dir='ltr'><strong><em>fuerit,</em></strong></span> <span class='ocrx_word' id='word_1_701' title='bbox 1941 5722 2038 5778; x_wconf 88' lang='lat' dir='ltr'><strong><em>per</em></strong></span> 
     </span>
    </p>
   </div>
   <div class='ocr_carea' id='block_1_105' title="bbox 2139 4786 3728 4859">
    <p class='ocr_par' dir='ltr' id='par_1_105' title="bbox 2139 4786 3728 4859">
     <span class='ocr_line' id='line_1_105' title="bbox 2139 4786 3728 4859; baseline -0.001 -19"><span class='ocrx_word' id='word_1_702' title='bbox 2139 4787 2284 4855; x_wconf 82' lang='grc' dir='ltr'><em>γάλα</em></span> <span class='ocrx_word' id='word_1_703' title='bbox 2312 4787 2726 4859; x_wconf 71' lang='grc' dir='ltr'><em>διαπρεπόντων</em></span> <span class='ocrx_word' id='word_1_704' title='bbox 2766 4786 3017 4858; x_wconf 79' lang='grc' dir='ltr'><em>ὀφφικια,</em></span> <span class='ocrx_word' id='word_1_705' title='bbox 3078 4787 3175 4841; x_wconf 75' lang='grc' dir='ltr'><em>καὶ</em></span> <span class='ocrx_word' id='word_1_706' title='bbox 3212 4787 3313 4858; x_wconf 77' lang='grc' dir='ltr'><em>τὴν</em></span> <span class='ocrx_word' id='word_1_707' title='bbox 3369 4787 3728 4858; x_wconf 67' lang='grc' dir='ltr'><em>πρωτεκδικι-</em></span> 
     </span>
    </p>
   </div>
   <div class='ocr_carea' id='block_1_106' title="bbox 2142 4878 3722 4951">
    <p class='ocr_par' dir='ltr' id='par_1_106' title="bbox 2142 4878 3722 4951">
     <span class='ocr_line' id='line_1_106' title="bbox 2142 4878 3722 4951; baseline 0 -18"><span class='ocrx_word' id='word_1_708' title='bbox 2142 4879 2249 4951; x_wconf 79' lang='grc' dir='ltr'><em>κὴν</em></span> <span class='ocrx_word' id='word_1_709' title='bbox 2303 4878 2723 4950; x_wconf 75' lang='grc' dir='ltr'><em>ῑουρισδικτίονα</em></span> <span class='ocrx_word' id='word_1_710' title='bbox 2784 4879 2925 4933; x_wconf 75' lang='grc' dir='ltr'><em>κατὰ</em></span> <span class='ocrx_word' id='word_1_711' title='bbox 2976 4880 3268 4949; x_wconf 76' lang='grc' dir='ltr'><em>διάμετρον</em></span> <span class='ocrx_word' id='word_1_712' title='bbox 3326 4879 3722 4949; x_wconf 74' lang='grc' dir='ltr'><em>ὑπερπαίοντα.</em></span> 
     </span>
    </p>
   </div>
   <div class='ocr_carea' id='block_1_107' title="bbox 2142 4970 3720 5041">
    <p class='ocr_par' dir='ltr' id='par_1_107' title="bbox 2142 4970 3720 5041">
     <span class='ocr_line' id='line_1_107' title="bbox 2142 4970 3720 5041; baseline -0.003 -17"><span class='ocrx_word' id='word_1_713' title='bbox 2142 4971 2377 5041; x_wconf 76' lang='grc' dir='ltr'><em>Ζητήσει</em></span> <span class='ocrx_word' id='word_1_714' title='bbox 2404 4970 2459 5024; x_wconf 80' lang='grc' dir='ltr'><em>δὲ</em></span> <span class='ocrx_word' id='word_1_715' title='bbox 2486 4972 2578 5025; x_wconf 66' lang='grc' dir='ltr'><em>καὶ</em></span> <span class='ocrx_word' id='word_1_716' title='bbox 2612 4973 2739 5035; x_wconf 79' lang='grc' dir='ltr'><em>τοὺς</em></span> <span class='ocrx_word' id='word_1_717' title='bbox 2765 4972 3226 5034; x_wconf 81' lang='grc' dir='ltr'><em>ἐπισκοπειανοὺς</em></span> <span class='ocrx_word' id='word_1_718' title='bbox 3277 4970 3720 5041; x_wconf 75' lang='grc' dir='ltr'><em>σφετερίσασθαι,</em></span> 
     </span>
    </p>
   </div>
   <div class='ocr_carea' id='block_1_108' title="bbox 2138 5061 3723 5135">
    <p class='ocr_par' dir='ltr' id='par_1_108' title="bbox 2138 5061 3723 5135">
     <span class='ocr_line' id='line_1_108' title="bbox 2138 5061 3723 5135; baseline -0.002 -18"><span class='ocrx_word' id='word_1_719' title='bbox 2138 5061 2213 5126; x_wconf 85' lang='grc' dir='ltr'><em>ὡς</em></span> <span class='ocrx_word' id='word_1_720' title='bbox 2237 5063 2538 5117; x_wconf 79' lang='grc' dir='ltr'><em>ἐπισκόπου</em></span> <span class='ocrx_word' id='word_1_721' title='bbox 2572 5063 2997 5135; x_wconf 80' lang='grc' dir='ltr'><em>κληρωσάμενος</em></span> <span class='ocrx_word' id='word_1_722' title='bbox 3048 5062 3386 5131; x_wconf 82' lang='grc' dir='ltr'><em>λογοθέσιον.</em></span> <span class='ocrx_word' id='word_1_723' title='bbox 3417 5061 3601 5134; x_wconf 79' lang='grc' dir='ltr'><em>Ὅπερ</em></span> <span class='ocrx_word' id='word_1_724' title='bbox 3652 5063 3723 5125; x_wconf 84' lang='grc' dir='ltr'><em>ὡς</em></span> 
     </span>
    </p>
   </div>
   <div class='ocr_carea' id='block_1_109' title="bbox 2140 5152 3720 5223">
    <p class='ocr_par' dir='ltr' id='par_1_109' title="bbox 2140 5152 3720 5223">
     <span class='ocr_line' id='line_1_109' title="bbox 2140 5152 3720 5223; baseline -0.001 -15"><span class='ocrx_word' id='word_1_725' title='bbox 2140 5152 2364 5219; x_wconf 74' lang='grc' dir='ltr'><em>ἄτοπον,</em></span> <span class='ocrx_word' id='word_1_726' title='bbox 2428 5154 2547 5209; x_wconf 70' lang='grc' dir='ltr'><em>οὑδὲ</em></span> <span class='ocrx_word' id='word_1_727' title='bbox 2595 5154 2849 5223; x_wconf 76' lang='grc' dir='ltr'><em>λέγεσθαι</em></span> <span class='ocrx_word' id='word_1_728' title='bbox 2903 5154 3075 5222; x_wconf 78' lang='grc' dir='ltr'><em>ἄξιον.</em></span> <span class='ocrx_word' id='word_1_729' title='bbox 3134 5154 3209 5207; x_wconf 81' lang='grc' dir='ltr'>Τὸ</span> <span class='ocrx_word' id='word_1_730' title='bbox 3262 5155 3320 5208; x_wconf 81' lang='grc' dir='ltr'><em>δὲ</em></span> <span class='ocrx_word' id='word_1_731' title='bbox 3347 5155 3535 5222; x_wconf 78' lang='grc' dir='ltr'><em>λέγειν</em></span> <span class='ocrx_word' id='word_1_732' title='bbox 3578 5156 3720 5215; x_wconf 67' lang='grc' dir='ltr'><em>τινὰ,</em></span> 
     </span>
    </p>
   </div>
   <div class='ocr_carea' id='block_1_110' title="bbox 2137 5244 3721 5318">
    <p class='ocr_par' dir='ltr' id='par_1_110' title="bbox 2137 5244 3721 5318">
     <span class='ocr_line' id='line_1_110' title="bbox 2137 5244 3721 5318; baseline -0.001 -19"><span class='ocrx_word' id='word_1_733' title='bbox 2137 5249 2264 5311; x_wconf 71' lang='grc' dir='ltr'><em>τοὺς</em></span> <span class='ocrx_word' id='word_1_734' title='bbox 2306 5247 2632 5318; x_wconf 79' lang='grc' dir='ltr'><em>ἑλκομένους</em></span> <span class='ocrx_word' id='word_1_735' title='bbox 2676 5247 2827 5317; x_wconf 71' lang='grc' dir='ltr'><em>παρὰ</em></span> <span class='ocrx_word' id='word_1_736' title='bbox 2850 5249 2960 5311; x_wconf 80' lang='grc' dir='ltr'><em>τοῖς</em></span> <span class='ocrx_word' id='word_1_737' title='bbox 3001 5244 3367 5310; x_wconf 77' lang='grc' dir='ltr'><em>ἐκδίκοιςύπό</em></span> <span class='ocrx_word' id='word_1_738' title='bbox 3399 5264 3568 5300; x_wconf 86' lang='grc' dir='ltr'><em>τινων</em></span> <span class='ocrx_word' id='word_1_739' title='bbox 3617 5246 3721 5299; x_wconf 84' lang='grc' dir='ltr'><strong><em>τῶν</em></strong></span> 
     </span>
    </p>
   </div>
   <div class='ocr_carea' id='block_1_111' title="bbox 2140 5336 3722 5410">
    <p class='ocr_par' dir='ltr' id='par_1_111' title="bbox 2140 5336 3722 5410">
     <span class='ocr_line' id='line_1_111' title="bbox 2140 5336 3722 5410; baseline -0.001 -19"><span class='ocrx_word' id='word_1_740' title='bbox 2140 5337 2237 5391; x_wconf 81' lang='grc' dir='ltr'><em>τοῦ</em></span> <span class='ocrx_word' id='word_1_741' title='bbox 2284 5338 2530 5409; x_wconf 81' lang='grc' dir='ltr'><em>βήματος</em></span> <span class='ocrx_word' id='word_1_742' title='bbox 2597 5339 2724 5409; x_wconf 79' lang='grc' dir='ltr'><em>περὶ</em></span> <span class='ocrx_word' id='word_1_743' title='bbox 2800 5338 3153 5410; x_wconf 77' lang='grc' dir='ltr'><em>χρηματικῆς</em></span> <span class='ocrx_word' id='word_1_744' title='bbox 3217 5336 3250 5408; x_wconf 82' lang='grc' dir='ltr'>ἢ</span> <span class='ocrx_word' id='word_1_745' title='bbox 3306 5336 3722 5407; x_wconf 79' lang='grc' dir='ltr'><em>ὲγκληματικῆς</em></span> 
     </span>
    </p>
   </div>
   <div class='ocr_carea' id='block_1_112' title="bbox 2139 5428 3721 5505">
    <p class='ocr_par' dir='ltr' id='par_1_112' title="bbox 2139 5428 3721 5505">
     <span class='ocr_line' id='line_1_112' title="bbox 2139 5428 3721 5505; baseline -0.003 -19"><span class='ocrx_word' id='word_1_746' title='bbox 2139 5432 2475 5505; x_wconf 79' lang='grc' dir='ltr'><em>οἱασδήτινος</em></span> <span class='ocrx_word' id='word_1_747' title='bbox 2505 5429 2835 5495; x_wconf 84' lang='grc' dir='ltr'><em>ὑποθέσεως,</em></span> <span class='ocrx_word' id='word_1_748' title='bbox 2861 5429 3099 5501; x_wconf 78' lang='grc' dir='ltr'><em>ὀφείλειν</em></span> <span class='ocrx_word' id='word_1_749' title='bbox 3150 5429 3579 5500; x_wconf 82' lang='grc' dir='ltr'><em>μετακαλεϊσθαι</em></span> <span class='ocrx_word' id='word_1_750' title='bbox 3636 5428 3721 5481; x_wconf 75' lang='grc' dir='ltr'><em>διὰ</em></span> 
     </span>
    </p>
   </div>
   <div class='ocr_carea' id='block_1_113' title="bbox 2144 5519 3721 5594">
    <p class='ocr_par' dir='ltr' id='par_1_113' title="bbox 2144 5519 3721 5594">
     <span class='ocr_line' id='line_1_113' title="bbox 2144 5519 3721 5594; baseline -0.003 -18"><span class='ocrx_word' id='word_1_751' title='bbox 2144 5522 2479 5594; x_wconf 76' lang='grc' dir='ltr'><em>μηνυμάτων</em></span> <span class='ocrx_word' id='word_1_752' title='bbox 2508 5520 2696 5591; x_wconf 85' lang='grc' dir='ltr'><em>τριῶν,</em></span> <span class='ocrx_word' id='word_1_753' title='bbox 2720 5520 2815 5573; x_wconf 78' lang='grc' dir='ltr'><em>καὶ</em></span> <span class='ocrx_word' id='word_1_754' title='bbox 2851 5519 3312 5586; x_wconf 73' lang='grc' dir='ltr'><em>καταδικάζεσθαι</em></span> <span class='ocrx_word' id='word_1_755' title='bbox 3370 5520 3448 5591; x_wconf 83' lang='grc' dir='ltr'><em>μὴ</em></span> <span class='ocrx_word' id='word_1_756' title='bbox 3483 5519 3721 5573; x_wconf 65' lang='grc' dir='ltr'><em>ὑπεῖκον.</em></span> 
     </span>
    </p>
   </div>
   <div class='ocr_carea' id='block_1_114' title="bbox 2144 5610 3719 5685">
    <p class='ocr_par' dir='ltr' id='par_1_114' title="bbox 2144 5610 3719 5685">
     <span class='ocr_line' id='line_1_114' title="bbox 2144 5610 3719 5685; baseline -0.003 -17"><span class='ocrx_word' id='word_1_757' title='bbox 2144 5633 2244 5679; x_wconf 84' lang='grc' dir='ltr'><strong><em>τας</em></strong></span> <span class='ocrx_word' id='word_1_758' title='bbox 2277 5613 2441 5682; x_wconf 82' lang='grc' dir='ltr'><em>(οὑτω</em></span> <span class='ocrx_word' id='word_1_759' title='bbox 2472 5612 2580 5684; x_wconf 82' lang='grc' dir='ltr'><em>γὰρ</em></span> <span class='ocrx_word' id='word_1_760' title='bbox 2608 5614 2823 5685; x_wconf 76' lang='grc' dir='ltr'><em>ἀνάγκη</em></span> <span class='ocrx_word' id='word_1_761' title='bbox 2851 5613 2999 5667; x_wconf 83' lang='grc' dir='ltr'><em>πᾶσα</em></span> <span class='ocrx_word' id='word_1_762' title='bbox 3044 5613 3332 5684; x_wconf 81' lang='grc' dir='ltr'><em>πρόκειται</em></span> <span class='ocrx_word' id='word_1_763' title='bbox 3363 5611 3633 5682; x_wconf 83' lang='grc' dir='ltr'><em>γίνεσθαι,</em></span> <span class='ocrx_word' id='word_1_764' title='bbox 3670 5610 3719 5664; x_wconf 81' lang='lat' dir='ltr'><strong><em>sl</em></strong></span> 
     </span>
    </p>
   </div>
   <div class='ocr_carea' id='block_1_115' title="bbox 2140 5704 3719 5781">
    <p class='ocr_par' dir='ltr' id='par_1_115' title="bbox 2140 5704 3719 5781">
     <span class='ocr_line' id='line_1_115' title="bbox 2140 5704 3719 5781; baseline -0.003 -19"><span class='ocrx_word' id='word_1_765' title='bbox 2140 5707 2320 5780; x_wconf 77' lang='grc' dir='ltr'><em>δοθείη</em></span> <span class='ocrx_word' id='word_1_766' title='bbox 2351 5708 2438 5764; x_wconf 79' lang='grc' dir='ltr'><em>διὰ</em></span> <span class='ocrx_word' id='word_1_767' title='bbox 2464 5707 2573 5763; x_wconf 87' lang='grc' dir='ltr'><strong><em>τῶν</em></strong></span> <span class='ocrx_word' id='word_1_768' title='bbox 2595 5706 2871 5781; x_wconf 79' lang='grc' dir='ltr'><em>ῥηθέντων</em></span> <span class='ocrx_word' id='word_1_769' title='bbox 2921 5706 3188 5780; x_wconf 79' lang='grc' dir='ltr'><em>ῥημάτων</em></span> <span class='ocrx_word' id='word_1_770' title='bbox 3233 5706 3332 5761; x_wconf 78' lang='grc' dir='ltr'><em>τοῦ</em></span> <span class='ocrx_word' id='word_1_771' title='bbox 3364 5704 3719 5779; x_wconf 76' lang='grc' dir='ltr'><em>πρωτεκδικι·</em></span> 
     </span>
    </p>
   </div>
   <div class='ocr_carea' id='block_1_116' title="bbox 1769 5816 2446 5913">
    <p class='ocr_par' dir='ltr' id='par_1_116' title="bbox 1769 5816 2446 5913">
     <span class='ocr_line' id='line_1_116' title="bbox 1769 5816 2446 5913; baseline 0.001 -6"><span class='ocrx_word' id='word_1_772' title='bbox 1769 5850 2006 5907; x_wconf 63' lang='lat' dir='ltr'><strong><em>vnmm</em></strong></span> <span class='ocrx_word' id='word_1_773' title='bbox 2044 5816 2446 5913; x_wconf 62' lang='lat' dir='ltr'><strong><em>sessiones.</em></strong></span> 
     </span>
    </p>
   </div>
   <div class='ocr_carea' id='block_1_117' title="bbox 536 5913 1017 5987">
    <p class='ocr_par' dir='ltr' id='par_1_117' title="bbox 536 5913 1017 5987">
     <span class='ocr_line' id='line_1_117' title="bbox 536 5913 1017 5987; baseline 0.012 -20"><span class='ocrx_word' id='word_1_774' title='bbox 536 5913 581 5944; x_wconf 87' lang='grc'>⁹⁶</span> <span class='ocrx_word' id='word_1_775' title='bbox 606 5919 1017 5987; x_wconf 73' lang='grc' dir='ltr'><em>προταλεῖσθαι.</em></span> 
     </span>
    </p>
   </div>
  </div>
