3948 6576
218 402 358 470 1185

1501 403 2185 471 ΟΒᾹΞΟΟ-ΒΟΜΑΝΗΜ
2195 450 2208 464 .

3343 399 3483 466 1186

212 521 316 576 κοῦ
359 518 572 590 βιϐλίου
602 518 790 574 λαϐεῖν
845 519 936 574 τὸν
965 520 1341 592 πρωτέκδικον
1409 523 1618 590 ἄδειαν,
1672 524 1804 594 περὶ

1921 523 2151 579 ιη’ἀίουια
2201 521 2366 577 verba
2415 519 2540 576 libri
2590 519 2678 576 de
2707 517 2884 575 oﬂicio
2937 520 3098 589 primi
3149 520 3484 590 defensoris,

211 614 399 684 πάσης
427 613 740 676 ὑποθέσεως
763 613 1006 678 δικάζειν
1029 614 1314 680 διακόνους
1345 617 1441 670 καὶ
1477 618 1644 687 ἱερεῖς
1665 616 1805 688 μετά

214 707 326 761 τῶν
356 705 780 761 ἀντιθετούντων
807 705 1037 778 αὐτοῖς),
1069 709 1188 772 πῶς
1211 709 1312 762 οὐκ
1342 708 1460 763 ἐστι
1484 711 1585 779 τῆς
1615 726 1803 780 πρωτ-

213 799 503 871 εκδικικῆς
531 798 723 868 σοφίας
755 797 1014 866 ἀνάξιον;
1048 800 1222 854 Βαϐαὶ⁹
1245 801 1375 872 γὰρ,
1408 801 1554 855 πόσα
1610 800 1802 853 τούτου

213 891 467 953 δοθέντος
504 889 826 943 ἀθετοῦνται
861 890 1115 944 θειότατα
1159 891 1402 962 νόμιμαῐ
1458 891 1602 944 πόσα
1648 889 1804 959 βασις

213 982 355 1035 λέων
413 980 711 1054 όρθοδόξων
783 980 1252 1052 θεσπιωδήματαί
1334 983 1477 1036 πόσα
1543 981 1805 1052 Πατέρων

214 1076 383 1130 θείων
445 1075 696 1144 δόγματα
743 1075 837 1128 καὶ
872 1075 1217 1146 διδάγματα,
1269 1076 1398 1139 τοὺς
1444 1076 1806 1148 ἐναγομένους

216 1166 856 1234 παντοίωςλσυνάγοντα,
885 1166 1027 1238 [καὶ]
1073 1167 1142 1220 δι’
1177 1168 1624 1238 ἐπιφωνημάτων
1649 1185 1808 1238 τρια-

215 1259 584 1328 κονθημέρων
610 1258 1144 1328 μετακαλουμὲνους,
1201 1260 1296 1312 καὶ
1340 1259 1560 1322 διπλαῖς
1609 1259 1808 1330 ἐκκλὴο

218 1368 340 1412 τοις
367 1351 466 1419 τὴν
501 1350 708 1404 τούτων
744 1351 1042 1422 καταδίκην
1092 1351 1524 1423 μετεωρίζονταί
1583 1352 1809 1415 Πάντως

221 1440 416 1505 πολλὰ,
459 1441 555 1494 καὶ
614 1439 792 1493 πάντα
845 1439 1031 1510 σχεδὸν
1099 1439 1335 1511 ἀριθμὸν
1382 1440 1804 1510 ὑπερϐαίνοντα.

219 1533 526 1600 Συνάγεται
555 1531 734 1585 τοίνυν
774 1530 1170 1603 ἁπροσπαθῶς,
1200 1533 1296 1585 καὶ
1351 1532 1452 1603 τὴν
1485 1533 1550 1586 ἐκ
1603 1533 1808 1586 τούτων

216 1623 330 1676 τῶν
364 1623 624 1694 ῥημάτων
659 1623 1099 1694 άναφαινομένην
1127 1624 1288 1694 δῆθεν
1308 1623 1582 1691 ἀσάφειαν
1601 1639 1810 1694 συναρ-

224 1714 578 1786 μολογείσθαι
619 1715 804 1777 καλῶς
863 1717 928 1784 τῇ
962 1715 1092 1785 περὶ
1141 1713 1469 1785 ἐλευθεριῶν
1507 1714 1669 1785 λοιπῇ
1713 1713 1808 1766 τοῦ

223 1806 436 1878 βιϐλίου
467 1811 654 1877 γραφῇ
685 1822 696 1836 ·
735 1807 985 1870 καὶτοὺς
1017 1806 1173 1878 παρὰ
1198 1806 1594 1878 πρεσϐυτέρων
1629 1807 1661 1877 ἢ
1691 1807 1811 1860 δια-

221 1899 402 1953 κόνων
434 1897 759 1968 ἑλκομένους
783 1897 934 1968 παρά
961 1899 1075 1961 τοῖς
1106 1898 1555 1962 θεοσεϐεστάτοις
1573 1898 1814 1962 ἐκδίκοις
1843 1878 1888 1933 Β

223 1988 390 2059 χάριν
408 1988 934 2058 ἐλευθεροϐοούντων
971 1989 1005 2060 ἢ
1061 1985 1596 2062 δουλαγωγουμένων
1625 1989 1810 2055 τινῶν,

232 2081 334 2134 καὶ
369 2081 511 2151 μετὰ
538 2083 687 2152 τρεῖς
719 2080 1002 2145 διαλαλιὰς
1045 2081 1122 2153 μὴ
1178 2082 1546 2153 πειθομένους
1614 2081 1810 2147 ἐλθεῖν,

229 2174 554 2244 μονομερῶς
589 2175 1041 2245 κατακρίνεσθαι,
1080 2174 1168 2228 διὰ
1212 2176 1282 2229 τά
1323 2176 1532 2247 νόμιμα
1563 2174 1681 2228 θεῖα
1730 2174 1816 2227 θε-

227 2266 539 2336 σπίσματα,
573 2266 642 2320 τὰ
694 2267 793 2337 τὴν
842 2266 1159 2338 ἐλευθερίαν
1209 2268 1349 2338 ὑπὲρ
1403 2267 1582 2321 πάντα
1630 2266 1815 2337 σχεδὸν

225 2359 666 2428 περιθάλποντα,
734 2360 832 2414 καὶ
891 2359 950 2424 ἐξ
1002 2360 1263 2412 ἐπιπέδου
1317 2359 1664 2428 διοριζόμενα
1717 2358 1816 2428 τὴν

227 2450 438 2521 ταύτης
468 2451 698 2522 ζήτησιν
740 2451 1008 2521 γίνεσθαι,
1048 2453 1143 2504 καὶ
1200 2451 1276 2521 μὴ
1318 2451 1647 2521 ὠφελεῖσθαι
1687 2453 1814 2514 τοὺς

226 2542 374 2596 οὕτω
399 2542 497 2613 τὴν
529 2543 830 2614 καταδίκην
861 2543 985 2596 καθ’
1018 2542 1229 2596 ἑαυτῶν
1287 2543 1698 2613 σχεδιάσαντας,
1749 2544 1816 2596 ἐκ

227 2634 326 2688 τοῦ
351 2629 490 2689 εἶναι
517 2625 624 2689 τοῦ
646 2635 888 2706 βήματος
921 2636 1022 2705 τῆς
1060 2634 1376 2704 ἐλευθερίας
1433 2636 1560 2699 τοὺς
1594 2635 1815 2707 ἀντιλή-

234 2741 468 2797 πτορας.
509 2727 668 2781 Οὕτω
701 2726 758 2780 δὲ
783 2726 992 2780 τούτων
1032 2727 1290 2797 ἐχόντων,
1333 2727 1559 2791 δικαίως
1581 2729 1816 2797 ἐπιτρα-

231 2818 472 2887 πήσεται
497 2821 526 2872 ὁ
567 2819 963 2890 πρωτέκδικος,
1016 2819 1125 2871 τῶν
1159 2821 1257 2889 μέν
1313 2820 1474 2889 χάριν
1501 2819 1816 2891 ἐλευθερίας

230 2910 335 2977 τὴν
367 2909 839 2980 ὲκκλησιαστικὴν
871 2909 1182 2980 ζητούντων
1219 2910 1490 2980 βοήθειαν,
1552 2912 1691 2981 μετὰ
1740 2913 1818 2965 δι-

239 3003 552 3064 καιοδοσίας
586 3002 1088 3072 ἀντιλαμϐάνεσθαι
1118 3020 1131 3034 ο
1167 3002 1278 3054 τῶν
1306 3003 1363 3055 δὲ
1400 3004 1604 3058 λοιπῶν
1647 3021 1815 3074 προσ·

233 3092 428 3162 φύγων
478 3093 902 3157 ἀντιποιεῖσθαι,
952 3092 1140 3162 ὥσπερ
1164 3094 1259 3148 καὶ
1288 3094 1423 3146 ὅπου
1458 3094 1772 3164 νενόμισται
1798 3108 1813 3123 ⁸

1907 624 2232 687 potestatem
2267 614 2531 685 consequi
2583 615 2824 684 primum
2874 612 3217 670 defensorem
3241 655 3256 680 ,
3291 617 3488 688 quavis

1907 709 1966 764 in
2013 721 2179 764 causa
2222 705 2512 777 jttdicandi
2565 705 2934 760 diaconos'et
2975 705 3309 771 sacerdotes,
3358 722 3486 761 cum

1908 815 2100 857 eorum
2137 798 2519 869 adversariis),
2561 797 2616 852 id
2655 813 2784 854 vero
2819 813 2927 868 quo
2960 805 3123 867 pacto
3157 798 3487 867 sapientiam

1906 893 2072 963 primi
2121 890 2440 947 defensoris
2483 906 2589 946 non
2642 891 2928 962 indignum
2973 892 3099 946 est?
3137 890 3320 958 Babae,
3355 900 3490 961 quot

1909 985 2002 1040 illo
2044 998 2318 1040 concesso
2358 983 2744 1038 sacratissima:
2787 983 2934 1054 leges
2977 983 3301 1038 abolentur!
3359 993 3494 1054 quot

1909 1076 2342 1131 orthodoxorum
2379 1074 2686 1144 principum
2717 1076 3066 1130 sanctiones!
3102 1082 3238 1144 quot
3273 1083 3495 1130 sancto-

1909 1181 2030 1221 rum
2085 1165 2311 1221 Patrum
2373 1165 2596 1220 decreta
2655 1167 2870 1234 pariter,
2902 1159 2955 1219 et
3009 1165 3319 1220 doctrinae?
3371 1181 3493 1236 qua!

1909 1245 2082 1314 variis
2124 1259 2300 1313 modis
2346 1259 2456 1313 reis
2492 1258 2698 1322 favent,
2730 1258 2858 1312 dum
2899 1273 3000 1315 eos
3044 1273 3144 1326 per
3175 1259 3353 1312 edicta
3390 1259 3492 1310 tri-

1911 1353 2057 1424 ginta
2107 1353 2316 1408 dierum
2348 1363 2658 1419 arcessunt,
2696 1361 2751 1408 et
2779 1353 2995 1409 duabus
3036 1352 3495 1421 appellationibus

1911 1445 2424 1501 condemnationem
2465 1460 2654 1500 eorum
2685 1445 3078 1515 suspendunt?
3104 1444 3304 1509 Multze,
3350 1445 3495 1498 haud

1913 1537 2100 1602 dubie,
2133 1545 2296 1606 atque
2329 1550 2547 1590 omnem
2581 1551 2870 1590 numerum
2919 1537 3266 1592 excedentes.
3310 1537 3497 1606 Itaque

1913 1631 2069 1684 nullo
2103 1631 2506 1684 interveniente
2536 1629 2706 1683 animi
2743 1628 2941 1683 aﬂectu
2982 1629 3283 1699 colligitur,
3313 1645 3494 1684 emer-

1915 1731 2130 1791 gentem
2185 1735 2250 1774 ex
2300 1720 2453 1775 hisce
2494 1719 2674 1774 verbis
2717 1719 3110 1773 obscuritatem
3158 1721 3494 1790 ambiguam,

1915 1821 2063 1866 recte
2097 1811 2381 1866 conciliari
2416 1826 2513 1880 per
2547 1811 2622 1875 id,
2656 1809 2804 1880 quod
2844 1811 2898 1864 in
2933 1810 3126 1865 eodem
3170 1810 3310 1866 libro
3343 1811 3500 1866 dein-

1915 1913 2045 1974 ceps
2078 1904 2446 1972 perscriptum
2490 1911 2577 1958 est
2617 1902 2686 1958 de
2720 1901 3065 1957 libertatibus
3091 1902 3350 1956 nimirum
3379 1916 3495 1967 eos,

1914 1997 2010 2065 qui
2043 2009 2074 2048 a
2105 1995 2443 2065 presbyteris
2477 1995 2564 2049 vel
2597 1995 2846 2049 diaconis
2886 2005 3246 2050 arcessantur
3274 1997 3340 2049 ad
3372 1996 3498 2050 reli-

1916 2086 2274 2158 giosissimos
2304 2085 2633 2141 defensores
2667 2087 2886 2141 illorum
2921 2102 3111 2152 causa,
3141 2089 3235 2157 qui
3278 2089 3499 2158 procla-

1915 2187 2069 2232 mant
2100 2179 2166 2233 ad
2201 2178 2532 2243 libertatem,
2568 2177 2653 2232 vel
2689 2178 2745 2231 in
2775 2179 3092 2234 servitutem
3128 2180 3496 2250 abripiuntur.

1916 2272 1964 2324 si
1995 2279 2119 2339 post
2155 2271 2331 2324 edicta
2372 2270 2477 2323 tria
2521 2277 2776 2325 recusent
2815 2285 3164 2340 comparere,
3219 2288 3324 2326 una
3353 2271 3498 2325 dun-

1917 2367 2069 2416 taxat
2114 2370 2267 2430 parte
2306 2369 2578 2431 praesente
2621 2361 3008 2426 condemnari,
3049 2371 3271 2432 propter
3311 2377 3500 2418 sacras

1911 2451 2056 2522 juris
2089 2453 2428 2515 sanctiones,
2469 2468 2593 2523 quae
2636 2453 2944 2509 libertatem
2989 2469 3159 2524 prope
3202 2470 3367 2524 supra
3413 2469 3501 2509 res

1918 2558 2111 2600 omnes
2137 2543 2344 2609 fovent,
2374 2557 2428 2601 et
2457 2547 2658 2616 inquiri
2681 2546 2751 2602 de
2793 2548 2895 2602 hac
2927 2548 3144 2616 jubent,
3172 2563 3238 2602 ex
3269 2547 3501 2616 simplici

1917 2644 1970 2692 et
1995 2637 2195 2706 plano;
2225 2652 2330 2691 nec
2359 2638 2436 2692 ita
2462 2636 2859 2694 condemnatos
2885 2638 3184 2708 quidquam
3209 2653 3276 2692 ex
3297 2653 3362 2692 eo
3377 2638 3503 2692 sub.

1921 2727 2047 2782 sidii
2072 2744 2266 2796 capere
2311 2728 2526 2792 volunt,
2564 2731 2710 2798 quod
2736 2730 3004 2784 libertatis
3049 2738 3504 2800 propugnatores,

1919 2821 2062 2875 sacri
2105 2821 2221 2874 sint
2274 2821 2486 2876 ordinis
2545 2823 2820 2878 homines.
2891 2821 3022 2886 Qua:
3073 2836 3198 2875 cum
3258 2823 3333 2873 ita
3370 2820 3501 2883 sint,

1921 2911 2067 2966 haud
2103 2913 2202 2967 abs
2239 2927 2296 2965 re
2335 2912 2513 2980 primo
2551 2913 2822 2967 defensori
2885 2913 3215 2981 permissum
3265 2911 3395 2977 erit,
3450 2922 3509 2964 ut

1919 3004 1990 3060 iis
2055 3004 2298 3073 quidem,
2355 3005 2450 3073 qui
2535 3020 2693 3074 opem
2744 3004 3174 3060 ecclesiasticam
3240 3004 3508 3058 libertatis

1885 3141 1890 3146 .
1919 3112 2091 3152 causa
2127 3097 2446 3165 implorant,
2478 3111 2574 3164 per
2604 3096 3048 3164 jurisdietionem
3104 3111 3260 3150 suam
3311 3096 3509 3150 subve-

236 3185 335 3238 καὶ
367 3185 724 3237 συνίστασθαι
767 3185 966 3255 μᾶλλον
997 3184 1233 3247 τούτοις,
1261 3189 1355 3236 καὶ
1411 3185 1650 3237 ἐκδικεῖν
1706 3185 1817 3238 ἀπὸ

1926 3189 2079 3244 niat:
2122 3196 2177 3241 at
2229 3188 2571 3256 reliquorum
2623 3188 2691 3241 ad
2742 3187 3017 3242 Ecelesias
3071 3186 3507 3257 confugientium

235 3274 350 3329 τῶν
383 3274 797 3345 ἐπηρεαζόντων
828 3275 1048 3339 αὐτοὺς,
1073 3275 1256 3339 καθώς
1289 3293 1392 3328 που
1418 3278 1512 3329 καὶ
1536 3276 1820 3347 κέκληται.

238 3365 398 3419 Οὕτω
424 3366 534 3437 γὰρ
564 3366 756 3431 ποιῶν,
787 3367 884 3419 καὶ⁸
914 3366 1156 3435 φυλάξας
1203 3367 1364 3430 ὁσίως
1401 3368 1470 3420 τὰ
1500 3369 1644 3434 ὅσια,
1675 3367 1823 3421 δεόν-

235 3475 349 3522 τως
369 3459 756 3530 ὁσιωθήσεται.
782 3461 891 3513 Καὶ
921 3460 1094 3514 ταῦτα
1123 3460 1223 3529 μὲν
1275 3460 1641 3531 ἀποχρώντως
1663 3461 1825 3531 ἐγρά-

240 3567 426 3621 φησαν
459 3553 540 3615 είς
597 3551 878 3622 ἐκτροπὴν
924 3551 1036 3604 τῶν
1095 3552 1247 3623 παρὰ
1297 3552 1394 3605 τοῦ
1448 3553 1824 3624 πρωτεκδίκου

239 3643 676 3713 προτιθεμένων,
721 3645 818 3696 καὶ
879 3644 1336 3714 παρασπωμένων
1393 3643 1464 3697 τά
1515 3645 1668 3714 παρὰ
1731 3644 1824 3698 τοῦ

238 3736 667 3807 χαρτοφύλακος
698 3737 1008 3807 ἀμέμπτως
1043 3736 1319 3807 νεμόμενα
1357 3736 1559 3790 δίκαια.
1609 3738 1828 3807 Ῥητέον

238 3828 298 3882 δὲ
322 3832 418 3882 καὶ
440 3829 510 3883 τὰ
537 3831 877 3884 συνιστῶντα
935 3829 1028 3882 τὸν
1057 3829 1470 3900 χαρτοφύλακα.
1495 3831 1722 3883 Είπάτω
1770 3830 1828 3882 δὲ
1870 3862 1877 3868 -

241 3924 451 3998 μᾶλλον
475 3926 647 3979 ταῦτα
668 3927 768 3996 τῆς
798 3924 1055 3994 ἀληθείας
1085 3927 1144 3978 τὸ
1166 3926 1362 3996 στόμα,
1386 3923 1601 3994 καὶτῆς
1626 3923 1829 3978 δίκαιος

239 4019 414 4089 σύνης
443 4021 473 4072 ὁ
521 4019 693 4089 ἥλιος.
735 4021 869 4073 Οὐδὲ
903 4021 1014 4088 γάρ
1068 4019 1284 4073 οἴκοθεν
1316 4020 1566 4088 είπωμεν
1619 4015 1828 4088 ἐπιμύ-

242 4110 384 4175 θιον,
412 4112 556 4164 κατὰ
575 4114 702 4176 τοὺς
730 4111 1101 4182 κνηθομὲνους
1125 4111 1225 4175 τὰς
1247 4111 1443 4177 ἀκοάς,
1472 4109 1553 4180 τῷ
1576 4109 1720 4180 λόγῳ
1734 4110 1828 4162 τοῦ

241 4202 623 4274 διαφέροντος,
645 4205 738 4257 καὶ
776 4205 902 4267 τοὺς
931 4205 1027 4258 ἐπὶ
1055 4203 1248 4262 ὕδατος
1273 4204 1582 4272 ἀντιλογίας
1603 4203 1830 4272 δοκιμάο

195 4344 198 4350 .
245 4296 448 4360 ζοντας
501 4297 570 4349 τὰ
624 4296 902 4367 ἀμφίϐολα
935 4313 949 4327 ο
993 4296 1326 4350 ἀλλ’ἐκείνα
1367 4294 1598 4366 διπλόης
1648 4297 1832 4366 πάσης

243 4387 412 4450 ἐκτὸς
453 4389 832 4458 σχεδιάσομεν,
868 4389 969 4441 ὅσα
1017 4390 1182 4458 πεῖρα
1233 4387 1445 4458 μακρὰ,
1493 4387 1589 4440 καὶ
1640 4387 1832 4460 χρόνος

243 4480 446 4546 πολὺς,
478 4482 576 4535 καὶ
607 4471 771 4534 θείων
795 4481 1032 4550 Γραφιῖιν
1057 4481 1366 4548 ἀνάγνωσις
1391 4481 1536 4551 ἡμᾶς
1591 4479 1832 4534 ἀνεδίδα-

1925 3294 2149 3335 causam
2194 3286 2433 3342 tueatur,
2470 3278 2933 3349 quemadmodum
2968 3289 3022 3334 et
3057 3280 3146 3333 ubi
3183 3279 3395 3348 legibus
3427 3286 3512 3332 est

1926 3372 2208 3432 deﬁnitum
2249 3387 2264 3424 :
2314 3371 2558 3440 adeoque
2590 3371 2897 3441 potiushis
2951 3371 3192 3435 assistat,
3226 3381 3279 3425 et
3321 3370 3510 3425 defen-

1927 3467 2022 3521 dat
2091 3479 2188 3522 eos
2262 3465 2332 3520 ab
2415 3463 2782 3519 inferentibus
2858 3464 3143 3532 injuriam.
3196 3464 3360 3518 sicuti
3413 3479 3514 3518 no-

1927 3559 2094 3614 minis
2158 3558 2331 3627 ipsius
2382 3557 2522 3612 ratio
2577 3556 2835 3626 postulat.
2896 3555 3032 3610 Nam
3066 3557 3139 3610 ita
3167 3557 3212 3612 si
3246 3571 3306 3612 se
3337 3565 3514 3627 geret,

1929 3666 1993 3706 ac
2023 3657 2214 3707 sancte
2256 3660 2446 3706 sancta
2489 3650 2835 3715 servaverit,
2891 3650 3034 3704 haud
3077 3650 3246 3704 dubie
3288 3665 3516 3706 venera-

1929 3742 2133 3797 tionem
2167 3740 2485 3795 merebitur.
2519 3740 2580 3794 Et
2613 3740 2728 3794 haec
2751 3738 2971 3808 quidem
3004 3742 3210 3809 scripta
3241 3738 3516 3793 suﬂiciant

1929 3833 1998 3886 ad
2031 3846 2096 3885 ea
2135 3829 2478 3892 divertenda,
2523 3845 2645 3898 quae
2687 3829 2946 3898 ιρι-ἰηιο
2987 3829 3279 3883 defensore
3321 3829 3510 3895 profe-

1930 3931 2148 3986 runtur,
2197 3935 2261 3975 ac
2301 3920 2426 3988 jura
2473 3918 2808 3984 convellunt,
2852 3918 2906 3971 in
2957 3932 3191 3986 quorum
3239 3916 3516 3986 ineuipata

1932 4013 2287 4083 possessione
2325 4010 2696 4065 ebartularius
2738 4019 2841 4064 est.
2887 4008 3049 4062 Nunc
3083 4009 3154 4066 de
3189 4009 3256 4066 iis
3295 4024 3517 4078 quoque

1933 4103 2252 4169 dicendum,
2278 4117 2403 4173 quae
2444 4116 2547 4172 pro
2577 4100 2916 4156 chartulario
2951 4098 3186 4154 faciunt.
3236 4100 3332 4154 Vel
3366 4099 3518 4152 dicat

1887 4239 1894 4242 -
1932 4212 1996 4254 ea
2042 4198 2224 4266 potius
2265 4196 2445 4265 ipsum
2475 4193 2725 4248 veritatis
2759 4209 2842 4256 os,
2883 4203 2942 4248 et
2983 4193 3068 4247 sol
3106 4191 3356 4261 justitia.
3397 4188 3516 4245 Non

1883 4305 1891 4314 '
1932 4293 2174 4349 enim‘ex
2211 4289 2367 4345 nobis
2407 4287 2662 4343 fabulam.
2692 4287 3012 4350 aﬂ‘eremus,
3046 4287 3226 4341 instar
3251 4269 3510 4347 illorum,

1889 4421 1892 4426 -
1933 4385 2132 4458 quibus
2163 4397 2325 4438 aures
2368 4379 2723 4452 pruriuntad
2769 4377 3076 4433 orationem
3121 4377 3188 4432 de
3251 4391 3318 4430 eo
3369 4376 3516 4445 quod

1936 4477 2071 4549 ipsis
2111 4473 2359 4546 expedit;
2395 4481 2450 4528 et
2482 4485 2672 4528 eorum
2709 4485 2888 4534 more,
2923 4470 3016 4539 qui
3049 4469 3117 4524 ad
3147 4483 3342 4538 aquam
3381 4483 3520 4522 eon-

246 4573 374 4639 ξαν.
414 4575 673 4646 Ἀρκτέον
696 4570 811 4644 οὖν,
833 4573 957 4628 ὅθεν
989 4574 1255 4645 ἄρχεσθαι
1289 4575 1513 4644 ἄμεινον
1534 4589 1547 4604 ο
1588 4573 1684 4627 καὶ
1730 4591 1820 4627 που

1929 4564 2626 4623 "tradictionisexaminant
2656 4576 2747 4617 res
2780 4568 3166 4616 controversas
3200 4573 3216 4612 :
3248 4557 3343 4612 sed
3379 4559 3518 4612 citra

187 4689 200 4718 .-
250 4664 477 4736 ρευτέον
513 4666 579 4718 ἐκ
613 4665 899 4736 δυνάμεως
929 4665 1093 4719 πάλιν
1125 4667 1204 4729 είς
1228 4664 1478 4734 δύναμιν.

1946 4663 2132 4718 fucum
2184 4671 2402 4712 omnem
2447 4669 2510 4710 ea
2565 4653 2892 4723 simpliciter
2941 4665 3314 4722 proponemus
3341 4688 3356 4713 ,
3399 4661 3521 4719 qua:

189 4805 198 4812 .
246 4757 552 4817 diuturnus
601 4776 756 4827 usus,
795 4769 850 4815 et
884 4759 1033 4830 longi
1080 4757 1349 4829 temporis
1391 4758 1736 4820 exercitatio,
1766 4763 1819 4813 ct
1860 4767 2144 4814 sacrarum
2173 4750 2506 4805 Litterarum
2540 4748 2706 4801 lectio
2742 4760 2844 4800 nos
2888 4747 3222 4799 docuerunt.
3254 4741 3521 4813 Incipien-

247 4857 387 4911 dum
429 4853 620 4922 igitur,
662 4851 808 4906 unde
848 4858 1076 4920 praestat
1121 4849 1335 4903 initium
1379 4848 1496 4904 fieri
1541 4865 1554 4901 :
1598 4857 1653 4904 et
1687 4864 1718 4903 a
1751 4848 2015 4903 facultate
2045 4843 2310 4912 majorem
2342 4841 2410 4895 ad
2439 4840 2754 4894 facultatem
2788 4834 3271 4906 progrediendum.

325 4944 557 5014 Κεφαλὴ
590 4944 686 5013 τῆς
730 4941 1041 5011 ἁγιωτάτης
1088 4939 1184 4992 τοῦ
1206 4938 1340 4992 Θεοῦ
1368 4939 1610 5010 μεγάλης
1634 4939 1837 5009 ἐκκλη-
1907 4955 1909 4958 ‘

251 5037 383 5098 σίας
419 5035 560 5101 ἐστὶ,
605 5035 745 5105 μετά
787 5032 888 5104 τὴν
911 5031 1136 5104 πρώτην
1183 5033 1442 5103 ἄναρχον,
1493 5032 1592 5084 καὶ
1645 5031 1836 5096 ἀΐδιον,

249 5132 354 5183 καὶ
383 5125 826 5198 ἀπειροδύναμον
857 5123 1126 5195 κεφαλὴν,
1176 5123 1268 5176 τὸν
1300 5121 1508 5192 Κύριον
1562 5121 1658 5175 καὶ
1704 5121 1838 5175 Θεὸν

249 5219 418 5292 ἡμῶν
460 5215 672 5288 Ἰησοῦν
730 5216 988 5286 Χριστὸν,
1016 5216 1044 5268 ὁ
1077 5212 1449 5283 πνευματικὸς
1485 5213 1717 5282 νυμφίος
1743 5212 1838 5265 αὑ-

178 5340 190 5351 -
250 5311 358 5381 τῆς
415 5310 446 5361 ό
492 5308 640 5362 κατὰ
689 5308 918 5378 καιροὺς
966 5306 1267 5377 ἀγιώτατος
1303 5305 1686 5374 οἰκουμενικὸς
1739 5319 1838 5357 πα-

189 5442 200 5450 .
250 5398 692 5473 τριάρχης.Τῶν
708 5397 840 5468 γοῦν
887 5396 1365 5468 ἐκκλησιαστικῶν
1425 5393 1653 5448 δικαίων
1700 5393 1839 5448 διαι-
1885 5437 1890 5444 .

184 5523 192 5528 -
258 5494 549 5568 ρουμένων
583 5493 731 5562 διχῆ,
754 5491 835 5556 είς
865 5507 924 5544 τε
961 5491 1032 5543 τὰ
1064 5489 1394 5558 διαφέροντα
1439 5489 1507 5558 τῇ
1541 5485 1840 5556 Ἐκκλησία
1882 5527 1884 5532 .

219 5586 592 5652 -πολυειδῶς,
634 5585 732 5638 καὶ
762 5585 839 5647 είς
888 5583 958 5636 τά
1026 5581 1104 5652 τῷ
1161 5579 1478 5652 πατριάρχῃ
1524 5595 1839 5650 προσκυρω-

187 5707 196 5712 -
258 5682 427 5738 θέντα
473 5678 794 5742 κανονικῶς,
853 5677 1043 5747 ἐδέησε
1095 5677 1207 5738 τοῖς
1258 5675 1324 5727 τὰ
1346 5673 1446 5742 τῆς
1511 5671 1840 5741 Ἐκκλησίας

255 5775 653 5845 ὁροθετήσασιν
685 5772 986 5844 ὀρθοδόξοις
1035 5771 1196 5841 ἡμῶν
1227 5766 1682 5839 αὐτοκράτορσιν,
1740 5781 1838 5817 κα-

256 5869 559 5940 ταμερίσαι
590 5867 761 5921 ταῦτα
791 5867 926 5935 πρὸς
960 5864 1119 5920 πέντε
1169 5862 1446 5933 σεκρέτων
1489 5859 1662 5926 εὐαγῆ
1690 5858 1841 5922 ὶογο-

2015 4937 2191 5005 Caput
2223 4930 2589 4988 sanctissimae
2617 4928 2714 4983 Dei
2749 4926 2975 4996 majoris
3008 4925 3292 4991 Ecclesiae,
3326 4941 3522 4982 secun-

1943 5030 2076 5086 dum
2097 5033 2264 5094 caput
2293 5023 2428 5077 illud
2459 5021 2696 5090 primum
2723 5019 2887 5074 initio
2915 5033 3116 5074 carens
3152 5027 3206 5074 et
3231 5028 3518 5081 aeternum,

1943 5129 1996 5174 et
2030 5115 2256 5172 infinita:
2295 5112 2574 5182 potentiae,
2625 5107 2914 5164 Dominum
2946 5108 3230 5179 Deumque
3268 5117 3520 5166 nostrum

1943 5211 2128 5266 Iesum
2162 5207 2462 5268 Christum,
2500 5210 2584 5257 est
2631 5201 2935 5272 spiritualis
2977 5202 3066 5258 ille
3100 5216 3341 5271 sponsus
3377 5201 3519 5270 ejus,

1943 5299 2329 5357 sanctissimus
2387 5295 2658 5364 cujusque
2719 5295 2980 5364 temporis
3040 5293 3368 5349 universalis
3428 5309 3516 5363 pa-

1947 5391 2213 5446 triarcha.
2247 5386 2384 5442 Cum
2439 5393 2624 5440 autem
2673 5385 3049 5442 ecclesiastica
3093 5385 3221 5456 jura
3268 5383 3520 5438 bifariam

1946 5482 2285 5542 dividantur,
2335 5478 2611 5542 videlicet,
2647 5478 2701 5532 in
2747 5493 2831 5543 ea,
2867 5492 2989 5545 quae
3031 5475 3200 5531 variis
3239 5476 3418 5532 modis
3455 5479 3521 5531 ad

1888 5583 1890 5586 '
1947 5575 2123 5644 ipsam
2153 5571 2454 5653 Ecclesium
2489 5569 2765 5640 pertinent
2792 5586 2808 5634 ;
2839 5577 2894 5623 et
2931 5569 2987 5622 in
3030 5581 3116 5632 ea,
3146 5583 3268 5637 quin
3297 5582 3396 5637 per
3426 5582 3523 5622 ea-

1948 5683 2122 5726 nones
2156 5663 2760 5736 peculiariteraddicta
2796 5669 2927 5717 sunt
2960 5661 3331 5730 patriarchae:
3361 5675 3526 5730 opor-

1948 5761 2053 5816 tuit
2110 5761 2339 5816 omnino
2394 5757 2671 5828 principes
2742 5762 2967 5809 nostros
3021 5754 3381 5817 ortlmdoxos,
3430 5755 3527 5823 qui

1949 5856 2116 5910 rebus
2139 5851 2406 5907 Ecclesitc
2431 5858 2636 5904 certam
2668 5848 2838 5916 legem
2867 5847 3154 5914 dederunt,
3180 5848 3292 5902 haec
3318 5846 3531 5916 dispen-
