3990 6566
499 409 630 475 1187

1793 391 1825 454 J
1834 390 1930 454 US
1969 387 2416 452 CANONICUM

3620 379 3762 445 1188

496 521 587 574 tiri
640 519 695 573 in
753 513 996 586 quinque
1047 513 1392 566 secretorum
1444 502 1698 574 religiosa
1745 497 2073 563 ratiocinia;

2206 496 2336 549 νέαισι
2368 512 2380 526 ·
2409 493 2502 548 καὶ
2538 488 2820 545 ἀναθεῐναι
2863 489 2962 560 τὴν
2993 487 3197 542 τούτων
3253 486 3529 558 διοίκησιν
3576 488 3764 544 διακο-

499 624 666 681 atque
729 607 925 662 horum
984 597 1522 658 administrationem
1577 592 1742 649 certis
1799 589 2074 645 ministris

495 701 864 757 committere.
905 693 1041 749 Nam
1091 691 1318 746 minime
1358 684 1717 743 conveniebat
1765 681 1941 753 ipsum
1983 692 2077 747 pa-

498 791 819 853 triarcham,
881 794 993 842 tam
1055 784 1344 855 insigniter
1400 781 1457 836 in
1515 777 1775 832 omnibus
1833 771 2074 844 speciem

497 884 686 955 sponsi
719 896 829 951 pra:
857 894 918 935 so
949 877 1240 941 ferentem,
1263 871 1521 943 occupari
1556 865 1842 924 tractando
1872 872 2074 925 rastro,

499 973 905 1043 mani-ipiisque
942 968 1230 1025 satiandis.
1261 964 1393 1020 inde
1426 963 1592 1034 igitur
1618 962 1672 1016 in
1715 959 1864 1014 hunc
1904 968 2079 1024 usque

495 1065 664 1127 diem,
694 1077 723 1116 a
751 1061 995 1131 quinque
1024 1057 1348 1129 praesidibus
1370 1068 1508 1126 quos
1533 1051 1908 1121 magistratus.
1938 1046 2079 1100 Exo-

495 1153 793 1211 catacmlos
837 1150 1092 1212 dicimus,
1141 1158 1399 1216 tanquam
1451 1159 1480 1197 a
1527 1142 1774 1213 quinque
1821 1137 2079 1194 sensibus

496 1247 612 1302 haec
637 1243 1135 1301 administrantur:
1173 1239 1434 1293 nimirum
1467 1251 1496 1288 a
1546 1249 1744 1303 magno
1769 1242 2078 1294 oeconomo,

494 1356 527 1391 ιι
577 1350 776 1403 magno
839 1331 1168 1392 sacellario,
1230 1344 1260 1382 a
1319 1342 1519 1396 magno
1581 1320 1992 1392 scevophylace,
2048 1332 2080 1372 a

499 1427 859 1489 chartulario,
911 1433 966 1478 et
1003 1438 1067 1477 ea
1112 1419 1346 1492 praeside
1388 1416 1619 1472 sacellii.
1664 1412 1894 1484 Magnus
1931 1423 2081 1464 (eco-

500 1535 699 1574 nowus
747 1517 1078 1588 praediorum
1117 1509 1620 1568 ecclesiasticarum
1660 1518 1848 1558 curam
1892 1499 2030 1570 gerit
2064 1516 2079 1580 ι

500 1627 732 1683 magnus
793 1581 1116 1665 sacellarius
1174 1612 1286 1657 tam
1342 1601 1573 1664 urbana,
1628 1611 1792 1668 quam
1853 1593 2084 1648 ulterius

509 1706 615 1759 sita
658 1701 993 1758 monasteria
1027 1706 1186 1752 curat
1207 1697 1351 1766 (Cum
1387 1693 1540 1747 urbis
1575 1688 1938 1760 imperatricis
1991 1685 2087 1740 de-

499 1797 642 1850 cima
686 1793 847 1848 tertia
874 1792 1046 1860 regio,
1069 1789 1139 1844 sit
1169 1788 1291 1856 ejus
1321 1786 1470 1856 regio
1493 1782 1784 1851 extrema),
1812 1780 1880 1836 de
1911 1778 2086 1835 Sacris

2176 587 2386 657 νηταῖς.
2426 582 2560 639 Οὐδὲ
2592 582 2700 654 γάρ
2724 581 2833 635 ῑδει
2855 580 2946 636 τὸν
2975 579 3150 644 οὕτως
3185 579 3476 650 ἀγακλεῶς
3518 581 3578 634 ὲν
3624 582 3764 634 πᾶσι

2176 675 2739 745 νυμφοστολούμενον,
2773 673 2905 744 περ)⁵
2940 673 3229 744 σκαπάνην
3264 671 3627 744 ἀσχολεῖσθαι
3667 672 3766 727 ut

2175 764 2376 820 δούλων
2402 765 2782 836 χορτάσματα.
2818 765 3046 818 Ἒκτοτε
3075 764 3206 832 γοῦν
3234 763 3328 816 καὶ
3361 762 3528 834 μέχρι
3550 762 3648 816 τοῦ
3669 762 3766 818 νῦν

2178 856 2330 927 παρά
2364 857 2524 909 πέντε
2556 853 3021 926 προκαθημένων,
3055 854 3165 907 τῶν
3187 853 3645 918 ὲξωκατακοίλων
3673 855 3768 923 ἀρ·

2177 945 2382 1015 χόντων
2417 944 2584 1014 φημὶ,
2608 943 2685 1007 ὡς
2717 943 2822 996 ὑπὸ
2844 943 3009 996 πέντε
3067 943 3377 1013 αἰσθήσεων
3415 942 3584 995 ταυτὶ
3629 942 3768 1009 διεξ-

2181 1038 2408 1107 άγονται
2435 1055 2450 1068 ο
2483 1038 2652 1108 ἤγουν
2676 1036 2773 1090 τοῦ
2797 1036 3038 1107 μεγάλου
3061 1028 3370 1104 οἰκονόμου,
3393 1032 3493 1088 τοῦ
3526 1033 3764 1104 μεγάλου

2183 1129 2559 1201 σακελλαρῑου,
2591 1127 2682 1182 τοῦ
2713 1127 2950 1197 μεγάλου
2981 1125 3410 1194 σκευοφύλακος,
3433 1125 3534 1178 τοῦ
3567 1141 3765 1194 καρτο-

2184 1225 2445 1291 φύλακος,
2481 1222 2581 1275 καὶ
2601 1219 2696 1274 τοῦ
2725 1218 3036 1274 σακελλίου.
3075 1219 3186 1273 Καὶ
3247 1217 3363 1288 ἔχει
3397 1217 3509 1270 τῶν
3564 1218 3764 1287 ἐκκλη-

2186 1314 2479 1368 σιαστικῶν
2519 1314 2826 1385 κτημάτων
2851 1312 2950 1382 τὴν
2977 1313 3262 1380 πρόνοιαν,
3301 1313 3328 1363 ὁ
3387 1309 3571 1380 μέγας
3624 1313 3766 1362 olito-

2184 1409 2348 1478 νόμος
2376 1425 2390 1440 ·
2423 1407 2534 1460 τῶν
2555 1406 2697 1460 κατά
2723 1405 2899 1468 πόλιν,
2942 1403 3041 1458 καὶ
3075 1403 3183 1456 τῶν
3226 1402 3546 1474 περατικῶν
3600 1419 3764 1472 μονα-

2188 1498 2427 1567 στηρίων
2448 1498 2548 1566 τὴν
2583 1497 2857 1567 μέριμναν
2891 1493 3366 1564 (τρισκαιδέκατος
3407 1493 3523 1564 γάρ
3565 1491 3768 1561 ρεγιὼν

2186 1591 2284 1660 τῆς
2339 1589 2732 1661 βασιλευούσης
2768 1588 2877 1641 τῶν
2935 1588 3182 1651 πόλεων,
3223 1589 3257 1656 η
3302 1586 3510 1652 περαία
3569 1584 3768 1655 ταύτης

2188 1683 2388 1753 ἐστὶν),
2419 1683 2450 1735 6
2484 1683 2658 1752 μέγας
2689 1681 3048 1752 σακιλλάριος
3080 1695 3095 1710 ’
3127 1680 3236 1738 τῶν
3271 1679 3434 1751 ἱερῶν
3466 1677 3768 1750 κειμηλίων

2188 1775 2285 1848 τὴν
2311 1775 2650 1844 ἐπιμέλειαν,
2679 1776 2708 1828 6
2743 1775 2919 1842 μέγας
2967 1771 3309 1841 σκευοφύλαξ
3330 1788 3346 1803 ο
3376 1773 3475 1826 καὶ
3497 1772 3612 1824 τῶν
3639 1769 3768 1824 καθ-

499 1889 736 1945 cimcliis
764 1886 1036 1942 sollicitus
1062 1892 1146 1940 est
1175 1896 1406 1951 magnus
1441 1879 1531 1934 ille
1562 1892 1818 1931 vasorum
1854 1885 2046 1930 custos
2070 1889 2085 1927 :

2206 1843 2387 1923 »λικῶν
2414 1843 2420 1844 ί
2444 1866 2770 1938 ἐκκλησιῶν,
2833 1867 2970 1935 πρὸς
3003 1865 3061 1919 δὲ
3114 1866 3210 1918 καὶ
3241 1865 3350 1918 τῶν
3380 1862 3770 1934 ἑμφυτεύσεων

501 1981 860 2038 ecclesiarum
936 1979 990 2033 in
1047 1991 1268 2047 genere,
1331 1980 1496 2043 atque.
1547 1973 1710 2025 etiam
1765 1967 2091 2038 emphyleu-

503 2075 648 2130 siutn
726 2070 1174 2134 administratio,
1249 2083 1420 2140 penes
1498 2063 1706 2121 sacellii
1769 2061 2088 2133 prml’ecmm

500 2176 608 2226 est.

570 2262 954 2320 Chartularius
979 2266 1161 2314 autem
1196 2272 1293 2328 pro
1315 2273 1412 2312 sua
1437 2263 1590 2326 parte
1619 2253 1770 2310 solus
1793 2266 1857 2306 ea
1883 2249 2092 2320 dirigit,

502 2374 626 2425 qua:
656 2358 780 2428 jure
821 2355 1176 2427 pontilicatus
1205 2351 1271 2406 ad
1301 2350 1667 2422 patriarcham
1705 2345 2002 2417 pertinent.
2030 2344 2096 2397 Et

501 2464 614 2523 quo
660 2447 882 2520 quidem
932 2456 1091 2518 pacto
1137 2454 1460 2500 ceterorum
1515 2453 1752 2512 quatuor
1798 2436 2092 2509 prasidum

504 2542 884 2599 institutiones
936 2554 1032 2594 seu
1079 2537 1376 2592 electiones
1412 2534 1525 2590 lteri
1573 2527 1769 2588 debere
1819 2529 2093 2586 sancitum

503 2631 598 2692 sit.
629 2641 682 2685 et
711 2638 846 2702 quot
869 2645 994 2684 nam
1024 2629 1252 2699 quilibet
1281 2627 1474 2681 horum
1494 2623 1861 2679 chartularios
1893 2618 2098 2674 laboris

502 2733 796 2777 consortes
849 2719 1070 2780 habeat,
1103 2723 1302 2786 quotve
1335 2730 1436 2770 suo
1466 2715 1520 2768 in
1547 2719 1760 2768 secreto
1787 2709 2094 2770 ministros,

505 2812 743 2867 alienum
795 2813 898 2866 hoc
951 2810 1074 2866 loco
1123 2808 1287 2864 fuerit
1327 2807 1531 2862 dicere.
1583 2802 1700 2858 Non
1728 2801 1874 2856 enim
1913 2798 2098 2855 dehis

507 2901 659 2974 loqui
713 2917 860 2956 nunc
897 2900 1264 2956 instituimus.
1309 2895 1463 2952 Unde
1496 2910 1648 2958 vero,
1692 2904 1745 2948 et
1771 2891 2009 2962 qualiter
2043 2890 2098 2945 id

506 2993 882 3050 venerationis
915 2992 968 3047 in
1007 2991 1188 3062 signis
1233 2985 1649 3058 chartOphylaci
1697 2984 1996 3048 tribuatur,
2040 2991 2101 3038 ut

506 3103 574 3143 os
605 3098 660 3143 et
697 3101 894 3141 manus
925 3084 1250 3156 patriarcha
1278 3087 1651 3150 nuncupetur,
1685 3075 2102 3148 inquirendum.

510 3179 578 3235 Et
600 3181 729 3249 quia
776 3179 1025 3233 nonnulli
1059 3191 1259 3231 nomen
1287 3171 1731 3242 chartophylacis
1765 3185 1830 3222 ex
1862 3183 1928 3223 eo
1957 3168 2105 3224 deri-

511 3280 666 3337 vant,
695 3270 840 3340 quod
873 3266 1225 3323 membranas
1250 3264 1364 3320 sive
1389 3261 1611 3316 codices
1625 3256 1901 3314 custodiat
1931 3274 1945 3310 :
1977 3263 2104 3310 ante

511 3364 700 3420 omnia
733 3360 1058 3423 tollendum,
1108 3355 1255 3428 quod
1291 3355 1418 3410 inde
1449 3354 1602 3408 nasci
1637 3360 1844 3422 posset,
1871 3349 2108 3404 scanda-

515 3459 646 3511 lum.
682 3451 1085 3522 Chartophylax
1139 3465 1248 3503 non
1281 3457 1388 3512 est,
1421 3445 1499 3501 uti
1539 3445 1760 3516 quidam
1793 3441 2106 3512 perhibent,

511 3560 710 3604 cusws
735 3542 955 3607 secreti,
985 3550 1040 3596 et
1099 3540 1316 3610 janitor
1368 3538 1533 3608 (nam
1565 3534 1916 3590 ostiariorum
1951 3541 2107 3588 vetus

510 3656 578 3694 ea
601 3637 877 3710 professio
903 3633 1047 3703 est),
1081 3632 1176 3687 sed
1220 3631 1452 3685 idoneus
1473 3629 1680 3697 jurium
1714 3626 2106 3696 episcopalium

513 3737 764 3786 curator.
804 3728 898 3782 Sic
925 3727 1070 3781 enim
1105 3731 1160 3780 et
1201 3722 1673 3793 nomophylacem.
1708 3728 1763 3774 et
1799 3718 2110 3790 scevophy-

516 3820 694 3875 lacem
722 3824 1029 3873 castrorum
1057 3815 1321 3886 principis
1343 3813 1602 3868 dicimus.
1627 3808 1782 3877 Quod
1815 3809 1862 3866 si
1895 3809 2110 3865 fortiter

516 3914 624 3968 hoc
649 3911 960 3967 inliciantes
982 3918 1254 3979 quaerant,
1294 3906 1391 3976 qui
1424 3905 1538 3968 ﬂat,
1560 3911 1622 3959 ut
1647 3904 1882 3958 aliorum
1919 3917 2110 3958 secre-

514 4018 701 4062 torum
730 4004 1015 4076 praesides,
1037 4017 1150 4056 non
1166 3998 1718 4062 dicanturcustodes,
1739 4011 1866 4050 cum
1888 3993 2108 4064 quidem

515 4114 706 4153 rerum
759 4095 1242 4151 administratores
1283 4093 1438 4156 sint;
1491 4105 1594 4145 cur
1643 4103 1834 4155 unus,
1879 4101 2112 4157 magnus

517 4201 748 4243 vocetur
797 4199 1120 4241 (nconomus
1174 4199 1193 4250 ;
1265 4181 1428 4243 alius,
1473 4193 1708 4249 magnus
1765 4174 2108 4240 sacellaritts,

515 4278 690 4341 alius,
721 4277 926 4332 sacellii
956 4274 1250 4346 praefectus
1275 4282 1292 4326 :
1323 4271 1570 4334 audiant,
1601 4271 1744 4324 idem
1775 4281 1898 4323 esse
1914 4281 2110 4321 nomen

515 4368 825 4430 mcunomi,
861 4365 1139 4428 custodis,
1182 4361 1456 4417 sacellarii
1499 4368 1555 4415 et
1594 4359 1801 4415 sacellii
1845 4359 2109 4429 praefecti.

518 4458 660 4512 Nam
697 4458 839 4527 apud
863 4455 1144 4508 Romanos
1173 4453 1434 4507 sacellum
1465 4452 1535 4506 ab
1558 4450 2040 4506 administratione
2059 4457 2114 4505 et

2192 1960 2293 2031 τὴν
2315 1959 2606 2031 διοίκησιν,
2637 1959 2666 2010 6
2697 1957 3008 2012 σακελλῐου.

2274 2239 2336 2295 '0
2365 2240 2421 2294 δὲ
2465 2239 2811 2312 χαρτοφύλαξ
2875 2236 3192 2292 κατευθύνει
3241 2235 3567 2306 μονομερῶς
3603 2232 3674 2287 τὰ
3703 2234 3777 2305 τῷ

2198 2333 2549 2403 πατριάρχῃ,
2605 2330 2801 2401 δικαίῳ
2838 2330 2938 2399 τῆς
2969 2329 3420 2400 ἀρχιερωσύνης,
3483 2328 3775 2398 ἀνήκοντα.

2200 2425 2390 2489 Ὅπως
2427 2425 2527 2492 μὲν
2555 2423 2649 2478 οὖν
2683 2422 2794 2476 τῶν
2827 2421 3004 2476 ἄλλων
3029 2420 3315 2492 τεσσάρων
3335 2419 3778 2492 προκαθημένων

2197 2514 2296 2576 τὰς
2357 2512 2693 2585 προδλήσεις
2759 2511 3069 2564 τετύπωται
3111 2508 3383 2578 γενεσθαι.
3443 2510 3545 2562 καὶ
3586 2510 3778 2570 πόσους

2197 2605 2430 2658 ἔκαε-τον
2459 2606 2665 2657 τούτων
2697 2602 2810 2672 ἔχει
2845 2602 3273 2671 χαρτουλαρξους
3306 2601 3402 2654 τοῦ
3435 2601 3617 2654 κόπου
3653 2617 3780 2670 συμ-

2203 2697 2493 2770 μεριστάς,
2541 2697 2637 2751 καὶ
2665 2697 2866 2758 πόσους
2901 2694 3259 2764 σεκρετικοὺς
3302 2692 3661 2762 διακοητάς,
3687 2689 3780 2744 οὐκ

2199 2791 2316 2846 ἐστι
2363 2791 2546 2860 λέγειν
2575 2789 2791 2861 καιρός.
2849 2784 2986 2842 Οὐδὲ
3025 2788 3134 2857 γάρ
3175 2788 3304 2858 περὶ
3345 2787 3560 2840 τούτων
3615 2787 3780 2839 εἰπεῖν

2197 2883 2568 2958 προεθέμεθα.
2629 2883 2793 2936 Ὅθεν
2821 2881 2899 2944 δὲ,
2951 2882 3047 2935 καὶ
3076 2881 3226 2945 ὅπως
3255 2882 3284 2934 6
3313 2878 3672 2951 χα-ρτοφύλαξ
3701 2893 3781 2930 σεο

2205 2975 2547 3047 μνολογεῖται
2576 2973 2944 3036 πανευκλεῶς,
2975 2973 3070 3026 καὶ
3102 2971 3350 3026 καλεῖται
3381 2971 3478 3024 τοῦ
3510 2971 3779 3040 πατριάρο

2203 3085 2298 3141 χου
2341 3069 2515 3138 στόμα
2547 3066 2642 3120 καὶ
2672 3067 2815 3136 χεὶρ,
2851 3063 3137 3135 ζητητέον.
3182 3065 3336 3117 Ἐπεὶ
3366 3063 3426 3118 δέ
3458 3080 3610 3126 τινες
3643 3078 3782 3133 πσρ-

2204 3155 2576 3226 ωνυμίζεσθαι
2631 3156 2725 3208 τὸν
2797 3155 3189 3226 χαρτοφύλακα
3255 3153 3508 3207 θέλουσιν
3569 3156 3639 3206 ὲκ
3695 3153 3783 3205 τοῦ

2209 3247 2501 3317 φυλάττειν
2537 3245 2859 3317 μεμϐράνας
2906 3246 3028 3316 ἦτοι
3092 3245 3344 3305 κωδίκια,
3409 3244 3784 3314 περιαιρετέον

2210 3341 2318 3412 πρὸ
2373 3341 2595 3393 πάντων
2633 3338 2695 3392 τὸ
2724 3339 2793 3391 ἐκ
2821 3337 3011 3391 τούτου
3042 3337 3308 3408 φυόμενον
3339 3335 3663 3390 σκάνδαλον.
3729 3334 3784 3388 '0

2208 3429 2559 3502 χαρτοφύλαξ
2585 3430 2692 3485 οὐκ
2719 3429 2888 3493 ἔστιν,
2917 3427 2998 3493 ὥς
3014 3446 3158 3493 τινες
3188 3429 3462 3497 λέγουσιν,
3495 3426 3674 3496 φύλαξ
3695 3425 3786 3480 τού

2211 3529 2495 3600 οεκρέτου,
2549 3526 2647 3578 καὶ
2697 3524 2944 3596 θυρωρὸς
2993 3523 3172 3596 (τοῦτο
3209 3525 3322 3594 γάρ
3352 3522 3466 3577 τῶν
3502 3523 3786 3592 derupta!

2209 3619 2440 3694 ἀρχαῖον
2467 3617 2838 3687 ἐπάγγελμαγ
2861 3615 3240 3670 ὲπισκοπικῶν
3277 3614 3335 3669 δὲ
3363 3613 3593 3668 δικαίων
3625 3629 3786 3685 φραν-

2208 3712 2400 3783 τιστὴς
2429 3707 2748 3778 ἀξιόμαχος.
2783 3705 2942 3760 Οὕτω
2971 3705 3078 3775 γὰρ
3107 3706 3206 3759 καὶ
3252 3701 3569 3773 νομοφύλαξ
3606 3703 3782 3756 καλει-

2209 3822 2324 3871 ται,
2361 3805 2455 3858 καὶ
2486 3799 2834 3870 σκευοφύλαξ
2866 3798 3236 3871 στρατοπέδου
3273 3797 3580 3869 βασιλικοῦ.
3639 3797 3702 3850 Ei
3744 3795 3784 3847 δ’

2212 3897 2688 3969 ἀπισχυριζονται,
2729 3894 2852 3958 πῶς
2896 3893 3004 3947 τῶν
3045 3892 3228 3947 ἄλλων
3269 3892 3546 3961 σεκρότων
3571 3891 3626 3943 oi
3665 3904 3787 3960 προ-

2213 3991 2541 4061 καθήμενοι,
2575 3990 2826 4060 φύλακες
2856 3987 2920 4041 ού
2953 3983 3450 4056 κατονομάζονται,
3503 3985 3595 4037 καὶ
3622 3982 3788 4037 ταῦτα

2215 4084 2558 4154 πραγμάτων
2620 4082 2777 4147 ὄντες
2835 4079 3112 4150 διοικηταί
3148 4095 3164 4112 ο
3214 4078 3332 4133 ἀλλ’
3363 4079 3394 4132 6
3439 4077 3542 4149 μὲν
3565 4117 3583 4140 ,
3621 4077 3788 4148 μέγας

2202 4176 2496 4246 οἰκονόμος
2533 4175 2811 4229 καλεῖται’
2855 4174 2885 4228 6
2913 4173 2995 4235 δὲ.
3038 4173 3213 4244 μέγας
3241 4171 3598 4242 σακελλάριος
3619 4187 3636 4203 ο
3666 4169 3785 4232 ὀδὲ,

2215 4267 2504 4322 σακελλὶου
2524 4282 2540 4298 ·
2571 4267 2992 4331 ἀκουσάτωσαν,
3043 4265 3120 4329 ὡς
3157 4265 3353 4320 ταυτόν
3404 4266 3552 4318 ἐστιν
3597 4263 3786 4326 εἰπεῖν,

2213 4361 2520 4432 οἰκονόμον,
2559 4359 2797 4430 φύλακα,
2832 4358 3206 4430 σακελλάριον,
3243 4360 3340 4412 καὶ
3361 4356 3453 4409 τὸν
3485 4354 3788 4411 σακελλιου.

2217 4453 2379 4524 Παρὰ
2411 4451 2522 4523 γὰρ
2553 4452 2666 4516 τοῖς
2706 4451 3002 4522 Ῥωμαίοις
3051 4448 3334 4514 σάκελλον,
3382 4446 3537 4513 παρὰ
3567 4445 3631 4497 τὸ
3662 4444 3790 4497 διοι-

518 4550 779 4604 custodia
810 4549 1034 4600 dicitur.
1063 4545 1244 4614 Atque
1269 4544 1436 4598 etiam
1476 4543 1606 4596 hinc
1641 4542 1844 4596 sacella
1874 4547 2101 4612 patriar-

2218 4547 2336 4599 κεῖν
2365 4545 2460 4599 καὶ
2491 4544 2780 4614 φυλάττειν
2809 4545 2948 4599 ἐστί.
2980 4543 3092 4597 Καὶ
3125 4545 3158 4612 ή
3211 4543 3336 4604 τοὺς
3368 4539 3712 4609 κακούργως
3737 4536 3789 4589 δὲ

523 4641 726 4705 chalis,
773 4653 881 4708 qua
914 4637 1141 4692 tnalelici
1177 4635 1596 4701 custodiuntur,
1641 4649 1750 4689 non
1782 4634 2001 4690 aliunde
2027 4653 2118 4707 ap-

529 4734 731 4804 pellata
755 4739 882 4798 est;
924 4733 1071 4786 sicut
1110 4742 1164 4785 et
1208 4729 1498 4785 saculium.
1534 4728 1865 4784 Sacellarius
1897 4729 2116 4798 quidem

530 4828 734 4881 dicitur
761 4826 1223 4880 monasteriorum
1249 4823 1663 4878 administrator
1695 4838 1710 4877 :
1736 4833 1789 4877 et
1827 4821 2119 4891 prastectus

533 4919 722 4974 sacelli
769 4917 1128 4982 deminutive,
1164 4917 1522 4972 ecclesiarum
1556 4916 1610 4970 in
1637 4930 1837 4985 genere
1874 4923 2115 4971 curator.

527 5009 803 5066 Caeterum
853 5026 923 5065 ne
969 5010 1024 5064 hi
1071 5013 1313 5081 quinque
1348 5009 1608 5079 praesides
1655 5025 1823 5064 unum
1855 5009 2122 5066 duntaxat

530 5101 802 5155 haberent
853 5114 1054 5154 nomen
1084 5139 1102 5166 ,
1162 5099 1370 5169 placuit
1418 5097 1760 5155 diversorum
1817 5096 2118 5154 oliiciorum

529 5191 997 5263 appellationibus
1025 5207 1122 5246 eos
1151 5192 1447 5262 ampliores
1471 5192 1624 5247 reddi
1647 5192 1864 5246 debere.
1896 5189 2019 5257 Quo
2037 5191 2120 5258 iit,

530 5293 596 5340 ut
614 5285 895 5340 actionum
921 5283 1121 5339 ﬁnibus
1141 5282 1281 5338 idem
1299 5284 1625 5351 existentes,
1648 5281 1952 5338 ciliciorum
1965 5297 2124 5338 voca-

532 5376 682 5432 bulis
711 5376 1141 5448 distinguantur.
1175 5373 1290 5431 Hoc
1318 5376 1482 5430 modo
1511 5387 1657 5430 reete
1685 5375 1903 5430 sublato
1932 5373 2121 5438 dubio,

533 5469 686 5532 quod
715 5468 982 5524 adversus
1031 5467 1511 5539 chartophylacem
1534 5465 1702 5522 tacite
1727 5468 1875 5520 nasci
1908 5473 2127 5536 poterat

534 5559 750 5630 reliqua
769 5558 934 5614 etiam
951 5558 1282 5615 declaranda
1305 5560 1550 5614 veniunt.
1573 5557 1771 5614 Munus
1803 5559 2125 5616 chartularii

539 5651 757 5704 varium
801 5657 856 5705 et
900 5650 1180 5722 multiplex
1209 5659 1314 5706 est.
1357 5650 1562 5705 Idcirco
1598 5631 1980 5705 sanctissimus
2023 5666 2126 5722 pro

537 5751 790 5811 tempore
817 5743 1156 5813 patriarcha,
1185 5741 1336 5796 velut
1374 5741 1608 5796 alterum
1647 5742 1944 5804 Aaronem,
1980 5741 2124 5796 hunc

537 5837 810 5908 deligens,
843 5851 965 5892 cum
1001 5835 1146 5891 Diosc
1180 5834 1311 5890 dicit
1341 5834 1405 5889 ad
1440 5832 1771 5887 Dominum:
1808 5851 1824 5884 ι
1863 5832 2127 5904 inspiciat

2224 4638 2572 4708 φυλάττουσα
2603 4638 2980 4708 πατριαρχικὴ
3010 4636 3246 4704 σακὲλλη
3277 4633 3550 4696 ἐντεῦθεν,
3577 4633 3675 4683 καὶ
3697 4631 3790 4683 οὐκ

2221 4729 2445 4784 ἄλλοθεν
2478 4729 2923 4800 μετωνόμασται,
2953 4727 3143 4799 ὥσπερ
3171 4727 3236 4797 δὴ
3267 4728 3361 4781 καὶ
3396 4726 3460 4778 τὸ
3492 4724 3789 4777 σακούλιον.

2220 4822 2454 4891 Λέγεται
2479 4822 2612 4890 γοῦν
2636 4820 3011 4892 σακελλάριος,
3051 4821 3081 4873 6
3107 4818 3218 4872 τῶν
3253 4817 3637 4888 μοναστηρέων
3675 4817 3790 4868 διοιο

2221 4914 2398 4984 κητὴς
2424 4929 2440 4945 ⁶
2472 4913 2566 4966 καὶ
2595 4915 2624 4967 6
2651 4911 2933 4966 σακελλίου
2967 4910 3424 4980 ὑποκοριστικῶς,
3458 4910 3488 4961 6
3520 4908 3632 4960 τῶν
3672 4906 3793 4960 καθα

2221 5005 2421 5060 ολικῶν
2476 5004 2782 5075 ἐκκλησιῶν
2839 5003 3182 5074 φροντιστής.
3217 5001 3335 5054 Ἵνα
3362 5001 3420 5053 δὲ
3466 5001 3501 5068 ὴ
3535 4999 3648 5052 τῶν
3676 5013 3793 5068 προ-

2223 5095 2554 5168 καθημένων
2605 5095 2808 5159 πεντὰς
2863 5095 2940 5164 μὴ
2999 5091 3478 5162 ταυτωνυμίζηται
3511 5129 3530 5153 ,
3590 5089 3793 5158 ὡρίσθη

2224 5190 2498 5262 διαφόρων
2551 5187 2826 5257 όφφικιων
2873 5186 3134 5256 ὀνόμασιν
3169 5183 3341 5252 αὐτὴν
3386 5181 3796 5253 μεγιθύνεσθαι.

2225 5281 2317 5352 Τῷ
2345 5298 2429 5335 τοι
2459 5282 2555 5335 καὶ
2589 5279 2955 5350 ταυτιζομένη
2978 5278 3087 5330 τῶν
3121 5274 3414 5346 ἐνεργειῶν
3456 5276 3572 5337 τοίς
3612 5275 3801 5326 ἀποτο-

2227 5372 2482 5442 λέσμασι,
2542 5370 2825 5442 μερίζεται
2883 5370 2994 5424 τῶν
3025 5367 3299 5437 όφφικίων
3343 5367 3464 5427 ταῖς
3523 5365 3798 5433 κλήσεσιν.

2228 5465 2385 5518 Οὕτω
2430 5465 2562 5533 γοῦν
2628 5462 3092 5534 περιαιρουμένης
3127 5458 3334 5522 καλῶς,
3365 5457 3463 5525 τῆς
3487 5457 3559 5510 ὲκ
3582 5456 3684 5525 τῆς
3711 5468 3800 5518 99°

2228 5556 2404 5627 λακῆς
2454 5555 2945 5626 ὑποκλεπτομένης
2983 5553 3254 5623 ἀσαφείας
3299 5549 3445 5605 κατά
3485 5548 3583 5603 τοῦ
3611 5563 3800 5620 καρτο-

2229 5650 2490 5720 (Naxos,
2529 5649 2890 5721 σαφηνιστέον
2923 5648 3018 5702 καὶ
3047 5647 3115 5700 τὰ
3151 5643 3334 5698 λοιπά.
3375 5641 3483 5698 τοῦ
3538 5638 3800 5712 χαρτοπρύ-

2229 5743 2396 5806 λακος
2445 5744 2480 5813 ἠ
2541 5743 2792 5814 ἐνέργεια
2824 5739 3108 5810 πολυειδὴς
3162 5736 3258 5792 καὶ
3291 5734 3623 5804 πολυσχιδής
3671 5735 3793 5785 ἐστι.

2235 5836 2326 5888 Διὸ
2352 5837 2447 5889 καὶ
2477 5837 2504 5888 6
2551 5835 2693 5889 κατά
2717 5833 2943 5904 καιροὺς
2975 5829 3279 5901 ἀγιώτατος
3314 5827 3682 5900 πατριάρχης.
3727 5819 3794 5879 ὥς
