3990 6562
251 417 396 487 1189

1540 418 1811 482 GR/ECO
1843 417 2249 480 ROMANUM.

3381 417 3521 491 1190

249 535 412 587 ἄλλον
453 531 665 606 Ἀαρών
702 529 891 587 τοῦτον
920 529 1330 603 ἐπιλεγόμενος,
1364 528 1514 600 λέγει
1544 532 1681 602 μετὰ
1706 532 1828 585 Μω-

1939 529 2206 586 Dominus
2257 529 2404 586 Deus
2472 536 2689 602 patrum
2752 541 3090 600 nostrorum,
3146 539 3198 587 et
3251 535 3524 592 universas

249 629 392 692 σέως
423 627 560 699 πρὸς
595 625 824 695 Κύριον·
863 644 882 678 ι
929 621 1347 692 Ἐπισκεψάσθω
1401 621 1605 694 Κύριος
1635 625 1664 676 ό
1698 624 1832 688 Θεὸς

250 720 362 775 τῶν
409 717 661 787 πατέρων
689 717 782 769 καὶ
807 717 989 786 πάσης
1023 715 1248 785 σαρκὸς,
1281 714 1565 786 ἄνθρωπον
1607 715 1703 768 ἐπὶ
1735 716 1834 785 τῆς

256 811 585 880 συναγωγῆς
615 808 840 878 ταύτης,
867 808 1014 871 ὅστις
1037 807 1378 873 ἐξελεύσεται
1407 809 1516 861 ἀπὸ
1537 809 1831 879 προσώπου

248 902 386 969 ἐμοῦ
414 921 460 965 ι,
489 900 584 953 καὶ
610 900 756 960 ὅστις
781 897 1148 950 εἰσελεύσεται
1178 896 1284 967 πρὸ
1309 896 1602 967 προσώπου
1629 897 1830 961 αὐτῶν,

249 995 349 1046 καὶ
395 994 546 1054 ὅστις
594 990 799 1056 εἰσάξει
846 991 1043 1052 αὐτοὺς
1085 988 1162 1053 ώς
1182 989 1302 1058 ἐμὲ,
1335 990 1430 1043 καὶ
1459 991 1612 1053 ὅστις
1653 989 1834 1054 ἐξάξει

248 1086 454 1148 αὐτοὺς
503 1083 564 1148 ἐξ
606 1080 778 1150 ὲμοῦ⁸
833 1083 927 1134 καὶ
974 1080 1149 1144 οὕτως
1191 1080 1469 1152 ἐπιτίθησι
1504 1083 1604 1146 τὰς
1641 1085 1834 1153 χεῖρας

248 1176 417 1229 αὐτοῦ
452 1177 540 1228 ἐπ’
569 1175 749 1235 αὐτὸν,
780 1176 875 1227 καὶ
903 1173 1118 1226 δίδωσιν
1149 1172 1300 1243 αὐτῷ
1327 1174 1425 1242 τήν
1454 1173 1610 1239 δόξαν
1643 1174 1832 1240 αὐτοῦ,

248 1269 400 1330 ὅπως
436 1267 710 1320 ἀκούωσιν
761 1265 925 1318 αὐτού
961 1266 1008 1318 οἱ
1039 1267 1146 1318 υἱοὶ
1189 1265 1431 1337 Ἰσραήλ.
1501 1266 1832 1338 Ἐγχειρίζει

250 1358 430 1429 τούτῳ
464 1361 557 1411 καὶ
595 1357 827 1428 χρυσοῦν
862 1357 938 1419 ὡς
981 1357 1048 1411 ἄν
1092 1373 1178 1420 τις
1227 1357 1372 1410 εῐποι
1396 1358 1699 1426 δακτύλιον,
1733 1377 1832 1412 κα-

253 1452 365 1513 θὼς
413 1448 534 1504 εἷπε
590 1450 791 1522 Κύριος
840 1451 975 1521 πρὸς
1027 1451 1271 1520 Μωσῆνο
1329 1454 1422 1504 καὶ
1459 1451 1741 1522 ἐπιθήσεις
1771 1453 1832 1505 τὸ

252 1544 465 1610 λογεῖον
497 1545 590 1597 ἐπὶ
620 1545 681 1596 τὸ
714 1543 909 1612 στῆθος
939 1542 1032 1595 τοῦ
1077 1542 1308 1613 Ἀαρὼν,
1343 1545 1439 1596 καὶ⁸
1468 1545 1717 1613 ποιήσεις
1742 1543 1833 1597 δα-

252 1637 472 1690 κτύλιον
529 1636 788 1708 χρυσοῦν,
839 1638 933 1688 καὶ
976 1636 1480 1705 συναρμολογήσεις
1527 1637 1688 1690 αὐτὸν
1736 1637 1830 1690 τοῦ

251 1731 482 1798 Λογείου
535 1735 647 1794 τοῖς
693 1731 945 1802 χείλεσιν,
979 1731 1066 1797 ἐφ’
1100 1723 1144 1796 ᾧ
1199 1729 1266 1782 δι’
1322 1728 1488 1782 αὐτοῦ
1535 1729 1646 1782 τῶν
1699 1730 1831 1784 υἱῶν

253 1825 472 1894 Ἰσραὴλ
502 1824 918 1895 ἀπογράφεσθαι
959 1821 1028 1875 τὰ
1067 1823 1328 1892 ὀνόματα.
1389 1823 1547 1885 Ποίος
1583 1823 1638 1876 δὲ
1674 1819 1829 1886 οὐτός

254 1919 405 1978 Em;
457 1916 530 1968 Τὸ
573 1917 970 1986 πατριαρχικὸν
1018 1914 1432 1984 βουλλωτήριον,
1483 1916 1545 1967 τὸ
1578 1916 1728 1985 παρὰ
1756 1915 1832 1986 τῷ

252 2008 446 2078 στήθει
495 2007 590 2060 τοῦ
638 2006 1052 2078 χαρτοφύλακος
1080 2006 1514 2079 ἀπῃωρημένον,
1547 2006 1620 2070 ώς
1651 2007 1829 2070 εἴωθε,

249 2101 448 2171 δοχείῳ
478 2100 834 2170 καθεστηκότι
861 2099 1080 2168 λογικοῦ
1105 2100 1358 2153 παντοίου
1414 2099 1834 2170 σπουδάσματος

253 2193 420 2263 (Τοῖς
454 2193 564 2262 γὰρ
609 2193 800 2258 ἀξίοις,
847 2193 1003 2262 φησι,
1051 2191 1238 2263 δοτέον
1285 2192 1352 2244 τὰ
1391 2191 1716 2262 ἀξιώματα)
1763 2193 1831 2246 δι’

252 2277 317 2337 οὗ
355 2287 480 2346 τοὺς
513 2284 835 2356 ὀλοθρευτὰς
883 2283 1245 2353 ἀσφαλίζεται
1291 2283 1390 2336 σὺν
1423 2284 1680 2355 σφραγῖδι
1735 2285 1832 2338 κα)⁸

251 2377 462 2450 χάριτι,
487 2379 611 2439 τοὺς
640 2376 998 2446 ἁμαρτωλοὺς
1031 2375 1352 2446 ἐπιστρέφει
1375 2375 1470 2428 σὺν
1486 2375 1708 2446 γραφίδι
1738 2377 1832 2429 καὶ

257 2471 470 2538 μέλανι,
516 2471 642 2532 τοὺς
671 2470 1180 2539 καταπονουμένους
1211 2468 1471 2520 διεκδικεῖ
1500 2469 1597 2520 σὺν
1630 2468 1831 2538 βακτη-

253 2564 349 2633 ρίᾳ
392 2563 486 2614 καλ⁵
521 2564 768 2631 σύριγγι,
809 2563 903 2615 καὶ
941 2562 1065 2625 τοὺς
1105 2561 1289 2628 ἀξίους
1316 2560 1395 2632 τῷ
1423 2561 1692 2632 πνεύματι
1733 2579 1831 2632 χα-

260 2655 544 2726 ρισμάτων
605 2655 899 2724 ίερατικῶν
957 2654 1133 2718 ἀξιοῖ·
1187 2655 1314 2716 τούς
1371 2654 1471 2724 μὲν
1531 2655 1688 2718 tua;
1736 2656 1830 2709 τοῦ

254 2749 522 2818 βήματος,
584 2746 991 2818 κληρικοποιῶν
1023 2762 1037 2776 ο
1103 2749 1230 2810 τοὺς
1281 2747 1340 2799 δὲ
1396 2747 1580 2812 ἐντὸς,
1625 2748 1832 2802 τελειο-

254 2840 450 2894 ποιῶν.
504 2841 600 2892 Διὰ
633 2839 824 2893 τούτου
856 2839 951 2891 καὶ
985 2837 1124 2888 κατά
1159 2839 1342 2891 πᾶσαν
1372 2837 1472 2907 τὴν
1505 2838 1832 2910 οἰκουμένην

252 2932 444 3002 σχεδόν
477 2933 849 3002 πατριαρχικὰ
879 2931 1299 3000 καταγράφεται
1337 2930 1430 2982 καὶ
1465 2928 1648 2982 δίδωσι
1675 2945 1832 2982 σταυ-

253 3024 518 3092 ροπήγια,
569 3025 660 3074 καὶ
698 3021 905 3075 πολλῶν
969 3022 1176 3074 πίλεων
1208 3020 1636 3092 ἐκκλησιαστικὰ
1672 3038 1835 3092 μετα-

250 3114 437 3183 τίθησι
471 3116 705 3184 κάρηνα,
744 3116 823 3177 εἰς
857 3118 956 3185 τῆς
992 3115 1211 3184 πρώτης
1235 3114 1476 3182 κεφαλῆς
1505 3114 1566 3166 τὸ
1598 3115 1832 3170 ἀνάκτοο

253 3223 368 3278 ρον.
389 3208 627 3259 Δίδονται
648 3206 734 3259 διὰ
762 3207 954 3260 τούτου
977 3205 1053 3278 τῷ
1083 3205 1455 3277 χαρτοαρύλακι
1484 3207 1574 3260 καὶ
1606 3207 1658 3260 αἱ
1683 3207 1832 3269 κλεῖς
1855 3241 1902 3304 C

247 3301 354 3370 τῆς
387 3300 662 3369 βασιλείοις
686 3301 793 3354 τῶν
821 3301 1084 3372 οὐρανῶν,
1141 3301 1216 3363 ώς
1250 3302 1353 3352 ὑπὸ
1382 3299 1475 3353 τοῦ
1523 3301 1725 3370 Κυρίου
1753 3301 1832 3369 τῷ

253 3390 402 3462 φίλῳ
434 3392 618 3462 Πέτρῳ
644 3391 741 3443 καὶ
770 3392 1008 3461 μαθητῇ.
1040 3391 1178 3456 Φησὶ
1201 3390 1327 3461 γὰρ,
1352 3386 1461 3444 οἷον
1487 3390 1619 3458 πρὸς
1649 3391 1831 3455 αὐτὸν,

248 3485 280 3534 ὁ
317 3483 486 3550 μέγας
521 3482 833 3552 ἀρχιερεύς⁸
877 3483 942 3536 Ὃ
971 3482 1065 3534 ἐάν
1092 3483 1258 3555 λύσῃς
1297 3481 1390 3533 ἐπὶ
1407 3484 1504 3551 τῆς
1532 3481 1658 3550 γῆς,
1681 3482 1834 3534 ἔσται

252 3573 549 3641 λελυμένον
577 3577 633 3624 ἐν
658 3577 769 3638 τοῖς
799 3575 1047 3644 οὐρανοῖς
1073 3592 1084 3605 ·
1124 3576 1218 3627 καὶ
1248 3573 1276 3626 ὂ
1299 3574 1394 3626 ἐὰν
1423 3574 1592 3645 δήσῃς
1616 3574 1706 3626 ἐπὶ
1734 3574 1834 3643 τῆς

254 3665 385 3735 γῆς,
421 3665 572 3720 ἔσται
615 3666 898 3735 δεδεμένον
931 3665 1022 3719 καὶ
1056 3668 1114 3718 ἐν
1147 3669 1257 3728 τοῖς
1285 3667 1558 3736 οὐρανοῖς.
1625 3667 1734 3719 Καὶ
1775 3667 1834 3719 τὸ

255 3757 478 3810 πάντων
520 3759 852 3828 καινότερον,
886 3759 946 3810 οὐ
995 3759 1154 3828 μόνον
1188 3752 1344 3822 οὗτος
1381 3757 1656 3825 τοσαύτης
1685 3759 1835 3824 ἐξου-

259 3849 382 3910 σίας
414 3847 711 3918 ἐπλούτησε
751 3850 1019 3918 χάρισμα,
1059 3847 1195 3902 ἀλλὰ
1236 3849 1330 3901 καὶ
1358 3849 1405 3900 οἱ
1437 3847 1493 3913 ἐξ
1533 3845 1698 3900 αὑτοῦ
1735 3848 1835 3916 τὴν

254 3937 419 4013 χάριν
467 3940 672 4010 ταύτην
724 3939 1116 4010 λαμϐάνοντες.
1189 3938 1514 4006 Ἐπιτρέπει
1552 3938 1660 4007 γὰρ
1689 3936 1838 4006 ἱερα-

255 4031 475 4086 τεύουσι
516 4034 802 4102 μοναχοῖς,
853 4030 1159 4103 ἀνθρώπων
1219 4027 1472 4100 δέχεσθαι
1517 4027 1835 4098 λογισμοὺς,

255 4128 355 4179 καὶ
405 4125 757 4198 διαῤῥήσσειν
812 4123 1234 4196 ἁμαρτημάτων
1290 4123 1662 4195 χειρόγραφαο
1699 4122 1837 4192 ὅπερ

258 4217 444 4288 μόνοις
480 4217 802 4280 ἐπισκόποις
835 4216 943 4270 ἀπὸ
978 4217 1074 4270 τοῦ
1117 4217 1384 4281 παναγίου
1422 4215 1633 4270 δέδοται
1663 4212 1836 4268 Πνεύ-

261 4325 455 4380 ματος.
520 4308 620 4361 “Av
656 4307 776 4376 ἴδῃς
826 4291 1106 4360 δὲ’τοῦτον
1147 4305 1441 4369 συνοδικῶς
1486 4304 1836 4374 σχεδιάζοντα

255 4403 361 4454 ὅσα
397 4401 572 4455 λαλῶν
602 4401 828 4470 λαλήσει
858 4400 1084 4470 Μωσῆς,
1115 4401 1342 4451 κάκεῖνα
1373 4397 1668 4467 κρουνηδδν
1697 4397 1836 4450 ἀπο-

258 4499 684 4569 στοματίζοντα,
718 4499 820 4550 ὅσα
861 4496 1156 4564 νεφελώσει
1189 4497 1284 4548 καὶ
1317 4493 1582 4548 ὐδατώσει
1614 4496 1713 4563 τῆς
1747 4510 1836 4546 κε-

1941 622 2147 687 carnis,
2191 622 2465 678 hominem
2524 622 2579 678 in
2651 623 2755 678 hoc
2786 633 2958 691 coetu,
3013 625 3113 695 qui
3142 626 3454 696 egrediatur
3488 643 3521 681 a

1941 711 2082 768 facie
2135 727 2276 778 mea,
2334 731 2354 764 ι
2392 723 2447 769 et
2484 713 2822 784 ingrediatur
2851 727 2981 771 ante
3011 716 3202 771 faciem
3233 734 3446 786 eorum,
3467 728 3523 774 et

1933 806 2259 862 introducat
2283 823 2379 864 eos
2397 806 2464 861 ad
2493 823 2600 871 me,
2625 819 2677 863 et
2709 808 2946 863 abducat
2979 824 3076 864 eos
3103 824 3134 863 a
3165 824 3250 863 me
3277 827 3290 862 :
3323 810 3524 880 quibus

1939 899 2127 966 dictis,
2181 915 2376 956 manus
2422 901 2473 955 ei
2514 915 2646 956 suas
2682 902 2932 970 imponit,
2984 909 3038 956 et
3071 901 3164 954 dat
3196 901 3245 955 ei
3294 904 3523 971 gloriam

1940 1007 2120 1058 suam,
2154 1002 2214 1048 ιιι
2240 994 2466 1048 audiant
2488 1009 2612 1048 eum
2645 993 2743 1047 ﬁlii
2778 991 3014 1049 lsraelis.
3048 993 3224 1048 Etiam
3262 995 3311 1049 ei
3345 994 3526 1064 porri-

1941 1084 2020 1156 git
2049 1087 2102 1139 in
2129 1101 2350 1141 manum
2383 1087 2646 1140 annulum
2687 1101 2913 1142 aureum
2939 1126 2954 1150 ,
2997 1087 3141 1141 sicut
3172 1095 3228 1140 et
3261 1084 3525 1142 Dominus

1941 1179 2008 1232 ad
2043 1177 2246 1234 Mosem
2267 1177 2406 1232 dixit
2431 1196 2445 1233 :
2479 1176 2544 1230 Et
2567 1178 2814 1248 impones
2838 1175 3126 1231 Rationale
3155 1191 3322 1246 super
3347 1179 3524 1232 Aaro-

1941 1267 2030 1322 nis
2069 1277 2286 1336 pectus,
2318 1277 2371 1323 et
2406 1268 2672 1322 annulum
2714 1267 2886 1324 facies
2921 1282 3176 1332 aureum,
3208 1275 3262 1323 et
3301 1283 3525 1323 accom-

1941 1362 2197 1416 modabis
2238 1377 2359 1416 eum
2391 1362 2560 1417 labris
2593 1363 2769 1432 ipsius
2802 1362 3128 1428 Rationalis,
3169 1369 3227 1415 ut
3267 1377 3360 1433 per
3395 1377 3521 1416 eum

1941 1455 2164 1506 nomina
2199 1452 2432 1506 filiorum
2467 1453 2687 1509 lsraelis
2717 1454 3127 1508 describantur.
3182 1452 3248 1507 Et
3292 1455 3520 1524 quinam

1942 1546 1988 1601 is
2016 1544 2143 1601 est?
2175 1544 2546 1601 Patriarebale
2573 1547 2941 1610 bulloterium,
2978 1562 3077 1614 pro
3112 1561 3262 1601 more
3291 1561 3526 1615 suspen-

1941 1654 2062 1692 sum
2097 1644 2163 1690 ad
2193 1637 2510 1692 chartula'rii
2548 1647 2757 1708 pectus,
2786 1638 3194 1707 receptaculum
3217 1638 3386 1694 studii
3423 1639 3525 1693 do-

1939 1733 2242 1784 ctrinarum
2267 1731 2449 1784 omnis
2476 1733 2716 1799 generis,
2750 1730 2953 1799 (dignis
2979 1729 3149 1794 enim,
3177 1729 3323 1797 quod
3343 1729 3524 1797 aiunt,

1938 1823 2287 1877 concedenda
2325 1821 2808 1892 suntdignitates),
2825 1837 2934 1891 quo
2960 1822 3326 1877 internecivos
3348 1824 3524 1876 munit

1935 1930 2059 1969 cum
2087 1914 2267 1982 sigillo
2293 1922 2346 1970 et
2372 1916 2566 1984 gratia,
2604 1927 2922 1983 peccatores
2943 1914 3214 1970 convertit
3247 1930 3372 1970 cum
3397 1915 3524 1970 stilo

1933 2013 1989 2059 et
2025 2010 2337 2057 atramento
2367 2043 2381 2066 ,
2415 2009 2672 2072 gravatos
2709 2000 3094 2056 amictiOnibus
3121 2000 3366 2054 defendit
3397 2015 3523 2053 cum

1935 2093 2132 2147 baculo
2160 2101 2214 2148 et
2247 2093 2450 2153 listula,
2493 2091 2688 2160 dignos
2725 2089 2964 2159 denique
2992 2089 3217 2160 spiritus
3237 2088 3400 2143 donis
3433 2103 3526 2143 sa-

1935 2183 2310 2237 cerdotalibus
2351 2181 2560 2236 afficit:
2599 2182 2726 2235 dum
2788 2195 2887 2236 eos
2931 2179 3025 2249 qui
3089 2189 3244 2234 extra
3292 2181 3524 2249 gradum

1935 2275 2216 2330 constituti
2248 2282 2397 2341 sunt,
2436 2274 2670 2328 clericos
2704 2271 2832 2326 facit
2866 2289 2881 2334 ;
2915 2269 3087 2342 gradu
3131 2271 3516 2340 comprehen-

1935 2383 2050 2431 sos,
2111 2368 2340 2437 perlicit.
2407 2365 2520 2419 llos
2578 2364 2966 2433 patriarchalia
3025 2363 3292 2419 describit
3332 2373 3386 2417 et
3430 2363 3524 2418 dat

1936 2460 2288 2528 stauropegia
2321 2473 2417 2527 per
2449 2457 2768 2512 universum
2801 2471 2970 2526 prope
3000 2465 3269 2510 terrarum
3306 2455 3520 2513 orbem.

1933 2569 1999 2609 ac
2038 2555 2332 2607 multarunt
2374 2551 2592 2605 urbium
2631 2550 3008 2605 ecclesiastica
3045 2550 3226 2619 capita
3263 2548 3526 2603 transfert

1934 2645 2001 2700 ad
2060 2644 2219 2715 primi
2274 2644 2470 2714 capitis
2527 2640 2916 2711 regiam—Dat
2971 2642 3132 2696 etiam
3186 2641 3525 2696 chartulario

1934 2736 2245 2807 patriarcha
2299 2737 2480 2792 claves
2529 2734 2680 2805 regni
2733 2734 3020 2792 caelorum.
3067 2733 3226 2786 sicuti
3280 2745 3410 2786 caro
3448 2732 3523 2785 illi

1935 2830 2116 2894 Petro,
2167 2830 2456 2898 eidemque
2499 2826 2776 2896 discipulo
2828 2828 2968 2877 data}
3013 2832 3142 2877 sunt
3187 2839 3217 2876 a
3271 2821 3523 2880 Domino.

1933 2923 2148 2991 Quippe
2188 2922 2332 2976 sicut
2363 2920 2626 2974 Dominus
2663 2917 2730 2971 ad
2761 2919 2930 2980 hunc,
2965 2917 3035 2971 ita
3079 2932 3310 2985 magnus
3337 2915 3527 2985 ponti-

1934 3014 2020 3069 fex
2055 3015 2120 3068 ad
2162 3014 2316 3067 illum
2355 3029 2370 3066 :
2407 3011 2683 3079 Quidquid
2719 3011 2972 3071 solveris,
3019 3008 3218 3077 inquit,
3265 3009 3318 3062 in
3355 3017 3523 3072 terra,

1933 3109 2170 3162 solutum
2197 3105 2302 3158 erit
2323 3106 2374 3158 in
2398 3104 2662 3157 cmliszet
2691 3101 2956 3171 quidquid
2990 3100 3244 3169 ligaveris
3269 3100 3321 3152 in
3350 3109 3520 3161 terra,

1936 3197 2161 3266 ligatum
2205 3197 2371 3250 etiam
2413 3195 2466 3247 in
2499 3193 2658 3247 caelis
2693 3193 2822 3246 erit.
2861 3190 2925 3244 Et
2964 3191 3112 3259 quod
3153 3189 3407 3259 iltptimis
3441 3199 3526 3245 est

1937 3303 2158 3352 novum,
2187 3303 2294 3340 non
2325 3286 2502 3340 solum
2533 3283 2623 3337 hic
2644 3292 2807 3337 tanta:
2843 3283 3128 3350 potestatis
3160 3282 3362 3352 largam
3386 3296 3527 3334 con-

1936 3392 2158 3435 secutus
2189 3391 2272 3435 est.
2303 3381 2534 3450 gratiam
2573 3399 2585 3433 :
2625 3391 2812 3430 verum
2849 3377 3012 3429 etiam
3051 3374 3138 3435 iis.
3172 3375 3263 3441 qui
3293 3375 3522 3442 gratiam

1939 3473 2076 3526 hanc
2109 3473 2176 3525 ab
2205 3473 2323 3540 ipso
2353 3469 2652 3537 accipiunt.
2691 3465 2846 3520 Facit
2875 3467 3018 3520 enim
3047 3474 3371 3534 potestatem
3409 3477 3526 3515 mo-

1936 3565 2131 3619 nachis
2157 3565 2507 3618 sacerdotum
2543 3576 2745 3616 munus
2779 3558 3232 3628 suscipientibus.
3269 3554 3523 3609 amliendi

1937 3657 2180 3710 rationes
2215 3655 2524 3717 hominum,
2561 3662 2616 3706 et
2645 3661 2990 3722 peccatorum
3041 3648 3405 3716 chirographa
3439 3645 3526 3698 dio

1936 3745 2266 3814 scerpendi:
2317 3747 2462 3814 quod
2500 3743 2707 3812 alioqui
2755 3743 2890 3796 solis
2933 3739 3204 3810 episcopis
3236 3755 3264 3790 a
3317 3737 3525 3806 Spiritu

1936 3846 2131 3890 sancto
2181 3849 2509 3888 concessum
2562 3842 2668 3886 est.
2723 3831 2880 3897 Quod
2931 3831 2976 3883 si
3045 3830 3232 3882 videas
3272 3827 3424 3880 illmn
3470 3827 3526 3880 in

1935 3928 2148 4000 synodo
2188 3927 2325 3981 citra
2373 3926 2780 3980 meditationem
2795 3940 2858 3978 ea
2887 3921 3278 3992 proferentem,
3299 3936 3424 3990 qua
3445 3923 3526 3976 vel

1937 4021 2076 4089 ipse,
2125 4021 2172 4076 si
2224 4019 2517 4073 dicendum
2575 4018 2626 4072 ei
2687 4016 2849 4081 foret,
2912 4015 2969 4069 in
3026 4014 3262 4070 rnediqu
3310 4015 3530 4069 afferret

1939 4111 2118 4166 Moses
2149 4129 2164 4166 :
2214 4110 2512 4180 itidemque
2541 4110 2703 4163 silani
2735 4110 2796 4161 in
2824 4121 3030 4160 morem
3064 4119 3130 4160 ea
3159 4105 3529 4175 pronuntian-

1938 4207 2068 4264 tem,
2097 4215 2222 4270 qnze
2265 4199 2463 4270 capitis
2500 4197 2606 4270 ipsi
2648 4207 2837 4252 vertex
2875 4198 3050 4252 instar
3083 4197 3248 4252 nubis
3281 4208 3336 4252 et
3370 4213 3530 4268 aqua:

1937 4291 2250 4362 suppeditat
2283 4308 2296 4344 :
2333 4290 2606 4344 Aaronem
2641 4288 2830 4344 videre
2859 4304 2968 4343 non
3000 4287 3364 4350 desiderabis,
3388 4290 3528 4344 scri-

1937 4397 2154 4455 ptarum
2191 4386 2460 4440 divinitus
2495 4386 2806 4439 tabularum
2849 4386 3006 4437 verba
3039 4384 3354 4438 recitantem
3381 4399 3399 4448 ;
3430 4399 3530 4438 ne-

1938 4493 2045 4548 que
2072 4477 2406 4540 Baruchum,
2450 4477 2640 4532 dextre
2678 4477 3050 4545 captivitatem
3079 4474 3282 4530 JUlliL‘a’.
3311 4475 3530 4530 descri-

257 4568 438 4661 φαλῆς
471 4593 504 4660 ἡ
545 4590 848 4661 άκρώρεια,
891 4589 952 4641 οὐ
983 4588 1240 4656 ζητήσεις
1298 4587 1426 4640 ίδεῖν
1480 4585 1690 4657 Ἀαρὼν
1717 4586 1834 4640 θεο-

1946 4571 2160 4624 bentem
2195 4587 2210 4623 :
2255 4570 2350 4624 sed
2376 4577 2671 4624 contentus
2699 4569 2768 4622 iis
2809 4568 2942 4634 eris,
2990 4583 3112 4638 qua:
3151 4568 3531 4622 chartularius

261 4682 496 4754 γράφων
531 4682 756 4735 πλακῶν
791 4678 1207 4748 ἀπαγγέλλοντα
1247 4677 1499 4748 ῥήματα,
1562 4677 1681 4730 οὐδὲ
1731 4677 1838 4730 Βα-

263 4779 398 4847 ροὺχ
441 4771 760 4844 περιδεξίως
794 4771 1258 4841 ἀπογραφόμενον
1303 4769 1401 4838 τῆς
1457 4769 1717 4833 Ἰουδαίας
1741 4768 1841 4840 τήν

263 4867 469 4922 ἅλωσιν
489 4884 503 4899 ο
555 4866 874 4937 ἀρκεσθήσῃ
903 4864 961 4918 δὲ
1005 4866 1116 4928 τοῖς
1143 4861 1287 4916 οὓτω
1311 4861 1703 4933 πραττομένοις
1737 4860 1843 4914 ὑπὸ

264 4959 360 5013 τοῦ
409 4957 868 5030 χαρτοφύλακος,
919 4955 1013 5009 καὶ
1052 4956 1478 5025 Δευτερονόμιον
1536 4951 1842 5023 συμπεραίο

262 5064 438 5102 νουσι.
472 5049 612 5118 Πρὸς
648 5045 857 5110 τούτοις
888 5045 1189 5116 θαύμασον,
1227 5044 1342 5106 πῶς
1369 5044 1475 5096 τῶν
1499 5041 1659 5096 θείων
1687 5042 1848 5096 κανό-

263 5152 373 5188 νων
410 5136 592 5205 μόνοις
620 5135 1056 5207 ὲκχωρησάντων
1077 5137 1190 5196 τοῖς
1231 5135 1289 5186 ὲν
1320 5133 1540 5186 πόλεσιν
1577 5132 1731 5202 ἀρχιε
1744 5149 1842 5202 ρα-

265 5223 484 5277 τεύουσι
527 5225 626 5294 τὴν
671 5229 766 5276 τοῦ
799 5222 1072 5277 διδάσκειν
1098 5224 1189 5275 τὸν
1217 5221 1343 5274 λαὸν
1382 5223 1842 5292 σεμνοπρέπααν,

263 5315 677 5387 δ’χαρτοφύλαξ
703 5316 798 5369 καὶ
846 5316 1004 5388 μόνος
1047 5317 1109 5369 τὸ
1152 5315 1422 5368 διδάσκειν
1458 5312 1844 5385 κατηχητικῶς

263 5411 358 5464 τὸν
406 5409 534 5462 λαδν
587 5410 673 5462 ἐπ’
709 5407 1006 5480 ἐκκλησίας
1061 5407 1492 5481 ἀπεκληρώσατο
1537 5423 1553 5439 ο
1595 5407 1712 5470 πῶς
1746 5406 1845 5468 τὰς

269 5502 675 5573 πατριαρχικὰς
708 5501 1028 5570 διαγνώσεις
1058 5500 1442 5572 καλλιγραφεῖ,
1477 5498 1572 5553 καὶ
1604 5499 1848 5566 ύπογρα-

269 5595 398 5664 φαῖς
425 5594 657 5658 οἰκείαις
707 5594 802 5648 καὶ
841 5596 1105 5665 σφραγῖσι
1158 5593 1528 5662 κατεμπεδοῖ⁹
1584 5593 1681 5643 καὶ
1729 5589 1846 5651 πῶς

269 5687 629 5758 δικαστηρίου
685 5685 920 5758 μεγάλου
966 5684 1311 5756 προκάθηται
1368 5686 1464 5738 καὶ
1525 5682 1847 5737 όικαιοδοτεῖ

271 5777 416 5831 κατὰ
449 5775 547 5846 μὶν
587 5775 788 5838 παντὸς
817 5773 1131 5843 ἀνθρώπου,
1162 5773 1264 5828 κάν
1297 5773 1414 5836 οἵας
1459 5772 1524 5826 ἂν
1549 5773 1634 5843 εἴη
1679 5770 1848 5842 τύχης

273 5869 369 5924 καὶ
399 5868 637 5939 φύσεως,
674 5869 802 5942 περὶ
859 5866 1327 5938 ἑκκλησιαστικῶν
1358 5865 1709 5936 ζητημάτων,
1751 5863 1848 5917 καὶ

1943 4671 2086 4733 aget,
2115 4677 2345 4732 qumque
2381 4661 2862 4716 Deuleronomium
2898 4661 3210 4728 perficiunt.
3254 4659 3348 4714 Est
3385 4675 3527 4728 pra:-

1939 4759 2088 4807 terea
2117 4752 2262 4822 quod
2295 4751 2535 4816 mireris,
2561 4766 2682 4805 cum
2719 4748 2863 4802 sacri
2898 4763 3139 4802 canones
3175 4749 3532 4818 permiserint

1943 4843 2160 4898 urbium
2198 4843 2462 4896 duntaxat
2497 4839 2850 4911 pontificibus
2877 4841 3264 4893 auctoritatem
3291 4841 3526 4895 docendi

1941 4937 2251 5006 populum;
2288 4935 2649 4990 nihilominus
2698 4933 3094 4988 chartularium
3139 4933 3318 4986 solum
3375 4946 3535 4988 more

1943 5028 2281 5084 catechetico
2308 5028 2564 5098 pepulum
2598 5028 2650 5080 in
2675 5026 2908 5082 ecclesia
2934 5024 3166 5080 docendi
3194 5033 3518 5096 potestatem

1945 5123 2202 5178 sortitum
2247 5136 2414 5176 esse:
2463 5120 2858 5189 patriarchales
2895 5119 3147 5174 eumdem
3185 5119 3532 5190 cognitiones

1946 5212 2000 5266 in
2047 5211 2256 5266 litteras
2291 5210 2516 5274 referre,
2575 5211 2804 5280 suisque
2835 5211 3338 5280 subscriptionibus
3365 5217 3419 5262 et
3450 5207 3530 5262 si-

1946 5305 2090 5376 gillis
2139 5303 2358 5358 munire
2395 5321 2408 5356 :
2449 5317 2650 5374 magno
2692 5303 2993 5374 praesidere
3040 5301 3319 5363 tribunali,
3349 5309 3401 5354 et
3433 5297 3530 5368 jus

1947 5413 2070 5452 cum
2121 5396 2331 5450 homini
2377 5395 2554 5450 cuivis
2606 5397 2810 5460 dicere,
2869 5395 3251 5464 cujuscunque
3305 5393 3527 5447 tandem

1948 5488 2182 5544 fortunae
2209 5490 2280 5544 sit
2303 5502 2367 5542 ac
2388 5503 2574 5551 sexus,
2608 5488 2662 5542 in
2695 5484 3090 5556 qinestionibns
3115 5482 3528 5544 ecclesiasticis,

1947 5591 2002 5636 et
2029 5579 2196 5635 animi
2226 5579 2550 5634 delictorum
2583 5578 2965 5633 emendatione
3000 5583 3152 5628 :tum
3191 5589 3320 5628 vero
3343 5589 3530 5627 sacer-

1946 5673 2171 5730 dotibus
2212 5681 2268 5727 et
2302 5671 2608 5734 monachis,
2655 5669 2709 5722 in
2745 5667 2941 5739 quavis
2986 5666 3256 5720 criminali
3298 5675 3351 5720 ct
3379 5667 3529 5720 civili

1949 5781 2139 5822 causa.
2177 5763 2387 5835 Quippe
2414 5765 2495 5818 vel
2536 5762 2604 5817 ad
2639 5761 2786 5832 ipsas
2815 5775 2990 5830 usque
3013 5757 3188 5814 Gades
3217 5758 3534 5826 jnrisdictio

1951 5860 2275 5916 chartularii
2310 5858 2566 5928 pcriiucl,
2606 5854 2650 5905 si
2681 5853 2804 5924 quis
2843 5854 3200 5916 concesserit,
3228 5862 3388 5906 etiam
3416 5849 3531 5906 illic
