3882 6574
449 357 584 425 1191

1749 356 1781 417 Ι
1791 356 1888 417 US
1927 350 2376 415 CANONICUM

3575 333 3713 401 1192

445 462 665 545 aliquos
712 469 983 535 habitare,
1047 467 1188 524 solio
1236 463 1851 534 Constantinopolitano
1895 463 2029 518 sub-

2144 457 2469 531 σφαλμάτων
2500 452 2747 526 ψυχικῶν
2779 449 3141 523 διορθώσεως.
3187 449 3349 505 Κατά
3377 449 3437 503 δὲ
3476 448 3712 519 ἱερωμέ-

446 566 650 638 jectos.

2135 567 2244 604 νων
2293 548 2391 603 καὶ
2419 543 2691 618 μοναχῶν,
2744 544 2875 614 περὶ
2925 542 3108 610 πάσης
3161 540 3582 611 ἐγκληματικῆς
3625 542 3716 595 καὶ

443 627 799 728 χρηματικῆς
826 652 1137 711 αἱτιάσεως.
1175 646 1325 717 Περᾷ
1370 644 1479 717 γὰρ
1506 645 1601 699 καὶ
1633 644 1796 716 μέχρι
1834 642 2105 717 Γαδείρων
2132 638 2329 694 ἀὐτῶν
2354 638 2389 707 ή
2414 633 2747 689 δικαιοδοσία
2814 630 2913 686 τοῦ
2983 630 3416 701 χαρτοφύλακος,
3490 631 3541 684 εί
3603 627 3716 702 δοίη

444 726 529 811 τις
558 741 781 799 κάκείσέ
820 756 971 802 τινας
995 737 1266 791 κατοικεῖν
1295 734 1700 806 ὑποκειμένους
1725 733 1805 805 τῷ
1848 732 2023 805 θρόνῳ
2059 732 2160 802 τῆς
2183 726 2837 790 Κωνσταντινουπόλεως.

518 832 638 892 Jam
697 848 849 900 vero,
911 830 1055 900 quod
1114 827 1373 899 pra-sitiet
1429 827 1546 899 ipse
1603 825 1893 881 duodecim
1924 830 2030 896 ‘pa-

446 926 839 985 triarchalibus
910 920 1168 984 notariis,
1246 933 1365 975 eam
1408 934 1473 977 ex
1523 920 1651 976 sede
1702 917 1863 973 ﬁdem
1913 917 2021 971 ha-

448 1017 728 1081 bentibus,
802 1028 967 1083 quam
1029 1010 1237 1067 habent
1295 1010 1585 1067 duodecim
1646 1010 1846 1066 notarii
1918 1015 2028 1063 tam

452 1109 594 1175 Veli,
641 1121 805 1179 quam
836 1104 1198 1175 Hippodromi
1251 1102 1503 1174 judicum
1568 1102 1751 1176 (mitto
1793 1117 2032 1173 namque

453 1202 661 1264 dicere,
736 1197 821 1252 bis
871 1195 1206 1250 duodecim:
1264 1208 1389 1249 cum
1441 1191 1880 1263 patriarcharum
1926 1192 2031 1247 bu-

454 1292 694 1349 manitas
725 1301 778 1346 et
840 1288 1141 1345 submissio
1193 1285 1439 1359 pertrahi
1500 1301 1559 1343 se
1613 1300 1723 1341 non
1794 1285 2033 1357 patiatur

449 1387 516 1442 ad
543 1382 923 1469 .evertendum
975 1395 1061 1448 ea,
1109 1396 1232 1452 qua:
1274 1378 1581 1451 antiquitus
1627 1380 1684 1434 in
1718 1395 1820 1435 usu
1851 1378 2032 1449 sunt),

450 1488 515 1530 ac
543 1474 758 1528 ratione
799 1470 1101 1537 consimili,
1153 1470 1297 1540 quod
1332 1469 1591 1538 praesidet
1652 1477 1784 1524 ante
1831 1476 2033 1523 metro-

451 1566 728 1638 politanos
761 1565 815 1619 in
850 1562 1212 1619 electionibus
1243 1561 1626 1632 episcoporum
1658 1560 1725 1613 ail
1774 1571 2035 1616 vacantes

460 1656 749 1721 ecclesias,
798 1663 851 1721 et
882 1654 937 1708 in
963 1652 1032 1708 iis
1058 1652 1294 1724 publicis
1323 1637 1737 1721 congressibus,
1768 1650 1859 1721 qui
1883 1657 2037 1718 ertra

2203 823 2277 878 Τδ
2303 824 2361 878 δέ
2391 820 2777 893 προκαθῆσθαι
2824 818 3018 872 τοῦτον
3045 815 3351 879 δωδεκάδος
3386 831 3720 887 πατριαρχιι

2131 919 2244 974 κῶν
2277 918 2545 988 νοταρίων
2576 915 2931 969 αύτοπιστίαν
2959 912 3217 983 ἐχόντων,
3255 910 3377 963 οἷαν
3406 910 3524 980 ἔχει
3556 908 3714 978 καὶὴ

2131 1011 2372 1075 δωδεκὲκ
2396 1009 2506 1065 τῶν
2531 1008 2626 1062 τοῦ
2650 1007 2825 1077 Βήλου
2853 1005 3065 1060 καὶτοῦ
3097 1003 3463 1072 Ἱπποδρόμου
3512 1001 3720 1072 κριτῶν

2134 1105 2232 1177 (ἐῶ
2260 1105 2372 1176 γὰρ
2402 1103 2577 1157 είπεῐν
2601 1099 2903 1163 δωδεκάδος
2927 1097 3144 1177 διπλῆς,
3169 1097 3253 1150 ὅτι
3286 1095 3401 1149 τῶν
3439 1111 3713 1166 πατριαρο

2132 1174 2244 1270 χῶν
2287 1174 2743 1270 ήῗφιλανθρωπία
2766 1194 2861 1248 καὶ
2907 1174 3323 1260 συγκαταϐασις
3351 1189 3451 1259 οὐχ
3495 1187 3718 1241 ἕλκεται

2134 1291 2271 1362 πρὸς
2302 1290 2588 1360 ἀναίρεσιν
2616 1287 2726 1341 τῶν
2756 1284 3168 1354 νενομισμένων
3206 1278 3522 1351 ἀνέκαθεν),
3545 1278 3721 1332 ὡσαύο

2136 1401 2243 1448 τως
2270 1382 2370 1437 καὶ
2400 1381 2460 1436 τὸ
2490 1377 2876 1453 προκαθῆσθαι
2909 1375 3021 1431 τῶν
3051 1370 3472 1446 μητροπολιτῶν
3515 1372 3581 1424 ἐν
3606 1373 3720 1435 ταῖς

2134 1472 2341 1544 ψήφοις
2389 1468 2501 1523 τῶν
2556 1465 2910 1539 χηρευουσῶν
2983 1464 3308 1532 ἁγιωτάτων
3387 1461 3717 1530 ἐκκλησιῶν,

2138 1567 2235 1621 καὶ
2262 1568 2321 1619 ἐν
2373 1566 2495 1627 ταῖς
2548 1560 2750 1630 ἔξωθεν
2829 1559 2923 1614 τοῦ
2986 1557 3395 1631 πατριαρχικοῦ
3467 1554 3718 1626 βήματος

2138 1656 2456 1728 γινομέναις
2485 1655 2691 1718 κοιναῖς
2720 1651 3120 1719 συνελεύσεσιν,
3156 1649 3295 1703 ἀλλά
3328 1647 3438 1720 μὴν
3465 1649 3571 1700 καὶ
3601 1648 3717 1714 ἐορ-

453 1747 825 1822 patriarchale
854 1746 1098 1802 tribunal
1136 1746 1295 1810 ﬁunt,
1324 1747 1437 1800 imo
1478 1744 1647 1801 etiam
1691 1745 1745 1798 in
1764 1742 2031 1799 festorum

2144 1749 2386 1821 τασίμοις
2415 1746 2716 1819 πανδήμοις
2771 1746 3018 1809 τελεταῖς
3038 1741 3122 1797 ’τε
3150 1742 3249 1797 καὶ
3300 1739 3713 1812 πανηγύρεσιν,

450 1836 690 1913 publicis
732 1838 1063 1895 caerimoniis
1109 1846 1274 1911 atque
1302 1837 1685 1901 conventibus,
1715 1848 1823 1889 non
1856 1835 2033 1889 solum

453 1934 607 2005 ipsas
645 1933 787 1988 intra
820 1941 1009 2003 partes
1072 1932 1342 1994 ecclesiae,
1396 1943 1586 1983 verum
1640 1928 1805 1981 etiam
1838 1926 2035 1996 quovis

454 2026 511 2082 in
573 2028 717 2092 loco,
761 2016 907 2096 quod
947 2025 1083 2081 nulli
1139 2014 1472 2080 concessum
1518 2031 1603 2076 est
1632 2020 1882 2087 diacono,
1906 2036 2035 2091 pro-

454 2133 643 2192 pterea
682 2121 825 2192 quod
868 2118 1090 2175 disertis
1126 2118 1311 2173 verbis
1346 2131 1375 2171 a
1428 2130 1562 2169 xvtu
1592 2129 1802 2169 canone
1830 2123 2035 2168 sancta:

456 2223 520 2264 ac
544 2207 870 2263 universalis
906 2206 1096 2279 primae
1130 2204 1325 2278 synodi
1371 2201 1760 2273 prohibeatur;
1794 2212 2033 2273 quonam

455 2316 642 2372 quaeso
670 2303 907 2367 rel‘eres,
943 2300 1159 2355 auditor
1183 2295 1645 2370 prudentissime?
1671 2294 1906 2351 Omnino
1955 2294 2035 2349 fa-

458 2393 663 2451 teberis
698 2394 895 2449 horum
950 2395 1196 2447 omnium
1268 2397 1597 2461 potestatem
1661 2389 1710 2443 ci
1775 2387 2034 2443 tributam

453 2499 765 2559 propterea,
792 2487 936 2557 quod
968 2484 1312 2540 existimetur
1360 2498 1484 2539 esse
1534 2498 1618 2546 os,
1651 2489 1705 2537 et
1755 2481 1934 2548 labra,
1984 2490 2036 2537 et

460 2591 657 2632 manus
712 2576 951 2647 quodam
1027 2573 1190 2629 modo
1263 2572 1614 2643 patriarchae.
1676 2570 1890 2642 Abripit
1950 2586 2037 2627 me

458 2666 723 2740 proclivis
764 2667 1002 2736 impetus
1048 2664 1238 2731 animi,
1298 2670 1360 2720 ut
1418 2665 1622 2730 dicam,
1671 2672 1726 2719 et
1783 2670 2035 2719 accurate

459 2761 752 2826 declarem,
796 2774 959 2830 quam
990 2758 1060 2813 ob
1108 2772 1332 2814 causam
1384 2771 1547 2827 supra
1588 2766 1816 2812 casteros
1841 2757 2035 2827 praesi-

457 2848 557 2905 des
584 2848 734 2905 solus
786 2846 1154 2903 chartularius
1195 2847 1418 2902 ordines
1460 2846 1865 2902 ecclesiasticos
1922 2861 2037 2899 ma-

455 2942 597 3013 joris
660 2940 1012 2997 auctoritatis
1058 2954 1226 2996 causa
1270 2941 1517 3010 geminos
1566 2939 1787 3005 habeat,
1824 2939 2036 3010 episco-

461 3033 749 3106 pianorum
789 3033 1064 3100 videlicet,
1087 3048 1149 3087 ac
1180 3033 1606 3088 secreticorum.
1645 3031 1749 3086 Sed
1775 3032 2033 3101 quoniam

2141 1846 2201 1898 οὐ
2236 1845 2397 1915 μόνον
2427 1842 2578 1906 ἐντὸς
2624 1840 2735 1895 τῶν
2775 1839 2876 1910 τῆς
2929 1838 3224 1909 ἐκκλησίας
3261 1836 3463 1907 μεῴν,
3498 1833 3624 1888 ἀλλ’
3669 1834 3722 1884 ἐν

2141 1936 2293 2009 τόπῳ
2326 1937 2514 2002 παντὶ,
2573 1935 2711 2005 ὅπερ
2756 1933 2935 1987 ούδενὶ
2984 1932 3219 2002 διακόνῳ
3262 1929 3722 1998 πεφιλοτίμηται,

2141 2030 2229 2084 διὰ
2261 2027 2321 2083 τὸ
2347 2027 2532 2101 ῥητῶς
2580 2025 2687 2079 ὑπὸ
2731 2023 2829 2077 τοῦ
2861 2021 2931 2093 ιη’
2969 2022 3193 2085 κανόνος
3252 2020 3351 2091 τῆς
3404 2017 3581 2087 ἀγίας
3635 2021 3725 2070 καὶ

2140 2118 2531 2191 οἱκουμενικῆς
2551 2118 2775 2190 πρώτης
2798 2114 2993 2171 σποδοῦ
3014 2112 3342 2177 κωλύεσθαι,
3372 2111 3480 2165 ποῦ
3504 2110 3725 2181 θήσεις,

2143 2213 2392 2289 ἀκροατά
2460 2211 2838 2277 συνετώτατες
2893 2209 3125 2271 Πάντως
3176 2207 3244 2260 ἂν
3288 2207 3463 2268 εἴποις
3515 2201 3723 2256 τούτων

2144 2282 2364 2364 πάντων
2393 2306 2613 2377 δοθῆναι
2642 2304 2738 2375 τήν
2788 2302 3039 2367 ἐξουσίαν
3090 2298 3263 2369 αὐτῷ,
3296 2296 3384 2351 διὰ
3409 2296 3471 2350 τὸ
3504 2282 3724 2362 λογίζε-

2145 2401 2269 2456 σθαι
2299 2399 2495 2471 στόμα,
2527 2399 2619 2451 καὶ
2652 2396 2830 2469 χείλη,
2854 2395 2949 2447 καὶ⁵
2992 2395 3182 2464 χεῖρας
3215 2391 3416 2445 ὡσανεὶ
3449 2402 3726 2457 πατριαρσ

2143 2494 2325 2567 χικάς.
2358 2491 2550 2546 Ἕλκει
2584 2508 2652 2562 με
2696 2488 2758 2542 τὸ
2784 2486 3067 2560 πρόθυμον
3090 2486 3265 2538 είπεῖν
3287 2481 3385 2537 καὶ
3408 2479 3719 2548 ἐπεξεργά-

2147 2584 2369 2650 σασθαι,
2420 2583 2565 2645 τίνος
2595 2582 2756 2653 χάριν
2791 2579 2944 2649 παρά
2982 2578 3110 2641 τοὺς
3143 2576 3338 2638 ἄλλους
3373 2571 3725 2640 προκαθημέ-

2141 2696 2267 2743 νους
2300 2681 2329 2732 ό
2378 2673 2729 2749 χαρτοφύλαξ
2772 2673 2866 2726 καὶ
2903 2670 3065 2741 μόνος
3091 2669 3289 2731 διττοίς
3333 2666 3726 2734 ἐκκλησιαστι-

2144 2772 2262 2834 κοῖς
2303 2766 2666 2839 μεγαλύνεται
2700 2764 2998 2835 τάγμασιν,
3036 2760 3482 2822 ἐπισκοπειανοῖς
3518 2755 3725 2826 δηλαδὴ

2145 2866 2242 2919 καὶ
2273 2862 2635 2934 σεκρετικοϊς.
2670 2858 2796 2912 Ὅτι
2819 2855 2877 2910 δὲ
2907 2855 3009 2924 τῆς
3038 2852 3243 2907 τούτων
3272 2849 3546 2920 εὑρέσεως
3576 2848 3720 2900 ὕπο-

2144 2956 2324 3027 6ἀθρα
2380 2970 2469 3018 τις
2525 2953 2799 3022 τιμήεσσα
2848 2947 3157 3018 πρόκειται,
3214 2942 3308 2996 καὶ
3354 2941 3417 2995 τὸ
3483 2940 3724 3012 πρᾶγμα

2144 3047 2454 3123 παρακαλεῖ
2506 3045 2602 3099 καὶ
2645 3042 2851 3113 ταύτην
2895 3034 3464 3110 ἀργυρογνωμονῆσαι
3496 3032 3595 3085 διὰ
3632 3032 3725 3101 τὴν

459 3125 834 3184 institutionis
884 3127 1083 3181 horum
1121 3125 1338 3197 insigne
1384 3124 1659 3195 quoddam
1712 3124 2037 3179 fundamen-

2144 3146 2242 3218 τῆς
2268 3141 2525 3214 ἀληθείας
2550 3138 2922 3211 παράστασιν,
2968 3130 3318 3204 ἀναμεινάτω
3350 3125 3488 3198 πρὸς
3522 3124 3726 3195 μικρδν

464 3228 583 3274 tum
616 3227 720 3287 est,
770 3233 834 3275 ac
873 3232 964 3275 res
1029 3219 1145 3289 ipsa
1181 3218 1440 3288 pestulat,
1470 3218 1573 3274 hoc
1608 3218 1784 3288 ipsum
1824 3234 2042 3289 quoque

468 3312 721 3369 veritatis
783 3310 1106 3367 exhibendae
1145 3326 1310 3366 causa
1367 3310 1668 3366 examinari
1721 3310 2044 3381 :paulisper

468 3404 792 3461 diﬂ’eramus
834 3417 956 3459 eam
1016 3403 1348 3466 orationem,
1416 3416 1525 3472 qua
1578 3401 1925 3473 supradictos
1987 3402 2041 3457 in

465 3493 690 3550 ordines
755 3494 1155 3565 disquiremus,
1202 3508 1266 3550 ac
1330 3492 1620 3560 dicamus;
1685 3493 2041 3563 quamobrem

466 3592 664 3657 praeter
694 3586 770 3652 id,
801 3585 943 3657 quod
969 3585 1143 3642 sacris
1157 3585 1463 3641 canonibus
1496 3585 1837 3650 continetur,
1884 3585 2044 3639 char-

464 3678 703 3733 tularius
749 3675 1109 3732 diaconorum
1166 3677 1221 3730 in
1261 3689 1492 3731 numero
1542 3676 1880 3742 consistens,
1915 3682 2043 3731 ante

463 3769 755 3842 pontiﬁces
780 3769 987 3825 sedeat.
1039 3767 1165 3823 Hac
1211 3761 1535 3838 pervulgata
1589 3767 1825 3837 quastio
1872 3767 2043 3823 multa

465 3862 702 3918 diversis
747 3845 1098 3932 temporibus
1148 3860 1411 3915 excitavit
1464 3859 1754 3926 scandala,
1786 3861 2045 3930 varieque

462 3952 770 4024 disceptata
827 3953 930 4007 fuit
989 3953 1133 4007 inter
1180 3951 1573 4007 chartularium
1647 3958 1701 4007 et
1759 3951 2043 4022 pontiﬁces

466 4044 591 4101 solii
616 4042 1238 4114 Constantinopolitani.
1265 4042 1514 4113 Cumque
1542 4028 1785 4113 cognitio
1813 4043 2044 4111 patriar-

462 4136 659 4202 chalis,
685 4137 1039 4209 pontiticibus
1060 4135 1280 4201 favens,
1305 4133 1513 4190 eisdem
1543 4135 1727 4190 obiter
1749 4135 2041 4202 arrideret,

464 4230 537 4283 ob
562 4229 793 4285 indicati
819 4229 1078 4300 superius
1105 4228 1337 4283 canonis
1367 4230 1698 4282 sententiam
1730 4229 2041 4299 :prolatum

463 4327 548 4376 est
572 4321 814 4376 edictum
845 4319 1143 4377 clarissimi
1160 4318 1446 4390 principis,
1462 4320 1668 4376 domini
1687 4321 1861 4375 Alexii
1882 4321 2046 4375 Com-

464 4408 615 4479 neni,
640 4428 748 4484 quo
778 4413 894 4468 haec
919 4413 986 4468 ad
1017 4413 1247 4469 verbum
1281 4413 1636 4468 continentur
1665 4430 1679 4467 :

2145 3240 2173 3292 ό
2198 3238 2356 3306 λόγος
2412 3233 2509 3305 τήν
2548 3231 2657 3286 τῶν
2720 3227 2997 3301 ῥηθέντων
3051 3223 3347 3293 ταγμάτων
3396 3218 3724 3288 συζήτησιν,

2146 3332 2241 3384 καὶ
2264 3327 2482 3399 ῥητέον,
2513 3323 2658 3389 τίνος
2692 3321 2852 3394 χάριν
2884 3318 3039 3389 παρά
3069 3316 3169 3388 τὴν
3204 3313 3312 3368 τῶν
3355 3311 3518 3366 θείων
3553 3310 3726 3364 κανό-

2134 3434 2251 3479 ’νων
2290 3418 2608 3493 περίληψιν,
2659 3419 2716 3471 ἐν
2769 3412 3042 3475 διακόνοις
3072 3411 3101 3464 ό
3131 3405 3487 3481 χαρτοιρύλαξ
3523 3404 3755 3457 ταττόοι

2150 3532 2330 3587 μενος,
2404 3511 2515 3565 τῶν
2567 3505 2870 3580 ἀρχιερέων
2940 3500 3310 3575 προκάθηται.
3369 3496 3443 3550 Th
3502 3494 3731 3564 ζήτημα

2143 3608 2302 3661 τοῦτο
2327 3606 2385 3658 τὸ
2406 3601 2845 3674 πολυθρύλλητον
2884 3595 3052 3653 πολλά
3086 3593 3230 3649 κατά
3276 3591 3576 3660 διαφόρους
3614 3602 3730 3639 και-

2149 3702 2275 3771 ροὺς
2302 3700 2562 3770 ἀνήγειρε
2601 3693 2896 3755 σκάνδαλα,
2930 3691 3025 3744 καὶ⁸
3057 3686 3269 3759 μεγάλη
3301 3683 3498 3737 τούτου
3524 3679 3729 3745 κατεξ-

2145 3793 2329 3854 ἐτασις
2382 3790 2574 3860 γέγονε
2625 3787 2790 3858 μέσον
2852 3785 2945 3839 τοῦ
3018 3778 3439 3853 χαρτοφύλακος
3480 3775 3582 3827 καὶ
3624 3773 3728 3825 τῶν

2146 3881 2453 3956 ἀρχιερέων
2498 3878 2594 3933 τοῦ
2654 3878 2847 3949 θρόνου
2908 3875 3007 3944 τῆς
3068 3864 3726 3926 Κωνσταντινουπόλεως.

2145 3977 2260 4033 Καὶ
2292 3975 2443 4045 τάχα,
2472 3970 2768 4044 μειδιώσης
2790 3962 3107 4038 ἀκροθιγῶς
3128 3963 3229 4029 τῆς
3247 3958 3527 4030 ύπέρ,τῶν
3550 3957 3731 4027 ἀρχεεο

2148 4069 2288 4140 ρέων
2347 4064 2756 4137 πατριαρχικῆς
2786 4061 3135 4131 διαγνώσεως
3164 4054 3254 4110 διὰ
3282 4055 3378 4108 τὸν
3404 4053 3504 4107 τοῦ
3533 4050 3730 4122 ῥηθέν-

2144 4176 2233 4222 τος
2262 4157 2520 4226 ἀνωτέρω
2545 4154 2773 4214 κανόνος
2799 4149 3115 4224 περίληψιν,
3143 4143 3529 4219 προεκομίσθη
3556 4141 3730 4212 πρόσ-

2144 4268 2334 4322 ταγμα
2374 4247 2469 4302 τοῦ
2521 4244 2767 4318 ἀοιδίμου
2808 4242 3095 4316 βασιλέως.
3146 4238 3316 4310 κυροῦ
3363 4237 3607 4305 Ἀλεξίου
3638 4232 3731 4288 τοῦ

2144 4341 2460 4417 Κομνηνού,
2479 4340 2605 4396 τάδε
2634 4337 2775 4393 κατὰ
2819 4339 2970 4409 ῥῆμα
2995 4330 3370 4397 διαλαμϐάνον
3400 4344 3417 4360 ·

544 4526 563 4561 ι
599 4505 973 4563 Ecclesiastici
1004 4503 1115 4576 (62)
1154 4504 1337 4561 decori
1380 4519 1569 4560 curam
1598 4500 1859 4573 majestas
1920 4516 2038 4557 mea

2227 4542 2245 4573 ι
2300 4520 2365 4573 'il
2390 4516 2639 4591 βασιλεία
2671 4533 2774 4588 μου
2805 4515 2905 4587 τῆς
2933 4510 3403 4585 ἐκκλησιαστικῆς
3430 4505 3736 4578 εὐκοσμίας

466 4613 690 4671 gerens,
733 4608 788 4654 et
848 4613 974 4653 cum
1016 4599 1072 4653 in
1134 4597 1285 4653 omni
1318 4597 1465 4653 civili
1527 4603 1674 4650 statu
1704 4595 1909 4650 bonum
1953 4609 2048 4650 or-

468 4689 655 4745 dinem
683 4688 996 4759 requirens,
1028 4695 1142 4744 tum
1168 4690 1222 4744 in
1263 4689 1366 4745 hoc
1390 4687 1673 4744 studiosus
1697 4687 2046 4755 incumbens,

469 4794 531 4838 ut
578 4783 630 4838 is
686 4782 857 4854 magis
906 4783 1070 4837 etiam
1124 4782 1298 4839 sacris
1352 4782 1406 4835 in
1472 4780 1638 4836 rebus
1680 4776 2047 4844 observetur;

470 4875 760 4949 privilegia
812 4881 1008 4948 cuique
1057 4877 1326 4948 graduum
1375 4875 1884 4932 ecclesiasticarum
1931 4874 2044 4945 jam

469 4969 601 5024 olim
635 4969 858 5035 tributa,
893 4985 1129 5041 eumque
1180 4976 1407 5037 statum,
1448 4968 1544 5039 qui
1580 4968 1851 5023 hactenus
1884 4967 1941 5047 in
1963 4965 2044 5021 eis

469 5060 668 5132 viguit,
711 5064 875 5118 etiam
929 5060 1612 5133 deincepsimmutabilem
1654 5060 1957 5116 subsistere
1983 5075 2046 5114 ac

472 5171 797 5227 permanere
827 5159 1003 5228 cupit,
1059 5164 1113 5213 et
1166 5171 1381 5227 aequum
1429 5161 1640 5223 censet,
1702 5152 2046 5210 sanctissime

471 5246 710 5313 domine,
779 5248 929 5303 velut
986 5262 1017 5301 a
1074 5254 1157 5303 tot
1212 5245 1373 5302 annis
1420 5254 1724 5317 acceptum,
1774 5256 1828 5300 et
1881 5245 2047 5313 longo

466 5335 578 5408 jam
610 5337 788 5409 spatio
816 5338 1077 5408 temporis
1134 5338 1508 5403 observatum,
1576 5345 1629 5393 et
1672 5336 1947 5408 perpetuis
1977 5336 2045 5392 ab

474 5448 583 5488 uno
617 5441 861 5504 tempore
892 5435 947 5487 in
1010 5431 1159 5487 aliud
1219 5433 1700 5504 progressionibus
1759 5432 2048 5503 hucusque

470 5524 611 5581 citra
674 5526 1035 5582 mutationem
1082 5528 1343 5597 praeclare
1392 5528 1783 5583 continuatum
1837 5541 1901 5582 ac
1934 5538 2048 5582 Sta-

2149 4612 2535 4686 φροντίζουσα,
2600 4610 2698 4664 καὶ
2752 4608 2815 4662 τὸ
2858 4607 3129 4669 εὔτακτον
3166 4604 3261 4659 καὶ
3319 4603 3380 4655 ἐν
3408 4602 3580 4656 παντὶ
3638 4598 3738 4667 μὶν

2149 4705 2389 4776 ζητοῦσα
2438 4702 2518 4774 τῷ
2575 4700 2957 4772 πολιτεύματι,
3013 4696 3273 4753 ἐπιπλέον
3303 4695 3362 4750 δὲ
3403 4697 3524 4759 τοῖς
3565 4692 3736 4753 θείοις

2146 4796 2306 4850 τοῦτο
2356 4789 2816 4863 ἐμπολιτεύεσθαι
2862 4787 2956 4842 διὰ
3023 4786 3263 4857 σπουδῆς
3320 4783 3611 4852 τιθεμένη,
3670 4780 3737 4832 τε

2151 4883 2395 4959 ἀρχῆθεν
2448 4882 2906 4953 ἀπονενεμημὲνα
2986 4878 3262 4949 προνόμια
3316 4875 3544 4944 ἑκάστῳ
3623 4872 3734 4924 τῶν

2126 4975 2626 5049 ’ἐκκλησιαστικῶν
2682 4973 2930 5045 βαθμῶν,
2994 4974 3092 5025 καὶ
3130 4971 3230 5040 τήν
3264 4969 3398 5041 ἄχρι
3447 4969 3545 5022 καὶ
3574 4966 3735 5036 δεῦρο

2150 5070 2603 5139 ἐπικρατήσασαν
2652 5064 2711 5120 ἐν
2762 5064 2974 5127 τούτοις
3037 5064 3402 5125 κατάστασιν,
3465 5060 3609 5113 κατὰ
3674 5060 3736 5109 τὸ

2150 5159 2510 5216 ἀναλλοίωτον
2552 5161 2647 5213 καὶ
2680 5159 2780 5222 εἰς
2823 5157 2884 5210 τὸ
2944 5156 3074 5227 ἑξῆς
3121 5154 3265 5209 εἶναι
3324 5154 3425 5207 καὶ
3454 5152 3735 5222 διαμένειν

2154 5253 2404 5325 βούλεταί
2428 5269 2489 5305 τε
2518 5253 2615 5307 καὶ
2641 5252 2872 5315 εὐδοκεῖ,
2910 5248 3184 5318 ἀγιώτατε
3228 5245 3493 5309 δέσποτα,
3524 5245 3597 5308 ὡς
3641 5244 3735 5295 καὶ

2154 5344 2587 5418 παραδεχθείσαν
2632 5343 2722 5398 διὰ
2766 5340 3037 5397 τοσούτων
3067 5340 3226 5404 ἐτῶν,
3263 5340 3361 5394 καὶ
3410 5338 3488 5408 τῷ
3536 5334 3734 5405 μακρῷ

2154 5440 2331 5511 χρόνῳ
2360 5437 2926 5511 ἐμπολιτευσαμένην,
2979 5435 3075 5488 καὶ
3137 5437 3258 5496 ταῖς
3298 5432 3395 5484 ἀπ’
3457 5430 3622 5485 ἄλλου
3656 5429 3736 5488 εἰς

2120 5532 2135 5541 ’
2156 5524 2316 5579 ἄλλον
2341 5526 2484 5579 κατά
2514 5524 2576 5579 τὸ
2606 5525 3004 5593 ἀνεξάλλακτον
3033 5523 3139 5588 ἕως
3166 5521 3263 5575 τοῦ
3301 5520 3399 5575 νῦν
3427 5517 3731 5591 μεταϐήσεο

1981 5705 2220 5764 NOTAE.

549 5798 664 5871 (62)
695 5798 824 5854 Vide
858 5796 1122 5855 norcilam
1157 5817 1184 5854 ιε
1214 5800 1386 5855 Alexii
1413 5803 1696 5858 Conmeni.
