3990 6568
245 331 396 401 1193

1540 293 2243 396 οΒίΕρόἷίιοΜΑΝυΜ.

3346 350 3490 419 ιινι

239 464 336 502 σιν
361 445 738 517 ὲπικριθεῖσαν
771 446 861 499 καὶ
889 443 1282 518 βεϐαιωθεῖσαν
1327 445 1527 510 καλῶς.
1572 445 1728 499 Ἐπεὶ
1761 442 1808 496 δὲ

1925 441 2161 497 bilitum.
2219 442 2356 509 Quia
2403 461 2530 502 vero
2580 463 2724 504 nunc
2772 449 3032 520 majestas
3085 471 3202 514 mea
3274 459 3487 529 didicit,

238 539 346 594 νῦν
381 541 412 610 ἡ
444 538 688 610 βασιλεία
722 555 822 609 μου
859 538 1045 609 μάθοι,
1076 539 1154 604 ὦς
1187 555 1334 602 τινες
1365 538 1475 592 τῶν
1519 537 1819 609 ἀρχιερέων

234 630 817 702 ἀντιφιλοτιμούμενοι
845 631 1143 702 πειρῶνται
1173 631 1234 685 τὸ
1265 630 1358 684 τοῦ
1403 629 1820 701 χαρτοφύλακος

239 719 583 775 ὑποὸιϐἀσαι
606 722 924 791 προνόμιον,
955 721 1049 774 καὶ
1080 723 1316 786 κανόνας
1345 722 1425 784 είς
1471 720 1635 791 μέσον
1681 737 1819 791 προ-

241 811 534 882 φέροντες,
583 812 669 866 διὰ
695 813 899 866 τούτων
934 813 1299 882 φιλονεικοῦσι
1333 812 1410 884 μὴ
1441 812 1818 884 προκαθῆσθαι

238 903 410 955 αὐτὸν
435 902 545 957 τῶν
577 903 901 975 ἀρχιερέων,
933 906 1173 976 ὁπηνίκα
1199 905 1308 959 δέοι
1351 905 1577 970 τούτους
1631 903 1822 976 συνέρ-

236 992 438 1063 χεσθαι
464 995 608 1049 κατά
621 1011 745 1049 τινα
759 995 970 1066 χρείαν,
996 997 1090 1050 καὶ
1120 995 1490 1068 συνεδριάζειν
1518 996 1658 1050 κατά
1689 1013 1820 1049 ταυ-

235 1083 356 1148 τὸν,
401 1085 507 1156 πρὸ
535 1085 635 1156 τῆς
691 1087 773 1150 είς
805 1087 906 1158 τὴν
961 1088 1272 1158 ἁγιωσύνην
1306 1106 1400 1142 σου
1442 1087 1818 1154 εἰσελεύσεως,

233 1174 342 1228 οὒκ
381 1178 683 1249 ἀνασχετὸν
731 1182 796 1251 τῇ
833 1179 1081 1253 βασιλείᾳ
1126 1200 1226 1252 μου
1262 1181 1432 1246 ἔδοξε,
1470 1184 1705 1254 πρᾶγμα
1733 1181 1820 1236 διὰ

233 1267 503 1322 τοσούτου
526 1269 722 1340 χρόνου
755 1271 1099 1341 βασανισθὲν,
1131 1273 1227 1328 καὶ
1249 1276 1361 1339 τοῖς
1392 1276 1524 1346 πρὶν
1549 1275 1819 1348 πατριάρ-

230 1373 366 1426 χαις
430 1359 526 1412 καὶ
581 1361 696 1425 τοῖς
753 1362 934 1426 ἄλλοις
993 1363 1366 1435 ἀρχιερεῦσιν,
1423 1365 1560 1419 ἀλλὰ
1607 1365 1672 1436 δὴ
1726 1367 1818 1421 καὶ

228 1451 427 1514 αὐτοῖς
463 1455 578 1516 τοῖς
609 1452 705 1506 νῦν
735 1455 838 1508 οὐκ
883 1456 970 1508 ἐπ’
1002 1456 1210 1526 εὐλόγῳ
1248 1456 1490 1529 ἐρίζουσι
1527 1458 1819 1529 πράγματι

228 1540 328 1594 διὰ
377 1543 479 1612 τῆς
532 1544 878 1617 πολυημέρου
917 1546 1110 1618 δεχθὲν
1140 1549 1376 1618 σιωπῆς,
1410 1549 1549 1603 κατά
1577 1550 1639 1603 τὸ
1678 1567 1818 1622 παρ-

233 1633 401 1689 έλκον
425 1635 778 1707 ἀθετηθῆναι,
815 1639 912 1694 καὶ
940 1641 1014 1704 ὥς
1040 1659 1092 1695 τι
1122 1641 1231 1696 τῶν
1257 1643 1619 1714 ἠμελημένων
1649 1661 1818 1715 παρα-

230 1725 498 1796 συρῆναι.
554 1728 750 1782 Τοίνυν
785 1731 880 1784 καὶ
923 1731 1220 1804 διορίζεται
1262 1737 1549 1805 πράγματι
1593 1734 1816 1802 εὔλογον

229 1817 329 1868 καὶ
367 1819 512 1871 πάνυ
541 1819 752 1875 δίκαιον
799 1821 978 1877 τοῦτο.
1043 1825 1105 1876 Εἰ
1147 1824 1246 1894 μὲν
1281 1825 1390 1896 γὰρ
1446 1828 1686 1897 αἱροῖντο
1724 1826 1818 1881 καὶ

229 1908 402 1961 πάλιν
433 1911 483 1962 οἰ
512 1911 792 1983 ἀρχιερεῖς
838 1914 912 1984 μὴ
949 1917 1120 1968 κινεῖν
1172 1915 1241 1968 τὰ
1279 1916 1534 1987 ἀκίνητα,
1575 1918 1711 1988 μηδὲ
1747 1919 1817 1973 τὰ

227 2002 352 2062 τοῖς
395 2001 526 2072 πρὶν
566 2003 864 2074 δεδογμένα
894 2005 1170 2077 Πατράσιν
1191 2050 1205 2072 ,
1238 2007 1375 2060 ἀλλά
1405 2009 1468 2078 δὴ
1499 2009 1595 2062 καὶ
1628 2008 1815 2072 αὐτοῖς

226 2090 323 2143 διὰ
358 2093 458 2162 τῆς
513 2097 730 2166 μακρᾶς
773 2097 1101 2162 συνδόξαντα
1155 2099 1390 2170 σιωπῆς,
1441 2101 1536 2154 καὶ
1579 2101 1680 2171 τῆς
1709 2100 1816 2165 ἓως

226 2185 330 2236 τοῦ
354 2185 450 2238 νῦν
477 2187 694 2258 ἀνοχῆς,
725 2189 788 2242 ὲκ
815 2191 1182 2258 παλιμϐολίας
1212 2191 1400 2264 ὥσπερ
1431 2194 1812 2259 ἀναπαλαίειν,

226 2273 294 2327 εὖ
321 2273 389 2326 ἂν
419 2274 552 2344 ἔχοι,
603 2279 695 2330 καὶ
742 2279 923 2349 χάρις,
951 2281 1033 2334 ὅτι
1063 2281 1122 2334 τὸ
1155 2282 1392 2351 μάχιμον
1428 2284 1810 2354 καταθέμενοι,

229 2364 296 2414 τὸ
331 2363 608 2434 είρηναῖον
631 2370 1122 2441 προτετιμήκασιν.
1172 2373 1235 2425 Ei
1275 2373 1328 2425 δὲ
1358 2374 1453 2427 καὶ
1489 2375 1568 2427 ἔτι
1608 2376 1814 2430 τούτων

224 2458 382 2522 τινὲς
427 2459 537 2513 τῶν
591 2459 685 2514 τοῦ
746 2464 970 2526 κανόνος
1023 2467 1284 2536 ῥημάτων
1349 2469 1810 2540 ἀντιποιούμενοι,

229 2549 359 2620 (τῆς
388 2552 499 2623 γὰρ
537 2553 745 2616 ἑννοίας
773 2555 963 2626 πόρρω
1008 2558 1461 2633 ἀποδιεστηκασι)
1508 2561 1809 2631 πειρῶνται

225 2640 294 2693 τὸ
343 2643 543 2696 οἰκεῖον
566 2648 833 2716 συστῆσαι
866 2647 1098 2718 θέλημα,
1138 2650 1232 2702 καὶ
1257 2651 1352 2703 ἐπὶ
1397 2651 1458 2704 τὸ
1491 2653 1725 2706 ἄτακτον
1746 2655 1809 2706 ού

228 2733 417 2798 καλῶς
483 2736 580 2807 τὴν
637 2737 792 2802 τάξιν
859 2739 1340 2808 μεταϐιϐάζουσιν,
1398 2743 1465 2813 ἐᾷ
1503 2743 1600 2813 μὲν
1635 2743 1727 2797 νῦν
1779 2744 1812 2815 ἡ

227 2825 487 2894 βασιλεία
507 2846 608 2898 μου
642 2830 742 2900 τὴν
773 2830 865 2884 τοῦ
893 2832 1116 2894 κανόνος
1143 2834 1483 2903 ἑρμηνεῦσαι
1515 2837 1608 2890 καὶ
1636 2852 1812 2906 σαφη-

227 2917 382 2971 νίσαι
409 2919 573 2990 ὑφὴν,
605 2921 812 2994 ῥᾴστην
847 2922 1012 2977 οὖσαν
1035 2926 1452 2996 καταληφθῆναι
1474 2927 1568 2980 καὶ
1592 2929 1816 2996 διαγνω-

230 3008 434 3080 σθῆναι
503 3011 686 3076 καλῶς
746 3017 860 3078 τοῖς
895 3017 1196 3085 βάπτουσιν
1246 3018 1324 3080 είς
1356 3018 1667 3089 ἀκρίϐειαν,
1717 3022 1812 3076 καὶ

1925 535 2194 605 quosdam
2226 537 2512 606 pontiﬁces
2546 541 2845 600 ambitione
2909 549 3144 616 quadam
3200 551 3490 624 impulsos,

1925 627 2252 682 cltartularii
2314 629 2632 700 dignitatem
2706 637 3017 707 deprimere
3077 642 3234 706 velle,
3287 661 3496 718 perque

1925 731 2167 774 canones
2192 719 2248 774 in
2285 723 2524 778 medium
2569 726 2866 794 productos
2890 733 3245 800 contendere,
3269 753 3378 794 non
3415 741 3493 794 illi

1927 811 2231 866 sessionem
2291 829 2458 884 supra
2540 818 2824 888 pontiﬁces
2894 836 3224 894 competere,
3282 831 3496 899 quoties

1923 901 2006 955 eis
2052 902 2287 974 alicujus
2322 908 2526 977 negotii
2579 925 2743 967 causa
2789 917 3228 973 conveniendum
3281 921 3374 986 sit,
3440 933 3497 980 et

1925 1009 2035 1049 una
2071 998 2466 1054 considendum
2517 1001 2573 1056 in
2628 1014 2845 1072 senatu,
2903 1015 3029 1063 ante
3087 1025 3373 1069 accessum
3425 1016 3492 1070 ad

1927 1086 2276 1143 sanctitatem
2332 1100 2534 1147 tuam:
2596 1095 2819 1152 minime
2885 1097 3169 1157 ferendum
3222 1105 3494 1174 majestati

1927 1189 2061 1230 mete
2104 1177 2279 1233 visum
2344 1191 2458 1248 est,
2505 1193 2562 1238 ut
2590 1201 2676 1241 res
2729 1195 2883 1242 tanto
2922 1192 3036 1263 jam
3085 1201 3332 1266 tempore
3365 1215 3492 1268 pro-

1925 1266 2076 1336 bata,
2115 1278 2171 1325 et
2192 1286 2225 1325 a
2257 1276 2639 1341 superioribus
2672 1282 3024 1349 patriarcltis,
3058 1301 3122 1340 ac
3145 1266 3495 1357 pontiﬁcibus

1922 1360 2066 1428 aliis,
2119 1371 2286 1432 atque
2321 1364 2430 1421 illis
2488 1367 2623 1437 ipsis
2665 1371 2835 1438 adeo,
2885 1375 2978 1444 qui
3031 1374 3144 1447 jam
3186 1395 3294 1433 non
3342 1382 3492 1453 justa

1922 1450 1989 1506 de
2046 1467 2212 1508 causa
2277 1457 2549 1524 rixantur,
2621 1461 2884 1521 diuturno
2942 1468 3166 1526 silentio
3225 1473 3491 1540 admissa,

1924 1555 2150 1614 urgente
2175 1548 2320 1602 nulla
2353 1551 2562 1608 ratione
2585 1555 2887 1624 aboleatur,
2912 1568 2966 1615 et
2993 1564 3150 1631 quasi
3181 1567 3490 1636 neglectum

1922 1635 2132 1705 aliquid
2164 1642 2530 1698 convellatur.
2578 1643 2924 1718 Quapropter
2971 1655 3233 1721 quiddam
3266 1635 3490 1714 rationi

1922 1728 2080 1782 valde
2104 1740 2537 1788 consentaneum
2577 1746 2632 1790 et
2663 1752 2880 1808 aequum
2917 1746 3134 1799 statuit.
3166 1747 3379 1820 Quippe
3442 1753 3491 1808 si

1922 1819 2104 1875 adhuc
2155 1824 2443 1892 pontiﬁces
2500 1827 2724 1884 immota
2793 1847 2903 1888 non
2978 1851 3199 1894 movere
3265 1843 3489 1911 vellent,

1917 1925 2021 1967 nec
2074 1928 2194 1982 quae
2225 1917 2480 1984 placuere
2528 1923 2830 1991 superioris
2884 1931 3164 1984 memoria:
3209 1931 3488 2002 Patrihus,

1917 2010 1973 2056 et
2021 2003 2268 2073 ipsismct
2322 2009 2484 2079 longo
2507 2012 2726 2070 silentio
2760 2017 3138 2089 patientiaque
3164 2023 3232 2078 ad
3267 2026 3490 2083 hodier-

1919 2107 2049 2148 num
2079 2112 2250 2166 usque
2293 2099 2435 2155 diem
2481 2107 2836 2172 comprobata
2889 2108 3133 2179 fuerunt,
3193 2130 3261 2170 ex
3291 2117 3488 2174 incon-

1919 2187 2117 2241 stantia
2159 2189 2307 2256 vclut
2367 2207 2680 2265 oppugnare
2731 2206 2877 2256 recte
2927 2202 3208 2273 facerent,

1917 2275 2107 2335 bendte
2141 2281 2279 2352 ipsis
2321 2287 2530 2354 gratiae,
2555 2291 2698 2357 quod
2721 2293 2938 2362 abjecto
2967 2300 3243 2366 pugnandi
3279 2303 3484 2368 studio,

1916 2383 2109 2438 pacem
2149 2374 2331 2442 potius
2377 2379 2607 2449 amplexi
2643 2395 2846 2440 essent.
2901 2388 2971 2443 At
3026 2406 3157 2446 vero
3187 2395 3234 2447 si
3266 2395 3487 2464 quidam

1918 2460 2098 2517 adhuc
2137 2466 2300 2521 verba
2348 2473 2579 2528 canonis
2616 2488 2969 2546 usurpantes.
3025 2482 3269 2554 (quando
3297 2502 3325 2540 a
3362 2504 3491 2544 scn-

1914 2558 2086 2609 tentia
2145 2557 2304 2629 longe
2388 2562 2608 2634 absunt)
2674 2568 2954 2626 libidinem
3019 2587 3172 2628 suam
3253 2578 3488 2647 probare

1916 2648 2186 2717 nituntur,
2247 2653 2603 2726 ordinemque
2659 2661 2911 2729 nequiter
2983 2663 3040 2718 in
3106 2665 3486 2724 confusionem

1918 2739 2284 2798 inordinatam
2321 2757 2660 2805 commutant
2692 2767 2706 2804 :
2739 2754 2968 2810 canonis
2987 2756 3205 2825 quidem
3229 2762 3489 2829 majestas

1917 2847 2038 2886 mea
2085 2845 2401 2892 contextum
2452 2841 2805 2913 interpretari
2868 2862 2932 2900 ac
2972 2848 3254 2906 declarare
3299 2853 3486 2918 mittit,

1914 2936 2178 2995 perceptu
2231 2938 2284 2982 et
2320 2930 2602 2989 intellectu
2640 2935 2958 2993 facillimum
3012 2941 3104 3007 iis,
3142 2944 3234 3013 qui
3267 2946 3487 3002 subtili-

1917 3019 2031 3068 tate
2089 3024 2216 3070 sunt
2243 3018 2460 3085 imbuti,
2507 3033 2854 3098 mentemque
2879 3032 3106 3086 canonis
3146 3035 3424 3104 attingunt
3462 3053 3483 3094 ς

226 3101 530 3171 κανονικῆς
581 3101 793 3164 ἐννοίας
835 3103 1185 3172 θιγγάνουσιν
1206 3122 1218 3136 ·
1264 3105 1394 3157 αὐτὸ
1427 3106 1483 3158 δὲ
1509 3106 1669 3160 τοῦτο
1698 3110 1808 3171 τοῖς

1918 3116 2105 3156 verum
2157 3105 2260 3160 hoc
2294 3107 2347 3161 in
2399 3114 2748 3181 pontiﬁcibus
2785 3119 3158 3187 reprehendit,
3183 3101 3325 3192 quod
3358 3141 3482 3180 cum

230 3190 590 3262 ἀρχιερεῦσιν
622 3194 875 3264 ἐπιτιμᾷ,
907 3195 959 3247 τί
988 3195 1052 3265 δή
1080 3212 1206 3248 ποτε
1234 3194 1323 3250 τὸν
1356 3196 1554 3249 κανόνα
1583 3196 1808 3264 εἰδότες,

229 3282 421 3336 καὶτὰ
463 3286 683 3356 ῥήματα
728 3286 919 3340 τούτου
959 3287 1436 3359 ὲξακριὸούμενοι,
1467 3288 1567 3358 τὴν
1601 3288 1810 3342 ἑαυτῶν

230 3375 548 3446 συνείδησιν
591 3377 896 3445 ἀνευλόγως
959 3379 1267 3447 ἐπᾶτησαν,
1311 3380 1406 3433 καὶ
1450 3378 1546 3432 τοῦ
1585 3380 1811 3444 κανόνος

220 3469 791 3537 παραρῤιπτουμένου
825 3468 1124 3539 ἠνείχοντο,
1154 3472 1250 3523 καὶ
1289 3469 1388 3540 τὴν
1422 3471 1681 3541 ὑφεδρίαν
1714 3470 1806 3524 ἐπὶ

220 3557 338 3610 τῶν
393 3557 524 3629 πρὶν
579 3560 1013 3630 χαρτοφυλάκων
1065 3561 1402 3630 ἠσπάζοντο·
1467 3563 1563 3616 καὶ
1615 3563 1808 3633 μισθὸν

221 3646 444 3712 τούτοις
469 3650 567 3720 τῆς
601 3650 712 3702 τῶν
745 3650 905 3721 ἱερῶν
945 3651 1186 3705 κανόνων
1227 3654 1676 3725 περιφρονήσεως
1706 3654 1807 3726 τὴν

219 3739 326 3792 ἐπὶ
388 3739 490 3803 τὰς
547 3740 819 3810 λαχούσας
883 3743 1080 3804 αὐτοὺς
1142 3744 1465 3814 Ἐκκλησίας
1519 3745 1804 3813 ἀπέλασιν,

222 3827 438 3893 δίδωσι,
479 3830 667 3884 κανόνι
703 3831 993 3902 στοιχοῦσα
1018 3830 1302 3887 κάνταῦθα
1342 3833 1804 3905 ὲκκλησιαστικῷ,

218 3921 327 3974 καὶ
383 3923 497 3984 τοῖς
566 3928 992 3994 περιφρονηταίς
1051 3923 1158 3977 τῶν
1235 3926 1495 3993 κανόνων,
1558 3927 1803 3991 ἐκείνους

221 4012 433 4076 αὐτοὺς
496 4013 622 4078 τοὺς
678 4016 856 4086 ἱεροὺς
921 4015 1152 4080 κανόνας
1214 4018 1296 4080 εἰς
1355 4016 1566 4087 ἄμυναν
1618 4018 1806 4084 ἀντεξ-

217 4103 362 4174 άγου
371 4121 458 4161 σα.
501 4123 520 4158 ι

297 4203 409 4256 Καὶ
454 4204 576 4257 ἐπεὶ
619 4205 756 4274 μετά
795 4204 893 4276 τὴν
941 4205 1130 4260 τούτου
1180 4205 1516 4280 προκομιδὴν
1567 4203 1639 4258 τὰ
1697 4203 1805 4258 ἀπὸ

222 4297 454 4366 μακρᾶς
517 4297 806 4367 συνηθείας
847 4299 1220 4369 κραθήσαντα,
1254 4300 1350 4353 καὶ
1381 4297 1468 4351 διὰ
1521 4294 1802 4368 βασιλικοῦ

219 4385 654 4460 προστάγματος
703 4387 957 4456 γεγόνασι
1013 4388 1396 4460 κραταιότερα,
1459 4387 1802 4458 προκάθηται

1917 3205 2184 3249 canonem
2221 3211 2467 3267 nossent,
2500 3203 2730 3276 ejusque
2778 3210 2944 3264 verba
2991 3223 3348 3281 peraccurate
3409 3228 3488 3273 te-
3557 3271 3562 3276 ,

1915 3296 2132 3355 nerent,
2197 3305 2353 3345 suam
2417 3293 2662 3364 ipsorum
2700 3301 3097 3357 conscientiam
3149 3316 3348 3376 praeter
3400 3325 3488 3365 ra-

1916 3376 2119 3432 tionem
2157 3383 2568 3451 conculcarint,
2598 3399 2651 3444 et
2681 3392 2834 3460 rejici
2871 3408 3132 3450 canonem
3168 3402 3318 3468 passi
3353 3402 3486 3469 sint,

1914 3481 1980 3522 ac
2011 3469 2324 3528 inferiorem
2357 3480 2660 3535 sessionem
2697 3483 2802 3538 sub
2853 3491 3132 3544 memoria:
3183 3495 3487 3562 superioris

1915 3559 2265 3620 clrartulariis
2297 3568 2530 3638 amplexi
2563 3570 2786 3629 fuerint.
2826 3575 3064 3648 Ideoque
3085 3595 3182 3650 pro
3204 3597 3486 3642 sacrorum

1912 3665 2184 3708 canonum
2243 3668 2522 3729 contentu,
2547 3665 2852 3723 mercedem
2920 3669 3062 3727 banc
3091 3673 3172 3730 eis
3204 3673 3489 3747 [majestas

1913 3743 2060 3818 mea]
2093 3748 2306 3815 tribuit,
2343 3762 2404 3808 ut
2429 3768 2559 3810 suas
2589 3759 2656 3811 ad
2694 3751 2975 3818 Ecclesias
3016 3743 3346 3837 aliigan'tur';
3393 3789 3488 3828 ec-

1910 3837 2207 3896 clesiastici
2268 3845 2496 3902 canonis
2538 3848 2707 3904 etiam
2746 3851 2850 3908 bac
2903 3854 2960 3909 in
3018 3867 3177 3927 parte
3233 3866 3483 3934 vestigiis

1911 3928 2194 4000 insistens,
2245 3945 2300 3990 et
2373 3939 2636 3997 adversus
2706 3959 2980 4002 canonum
3057 3959 3484 4022 contemptores,

1912 4018 2062 4090 ipsos
2119 4037 2358 4084 canones
2418 4044 2606 4088 sacros
2631 4032 2686 4088 in
2730 4035 3037 4094 subsidium
3086 4043 3418 4110 producens.
3457 4067 3479 4102 ι

1981 4207 2048 4263 Et
2099 4212 2356 4280 quoniam
2421 4214 2526 4271 hoc
2589 4218 2935 4290 promulgato
3000 4236 3098 4290 ea,
3149 4240 3270 4296 qua:
3319 4227 3486 4301 longa

1911 4303 2318 4360 consuetudine
2358 4305 2728 4371 iuvaluerant.
2770 4326 2868 4382 per
2907 4313 3081 4383 ipsius
3122 4319 3286 4372 etiam
3331 4322 3489 4390 prin-

1911 4388 2054 4460 cipis
2098 4391 2339 4448 edictum
2387 4397 2561 4466 magis
2609 4400 2852 4456 stabilita
2899 4403 3165 4462 luerunt:
3196 4388 3482 4466 chartula-

220 4476 395 4547 μέχρι
450 4477 547 4531 τοῦ
585 4477 680 4530 νῦν
722 4479 922 4542 παντὸς
970 4478 1474 4570 ἀρχιερατεύοντος,
1512 4477 1616 4570 κᾶν
1662 4477 1802 4570 τύχη

1916 4485 2028 4537 rius
2082 4483 2139 4537 in
2188 4485 2336 4541 hunc
2379 4502 2553 4555 usque
2607 4490 2752 4546 diem
2804 4494 2958 4551 sedet
3009 4505 3135 4554 ante
3183 4503 3487 4570 quemlibet

214 4567 413 4623 τοῦτον
463 4570 560 4622 καί
612 4569 890 4638 βασιλικὸν
944 4569 1089 4640 ἔχειν
1143 4568 1377 4639 ἀξίωμα,
1419 4567 1719 4638 ὑπερτίμου
1763 4567 1796 4636 ἢ

216 4661 717 4731 ⁴πρωτοσυγκέλλου
745 4663 930 4731 τυχόν.
969 4663 1079 4716 Καὶ
1109 4663 1233 4715 τότε
1275 4663 1370 4732 μὲν
1398 4662 1538 4716 οὕτω
1586 4661 1796 4715 διευλυο

217 4750 372 4820 τὼθη
398 4753 458 4805 τὸ
487 4753 654 4820 δῆθεν
695 4754 1018 4823 ἀμφίϐολον.
1063 4754 1202 4823 Ἐγὼ
1237 4754 1295 4806 δὲ
1319 4753 1395 4823 τῷ
1424 4752 1688 4824 βασιλικῷ
1715 4753 1796 4806 δι-

214 4841 444 4913 ορισμῷ
482 4841 625 4896 κατά
647 4843 706 4896 τὸ
739 4843 1126 4912 νενομισμένον
1156 4843 1486 4908 ἀκολουθῶν,
1523 4845 1586 4913 τῇ
1625 4859 1794 4894 κατα-

214 4933 572 5007 σκευαζούσῃ
595 4930 789 5004 γνώμῃ
819 4933 920 5003 τὴν
950 4935 1243 5006 προεδρίαν
1263 4935 1357 4989 τοῦ
1383 4933 1798 5007 χαρτοφύλακος

208 5023 304 5077 διὰ
335 5023 505 5094 μόνην
552 5025 651 5094 τὴν
689 5025 934 5095 ἄγραφον
972 5026 1320 5096 μακροτάτην
1363 5025 1670 5096 συνήθειαν,
1699 5024 1798 5094 τὴν

207 5120 339 5174 ἀντὶ
411 5119 579 5188 νόμου
663 5120 1254 5191 παραλαμϐανομένην,
1314 5121 1389 5184 ὡς
1465 5120 1794 5190 γέγραπται,

212 5211 280 5263 οὐ
339 5209 726 5279 προστίθεμαι.
780 5207 911 5262 Οἶδα
949 5210 1058 5279 γὰρ
1110 5211 1230 5262 τότε
1272 5211 1371 5281 τὴν
1411 5209 1626 5280 μακρὰν
1666 5225 1794 5262 συν-

211 5299 412 5373 ήθειαν
442 5301 564 5355 ἀντὶ
616 5301 784 5372 νόμου
838 5304 1080 5372 κρατεῖν,
1124 5302 1545 5374 δοκιμασθεῖσαν
1578 5302 1794 5364 πάντως

211 5392 576 5458 δικαστικῶς,
623 5393 712 5446 ὅτε
762 5392 918 5463 νόμοι
975 5393 1071 5448 καὶ
1114 5395 1337 5458 κανόνες
1370 5396 1458 5448 διὰ
1486 5394 1688 5465 ταύτης
1731 5391 1791 5444 ού

210 5485 611 5559 παραλύονται.
645 5485 808 5556 Λέγω
827 5485 883 5540 δὲ
909 5486 1008 5558 τὴν
1035 5487 1359 5558 προεδρείαν
1382 5487 1526 5559 ἔχειν
1541 5487 1632 5541 τὸν
1657 5502 1792 5556 χαρ-

1911 4575 2249 4645 pontiﬁcem,
2282 4577 2412 4634 licet
2449 4580 2770 4650 dignitatem
2815 4585 3015 4642 habeat
3057 4589 3127 4645 ab
3163 4590 3284 4662 ipso
3329 4595 3485 4664 prin-

1909 4664 2030 4734 cipe
2069 4679 2412 4733 concessam,
2458 4678 2518 4724 ut
2579 4671 2890 4744 hypertimi,
2938 4677 3024 4732 vel
3069 4687 3482 4756 protosyncelli.

1906 4754 1987 4811 Ac
2026 4764 2159 4812 tunc
2191 4759 2413 4828 quidem
2461 4763 2778 4834 ambiguum
2815 4767 2919 4837 hoc
2964 4770 3035 4824 ita
3067 4754 3309 4831 solutum
3356 4778 3480 4836 fuit.

1902 4849 2017 4922 Ego
2064 4867 2194 4906 vero
2242 4861 2388 4908 srcut
2426 4852 2774 4925 imperatoris
2809 4861 3099 4929 sanctioni,
3141 4875 3307 4935 prout
3347 4869 3479 4941 legio

1904 4942 2007 4997 bus
2057 4951 2335 5012 receptum
2395 4955 2519 5010 est,
2575 4947 2852 5003 assentior
2904 4967 2918 5006 :
2969 4952 3046 5008 ita
3100 4961 3473 5031 sententiam,

1904 5029 2244 5084 chartulario
2291 5031 2525 5099 primam
2581 5037 2886 5092 sessionem
2939 5050 3322 5110 astruentem.
3376 5029 3474 5121 per

1903 5121 2075 5175 solam
2109 5134 2220 5175 non
2259 5121 2518 5190 scriptam
2551 5122 2852 5195 longissimi
2883 5134 3143 5203 temporis
3171 5149 3472 5194 consuetu-

1904 5209 2106 5275 dinem,
2138 5226 2258 5281 qua:
2293 5211 2427 5282 legis
2460 5214 2540 5282 (ut
2576 5224 2734 5270 antea
2770 5219 3116 5297 scripsimus)
3156 5227 3279 5284 loco
3319 5229 3474 5284 duci-

1903 5309 1992 5354 tur
2037 5300 2169 5372 (65),
2204 5302 2427 5357 minime
2466 5304 2657 5373 probo.
2693 5305 2905 5380 Quippe
2943 5321 3074 5370 tunc
3106 5317 3222 5371 scio
3260 5317 3472 5375 diutur-

1907 5408 2030 5448 nam
2064 5394 2518 5449 consuetudinem
2553 5411 2650 5467 pro
2677 5397 2793 5470 lege
2812 5403 3012 5469 valere,
3040 5409 3268 5462 omnino
3291 5417 3472 5466 tamen

1903 5483 1956 5537 in
1979 5483 2188 5555 judicio
2217 5483 2371 5554 prius
2402 5485 2794 5559 examinatam,
2819 5503 2941 5546 cum
2974 5492 3121 5565 leges
3146 5503 3200 5550 et
3233 5510 3472 5556 canones

1720 5661 1952 5718 NOTAE.

281 5754 398 5829 (65)
431 5754 471 5811 l.
495 5755 564 5811 '54
596 5756 657 5810 D.
697 5755 942 5827 Delegib.
996 5763 1050 5813 et
1079 5759 1116 5812 Ι.
1146 5759 1198 5812 3.
1232 5760 1292 5816 C.
1330 5760 1461 5828 Quae
1514 5761 1582 5816 sit
1635 5761 1778 5831 long.
1821 5768 2050 5816 consuet.

537 5851 809 5912 Pnnon.
841 5852 960 5910 Gn.
1001 5849 1130 5910 CXI
1147 5852 1225 5912 Χ.

3031 5862 3108 5926 38
