3990 6568
538 359 675 427 1195

1823 357 1962 419 JUS
1994 337 2438 420 CANONICUM

3649 362 3767 427 1196

536 488 630 544 per
645 484 762 526 eam
781 484 888 525 non
908 465 1285 524 debilitantur.
1300 464 1471 538 igitur
1487 464 1992 531 aio,citartularium
2015 464 2105 518 ha-

2211 464 2516 535 τοφύλακα,
2549 462 2691 519 κατὰ
2722 465 2823 538 τὴν
2850 467 2961 522 τῶν
2983 462 3147 523 θείων
3183 467 3428 523 διακόνων
3468 469 3764 542 περίληψιν,

533 566 664 621 bere
677 563 910 634 primam
932 561 1227 616 sessionem
1254 561 1414 613 etiam
1433 557 1727 613 secundum
1748 557 1799 612 id
1828 556 1991 628 .quod
2022 570 2110 611 sa-

535 658 647 712 cris
663 655 971 711 canonibus
984 653 1332 707 continetur:
1358 650 1501 721 quod
1527 665 1660 705 sane
1677 664 1829 706 sacra
1849 647 2115 720 principis

534 746 1101 814 circumspectiotunc
1122 749 1314 811 sponte
1342 740 1576 798 reticuit.
1596 739 1729 795 Nam
1754 741 1881 794 licet
1902 740 2112 797 indica-

534 844 629 892 tus
650 836 737 890 ille
758 833 957 888 Nicaeui
980 835 1139 901 primi
1156 828 1374 886 concilii
1397 846 1570 885 canon
1595 831 1807 897 statuit,
1823 832 2111 886 diaronum

534 944 634 983 nec
656 927 996 997 participare,
1021 940 1121 980 nec
1141 925 1331 979 sedere
1351 934 1475 980 ante
1487 924 1820 988 sacerdotes,
1847 923 2111 992 septimus

533 1028 718 1077 tamen
734 1033 911 1074 canon
940 1025 1145 1072 sanctae
1172 1033 1235 1072 ac
1274 1018 1603 1073 universalis
1621 1014 1988 1088 scxtaasynodi
2018 1014 2111 1084 ju-

534 1114 645 1178 bet,
678 1122 735 1168 ut
760 1112 828 1176 is,
862 1111 955 1181 qui
983 1125 1274 1181 personam
1305 1111 1651 1179 patriarchae,
1675 1111 1759 1165 vel
1787 1109 2113 1179 simpliciter

533 1203 779 1275 episc0pi
832 1204 1013 1271 gerit,
1066 1212 1194 1256 ante
1251 1201 1569 1256 sacerdotes
1620 1200 1829 1257 sedeat.
1874 1199 2111 1271 Ideoque

532 1310 767 1363 magnus
815 1308 878 1347 ac
927 1301 1150 1348 sanctus
1194 1292 1357 1346 etiam
1407 1292 1670 1363 Cyrillus,
1708 1292 2110 1349 Alexandrinus

537 1403 720 1459 papa,
769 1386 934 1457 capiti
990 1386 1215 1440 fasciam
1267 1384 1630 1441 circumdedit
1683 1399 1947 1450 auream,
1997 1400 2109 1455 quo

534 1490 781 1549 tempore
830 1487 1032 1532 sanctae
1086 1485 1140 1532 et
1180 1477 1477 1532 universali
1518 1478 1697 1532 tertiae
1735 1477 1945 1548 synodo
1972 1492 2110 1548 prte-

533 1569 656 1621 fuit.
708 1565 921 1638 Quippe
967 1566 1225 1622 Celestini
1280 1568 1454 1623 locum
1516 1567 1793 1623 obtinebat
1837 1568 1978 1637 ejus,
2015 1568 2108 1638 qui

532 1659 838 1712 Romanam
867 1667 999 1712 tunc
1028 1658 1254 1727 regebat
1282 1657 1618 1727 Ecclesiam;
1649 1659 2106 1729 quemadmodum

532 1750 703 1820 liquet
735 1765 800 1804 ex
831 1750 971 1803 actis
996 1749 1240 1819 ejusdem
1288 1751 1481 1821 synodi
1527 1754 1714 1808 tertiae.
1750 1753 1818 1807 Et
1864 1767 1970 1822 qua
2001 1752 2107 1807 Ce-

533 1841 764 1898 iestinus
816 1842 1076 1897 utebatur
1126 1840 1340 1911 gloria,
1405 1844 1706 1898 secundum
1768 1845 2103 1899 sanctionem

533 1933 801 2004 apostolis
832 1931 1059 2001 aqualis
1097 1930 1245 1985 illius
1277 1931 1451 1986 sancti
1485 1934 1775 2003 magnique
1832 1933 2107 1987 Constan-

531 2025 656 2087 tini,
687 2023 890 2078 factam
924 2026 991 2078 ad
1024 2034 1275 2079 sanctum
1325 2023 1678 2093 Silvestrum,
1719 2040 1842 2078 cutn
1896 2025 2105 2094 imperii

532 2126 749 2189 sceptra
808 2132 907 2187 per
961 2116 1058 2171 Dei
1118 2114 1518 2186 providentiam
1583 2131 1646 2170 ex
1702 2118 1871 2171 veteri
1935 2115 2105 2171 Roma

529 2209 969 2265 transferrentur
1001 2208 1056 2263 in
1107 2208 1248 2263 hanc
1284 2207 1470 2262 urbem
1520 2206 1738 2261 urbium
1771 2208 2104 2278 principem;

528 2316 639 2373 qua
679 2303 965 2366 statuitur,
1002 2315 1165 2355 aurea
1200 2299 1374 2354 fascia
1408 2308 1524 2353 tum
1560 2299 1734 2369 ipsius
1778 2298 1955 2353 sancti
2005 2297 2108 2353 Sil-

527 2395 724 2462 vestri,
766 2403 879 2450 tum
928 2408 1313 2449 successorum
1356 2394 1501 2462 ejus,
1541 2391 1863 2462 pontificum
1905 2391 2107 2446 Roma-

527 2504 727 2544 norum
773 2494 942 2558 caput
990 2485 1352 2541 condecorari
1394 2485 1593 2540 debere
1626 2502 1640 2539 :
1672 2485 1860 2539 cadent
1899 2492 1955 2539 et
1996 2484 2105 2556 Cy-

528 2580 689 2635 rillus
743 2576 1139 2633 exornabatur.
1184 2577 1553 2643 Quamobrem
1610 2585 1666 2632 et
1722 2575 1777 2643 ii,
1828 2576 1921 2648 qui
1983 2585 2108 2646 post

526 2673 709 2745 ipsum
753 2670 1103 2727 Alexandriae
1150 2671 1534 2743 pontificatum
1594 2686 1841 2743 gessere,
1887 2682 2108 2742 propter

527 2773 792 2821 mternam
861 2763 1184 2817 memoriam
1249 2763 1392 2833 ejus,
1445 2763 1588 2833 quod
1650 2773 1778 2818 tunc
1825 2762 2105 2818 decretum

531 2855 656 2922 fuit,
685 2854 877 2911 eodem
930 2855 1094 2910 modo
1139 2856 1194 2909 in
1229 2855 1374 2910 hunc
1410 2870 1584 2925 usque
1613 2854 1754 2909 diem
1799 2855 1959 2910 titulo
2006 2870 2109 2911 suo

528 2951 989 3005 cohonestanlur.
1018 2947 1268 3019 Cumque
1299 2962 1491 3004 omnes
1518 2949 1608 3002 alii
1638 2949 1910 3018 capitibus
1946 2964 2108 3019 aper-

528 3043 604 3097 tis
652 3056 742 3095 res
788 3055 979 3097 sacras
1028 3049 1322 3112 peragant,
1364 3041 1515 3095 solus
1559 3040 1963 3096 Alexandrinus
2014 3057 2109 3111 pa-

2134 1806 2182 1868 B

2211 557 2368 611 10610
2393 557 2588 629 δπερή
2635 557 2906 628 βασίλειος
2943 557 3063 613 θεία
3101 558 3352 631 περιωπή
3399 561 3581 615 ἑκοντὶ
3628 578 3766 631 τηνι-

2211 646 2389 701 καῦτα
2429 647 2849 719 παρεσιὼπησε.
2884 648 3005 703 Κᾶν
3040 648 3151 721 γὰρ
3179 652 3206 702 6
3238 648 3424 720 ῥηθεὶς
3462 649 3568 717 τῆς
3597 651 3658 702 ἐκ
3680 649 3765 703 Νιο

2209 740 2344 812 καίᾳ
2376 739 2600 812 πρώτης
2644 743 2862 796 συνόδου
2913 741 3092 796 κανὼν
3121 742 3444 813 διορίζηται,
3494 742 3571 814 μὴ
3614 758 3761 811 μετασ

2217 832 2522 904 λαμϐάνειν
2554 832 2690 903 μηδὲ
2721 834 2992 904 καθῆσθαι
3028 835 3133 905 πρὸ
3161 836 3267 888 τῶν
3292 836 3487 906 ίερέων
3515 837 3766 905 διάκονον,

2210 924 2326 979 ἀλλ’
2350 926 2378 977 6
2402 922 2448 990 ζ’
2473 922 2652 977 κανὼν
2696 922 2797 993 τῆς
2827 924 2986 993 άγίας
3033 925 3128 979 καὶ
3180 925 3567 994 οίκουμενικῆς
3619 926 3767 996 ἕκτης

2213 1015 2433 1069 συνόδου
2500 1014 2976 1081 παρακελεύεται,
3034 1013 3128 1068 τὸν
3185 1014 3451 1085 ἐπέχοντα
3490 1016 3766 1086 πρόσωπον

2213 1107 2619 1179 πατριαρχικὸν
2646 1106 2677 1177 ἦ
2716 1106 2902 1170 άπλῶς
2932 1107 3314 1172 έπισκοπικδν,
3342 1106 3448 1178 πρὸ
3468 1107 3576 1159 τῶν
3594 1109 3766 1179 ἱερέων

2210 1199 2560 1264 καθέζεσθαι.
2597 1199 2687 1251 Διὸ
2719 1199 2814 1252 καὶ
2845 1200 2874 1253 6
2913 1200 3084 1268 μέγας
3117 1198 3273 1266 ἅγιος
3310 1199 3579 1267 Κύριλλος
3604 1203 3631 1253 6
3672 1201 3763 1255 πά·-

2209 1306 2321 1355 πας
2389 1289 2833 1363 Ἀλεξανδρείας,
2882 1289 2976 1343 ἐπὶ
3029 1290 3272 1360 κεφαλῆς
3319 1288 3555 1359 χρυσοῦν
3608 1289 3764 1363 λῶρον

2209 1382 2627 1454 περιεϐέϐλητο,
2660 1383 2748 1435 ὅτε
2791 1382 2892 1451 τῆς
2922 1381 3089 1450 ἁγίας
3121 1381 3217 1435 καὶ
3242 1382 3630 1452 οίκουμενικῆς
3657 1385 3759 1454 τρί-

2208 1491 2311 1544 της
2354 1472 2572 1527 συνόδου
2623 1473 2940 1545 προΐστατο.
2981 1472 3200 1541 Ἐπεῖχε
3234 1474 3343 1544 γὰρ
3374 1473 3470 1526 καὶ
3496 1472 3591 1525 τὸν
3619 1474 3764 1531 τόπον

2207 1566 2304 1621 τοῦ
2345 1564 2692 1631 Κελεστίνου,
2751 1565 2847 1619 τοῦ
2892 1565 2992 1636 τὴν
3046 1563 3367 1632 Ἐκκλησίαν
3420 1564 3524 1632 τῆς
3567 1563 3764 1635 Ῥώμης

2213 1658 2507 1723 ίθύνοντος,
2531 1657 2715 1722 καθὼς
2752 1657 2911 1713 τοῦτο
2949 1658 3285 1731 παρίσταται
3317 1659 3382 1712 ὲκ
3412 1655 3521 1713 τῶν
3553 1672 3763 1729 πρακτι·

2210 1749 2330 1806 κῶν.
2350 1750 2454 1822 ,τῆς
2480 1749 2675 1822 ,τρίτης
2721 1751 2960 1805 συνόδου.
3018 1751 3127 1804 Καὶ
3159 1752 3236 1814 ὡς
3266 1751 3478 1813 ἐκεῖνος
3513 1750 3763 1820 ἐμεγαλὺ-

2209 1862 2349 1908 νετο,
2398 1842 2539 1898 κατὰ
2591 1844 2652 1897 16
2713 1841 2992 1914 θέσπισμα
3044 1843 3139 1896 τοῦ
3214 1843 3574 1896 ίσαποστόλου
3626 1844 3763 1911 ἁγίου

2211 1936 2448 2011 μεγάλω
2492 1934 2927 2000 Κωνσταντίνου,
2969 1935 3031 1988 τὸ
3065 1937 3291 2003 γεγονὸς
3325 1936 3465 2005 πρδς
3505 1937 3597 1989 τὸν
3627 1934 3764 2004 ἅγιον

2209 2028 2554 2100 Σίλδεστρον,
2587 2028 2675 2081 ὅτε
2710 2027 2774 2080 τὰ
2826 2030 3083 2098 σκῆπτρα
3110 2027 3211 2097 τῆς
3263 2025 3550 2097 βασιλείας
3581 2028 3642 2081 ὲκ
3680 2029 3766 2098 τῆς

2208 2116 2445 2184 παλαιᾶς
2494 2120 2712 2190 Ῥώμης
2761 2121 2903 2175 κατὰ
2931 2119 3066 2173 Θεοῦ
3115 2120 3373 2189 πρόνοιαν
3417 2118 3768 2191 μετετέθησαν

2207 2214 2287 2275 εἰς
2318 2214 2417 2281 τὴν
2448 2212 2555 2264 τῶν
2595 2212 2804 2265 πόλεων
2832 2211 3245 2282 βασιλεύουσαν,
3276 2212 3371 2264 καὶ
3393 2211 3769 2284 διοριζόμενον,

2212 2305 2353 2376 μετὰ
2392 2305 2775 2373 χρυσοπάστου
2806 2302 2981 2373 λώρου
3014 2303 3113 2371 τὴν
3144 2302 3237 2355 106
3270 2302 3428 2372 ἁγίου
3462 2303 3768 2372 Σιλδέστρου

2208 2393 2478 2463 κεφαλὴν,
2517 2394 2610 2447 καὶ
2636 2392 2746 2447 τῶν
2779 2392 2897 2462 μετ’
2917 2392 3079 2445 αὑτὸν
3101 2391 3403 2464 ἀρχιερέων
3430 2392 3531 2461 τῆς
3568 2391 3771 2463 Ῥώμης

2209 2481 2741 2543 κατακαλλύνεσθαι,
2793 2482 2889 2533 καὶ
2940 2481 3102 2545 αὐτὸς
3156 2481 3592 2551 τοιουτοτρόπως
3643 2480 3763 2533 καθ-

2207 2577 2493 2643 ωραῒζετο.
2514 2572 2820 2627 Κάντεῦθεν
2842 2574 2934 2625 καὶ
2966 2574 3013 2625 οί
3035 2571 3152 2640 μετ’
3176 2573 3380 2625 ἐκεῖνον
3410 2573 3492 2635 είς
3533 2570 3769 2636 Ἀλεξάν-

2206 2667 2391 2737 δρειαν
2446 2664 2944 2737 ἀρχιερατεΰοντες,
2995 2664 3084 2717 διὰ
3143 2664 3365 2733 μνήμην
3420 2664 3643 2716 αἰώνιον
3688 2662 3767 2716 τοῦ

2206 2756 2329 2810 τότ-ε
2359 2755 2737 2820 συνδόξαντος,
2788 2752 3051 2813 ὡσαύτως
3089 2753 3249 2821 μέχρι
3281 2751 3377 2804 τοῦ
3403 2750 3505 2805 νῦν
3550 2768 3769 2805 κατακο-

2209 2851 2474 2919 σμοῦνται
2535 2845 3096 2916 στηλογρανξοὺμενοι.
3145 2843 3256 2897 Καὶ
3321 2844 3543 2896 πάντων
3594 2845 3769 2915 ἀπερι-

2208 2941 2507 3004 καλύπτοις
2568 2939 2994 3010 ἱερουργούντων
3031 2940 3151 3000 ταῖς
3202 2935 3469 3005 κεφαλαῖς
3497 2975 3512 3001 ,
3566 2935 3766 3003 μόνοςδ

2207 3032 2558 3103 πατριάρχης
2599 3027 3005 3096 Ἀλεξανδρείας
3027 3026 3301 3095 ίερουργεῖ
3328 3024 3465 3093 μετᾶ
3490 3021 3587 3074 τοῦ
3610 3020 3764 3093 λώρου

530 3135 775 3189 triarcha
834 3148 947 3188 rem
1008 3133 1251 3189 divinam
1303 3132 1476 3197 facit,
1533 3132 1704 3187 fascia
1751 3133 1897 3186 dicta
1944 3142 2105 3203 caput

2213 3124 2311 3194 τὴν
2357 3122 2601 3192 κεφαλὴν
2650 3119 3080 3186 καλυπτόμενος.
3124 3118 3231 3169 Καὶ
3273 3116 3401 3177 τοὺς
3463 3114 3675 3167 δώδεκα
3719 3113 3766 3165 δὲ

433 3252 452 3272 ο
531 3227 852 3283 obvolutus.
884 3224 1192 3292 Quinetiam
1247 3241 1325 3280 xu
1371 3226 1496 3281 illos
1548 3224 1895 3281 cardinarios
1942 3222 2101 3294 Papae

2214 3213 2623 3286 Καρδηναρίους
2658 3209 2750 3263 τοῦ
2797 3209 2961 3262 Πάπα
3014 3205 3330 3277 παρομοίως
3379 3204 3654 3274 βλέπομεν
3686 3221 3765 3256 κε-

533 3318 899 3375 consimiliter
945 3319 1195 3373 videmus
1240 3318 1397 3387 pileis
1451 3319 1634 3372 aureis
1684 3329 1911 3371 ornatos
1967 3315 2101 3387 (61),

2209 3309 2509 3379 κοσμένους
2538 3305 2759 3375 χρυσοῖς
2788 3301 2981 3370 metr,
2993 3315 3178 3369 μασιν,
3199 3296 3273 3360 ὡς
3298 3294 3766 3364 ἀντιπροσωποῧν-

534 3411 701 3467 veluti
728 3410 884 3480 Papae
914 3425 1203 3479 personam
1232 3418 1705 3481 repraesentantes,
1734 3408 1961 3479 ejusque
1980 3409 2105 3478 jura

2209 3420 2309 3465 τας
2338 3399 2416 3470 τῷ
2450 3399 2636 3461 Πάπα,
2669 3397 2767 3449 καὶ
2813 3393 2881 3447 16.
2913 3394 3104 3446 τούτου
3164 3389 3524 3459 στηρίζοντας
3575 3387 3765 3440 δίκαια.

532 3477 849 3556 fulcientes.
876 3477 1014 3555 Nam
1052 3477 1415 3572 appellatione
1445 3501 1688 3555 cardinis
1730 3477 1885 3572 apud
1906 3477 2105 3557 Roma-

2207 3494 2444 3564 Κάρδων
2476 3492 2587 3561 γὰρ
2616 3488 2768 3557 παρὰ
2818 3483 3126 3553 Ῥωμαίοις,
3157 3482 3215 3534 αἱ
3267 3481 3421 3544 φλιαὶ
3465 3478 3576 3533 τῶν
3603 3477 3767 3547 θυρῶν

533 3605 634 3646 nos
679 3597 866 3661 postes
906 3568 1397 3646 feriunt—veniunt.
1443 3591 1628 3662 itaque
1674 3568 2103 3648 consentaneum

2207 3580 2587 3652 ὀνομάζονται.
2625 3579 2866 3647 Ἀραρεν
2894 3569 2989 3627 οὖν
3032 3570 3320 3640 ἀληθεύειν
3370 3569 3622 3640 ἐναργῶς
3658 3568 3768 3630 τοὺς

530 3690 638 3747 est,
679 3658 777 3737 eos
818 3682 964 3737 haud
994 3681 1159 3738 dubie
1199 3698 1387 3739 verum
1434 3658 1641 3749 dicere,
1672 3687 1763 3755 qui
1796 3685 2102 3759 perhibent,

2207 3671 2464 3753 λέγοντας
2495 3669 2593 3723 καὶ
2640 3667 2733 3720 τὸν
2762 3665 2901 3720 κατὰ
2939 3664 3169 3734 καιροὺς
3213 3660 3609 3731 χαρτοφὺλακα
3645 3658 3767 3728 μετὰ

531 3776 697 3831 etiam
734 3773 1005 3845 cujusque
1052 3777 1316 3847 temporis
1364 3776 1755 3833 chartularium
1796 3794 1957 3834 aurea
1986 3778 2105 3850 ejus

2207 3751 2462 3834 τοιαύτης
2493 3762 2688 3832 τιάρας
2720 3758 2929 3829 χρυσῆς
3135 3753 3527 3850 μετρουμένων
3573 3751 3765 3824 χρρνων

528 3868 678 3922 modi
726 3866 891 3933 tiara,
936 3875 1123 3922 certos
1175 3874 1302 3921 ante
1343 3883 1537 3935 annos,
1582 3870 1641 3925 in
1696 3871 1931 3941 publicis
1979 3872 2103 3941 qui-

531 3957 761 4015 busdam
801 3959 1166 4014 conventibus
1214 3975 1395 4025 usum,
1442 3960 1536 4030 qui
1586 3977 1695 4016 non
1747 3969 1958 4016 tantum
2007 3976 2106 4032 pro

530 4060 688 4107 more
748 4050 1084 4106 haberentur
1128 4052 1182 4105 in
1234 4049 1534 4117 Ecclesiis,
1593 4067 1780 4107 verum
1827 4055 1990 4108 etiam
2046 4054 2102 4110 in

528 4142 999 4213 processionibus,
1050 4150 1106 4198 et
1154 4141 1288 4199 foris
1340 4144 1589 4211 publicis.
1629 4144 1809 4214 Atque
1852 4144 2104 4213 equidem

529 4244 682 4289 certo
710 4234 846 4300 scio,
875 4236 929 4289 in
975 4234 1122 4290 hunc
1156 4250 1330 4304 usque
1357 4234 1500 4289 diem
1534 4236 1831 4304 repositum
1868 4250 1989 4290 esse
2017 4234 2105 4306 pi-

530 4325 673 4380 leum
707 4327 829 4395 ejus
858 4328 1007 4380 modi
1036 4342 1172 4381 auro
1199 4326 1596 4395 interspersum
1624 4326 1677 4381 in
1714 4340 1837 4381 arca
1877 4326 2105 4384 chartu-

530 4416 655 4471 larii
685 4432 699 4470 :
726 4430 904 4485 neque
948 4415 1167 4487 longum
1209 4417 1519 4482 intercedit,
1553 4430 1616 4470 ac
1658 4424 1922 4471 remotum
1965 4425 2103 4471 tem-

2206 3858 2393 3920 τινῶν,
2424 3854 2483 3909 ἔν
2513 3869 2624 3908 τισι
2673 3851 2973 3922 πανδήμοις
3004 3846 3325 3914 δοξάζεσθαι
3378 3848 3764 3917 πανηγύρεσιν,

2204 3949 2267 4001 οὐ
2303 3948 2464 4017 μόνον
2500 3946 2587 3999 ἐπ’
2645 3943 2974 4012 Ἐκκλησίας
3033 3940 3369 4011 γινομέναις,
3432 3940 3510 4003 ὡς
3564 3938 3765 4002 εἴωθεν,

2212 4040 2347 4094 ἀλλά
2382 4042 2475 4093 καὶ
2499 4041 2557 4091 ὲν
2579 4037 2848 4109 προόδοις,
2873 4036 2969 4088 καί
2991 4035 3240 4104 ἀγοραῖς.
3271 4031 3770 4103 Πεπληροιρόρημαι

2204 4132 2262 4185 δὲ
2290 4133 2386 4186 καὶ
2419 4130 2599 4193 αὐτὸς,
2633 4127 2952 4183 ἀποκεῖσθαι
2995 4126 3152 4197 μέχρι
3180 4125 3273 4177 106
3313 4125 3407 4177 νῦν
3461 4126 3541 4188 είς
3594 4124 3654 4177 16
3680 4122 3765 4175 τοῦ

2206 4222 2616 4295 χαρτονρύλακος
2664 4214 2941 4282 κιϐώτιον,
2978 4218 3356 4288 χρυσόπαστον
3381 4215 3625 4268 τοιοῦτον
3657 4216 3769 4268 ἐπί-

2207 4318 2395 4387 σλημα
2419 4331 2432 4346 ·
2461 4312 2558 4367 καὶ
2581 4312 2771 4384 χρόνος
2792 4312 2893 4364 οὐκ
2923 4309 3036 4363 ἔστι
3061 4308 3330 4380 γηραλέος
3359 4308 3453 4361 καὶ⁵
3472 4307 3767 4377 πέμπελος,

2209 4406 2344 4459 ἀλλὰ
2377 4404 2497 4467 νέος
2526 4406 2620 4457 καὶ
2666 4402 2999 4475 πρόσφατος.
3034 4400 3144 4452 Καὶ
3175 4398 3370 4467 φθόνος
3411 4398 3511 4450 οὐκ
3552 4397 3770 4468 ἀτενὴς,

529 4506 680 4578 poris
727 4507 996 4579 spatium,
1048 4505 1143 4562 sed
1191 4507 1272 4560 rei
1320 4507 1583 4561 memoria
1623 4520 1815 4562 recens
1847 4515 1952 4562 est.
1988 4504 2103 4563 Nec

2207 4498 2240 4569 ἢ
2277 4498 2371 4553 καὶ
2423 4496 2752 4559 ἀπαίδευτος
2784 4493 2946 4565 δῆθεν
2990 4490 3271 4557 εὐλάϐεια,
3317 4493 3386 4545 τὰ
3427 4490 3489 4543 τὺ
3537 4489 3771 4543 τοιοῦτον

529 4599 789 4669 ignobilis
824 4596 1054 4663 invidia,
1088 4597 1175 4652 vel
1208 4598 1459 4667 imperita
1490 4595 1704 4652 scilicet
1741 4596 1952 4669 religio.
1987 4612 2103 4654 ma-

528 4701 699 4759 gnum
746 4685 1017 4757 ejusmodi
1053 4685 1398 4758 privilegium
1445 4684 1611 4754 hujus
1649 4682 1808 4739 oilicii
1854 4683 2103 4740 aboleve-

527 4786 680 4834 runt.
714 4779 924 4850 Quippe
963 4793 1061 4848 per
1098 4778 1276 4848 ipsam
1305 4787 1357 4832 te
1383 4777 1668 4833 veritatem
1700 4775 1966 4839 obtestor,
2007 4788 2104 4844 per

527 4868 848 4924 cbaritatem
898 4869 1233 4937 fraternam,
1282 4883 1381 4938 per
1423 4879 1666 4922 amorem
1715 4880 1843 4934 erga
1890 4863 2098 4928 Deum,

526 4958 617 5014 die
661 4958 816 5024 mihi,
859 4962 1134 5030 quodnam
1184 4961 1367 5032 majus
1412 4959 1579 5015 fuerit
1621 4973 1800 5029 Operae
1842 4959 2096 5029 pretium,

525 5062 690 5118 quam
720 5048 1115 5107 chartulariunt
1145 5054 1327 5109 videre
1372 5066 1764 5121 nonnunquam
1795 5065 1888 5119 per
1918 5048 2094 5101 forum

526 5140 911 5208 procedentem
944 5156 1067 5197 cum
1095 5158 1231 5198 auro
1262 5145 1597 5213 interspersa
1633 5142 1793 5201 tiara,
1823 5140 1914 5210 qui
1946 5139 2096 5193 mulo

524 5232 779 5300 vehatur,
812 5242 868 5289 et
903 5248 1053 5291 more
1086 5236 1441 5307 patriarcbali
1471 5242 1701 5291 ornatus
1729 5235 1799 5288 sit
1830 5233 1955 5286 albo
1986 5231 2093 5285 Iin-

525 5333 633 5395 teo,
660 5326 1118 5397 quemadmodum
1148 5329 1201 5386 id
1230 5343 1449 5400 quoque
1490 5343 1587 5399 per
1622 5325 1915 5381 indicatam
1959 5337 2089 5378 sano

2204 4589 2544 4660 σχολάσαντα
2571 4587 2713 4659 μέγα
2744 4584 2837 4639 τοῦ
2881 4583 3136 4655 δφφικίου
3185 4580 3504 4653 προνόμιον.
3533 4579 3601 4632 Τί
3646 4579 3769 4652 γὰρ,

2199 4684 2322 4738 είπέ
2372 4700 2461 4754 μοι
2489 4680 2623 4752 πρὸς
2643 4681 2741 4751 τῆς
2768 4677 3027 4747 ἀληθείας
3051 4674 3243 4744 αὐτῆς,
3274 4674 3410 4745 πρὸς
3435 4674 3535 4742 τῆς
3557 4672 3768 4741 ἀδελφιο

2199 4775 2303 4846 κῆς
2360 4774 2604 4844 ἀγάπης,
2642 4771 2780 4841 πρὸς
2813 4768 2910 4839 τῆς
2946 4768 3087 4821 κατὰ
3144 4766 3276 4820 Θεὸν
3309 4764 3633 4829 διαθέσεως,
3690 4765 3768 4835 εἴη

2201 4867 2268 4923 ἂν
2301 4867 2743 4935 σπουδαιότερον,
2776 4863 2870 4916 106
2902 4861 3120 4933 βλέπειν
3149 4859 3297 4913 ἔστιν
3323 4858 3413 4911 ὅτε
3455 4858 3551 4910 τὸν
3577 4872 3766 4927 χαρτο-

2205 4958 2423 5029 φύλακα
2456 4955 2545 5011 διά
2583 4959 2683 5027 τῆς
2711 4956 2918 5025 ἀγορᾶς
2947 4950 3310 5024 προοδεύοντα
3339 4948 3481 5020 μετὰ
3510 4948 3769 5020 χρυσοπά-

2202 5068 2328 5105 στου
2369 5051 2590 5122 τιάρας,
2623 5048 2718 5101 κοιλ⁹
2753 5044 3117 5117 ἐποχούμενον
3144 5045 3203 5097 ὲν
3230 5043 3464 5114 ἡμιόνῳ,
3505 5057 3767 5111 πατριαρ·

2199 5143 2369 5214 χικῶς
2407 5140 2547 5212 μετὰ
2574 5139 2783 5193 ὀθονίου
2828 5135 3224 5208 κεκοσμημένη
3264 5134 3313 5166 ⁸¹
3344 5131 3565 5197 λευκοῦ,
3592 5130 3767 5194 καθὼς

2200 5235 2293 5289 καὶ
2325 5232 2489 5286 τοῦτο
2536 5232 2625 5283 διὰ
2658 5230 2753 5282 τοῦ
2806 5228 3063 5300 ῥηθέντος
3094 5225 3470 5296 ϐαπτίσματος
3520 5224 3765 5295 ὥρισται,

2202 5326 2296 5381 καὶ
2345 5324 2450 5378 ὑπὸ
2479 5321 2891 5393 έξκουδιτὼρων
2942 5319 3450 5392 δορυφορούμενονς
3478 5317 3541 5372 ΕΙ
3574 5317 3653 5389 μή
3687 5329 3767 5379 τις

1800 5461 2039 5521 γΑιιιΑε
2072 5459 2476 5520 LECTIONES.

592 5556 636 5587 "
655 5557 1093 5629 κεκοσμημένον.

2094 5666 2320 5726 NOTAE.

594 5767 707 5833 (δέ)
738 5760 872 5827 Nota
904 5770 1210 5828 cardinales
1236 5765 1491 5829 Ecclesiae
1544 5768 1702 5826 Rom.
1752 5769 1883 5826 olim
1944 5768 2232 5826 duodecim
2271 5764 2461 5820 fuisse.
