3990 6566
329 333 469 402 1197

1583 347 1628 409 G
1638 348 1853 410 ΡιᾹίίῖΟ
1867 349 2297 416 ROMANUM.

3415 371 3551 438 1198

310 446 465 515 λέγει
484 453 875 524 ,προτιμητέαν
903 448 1042 510 εἶναι
1073 454 1173 529 τὴν
1217 461 1458 532 κεφαλὴν
1487 450 1585 534 τῆς
1616 464 1816 535 χειρὸς,

1944 466 2218 526 ιοιίοηειη
2275 476 2546 527 statutum
2605 483 2731 545 est,
2799 490 2855 536 et
2913 484 3291 544 excubitorum
3354 493 3548 551 habeat

307 538 472 594 ἄλλου
511 543 706 613 μέλους
738 547 832 600 τοῦ
864 547 1136 619 σώματος.
1181 552 1352 607 Τοῦτο
1395 555 1501 625 γὰρ
1523 555 1610 610 διὰ
1657 556 1754 629 τὴν
1787 551 1879 612 είί-

306 629 502 698 ήθειαν
534 633 596 686 οὐ
643 635 1123 708 παραλληλίςεται.
1183 640 1326 695 Ἀλλ’
1375 645 1655 699 ἐπανιτέον
1686 647 1806 700 ὅθεν
1851 649 1881 701 ὁ

309 719 472 788 λόγος
528 724 818 792 μετέπεσε,
861 729 956 781 καὶ
997 729 1282 800 ζητητέον,
1342 735 1490 791 τίνος
1550 737 1712 809 χάριν
1769 741 1878 795 τῶν

307 811 410 880 μὲν
453 813 632 868 ἄλλων
681 820 956 890 σεκρέτων
985 824 1034 874 οἱ
1082 825 1494 896 προκαθήμενοι
1550 832 1732 900 μόνοις
1787 833 1876 899 ἐξ·

311 905 718 973 υπηρετοῦνται
755 915 1094 980 σεκρετικοῖς
1115 914 1445 981 δουλευταίς·
1468 923 1493 973 ό
1522 921 1579 975 δὲ
1603 924 1874 994 χαρτοφύ-

299 988 403 1054 λαξ
425 992 674 1062 τάγμασι
695 997 896 1062 διττοῖς
918 1001 1253 1074 διακονητῶν
1285 988 1874 1086 μεγεθύνεται.-Φαμὲν

298 1077 416 1148 οὖν,
451 1083 532 1137 ὅτι
561 1087 629 1140 τὰ
653 1089 745 1142 τοῦ
780 1094 1194 1162 χαρτοφύλακος
1227 1100 1407 1154 δίκαια
1424 1102 1672 1174 ψυχικῶν
1699 1110 1873 1179 ῥυπα-

298 1173 528 1240 σμάτων
561 1179 669 1230 είσὶ
697 1180 1064 1255 καθαρτήρια,
1083 1189 1176 1241 καὶ
1194 1173 1871 1269 νοσημάτωνσωματικῶν

295 1263 642 1338 άλεξιτήρια.
680 1273 773 1325 Διὸ
823 1276 918 1328 καὶ
961 1278 1292 1350 τετύπωται,
1340 1263 1638 1356 ταγμάτων
1678 1291 1869 1349 διττῶν

295 1350 600 1423 ὑπουργοῖς
617 1359 757 1414 αὐτὰ
787 1364 1236 1426 κατευθύνεσθαι.
1265 1373 1360 1427 Ἂν
1383 1350 1513 1444 γούν
1533 1378 1867 1450 θεμιστεύων

299 1448 672 1518 προκάθηται,
709 1456 802 1508 καὶ
857 1457 1149 1524 δικαστικά
1195 1464 1446 1531 διῦλίζων
1471 1448 1739 1543 νοήματα,
1779 1479 1866 1533 νό-

295 1553 437 1606 μους
472 1543 720 1616 συνάπτῃ
773 1549 1025 1620 νομίμοις
1065 1552 1500 1630 θεσπιωδήμασι,
1543 1567 1639 1619 καὶ⁹
1676 1572 1864 1626 κανόσι

289 1631 534 1695 κανόνας
580 1635 888 1709 ἀρμολογῇ,
945 1642 1012 1696 ἂν
1070 1645 1367 1717 δικολογῶν
1423 1657 1715 1726 προτάσεις

288 1718 600 1788 ἀντιθέσεις
629 1730 972 1804 σφυρηλατῇ»

1767 1664 1864 1718 καὶ

1011 1737 1102 1789 καὶ
1146 1739 1243 1802 τὰς
1273 1743 1372 1810 μὲν
1413 1746 1756 1826 ἀποσμιλεύῃ
1793 1759 1856 1831 τῇ

286 1808 449 1882 λυδίᾳ
483 1815 580 1886 τῆς
631 1817 996 1890 διαγνώσεως,
1049 1829 1148 1890 τὰς
1194 1808 1860 1911 δὲήπαραδέχηταιίικοίί
1892 1835 1934 1892 Β

289 1898 466 1966 τέλος,
491 1903 557 1957 ἂν
583 1906 795 1972 κρίσεις
815 1919 1227 1989 πατριαρχικῶν
1248 1927 1515 1996 νοταρίων
1530 1929 1856 2008 ζυγοστατῇ,

286 2001 633 2063 σεκρετικῶν
683 1999 986 2068 διαλαλιαϊς
1041 2011 1436 2078 μεγαλύνεται·
1487 1999 1857 2097 καὶμᾶλλον,

287 2080 424 2138 ὅταν
464 2087 523 2139 τὸ
553 2087 906 2164 δικαστήριον
932 2097 989 2148 ὲν
1015 2100 1197 2168 μόνοις
1219 2106 1503 2176 πράγμασι
1532 2080 1860 2190 στημονίζη;

282 2189 400 2228 ται.
438 2175 502 2229 El
550 2178 606 2233 δὲ
643 2186 986 2258 προκάθηται
1010 2189 1255 2262 ψυχικῶν
1282 2175 1731 2274 ἀρρωστημάτων

285 2266 526 2331 ραπείαν
583 2273 924 2345 ποιούμενος,
989 2281 1080 2333 καὶ
1147 2289 1462 2355 σεσηπότων
1528 2299 1856 2368 τραυμάτων

282 2356 756 2434 ἐπισκεπτόμενος
779 2371 1128 2442 κακοήθειαν,
1157 2377 1230 2448 πῆ
1254 2380 1352 2447 μὲν
1379 2356 1583 2456 σιδήριρ
1601 2356 1855 2459 χωνεύων

285 2448 382 2500 τοῦ
416 2451 626 2518 πάθους
658 2456 756 2527 τὴν
796 2459 1158 2534 ὑπουλότητα,
1193 2470 1270 2541 πῆ
1295 2471 1340 2524 δ’
1370 2448 1690 2534 επιτὶὶιᾷέὶυν
1716 2448 1852 2554 ἤπια

283 2539 580 2610 φάρμακα,
627 2547 778 2618 παρὰ
821 2551 920 2622 τῆς
957 2553 1166 2622 τάξεως
1200 2539 1548 2633 ὑπηρετεῖται
1598 2573 1704 2625 τῶν
1733 2539 1854 2629 έπιξ

285 2637 650 2692 σκοπειανῶν.
705 2640 768 2695 Εἰ
823 2641 868 2695 δ’
901 2644 1049 2702 ἔστιν
1080 2649 1168 2703 ὅτε
1226 2656 1366 2709 κατὰ
1420 2657 1698 2734 διορισμὸν
1747 2686 1850 2723 πα-

277 2727 627 2796 τριαρχικὸν,
655 2731 778 2786 τινὰ
824 2735 935 2790 τῶν
977 2744 1289 2814 προνομίων
1338 2750 1543 2808 τούτων
1599 2775 1848 2830 παρασα-

273 2809 541 2880 λεύοιντο,
573 2818 709 2884 τέως
739 2823 850 2893 ἐγὼ
871 2809 1071 2895 ἀγνοῶ,
1107 2809 1199 2886 καὶ
1241 2840 1570 2915 συγγνώμης

274 2918 468 2972 σομαι,
502 2908 601 2978 τὴν
631 2912 868 2969 παλαιὰν
891 2920 1258 2979 ἀναδιδάσκων
1286 2933 1603 3002 παράδοσιν.
1629 2940 1844 2998 Τούτων

273 2989 371 3047 οὖν
411 2997 553 3053 οὕτω
591 3005 772 3069 καλῶς
816 3009 1322 3089 διευκρινηθέντων,
1355 3024 1426 3089 ὡς
1469 3024 1640 3100 οἶμαι,
1673 3035 1842 3106 ἀναγ-

275 3089 435 3140 καῖον
463 3091 607 3157 ἔδοξέ
649 3113 739 3166 μοι
769 3103 991 3172 ποιῆσαι
1021 3110 1111 3162 καὶ
1142 3112 1277 3181 πρὸς
1300 3117 1392 3170 τὸν
1433 3123 1572 3176 κατὰ
1613 3130 1838 3199 καιροὺς

275 3193 341 3199 .-.-
361 3193 442 3199 Α-Α
460 3198 483 3199 π
508 3181 546 3199 "
708 3188 731 3199 ⁸
839 3192 850 3199 ’
963 3197 971 3199 ’
997 3195 1016 3199 μ

271 3181 668 3249 χαρτοφύλακα
703 3188 920 3246 δικαίαν
950 3195 1196 3260 ἀξίωσιν.
1227 3205 1472 3263 Δέσποτά
1508 3230 1611 3278 μου
1641 3181 1837 3290 χαρτοΙ
1869 3187 1911 3242 C

271 3268 475 3337 φύλαξ,
544 3276 604 3328 τὸ
661 3279 1028 3349 ἐμπιστευθέν
1087 3309 1169 3345 σοι
1227 3268 1837 3365 τάλαντον-ἁπὸκὲεοῦ

272 3366 742 3439 παντοκράτορος,
779 3374 853 3444 μὴ
889 3383 1274 3456 καταχωσθείη
1304 3388 1391 3443 διὰ
1419 3393 1685 3466 νωθρείαν
1717 3419 1832 3469 σου,

269 3449 360 3502 ἴνα
393 3452 469 3523 μὴ
501 3457 740 3531 ἀκούσῃς
762 3462 948 3530 δοῦλος
971 3449 1206 3542 πονηρὸς
1223 3449 1316 3530 καὶ
1348 3449 1676 3553 ἀχάριστοςἐ

265 3540 328 3592 τὸ
363 3543 546 3615 κέρμα
574 3549 680 3603 τῶν
724 3556 978 3622 μεγάλων
1016 3540 1324 3636 προνομίων
1346 3540 1509 3628 αύτδῢ
1548 3540 1832 3654 προδόθέίη

275 3635 424 3688 κατὰ
458 3637 554 3707 σὴν
591 3642 794 3713 πολλὴν
823 3649 1126 3707 ἐπιείκειαν
1150 3673 1164 3687 ·
1207 3658 1342 3714 ἀλλὰ
1372 3635 1667 3741 διαδοθήτω
1697 3635 1834 3743 πρὸς

270 3726 631 3794 τραπεζίτας,
675 3734 768 3786 καὶ
799 3735 1345 3816 διπλασιασθήσεται.
1376 3754 1585 3810 Σκοπόν
1619 3779 1678 3814 σε
1707 3781 1834 3819 κατ·

261 3811 464 3885 ἔστησε
517 3819 770 3893 δεύτερον
815 3827 842 3880 ό
892 3830 1024 3896 Θεὸς
1070 3811 1163 3889 διά
1207 3842 1390 3911 χειρὸς
1445 3811 1828 3924 ἐπισκοπικῖἶς.

265 3902 581 3962 Κάντεῦθεν
609 3913 700 3965 ἐπὶ
739 3916 815 3987 τῷ
849 3922 1074 3990 στόματί
1120 3902 1462 3999 σουηπάνντες
1492 3902 1827 4012 εισέρᾖᾷξέᾶξ

1443 3993 1456 3999 _
1611 3993 1623 4009 ,
1645 3993 1728 4012 κ-
1755 3993 1827 4000 ,ω

259 3995 344 4055 είς
378 3993 528 4053 οἷκον
555 4002 690 4059 Θεοῦ
723 4014 1182 4088 παντοκράτορος,
1233 4023 1327 4076 καὶ
1371 4027 1463 4080 ἐπὶ
1493 4030 1569 4100 τῷ
1601 4036 1828 4105 στόματί

259 4101 360 4139 σου
395 4089 733 4163 ἐξέρχονται.
775 4101 866 4172 Μὴ
904 4101 998 4158 οὖν
1027 4107 1212 4181 εἴπῃς,
1247 4113 1311 4166 Τί
1357 4089 1552 4192 δοθείη.
1585 4089 1710 4193 por;

255 4177 312 4228 τί
339 4185 665 4258 προστεθείη
699 4207 792 4260 μοι
820 4195 955 4264 πρὸς
991 4177 1262 4271 μέριμναν
1302 4177 1637 4283 ὁλοχρόνίοζη

258 4271 518 4344 σιγήσῃς,
584 4279 718 4349 μηδὲ
770 4289 1185 4364 καταπραύνῃς,
1249 4271 1693 4378 μηδὲ-’.λαλήσῃς

250 4361 564 4432 ἀνθρώποις
635 4372 916 4442 ἀρέσκων,
979 4361 1134 4436 εἶπεν
1199 4361 1260 4436 ὁ-
1300 4361 1472 4460 μέγας
1527 4361 1822 4463 aechm};

251 4453 490 4520 Παῦλος,
532 4461 654 4514 κατ’
695 4467 901 4520 ἐκεῖνον
949 4471 1040 4524 τὸν
1091 4478 1330 4548 πονηρὸν
1381 4485 1669 4556 μισθωτὸν,

249 4543 380 4597 καθ’
410 4549 604 4604 ἑαυτὸν
656 4553 1018 4627 ψιθυρίσαντα
1047 4579 1060 4592 ·
1093 4565 1152 4617 τδ
1200 4569 1449 4626 ἐκλεῖπον
1493 4577 1812 4646 ὲκλειπέτω,

242 4634 307 4685 τὸ
337 4635 774 4712 ἐσκορπισμένον
805 4651 878 4719 μὴ
913 4655 1225 4727 συναχθείη,
1256 4661 1349 4714 καὶ
1398 4665 1457 4717 τὸ
1495 4634 1816 4744 συντετριμὶ

248 4727 414 4794 μένον
444 4731 520 4801 μὴ
543 4733 920 4808 ὁλομεληθείη.
973 4745 1159 4814 Ἀρκεῖ
1185 4751 1289 4820 γάρ
1333 4756 1397 4824 τῇ
1434 4758 1616 4831 ἡμέρα
1645 4727 1812 4832 ήΙκα-

243 4818 343 4870 κία
399 4822 591 4893 αὐτῆς.
650 4827 809 4882 Ἀλλὰ
851 4833 1082 4903 σήρυξον
1134 4841 1525 4912 άποστολικῶς,
1583 4851 1813 4908 ἐνώπιον

241 4907 383 4960 Θεοῦ
418 4911 516 4982 τὴν
566 4916 845 4986 ἀλήθειαν.
905 4925 1191 4998 Ἐπίστηθι
1220 4907 1523 5007 εὐκαίρως-,⁷
1545 4943 1809 5015 ἀκαίρως,

238 4998 484 5068 ἔλεγξον,
541 5007 885 5080 ἐπιτίμησον,
949 5021 1352 5090 παρακάλεσον,
1406 5036 1808 5108 κακοπάθησον,

241 5091 408 5162 ἔργον
460 5096 686 5167 ποίησον
747 5103 1155 5175 εὐαγγελιστοῦ,
1207 5115 1307 5185 τὴν
1385 5091 1808 5184 διακονίανισού

241 5187 690 5260 πληροφόρησον.
728 5194 836 5248 Καὶ
867 5196 1007 5267 τάχα
1036 5204 1299 5268 νεανικῶς
1340 5209 1482 5263 οὕτω
1521 5213 1613 5267 τὸν
1647 5217 1810 5273 καλὸν

239 5279 431 5346 ἀγῶνα
477 5283 618 5335 κατὰ
647 5283 707 5337 τὸ
746 5287 928 5358 άπῃτη
939 5290 1100 5358 μένον
1135 5294 1564 5370 ἀγωνισάμενος,
1593 5307 1686 5360 καὶ
1713 5309 1809 5380 τὴν

240 5370 520 5426 διακονίαν
603 5393 698 5429 σου
765 5385 1114 5453 συντηρήσας
1198 5391 1645 5451 ἀνεπιϐούλευτον
1715 5370 1808 5456 καὶ

238 5462 535 5532 ἁμείωτον,
585 5467 642 5519 ἐν
688 5469 766 5540 τῷ
803 5473 990 5542 μηδενὶ
1015 5476 1082 5528 ἂν
1126 5481 1468 5557 ταπεινώσῃς
1497 5489 1625 5552 τοὺς
1660 5493 1808 5545 ἀντιο

237 5553 565 5619 πίπτοντας,
607 5560 701 5611 καὶ
743 5563 908 5630 ἐρεῖς,
961 5565 1064 5619 Τὸν
1115 5567 1316 5638 δρόμον
1370 5553 1650 5645 τετέλεκα,
1707 5583 1806 5654 τὴν

233 5644 428 5698 πίστιν
455 5649 758 5719 τετήρηκα.
793 5653 992 5711 Λοιπὸν
1021 5658 1310 5715 ἀπόκειταί
1338 5682 1430 5735 μοι
1463 5669 1562 5738 τῆς
1596 5670 1802 5728 δικαιο-

235 5735 406 5806 σύνης
429 5741 456 5791 ό
490 5741 778 5810 στέφανος.
826 5748 922 5810 Ὃς
951 5751 1043 5802 καὶ
1071 5750 1356 5822 δοθήσεταί
1387 5775 1470 5813 σοι
1495 5735 1645 5831 παρὰ
1669 5763 1802 5818 Θεοῦ

1983 559 2347 616 satellitium?
2393 564 2494 619 nisi
2545 568 2669 636 quis
2716 571 2896 628 dicere
2950 576 3106 642 velit,
3156 581 3275 650 plus
3321 584 3547 646 honoris

1981 647 2332 706 deferendum
2365 656 2551 724 capiti,
2579 673 2741 728 quam
2766 664 2975 729 manui,
3005 668 3088 722 vel
3116 647 3270 726 alteri
3301 681 3546 732 membro

1981 740 2251 808 corporis.
2287 742 2419 796 Nam
2454 746 2567 802 lucc
2597 759 2954 823 comparatio,
2988 771 3087 813 ceu
3114 763 3302 828 stulta,
3333 781 3439 821 non
3465 769 3548 821 in-

1979 832 2247 896 stituitur.
2291 834 2395 893 Sed
2432 841 2796 912 redeundum,
2843 851 2984 905 unde
3009 853 3230 911 deﬂexit
3261 863 3461 923 oratio,
3493 873 3547 918 et

1981 923 2361 994 inquirendum
2401 970 2416 994 ,
2482 937 2834 1001 quamobrem
2909 942 3139 998 aliorum
3201 957 3539 1007 secretorum

1976 1020 2238 1085 praesides
2289 1025 2571 1082 secreticis
2645 1029 2909 1088 duntaxat
2965 1039 3206 1097 servitiis
3258 1056 3480 1101 utantur
3525 1067 3541 1102 :

1975 1121 2098 1164 cum
2139 1112 2510 1171 chartularius
2543 1123 2888 1180 auctoritatis
2918 1129 3142 1197 majoris
3173 1149 3339 1190 causa
3370 1140 3543 1208 gemi-

1973 1216 2074 1255 nos
2115 1203 2309 1260 habeat
2354 1209 2734 1269 ministrorum
2777 1218 3017 1276 ordines.
3049 1222 3236 1295 Itaque
3281 1229 3538 1300 dicimus,

1972 1291 2026 1346 in
2058 1308 2122 1347 eo
2151 1299 2358 1352 versari
2400 1302 2525 1370 jura
2554 1305 2896 1376 chartularii,
2927 1322 2980 1366 ut
3007 1316 3313 1374 animorum
3345 1325 3538 1382 sordes

1971 1394 2256 1456 expurget,
2275 1403 2338 1443 ac
2366 1394 2572 1450 morbis
2595 1402 2876 1468 corporeis
2905 1405 3232 1465 medicinam
3258 1415 3535 1475 adhibeat.

1969 1471 2206 1546 Ideoque
2246 1487 2511 1538 statutum
2548 1497 2652 1555 est,
2687 1488 2802 1561 haec
2846 1508 2969 1550 esse
2998 1497 3281 1570 dirigenda
3321 1523 3417 1575 per
3445 1502 3538 1578 ge-

1969 1567 2243 1624 minorum
2278 1573 2531 1630 ordinum
2565 1579 2939 1642 administros.
2975 1588 3100 1647 Sive
3127 1595 3293 1664 igitur
3317 1599 3410 1668 jus
3449 1602 3535 1658 di-

1965 1671 2095 1713 cens
2140 1663 2448 1732 prazsideat,
2495 1678 2550 1724 et
2612 1669 2942 1738 judiciarios
2986 1663 3277 1750 percolans
3322 1691 3536 1747 intelle-

1967 1756 2109 1814 ctus,
2150 1751 2296 1823 leges
2331 1771 2454 1812 cum
2502 1760 2676 1831 legum
2719 1770 3096 1829 sanctionibus
3125 1790 3434 1850 componat,
3477 1793 3532 1841 et

1964 1854 2204 1898 canones
2252 1859 2374 1900 cum
2427 1854 2735 1912 canonihus
2788 1862 3088 1925 conciliet:
3149 1871 3266 1925 sive
3329 1890 3528 1932 causas

1962 1945 2151 2002 agens,
2199 1942 2602 2008 prepositiones
2645 1957 2698 2002 et
2746 1949 3080 2018 objectiones
3123 1963 3226 2017 sub
3275 1964 3524 2024 incudem

1962 2033 2198 2091 revocet,
2230 2035 2285 2082 et
2329 2030 2428 2086 has
2473 2035 2690 2102 quidem
2737 2042 2885 2096 velut
2917 2047 3143 2106 abradat
3172 2069 3270 2124 per
3295 2055 3527 2129 Lydium

1961 2114 2296 2183 cognitionis
2348 2121 2603 2194 lapidem,
2651 2129 2774 2187 illas
2815 2134 3098 2208 admittat;
3144 2114 3260 2202 sive
3293 2114 3526 2222 detiique

1953 2204 2158 2274 judicia
2205 2214 2542 2270 notariorum
2587 2223 3034 2290 patriarcbalium
3081 2204 3377 2307 panderet,
3427 2204 3524 2316 per

1957 2301 2348 2359 secreticorum
2380 2309 2757 2370 ministrorum
2796 2318 3012 2378 decreta
3041 2342 3290 2400 magnam
3330 2348 3525 2394 aucto-

1955 2390 2169 2448 ritatem
2201 2401 2588 2471 consequitur;
2620 2412 2923 2476 praesertim
2955 2431 3078 2473 cum
3110 2425 3243 2480 solis
3273 2427 3326 2482 in
3357 2431 3522 2488 rebus

1948 2480 2214 2548 judicium
2251 2490 2404 2546 texit.
2448 2492 2541 2549 Sin
2578 2498 2652 2554 ita
2693 2505 2965 2573 praesidet,
3015 2518 3072 2564 ut
3101 2480 3519 2584 egritudinibus

1952 2575 2118 2628 animi
2156 2583 2453 2638 remedium
2487 2587 2763 2658 adhibeat,
2790 2603 2845 2650 et
2867 2601 3203 2666 putridorum
3232 2612 3514 2672 vulnerum

1951 2664 2250 2723 foeditatem
2295 2672 2579 2744 inspiciat,
2628 2697 2692 2738 ac
2735 2664 3126 2763 nonnunquam
3162 2699 3310 2757 ferro
3341 2706 3515 2767 latens

1953 2756 2066 2810 vitii
2111 2759 2312 2817 malum
2359 2767 2574 2835 adurat,
2614 2788 3004 2850 nonnunquam
3041 2787 3187 2844 mitia
3233 2792 3511 2869 inspergat

1953 2850 2148 2869 _--J97—
2298 2864 2310 2869 -
2522 2863 2555 2869 ’⁸
2604 2865 2614 2869 ⁸

1947 2850 2384 2925 medicamenta,
2439 2863 2649 2921 ordinis
2694 2869 3164 2942 episcopianorum
3210 2886 3512 2949 ministerio

1948 2941 2141 2997 utitur.
2197 2947 2280 3002 An
2325 2965 2452 3007 vero
2499 2954 2774 3014 interdum
2817 2941 2896 3018 sic
2939 2966 3166 3036 jubente
3199 2989 3263 3032 ac
3297 2981 3512 3042 volente

1947 3033 2257 3100 patriarcha
2292 3045 2606 3111 usuveniat,
2658 3060 2718 3105 ut
2769 3033 2989 3125 aliquod
3040 3061 3231 3121 borum
3283 3073 3510 3142 privile-

1944 3123 2157 3192 giorum
2187 3129 2308 3184 loco
2339 3147 2651 3208 moveatur;
2677 3145 2929 3213 equidem
2963 3153 3105 3209 scire
3129 3172 3236 3214 non
3263 3177 3506 3235 possum,

1945 3221 1998 3265 et
2045 3217 2256 3272 veniam
2300 3225 2568 3292 merebor,
2593 3230 2687 3299 qui
2730 3242 3182 3301 consuetudinem
3225 3254 3505 3324 antiquam

1941 3305 2130 3363 doceo.
2163 3309 2260 3368 His
2289 3314 2456 3383 igitur
2493 3318 2549 3373 in
2576 3321 2721 3377 hunc
2752 3327 2970 3384 modum
3014 3345 3158 3391 recte
3188 3340 3504 3416 declaratis,

1941 3403 2000 3450 ut
2031 3399 2287 3469 arbitror,
2315 3412 2688 3466 necessarium
2717 3415 2847 3471 mihi
2872 3420 3055 3477 visum
3087 3435 3192 3494 est,
3222 3440 3281 3487 ut
3300 3435 3504 3504 justam

1939 3491 2252 3557 petitionem
2298 3495 2365 3552 ad
2409 3500 2650 3570 cujusvis
2692 3512 2954 3579 temporis
2986 3491 3374 3582 cbartularium
3418 3532 3504 3589 in-

1939 3579 2183 3638 Stituam.
2231 3584 2458 3646 Domine
2493 3593 2567 3647 mi
2614 3595 3030 3674 chartophylax,
3063 3579 3324 3672 talentum
3379 3620 3503 3682 ﬁdei

1939 3677 2044 3726 tua:
2089 3676 2354 3733 creditum
2402 3683 2470 3737 ab
2511 3688 2882 3758 omnipotente
2929 3696 3061 3766 Deo,
3100 3717 3198 3773 per
3227 3709 3499 3780 ignaviam

1937 3769 2084 3818 tuam
2116 3781 2185 3821 ne
2214 3769 2491 3828 defossum
2519 3776 2626 3845 sit;
2659 3795 2728 3835 ne
2756 3798 2949 3842 servus
2972 3805 3204 3862 nequam
3234 3769 3287 3854 et
3317 3803 3500 3876 ingra-

1934 3859 2022 3908 tus
2061 3859 2351 3926 appelleris
2398 3880 2414 3917 :
2467 3880 2604 3922 neve
2643 3885 2963 3941 magnorum
2997 3859 3159 3952 hujus
3195 3893 3352 3949 omen
3376 3859 3501 3968 ἶπε,

1934 3943 2245 3968 ..:I....:-___‘_
2292 3966 2320 3968 μ
2459 3956 2468 3965 -
2536 3957 2547 3968 .

1932 3943 2250 4014 vilegiorum
2284 3966 2377 4016 aes,
2416 3956 2582 4011 nimia
2617 3969 3034 4028 mansuetudine
3064 3985 3152 4032 tua
3184 3943 3450 4051 prodatur
3475 4033 3494 4056 ,

1933 4034 2024 4056 --Δ
2058 4038 2196 4056 2---μ
2242 4055 2247 4056 γ
2471 4045 2481 4056 ¹
2551 4048 2563 4056 ⁵
2679 4051 2711 4056 ”

3184 4034 3204 4051 ι
3228 4034 3236 4036 τ
3263 4034 3272 4035 ί
3293 4034 3438 4044 --ησ-
3475 4034 3491 4056 ι

1932 4034 2025 4088 sed
2058 4038 2198 4092 inter
2237 4045 2632 4103 nummularios
2661 4051 3047 4127 distribuatur,
3077 4075 3132 4122 et
3163 4071 3491 4142 duplicetur.

1928 4125 2174 4183 Alterum
2222 4138 2272 4186 te
2312 4147 2536 4206 scopum
2581 4139 2719 4199 Deus
2753 4161 2850 4216 per
2879 4153 3238 4226 episcopalem
3269 4183 3488 4227 manum

1933 4219 2246 4278 constituit.
2292 4224 2412 4290 Quo
2470 4227 2550 4294 ﬁt,
2597 4241 2656 4286 ut
2695 4237 2760 4292 ad
2807 4254 2868 4294 os
2910 4253 3059 4301 tuum
3104 4255 3492 4326 omnipotentis
3567 4257 3570 4260 ’

1933 4304 2023 4326 “-2
2080 4308 2129 4326 J~
2582 4321 2593 4326 ‘

1928 4304 2024 4361 Dei
2069 4308 2292 4366 domum
2340 4329 2532 4374 omnes
2581 4321 2975 4400 ingrediantur,
3021 4345 3074 4392 et
3117 4342 3184 4395 ad
3225 4304 3287 4401 οξ
3336 4357 3485 4410 tuum

1925 4399 2294 4467 egrediantur.
2337 4404 2454 4464 Non
2503 4427 2632 4484 ergo
2685 4417 2889 4480 dixeris
2935 4442 2950 4479 :
3003 4428 3142 4495 Quid
3189 4399 3306 4494 dari

1720 4492 1810 4545 τδν
1851 4509 1892 4561 ο
1923 4490 2118 4556 possit,
2143 4503 2194 4546 et
2223 4495 2352 4563 quid
2385 4499 2545 4568 adjici
2585 4504 2650 4558 ad
2671 4490 3092 4574 sollicitudinem

1919 4579 2065 4636 Neve
2119 4587 2377 4651 tacueris,
2410 4607 2509 4648 nec
2539 4594 2884 4672 demulseris,
2916 4621 3016 4664 nec
3049 4611 3262 4675 locutus
3293 4620 3482 4692 fueris,

1919 4673 2086 4727 veluti
2122 4678 2214 4745 qui
2251 4677 2567 4740 hominibus
2602 4690 2814 4757 placere
2845 4698 3000 4767 velis,
3042 4703 3221 4775 inquit
3253 4673 3482 4784 magnos

2988 4763 2995 4767 .
3117 4763 3131 4775 .

1919 4763 2007 4819 ille
2030 4766 2230 4826 Paulus
2253 4778 2552 4844 apostolus,
2577 4782 2750 4838 instar
2774 4787 2919 4843 illius
2955 4798 3103 4862 pravi
3132 4811 3480 4874 mercenarii,

1919 4855 2010 4923 qui
2054 4859 2196 4926 apud
2241 4866 2592 4933 semetipsum
2645 4855 3014 4935 susurrabat:
3049 4855 3480 4965 Deﬁciat—{quod

1917 4947 2126 5012 deficit,
2169 4951 2475 5024 dispersum
2525 4977 2630 5016 non
2678 4967 2980 5036 colligatur,
3025 4984 3320 5039 contritum
3368 5005 3474 5044 non

1917 5040 2336 5111 redmtegretur.
2390 5047 2597 5106 Sullicit
2648 5071 2885 5127 namque
2932 5065 3039 5120 diei
3087 5071 3307 5128 amictio
3353 5093 3476 5136 sua.

1913 5129 2016 5185 Sed
2050 5135 2230 5203 potius
2272 5143 2573 5208 apostolico
2605 5163 2758 5203 more
2790 5154 3070 5212 veritatem
3102 5162 3154 5216 in
3181 5180 3472 5236 conspectu

1913 5222 2006 5277 Dei
2041 5227 2356 5294 przedicato.
2386 5231 2530 5287 lnsta
2555 5249 2881 5309 opportune,
2907 5246 3233 5317 importune.
3267 5222 3474 5312 Redar-

1913 5329 2037 5384 gue,
2075 5316 2314 5389 increpa,
2349 5324 2657 5394 cohortare,
2693 5331 2931 5391 tolerans
2956 5347 3092 5398 esto.
3123 5340 3206 5396 fac
3236 5345 3469 5405 cilicium

1911 5407 2276 5476 evangelistre.
2312 5413 2675 5473 ministerium
2716 5430 2866 5478 tuum
2901 5427 3084 5496 imple.
3117 5431 3191 5486 Ac
3222 5433 3469 5494 fortassis

1911 5495 2008 5550 ita.
2019 5499 2333 5565 iuveniliter
2369 5507 2620 5566 absoluto
2649 5515 2909 5584 praeclaro
2942 5521 3260 5592 certamine,
3303 5539 3468 5596 prout

1910 5589 2008 5644 abs
2039 5598 2090 5645 te
2123 5595 2456 5661 postulatum
2499 5601 2683 5667 fuerit,
2719 5615 2772 5659 et
2805 5619 3130 5665 conservato
3160 5616 3468 5677 ministerio
3546 5692 3558 5704 .

1911 5686 2003 5734 tuo
2043 5683 2178 5736 citra
2224 5686 2475 5756 insidias,
2512 5707 2577 5747 ac
2623 5693 2844 5750 minime
2877 5697 3174 5767 deminuto,
3219 5704 3272 5758 in
3315 5709 3465 5762 nullo

1910 5771 2222 5833 humiliabis
2261 5780 2636 5852 adversantes,
2672 5799 2735 5841 ac
2762 5785 2911 5846 dices
2936 5808 2949 5846 :
2973 5789 3202 5847 Cursum
3230 5795 3459 5867 absotvi,
