  <div class='ocr_page' id='page_1' title='image "/cluster/home/n/w/nwhite01/storage/ocr_20150623/119/hvd.32044019208156/607.png"; bbox 0 0 3990 6606; ppageno 0'>
   <div class='ocr_carea' id='block_1_1' title="bbox 477 367 2009 448">
    <p class='ocr_par' dir='ltr' id='par_1_1' title="bbox 477 367 2009 436">
     <span class='ocr_line' id='line_1_1' title="bbox 477 367 2009 436; baseline 0.001 -4"><span class='ocrx_word' id='word_1_1' title='bbox 477 367 613 435; x_wconf 77' lang='grc'><strong>1199</strong></span> <span class='ocrx_word' id='word_1_2' title='bbox 757 409 768 422; x_wconf 80' lang='lat'><strong><em>~</em></strong></span> <span class='ocrx_word' id='word_1_3' title='bbox 1682 384 1689 391; x_wconf 84' lang='lat'><strong><em>°</em></strong></span> <span class='ocrx_word' id='word_1_4' title='bbox 1762 375 1899 436; x_wconf 85' lang='lat' dir='ltr'><strong>JUS</strong></span> <span class='ocrx_word' id='word_1_5' title='bbox 1937 375 2009 435; x_wconf 73' lang='lat' dir='ltr'><strong>CA</strong></span> 
     </span>
    </p>
   </div>
   <div class='ocr_carea' id='block_1_2' title="bbox 2111 367 3719 448">
    <p class='ocr_par' dir='ltr' id='par_1_2' title="bbox 2111 374 3719 448">
     <span class='ocr_line' id='line_1_2' title="bbox 2111 374 3719 448; baseline 0.005 -10"><span class='ocrx_word' id='word_1_6' title='bbox 2111 374 2383 438; x_wconf 84' lang='lat' dir='ltr'><strong>)NICUM</strong></span> <span class='ocrx_word' id='word_1_7' title='bbox 3578 382 3719 448; x_wconf 79' lang='grc'><strong>1200</strong></span> 
     </span>
    </p>
   </div>
   <div class='ocr_carea' id='block_1_3' title="bbox 466 486 2009 567">
    <p class='ocr_par' dir='ltr' id='par_1_3' title="bbox 466 486 2009 557">
     <span class='ocr_line' id='line_1_3' title="bbox 466 486 2009 557; baseline 0.002 -17"><span class='ocrx_word' id='word_1_8' title='bbox 466 486 626 541; x_wconf 76' lang='lat' dir='ltr'><strong>ﬁdem</strong></span> <span class='ocrx_word' id='word_1_9' title='bbox 668 488 1014 542; x_wconf 75' lang='lat' dir='ltr'><strong>conserva-vi.</strong></span> <span class='ocrx_word' id='word_1_10' title='bbox 1052 487 1123 542; x_wconf 90' lang='lat' dir='ltr'><strong>De</strong></span> <span class='ocrx_word' id='word_1_11' title='bbox 1158 497 1358 543; x_wconf 49' lang='lat' dir='ltr'><strong>cii-tero</strong></span> <span class='ocrx_word' id='word_1_12' title='bbox 1389 486 1629 557; x_wconf 77' lang='lat' dir='ltr'><strong>reposita</strong></span> <span class='ocrx_word' id='word_1_13' title='bbox 1663 487 1795 541; x_wconf 90' lang='lat' dir='ltr'><strong>mihi</strong></span> <span class='ocrx_word' id='word_1_14' title='bbox 1832 496 1915 543; x_wconf 89' lang='lat' dir='ltr'><strong>est</strong></span> <span class='ocrx_word' id='word_1_15' title='bbox 1948 503 2009 543; x_wconf 89' lang='lat' dir='ltr'><strong>co</strong></span> 
     </span>
    </p>
   </div>
   <div class='ocr_carea' id='block_1_4' title="bbox 2111 486 3721 567">
    <p class='ocr_par' dir='ltr' id='par_1_4' title="bbox 2111 486 3721 567">
     <span class='ocr_line' id='line_1_4' title="bbox 2111 486 3721 567; baseline 0.004 -26"><span class='ocrx_word' id='word_1_16' title='bbox 2111 519 2124 549; x_wconf 49' lang='grc' dir='ltr'><strong>κ</strong></span> <span class='ocrx_word' id='word_1_17' title='bbox 2153 486 2589 567; x_wconf 66' lang='grc' dir='ltr'><strong>παντοκράτορος</strong></span> <span class='ocrx_word' id='word_1_18' title='bbox 2623 487 2681 541; x_wconf 72' lang='grc' dir='ltr'><strong>ἔν</strong></span> <span class='ocrx_word' id='word_1_19' title='bbox 2712 505 2771 541; x_wconf 80' lang='grc' dir='ltr'><strong>τι</strong></span> <span class='ocrx_word' id='word_1_20' title='bbox 2798 488 2877 559; x_wconf 81' lang='grc' dir='ltr'><strong>τῷ</strong></span> <span class='ocrx_word' id='word_1_21' title='bbox 2905 488 3000 543; x_wconf 86' lang='grc' dir='ltr'><strong>νῦν</strong></span> <span class='ocrx_word' id='word_1_22' title='bbox 3038 488 3217 555; x_wconf 82' lang='grc' dir='ltr'><strong>αἰῶνι,</strong></span> <span class='ocrx_word' id='word_1_23' title='bbox 3258 491 3351 546; x_wconf 75' lang='grc' dir='ltr'><strong>καὶ</strong></span> <span class='ocrx_word' id='word_1_24' title='bbox 3375 492 3433 546; x_wconf 71' lang='grc' dir='ltr'><strong>ὲν</strong></span> <span class='ocrx_word' id='word_1_25' title='bbox 3475 493 3554 564; x_wconf 83' lang='grc' dir='ltr'><strong>τῷ</strong></span> <span class='ocrx_word' id='word_1_26' title='bbox 3590 495 3721 565; x_wconf 73' lang='grc' dir='ltr'>μέλ-</span> 
     </span>
    </p>
   </div>
   <div class='ocr_carea' id='block_1_5' title="bbox 465 576 2009 658">
    <p class='ocr_par' dir='ltr' id='par_1_5' title="bbox 465 576 2009 648">
     <span class='ocr_line' id='line_1_5' title="bbox 465 576 2009 648; baseline 0.001 -17"><span class='ocrx_word' id='word_1_27' title='bbox 465 591 599 631; x_wconf 89' lang='lat' dir='ltr'><strong>rona</strong></span> <span class='ocrx_word' id='word_1_28' title='bbox 639 576 888 647; x_wconf 69' lang='lat' dir='ltr'><strong>justitite.</strong></span> <span class='ocrx_word' id='word_1_29' title='bbox 921 578 1053 645; x_wconf 68' lang='lat' dir='ltr'><strong>Quae</strong></span> <span class='ocrx_word' id='word_1_30' title='bbox 1101 577 1321 648; x_wconf 81' lang='lat' dir='ltr'><strong>quidem</strong></span> <span class='ocrx_word' id='word_1_31' title='bbox 1354 577 1576 633; x_wconf 75' lang='lat' dir='ltr'><strong>dabitur</strong></span> <span class='ocrx_word' id='word_1_32' title='bbox 1611 578 1705 633; x_wconf 89' lang='lat' dir='ltr'><strong>tibi</strong></span> <span class='ocrx_word' id='word_1_33' title='bbox 1752 578 1819 634; x_wconf 91' lang='lat' dir='ltr'><strong>ab</strong></span> <span class='ocrx_word' id='word_1_34' title='bbox 1859 579 2009 635; x_wconf 90' lang='lat' dir='ltr'><strong>omni</strong></span> 
     </span>
    </p>
   </div>
   <div class='ocr_carea' id='block_1_6' title="bbox 2111 576 3720 658">
    <p class='ocr_par' dir='ltr' id='par_1_6' title="bbox 2145 577 3720 658">
     <span class='ocr_line' id='line_1_6' title="bbox 2145 577 3720 658; baseline 0.006 -26"><span class='ocrx_word' id='word_1_35' title='bbox 2145 580 2313 642; x_wconf 83' lang='grc' dir='ltr'>λοντι,</span> <span class='ocrx_word' id='word_1_36' title='bbox 2349 582 2406 634; x_wconf 84' lang='grc' dir='ltr'><strong>ὲν</strong></span> <span class='ocrx_word' id='word_1_37' title='bbox 2437 580 2661 650; x_wconf 81' lang='grc' dir='ltr'><strong>Χριστῷ</strong></span> <span class='ocrx_word' id='word_1_38' title='bbox 2699 580 2877 652; x_wconf 79' lang='grc' dir='ltr'>Ἰησοῦ</span> <span class='ocrx_word' id='word_1_39' title='bbox 2918 580 2996 653; x_wconf 86' lang='grc' dir='ltr'><strong>τῷ</strong></span> <span class='ocrx_word' id='word_1_40' title='bbox 3022 582 3211 654; x_wconf 81' lang='grc' dir='ltr'>Κυρίῳ</span> <span class='ocrx_word' id='word_1_41' title='bbox 3245 584 3424 657; x_wconf 74' lang='grc' dir='ltr'><strong>ἡμῶν,</strong></span> <span class='ocrx_word' id='word_1_42' title='bbox 3462 577 3507 655; x_wconf 77' lang='grc' dir='ltr'><strong>ᾧ</strong></span> <span class='ocrx_word' id='word_1_43' title='bbox 3532 587 3569 658; x_wconf 74' lang='grc' dir='ltr'><strong>ἡ</strong></span> <span class='ocrx_word' id='word_1_44' title='bbox 3595 586 3720 652; x_wconf 79' lang='grc' dir='ltr'><strong>δόξα</strong></span> 
     </span>
    </p>
   </div>
   <div class='ocr_carea' id='block_1_7' title="bbox 465 670 2009 749">
    <p class='ocr_par' dir='ltr' id='par_1_7' title="bbox 465 670 2009 741">
     <span class='ocr_line' id='line_1_7' title="bbox 465 670 2009 741; baseline 0.003 -18"><span class='ocrx_word' id='word_1_45' title='bbox 465 678 685 738; x_wconf 84' lang='lat' dir='ltr'><strong>potente</strong></span> <span class='ocrx_word' id='word_1_46' title='bbox 730 670 840 725; x_wconf 85' lang='lat' dir='ltr'><strong>Deo</strong></span> <span class='ocrx_word' id='word_1_47' title='bbox 878 681 984 724; x_wconf 88' lang='lat' dir='ltr'><strong>tam</strong></span> <span class='ocrx_word' id='word_1_48' title='bbox 1035 672 1088 725; x_wconf 87' lang='lat' dir='ltr'><strong>in</strong></span> <span class='ocrx_word' id='word_1_49' title='bbox 1140 672 1241 725; x_wconf 86' lang='lat' dir='ltr'><strong>hoc</strong></span> <span class='ocrx_word' id='word_1_50' title='bbox 1291 672 1512 735; x_wconf 69' lang='lat' dir='ltr'><strong>saeculo,</strong></span> <span class='ocrx_word' id='word_1_51' title='bbox 1543 685 1706 741; x_wconf 88' lang='lat' dir='ltr'><strong>quam</strong></span> <span class='ocrx_word' id='word_1_52' title='bbox 1743 671 1795 725; x_wconf 90' lang='lat' dir='ltr'><strong>in</strong></span> <span class='ocrx_word' id='word_1_53' title='bbox 1829 672 2009 727; x_wconf 79' lang='lat' dir='ltr'><strong>futuro</strong></span> 
     </span>
    </p>
   </div>
   <div class='ocr_carea' id='block_1_8' title="bbox 2111 670 3295 749">
    <p class='ocr_par' dir='ltr' id='par_1_8' title="bbox 2146 672 3295 749">
     <span class='ocr_line' id='line_1_8' title="bbox 2146 672 3295 749; baseline 0.003 -21"><span class='ocrx_word' id='word_1_54' title='bbox 2146 674 2239 728; x_wconf 79' lang='grc' dir='ltr'>καὶ</span> <span class='ocrx_word' id='word_1_55' title='bbox 2267 672 2327 726; x_wconf 75' lang='grc' dir='ltr'><strong>τὸ</strong></span> <span class='ocrx_word' id='word_1_56' title='bbox 2355 672 2555 744; x_wconf 80' lang='grc' dir='ltr'>κράτος</span> <span class='ocrx_word' id='word_1_57' title='bbox 2581 673 2661 737; x_wconf 84' lang='grc' dir='ltr'><strong>είς</strong></span> <span class='ocrx_word' id='word_1_58' title='bbox 2690 673 2816 741; x_wconf 74' lang='grc' dir='ltr'><strong>τοὺς</strong></span> <span class='ocrx_word' id='word_1_59' title='bbox 2837 674 3061 739; x_wconf 78' lang='grc' dir='ltr'><strong>αἰῶνας.</strong></span> <span class='ocrx_word' id='word_1_60' title='bbox 3105 676 3295 749; x_wconf 74' lang='grc' dir='ltr'><strong>Ἀμήν.</strong></span> 
     </span>
    </p>
   </div>
   <div class='ocr_carea' id='block_1_9' title="bbox 463 758 2041 835">
    <p class='ocr_par' dir='ltr' id='par_1_9' title="bbox 463 758 2041 835">
     <span class='ocr_line' id='line_1_9' title="bbox 463 758 2041 835; baseline 0.004 -24"><span class='ocrx_word' id='word_1_61' title='bbox 463 758 630 827; x_wconf 82' lang='lat' dir='ltr'><strong>idque</strong></span> <span class='ocrx_word' id='word_1_62' title='bbox 675 760 726 813; x_wconf 92' lang='lat' dir='ltr'><strong>in</strong></span> <span class='ocrx_word' id='word_1_63' title='bbox 774 758 991 815; x_wconf 80' lang='lat' dir='ltr'><strong>Christo</strong></span> <span class='ocrx_word' id='word_1_64' title='bbox 1037 758 1163 815; x_wconf 82' lang='lat' dir='ltr'><strong>Jesu</strong></span> <span class='ocrx_word' id='word_1_65' title='bbox 1214 760 1443 816; x_wconf 86' lang='lat' dir='ltr'><strong>Domino</strong></span> <span class='ocrx_word' id='word_1_66' title='bbox 1493 770 1705 829; x_wconf 86' lang='lat' dir='ltr'><strong>nostro,</strong></span> <span class='ocrx_word' id='word_1_67' title='bbox 1733 762 1822 819; x_wconf 87' lang='lat' dir='ltr'><strong>cui</strong></span> <span class='ocrx_word' id='word_1_68' title='bbox 1868 764 2041 835; x_wconf 78' lang='lat' dir='ltr'><strong>gloria</strong></span> 
     </span>
    </p>
   </div>
   <div class='ocr_carea' id='block_1_10' title="bbox 460 852 1408 922">
    <p class='ocr_par' dir='ltr' id='par_1_10' title="bbox 460 852 1408 922">
     <span class='ocr_line' id='line_1_10' title="bbox 460 852 1408 922; baseline 0.001 -16"><span class='ocrx_word' id='word_1_69' title='bbox 460 862 516 906; x_wconf 82' lang='lat' dir='ltr'><strong>et</strong></span> <span class='ocrx_word' id='word_1_70' title='bbox 546 852 831 922; x_wconf 87' lang='lat' dir='ltr'><strong>imperium</strong></span> <span class='ocrx_word' id='word_1_71' title='bbox 862 854 913 908; x_wconf 89' lang='lat' dir='ltr'><strong>iu</strong></span> <span class='ocrx_word' id='word_1_72' title='bbox 948 854 1172 909; x_wconf 71' lang='lat' dir='ltr'><strong>saecula.</strong></span> <span class='ocrx_word' id='word_1_73' title='bbox 1210 853 1408 908; x_wconf 81' lang='lat' dir='ltr'><strong>Amen.</strong></span> 
     </span>
    </p>
   </div>
   <div class='ocr_carea' id='block_1_11' title="bbox 1086 962 2009 1031">
    <p class='ocr_par' dir='ltr' id='par_1_11' title="bbox 1086 962 1402 1021">
     <span class='ocr_line' id='line_1_11' title="bbox 1086 962 1402 1021; baseline 0.009 -3"><span class='ocrx_word' id='word_1_74' title='bbox 1086 962 1402 1021; x_wconf 71' lang='lat' dir='ltr'><strong>EIUSDEM</strong></span> 
     </span>
    </p>
   </div>
   <div class='ocr_carea' id='block_1_12' title="bbox 2111 962 3141 1031">
    <p class='ocr_par' dir='ltr' id='par_1_12' title="bbox 2716 973 3141 1031">
     <span class='ocr_line' id='line_1_12' title="bbox 2716 973 3141 1031; baseline 0.005 -2"><span class='ocrx_word' id='word_1_75' title='bbox 2716 974 2854 1029; x_wconf 84' lang='grc' dir='ltr'><strong>ΤΟΥ</strong></span> <span class='ocrx_word' id='word_1_76' title='bbox 2908 973 3141 1031; x_wconf 81' lang='grc' dir='ltr'>ΑΥΤΟΥ</span> 
     </span>
    </p>
   </div>
   <div class='ocr_carea' id='block_1_13' title="bbox 461 1077 2009 1161">
    <p class='ocr_par' dir='ltr' id='par_1_13' title="bbox 461 1077 2009 1161">
     <span class='ocr_line' id='line_1_13' title="bbox 461 1077 2009 1161; baseline 0.005 -28"><span class='ocrx_word' id='word_1_77' title='bbox 461 1077 727 1150; x_wconf 80' lang='lat' dir='ltr'><strong>Cagnih‘o.</strong></span> <span class='ocrx_word' id='word_1_78' title='bbox 771 1079 1178 1161; x_wconf 41' lang='lat' dir='ltr'><strong>dedisceptat‘a</strong></span> <span class='ocrx_word' id='word_1_79' title='bbox 1219 1081 1273 1135; x_wconf 78' lang='lat' dir='ltr'><strong>in</strong></span> <span class='ocrx_word' id='word_1_80' title='bbox 1316 1082 1534 1161; x_wconf 64' lang='lat' dir='ltr'><strong>synodo</strong></span> <span class='ocrx_word' id='word_1_81' title='bbox 1563 1085 1870 1161; x_wconf 52' lang='lat' dir='ltr'><strong>questique,</strong></span> <span class='ocrx_word' id='word_1_82' title='bbox 1913 1102 2009 1143; x_wconf 71' lang='lat' dir='ltr'><strong>nun</strong></span> 
     </span>
    </p>
   </div>
   <div class='ocr_carea' id='block_1_14' title="bbox 2111 1077 3718 1161">
    <p class='ocr_par' dir='ltr' id='par_1_14' title="bbox 2141 1084 3718 1161">
     <span class='ocr_line' id='line_1_14' title="bbox 2141 1084 3718 1161; baseline 0.004 -22"><span class='ocrx_word' id='word_1_83' title='bbox 2141 1084 2490 1161; x_wconf 63' lang='lat' dir='ltr'><strong>Ald}_1‘(00’t(‘.</strong></span> <span class='ocrx_word' id='word_1_84' title='bbox 2528 1086 2705 1161; x_wconf 78' lang='grc' dir='ltr'><strong>χάριν</strong></span> <span class='ocrx_word' id='word_1_85' title='bbox 2739 1086 2845 1161; x_wconf 60' lang='grc' dir='ltr'><strong>ζοῦ</strong></span> <span class='ocrx_word' id='word_1_86' title='bbox 2866 1089 3238 1161; x_wconf 67' lang='grc' dir='ltr'><em>λαληθέντος</em></span> <span class='ocrx_word' id='word_1_87' title='bbox 3263 1088 3608 1157; x_wconf 61' lang='lat' dir='ltr'><strong>avt-06min;</strong></span> <span class='ocrx_word' id='word_1_88' title='bbox 3629 1090 3718 1161; x_wconf 70' lang='grc' dir='ltr'><strong>(η-</strong></span> 
     </span>
    </p>
   </div>
   <div class='ocr_carea' id='block_1_15' title="bbox 602 1149 2009 1226">
    <p class='ocr_par' dir='ltr' id='par_1_15' title="bbox 602 1149 1900 1225">
     <span class='ocr_line' id='line_1_15' title="bbox 602 1149 1900 1225; baseline 0.008 -23"><span class='ocrx_word' id='word_1_89' title='bbox 602 1166 737 1204; x_wconf 75' lang='lat' dir='ltr'><strong>unus</strong></span> <span class='ocrx_word' id='word_1_90' title='bbox 773 1160 822 1205; x_wconf 84' lang='lat' dir='ltr'><strong>et</strong></span> <span class='ocrx_word' id='word_1_91' title='bbox 851 1149 990 1204; x_wconf 82' lang='lat' dir='ltr'><strong>idem</strong></span> <span class='ocrx_word' id='word_1_92' title='bbox 1025 1150 1232 1206; x_wconf 81' lang='lat' dir='ltr'><strong>duabus</strong></span> <span class='ocrx_word' id='word_1_93' title='bbox 1259 1149 1485 1207; x_wconf 28' lang='lat' dir='ltr'><strong>sob’rinis</strong></span> <span class='ocrx_word' id='word_1_94' title='bbox 1504 1149 1662 1225; x_wconf 74' lang='lat' dir='ltr'><strong>jungi</strong></span> <span class='ocrx_word' id='word_1_95' title='bbox 1692 1153 1900 1212; x_wconf 76' lang='lat' dir='ltr'><strong>debeat.</strong></span> 
     </span>
    </p>
   </div>
   <div class='ocr_carea' id='block_1_16' title="bbox 2111 1149 3718 1226">
    <p class='ocr_par' dir='ltr' id='par_1_16' title="bbox 2213 1149 3718 1226">
     <span class='ocr_line' id='line_1_16' title="bbox 2213 1149 3718 1226; baseline 0.006 -17"><span class='ocrx_word' id='word_1_96' title='bbox 2213 1149 2493 1223; x_wconf 64' lang='grc' dir='ltr'>τῆματοξ,</span> <span class='ocrx_word' id='word_1_97' title='bbox 2523 1149 2808 1226; x_wconf 50' lang='lat' dir='ltr'><strong>Rapitur}.</strong></span> <span class='ocrx_word' id='word_1_98' title='bbox 2856 1160 2908 1211; x_wconf 86' lang='grc' dir='ltr'><strong>εί</strong></span> <span class='ocrx_word' id='word_1_99' title='bbox 2954 1149 3069 1226; x_wconf 68' lang='grc' dir='ltr'><strong>χρὴ</strong></span> <span class='ocrx_word' id='word_1_100' title='bbox 3104 1149 3230 1213; x_wconf 74' lang='grc' dir='ltr'><strong>τόγ’</strong></span> <span class='ocrx_word' id='word_1_101' title='bbox 3256 1162 3443 1215; x_wconf 77' lang='grc' dir='ltr'><strong>αὑτὸν</strong></span> <span class='ocrx_word' id='word_1_102' title='bbox 3474 1149 3718 1217; x_wconf 48' lang='lat' dir='ltr'><strong>xui-6r}:</strong></span> 
     </span>
    </p>
   </div>
   <div class='ocr_carea' id='block_1_17' title="bbox 2212 1225 3325 1297">
    <p class='ocr_par' dir='ltr' id='par_1_17' title="bbox 2212 1225 3325 1297">
     <span class='ocr_line' id='line_1_17' title="bbox 2212 1225 3325 1297; baseline 0.007 -18"><span class='ocrx_word' id='word_1_103' title='bbox 2212 1226 2353 1281; x_wconf 72' lang='grc' dir='ltr'><strong>δυσὶ</strong></span> <span class='ocrx_word' id='word_1_104' title='bbox 2384 1225 2855 1297; x_wconf 69' lang='grc' dir='ltr'><strong>ἃισεξαδέλφαις</strong></span> <span class='ocrx_word' id='word_1_105' title='bbox 2885 1225 3325 1287; x_wconf 64' lang='grc' dir='ltr'>σικάπτεσθαι.</span> 
     </span>
    </p>
   </div>
   <div class='ocr_carea' id='block_1_18' title="bbox 526 1337 2009 1416">
    <p class='ocr_par' dir='ltr' id='par_1_18' title="bbox 526 1337 2009 1416">
     <span class='ocr_line' id='line_1_18' title="bbox 526 1337 2009 1416; baseline 0.005 -24"><span class='ocrx_word' id='word_1_106' title='bbox 526 1337 941 1416; x_wconf 83' lang='lat' dir='ltr'><strong>Atheniensium</strong></span> <span class='ocrx_word' id='word_1_107' title='bbox 974 1344 1088 1394; x_wconf 90' lang='lat' dir='ltr'><strong>tam</strong></span> <span class='ocrx_word' id='word_1_108' title='bbox 1115 1338 1405 1411; x_wconf 79' lang='lat' dir='ltr'><strong>indigenae,</strong></span> <span class='ocrx_word' id='word_1_109' title='bbox 1437 1354 1601 1411; x_wconf 91' lang='lat' dir='ltr'><strong>quam</strong></span> <span class='ocrx_word' id='word_1_110' title='bbox 1631 1340 1874 1408; x_wconf 60' lang='lat' dir='ltr'><strong>advenae,</strong></span> <span class='ocrx_word' id='word_1_111' title='bbox 1898 1344 2009 1398; x_wconf 83' lang='lat' dir='ltr'><strong>null</strong></span> 
     </span>
    </p>
   </div>
   <div class='ocr_carea' id='block_1_19' title="bbox 2111 1337 3719 1416">
    <p class='ocr_par' dir='ltr' id='par_1_19' title="bbox 2210 1338 3719 1416">
     <span class='ocr_line' id='line_1_19' title="bbox 2210 1338 3719 1416; baseline 0.006 -23"><span class='ocrx_word' id='word_1_112' title='bbox 2210 1341 2272 1394; x_wconf 86' lang='lat' dir='ltr'><strong>Oi</strong></span> <span class='ocrx_word' id='word_1_113' title='bbox 2302 1341 2412 1393; x_wconf 87' lang='grc' dir='ltr'><strong>τῶν</strong></span> <span class='ocrx_word' id='word_1_114' title='bbox 2459 1340 2760 1413; x_wconf 72' lang='grc' dir='ltr'>’Δθηναίων</span> <span class='ocrx_word' id='word_1_115' title='bbox 2799 1338 3063 1412; x_wconf 75' lang='grc' dir='ltr'><strong>ἰθαγενεῖς</strong></span> <span class='ocrx_word' id='word_1_116' title='bbox 3102 1343 3198 1395; x_wconf 60' lang='grc' dir='ltr'><strong>καὶ⁵</strong></span> <span class='ocrx_word' id='word_1_117' title='bbox 3256 1343 3592 1416; x_wconf 76' lang='grc' dir='ltr'>προσήλυτοι</span> <span class='ocrx_word' id='word_1_118' title='bbox 3643 1347 3719 1411; x_wconf 84' lang='grc' dir='ltr'><strong>είς</strong></span> 
     </span>
    </p>
   </div>
   <div class='ocr_carea' id='block_1_20' title="bbox 455 1412 2009 1510">
    <p class='ocr_par' dir='ltr' id='par_1_20' title="bbox 455 1412 2009 1505">
     <span class='ocr_line' id='line_1_20' title="bbox 455 1412 2009 1505; baseline 0.005 -21"><span class='ocrx_word' id='word_1_119' title='bbox 455 1428 548 1485; x_wconf 65' lang='lat' dir='ltr'><strong>alii</strong></span> <span class='ocrx_word' id='word_1_120' title='bbox 582 1412 659 1483; x_wconf 84' lang='lat' dir='ltr'><strong>rei</strong></span> <span class='ocrx_word' id='word_1_121' title='bbox 702 1430 991 1497; x_wconf 88' lang='lat' dir='ltr'><strong>vacabant,</strong></span> <span class='ocrx_word' id='word_1_122' title='bbox 1020 1431 1199 1501; x_wconf 87' lang='lat' dir='ltr'><strong>inquit</strong></span> <span class='ocrx_word' id='word_1_123' title='bbox 1232 1448 1459 1502; x_wconf 83' lang='lat' dir='ltr'><strong>magnus</strong></span> <span class='ocrx_word' id='word_1_124' title='bbox 1494 1433 1581 1486; x_wconf 90' lang='lat' dir='ltr'><strong>ille</strong></span> <span class='ocrx_word' id='word_1_125' title='bbox 1614 1430 1837 1497; x_wconf 84' lang='lat' dir='ltr'><strong>Paulus,</strong></span> <span class='ocrx_word' id='word_1_126' title='bbox 1869 1451 2009 1505; x_wconf 89' lang='lat' dir='ltr'><strong>quau</strong></span> 
     </span>
    </p>
   </div>
   <div class='ocr_carea' id='block_1_21' title="bbox 2111 1412 3715 1510">
    <p class='ocr_par' dir='ltr' id='par_1_21' title="bbox 2137 1412 3715 1510">
     <span class='ocr_line' id='line_1_21' title="bbox 2137 1412 3715 1510; baseline 0.004 -25"><span class='ocrx_word' id='word_1_127' title='bbox 2137 1431 2288 1485; x_wconf 73' lang='grc' dir='ltr'>οὐδὲν</span> <span class='ocrx_word' id='word_1_128' title='bbox 2326 1432 2515 1505; x_wconf 72' lang='grc' dir='ltr'>ἕτερον</span> <span class='ocrx_word' id='word_1_129' title='bbox 2559 1433 2874 1505; x_wconf 79' lang='grc' dir='ltr'><strong>εὐκαίρουν,</strong></span> <span class='ocrx_word' id='word_1_130' title='bbox 2923 1436 2951 1487; x_wconf 91' lang='lat'><strong>6</strong></span> <span class='ocrx_word' id='word_1_131' title='bbox 2992 1435 3168 1504; x_wconf 83' lang='grc' dir='ltr'><strong>μέγας</strong></span> <span class='ocrx_word' id='word_1_132' title='bbox 3208 1412 3715 1510; x_wconf 30' lang='grc' dir='ltr'><strong>Παῦλόςνφησιν,ἢ</strong></span> 
     </span>
    </p>
   </div>
   <div class='ocr_carea' id='block_1_22' title="bbox 456 1520 2009 1599">
    <p class='ocr_par' dir='ltr' id='par_1_22' title="bbox 456 1521 2008 1594">
     <span class='ocr_line' id='line_1_22' title="bbox 456 1521 2008 1594; baseline 0.005 -19"><span class='ocrx_word' id='word_1_133' title='bbox 456 1530 517 1575; x_wconf 90' lang='lat' dir='ltr'><strong>ut</strong></span> <span class='ocrx_word' id='word_1_134' title='bbox 548 1521 756 1591; x_wconf 86' lang='lat' dir='ltr'><strong>aliquid</strong></span> <span class='ocrx_word' id='word_1_135' title='bbox 794 1524 921 1577; x_wconf 84' lang='lat' dir='ltr'><strong>novi</strong></span> <span class='ocrx_word' id='word_1_136' title='bbox 971 1531 1088 1578; x_wconf 90' lang='lat' dir='ltr'><strong>tum</strong></span> <span class='ocrx_word' id='word_1_137' title='bbox 1138 1523 1467 1594; x_wconf 81' lang='lat' dir='ltr'><strong>proferrent,</strong></span> <span class='ocrx_word' id='word_1_138' title='bbox 1501 1533 1616 1578; x_wconf 91' lang='lat' dir='ltr'><strong>tum</strong></span> <span class='ocrx_word' id='word_1_139' title='bbox 1659 1525 1934 1581; x_wconf 84' lang='lat' dir='ltr'><strong>audirent.</strong></span> <span class='ocrx_word' id='word_1_140' title='bbox 1966 1529 2008 1583; x_wconf 85' lang='lat' dir='ltr'><strong>A</strong></span> 
     </span>
    </p>
   </div>
   <div class='ocr_carea' id='block_1_23' title="bbox 2111 1520 3716 1599">
    <p class='ocr_par' dir='ltr' id='par_1_23' title="bbox 2135 1520 3716 1599">
     <span class='ocr_line' id='line_1_23' title="bbox 2135 1520 3716 1599; baseline 0.006 -26"><span class='ocrx_word' id='word_1_141' title='bbox 2135 1520 2316 1590; x_wconf 86' lang='grc' dir='ltr'>λέγειν</span> <span class='ocrx_word' id='word_1_142' title='bbox 2345 1539 2399 1575; x_wconf 87' lang='grc' dir='ltr'><strong>τι</strong></span> <span class='ocrx_word' id='word_1_143' title='bbox 2431 1522 2527 1575; x_wconf 78' lang='grc' dir='ltr'><strong>καὶ</strong></span> <span class='ocrx_word' id='word_1_144' title='bbox 2570 1522 2789 1577; x_wconf 81' lang='grc' dir='ltr'>ἀκούειν</span> <span class='ocrx_word' id='word_1_145' title='bbox 2820 1523 3159 1595; x_wconf 83' lang='grc' dir='ltr'>καινότερον.</span> <span class='ocrx_word' id='word_1_146' title='bbox 3206 1523 3269 1578; x_wconf 86' lang='grc' dir='ltr'><strong>Ἦ</strong></span> <span class='ocrx_word' id='word_1_147' title='bbox 3316 1526 3621 1599; x_wconf 73' lang='grc' dir='ltr'><strong>Ἐκκλησία</strong></span> <span class='ocrx_word' id='word_1_148' title='bbox 3663 1529 3716 1583; x_wconf 62' lang='lat' dir='ltr'><strong>Bt</strong></span> 
     </span>
    </p>
   </div>
   <div class='ocr_carea' id='block_1_24' title="bbox 454 1609 2009 1690">
    <p class='ocr_par' dir='ltr' id='par_1_24' title="bbox 454 1614 2007 1690">
     <span class='ocr_line' id='line_1_24' title="bbox 454 1614 2007 1690; baseline 0.005 -22"><span class='ocrx_word' id='word_1_149' title='bbox 454 1630 589 1670; x_wconf 81' lang='lat' dir='ltr'><strong>vero</strong></span> <span class='ocrx_word' id='word_1_150' title='bbox 642 1615 889 1670; x_wconf 77' lang='lat' dir='ltr'><strong>Ecclesia</strong></span> <span class='ocrx_word' id='word_1_151' title='bbox 922 1614 1041 1678; x_wconf 89' lang='lat' dir='ltr'><strong>Dei,</strong></span> <span class='ocrx_word' id='word_1_152' title='bbox 1070 1616 1155 1672; x_wconf 89' lang='lat' dir='ltr'><strong>vel</strong></span> <span class='ocrx_word' id='word_1_153' title='bbox 1192 1631 1349 1672; x_wconf 88' lang='lat' dir='ltr'><strong>sacra</strong></span> <span class='ocrx_word' id='word_1_154' title='bbox 1394 1619 1580 1688; x_wconf 85' lang='lat' dir='ltr'><strong>potius</strong></span> <span class='ocrx_word' id='word_1_155' title='bbox 1620 1619 1768 1690; x_wconf 77' lang='lat' dir='ltr'><strong>regia</strong></span> <span class='ocrx_word' id='word_1_156' title='bbox 1802 1621 2007 1676; x_wconf 82' lang='lat' dir='ltr'><strong>sanctis</strong></span> 
     </span>
    </p>
   </div>
   <div class='ocr_carea' id='block_1_25' title="bbox 2111 1609 3718 1690">
    <p class='ocr_par' dir='ltr' id='par_1_25' title="bbox 2133 1609 3718 1689">
     <span class='ocr_line' id='line_1_25' title="bbox 2133 1609 3718 1689; baseline 0.004 -24"><span class='ocrx_word' id='word_1_157' title='bbox 2133 1609 2231 1666; x_wconf 84' lang='grc' dir='ltr'>τοῦ</span> <span class='ocrx_word' id='word_1_158' title='bbox 2256 1612 2417 1678; x_wconf 73' lang='grc' dir='ltr'>θεοῦ,</span> <span class='ocrx_word' id='word_1_159' title='bbox 2450 1614 2546 1666; x_wconf 73' lang='lat' dir='ltr'><strong>xal</strong></span> <span class='ocrx_word' id='word_1_160' title='bbox 2576 1612 2780 1683; x_wconf 81' lang='grc' dir='ltr'>μᾶλλον</span> <span class='ocrx_word' id='word_1_161' title='bbox 2809 1612 2869 1667; x_wconf 79' lang='grc' dir='ltr'><strong>τὸ</strong></span> <span class='ocrx_word' id='word_1_162' title='bbox 2894 1612 3040 1668; x_wconf 87' lang='grc' dir='ltr'>θεῖον</span> <span class='ocrx_word' id='word_1_163' title='bbox 3063 1615 3364 1687; x_wconf 83' lang='grc' dir='ltr'>ἀνάκτορον</span> <span class='ocrx_word' id='word_1_164' title='bbox 3391 1621 3488 1689; x_wconf 86' lang='grc' dir='ltr'><strong>τῆς</strong></span> <span class='ocrx_word' id='word_1_165' title='bbox 3545 1620 3718 1687; x_wconf 82' lang='grc' dir='ltr'>ἁγιω-</span> 
     </span>
    </p>
   </div>
   <div class='ocr_carea' id='block_1_26' title="bbox 454 1701 2009 1781">
    <p class='ocr_par' dir='ltr' id='par_1_26' title="bbox 454 1704 2009 1777">
     <span class='ocr_line' id='line_1_26' title="bbox 454 1704 2009 1777; baseline 0.005 -17"><span class='ocrx_word' id='word_1_166' title='bbox 454 1706 607 1760; x_wconf 72' lang='lat' dir='ltr'><strong>sima:</strong></span> <span class='ocrx_word' id='word_1_167' title='bbox 663 1704 757 1760; x_wconf 87' lang='lat' dir='ltr'><strong>Dei</strong></span> <span class='ocrx_word' id='word_1_168' title='bbox 818 1706 1053 1777; x_wconf 64' lang='lat' dir='ltr'><strong>&#39;maj’oris</strong></span> <span class='ocrx_word' id='word_1_169' title='bbox 1108 1706 1389 1774; x_wconf 56' lang='lat' dir='ltr'><strong>Ecclesiae,</strong></span> <span class='ocrx_word' id='word_1_170' title='bbox 1440 1725 1469 1763; x_wconf 88' lang='lat' dir='ltr'><strong>a</strong></span> <span class='ocrx_word' id='word_1_171' title='bbox 1521 1713 1730 1767; x_wconf 84' lang='lat' dir='ltr'><strong>sanctis</strong></span> <span class='ocrx_word' id='word_1_172' title='bbox 1776 1711 2009 1769; x_wconf 84' lang='lat' dir='ltr'><strong>Patribu:</strong></span> 
     </span>
    </p>
   </div>
   <div class='ocr_carea' id='block_1_27' title="bbox 2111 1701 3714 1781">
    <p class='ocr_par' dir='ltr' id='par_1_27' title="bbox 2132 1701 3714 1781">
     <span class='ocr_line' id='line_1_27' title="bbox 2132 1701 3714 1781; baseline 0.004 -24"><span class='ocrx_word' id='word_1_173' title='bbox 2132 1703 2301 1774; x_wconf 84' lang='grc' dir='ltr'><strong>τάτης</strong></span> <span class='ocrx_word' id='word_1_174' title='bbox 2327 1701 2423 1757; x_wconf 89' lang='grc' dir='ltr'>τοῦ</span> <span class='ocrx_word' id='word_1_175' title='bbox 2460 1703 2596 1757; x_wconf 83' lang='grc' dir='ltr'>Θεοῦ</span> <span class='ocrx_word' id='word_1_176' title='bbox 2631 1705 2873 1774; x_wconf 77' lang='grc' dir='ltr'><strong>μεγάλης</strong></span> <span class='ocrx_word' id='word_1_177' title='bbox 2909 1706 3260 1778; x_wconf 85' lang='grc' dir='ltr'>Ἔκκλησίας,</span> <span class='ocrx_word' id='word_1_178' title='bbox 3309 1709 3376 1762; x_wconf 76' lang='grc' dir='ltr'><strong>τὰ</strong></span> <span class='ocrx_word' id='word_1_179' title='bbox 3404 1710 3556 1781; x_wconf 77' lang='grc' dir='ltr'>παρὰ</span> <span class='ocrx_word' id='word_1_180' title='bbox 3606 1712 3714 1766; x_wconf 83' lang='grc' dir='ltr'><strong>τῶν</strong></span> 
     </span>
    </p>
   </div>
   <div class='ocr_carea' id='block_1_28' title="bbox 453 1793 2009 1895">
    <p class='ocr_par' dir='ltr' id='par_1_28' title="bbox 453 1796 1998 1872">
     <span class='ocr_line' id='line_1_28' title="bbox 453 1796 1998 1872; baseline 0.006 -22"><span class='ocrx_word' id='word_1_181' title='bbox 453 1796 673 1850; x_wconf 86' lang='lat' dir='ltr'><strong>decreta</strong></span> <span class='ocrx_word' id='word_1_182' title='bbox 719 1799 1116 1864; x_wconf 83' lang='lat' dir='ltr'><strong>corroborans,</strong></span> <span class='ocrx_word' id='word_1_183' title='bbox 1147 1814 1365 1853; x_wconf 88' lang='lat' dir='ltr'><strong>onmem</strong></span> <span class='ocrx_word' id='word_1_184' title='bbox 1407 1805 1839 1872; x_wconf 82' lang='lat' dir='ltr'><strong>supertluilatem</strong></span> <span class='ocrx_word' id='word_1_185' title='bbox 1873 1805 1998 1860; x_wconf 91' lang='lat' dir='ltr'><strong>novi</strong></span> 
     </span>
    </p>
   </div>
   <div class='ocr_carea' id='block_1_29' title="bbox 2111 1793 3714 1895">
    <p class='ocr_par' dir='ltr' id='par_1_29' title="bbox 2132 1793 3714 1873">
     <span class='ocr_line' id='line_1_29' title="bbox 2132 1793 3714 1873; baseline 0.004 -25"><span class='ocrx_word' id='word_1_186' title='bbox 2132 1793 2305 1861; x_wconf 80' lang='grc' dir='ltr'><strong>ἁγίων</strong></span> <span class='ocrx_word' id='word_1_187' title='bbox 2335 1794 2600 1867; x_wconf 83' lang='grc' dir='ltr'><strong>Πατέρων</strong></span> <span class='ocrx_word' id='word_1_188' title='bbox 2647 1794 3083 1866; x_wconf 82' lang='grc' dir='ltr'><strong>δογματισθέντα</strong></span> <span class='ocrx_word' id='word_1_189' title='bbox 3111 1798 3475 1869; x_wconf 84' lang='grc' dir='ltr'>κρατύνουσα,</span> <span class='ocrx_word' id='word_1_190' title='bbox 3512 1801 3714 1873; x_wconf 73' lang='grc' dir='ltr'>προθέ-</span> 
     </span>
    </p>
   </div>
   <div class='ocr_carea' id='block_1_30' title="bbox 459 1889 2030 1966">
    <p class='ocr_par' dir='ltr' id='par_1_30' title="bbox 459 1889 2030 1966">
     <span class='ocr_line' id='line_1_30' title="bbox 459 1889 2030 1966; baseline 0.004 -24"><span class='ocrx_word' id='word_1_191' title='bbox 459 1891 586 1942; x_wconf 74' lang='lat' dir='ltr'><strong>tatis</strong></span> <span class='ocrx_word' id='word_1_192' title='bbox 616 1889 857 1958; x_wconf 78' lang='lat' dir='ltr'><strong>speciem</strong></span> <span class='ocrx_word' id='word_1_193' title='bbox 894 1890 1183 1945; x_wconf 88' lang='lat' dir='ltr'><strong>habentem</strong></span> <span class='ocrx_word' id='word_1_194' title='bbox 1218 1892 1481 1948; x_wconf 83' lang='lat' dir='ltr'><strong>radicitus</strong></span> <span class='ocrx_word' id='word_1_195' title='bbox 1513 1896 1801 1966; x_wconf 79' lang='lat' dir='ltr'><strong>exstirpat,</strong></span> <span class='ocrx_word' id='word_1_196' title='bbox 1831 1904 1885 1952; x_wconf 87' lang='lat' dir='ltr'><strong>et</strong></span> <span class='ocrx_word' id='word_1_197' title='bbox 1915 1897 2030 1952; x_wconf 86' lang='lat' dir='ltr'><strong>cul-</strong></span> 
     </span>
    </p>
   </div>
   <div class='ocr_carea' id='block_1_31' title="bbox 2134 1885 3712 1963">
    <p class='ocr_par' dir='ltr' id='par_1_31' title="bbox 2134 1885 3712 1963">
     <span class='ocr_line' id='line_1_31' title="bbox 2134 1885 3712 1963; baseline 0.005 -24"><span class='ocrx_word' id='word_1_198' title='bbox 2134 1885 2335 1957; x_wconf 86' lang='grc' dir='ltr'>λυμνον</span> <span class='ocrx_word' id='word_1_199' title='bbox 2357 1887 2580 1959; x_wconf 78' lang='grc' dir='ltr'>ἀποσπᾷ</span> <span class='ocrx_word' id='word_1_200' title='bbox 2622 1888 2803 1941; x_wconf 81' lang='grc' dir='ltr'>πᾶσαν</span> <span class='ocrx_word' id='word_1_201' title='bbox 2835 1888 3143 1960; x_wconf 77' lang='grc' dir='ltr'>καινοφανῆ</span> <span class='ocrx_word' id='word_1_202' title='bbox 3195 1893 3583 1963; x_wconf 77' lang='grc' dir='ltr'><strong>περιττότητα,</strong></span> <span class='ocrx_word' id='word_1_203' title='bbox 3616 1895 3712 1947; x_wconf 70' lang='grc' dir='ltr'>καὶ</span> 
     </span>
    </p>
   </div>
   <div class='ocr_carea' id='block_1_32' title="bbox 453 1978 2009 2058">
    <p class='ocr_par' dir='ltr' id='par_1_32' title="bbox 453 1982 2007 2058">
     <span class='ocr_line' id='line_1_32' title="bbox 453 1982 2007 2058; baseline 0.006 -24"><span class='ocrx_word' id='word_1_204' title='bbox 453 1998 599 2035; x_wconf 89' lang='lat' dir='ltr'><strong>mum</strong></span> <span class='ocrx_word' id='word_1_205' title='bbox 634 1982 882 2036; x_wconf 79' lang='lat' dir='ltr'><strong>veritatis</strong></span> <span class='ocrx_word' id='word_1_206' title='bbox 913 1982 980 2036; x_wconf 89' lang='lat' dir='ltr'><strong>ad</strong></span> <span class='ocrx_word' id='word_1_207' title='bbox 1007 1983 1286 2039; x_wconf 81' lang='lat' dir='ltr'><strong>ferendum</strong></span> <span class='ocrx_word' id='word_1_208' title='bbox 1317 1983 1554 2039; x_wconf 79' lang='lat' dir='ltr'><strong>fructum</strong></span> <span class='ocrx_word' id='word_1_209' title='bbox 1586 1990 1899 2058; x_wconf 83' lang='lat' dir='ltr'><strong>centuplum</strong></span> <span class='ocrx_word' id='word_1_210' title='bbox 1920 1989 2007 2044; x_wconf 90' lang='lat' dir='ltr'><strong>vul</strong></span> 
     </span>
    </p>
   </div>
   <div class='ocr_carea' id='block_1_33' title="bbox 2111 1978 3713 2058">
    <p class='ocr_par' dir='ltr' id='par_1_33' title="bbox 2133 1978 3713 2051">
     <span class='ocr_line' id='line_1_33' title="bbox 2133 1978 3713 2051; baseline 0.004 -18"><span class='ocrx_word' id='word_1_211' title='bbox 2133 1978 2277 2033; x_wconf 81' lang='grc' dir='ltr'><strong>θέλει</strong></span> <span class='ocrx_word' id='word_1_212' title='bbox 2320 1978 2423 2049; x_wconf 83' lang='grc' dir='ltr'><strong>τῆς</strong></span> <span class='ocrx_word' id='word_1_213' title='bbox 2469 1978 2730 2050; x_wconf 82' lang='grc' dir='ltr'>ἀληθείας</span> <span class='ocrx_word' id='word_1_214' title='bbox 2757 1979 2849 2034; x_wconf 78' lang='grc' dir='ltr'><strong>τὸν</strong></span> <span class='ocrx_word' id='word_1_215' title='bbox 2878 1980 3120 2051; x_wconf 81' lang='grc' dir='ltr'>ἀσταχυν</span> <span class='ocrx_word' id='word_1_216' title='bbox 3151 1981 3461 2037; x_wconf 74' lang='grc' dir='ltr'><strong>ἀνατέλλειν</strong></span> <span class='ocrx_word' id='word_1_217' title='bbox 3507 1985 3713 2039; x_wconf 76' lang='grc' dir='ltr'>ἑκατοο</span> 
     </span>
    </p>
   </div>
   <div class='ocr_carea' id='block_1_34' title="bbox 449 2071 2028 2147">
    <p class='ocr_par' dir='ltr' id='par_1_34' title="bbox 449 2071 2028 2147">
     <span class='ocr_line' id='line_1_34' title="bbox 449 2071 2028 2147; baseline 0.008 -22"><span class='ocrx_word' id='word_1_218' title='bbox 449 2086 718 2128; x_wconf 86' lang='lat' dir='ltr'><strong>crescere.</strong></span> <span class='ocrx_word' id='word_1_219' title='bbox 754 2071 977 2127; x_wconf 80' lang='lat' dir='ltr'><strong>Proﬂcit</strong></span> <span class='ocrx_word' id='word_1_220' title='bbox 1021 2074 1165 2129; x_wconf 91' lang='lat' dir='ltr'><strong>enim</strong></span> <span class='ocrx_word' id='word_1_221' title='bbox 1214 2090 1310 2145; x_wconf 91' lang='lat' dir='ltr'><strong>per</strong></span> <span class='ocrx_word' id='word_1_222' title='bbox 1355 2074 1445 2130; x_wconf 90' lang='lat' dir='ltr'><strong>Dei</strong></span> <span class='ocrx_word' id='word_1_223' title='bbox 1496 2078 1754 2147; x_wconf 79' lang='lat' dir='ltr'><strong>gratiam,</strong></span> <span class='ocrx_word' id='word_1_224' title='bbox 1790 2080 1842 2134; x_wconf 92' lang='lat' dir='ltr'><strong>iu</strong></span> <span class='ocrx_word' id='word_1_225' title='bbox 1878 2081 2028 2137; x_wconf 91' lang='lat' dir='ltr'><strong>omni</strong></span> 
     </span>
    </p>
   </div>
   <div class='ocr_carea' id='block_1_35' title="bbox 448 2164 2030 2240">
    <p class='ocr_par' dir='ltr' id='par_1_35' title="bbox 448 2164 2030 2240">
     <span class='ocr_line' id='line_1_35' title="bbox 448 2164 2030 2240; baseline 0.007 -23"><span class='ocrx_word' id='word_1_226' title='bbox 448 2174 669 2235; x_wconf 87' lang='lat' dir='ltr'><strong>accepta</strong></span> <span class='ocrx_word' id='word_1_227' title='bbox 718 2164 826 2220; x_wconf 89' lang='lat' dir='ltr'><strong>Deo</strong></span> <span class='ocrx_word' id='word_1_228' title='bbox 877 2171 989 2220; x_wconf 87' lang='lat' dir='ltr'><strong>tam</strong></span> <span class='ocrx_word' id='word_1_229' title='bbox 1042 2166 1315 2234; x_wconf 89' lang='lat' dir='ltr'><strong>oratione,</strong></span> <span class='ocrx_word' id='word_1_230' title='bbox 1346 2183 1506 2238; x_wconf 90' lang='lat' dir='ltr'><strong>quam</strong></span> <span class='ocrx_word' id='word_1_231' title='bbox 1556 2171 1795 2240; x_wconf 75' lang='lat' dir='ltr'><strong>negotio.</strong></span> <span class='ocrx_word' id='word_1_232' title='bbox 1826 2170 2030 2238; x_wconf 86' lang='lat' dir='ltr'><strong>Quam-</strong></span> 
     </span>
    </p>
   </div>
   <div class='ocr_carea' id='block_1_36' title="bbox 446 2256 2024 2333">
    <p class='ocr_par' dir='ltr' id='par_1_36' title="bbox 446 2256 2024 2333">
     <span class='ocr_line' id='line_1_36' title="bbox 446 2256 2024 2333; baseline 0.005 -23"><span class='ocrx_word' id='word_1_233' title='bbox 446 2256 635 2311; x_wconf 86' lang='lat' dir='ltr'><strong>obrem</strong></span> <span class='ocrx_word' id='word_1_234' title='bbox 667 2256 834 2311; x_wconf 89' lang='lat' dir='ltr'><strong>etiam</strong></span> <span class='ocrx_word' id='word_1_235' title='bbox 881 2256 959 2321; x_wconf 92' lang='lat' dir='ltr'><strong>id,</strong></span> <span class='ocrx_word' id='word_1_236' title='bbox 988 2258 1057 2312; x_wconf 89' lang='lat' dir='ltr'><strong>de</strong></span> <span class='ocrx_word' id='word_1_237' title='bbox 1087 2272 1196 2327; x_wconf 85' lang='lat' dir='ltr'><strong>quo</strong></span> <span class='ocrx_word' id='word_1_238' title='bbox 1229 2274 1338 2313; x_wconf 91' lang='lat' dir='ltr'><strong>nou</strong></span> <span class='ocrx_word' id='word_1_239' title='bbox 1383 2259 1453 2313; x_wconf 90' lang='lat' dir='ltr'><strong>ita</strong></span> <span class='ocrx_word' id='word_1_240' title='bbox 1493 2261 1702 2330; x_wconf 89' lang='lat' dir='ltr'><strong>pridem</strong></span> <span class='ocrx_word' id='word_1_241' title='bbox 1738 2263 2024 2333; x_wconf 63' lang='lat' dir='ltr'><strong>quacsitum</strong></span> 
     </span>
    </p>
   </div>
   <div class='ocr_carea' id='block_1_37' title="bbox 445 2351 2029 2422">
    <p class='ocr_par' dir='ltr' id='par_1_37' title="bbox 445 2351 2029 2422">
     <span class='ocr_line' id='line_1_37' title="bbox 445 2351 2029 2422; baseline 0.004 -17"><span class='ocrx_word' id='word_1_242' title='bbox 445 2358 528 2405; x_wconf 85' lang='lat' dir='ltr'><strong>est</strong></span> <span class='ocrx_word' id='word_1_243' title='bbox 558 2352 612 2405; x_wconf 91' lang='lat' dir='ltr'><strong>in</strong></span> <span class='ocrx_word' id='word_1_244' title='bbox 652 2351 885 2422; x_wconf 88' lang='lat' dir='ltr'><strong>synodo,</strong></span> <span class='ocrx_word' id='word_1_245' title='bbox 925 2367 1055 2405; x_wconf 91' lang='lat' dir='ltr'><strong>num</strong></span> <span class='ocrx_word' id='word_1_246' title='bbox 1091 2367 1235 2406; x_wconf 91' lang='lat' dir='ltr'><strong>unus</strong></span> <span class='ocrx_word' id='word_1_247' title='bbox 1294 2359 1348 2407; x_wconf 89' lang='lat' dir='ltr'><strong>et</strong></span> <span class='ocrx_word' id='word_1_248' title='bbox 1394 2352 1535 2408; x_wconf 89' lang='lat' dir='ltr'><strong>idem</strong></span> <span class='ocrx_word' id='word_1_249' title='bbox 1590 2354 1804 2411; x_wconf 88' lang='lat' dir='ltr'><strong>duabus</strong></span> <span class='ocrx_word' id='word_1_250' title='bbox 1850 2357 2029 2411; x_wconf 90' lang='lat' dir='ltr'><strong>sobri-</strong></span> 
     </span>
    </p>
   </div>
   <div class='ocr_carea' id='block_1_38' title="bbox 444 2443 2022 2514">
    <p class='ocr_par' dir='ltr' id='par_1_38' title="bbox 444 2443 2022 2514">
     <span class='ocr_line' id='line_1_38' title="bbox 444 2443 2022 2514; baseline 0.003 -16"><span class='ocrx_word' id='word_1_251' title='bbox 444 2444 534 2499; x_wconf 87' lang='lat' dir='ltr'><strong>nis</strong></span> <span class='ocrx_word' id='word_1_252' title='bbox 585 2443 835 2514; x_wconf 87' lang='lat' dir='ltr'><strong>copulari</strong></span> <span class='ocrx_word' id='word_1_253' title='bbox 886 2444 1112 2509; x_wconf 80' lang='lat' dir='ltr'><strong>debeat,</strong></span> <span class='ocrx_word' id='word_1_254' title='bbox 1164 2445 1394 2500; x_wconf 89' lang='lat' dir='ltr'><strong>minime</strong></span> <span class='ocrx_word' id='word_1_255' title='bbox 1449 2446 1624 2500; x_wconf 82' lang='lat' dir='ltr'><strong>voluit</strong></span> <span class='ocrx_word' id='word_1_256' title='bbox 1674 2462 1773 2503; x_wconf 92' lang='lat' dir='ltr'><strong>ceu</strong></span> <span class='ocrx_word' id='word_1_257' title='bbox 1822 2464 2022 2503; x_wconf 81' lang='lat' dir='ltr'><strong>novum</strong></span> 
     </span>
    </p>
   </div>
   <div class='ocr_carea' id='block_1_39' title="bbox 446 2534 2020 2608">
    <p class='ocr_par' dir='ltr' id='par_1_39' title="bbox 446 2534 2020 2608">
     <span class='ocr_line' id='line_1_39' title="bbox 446 2534 2020 2608; baseline 0.001 -16"><span class='ocrx_word' id='word_1_258' title='bbox 446 2537 677 2608; x_wconf 84' lang='lat' dir='ltr'><strong>aliquid,</strong></span> <span class='ocrx_word' id='word_1_259' title='bbox 708 2538 767 2592; x_wconf 88' lang='lat' dir='ltr'><strong>in</strong></span> <span class='ocrx_word' id='word_1_260' title='bbox 812 2534 1071 2606; x_wconf 81' lang='lat' dir='ltr'><strong>angulum</strong></span> <span class='ocrx_word' id='word_1_261' title='bbox 1128 2536 1366 2606; x_wconf 87' lang='lat' dir='ltr'><strong>aliquem</strong></span> <span class='ocrx_word' id='word_1_262' title='bbox 1416 2537 1615 2592; x_wconf 79' lang='lat' dir='ltr'><strong>cadere</strong></span> <span class='ocrx_word' id='word_1_263' title='bbox 1666 2539 2020 2608; x_wconf 86' lang='lat' dir='ltr'><strong>neglectum:</strong></span> 
     </span>
    </p>
   </div>
   <div class='ocr_carea' id='block_1_40' title="bbox 445 2626 2021 2696">
    <p class='ocr_par' dir='ltr' id='par_1_40' title="bbox 445 2626 2021 2696">
     <span class='ocr_line' id='line_1_40' title="bbox 445 2626 2021 2696; baseline 0.002 -13"><span class='ocrx_word' id='word_1_264' title='bbox 445 2628 540 2684; x_wconf 85' lang='lat' dir='ltr'><strong>sed</strong></span> <span class='ocrx_word' id='word_1_265' title='bbox 589 2627 664 2682; x_wconf 89' lang='lat' dir='ltr'><strong>uti</strong></span> <span class='ocrx_word' id='word_1_266' title='bbox 706 2642 821 2683; x_wconf 90' lang='lat' dir='ltr'><strong>rem</strong></span> <span class='ocrx_word' id='word_1_267' title='bbox 869 2626 1107 2694; x_wconf 84' lang='lat' dir='ltr'><strong>alicujus</strong></span> <span class='ocrx_word' id='word_1_268' title='bbox 1142 2626 1405 2681; x_wconf 84' lang='lat' dir='ltr'><strong>momenti</strong></span> <span class='ocrx_word' id='word_1_269' title='bbox 1453 2635 1507 2681; x_wconf 90' lang='lat' dir='ltr'><strong>et</strong></span> <span class='ocrx_word' id='word_1_270' title='bbox 1545 2629 1924 2696; x_wconf 86' lang='lat' dir='ltr'><strong>utilissimam,</strong></span> <span class='ocrx_word' id='word_1_271' title='bbox 1956 2630 2021 2687; x_wconf 90' lang='lat' dir='ltr'><strong>ad</strong></span> 
     </span>
    </p>
   </div>
   <div class='ocr_carea' id='block_1_41' title="bbox 443 2720 2022 2791">
    <p class='ocr_par' dir='ltr' id='par_1_41' title="bbox 443 2720 2022 2791">
     <span class='ocr_line' id='line_1_41' title="bbox 443 2720 2022 2791; baseline 0.004 -15"><span class='ocrx_word' id='word_1_272' title='bbox 443 2736 677 2777; x_wconf 75' lang='lat' dir='ltr'><strong>examen</strong></span> <span class='ocrx_word' id='word_1_273' title='bbox 711 2720 989 2791; x_wconf 91' lang='lat' dir='ltr'><strong>publicum</strong></span> <span class='ocrx_word' id='word_1_274' title='bbox 1024 2720 1332 2791; x_wconf 84' lang='lat' dir='ltr'><strong>prOposuit.</strong></span> <span class='ocrx_word' id='word_1_275' title='bbox 1364 2720 1426 2775; x_wconf 88' lang='lat' dir='ltr'><strong>Et</strong></span> <span class='ocrx_word' id='word_1_276' title='bbox 1467 2722 1596 2791; x_wconf 88' lang='lat' dir='ltr'><strong>quia</strong></span> <span class='ocrx_word' id='word_1_277' title='bbox 1638 2725 2022 2782; x_wconf 85' lang='lat' dir='ltr'><strong>sanctissimus</strong></span> 
     </span>
    </p>
   </div>
   <div class='ocr_carea' id='block_1_42' title="bbox 441 2813 2024 2886">
    <p class='ocr_par' dir='ltr' id='par_1_42' title="bbox 441 2813 2024 2886">
     <span class='ocr_line' id='line_1_42' title="bbox 441 2813 2024 2886; baseline 0.002 -18"><span class='ocrx_word' id='word_1_278' title='bbox 441 2815 536 2869; x_wconf 89' lang='lat' dir='ltr'><strong>ille</strong></span> <span class='ocrx_word' id='word_1_279' title='bbox 566 2830 803 2886; x_wconf 90' lang='lat' dir='ltr'><strong>sponsus</strong></span> <span class='ocrx_word' id='word_1_280' title='bbox 837 2813 979 2883; x_wconf 86' lang='lat' dir='ltr'><strong>ejus,</strong></span> <span class='ocrx_word' id='word_1_281' title='bbox 1012 2824 1066 2867; x_wconf 91' lang='lat' dir='ltr'><strong>ct</strong></span> <span class='ocrx_word' id='word_1_282' title='bbox 1094 2814 1485 2869; x_wconf 85' lang='lat' dir='ltr'><strong>canonicarum</strong></span> <span class='ocrx_word' id='word_1_283' title='bbox 1524 2814 1876 2869; x_wconf 89' lang='lat' dir='ltr'><strong>traditionum</strong></span> <span class='ocrx_word' id='word_1_284' title='bbox 1910 2832 2024 2871; x_wconf 83' lang='lat' dir='ltr'><strong>me-</strong></span> 
     </span>
    </p>
   </div>
   <div class='ocr_carea' id='block_1_43' title="bbox 442 2905 2021 2979">
    <p class='ocr_par' dir='ltr' id='par_1_43' title="bbox 442 2905 2021 2979">
     <span class='ocr_line' id='line_1_43' title="bbox 442 2905 2021 2979; baseline 0.003 -19"><span class='ocrx_word' id='word_1_285' title='bbox 442 2905 653 2961; x_wconf 87' lang='lat' dir='ltr'><strong>ditator</strong></span> <span class='ocrx_word' id='word_1_286' title='bbox 679 2905 1163 2975; x_wconf 85' lang='lat' dir='ltr'><strong>vigilantissimus,</strong></span> <span class='ocrx_word' id='word_1_287' title='bbox 1196 2922 1298 2962; x_wconf 90' lang='lat' dir='ltr'><strong>nos</strong></span> <span class='ocrx_word' id='word_1_288' title='bbox 1332 2921 1550 2977; x_wconf 87' lang='lat' dir='ltr'><strong>quoque</strong></span> <span class='ocrx_word' id='word_1_289' title='bbox 1580 2907 1874 2978; x_wconf 87' lang='lat' dir='ltr'><strong>participes</strong></span> <span class='ocrx_word' id='word_1_290' title='bbox 1903 2908 2021 2979; x_wconf 75' lang='lat' dir='ltr'><strong>ejus</strong></span> 
     </span>
    </p>
   </div>
   <div class='ocr_carea' id='block_1_44' title="bbox 439 2981 2017 3067">
    <p class='ocr_par' dir='ltr' id='par_1_44' title="bbox 439 2981 2017 3067">
     <span class='ocr_line' id='line_1_44' title="bbox 439 2981 2017 3067; baseline 0.001 -15"><span class='ocrx_word' id='word_1_291' title='bbox 439 2997 570 3052; x_wconf 82' lang='lat' dir='ltr'><strong>boni</strong></span> <span class='ocrx_word' id='word_1_292' title='bbox 610 3012 734 3053; x_wconf 89' lang='lat' dir='ltr'><strong>esse</strong></span> <span class='ocrx_word' id='word_1_293' title='bbox 766 2996 991 3064; x_wconf 85' lang='lat' dir='ltr'><strong>voluit,</strong></span> <span class='ocrx_word' id='word_1_294' title='bbox 1038 2997 1270 3052; x_wconf 90' lang='lat' dir='ltr'><strong>dicimus</strong></span> <span class='ocrx_word' id='word_1_295' title='bbox 1316 2981 1532 3067; x_wconf 84' lang='lat' dir='ltr'><strong>aliquos</strong></span> <span class='ocrx_word' id='word_1_296' title='bbox 1568 2998 1731 3052; x_wconf 84' lang='lat' dir='ltr'><strong>latam</strong></span> <span class='ocrx_word' id='word_1_297' title='bbox 1764 3006 1817 3051; x_wconf 89' lang='lat' dir='ltr'><strong>et</strong></span> <span class='ocrx_word' id='word_1_298' title='bbox 1846 2997 2017 3054; x_wconf 80' lang='lat' dir='ltr'><strong>oﬂ‘eu-</strong></span> 
     </span>
    </p>
   </div>
   <div class='ocr_carea' id='block_1_45' title="bbox 438 3088 2015 3161">
    <p class='ocr_par' dir='ltr' id='par_1_45' title="bbox 438 3088 2015 3161">
     <span class='ocr_line' id='line_1_45' title="bbox 438 3088 2015 3161; baseline -0.001 -15"><span class='ocrx_word' id='word_1_299' title='bbox 438 3089 613 3146; x_wconf 83' lang='lat' dir='ltr'><strong>sionis</strong></span> <span class='ocrx_word' id='word_1_300' title='bbox 672 3100 951 3160; x_wconf 82' lang='lat' dir='ltr'><strong>expertem</strong></span> <span class='ocrx_word' id='word_1_301' title='bbox 1026 3097 1123 3161; x_wconf 68' lang='lat' dir='ltr'><strong>(ut</strong></span> <span class='ocrx_word' id='word_1_302' title='bbox 1178 3089 1285 3159; x_wconf 88' lang='lat' dir='ltr'><strong>ipsi</strong></span> <span class='ocrx_word' id='word_1_303' title='bbox 1346 3088 1566 3160; x_wconf 87' lang='lat' dir='ltr'><strong>quidem</strong></span> <span class='ocrx_word' id='word_1_304' title='bbox 1629 3089 1816 3161; x_wconf 91' lang='lat' dir='ltr'><strong>aiunt)</strong></span> <span class='ocrx_word' id='word_1_305' title='bbox 1875 3091 2015 3145; x_wconf 84' lang='lat' dir='ltr'><strong>viam</strong></span> 
     </span>
    </p>
   </div>
   <div class='ocr_carea' id='block_1_46' title="bbox 2132 2070 3712 2145">
    <p class='ocr_par' dir='ltr' id='par_1_46' title="bbox 2132 2070 3712 2145">
     <span class='ocr_line' id='line_1_46' title="bbox 2132 2070 3712 2145; baseline 0.005 -22"><span class='ocrx_word' id='word_1_306' title='bbox 2132 2070 2411 2124; x_wconf 86' lang='grc' dir='ltr'>στεύοντα.</span> <span class='ocrx_word' id='word_1_307' title='bbox 2457 2070 2766 2142; x_wconf 81' lang='grc' dir='ltr'>Προκόπτει</span> <span class='ocrx_word' id='word_1_308' title='bbox 2792 2072 2901 2140; x_wconf 84' lang='grc' dir='ltr'><strong>γὰρ</strong></span> <span class='ocrx_word' id='word_1_309' title='bbox 2940 2075 3009 2145; x_wconf 74' lang='grc' dir='ltr'><strong>τῇ</strong></span> <span class='ocrx_word' id='word_1_310' title='bbox 3038 2074 3226 2144; x_wconf 84' lang='grc' dir='ltr'><strong>χάριτι</strong></span> <span class='ocrx_word' id='word_1_311' title='bbox 3272 2074 3369 2127; x_wconf 87' lang='grc' dir='ltr'>τοῦ</span> <span class='ocrx_word' id='word_1_312' title='bbox 3401 2075 3565 2140; x_wconf 86' lang='grc' dir='ltr'>Θεοῦ,</span> <span class='ocrx_word' id='word_1_313' title='bbox 3618 2078 3712 2131; x_wconf 75' lang='grc' dir='ltr'><strong>ἐπὶ</strong></span> 
     </span>
    </p>
   </div>
   <div class='ocr_carea' id='block_1_47' title="bbox 2131 2161 3714 2235">
    <p class='ocr_par' dir='ltr' id='par_1_47' title="bbox 2131 2161 3714 2235">
     <span class='ocr_line' id='line_1_47' title="bbox 2131 2161 3714 2235; baseline 0.005 -19"><span class='ocrx_word' id='word_1_314' title='bbox 2131 2163 2293 2217; x_wconf 78' lang='grc' dir='ltr'><strong>παντὶ</strong></span> <span class='ocrx_word' id='word_1_315' title='bbox 2319 2161 2596 2233; x_wconf 83' lang='grc' dir='ltr'>θεαρέστῳ</span> <span class='ocrx_word' id='word_1_316' title='bbox 2633 2163 2776 2235; x_wconf 82' lang='grc' dir='ltr'>λόγῳ</span> <span class='ocrx_word' id='word_1_317' title='bbox 2814 2164 2909 2218; x_wconf 78' lang='grc' dir='ltr'>καὶ</span> <span class='ocrx_word' id='word_1_318' title='bbox 2942 2166 3253 2235; x_wconf 70' lang='grc' dir='ltr'>πράγματι.</span> <span class='ocrx_word' id='word_1_319' title='bbox 3287 2168 3385 2221; x_wconf 86' lang='grc' dir='ltr'>Διά</span> <span class='ocrx_word' id='word_1_320' title='bbox 3422 2185 3504 2223; x_wconf 90' lang='grc' dir='ltr'><strong>τοι</strong></span> <span class='ocrx_word' id='word_1_321' title='bbox 3546 2169 3714 2224; x_wconf 82' lang='grc' dir='ltr'>τοῦτο</span> 
     </span>
    </p>
   </div>
   <div class='ocr_carea' id='block_1_48' title="bbox 2129 2253 3712 2330">
    <p class='ocr_par' dir='ltr' id='par_1_48' title="bbox 2129 2253 3712 2330">
     <span class='ocr_line' id='line_1_48' title="bbox 2129 2253 3712 2330; baseline 0.006 -23"><span class='ocrx_word' id='word_1_322' title='bbox 2129 2256 2224 2308; x_wconf 74' lang='grc' dir='ltr'><strong>καὶ</strong></span> <span class='ocrx_word' id='word_1_323' title='bbox 2254 2253 2315 2307; x_wconf 78' lang='grc' dir='ltr'><strong>τὸ</strong></span> <span class='ocrx_word' id='word_1_324' title='bbox 2350 2254 2647 2319; x_wconf 83' lang='grc' dir='ltr'>συνοδικῶς</span> <span class='ocrx_word' id='word_1_325' title='bbox 2675 2255 2954 2326; x_wconf 77' lang='grc' dir='ltr'><strong>ἐρωτηθὲν</strong></span> <span class='ocrx_word' id='word_1_326' title='bbox 2988 2258 3094 2328; x_wconf 85' lang='grc' dir='ltr'><strong>πρὸ</strong></span> <span class='ocrx_word' id='word_1_327' title='bbox 3122 2258 3342 2329; x_wconf 79' lang='grc' dir='ltr'>μικροῦ,</span> <span class='ocrx_word' id='word_1_328' title='bbox 3376 2261 3501 2330; x_wconf 74' lang='grc' dir='ltr'>περὶ</span> <span class='ocrx_word' id='word_1_329' title='bbox 3534 2260 3639 2314; x_wconf 85' lang='grc' dir='ltr'>τοῦ</span> <span class='ocrx_word' id='word_1_330' title='bbox 3663 2263 3712 2316; x_wconf 80' lang='grc' dir='ltr'>ει</span> 
     </span>
    </p>
   </div>
   <div class='ocr_carea' id='block_1_49' title="bbox 2128 2347 3710 2421">
    <p class='ocr_par' dir='ltr' id='par_1_49' title="bbox 2128 2347 3710 2421">
     <span class='ocr_line' id='line_1_49' title="bbox 2128 2347 3710 2421; baseline -0.003 -19"><span class='ocrx_word' id='word_1_331' title='bbox 2128 2347 2233 2419; x_wconf 81' lang='grc' dir='ltr'>χρὴ</span> <span class='ocrx_word' id='word_1_332' title='bbox 2268 2347 2357 2400; x_wconf 77' lang='grc' dir='ltr'><strong>τὸν</strong></span> <span class='ocrx_word' id='word_1_333' title='bbox 2382 2347 2543 2402; x_wconf 75' lang='grc' dir='ltr'><strong>αὐτὸν</strong></span> <span class='ocrx_word' id='word_1_334' title='bbox 2576 2349 2669 2403; x_wconf 74' lang='grc' dir='ltr'>καὶ</span> <span class='ocrx_word' id='word_1_335' title='bbox 2721 2348 2819 2402; x_wconf 74' lang='grc' dir='ltr'><strong>ἕνα</strong></span> <span class='ocrx_word' id='word_1_336' title='bbox 2850 2350 2973 2402; x_wconf 73' lang='grc' dir='ltr'>δυσὶ</span> <span class='ocrx_word' id='word_1_337' title='bbox 3001 2349 3401 2421; x_wconf 80' lang='grc' dir='ltr'>δισεξαδέλφαις</span> <span class='ocrx_word' id='word_1_338' title='bbox 3432 2353 3710 2407; x_wconf 75' lang='grc' dir='ltr'>συνάπτε-</span> 
     </span>
    </p>
   </div>
   <div class='ocr_carea' id='block_1_50' title="bbox 2076 2436 3710 2511">
    <p class='ocr_par' dir='ltr' id='par_1_50' title="bbox 2076 2436 3710 2511">
     <span class='ocr_line' id='line_1_50' title="bbox 2076 2436 3710 2511; baseline 0.004 -22"><span class='ocrx_word' id='word_1_339' title='bbox 2076 2448 2082 2453; x_wconf 75' lang='lat'><strong>‘</strong></span> <span class='ocrx_word' id='word_1_340' title='bbox 2129 2436 2275 2501; x_wconf 83' lang='grc' dir='ltr'><strong>σθαι,</strong></span> <span class='ocrx_word' id='word_1_341' title='bbox 2307 2438 2407 2491; x_wconf 83' lang='grc' dir='ltr'><strong>οὐκ</strong></span> <span class='ocrx_word' id='word_1_342' title='bbox 2439 2439 2740 2509; x_wconf 77' lang='grc' dir='ltr'>ηὐδόκησεν</span> <span class='ocrx_word' id='word_1_343' title='bbox 2773 2437 2847 2502; x_wconf 83' lang='grc' dir='ltr'>ὥς</span> <span class='ocrx_word' id='word_1_344' title='bbox 2882 2456 2933 2492; x_wconf 87' lang='grc' dir='ltr'><strong>τι</strong></span> <span class='ocrx_word' id='word_1_345' title='bbox 2983 2442 3346 2511; x_wconf 82' lang='grc' dir='ltr'>καινοπρεπὲς</span> <span class='ocrx_word' id='word_1_346' title='bbox 3375 2441 3478 2496; x_wconf 75' lang='grc' dir='ltr'>ὑπὸ</span> <span class='ocrx_word' id='word_1_347' title='bbox 3496 2442 3710 2511; x_wconf 77' lang='grc' dir='ltr'><strong>γωνίαν</strong></span> 
     </span>
    </p>
   </div>
   <div class='ocr_carea' id='block_1_51' title="bbox 2126 2527 3712 2603">
    <p class='ocr_par' dir='ltr' id='par_1_51' title="bbox 2126 2527 3712 2603">
     <span class='ocr_line' id='line_1_51' title="bbox 2126 2527 3712 2603; baseline 0.006 -26"><span class='ocrx_word' id='word_1_348' title='bbox 2126 2529 2314 2580; x_wconf 83' lang='grc' dir='ltr'>πεσεῖν</span> <span class='ocrx_word' id='word_1_349' title='bbox 2363 2527 2709 2597; x_wconf 77' lang='grc' dir='ltr'><strong>ἀτημέλητον</strong></span> <span class='ocrx_word' id='word_1_350' title='bbox 2737 2544 2751 2558; x_wconf 90' lang='grc'><strong>·</strong></span> <span class='ocrx_word' id='word_1_351' title='bbox 2785 2527 2902 2581; x_wconf 84' lang='grc' dir='ltr'>ἀλλ’</span> <span class='ocrx_word' id='word_1_352' title='bbox 2934 2529 3009 2591; x_wconf 80' lang='grc' dir='ltr'>ὡς</span> <span class='ocrx_word' id='word_1_353' title='bbox 3050 2532 3340 2584; x_wconf 81' lang='grc' dir='ltr'>σπουδαῖον</span> <span class='ocrx_word' id='word_1_354' title='bbox 3382 2530 3475 2584; x_wconf 71' lang='grc' dir='ltr'><strong>καὶ</strong></span> <span class='ocrx_word' id='word_1_355' title='bbox 3501 2550 3712 2603; x_wconf 83' lang='grc' dir='ltr'><strong>χρησι-</strong></span> 
     </span>
    </p>
   </div>
   <div class='ocr_carea' id='block_1_52' title="bbox 2128 2617 3707 2692">
    <p class='ocr_par' dir='ltr' id='par_1_52' title="bbox 2128 2617 3707 2692">
     <span class='ocr_line' id='line_1_52' title="bbox 2128 2617 3707 2692; baseline 0.005 -22"><span class='ocrx_word' id='word_1_356' title='bbox 2128 2617 2400 2689; x_wconf 85' lang='grc' dir='ltr'>μώτατον,</span> <span class='ocrx_word' id='word_1_357' title='bbox 2429 2619 2509 2682; x_wconf 88' lang='grc' dir='ltr'><strong>είς</strong></span> <span class='ocrx_word' id='word_1_358' title='bbox 2532 2619 2714 2691; x_wconf 79' lang='grc' dir='ltr'>κοινὴν</span> <span class='ocrx_word' id='word_1_359' title='bbox 2741 2620 3003 2692; x_wconf 75' lang='grc' dir='ltr'>προέθετο</span> <span class='ocrx_word' id='word_1_360' title='bbox 3033 2622 3403 2687; x_wconf 81' lang='grc' dir='ltr'>κατεξέτασιν.</span> <span class='ocrx_word' id='word_1_361' title='bbox 3424 2623 3584 2677; x_wconf 75' lang='grc' dir='ltr'>Ἐπεὶ</span> <span class='ocrx_word' id='word_1_362' title='bbox 3613 2624 3707 2678; x_wconf 82' lang='grc' dir='ltr'><strong>οῦν</strong></span> 
     </span>
    </p>
   </div>
   <div class='ocr_carea' id='block_1_53' title="bbox 2121 2710 3707 2783">
    <p class='ocr_par' dir='ltr' id='par_1_53' title="bbox 2121 2710 3707 2783">
     <span class='ocr_line' id='line_1_53' title="bbox 2121 2710 3707 2783; baseline 0.005 -20"><span class='ocrx_word' id='word_1_363' title='bbox 2121 2711 2150 2763; x_wconf 98' lang='lat'><strong>6</strong></span> <span class='ocrx_word' id='word_1_364' title='bbox 2181 2710 2595 2777; x_wconf 86' lang='grc' dir='ltr'>παναγιώτατος</span> <span class='ocrx_word' id='word_1_365' title='bbox 2638 2712 2869 2782; x_wconf 65' lang='grc' dir='ltr'>νυμφίος</span> <span class='ocrx_word' id='word_1_366' title='bbox 2901 2713 3037 2783; x_wconf 80' lang='grc' dir='ltr'>αύτῆ</span> <span class='ocrx_word' id='word_1_367' title='bbox 3050 2732 3094 2779; x_wconf 82' lang='grc' dir='ltr'><strong>ς,</strong></span> <span class='ocrx_word' id='word_1_368' title='bbox 3136 2715 3232 2768; x_wconf 76' lang='grc' dir='ltr'><strong>καὶ</strong></span> <span class='ocrx_word' id='word_1_369' title='bbox 3264 2717 3371 2768; x_wconf 84' lang='grc' dir='ltr'><strong>τῶν</strong></span> <span class='ocrx_word' id='word_1_370' title='bbox 3396 2718 3707 2771; x_wconf 74' lang='grc' dir='ltr'>κανονικῶν</span> 
     </span>
    </p>
   </div>
   <div class='ocr_carea' id='block_1_54' title="bbox 2123 2801 3709 2877">
    <p class='ocr_par' dir='ltr' id='par_1_54' title="bbox 2123 2801 3709 2877">
     <span class='ocr_line' id='line_1_54' title="bbox 2123 2801 3709 2877; baseline 0.006 -23"><span class='ocrx_word' id='word_1_371' title='bbox 2123 2801 2474 2871; x_wconf 72' lang='grc' dir='ltr'><strong>παραδόσεων</strong></span> <span class='ocrx_word' id='word_1_372' title='bbox 2528 2802 2838 2874; x_wconf 79' lang='grc' dir='ltr'>μελεδωνδς</span> <span class='ocrx_word' id='word_1_373' title='bbox 2873 2805 3310 2874; x_wconf 83' lang='grc' dir='ltr'>ἀγρυπνότατος,</span> <span class='ocrx_word' id='word_1_374' title='bbox 3345 2807 3581 2877; x_wconf 65' lang='grc' dir='ltr'><strong>⁴ὴθέληιτε</strong></span> <span class='ocrx_word' id='word_1_375' title='bbox 3612 2809 3709 2864; x_wconf 75' lang='grc' dir='ltr'>καὶ</span> 
     </span>
    </p>
   </div>
   <div class='ocr_carea' id='block_1_55' title="bbox 2119 2894 3704 2969">
    <p class='ocr_par' dir='ltr' id='par_1_55' title="bbox 2119 2894 3704 2969">
     <span class='ocr_line' id='line_1_55' title="bbox 2119 2894 3704 2969; baseline 0.006 -24"><span class='ocrx_word' id='word_1_376' title='bbox 2119 2895 2269 2964; x_wconf 78' lang='grc' dir='ltr'><strong>ἡμᾶς</strong></span> <span class='ocrx_word' id='word_1_377' title='bbox 2312 2894 2689 2965; x_wconf 80' lang='grc' dir='ltr'>συμμεριστάς</span> <span class='ocrx_word' id='word_1_378' title='bbox 2718 2895 2973 2964; x_wconf 82' lang='grc' dir='ltr'>γενέσθαι</span> <span class='ocrx_word' id='word_1_379' title='bbox 3004 2895 3099 2949; x_wconf 88' lang='grc' dir='ltr'>τοῦ</span> <span class='ocrx_word' id='word_1_380' title='bbox 3141 2896 3367 2965; x_wconf 82' lang='grc' dir='ltr'>ἀγαθοῦ,</span> <span class='ocrx_word' id='word_1_381' title='bbox 3403 2900 3595 2969; x_wconf 79' lang='grc' dir='ltr'><strong>φαμὲν</strong></span> <span class='ocrx_word' id='word_1_382' title='bbox 3620 2902 3704 2954; x_wconf 85' lang='grc' dir='ltr'>ὃτι</span> 
     </span>
    </p>
   </div>
   <div class='ocr_carea' id='block_1_56' title="bbox 2119 2983 3700 3061">
    <p class='ocr_par' dir='ltr' id='par_1_56' title="bbox 2119 2983 3700 3061">
     <span class='ocr_line' id='line_1_56' title="bbox 2119 2983 3700 3061; baseline 0.004 -25"><span class='ocrx_word' id='word_1_383' title='bbox 2119 2983 2265 3046; x_wconf 81' lang='grc' dir='ltr'>τινὲς</span> <span class='ocrx_word' id='word_1_384' title='bbox 2312 2984 2575 3037; x_wconf 75' lang='grc' dir='ltr'><strong>πλατεῖαν</strong></span> <span class='ocrx_word' id='word_1_385' title='bbox 2626 2983 2745 3037; x_wconf 65' lang='grc' dir='ltr'><strong>ὁδὸν</strong></span> <span class='ocrx_word' id='word_1_386' title='bbox 2796 2985 2892 3038; x_wconf 78' lang='grc' dir='ltr'>καὶ</span> <span class='ocrx_word' id='word_1_387' title='bbox 2947 2986 3296 3061; x_wconf 75' lang='grc' dir='ltr'>ἀπρόσκοπον</span> <span class='ocrx_word' id='word_1_388' title='bbox 3349 2986 3444 3057; x_wconf 78' lang='grc' dir='ltr'><strong>(ὣς</strong></span> <span class='ocrx_word' id='word_1_389' title='bbox 3502 2991 3700 3061; x_wconf 66' lang='grc' dir='ltr'>φασιν)</span> 
     </span>
    </p>
   </div>
   <div class='ocr_carea' id='block_1_57' title="bbox 2118 3073 3702 3149">
    <p class='ocr_par' dir='ltr' id='par_1_57' title="bbox 2118 3073 3702 3149">
     <span class='ocr_line' id='line_1_57' title="bbox 2118 3073 3702 3149; baseline 0.006 -24"><span class='ocrx_word' id='word_1_390' title='bbox 2118 3073 2382 3143; x_wconf 64' lang='grc' dir='ltr'>ἥπλωσαν</span> <span class='ocrx_word' id='word_1_391' title='bbox 2441 3074 2522 3144; x_wconf 34' lang='grc' dir='ltr'><strong>τῷ,</strong></span> <span class='ocrx_word' id='word_1_392' title='bbox 2557 3075 2860 3145; x_wconf 82' lang='grc' dir='ltr'><strong>Δημητρίῳ</strong></span> <span class='ocrx_word' id='word_1_393' title='bbox 2912 3078 3098 3145; x_wconf 71' lang='grc' dir='ltr'>τυχὸν.</span> <span class='ocrx_word' id='word_1_394' title='bbox 3159 3077 3236 3147; x_wconf 84' lang='grc' dir='ltr'><strong>τῷ</strong></span> <span class='ocrx_word' id='word_1_395' title='bbox 3290 3080 3702 3149; x_wconf 76' lang='grc' dir='ltr'>χρηματίσαντι</span> 
     </span>
    </p>
   </div>
   <div class='ocr_carea' id='block_1_58' title="bbox 436 3165 2009 3251">
    <p class='ocr_par' dir='ltr' id='par_1_58' title="bbox 436 3179 2009 3251">
     <span class='ocr_line' id='line_1_58' title="bbox 436 3179 2009 3251; baseline 0.002 -17"><span class='ocrx_word' id='word_1_396' title='bbox 436 3179 723 3251; x_wconf 81' lang='lat' dir='ltr'><strong>aperuisse</strong></span> <span class='ocrx_word' id='word_1_397' title='bbox 772 3179 1065 3247; x_wconf 83' lang='lat' dir='ltr'><strong>Demetrio,</strong></span> <span class='ocrx_word' id='word_1_398' title='bbox 1096 3181 1189 3250; x_wconf 88' lang='lat' dir='ltr'><strong>qui</strong></span> <span class='ocrx_word' id='word_1_399' title='bbox 1223 3180 1408 3235; x_wconf 79' lang='lat' dir='ltr'><strong>Mariae</strong></span> <span class='ocrx_word' id='word_1_400' title='bbox 1449 3181 1736 3251; x_wconf 86' lang='lat' dir='ltr'><strong>cujusdam</strong></span> <span class='ocrx_word' id='word_1_401' title='bbox 1789 3181 2009 3238; x_wconf 75' lang='lat' dir='ltr'><strong>maritus</strong></span> 
     </span>
    </p>
   </div>
   <div class='ocr_carea' id='block_1_59' title="bbox 2111 3165 3701 3251">
    <p class='ocr_par' dir='ltr' id='par_1_59' title="bbox 2121 3165 3701 3241">
     <span class='ocr_line' id='line_1_59' title="bbox 2121 3165 3701 3241; baseline 0.006 -25"><span class='ocrx_word' id='word_1_402' title='bbox 2121 3166 2339 3237; x_wconf 77' lang='grc' dir='ltr'><strong>γαμέτῃ</strong></span> <span class='ocrx_word' id='word_1_403' title='bbox 2357 3166 2576 3237; x_wconf 79' lang='grc' dir='ltr'>Μαρίας</span> <span class='ocrx_word' id='word_1_404' title='bbox 2599 3166 2764 3230; x_wconf 76' lang='grc' dir='ltr'>τινος,</span> <span class='ocrx_word' id='word_1_405' title='bbox 2788 3165 3171 3238; x_wconf 71' lang='grc' dir='ltr'>δισεξαδέλιρην</span> <span class='ocrx_word' id='word_1_406' title='bbox 3190 3168 3394 3240; x_wconf 88' lang='grc' dir='ltr'><strong>ταύτης</strong></span> <span class='ocrx_word' id='word_1_407' title='bbox 3410 3168 3701 3241; x_wconf 73' lang='grc' dir='ltr'>Θεοδῴραν</span> 
     </span>
    </p>
   </div>
   <div class='ocr_carea' id='block_1_60' title="bbox 418 3270 2017 3341">
    <p class='ocr_par' dir='ltr' id='par_1_60' title="bbox 418 3270 2017 3341">
     <span class='ocr_line' id='line_1_60' title="bbox 418 3270 2017 3341; baseline 0.001 -17"><span class='ocrx_word' id='word_1_408' title='bbox 418 3270 638 3333; x_wconf 57' lang='lat' dir='ltr'><strong>fuerat,</strong></span> <span class='ocrx_word' id='word_1_409' title='bbox 670 3271 1026 3326; x_wconf 87' lang='lat' dir='ltr'><strong>matrimonio</strong></span> <span class='ocrx_word' id='word_1_410' title='bbox 1076 3271 1369 3341; x_wconf 86' lang='lat' dir='ltr'><strong>copulandi</strong></span> <span class='ocrx_word' id='word_1_411' title='bbox 1416 3272 1696 3326; x_wconf 86' lang='lat' dir='ltr'><strong>sobrinam</strong></span> <span class='ocrx_word' id='word_1_412' title='bbox 1743 3271 1887 3341; x_wconf 88' lang='lat' dir='ltr'><strong>ejus,</strong></span> <span class='ocrx_word' id='word_1_413' title='bbox 1918 3286 2017 3326; x_wconf 86' lang='lat' dir='ltr'><strong>no-</strong></span> 
     </span>
    </p>
   </div>
   <div class='ocr_carea' id='block_1_61' title="bbox 434 3360 2015 3430">
    <p class='ocr_par' dir='ltr' id='par_1_61' title="bbox 434 3360 2015 3430">
     <span class='ocr_line' id='line_1_61' title="bbox 434 3360 2015 3430; baseline 0 -13"><span class='ocrx_word' id='word_1_414' title='bbox 434 3362 584 3417; x_wconf 83' lang='lat' dir='ltr'><strong>mine</strong></span> <span class='ocrx_word' id='word_1_415' title='bbox 627 3360 993 3417; x_wconf 83' lang='lat' dir='ltr'><strong>Theodoram.</strong></span> <span class='ocrx_word' id='word_1_416' title='bbox 1042 3361 1108 3416; x_wconf 87' lang='lat' dir='ltr'><strong>Et</strong></span> <span class='ocrx_word' id='word_1_417' title='bbox 1156 3361 1496 3430; x_wconf 83' lang='lat' dir='ltr'><strong>interrogati,</strong></span> <span class='ocrx_word' id='word_1_418' title='bbox 1549 3360 1931 3430; x_wconf 83' lang='lat' dir='ltr'><strong>quamobrem,</strong></span> <span class='ocrx_word' id='word_1_419' title='bbox 1961 3368 2015 3417; x_wconf 78' lang='lat' dir='ltr'><strong>et</strong></span> 
     </span>
    </p>
   </div>
   <div class='ocr_carea' id='block_1_62' title="bbox 435 3452 2012 3525">
    <p class='ocr_par' dir='ltr' id='par_1_62' title="bbox 435 3452 2012 3525">
     <span class='ocr_line' id='line_1_62' title="bbox 435 3452 2012 3525; baseline -0.001 -15"><span class='ocrx_word' id='word_1_420' title='bbox 435 3454 713 3525; x_wconf 88' lang='lat' dir='ltr'><strong>quomodo</strong></span> <span class='ocrx_word' id='word_1_421' title='bbox 746 3455 814 3509; x_wconf 89' lang='lat' dir='ltr'><strong>ad</strong></span> <span class='ocrx_word' id='word_1_422' title='bbox 847 3454 950 3510; x_wconf 89' lang='lat' dir='ltr'><strong>hoc</strong></span> <span class='ocrx_word' id='word_1_423' title='bbox 982 3455 1251 3517; x_wconf 88' lang='lat' dir='ltr'><strong>invitent,</strong></span> <span class='ocrx_word' id='word_1_424' title='bbox 1283 3454 1462 3519; x_wconf 87' lang='lat' dir='ltr'><strong>aiunt,</strong></span> <span class='ocrx_word' id='word_1_425' title='bbox 1493 3452 1640 3507; x_wconf 88' lang='lat' dir='ltr'><strong>lmuc</strong></span> <span class='ocrx_word' id='word_1_426' title='bbox 1667 3461 2012 3508; x_wconf 89' lang='lat' dir='ltr'><strong>contractum</strong></span> 
     </span>
    </p>
   </div>
   <div class='ocr_carea' id='block_1_63' title="bbox 435 3543 2013 3616">
    <p class='ocr_par' dir='ltr' id='par_1_63' title="bbox 435 3543 2013 3616">
     <span class='ocr_line' id='line_1_63' title="bbox 435 3543 2013 3616; baseline 0 -17"><span class='ocrx_word' id='word_1_427' title='bbox 435 3544 503 3600; x_wconf 86' lang='lat' dir='ltr'><strong>ad</strong></span> <span class='ocrx_word' id='word_1_428' title='bbox 550 3545 842 3616; x_wconf 86' lang='lat' dir='ltr'><strong>septimum</strong></span> <span class='ocrx_word' id='word_1_429' title='bbox 892 3543 1123 3614; x_wconf 86' lang='lat' dir='ltr'><strong>gradum</strong></span> <span class='ocrx_word' id='word_1_430' title='bbox 1171 3544 1501 3614; x_wconf 78' lang='lat' dir='ltr'><strong>pertingere,</strong></span> <span class='ocrx_word' id='word_1_431' title='bbox 1536 3553 1821 3612; x_wconf 87' lang='lat' dir='ltr'><strong>propterea</strong></span> <span class='ocrx_word' id='word_1_432' title='bbox 1868 3544 2013 3614; x_wconf 84' lang='lat' dir='ltr'><strong>quod</strong></span> 
     </span>
    </p>
   </div>
   <div class='ocr_carea' id='block_1_64' title="bbox 435 3634 2014 3705">
    <p class='ocr_par' dir='ltr' id='par_1_64' title="bbox 435 3634 2014 3705">
     <span class='ocr_line' id='line_1_64' title="bbox 435 3634 2014 3705; baseline 0.001 -15"><span class='ocrx_word' id='word_1_433' title='bbox 435 3634 749 3692; x_wconf 82' lang='lat' dir='ltr'><strong>Demetrius</strong></span> <span class='ocrx_word' id='word_1_434' title='bbox 780 3645 837 3690; x_wconf 89' lang='lat' dir='ltr'><strong>et</strong></span> <span class='ocrx_word' id='word_1_435' title='bbox 860 3634 1054 3700; x_wconf 81' lang='lat' dir='ltr'><strong>Maria,</strong></span> <span class='ocrx_word' id='word_1_436' title='bbox 1089 3634 1289 3701; x_wconf 82' lang='lat' dir='ltr'><strong>conjux</strong></span> <span class='ocrx_word' id='word_1_437' title='bbox 1322 3634 1444 3702; x_wconf 90' lang='lat' dir='ltr'><strong>ejus</strong></span> <span class='ocrx_word' id='word_1_438' title='bbox 1479 3642 1717 3701; x_wconf 86' lang='lat' dir='ltr'><strong>mortua,</strong></span> <span class='ocrx_word' id='word_1_439' title='bbox 1750 3649 2014 3705; x_wconf 83' lang='lat' dir='ltr'><strong>personas</strong></span> 
     </span>
    </p>
   </div>
   <div class='ocr_carea' id='block_1_65' title="bbox 433 3726 2008 3799">
    <p class='ocr_par' dir='ltr' id='par_1_65' title="bbox 433 3726 2008 3799">
     <span class='ocr_line' id='line_1_65' title="bbox 433 3726 2008 3799; baseline -0.002 -15"><span class='ocrx_word' id='word_1_440' title='bbox 433 3729 611 3796; x_wconf 88' lang='lat' dir='ltr'><strong>duas,</strong></span> <span class='ocrx_word' id='word_1_441' title='bbox 659 3737 715 3785; x_wconf 88' lang='lat' dir='ltr'><strong>et</strong></span> <span class='ocrx_word' id='word_1_442' title='bbox 758 3736 1164 3799; x_wconf 88' lang='lat' dir='ltr'><strong>consequenter</strong></span> <span class='ocrx_word' id='word_1_443' title='bbox 1202 3727 1403 3795; x_wconf 86' lang='lat' dir='ltr'><strong>gradus</strong></span> <span class='ocrx_word' id='word_1_444' title='bbox 1447 3726 1587 3785; x_wconf 89' lang='lat' dir='ltr'><strong>duos</strong></span> <span class='ocrx_word' id='word_1_445' title='bbox 1632 3727 2008 3792; x_wconf 88' lang='lat' dir='ltr'><strong>constituant,</strong></span> 
     </span>
    </p>
   </div>
   <div class='ocr_carea' id='block_1_66' title="bbox 432 3820 2008 3889">
    <p class='ocr_par' dir='ltr' id='par_1_66' title="bbox 432 3820 2008 3889">
     <span class='ocr_line' id='line_1_66' title="bbox 432 3820 2008 3889; baseline -0.001 -13"><span class='ocrx_word' id='word_1_446' title='bbox 432 3820 563 3876; x_wconf 78' lang='lat' dir='ltr'><strong>licet</strong></span> <span class='ocrx_word' id='word_1_447' title='bbox 608 3821 680 3881; x_wconf 86' lang='lat' dir='ltr'><strong>ob</strong></span> <span class='ocrx_word' id='word_1_448' title='bbox 722 3834 1052 3877; x_wconf 86' lang='lat' dir='ltr'><strong>consensum</strong></span> <span class='ocrx_word' id='word_1_449' title='bbox 1099 3826 1154 3874; x_wconf 88' lang='lat' dir='ltr'><strong>et</strong></span> <span class='ocrx_word' id='word_1_450' title='bbox 1192 3833 1433 3874; x_wconf 89' lang='lat' dir='ltr'><strong>amorem</strong></span> <span class='ocrx_word' id='word_1_451' title='bbox 1481 3828 1731 3873; x_wconf 89' lang='lat' dir='ltr'><strong>mutuum</strong></span> <span class='ocrx_word' id='word_1_452' title='bbox 1772 3833 1872 3889; x_wconf 81' lang='lat' dir='ltr'><strong>pro</strong></span> <span class='ocrx_word' id='word_1_453' title='bbox 1902 3832 2008 3874; x_wconf 83' lang='lat' dir='ltr'><strong>una</strong></span> 
     </span>
    </p>
   </div>
   <div class='ocr_carea' id='block_1_67' title="bbox 432 3912 2006 3982">
    <p class='ocr_par' dir='ltr' id='par_1_67' title="bbox 432 3912 2006 3982">
     <span class='ocr_line' id='line_1_67' title="bbox 432 3912 2006 3982; baseline -0.001 -13"><span class='ocrx_word' id='word_1_454' title='bbox 432 3926 599 3969; x_wconf 87' lang='lat' dir='ltr'><strong>carne</strong></span> <span class='ocrx_word' id='word_1_455' title='bbox 652 3913 1004 3968; x_wconf 82' lang='lat' dir='ltr'><strong>haberentur.</strong></span> <span class='ocrx_word' id='word_1_456' title='bbox 1052 3912 1187 3966; x_wconf 87' lang='lat' dir='ltr'><strong>Nam</strong></span> <span class='ocrx_word' id='word_1_457' title='bbox 1239 3912 1428 3979; x_wconf 82' lang='lat' dir='ltr'><strong>Maria,</strong></span> <span class='ocrx_word' id='word_1_458' title='bbox 1469 3912 1746 3982; x_wconf 86' lang='lat' dir='ltr'><strong>inquiunt,</strong></span> <span class='ocrx_word' id='word_1_459' title='bbox 1794 3923 2006 3968; x_wconf 74' lang='lat' dir='ltr'><strong>sextum</strong></span> 
     </span>
    </p>
   </div>
   <div class='ocr_carea' id='block_1_68' title="bbox 432 4002 2006 4075">
    <p class='ocr_par' dir='ltr' id='par_1_68' title="bbox 432 4002 2006 4075">
     <span class='ocr_line' id='line_1_68' title="bbox 432 4002 2006 4075; baseline 0.001 -17"><span class='ocrx_word' id='word_1_460' title='bbox 432 4018 556 4058; x_wconf 90' lang='lat' dir='ltr'><strong>cum</strong></span> <span class='ocrx_word' id='word_1_461' title='bbox 593 4003 880 4058; x_wconf 82' lang='lat' dir='ltr'><strong>Thcodora</strong></span> <span class='ocrx_word' id='word_1_462' title='bbox 913 4002 1143 4075; x_wconf 87' lang='lat' dir='ltr'><strong>gradum</strong></span> <span class='ocrx_word' id='word_1_463' title='bbox 1188 4004 1396 4068; x_wconf 86' lang='lat' dir='ltr'><strong>habuit,</strong></span> <span class='ocrx_word' id='word_1_464' title='bbox 1433 4019 1541 4058; x_wconf 92' lang='lat' dir='ltr'><strong>non</strong></span> <span class='ocrx_word' id='word_1_465' title='bbox 1584 4004 1769 4060; x_wconf 89' lang='lat' dir='ltr'><strong>itidem</strong></span> <span class='ocrx_word' id='word_1_466' title='bbox 1815 4004 2006 4061; x_wconf 87' lang='lat' dir='ltr'><strong>Deme-</strong></span> 
     </span>
    </p>
   </div>
   <div class='ocr_carea' id='block_1_69' title="bbox 432 4095 2005 4167">
    <p class='ocr_par' dir='ltr' id='par_1_69' title="bbox 432 4095 2005 4167">
     <span class='ocr_line' id='line_1_69' title="bbox 432 4095 2005 4167; baseline 0.003 -18"><span class='ocrx_word' id='word_1_467' title='bbox 432 4096 592 4161; x_wconf 86' lang='lat' dir='ltr'><strong>trius,</strong></span> <span class='ocrx_word' id='word_1_468' title='bbox 618 4096 784 4151; x_wconf 88' lang='lat' dir='ltr'><strong>veluti</strong></span> <span class='ocrx_word' id='word_1_469' title='bbox 814 4098 905 4166; x_wconf 88' lang='lat' dir='ltr'><strong>qui</strong></span> <span class='ocrx_word' id='word_1_470' title='bbox 937 4095 1004 4151; x_wconf 91' lang='lat' dir='ltr'><strong>ad</strong></span> <span class='ocrx_word' id='word_1_471' title='bbox 1035 4111 1319 4167; x_wconf 87' lang='lat' dir='ltr'><strong>personam</strong></span> <span class='ocrx_word' id='word_1_472' title='bbox 1351 4097 1657 4165; x_wconf 85' lang='lat' dir='ltr'><strong>septimam,</strong></span> <span class='ocrx_word' id='word_1_473' title='bbox 1684 4104 1735 4152; x_wconf 88' lang='lat' dir='ltr'><strong>et</strong></span> <span class='ocrx_word' id='word_1_474' title='bbox 1761 4096 2005 4167; x_wconf 90' lang='lat' dir='ltr'><strong>ejusdem</strong></span> 
     </span>
    </p>
   </div>
   <div class='ocr_carea' id='block_1_70' title="bbox 429 4186 2003 4258">
    <p class='ocr_par' dir='ltr' id='par_1_70' title="bbox 429 4186 2003 4258">
     <span class='ocr_line' id='line_1_70' title="bbox 429 4186 2003 4258; baseline 0 -15"><span class='ocrx_word' id='word_1_475' title='bbox 429 4188 640 4243; x_wconf 86' lang='lat' dir='ltr'><strong>numeri</strong></span> <span class='ocrx_word' id='word_1_476' title='bbox 669 4187 896 4257; x_wconf 85' lang='lat' dir='ltr'><strong>gradum</strong></span> <span class='ocrx_word' id='word_1_477' title='bbox 924 4186 1211 4243; x_wconf 82' lang='lat' dir='ltr'><strong>referatur.</strong></span> <span class='ocrx_word' id='word_1_478' title='bbox 1236 4190 1307 4241; x_wconf 81' lang='lat' dir='ltr'><strong>At</strong></span> <span class='ocrx_word' id='word_1_479' title='bbox 1331 4186 1632 4243; x_wconf 89' lang='lat' dir='ltr'><strong>secundum</strong></span> <span class='ocrx_word' id='word_1_480' title='bbox 1659 4186 1840 4242; x_wconf 88' lang='lat' dir='ltr'><strong>thema</strong></span> <span class='ocrx_word' id='word_1_481' title='bbox 1881 4186 2003 4258; x_wconf 83' lang='lat'><strong>(65)</strong></span> 
     </span>
    </p>
   </div>
   <div class='ocr_carea' id='block_1_71' title="bbox 427 4276 2006 4348">
    <p class='ocr_par' dir='ltr' id='par_1_71' title="bbox 427 4276 2006 4348">
     <span class='ocr_line' id='line_1_71' title="bbox 427 4276 2006 4348; baseline 0.001 -16"><span class='ocrx_word' id='word_1_482' title='bbox 427 4279 625 4348; x_wconf 87' lang='lat' dir='ltr'><strong>capitis</strong></span> <span class='ocrx_word' id='word_1_483' title='bbox 672 4294 826 4333; x_wconf 77' lang='lat' dir='ltr'><strong>xxx&quot;</strong></span> <span class='ocrx_word' id='word_1_484' title='bbox 887 4278 1031 4333; x_wconf 91' lang='lat' dir='ltr'><strong>tituli</strong></span> <span class='ocrx_word' id='word_1_485' title='bbox 1070 4293 1101 4332; x_wconf 77' lang='grc' dir='ltr'><strong>ν</strong></span> <span class='ocrx_word' id='word_1_486' title='bbox 1157 4279 1283 4333; x_wconf 87' lang='lat' dir='ltr'><strong>libri</strong></span> <span class='ocrx_word' id='word_1_487' title='bbox 1330 4293 1502 4333; x_wconf 77' lang='lat' dir='ltr'><strong>xxvtu</strong></span> <span class='ocrx_word' id='word_1_488' title='bbox 1538 4276 1922 4342; x_wconf 86' lang='lat' dir='ltr'><strong>Basilicorum,</strong></span> <span class='ocrx_word' id='word_1_489' title='bbox 1950 4284 2006 4333; x_wconf 87' lang='lat' dir='ltr'><strong>et</strong></span> 
     </span>
    </p>
   </div>
   <div class='ocr_carea' id='block_1_72' title="bbox 424 4365 2005 4437">
    <p class='ocr_par' dir='ltr' id='par_1_72' title="bbox 424 4365 2005 4437">
     <span class='ocr_line' id='line_1_72' title="bbox 424 4365 2005 4437; baseline -0.002 -12"><span class='ocrx_word' id='word_1_490' title='bbox 424 4384 602 4425; x_wconf 84' lang='lat' dir='ltr'><strong>canon</strong></span> <span class='ocrx_word' id='word_1_491' title='bbox 634 4384 723 4424; x_wconf 75' lang='lat' dir='ltr'><strong>Liv</strong></span> <span class='ocrx_word' id='word_1_492' title='bbox 752 4377 953 4424; x_wconf 83' lang='lat' dir='ltr'><strong>coactae</strong></span> <span class='ocrx_word' id='word_1_493' title='bbox 990 4369 1041 4422; x_wconf 89' lang='lat' dir='ltr'><strong>in</strong></span> <span class='ocrx_word' id='word_1_494' title='bbox 1066 4367 1243 4437; x_wconf 78' lang='lat' dir='ltr'><strong>magni</strong></span> <span class='ocrx_word' id='word_1_495' title='bbox 1273 4367 1461 4437; x_wconf 86' lang='lat' dir='ltr'><strong>palatii</strong></span> <span class='ocrx_word' id='word_1_496' title='bbox 1496 4365 1684 4422; x_wconf 87' lang='lat' dir='ltr'><strong>Trullo</strong></span> <span class='ocrx_word' id='word_1_497' title='bbox 1718 4378 1923 4423; x_wconf 74' lang='lat' dir='ltr'><strong>sancta:</strong></span> <span class='ocrx_word' id='word_1_498' title='bbox 1951 4375 2005 4422; x_wconf 88' lang='lat' dir='ltr'><strong>et</strong></span> 
     </span>
    </p>
   </div>
   <div class='ocr_carea' id='block_1_73' title="bbox 2120 3256 3700 3330">
    <p class='ocr_par' dir='ltr' id='par_1_73' title="bbox 2120 3256 3700 3330">
     <span class='ocr_line' id='line_1_73' title="bbox 2120 3256 3700 3330; baseline 0.003 -20"><span class='ocrx_word' id='word_1_499' title='bbox 2120 3256 2479 3328; x_wconf 71' lang='grc' dir='ltr'><strong>καλουμένην</strong></span> <span class='ocrx_word' id='word_1_500' title='bbox 2527 3257 2895 3327; x_wconf 71' lang='grc' dir='ltr'>ἁρμόσασθαι.</span> <span class='ocrx_word' id='word_1_501' title='bbox 2957 3259 3068 3312; x_wconf 75' lang='grc' dir='ltr'><strong>Καὶ</strong></span> <span class='ocrx_word' id='word_1_502' title='bbox 3122 3258 3489 3330; x_wconf 80' lang='grc' dir='ltr'>ἐρωτώμενοι,</span> <span class='ocrx_word' id='word_1_503' title='bbox 3526 3261 3700 3315; x_wconf 78' lang='grc' dir='ltr'>πόθεν</span> 
     </span>
    </p>
   </div>
   <div class='ocr_carea' id='block_1_74' title="bbox 2116 3349 3699 3424">
    <p class='ocr_par' dir='ltr' id='par_1_74' title="bbox 2116 3349 3699 3424">
     <span class='ocr_line' id='line_1_74' title="bbox 2116 3349 3699 3424; baseline 0.001 -20"><span class='ocrx_word' id='word_1_504' title='bbox 2116 3350 2211 3404; x_wconf 80' lang='grc' dir='ltr'>καὶ</span> <span class='ocrx_word' id='word_1_505' title='bbox 2246 3351 2391 3412; x_wconf 82' lang='grc' dir='ltr'>ὅπως</span> <span class='ocrx_word' id='word_1_506' title='bbox 2434 3349 2594 3402; x_wconf 83' lang='grc' dir='ltr'>τοῦτο</span> <span class='ocrx_word' id='word_1_507' title='bbox 2645 3350 3029 3421; x_wconf 77' lang='grc' dir='ltr'>προτρέπουσι,</span> <span class='ocrx_word' id='word_1_508' title='bbox 3067 3349 3317 3418; x_wconf 83' lang='grc' dir='ltr'>λέγουσιν</span> <span class='ocrx_word' id='word_1_509' title='bbox 3346 3353 3427 3415; x_wconf 87' lang='grc' dir='ltr'><strong>είς</strong></span> <span class='ocrx_word' id='word_1_510' title='bbox 3463 3352 3699 3424; x_wconf 76' lang='grc' dir='ltr'>ἕϐδομον</span> 
     </span>
    </p>
   </div>
   <div class='ocr_carea' id='block_1_75' title="bbox 2117 3441 3715 3515">
    <p class='ocr_par' dir='ltr' id='par_1_75' title="bbox 2117 3441 3715 3515">
     <span class='ocr_line' id='line_1_75' title="bbox 2117 3441 3715 3515; baseline 0.002 -20"><span class='ocrx_word' id='word_1_511' title='bbox 2117 3442 2325 3513; x_wconf 66' lang='grc' dir='ltr'><strong>βαθμὸν</strong></span> <span class='ocrx_word' id='word_1_512' title='bbox 2381 3442 2654 3511; x_wconf 78' lang='grc' dir='ltr'><strong>καταντᾷν</strong></span> <span class='ocrx_word' id='word_1_513' title='bbox 2697 3442 2797 3511; x_wconf 74' lang='grc' dir='ltr'><strong>τὴν</strong></span> <span class='ocrx_word' id='word_1_514' title='bbox 2845 3441 2939 3493; x_wconf 83' lang='grc' dir='ltr'>τοῦ</span> <span class='ocrx_word' id='word_1_515' title='bbox 2976 3442 3420 3512; x_wconf 75' lang='grc' dir='ltr'>συναλλάγματος</span> <span class='ocrx_word' id='word_1_516' title='bbox 3449 3444 3715 3515; x_wconf 49' lang='grc' dir='ltr'>ποίησιν(</span> 
     </span>
    </p>
   </div>
   <div class='ocr_carea' id='block_1_76' title="bbox 2114 3532 3697 3607">
    <p class='ocr_par' dir='ltr' id='par_1_76' title="bbox 2114 3532 3697 3607">
     <span class='ocr_line' id='line_1_76' title="bbox 2114 3532 3697 3607; baseline 0.001 -20"><span class='ocrx_word' id='word_1_517' title='bbox 2114 3533 2204 3588; x_wconf 75' lang='grc' dir='ltr'><strong>διὰ</strong></span> <span class='ocrx_word' id='word_1_518' title='bbox 2249 3535 2309 3588; x_wconf 52' lang='lat' dir='ltr'><strong>“re</strong></span> <span class='ocrx_word' id='word_1_519' title='bbox 2342 3534 2612 3605; x_wconf 60' lang='grc' dir='ltr'>πρόσωπα</span> <span class='ocrx_word' id='word_1_520' title='bbox 2656 3532 2769 3598; x_wconf 82' lang='grc' dir='ltr'>δύο,</span> <span class='ocrx_word' id='word_1_521' title='bbox 2822 3535 2919 3587; x_wconf 75' lang='grc' dir='ltr'><strong>καὶ</strong></span> <span class='ocrx_word' id='word_1_522' title='bbox 2948 3533 3260 3597; x_wconf 76' lang='grc' dir='ltr'>ἀκολούθως</span> <span class='ocrx_word' id='word_1_523' title='bbox 3305 3535 3399 3589; x_wconf 86' lang='grc' dir='ltr'>δύο</span> <span class='ocrx_word' id='word_1_524' title='bbox 3448 3537 3697 3607; x_wconf 73' lang='grc' dir='ltr'>βαθμοὺς</span> 
     </span>
    </p>
   </div>
   <div class='ocr_carea' id='block_1_77' title="bbox 2115 3626 3699 3700">
    <p class='ocr_par' dir='ltr' id='par_1_77' title="bbox 2115 3626 3699 3700">
     <span class='ocr_line' id='line_1_77' title="bbox 2115 3626 3699 3700; baseline 0.001 -19"><span class='ocrx_word' id='word_1_525' title='bbox 2115 3626 2484 3681; x_wconf 75' lang='grc' dir='ltr'><strong>καθίστασθαι</strong></span> <span class='ocrx_word' id='word_1_526' title='bbox 2513 3626 2605 3679; x_wconf 74' lang='grc' dir='ltr'><strong>τὸν</strong></span> <span class='ocrx_word' id='word_1_527' title='bbox 2634 3627 2945 3696; x_wconf 70' lang='grc' dir='ltr'><strong>Δημήτριον</strong></span> <span class='ocrx_word' id='word_1_528' title='bbox 3004 3626 3143 3697; x_wconf 88' lang='grc' dir='ltr'><strong>μετά</strong></span> <span class='ocrx_word' id='word_1_529' title='bbox 3192 3628 3411 3700; x_wconf 80' lang='grc' dir='ltr'>Μαρίας</span> <span class='ocrx_word' id='word_1_530' title='bbox 3454 3629 3559 3699; x_wconf 78' lang='grc' dir='ltr'><strong>τῆς</strong></span> <span class='ocrx_word' id='word_1_531' title='bbox 3586 3632 3699 3684; x_wconf 77' lang='grc' dir='ltr'>ἀπο</span> 
     </span>
    </p>
   </div>
   <div class='ocr_carea' id='block_1_78' title="bbox 2113 3718 3693 3796">
    <p class='ocr_par' dir='ltr' id='par_1_78' title="bbox 2113 3718 3693 3796">
     <span class='ocr_line' id='line_1_78' title="bbox 2113 3718 3693 3796; baseline 0.002 -22"><span class='ocrx_word' id='word_1_532' title='bbox 2113 3720 2405 3791; x_wconf 86' lang='grc' dir='ltr'><strong>οιχομένης</strong></span> <span class='ocrx_word' id='word_1_533' title='bbox 2437 3718 2675 3788; x_wconf 82' lang='grc' dir='ltr'>συζύγου</span> <span class='ocrx_word' id='word_1_534' title='bbox 2723 3718 2914 3783; x_wconf 82' lang='grc' dir='ltr'>αὐτοῦ,</span> <span class='ocrx_word' id='word_1_535' title='bbox 2950 3720 3054 3774; x_wconf 75' lang='grc' dir='ltr'>κᾶν</span> <span class='ocrx_word' id='word_1_536' title='bbox 3089 3722 3156 3792; x_wconf 78' lang='grc' dir='ltr'><strong>τῇ</strong></span> <span class='ocrx_word' id='word_1_537' title='bbox 3194 3721 3421 3793; x_wconf 75' lang='grc' dir='ltr'>ὁμονοίᾳ</span> <span class='ocrx_word' id='word_1_538' title='bbox 3473 3723 3575 3776; x_wconf 78' lang='grc' dir='ltr'>καὶ</span> <span class='ocrx_word' id='word_1_539' title='bbox 3622 3726 3693 3796; x_wconf 75' lang='grc' dir='ltr'><strong>τῇ</strong></span> 
     </span>
    </p>
   </div>
   <div class='ocr_carea' id='block_1_79' title="bbox 2113 3812 3691 3887">
    <p class='ocr_par' dir='ltr' id='par_1_79' title="bbox 2113 3812 3691 3887">
     <span class='ocr_line' id='line_1_79' title="bbox 2113 3812 3691 3887; baseline 0.003 -21"><span class='ocrx_word' id='word_1_540' title='bbox 2113 3815 2314 3883; x_wconf 81' lang='grc' dir='ltr'>στοργῇ</span> <span class='ocrx_word' id='word_1_541' title='bbox 2349 3812 2485 3884; x_wconf 72' lang='grc' dir='ltr'>σὰρξ</span> <span class='ocrx_word' id='word_1_542' title='bbox 2508 3812 2608 3884; x_wconf 89' lang='grc' dir='ltr'><strong>μία</strong></span> <span class='ocrx_word' id='word_1_543' title='bbox 2624 3812 2974 3881; x_wconf 79' lang='grc' dir='ltr'>λογίςωνται.</span> <span class='ocrx_word' id='word_1_544' title='bbox 3018 3812 3083 3867; x_wconf 87' lang='grc' dir='ltr'><strong>Ἦ</strong></span> <span class='ocrx_word' id='word_1_545' title='bbox 3109 3813 3215 3884; x_wconf 81' lang='grc' dir='ltr'>γὰρ</span> <span class='ocrx_word' id='word_1_546' title='bbox 3249 3815 3460 3887; x_wconf 87' lang='grc' dir='ltr'>Μαρία,</span> <span class='ocrx_word' id='word_1_547' title='bbox 3497 3818 3691 3883; x_wconf 75' lang='grc' dir='ltr'>φασὶν,</span> 
     </span>
    </p>
   </div>
   <div class='ocr_carea' id='block_1_80' title="bbox 2110 3900 3691 3978">
    <p class='ocr_par' dir='ltr' id='par_1_80' title="bbox 2110 3900 3691 3978">
     <span class='ocr_line' id='line_1_80' title="bbox 2110 3900 3691 3978; baseline 0.003 -21"><span class='ocrx_word' id='word_1_548' title='bbox 2110 3903 2269 3957; x_wconf 76' lang='grc' dir='ltr'>ἕκτον</span> <span class='ocrx_word' id='word_1_549' title='bbox 2319 3900 2432 3975; x_wconf 73' lang='grc' dir='ltr'>εἶχε</span> <span class='ocrx_word' id='word_1_550' title='bbox 2493 3903 2631 3975; x_wconf 84' lang='grc' dir='ltr'><strong>μετά</strong></span> <span class='ocrx_word' id='word_1_551' title='bbox 2674 3903 2775 3971; x_wconf 82' lang='grc' dir='ltr'><strong>τῆς</strong></span> <span class='ocrx_word' id='word_1_552' title='bbox 2811 3903 3089 3975; x_wconf 87' lang='grc' dir='ltr'>Θεοδώρας</span> <span class='ocrx_word' id='word_1_553' title='bbox 3123 3904 3357 3976; x_wconf 81' lang='grc' dir='ltr'><strong>βαθμὸν,</strong></span> <span class='ocrx_word' id='word_1_554' title='bbox 3416 3907 3480 3960; x_wconf 82' lang='grc' dir='ltr'>οὐ</span> <span class='ocrx_word' id='word_1_555' title='bbox 3520 3907 3631 3978; x_wconf 72' lang='grc' dir='ltr'><strong>μὴν</strong></span> <span class='ocrx_word' id='word_1_556' title='bbox 3660 3909 3691 3961; x_wconf 87' lang='lat'><strong>6</strong></span> 
     </span>
    </p>
   </div>
   <div class='ocr_carea' id='block_1_81' title="bbox 2110 3994 3689 4069">
    <p class='ocr_par' dir='ltr' id='par_1_81' title="bbox 2110 3994 3689 4069">
     <span class='ocr_line' id='line_1_81' title="bbox 2110 3994 3689 4069; baseline 0.004 -22"><span class='ocrx_word' id='word_1_557' title='bbox 2110 3996 2445 4066; x_wconf 82' lang='grc' dir='ltr'>Δημήτριος,</span> <span class='ocrx_word' id='word_1_558' title='bbox 2490 3994 2567 4059; x_wconf 80' lang='grc' dir='ltr'><strong>ὡς</strong></span> <span class='ocrx_word' id='word_1_559' title='bbox 2605 3997 2686 4059; x_wconf 87' lang='grc' dir='ltr'><strong>είς</strong></span> <span class='ocrx_word' id='word_1_560' title='bbox 2711 3994 2938 4066; x_wconf 77' lang='grc' dir='ltr'>ἕϐδομον</span> <span class='ocrx_word' id='word_1_561' title='bbox 2979 3997 3293 4067; x_wconf 83' lang='grc' dir='ltr'>πρόσωπον,</span> <span class='ocrx_word' id='word_1_562' title='bbox 3327 3999 3423 4051; x_wconf 76' lang='grc' dir='ltr'>καὶ</span> <span class='ocrx_word' id='word_1_563' title='bbox 3476 3998 3689 4069; x_wconf 74' lang='grc' dir='ltr'><strong>βαθμὸν</strong></span> 
     </span>
    </p>
   </div>
   <div class='ocr_carea' id='block_1_82' title="bbox 2108 4085 3691 4161">
    <p class='ocr_par' dir='ltr' id='par_1_82' title="bbox 2108 4085 3691 4161">
     <span class='ocr_line' id='line_1_82' title="bbox 2108 4085 3691 4161; baseline 0.003 -21"><span class='ocrx_word' id='word_1_564' title='bbox 2108 4086 2549 4158; x_wconf 84' lang='grc' dir='ltr'>τοσαυτάριθμον</span> <span class='ocrx_word' id='word_1_565' title='bbox 2580 4085 2942 4158; x_wconf 80' lang='grc' dir='ltr'>ἀναγόμενος.</span> <span class='ocrx_word' id='word_1_566' title='bbox 2976 4089 3050 4141; x_wconf 85' lang='grc' dir='ltr'><strong>Τδ</strong></span> <span class='ocrx_word' id='word_1_567' title='bbox 3081 4088 3137 4141; x_wconf 84' lang='grc' dir='ltr'><strong>δὲ</strong></span> <span class='ocrx_word' id='word_1_568' title='bbox 3180 4089 3226 4160; x_wconf 81' lang='grc' dir='ltr'><strong>β’</strong></span> <span class='ocrx_word' id='word_1_569' title='bbox 3258 4089 3422 4161; x_wconf 84' lang='grc' dir='ltr'>θέμα,</span> <span class='ocrx_word' id='word_1_570' title='bbox 3468 4093 3566 4144; x_wconf 88' lang='grc' dir='ltr'>τοῦ</span> <span class='ocrx_word' id='word_1_571' title='bbox 3604 4087 3691 4161; x_wconf 77' lang='grc' dir='ltr'><strong>λβ¹</strong></span> 
     </span>
    </p>
   </div>
   <div class='ocr_carea' id='block_1_83' title="bbox 2108 4176 3690 4251">
    <p class='ocr_par' dir='ltr' id='par_1_83' title="bbox 2108 4176 3690 4251">
     <span class='ocr_line' id='line_1_83' title="bbox 2108 4176 3690 4251; baseline 0.004 -18"><span class='ocrx_word' id='word_1_572' title='bbox 2108 4178 2407 4247; x_wconf 84' lang='grc' dir='ltr'>κεφαλαίου</span> <span class='ocrx_word' id='word_1_573' title='bbox 2432 4176 2526 4232; x_wconf 88' lang='grc' dir='ltr'>τοῦ</span> <span class='ocrx_word' id='word_1_574' title='bbox 2558 4178 2600 4230; x_wconf 76' lang='grc' dir='ltr'>ε’</span> <span class='ocrx_word' id='word_1_575' title='bbox 2630 4178 2811 4232; x_wconf 87' lang='grc' dir='ltr'>τίτλου</span> <span class='ocrx_word' id='word_1_576' title='bbox 2860 4179 2956 4233; x_wconf 84' lang='grc' dir='ltr'>τοῦ</span> <span class='ocrx_word' id='word_1_577' title='bbox 2994 4177 3081 4251; x_wconf 77' lang='grc' dir='ltr'><strong>κη’</strong></span> <span class='ocrx_word' id='word_1_578' title='bbox 3119 4179 3328 4250; x_wconf 81' lang='grc' dir='ltr'>βιϐλίου</span> <span class='ocrx_word' id='word_1_579' title='bbox 3382 4181 3494 4235; x_wconf 83' lang='grc' dir='ltr'><strong>τῶν</strong></span> <span class='ocrx_word' id='word_1_580' title='bbox 3521 4184 3690 4239; x_wconf 80' lang='grc' dir='ltr'><strong>Βασι-</strong></span> 
     </span>
    </p>
   </div>
   <div class='ocr_carea' id='block_1_84' title="bbox 2104 4267 3688 4347">
    <p class='ocr_par' dir='ltr' id='par_1_84' title="bbox 2104 4267 3688 4347">
     <span class='ocr_line' id='line_1_84' title="bbox 2104 4267 3688 4347; baseline 0.003 -24"><span class='ocrx_word' id='word_1_581' title='bbox 2104 4269 2297 4336; x_wconf 86' lang='grc' dir='ltr'>λικῶν,</span> <span class='ocrx_word' id='word_1_582' title='bbox 2329 4272 2424 4324; x_wconf 77' lang='grc' dir='ltr'><strong>καὶ</strong></span> <span class='ocrx_word' id='word_1_583' title='bbox 2445 4270 2474 4324; x_wconf 92' lang='lat'><strong>6</strong></span> <span class='ocrx_word' id='word_1_584' title='bbox 2505 4267 2577 4323; x_wconf 81' lang='grc' dir='ltr'><strong>νδ¹</strong></span> <span class='ocrx_word' id='word_1_585' title='bbox 2607 4269 2787 4324; x_wconf 86' lang='grc' dir='ltr'>κανὼν</span> <span class='ocrx_word' id='word_1_586' title='bbox 2822 4270 2921 4342; x_wconf 84' lang='grc' dir='ltr'><strong>τῆς</strong></span> <span class='ocrx_word' id='word_1_587' title='bbox 2966 4274 3026 4325; x_wconf 78' lang='grc' dir='ltr'><strong>ὲν</strong></span> <span class='ocrx_word' id='word_1_588' title='bbox 3058 4271 3135 4341; x_wconf 84' lang='grc' dir='ltr'><strong>τῷ</strong></span> <span class='ocrx_word' id='word_1_589' title='bbox 3166 4273 3426 4344; x_wconf 82' lang='grc' dir='ltr'>Τρούλ).ῳ</span> <span class='ocrx_word' id='word_1_590' title='bbox 3453 4275 3550 4328; x_wconf 84' lang='grc' dir='ltr'>τοῦ</span> <span class='ocrx_word' id='word_1_591' title='bbox 3588 4294 3688 4347; x_wconf 81' lang='grc' dir='ltr'>με-</span> 
     </span>
    </p>
   </div>
   <div class='ocr_carea' id='block_1_85' title="bbox 2102 4361 3686 4441">
    <p class='ocr_par' dir='ltr' id='par_1_85' title="bbox 2102 4361 3686 4441">
     <span class='ocr_line' id='line_1_85' title="bbox 2102 4361 3686 4441; baseline 0.004 -25"><span class='ocrx_word' id='word_1_592' title='bbox 2102 4362 2273 4432; x_wconf 82' lang='grc' dir='ltr'>γάλου</span> <span class='ocrx_word' id='word_1_593' title='bbox 2323 4361 2585 4416; x_wconf 79' lang='grc' dir='ltr'>παλατίου</span> <span class='ocrx_word' id='word_1_594' title='bbox 2639 4363 2913 4433; x_wconf 80' lang='grc' dir='ltr'><strong>συστάσης</strong></span> <span class='ocrx_word' id='word_1_595' title='bbox 2956 4363 3117 4430; x_wconf 81' lang='grc' dir='ltr'>ἁγίας</span> <span class='ocrx_word' id='word_1_596' title='bbox 3155 4365 3251 4420; x_wconf 81' lang='grc' dir='ltr'>καὶ</span> <span class='ocrx_word' id='word_1_597' title='bbox 3291 4368 3686 4441; x_wconf 81' lang='grc' dir='ltr'>οἱκουμενικῆς</span> 
     </span>
    </p>
   </div>
   <div class='ocr_carea' id='block_1_86' title="bbox 427 4455 2009 4532">
    <p class='ocr_par' dir='ltr' id='par_1_86' title="bbox 427 4457 2001 4532">
     <span class='ocr_line' id='line_1_86' title="bbox 427 4457 2001 4532; baseline -0.004 -16"><span class='ocrx_word' id='word_1_598' title='bbox 427 4461 756 4517; x_wconf 84' lang='lat' dir='ltr'><strong>universalis</strong></span> <span class='ocrx_word' id='word_1_599' title='bbox 799 4459 1015 4532; x_wconf 74' lang='lat' dir='ltr'><strong>synodi,</strong></span> <span class='ocrx_word' id='word_1_600' title='bbox 1060 4474 1235 4528; x_wconf 88' lang='lat' dir='ltr'><strong>usque</strong></span> <span class='ocrx_word' id='word_1_601' title='bbox 1266 4459 1332 4513; x_wconf 90' lang='lat' dir='ltr'><strong>ad</strong></span> <span class='ocrx_word' id='word_1_602' title='bbox 1363 4457 1585 4527; x_wconf 81' lang='lat' dir='ltr'><strong>gradum</strong></span> <span class='ocrx_word' id='word_1_603' title='bbox 1627 4465 1841 4513; x_wconf 78' lang='lat' dir='ltr'><strong>sextum</strong></span> <span class='ocrx_word' id='word_1_604' title='bbox 1883 4473 2001 4511; x_wconf 88' lang='lat' dir='ltr'><strong>ma-</strong></span> 
     </span>
    </p>
   </div>
   <div class='ocr_carea' id='block_1_87' title="bbox 2111 4455 3687 4532">
    <p class='ocr_par' dir='ltr' id='par_1_87' title="bbox 2111 4455 3687 4530">
     <span class='ocr_line' id='line_1_87' title="bbox 2111 4455 3687 4530; baseline 0.003 -20"><span class='ocrx_word' id='word_1_605' title='bbox 2111 4456 2353 4520; x_wconf 83' lang='grc' dir='ltr'>συνόδου,</span> <span class='ocrx_word' id='word_1_606' title='bbox 2385 4456 2550 4526; x_wconf 83' lang='grc' dir='ltr'><strong>μέχρι</strong></span> <span class='ocrx_word' id='word_1_607' title='bbox 2601 4455 2697 4509; x_wconf 86' lang='grc' dir='ltr'>τοῦ</span> <span class='ocrx_word' id='word_1_608' title='bbox 2748 4456 2908 4510; x_wconf 72' lang='grc' dir='ltr'>ἕκτου</span> <span class='ocrx_word' id='word_1_609' title='bbox 2953 4455 3163 4528; x_wconf 82' lang='grc' dir='ltr'>βαθμοῦ</span> <span class='ocrx_word' id='word_1_610' title='bbox 3197 4459 3290 4511; x_wconf 81' lang='grc' dir='ltr'><strong>καὶ</strong></span> <span class='ocrx_word' id='word_1_611' title='bbox 3329 4460 3496 4513; x_wconf 84' lang='grc' dir='ltr'>αὐτοῦ</span> <span class='ocrx_word' id='word_1_612' title='bbox 3525 4461 3595 4515; x_wconf 81' lang='grc' dir='ltr'><strong>τὰ</strong></span> <span class='ocrx_word' id='word_1_613' title='bbox 3622 4463 3687 4530; x_wconf 73' lang='grc' dir='ltr'><strong>ἐξ</strong></span> 
     </span>
    </p>
   </div>
   <div class='ocr_carea' id='block_1_88' title="bbox 425 4524 2009 4622">
    <p class='ocr_par' dir='ltr' id='par_1_88' title="bbox 425 4549 1998 4619">
     <span class='ocr_line' id='line_1_88' title="bbox 425 4549 1998 4619; baseline -0.004 -10"><span class='ocrx_word' id='word_1_614' title='bbox 425 4554 681 4610; x_wconf 88' lang='lat' dir='ltr'><strong>trimonia</strong></span> <span class='ocrx_word' id='word_1_615' title='bbox 728 4562 837 4606; x_wconf 90' lang='lat' dir='ltr'><strong>tam</strong></span> <span class='ocrx_word' id='word_1_616' title='bbox 884 4568 948 4606; x_wconf 80' lang='lat' dir='ltr'><strong>ex</strong></span> <span class='ocrx_word' id='word_1_617' title='bbox 991 4550 1272 4612; x_wconf 84' lang='lat' dir='ltr'><strong>aliinitate,</strong></span> <span class='ocrx_word' id='word_1_618' title='bbox 1303 4564 1467 4619; x_wconf 86' lang='lat' dir='ltr'><strong>quam</strong></span> <span class='ocrx_word' id='word_1_619' title='bbox 1512 4549 1837 4619; x_wconf 78' lang='lat' dir='ltr'><strong>cognatione</strong></span> <span class='ocrx_word' id='word_1_620' title='bbox 1868 4563 1998 4603; x_wconf 84' lang='lat' dir='ltr'><strong>con-</strong></span> 
     </span>
    </p>
   </div>
   <div class='ocr_carea' id='block_1_89' title="bbox 2111 4524 3688 4622">
    <p class='ocr_par' dir='ltr' id='par_1_89' title="bbox 2111 4524 3688 4622">
     <span class='ocr_line' id='line_1_89' title="bbox 2111 4524 3688 4622; baseline 0.003 -20"><span class='ocrx_word' id='word_1_621' title='bbox 2111 4524 2420 4619; x_wconf 56' lang='lat' dir='ltr'><strong>anicula;</strong></span> <span class='ocrx_word' id='word_1_622' title='bbox 2445 4524 2540 4603; x_wconf 72' lang='grc' dir='ltr'><strong>καὶ</strong></span> <span class='ocrx_word' id='word_1_623' title='bbox 2560 4549 2627 4603; x_wconf 80' lang='grc' dir='ltr'><strong>τά</strong></span> <span class='ocrx_word' id='word_1_624' title='bbox 2658 4546 2717 4614; x_wconf 79' lang='grc' dir='ltr'>ἐξ</span> <span class='ocrx_word' id='word_1_625' title='bbox 2741 4524 2972 4619; x_wconf 78' lang='grc' dir='ltr'>αἵματος</span> <span class='ocrx_word' id='word_1_626' title='bbox 2999 4524 3403 4622; x_wconf 76' lang='grc' dir='ltr'><strong>ἐξεστενοχώρη</strong></span> <span class='ocrx_word' id='word_1_627' title='bbox 3415 4570 3513 4606; x_wconf 90' lang='grc' dir='ltr'><strong>σαν</strong></span> <span class='ocrx_word' id='word_1_628' title='bbox 3561 4524 3688 4607; x_wconf 59' lang='lat' dir='ltr'><strong>cev;</strong></span> 
     </span>
    </p>
   </div>
   <div class='ocr_carea' id='block_1_90' title="bbox 423 4639 1996 4709">
    <p class='ocr_par' dir='ltr' id='par_1_90' title="bbox 423 4639 1996 4709">
     <span class='ocr_line' id='line_1_90' title="bbox 423 4639 1996 4709; baseline -0.002 -13"><span class='ocrx_word' id='word_1_629' title='bbox 423 4653 615 4709; x_wconf 86' lang='lat' dir='ltr'><strong>tracta,</strong></span> <span class='ocrx_word' id='word_1_630' title='bbox 647 4642 1125 4699; x_wconf 85' lang='lat' dir='ltr'><strong>constrinxerunt.</strong></span> <span class='ocrx_word' id='word_1_631' title='bbox 1156 4639 1288 4707; x_wconf 82' lang='lat' dir='ltr'><strong>Qua:</strong></span> <span class='ocrx_word' id='word_1_632' title='bbox 1333 4652 1463 4693; x_wconf 86' lang='lat' dir='ltr'><strong>vero</strong></span> <span class='ocrx_word' id='word_1_633' title='bbox 1498 4646 1712 4694; x_wconf 84' lang='lat' dir='ltr'><strong>sextum</strong></span> <span class='ocrx_word' id='word_1_634' title='bbox 1755 4653 1996 4707; x_wconf 82' lang='lat' dir='ltr'><strong>sequun-</strong></span> 
     </span>
    </p>
   </div>
   <div class='ocr_carea' id='block_1_91' title="bbox 422 4729 1993 4801">
    <p class='ocr_par' dir='ltr' id='par_1_91' title="bbox 422 4729 1993 4801">
     <span class='ocr_line' id='line_1_91' title="bbox 422 4729 1993 4801; baseline -0.002 -15"><span class='ocrx_word' id='word_1_635' title='bbox 422 4743 557 4797; x_wconf 88' lang='lat' dir='ltr'><strong>tur,</strong></span> <span class='ocrx_word' id='word_1_636' title='bbox 634 4732 807 4787; x_wconf 84' lang='lat' dir='ltr'><strong>libere</strong></span> <span class='ocrx_word' id='word_1_637' title='bbox 878 4729 1103 4786; x_wconf 83' lang='lat' dir='ltr'><strong>conﬂari</strong></span> <span class='ocrx_word' id='word_1_638' title='bbox 1172 4729 1560 4801; x_wconf 87' lang='lat' dir='ltr'><strong>permiserunt.</strong></span> <span class='ocrx_word' id='word_1_639' title='bbox 1626 4732 1704 4783; x_wconf 87' lang='lat' dir='ltr'><strong>Ac</strong></span> <span class='ocrx_word' id='word_1_640' title='bbox 1775 4729 1993 4785; x_wconf 87' lang='lat' dir='ltr'><strong>tametsi</strong></span> 
     </span>
    </p>
   </div>
   <div class='ocr_carea' id='block_1_92' title="bbox 423 4819 1992 4895">
    <p class='ocr_par' dir='ltr' id='par_1_92' title="bbox 423 4819 1992 4895">
     <span class='ocr_line' id='line_1_92' title="bbox 423 4819 1992 4895; baseline -0.003 -16"><span class='ocrx_word' id='word_1_641' title='bbox 423 4823 733 4895; x_wconf 85' lang='lat' dir='ltr'><strong>publicatus</strong></span> <span class='ocrx_word' id='word_1_642' title='bbox 760 4821 831 4876; x_wconf 89' lang='lat' dir='ltr'><strong>sit</strong></span> <span class='ocrx_word' id='word_1_643' title='bbox 870 4836 1066 4877; x_wconf 85' lang='lat' dir='ltr'><strong>recens</strong></span> <span class='ocrx_word' id='word_1_644' title='bbox 1098 4830 1278 4877; x_wconf 85' lang='lat' dir='ltr'><strong>tomus</strong></span> <span class='ocrx_word' id='word_1_645' title='bbox 1304 4820 1607 4891; x_wconf 84' lang='lat' dir='ltr'><strong>synodalis,</strong></span> <span class='ocrx_word' id='word_1_646' title='bbox 1636 4819 1992 4875; x_wconf 80' lang='lat' dir='ltr'><strong>conﬁrmatus</strong></span> 
     </span>
    </p>
   </div>
   <div class='ocr_carea' id='block_1_93' title="bbox 418 4910 1998 4981">
    <p class='ocr_par' dir='ltr' id='par_1_93' title="bbox 418 4910 1998 4981">
     <span class='ocr_line' id='line_1_93' title="bbox 418 4910 1998 4981; baseline 0.001 -17"><span class='ocrx_word' id='word_1_647' title='bbox 418 4912 584 4967; x_wconf 73' lang='lat' dir='ltr'><strong>etiam</strong></span> <span class='ocrx_word' id='word_1_648' title='bbox 645 4911 827 4968; x_wconf 87' lang='lat' dir='ltr'><strong>edicto</strong></span> <span class='ocrx_word' id='word_1_649' title='bbox 884 4911 1287 4981; x_wconf 86' lang='lat' dir='ltr'><strong>imperatorio,</strong></span> <span class='ocrx_word' id='word_1_650' title='bbox 1338 4924 1449 4979; x_wconf 90' lang='lat' dir='ltr'><strong>quo</strong></span> <span class='ocrx_word' id='word_1_651' title='bbox 1512 4910 1867 4980; x_wconf 65' lang='lat' dir='ltr'><strong>praccipitur,</strong></span> <span class='ocrx_word' id='word_1_652' title='bbox 1929 4926 1998 4965; x_wconf 88' lang='lat' dir='ltr'><strong>ne</strong></span> 
     </span>
    </p>
   </div>
   <div class='ocr_carea' id='block_1_94' title="bbox 425 4990 1997 5073">
    <p class='ocr_par' dir='ltr' id='par_1_94' title="bbox 425 4990 1997 5073">
     <span class='ocr_line' id='line_1_94' title="bbox 425 4990 1997 5073; baseline -0.002 -15"><span class='ocrx_word' id='word_1_653' title='bbox 425 5004 597 5070; x_wconf 66' lang='lat' dir='ltr'><strong>gradu</strong></span> <span class='ocrx_word' id='word_1_654' title='bbox 635 5004 869 5073; x_wconf 87' lang='lat' dir='ltr'><strong>septimo</strong></span> <span class='ocrx_word' id='word_1_655' title='bbox 908 4990 1191 5072; x_wconf 85' lang='lat' dir='ltr'><strong>conjuncti</strong></span> <span class='ocrx_word' id='word_1_656' title='bbox 1232 5018 1327 5072; x_wconf 85' lang='lat' dir='ltr'><strong>per</strong></span> <span class='ocrx_word' id='word_1_657' title='bbox 1365 5003 1770 5070; x_wconf 81' lang='lat' dir='ltr'><strong>cognationem,</strong></span> <span class='ocrx_word' id='word_1_658' title='bbox 1805 5002 1997 5056; x_wconf 89' lang='lat' dir='ltr'><strong>matri-</strong></span> 
     </span>
    </p>
   </div>
   <div class='ocr_carea' id='block_1_95' title="bbox 420 5092 1992 5162">
    <p class='ocr_par' dir='ltr' id='par_1_95' title="bbox 420 5092 1992 5162">
     <span class='ocr_line' id='line_1_95' title="bbox 420 5092 1992 5162; baseline -0.003 -13"><span class='ocrx_word' id='word_1_659' title='bbox 420 5096 600 5151; x_wconf 86' lang='lat' dir='ltr'><strong>monia</strong></span> <span class='ocrx_word' id='word_1_660' title='bbox 648 5095 979 5151; x_wconf 83' lang='lat' dir='ltr'><strong>contrahant</strong></span> <span class='ocrx_word' id='word_1_661' title='bbox 1015 5113 1031 5150; x_wconf 86' lang='lat'><strong>:</strong></span> <span class='ocrx_word' id='word_1_662' title='bbox 1075 5104 1258 5149; x_wconf 85' lang='lat' dir='ltr'><strong>tamen</strong></span> <span class='ocrx_word' id='word_1_663' title='bbox 1304 5093 1372 5148; x_wconf 86' lang='lat' dir='ltr'><strong>ad</strong></span> <span class='ocrx_word' id='word_1_664' title='bbox 1420 5092 1526 5148; x_wconf 91' lang='lat' dir='ltr'><strong>hoc</strong></span> <span class='ocrx_word' id='word_1_665' title='bbox 1580 5093 1637 5155; x_wconf 86' lang='lat' dir='ltr'><strong>ii,</strong></span> <span class='ocrx_word' id='word_1_666' title='bbox 1669 5093 1759 5162; x_wconf 82' lang='lat' dir='ltr'><strong>qui</strong></span> <span class='ocrx_word' id='word_1_667' title='bbox 1804 5093 1992 5146; x_wconf 85' lang='lat' dir='ltr'><strong>eodem</strong></span> 
     </span>
    </p>
   </div>
   <div class='ocr_carea' id='block_1_96' title="bbox 415 5181 1995 5256">
    <p class='ocr_par' dir='ltr' id='par_1_96' title="bbox 415 5181 1995 5256">
     <span class='ocr_line' id='line_1_96' title="bbox 415 5181 1995 5256; baseline -0.004 -15"><span class='ocrx_word' id='word_1_668' title='bbox 415 5185 589 5255; x_wconf 78' lang='lat' dir='ltr'><strong>gradu</strong></span> <span class='ocrx_word' id='word_1_669' title='bbox 636 5200 733 5256; x_wconf 86' lang='lat' dir='ltr'><strong>per</strong></span> <span class='ocrx_word' id='word_1_670' title='bbox 782 5182 1095 5238; x_wconf 83' lang='lat' dir='ltr'><strong>aliinitatcm</strong></span> <span class='ocrx_word' id='word_1_671' title='bbox 1145 5197 1268 5238; x_wconf 83' lang='lat' dir='ltr'><strong>sese</strong></span> <span class='ocrx_word' id='word_1_672' title='bbox 1300 5181 1668 5251; x_wconf 86' lang='lat' dir='ltr'><strong>constrigunt,</strong></span> <span class='ocrx_word' id='word_1_673' title='bbox 1715 5197 1822 5234; x_wconf 91' lang='lat' dir='ltr'><strong>non</strong></span> <span class='ocrx_word' id='word_1_674' title='bbox 1863 5196 1995 5235; x_wconf 88' lang='lat' dir='ltr'><strong>con-</strong></span> 
     </span>
    </p>
   </div>
   <div class='ocr_carea' id='block_1_97' title="bbox 414 5273 1989 5351">
    <p class='ocr_par' dir='ltr' id='par_1_97' title="bbox 414 5273 1989 5351">
     <span class='ocr_line' id='line_1_97' title="bbox 414 5273 1989 5351; baseline -0.005 -16"><span class='ocrx_word' id='word_1_675' title='bbox 414 5278 786 5351; x_wconf 76' lang='lat' dir='ltr'><strong>stringuntur.</strong></span> <span class='ocrx_word' id='word_1_676' title='bbox 837 5274 1098 5345; x_wconf 69' lang='lat' dir='ltr'><strong>ﬂagnum</strong></span> <span class='ocrx_word' id='word_1_677' title='bbox 1155 5274 1301 5329; x_wconf 90' lang='lat' dir='ltr'><strong>enim</strong></span> <span class='ocrx_word' id='word_1_678' title='bbox 1360 5273 1660 5328; x_wconf 83' lang='lat' dir='ltr'><strong>discrimen</strong></span> <span class='ocrx_word' id='word_1_679' title='bbox 1714 5283 1795 5327; x_wconf 88' lang='lat' dir='ltr'><strong>est</strong></span> <span class='ocrx_word' id='word_1_680' title='bbox 1847 5274 1989 5327; x_wconf 88' lang='lat' dir='ltr'><strong>inter</strong></span> 
     </span>
    </p>
   </div>
   <div class='ocr_carea' id='block_1_98' title="bbox 415 5362 1988 5437">
    <p class='ocr_par' dir='ltr' id='par_1_98' title="bbox 415 5362 1988 5437">
     <span class='ocr_line' id='line_1_98' title="bbox 415 5362 1988 5437; baseline -0.006 -11"><span class='ocrx_word' id='word_1_681' title='bbox 415 5362 879 5428; x_wconf 67' lang='lat' dir='ltr'><strong>necessitudinem</strong></span> <span class='ocrx_word' id='word_1_682' title='bbox 932 5365 1242 5437; x_wconf 79' lang='lat' dir='ltr'><strong>sanguinis,</strong></span> <span class='ocrx_word' id='word_1_683' title='bbox 1288 5372 1343 5420; x_wconf 80' lang='lat' dir='ltr'><strong>et</strong></span> <span class='ocrx_word' id='word_1_684' title='bbox 1389 5366 1732 5435; x_wconf 84' lang='lat' dir='ltr'><strong>cognaticatn</strong></span> <span class='ocrx_word' id='word_1_685' title='bbox 1782 5363 1988 5433; x_wconf 84' lang='lat' dir='ltr'><strong>simpli-</strong></span> 
     </span>
    </p>
   </div>
   <div class='ocr_carea' id='block_1_99' title="bbox 410 5453 1985 5533">
    <p class='ocr_par' dir='ltr' id='par_1_99' title="bbox 410 5453 1985 5533">
     <span class='ocr_line' id='line_1_99' title="bbox 410 5453 1985 5533; baseline -0.004 -20"><span class='ocrx_word' id='word_1_686' title='bbox 410 5462 549 5519; x_wconf 79' lang='lat' dir='ltr'><strong>citer</strong></span> <span class='ocrx_word' id='word_1_687' title='bbox 590 5457 1057 5533; x_wconf 87' lang='lat' dir='ltr'><strong>propinquitatem</strong></span> <span class='ocrx_word' id='word_1_688' title='bbox 1082 5472 1103 5511; x_wconf 78' lang='grc' dir='ltr'>τ</span> <span class='ocrx_word' id='word_1_689' title='bbox 1138 5469 1201 5511; x_wconf 86' lang='lat' dir='ltr'><strong>ac</strong></span> <span class='ocrx_word' id='word_1_690' title='bbox 1241 5469 1437 5524; x_wconf 86' lang='lat' dir='ltr'><strong>magna</strong></span> <span class='ocrx_word' id='word_1_691' title='bbox 1487 5455 1630 5509; x_wconf 87' lang='lat' dir='ltr'><strong>inter</strong></span> <span class='ocrx_word' id='word_1_692' title='bbox 1667 5456 1779 5508; x_wconf 77' lang='lat' dir='ltr'><strong>hzec</strong></span> <span class='ocrx_word' id='word_1_693' title='bbox 1824 5453 1985 5508; x_wconf 82' lang='lat' dir='ltr'><strong>stabi-</strong></span> 
     </span>
    </p>
   </div>
   <div class='ocr_carea' id='block_1_100' title="bbox 411 5544 1980 5620">
    <p class='ocr_par' dir='ltr' id='par_1_100' title="bbox 411 5544 1980 5620">
     <span class='ocr_line' id='line_1_100' title="bbox 411 5544 1980 5620; baseline -0.008 -11"><span class='ocrx_word' id='word_1_694' title='bbox 411 5556 506 5609; x_wconf 80' lang='lat' dir='ltr'><strong>lita</strong></span> <span class='ocrx_word' id='word_1_695' title='bbox 539 5554 680 5610; x_wconf 78' lang='lat' dir='ltr'><strong>ratio</strong></span> <span class='ocrx_word' id='word_1_696' title='bbox 708 5562 812 5620; x_wconf 72' lang='lat' dir='ltr'><strong>est,</strong></span> <span class='ocrx_word' id='word_1_697' title='bbox 842 5550 982 5607; x_wconf 86' lang='lat' dir='ltr'><strong>alios</strong></span> <span class='ocrx_word' id='word_1_698' title='bbox 1010 5548 1298 5620; x_wconf 76' lang='lat' dir='ltr'><strong>copu‘lans,</strong></span> <span class='ocrx_word' id='word_1_699' title='bbox 1324 5545 1459 5600; x_wconf 85' lang='lat' dir='ltr'><strong>alios</strong></span> <span class='ocrx_word' id='word_1_700' title='bbox 1487 5544 1771 5599; x_wconf 84' lang='lat' dir='ltr'><strong>dirimens.</strong></span> <span class='ocrx_word' id='word_1_701' title='bbox 1807 5544 1980 5598; x_wconf 83' lang='lat' dir='ltr'><strong>Etiam</strong></span> 
     </span>
    </p>
   </div>
   <div class='ocr_carea' id='block_1_101' title="bbox 2103 4638 3685 4709">
    <p class='ocr_par' dir='ltr' id='par_1_101' title="bbox 2103 4638 3685 4709">
     <span class='ocr_line' id='line_1_101' title="bbox 2103 4638 3685 4709; baseline 0.004 -16"><span class='ocrx_word' id='word_1_702' title='bbox 2103 4638 2449 4709; x_wconf 80' lang='grc' dir='ltr'>αλλὰγματα.</span> <span class='ocrx_word' id='word_1_703' title='bbox 2499 4639 2580 4692; x_wconf 85' lang='grc' dir='ltr'><strong>Τὰ</strong></span> <span class='ocrx_word' id='word_1_704' title='bbox 2615 4639 2673 4693; x_wconf 78' lang='grc' dir='ltr'><strong>δὲ</strong></span> <span class='ocrx_word' id='word_1_705' title='bbox 2721 4640 2860 4709; x_wconf 83' lang='grc' dir='ltr'><strong>μετά</strong></span> <span class='ocrx_word' id='word_1_706' title='bbox 2910 4639 3131 4708; x_wconf 67' lang='grc' dir='ltr'>τοῦτον,</span> <span class='ocrx_word' id='word_1_707' title='bbox 3176 4642 3354 4706; x_wconf 83' lang='grc' dir='ltr'>ἀδεῶς</span> <span class='ocrx_word' id='word_1_708' title='bbox 3403 4644 3685 4699; x_wconf 71' lang='grc' dir='ltr'>ἀπέλυσαν</span> 
     </span>
    </p>
   </div>
   <div class='ocr_carea' id='block_1_102' title="bbox 2103 4728 3685 4806">
    <p class='ocr_par' dir='ltr' id='par_1_102' title="bbox 2103 4728 3685 4806">
     <span class='ocr_line' id='line_1_102' title="bbox 2103 4728 3685 4806; baseline 0.004 -22"><span class='ocrx_word' id='word_1_709' title='bbox 2103 4728 2533 4800; x_wconf 77' lang='grc' dir='ltr'>ἀναχὼννυσθαι.</span> <span class='ocrx_word' id='word_1_710' title='bbox 2571 4730 2683 4784; x_wconf 84' lang='lat' dir='ltr'><strong>Kal</strong></span> <span class='ocrx_word' id='word_1_711' title='bbox 2711 4730 2814 4783; x_wconf 86' lang='grc' dir='ltr'>κάν</span> <span class='ocrx_word' id='word_1_712' title='bbox 2848 4731 3109 4802; x_wconf 79' lang='grc' dir='ltr'><strong>ἐξηνέχθη</strong></span> <span class='ocrx_word' id='word_1_713' title='bbox 3147 4736 3481 4805; x_wconf 74' lang='grc' dir='ltr'>προσφάτως</span> <span class='ocrx_word' id='word_1_714' title='bbox 3511 4736 3685 4806; x_wconf 82' lang='grc' dir='ltr'>τόμος</span> 
     </span>
    </p>
   </div>
   <div class='ocr_carea' id='block_1_103' title="bbox 2104 4822 3683 4897">
    <p class='ocr_par' dir='ltr' id='par_1_103' title="bbox 2104 4822 3683 4897">
     <span class='ocr_line' id='line_1_103' title="bbox 2104 4822 3683 4897; baseline 0.005 -23"><span class='ocrx_word' id='word_1_715' title='bbox 2104 4822 2404 4888; x_wconf 85' lang='grc' dir='ltr'>συνοδικὺς,</span> <span class='ocrx_word' id='word_1_716' title='bbox 2442 4822 2757 4894; x_wconf 73' lang='grc' dir='ltr'>στηριχθεὶς</span> <span class='ocrx_word' id='word_1_717' title='bbox 2787 4824 2883 4876; x_wconf 77' lang='grc' dir='ltr'><strong>καὶ</strong></span> <span class='ocrx_word' id='word_1_718' title='bbox 2906 4826 3203 4894; x_wconf 79' lang='grc' dir='ltr'>προστάξει</span> <span class='ocrx_word' id='word_1_719' title='bbox 3239 4828 3518 4897; x_wconf 80' lang='grc' dir='ltr'>βασιλικῇ,</span> <span class='ocrx_word' id='word_1_720' title='bbox 3551 4830 3683 4892; x_wconf 75' lang='grc' dir='ltr'>τοὺς</span> 
     </span>
    </p>
   </div>
   <div class='ocr_carea' id='block_1_104' title="bbox 2100 4913 3679 4987">
    <p class='ocr_par' dir='ltr' id='par_1_104' title="bbox 2100 4913 3679 4987">
     <span class='ocr_line' id='line_1_104' title="bbox 2100 4913 3679 4987; baseline 0.005 -23"><span class='ocrx_word' id='word_1_721' title='bbox 2100 4913 2159 4978; x_wconf 77' lang='grc' dir='ltr'><strong>ἐξ</strong></span> <span class='ocrx_word' id='word_1_722' title='bbox 2198 4914 2428 4984; x_wconf 84' lang='grc' dir='ltr'>αἵματος</span> <span class='ocrx_word' id='word_1_723' title='bbox 2457 4914 2619 4978; x_wconf 77' lang='grc' dir='ltr'><strong>ὄντας</strong></span> <span class='ocrx_word' id='word_1_724' title='bbox 2649 4914 2877 4984; x_wconf 79' lang='grc' dir='ltr'>ἑϐδόμου</span> <span class='ocrx_word' id='word_1_725' title='bbox 2920 4915 3131 4986; x_wconf 83' lang='grc' dir='ltr'>βαθμοῦ</span> <span class='ocrx_word' id='word_1_726' title='bbox 3169 4917 3243 4987; x_wconf 83' lang='grc' dir='ltr'><strong>μὴ</strong></span> <span class='ocrx_word' id='word_1_727' title='bbox 3282 4920 3679 4986; x_wconf 80' lang='grc' dir='ltr'>συνάπτεσθαι,</span> 
     </span>
    </p>
   </div>
   <div class='ocr_carea' id='block_1_105' title="bbox 2099 5004 3680 5080">
    <p class='ocr_par' dir='ltr' id='par_1_105' title="bbox 2099 5004 3680 5080">
     <span class='ocr_line' id='line_1_105' title="bbox 2099 5004 3680 5080; baseline 0.005 -24"><span class='ocrx_word' id='word_1_728' title='bbox 2099 5004 2235 5056; x_wconf 84' lang='grc' dir='ltr'>ἀλλὰ</span> <span class='ocrx_word' id='word_1_729' title='bbox 2284 5004 2408 5069; x_wconf 82' lang='grc' dir='ltr'>τοὺς</span> <span class='ocrx_word' id='word_1_730' title='bbox 2449 5005 2507 5072; x_wconf 76' lang='grc' dir='ltr'><strong>ἐξ</strong></span> <span class='ocrx_word' id='word_1_731' title='bbox 2562 5006 2881 5075; x_wconf 82' lang='grc' dir='ltr'>ἀγχιστείας</span> <span class='ocrx_word' id='word_1_732' title='bbox 2931 5007 3206 5061; x_wconf 82' lang='grc' dir='ltr'>οίκείωσιν</span> <span class='ocrx_word' id='word_1_733' title='bbox 3256 5010 3680 5080; x_wconf 81' lang='grc' dir='ltr'>τοιουτόμετρον</span> 
     </span>
    </p>
   </div>
   <div class='ocr_carea' id='block_1_106' title="bbox 2099 5096 3677 5170">
    <p class='ocr_par' dir='ltr' id='par_1_106' title="bbox 2099 5096 3677 5170">
     <span class='ocr_line' id='line_1_106' title="bbox 2099 5096 3677 5170; baseline 0.006 -22"><span class='ocrx_word' id='word_1_734' title='bbox 2099 5096 2340 5166; x_wconf 79' lang='grc' dir='ltr'>ἔχοντας,</span> <span class='ocrx_word' id='word_1_735' title='bbox 2379 5098 2479 5150; x_wconf 85' lang='grc' dir='ltr'><strong>ούκ</strong></span> <span class='ocrx_word' id='word_1_736' title='bbox 2524 5096 2955 5169; x_wconf 80' lang='grc' dir='ltr'><strong>ἐστενοχὼρησε.</strong></span> <span class='ocrx_word' id='word_1_737' title='bbox 3006 5100 3148 5152; x_wconf 80' lang='grc' dir='ltr'>Πολὺ</span> <span class='ocrx_word' id='word_1_738' title='bbox 3181 5101 3288 5170; x_wconf 86' lang='grc' dir='ltr'><strong>γάρ</strong></span> <span class='ocrx_word' id='word_1_739' title='bbox 3318 5103 3438 5156; x_wconf 76' lang='grc' dir='ltr'><strong>ἐστι</strong></span> <span class='ocrx_word' id='word_1_740' title='bbox 3473 5105 3533 5157; x_wconf 80' lang='grc' dir='ltr'><strong>τὺ</strong></span> <span class='ocrx_word' id='word_1_741' title='bbox 3556 5101 3677 5157; x_wconf 79' lang='grc' dir='ltr'><strong>διά-</strong></span> 
     </span>
    </p>
   </div>
   <div class='ocr_carea' id='block_1_107' title="bbox 2098 5186 3675 5262">
    <p class='ocr_par' dir='ltr' id='par_1_107' title="bbox 2098 5186 3675 5262">
     <span class='ocr_line' id='line_1_107' title="bbox 2098 5186 3675 5262; baseline 0.006 -25"><span class='ocrx_word' id='word_1_742' title='bbox 2098 5201 2264 5255; x_wconf 82' lang='grc' dir='ltr'>φορον</span> <span class='ocrx_word' id='word_1_743' title='bbox 2303 5186 2470 5255; x_wconf 81' lang='grc' dir='ltr'>μέσον</span> <span class='ocrx_word' id='word_1_744' title='bbox 2502 5188 2822 5256; x_wconf 84' lang='grc' dir='ltr'>συγγενείας</span> <span class='ocrx_word' id='word_1_745' title='bbox 2850 5188 2906 5254; x_wconf 80' lang='grc' dir='ltr'>ἐξ</span> <span class='ocrx_word' id='word_1_746' title='bbox 2933 5188 3184 5259; x_wconf 81' lang='grc' dir='ltr'>αἵματος,</span> <span class='ocrx_word' id='word_1_747' title='bbox 3220 5192 3312 5244; x_wconf 69' lang='grc' dir='ltr'>καὶ</span> <span class='ocrx_word' id='word_1_748' title='bbox 3343 5193 3675 5262; x_wconf 80' lang='grc' dir='ltr'>συγγενικῆς</span> 
     </span>
    </p>
   </div>
   <div class='ocr_carea' id='block_1_108' title="bbox 2098 5275 3674 5353">
    <p class='ocr_par' dir='ltr' id='par_1_108' title="bbox 2098 5275 3674 5353">
     <span class='ocr_line' id='line_1_108' title="bbox 2098 5275 3674 5353; baseline 0.004 -25"><span class='ocrx_word' id='word_1_749' title='bbox 2098 5275 2289 5339; x_wconf 79' lang='grc' dir='ltr'>ἁπλῶς</span> <span class='ocrx_word' id='word_1_750' title='bbox 2323 5277 2689 5342; x_wconf 78' lang='grc' dir='ltr'>οίκειώσεωςο</span> <span class='ocrx_word' id='word_1_751' title='bbox 2739 5279 2832 5331; x_wconf 75' lang='grc' dir='ltr'><strong>καὶ</strong></span> <span class='ocrx_word' id='word_1_752' title='bbox 2895 5278 3054 5348; x_wconf 84' lang='grc' dir='ltr'>λόγος</span> <span class='ocrx_word' id='word_1_753' title='bbox 3098 5282 3274 5350; x_wconf 83' lang='grc' dir='ltr'>μέγας</span> <span class='ocrx_word' id='word_1_754' title='bbox 3335 5286 3502 5353; x_wconf 83' lang='grc' dir='ltr'><strong>μέσον</strong></span> <span class='ocrx_word' id='word_1_755' title='bbox 3549 5283 3674 5337; x_wconf 82' lang='grc' dir='ltr'><strong>τού-</strong></span> 
     </span>
    </p>
   </div>
   <div class='ocr_carea' id='block_1_109' title="bbox 2094 5354 3671 5441">
    <p class='ocr_par' dir='ltr' id='par_1_109' title="bbox 2094 5354 3671 5441">
     <span class='ocr_line' id='line_1_109' title="bbox 2094 5354 3671 5441; baseline 0.006 -23"><span class='ocrx_word' id='word_1_756' title='bbox 2094 5354 2202 5419; x_wconf 80' lang='grc' dir='ltr'><strong>των</strong></span> <span class='ocrx_word' id='word_1_757' title='bbox 2258 5368 2612 5437; x_wconf 76' lang='grc' dir='ltr'>ἐστήρικται,</span> <span class='ocrx_word' id='word_1_758' title='bbox 2680 5369 2807 5433; x_wconf 77' lang='grc' dir='ltr'><strong>τοὺς</strong></span> <span class='ocrx_word' id='word_1_759' title='bbox 2866 5369 2965 5441; x_wconf 86' lang='grc' dir='ltr'><strong>μὲν</strong></span> <span class='ocrx_word' id='word_1_760' title='bbox 3027 5371 3348 5434; x_wconf 79' lang='grc' dir='ltr'>συνάπτων,</span> <span class='ocrx_word' id='word_1_761' title='bbox 3416 5376 3544 5437; x_wconf 71' lang='grc' dir='ltr'>τοὺς</span> <span class='ocrx_word' id='word_1_762' title='bbox 3608 5374 3671 5427; x_wconf 66' lang='grc' dir='ltr'><strong>δὲ</strong></span> 
     </span>
    </p>
   </div>
   <div class='ocr_carea' id='block_1_110' title="bbox 2092 5455 3669 5533">
    <p class='ocr_par' dir='ltr' id='par_1_110' title="bbox 2092 5455 3669 5533">
     <span class='ocr_line' id='line_1_110' title="bbox 2092 5455 3669 5533; baseline 0.004 -25"><span class='ocrx_word' id='word_1_763' title='bbox 2092 5455 2339 5527; x_wconf 85' lang='grc' dir='ltr'>διαιρῶν.</span> <span class='ocrx_word' id='word_1_764' title='bbox 2374 5456 2438 5509; x_wconf 87' lang='grc' dir='ltr'>οι</span> <span class='ocrx_word' id='word_1_765' title='bbox 2488 5455 2708 5520; x_wconf 83' lang='grc' dir='ltr'>πλείους</span> <span class='ocrx_word' id='word_1_766' title='bbox 2753 5457 2810 5511; x_wconf 75' lang='grc' dir='ltr'><strong>δὲ</strong></span> <span class='ocrx_word' id='word_1_767' title='bbox 2862 5456 3070 5512; x_wconf 85' lang='grc' dir='ltr'>τούτων</span> <span class='ocrx_word' id='word_1_768' title='bbox 3126 5460 3220 5512; x_wconf 71' lang='grc' dir='ltr'>καὶ</span> <span class='ocrx_word' id='word_1_769' title='bbox 3271 5463 3669 5533; x_wconf 79' lang='grc' dir='ltr'>ἐπιχειρήμασι</span> 
     </span>
    </p>
   </div>
   <div class='ocr_carea' id='block_1_111' title="bbox 2093 5540 3668 5621">
    <p class='ocr_par' dir='ltr' id='par_1_111' title="bbox 2093 5540 3668 5621">
     <span class='ocr_line' id='line_1_111' title="bbox 2093 5540 3668 5621; baseline 0.008 -23"><span class='ocrx_word' id='word_1_770' title='bbox 2093 5543 2525 5615; x_wconf 79' lang='grc' dir='ltr'>συλλογιστικοῖς</span> <span class='ocrx_word' id='word_1_771' title='bbox 2557 5586 2573 5614; x_wconf 92' lang='grc'><strong>,</strong></span> <span class='ocrx_word' id='word_1_772' title='bbox 2631 5547 2723 5603; x_wconf 80' lang='grc' dir='ltr'><strong>καὶ</strong></span> <span class='ocrx_word' id='word_1_773' title='bbox 2759 5548 2845 5605; x_wconf 76' lang='grc' dir='ltr'><strong>διὰ</strong></span> <span class='ocrx_word' id='word_1_774' title='bbox 2884 5540 2983 5621; x_wconf 73' lang='grc' dir='ltr'><strong>τῆς</strong></span> <span class='ocrx_word' id='word_1_775' title='bbox 3030 5552 3110 5617; x_wconf 85' lang='grc' dir='ltr'><strong>είς</strong></span> <span class='ocrx_word' id='word_1_776' title='bbox 3147 5550 3208 5606; x_wconf 79' lang='grc' dir='ltr'><strong>τὸ</strong></span> <span class='ocrx_word' id='word_1_777' title='bbox 3251 5552 3511 5611; x_wconf 83' lang='grc' dir='ltr'>ἀδύνατον</span> <span class='ocrx_word' id='word_1_778' title='bbox 3558 5554 3668 5610; x_wconf 70' lang='grc' dir='ltr'>ἀπ·</span> 
     </span>
    </p>
   </div>
   <div class='ocr_carea' id='block_1_112' title="bbox 1929 5707 2158 5765">
    <p class='ocr_par' dir='ltr' id='par_1_112' title="bbox 1929 5707 2158 5765">
     <span class='ocr_line' id='line_1_112' title="bbox 1929 5707 2158 5765; baseline 0.004 -1"><span class='ocrx_word' id='word_1_779' title='bbox 1929 5707 2158 5765; x_wconf 62' lang='lat' dir='ltr'><strong>NOTAE.</strong></span> 
     </span>
    </p>
   </div>
   <div class='ocr_carea' id='block_1_113' title="bbox 466 5804 1657 5882">
    <p class='ocr_par' dir='ltr' id='par_1_113' title="bbox 466 5804 1657 5882">
     <span class='ocr_line' id='line_1_113' title="bbox 466 5804 1657 5882; baseline -0.007 -17"><span class='ocrx_word' id='word_1_780' title='bbox 466 5806 590 5882; x_wconf 83' lang='lat'><strong>(65)</strong></span> <span class='ocrx_word' id='word_1_781' title='bbox 618 5806 776 5876; x_wconf 79' lang='lat' dir='ltr'><strong>Quod</strong></span> <span class='ocrx_word' id='word_1_782' title='bbox 804 5806 1208 5881; x_wconf 78' lang='lat' dir='ltr'><strong>paragraphum</strong></span> <span class='ocrx_word' id='word_1_783' title='bbox 1239 5806 1413 5862; x_wconf 89' lang='lat' dir='ltr'><strong>nostri</strong></span> <span class='ocrx_word' id='word_1_784' title='bbox 1440 5804 1657 5860; x_wconf 78' lang='lat' dir='ltr'><strong>dicunt.</strong></span> 
     </span>
    </p>
   </div>
  </div>
