  <div class='ocr_page' id='page_1' title='image "/cluster/home/n/w/nwhite01/storage/ocr_20150623/119/hvd.32044019208156/608.png"; bbox 0 0 3882 6632; ppageno 0'>
   <div class='ocr_carea' id='block_1_1' title="bbox 228 440 339 507">
    <p class='ocr_par' dir='ltr' id='par_1_1' title="bbox 228 440 339 507">
     <span class='ocr_line' id='line_1_1' title="bbox 228 440 339 507; baseline -0.045 0"><span class='ocrx_word' id='word_1_1' title='bbox 228 440 339 507; x_wconf 69' lang='grc' dir='ltr'><strong>ίῖθί</strong></span> 
     </span>
    </p>
   </div>
   <div class='ocr_carea' id='block_1_2' title="bbox 225 628 1767 711">
    <p class='ocr_par' dir='ltr' id='par_1_2' title="bbox 225 628 1767 711">
     <span class='ocr_line' id='line_1_2' title="bbox 225 628 1767 711; baseline -0.005 -19"><span class='ocrx_word' id='word_1_2' title='bbox 225 654 360 711; x_wconf 81' lang='grc' dir='ltr'>γουσι</span> <span class='ocrx_word' id='word_1_3' title='bbox 383 633 506 705; x_wconf 83' lang='grc' dir='ltr'>γὰρ,</span> <span class='ocrx_word' id='word_1_4' title='bbox 534 631 609 696; x_wconf 83' lang='grc' dir='ltr'>ὡς</span> <span class='ocrx_word' id='word_1_5' title='bbox 653 633 703 685; x_wconf 82' lang='grc' dir='ltr'>εἰ</span> <span class='ocrx_word' id='word_1_6' title='bbox 749 629 931 700; x_wconf 81' lang='grc' dir='ltr'><strong>δοθείη</strong></span> <span class='ocrx_word' id='word_1_7' title='bbox 981 631 1239 699; x_wconf 77' lang='grc' dir='ltr'>γενέσθαι</span> <span class='ocrx_word' id='word_1_8' title='bbox 1270 628 1369 701; x_wconf 77' lang='grc' dir='ltr'><strong>τὴν</strong></span> <span class='ocrx_word' id='word_1_9' title='bbox 1414 631 1638 701; x_wconf 80' lang='grc' dir='ltr'><strong>Μαρίαν</strong></span> <span class='ocrx_word' id='word_1_10' title='bbox 1670 632 1767 684; x_wconf 55' lang='grc' dir='ltr'><strong>καλ⁹</strong></span> 
     </span>
    </p>
   </div>
   <div class='ocr_carea' id='block_1_3' title="bbox 225 721 1766 795">
    <p class='ocr_par' dir='ltr' id='par_1_3' title="bbox 225 721 1766 795">
     <span class='ocr_line' id='line_1_3' title="bbox 225 721 1766 795; baseline -0.006 -11"><span class='ocrx_word' id='word_1_11' title='bbox 225 732 304 784; x_wconf 69' lang='grc' dir='ltr'><strong>τὸν</strong></span> <span class='ocrx_word' id='word_1_12' title='bbox 344 725 662 795; x_wconf 78' lang='grc' dir='ltr'><strong>Δημήτριον</strong></span> <span class='ocrx_word' id='word_1_13' title='bbox 688 721 809 785; x_wconf 78' lang='grc' dir='ltr'>ἑνὸς</span> <span class='ocrx_word' id='word_1_14' title='bbox 851 721 1062 793; x_wconf 81' lang='grc' dir='ltr'>βαθμοῦ</span> <span class='ocrx_word' id='word_1_15' title='bbox 1105 721 1244 793; x_wconf 77' lang='grc' dir='ltr'>μετά</span> <span class='ocrx_word' id='word_1_16' title='bbox 1299 722 1397 792; x_wconf 82' lang='grc' dir='ltr'>τὴν</span> <span class='ocrx_word' id='word_1_17' title='bbox 1445 722 1766 791; x_wconf 80' lang='grc' dir='ltr'>συνάφειαν,</span> 
     </span>
    </p>
   </div>
   <div class='ocr_carea' id='block_1_4' title="bbox 223 811 1770 885">
    <p class='ocr_par' dir='ltr' id='par_1_4' title="bbox 223 811 1770 885">
     <span class='ocr_line' id='line_1_4' title="bbox 223 811 1770 885; baseline -0.005 -11"><span class='ocrx_word' id='word_1_18' title='bbox 223 816 375 874; x_wconf 82' lang='grc' dir='ltr'>πολλά</span> <span class='ocrx_word' id='word_1_19' title='bbox 402 812 765 883; x_wconf 71' lang='grc' dir='ltr'><strong>συμπέσωσιν</strong></span> <span class='ocrx_word' id='word_1_20' title='bbox 793 812 969 868; x_wconf 79' lang='grc' dir='ltr'>ἄτοπα</span> <span class='ocrx_word' id='word_1_21' title='bbox 988 829 1002 842; x_wconf 90' lang='grc'><strong>·</strong></span> <span class='ocrx_word' id='word_1_22' title='bbox 1024 811 1154 880; x_wconf 79' lang='grc' dir='ltr'>οἷον,</span> <span class='ocrx_word' id='word_1_23' title='bbox 1179 816 1501 885; x_wconf 82' lang='grc' dir='ltr'>Δημήτριος</span> <span class='ocrx_word' id='word_1_24' title='bbox 1523 813 1770 884; x_wconf 85' lang='grc' dir='ltr'>γαμέτης</span> 
     </span>
    </p>
   </div>
   <div class='ocr_carea' id='block_1_5' title="bbox 224 903 1772 982">
    <p class='ocr_par' dir='ltr' id='par_1_5' title="bbox 224 903 1772 982">
     <span class='ocr_line' id='line_1_5' title="bbox 224 903 1772 982; baseline -0.005 -20"><span class='ocrx_word' id='word_1_25' title='bbox 224 912 309 982; x_wconf 76' lang='grc' dir='ltr'>τῆς</span> <span class='ocrx_word' id='word_1_26' title='bbox 349 904 555 975; x_wconf 81' lang='grc' dir='ltr'><strong>Μαρίας</strong></span> <span class='ocrx_word' id='word_1_27' title='bbox 604 904 960 974; x_wconf 82' lang='grc' dir='ltr'>καλούμενος,</span> <span class='ocrx_word' id='word_1_28' title='bbox 1010 905 1104 958; x_wconf 75' lang='grc' dir='ltr'>καὶ</span> <span class='ocrx_word' id='word_1_29' title='bbox 1145 903 1392 976; x_wconf 78' lang='grc' dir='ltr'>γαμϐρὸς</span> <span class='ocrx_word' id='word_1_30' title='bbox 1428 903 1523 956; x_wconf 84' lang='grc' dir='ltr'><strong>τοῦ</strong></span> <span class='ocrx_word' id='word_1_31' title='bbox 1567 904 1772 973; x_wconf 82' lang='grc' dir='ltr'><strong>ταύτης</strong></span> 
     </span>
    </p>
   </div>
   <div class='ocr_carea' id='block_1_6' title="bbox 225 996 1773 1070">
    <p class='ocr_par' dir='ltr' id='par_1_6' title="bbox 225 996 1773 1070">
     <span class='ocr_line' id='line_1_6' title="bbox 225 996 1773 1070; baseline -0.002 -17"><span class='ocrx_word' id='word_1_32' title='bbox 225 998 429 1070; x_wconf 82' lang='grc' dir='ltr'>πατρὸς,</span> <span class='ocrx_word' id='word_1_33' title='bbox 460 996 647 1048; x_wconf 87' lang='grc' dir='ltr'>τούτου</span> <span class='ocrx_word' id='word_1_34' title='bbox 685 996 785 1067; x_wconf 77' lang='grc' dir='ltr'>μὲν</span> <span class='ocrx_word' id='word_1_35' title='bbox 821 999 971 1060; x_wconf 84' lang='grc' dir='ltr'>παῖς,</span> <span class='ocrx_word' id='word_1_36' title='bbox 1002 997 1220 1068; x_wconf 74' lang='grc' dir='ltr'>ἐκείνης</span> <span class='ocrx_word' id='word_1_37' title='bbox 1259 997 1315 1051; x_wconf 80' lang='grc' dir='ltr'>δὲ</span> <span class='ocrx_word' id='word_1_38' title='bbox 1368 997 1595 1066; x_wconf 76' lang='grc' dir='ltr'>ἀδελφὸς</span> <span class='ocrx_word' id='word_1_39' title='bbox 1644 1014 1773 1067; x_wconf 86' lang='grc' dir='ltr'>μετ-</span> 
     </span>
    </p>
   </div>
   <div class='ocr_carea' id='block_1_7' title="bbox 231 1086 1774 1161">
    <p class='ocr_par' dir='ltr' id='par_1_7' title="bbox 231 1086 1774 1161">
     <span class='ocr_line' id='line_1_7' title="bbox 231 1086 1774 1161; baseline -0.001 -16"><span class='ocrx_word' id='word_1_40' title='bbox 231 1087 670 1160; x_wconf 80' lang='grc' dir='ltr'>ονομασθήσεται,</span> <span class='ocrx_word' id='word_1_41' title='bbox 699 1086 795 1140; x_wconf 79' lang='grc' dir='ltr'>τοῦ</span> <span class='ocrx_word' id='word_1_42' title='bbox 824 1087 1033 1159; x_wconf 80' lang='grc' dir='ltr'><strong>βαθμοῦ</strong></span> <span class='ocrx_word' id='word_1_43' title='bbox 1065 1093 1130 1160; x_wconf 81' lang='grc' dir='ltr'>τῇ</span> <span class='ocrx_word' id='word_1_44' title='bbox 1152 1090 1446 1161; x_wconf 82' lang='grc' dir='ltr'>ταυτότητι</span> <span class='ocrx_word' id='word_1_45' title='bbox 1467 1108 1482 1121; x_wconf 89' lang='grc'><strong>·</strong></span> <span class='ocrx_word' id='word_1_46' title='bbox 1513 1091 1608 1143; x_wconf 73' lang='grc' dir='ltr'>καὶ</span> <span class='ocrx_word' id='word_1_47' title='bbox 1630 1090 1774 1144; x_wconf 72' lang='grc' dir='ltr'>οὕτω</span> 
     </span>
    </p>
   </div>
   <div class='ocr_carea' id='block_1_8' title="bbox 227 1178 1771 1255">
    <p class='ocr_par' dir='ltr' id='par_1_8' title="bbox 227 1178 1771 1255">
     <span class='ocr_line' id='line_1_8' title="bbox 227 1178 1771 1255; baseline 0.001 -19"><span class='ocrx_word' id='word_1_48' title='bbox 227 1180 535 1236; x_wconf 74' lang='grc' dir='ltr'><strong>διασπᾶσθαι</strong></span> <span class='ocrx_word' id='word_1_49' title='bbox 566 1178 628 1231; x_wconf 75' lang='grc' dir='ltr'><strong>τὸ</strong></span> <span class='ocrx_word' id='word_1_50' title='bbox 663 1179 1018 1245; x_wconf 86' lang='grc' dir='ltr'>συνοικέσιον,</span> <span class='ocrx_word' id='word_1_51' title='bbox 1058 1183 1137 1245; x_wconf 82' lang='grc' dir='ltr'><strong>είς</strong></span> <span class='ocrx_word' id='word_1_52' title='bbox 1189 1183 1579 1252; x_wconf 78' lang='grc' dir='ltr'>άδελφομιξίαν</span> <span class='ocrx_word' id='word_1_53' title='bbox 1613 1200 1771 1255; x_wconf 84' lang='grc' dir='ltr'>περι-</span> 
     </span>
    </p>
   </div>
   <div class='ocr_carea' id='block_1_9' title="bbox 227 1271 1776 1343">
    <p class='ocr_par' dir='ltr' id='par_1_9' title="bbox 227 1271 1776 1343">
     <span class='ocr_line' id='line_1_9' title="bbox 227 1271 1776 1343; baseline 0 -15"><span class='ocrx_word' id='word_1_54' title='bbox 227 1273 511 1343; x_wconf 84' lang='grc' dir='ltr'>ιστάμενον.</span> <span class='ocrx_word' id='word_1_55' title='bbox 544 1271 908 1341; x_wconf 81' lang='grc' dir='ltr'>Προστιθὲασι</span> <span class='ocrx_word' id='word_1_56' title='bbox 929 1272 985 1327; x_wconf 80' lang='grc' dir='ltr'>δὲ</span> <span class='ocrx_word' id='word_1_57' title='bbox 1012 1275 1157 1328; x_wconf 75' lang='grc' dir='ltr'>κατὰ</span> <span class='ocrx_word' id='word_1_58' title='bbox 1186 1274 1345 1328; x_wconf 82' lang='grc' dir='ltr'>τοῦτο</span> <span class='ocrx_word' id='word_1_59' title='bbox 1367 1276 1426 1329; x_wconf 86' lang='grc' dir='ltr'>τὸ</span> <span class='ocrx_word' id='word_1_60' title='bbox 1453 1274 1654 1329; x_wconf 84' lang='grc' dir='ltr'>ἄτοπον</span> <span class='ocrx_word' id='word_1_61' title='bbox 1679 1275 1776 1330; x_wconf 73' lang='grc' dir='ltr'><strong>καὶ</strong></span> 
     </span>
    </p>
   </div>
   <div class='ocr_carea' id='block_1_10' title="bbox 224 1366 1775 1440">
    <p class='ocr_par' dir='ltr' id='par_1_10' title="bbox 224 1366 1775 1440">
     <span class='ocr_line' id='line_1_10' title="bbox 224 1366 1775 1440; baseline 0.001 -17"><span class='ocrx_word' id='word_1_62' title='bbox 224 1369 312 1430; x_wconf 82' lang='grc' dir='ltr'>τὰς</span> <span class='ocrx_word' id='word_1_63' title='bbox 363 1366 420 1432; x_wconf 75' lang='grc' dir='ltr'><strong>ἐξ</strong></span> <span class='ocrx_word' id='word_1_64' title='bbox 461 1366 743 1421; x_wconf 83' lang='grc' dir='ltr'>άδιαθέτου</span> <span class='ocrx_word' id='word_1_65' title='bbox 793 1366 1067 1437; x_wconf 74' lang='grc' dir='ltr'>διαδοχάς,</span> <span class='ocrx_word' id='word_1_66' title='bbox 1113 1368 1360 1440; x_wconf 82' lang='grc' dir='ltr'>ἀλλήλων</span> <span class='ocrx_word' id='word_1_67' title='bbox 1411 1387 1492 1436; x_wconf 86' lang='grc' dir='ltr'><strong>τε,</strong></span> <span class='ocrx_word' id='word_1_68' title='bbox 1538 1369 1634 1424; x_wconf 85' lang='grc' dir='ltr'>καὶ</span> <span class='ocrx_word' id='word_1_69' title='bbox 1666 1370 1775 1425; x_wconf 86' lang='grc' dir='ltr'><strong>τῶν</strong></span> 
     </span>
    </p>
   </div>
   <div class='ocr_carea' id='block_1_11' title="bbox 222 1458 1778 1532">
    <p class='ocr_par' dir='ltr' id='par_1_11' title="bbox 222 1458 1778 1532">
     <span class='ocr_line' id='line_1_11' title="bbox 222 1458 1778 1532; baseline 0.001 -18"><span class='ocrx_word' id='word_1_70' title='bbox 222 1460 410 1531; x_wconf 83' lang='grc' dir='ltr'><strong>γονέων</strong></span> <span class='ocrx_word' id='word_1_71' title='bbox 445 1458 671 1521; x_wconf 86' lang='grc' dir='ltr'>τούτων,</span> <span class='ocrx_word' id='word_1_72' title='bbox 713 1459 801 1512; x_wconf 64' lang='grc' dir='ltr'><strong>ναὶ⁷</strong></span> <span class='ocrx_word' id='word_1_73' title='bbox 836 1459 1023 1528; x_wconf 79' lang='grc' dir='ltr'>μέντοι</span> <span class='ocrx_word' id='word_1_74' title='bbox 1073 1461 1168 1515; x_wconf 77' lang='grc' dir='ltr'>καὶ</span> <span class='ocrx_word' id='word_1_75' title='bbox 1206 1462 1545 1532; x_wconf 83' lang='grc' dir='ltr'>προσγενῶν,</span> <span class='ocrx_word' id='word_1_76' title='bbox 1578 1461 1778 1526; x_wconf 79' lang='grc' dir='ltr'>αὐτοὺς</span> 
     </span>
    </p>
   </div>
   <div class='ocr_carea' id='block_1_12' title="bbox 226 1549 1779 1623">
    <p class='ocr_par' dir='ltr' id='par_1_12' title="bbox 226 1549 1779 1623">
     <span class='ocr_line' id='line_1_12' title="bbox 226 1549 1779 1623; baseline 0.001 -18"><span class='ocrx_word' id='word_1_77' title='bbox 226 1549 656 1622; x_wconf 84' lang='grc' dir='ltr'><strong>σφετερίσασθαι.</strong></span> <span class='ocrx_word' id='word_1_78' title='bbox 703 1550 982 1615; x_wconf 79' lang='grc' dir='ltr'><strong>Ὡσαύτως</strong></span> <span class='ocrx_word' id='word_1_79' title='bbox 1006 1552 1103 1606; x_wconf 67' lang='grc' dir='ltr'>καὶ</span> <span class='ocrx_word' id='word_1_80' title='bbox 1139 1552 1200 1606; x_wconf 82' lang='grc' dir='ltr'><strong>τὺ</strong></span> <span class='ocrx_word' id='word_1_81' title='bbox 1245 1553 1320 1623; x_wconf 79' lang='grc' dir='ltr'>μὴ</span> <span class='ocrx_word' id='word_1_82' title='bbox 1357 1552 1618 1610; x_wconf 82' lang='grc' dir='ltr'>δύνασθαι</span> <span class='ocrx_word' id='word_1_83' title='bbox 1651 1554 1779 1617; x_wconf 81' lang='grc' dir='ltr'>τοὺς</span> 
     </span>
    </p>
   </div>
   <div class='ocr_carea' id='block_1_13' title="bbox 222 1640 1781 1713">
    <p class='ocr_par' dir='ltr' id='par_1_13' title="bbox 222 1640 1781 1713">
     <span class='ocr_line' id='line_1_13' title="bbox 222 1640 1781 1713; baseline 0.003 -19"><span class='ocrx_word' id='word_1_84' title='bbox 222 1641 559 1711; x_wconf 65' lang='grc' dir='ltr'>ἑτερομερεῖς</span> <span class='ocrx_word' id='word_1_85' title='bbox 588 1640 867 1711; x_wconf 84' lang='grc' dir='ltr'>άγχιστεῖς</span> <span class='ocrx_word' id='word_1_86' title='bbox 890 1642 1144 1713; x_wconf 82' lang='grc' dir='ltr'>ἀλλήλοις</span> <span class='ocrx_word' id='word_1_87' title='bbox 1171 1645 1561 1710; x_wconf 80' lang='grc' dir='ltr'><strong>συνάπτεσθαι,</strong></span> <span class='ocrx_word' id='word_1_88' title='bbox 1595 1643 1781 1710; x_wconf 85' lang='grc' dir='ltr'>καθὼς</span> 
     </span>
    </p>
   </div>
   <div class='ocr_carea' id='block_1_14' title="bbox 222 1728 1782 1804">
    <p class='ocr_par' dir='ltr' id='par_1_14' title="bbox 222 1728 1782 1804">
     <span class='ocr_line' id='line_1_14' title="bbox 222 1728 1782 1804; baseline 0.006 -23"><span class='ocrx_word' id='word_1_89' title='bbox 222 1728 311 1796; x_wconf 83' lang='grc' dir='ltr'>τῆς</span> <span class='ocrx_word' id='word_1_90' title='bbox 346 1728 662 1796; x_wconf 71' lang='grc' dir='ltr'><strong>ἀγχιστείας</strong></span> <span class='ocrx_word' id='word_1_91' title='bbox 690 1728 760 1783; x_wconf 83' lang='grc' dir='ltr'>τά</span> <span class='ocrx_word' id='word_1_92' title='bbox 797 1730 1007 1801; x_wconf 82' lang='grc' dir='ltr'>νόμιμα</span> <span class='ocrx_word' id='word_1_93' title='bbox 1054 1731 1414 1804; x_wconf 79' lang='grc' dir='ltr'>διορίζονταιο</span> <span class='ocrx_word' id='word_1_94' title='bbox 1465 1734 1602 1791; x_wconf 77' lang='grc' dir='ltr'>ἀλλὰ</span> <span class='ocrx_word' id='word_1_95' title='bbox 1640 1736 1782 1791; x_wconf 82' lang='grc' dir='ltr'>κατὰ</span> 
     </span>
    </p>
   </div>
   <div class='ocr_carea' id='block_1_15' title="bbox 221 1818 1435 1909">
    <p class='ocr_par' dir='ltr' id='par_1_15' title="bbox 221 1818 1435 1909">
     <span class='ocr_line' id='line_1_15' title="bbox 221 1818 1435 1909; baseline 0.008 -38"><span class='ocrx_word' id='word_1_96' title='bbox 221 1818 336 1884; x_wconf 80' lang='grc' dir='ltr'>τοὺς</span> <span class='ocrx_word' id='word_1_97' title='bbox 365 1818 577 1909; x_wconf 78' lang='grc' dir='ltr'>γάμους</span> <span class='ocrx_word' id='word_1_98' title='bbox 602 1820 711 1875; x_wconf 84' lang='grc' dir='ltr'><strong>τῶν</strong></span> <span class='ocrx_word' id='word_1_99' title='bbox 745 1821 805 1888; x_wconf 77' lang='grc' dir='ltr'>ἐξ</span> <span class='ocrx_word' id='word_1_100' title='bbox 832 1821 1063 1895; x_wconf 79' lang='grc' dir='ltr'>αἵματος</span> <span class='ocrx_word' id='word_1_101' title='bbox 1092 1826 1435 1897; x_wconf 81' lang='grc' dir='ltr'>προσγενῶν.</span> 
     </span>
    </p>
   </div>
   <div class='ocr_carea' id='block_1_16' title="bbox 1455 428 2880 514">
    <p class='ocr_par' dir='ltr' id='par_1_16' title="bbox 1455 428 2880 514">
     <span class='ocr_line' id='line_1_16' title="bbox 1455 428 2880 514; baseline 0.001 -21"><span class='ocrx_word' id='word_1_102' title='bbox 1455 428 2143 493; x_wconf 67' lang='grc' dir='ltr'><strong>ϐΒΕΟΟ-ΗΟΜΑΝΗΜ</strong></span> <span class='ocrx_word' id='word_1_103' title='bbox 2154 480 2168 495; x_wconf 93' lang='grc'><strong>.</strong></span> <span class='ocrx_word' id='word_1_104' title='bbox 2860 495 2880 514; x_wconf 42' lang='grc' dir='ltr'><strong>τ</strong></span> 
     </span>
    </p>
   </div>
   <div class='ocr_carea' id='block_1_17' title="bbox 226 537 1791 618">
    <p class='ocr_par' dir='ltr' id='par_1_17' title="bbox 226 537 1763 618">
     <span class='ocr_line' id='line_1_17' title="bbox 226 537 1763 618; baseline -0.003 -23"><span class='ocrx_word' id='word_1_105' title='bbox 226 543 423 618; x_wconf 75' lang='grc' dir='ltr'>αγωγῆς</span> <span class='ocrx_word' id='word_1_106' title='bbox 446 537 570 603; x_wconf 72' lang='grc' dir='ltr'>τοὺς</span> <span class='ocrx_word' id='word_1_107' title='bbox 595 537 835 603; x_wconf 73' lang='grc' dir='ltr'>οἰκείους</span> <span class='ocrx_word' id='word_1_108' title='bbox 861 537 1023 609; x_wconf 76' lang='grc' dir='ltr'>δῆθεν</span> <span class='ocrx_word' id='word_1_109' title='bbox 1055 537 1252 608; x_wconf 83' lang='grc' dir='ltr'>λόγους</span> <span class='ocrx_word' id='word_1_110' title='bbox 1282 538 1627 610; x_wconf 78' lang='grc' dir='ltr'>στηρίζουσι.</span> <span class='ocrx_word' id='word_1_111' title='bbox 1660 537 1763 592; x_wconf 77' lang='grc' dir='ltr'><strong>Δέ-</strong></span> 
     </span>
    </p>
   </div>
   <div class='ocr_carea' id='block_1_18' title="bbox 1899 537 3446 618">
    <p class='ocr_par' dir='ltr' id='par_1_18' title="bbox 1899 538 3446 613">
     <span class='ocr_line' id='line_1_18' title="bbox 1899 538 3446 613; baseline 0 -20"><span class='ocrx_word' id='word_1_112' title='bbox 1899 538 2116 612; x_wconf 72' lang='grc' dir='ltr'>ιιειιίηιιε</span> <span class='ocrx_word' id='word_1_113' title='bbox 2164 538 2361 596; x_wconf 86' lang='lat' dir='ltr'><strong>horum</strong></span> <span class='ocrx_word' id='word_1_114' title='bbox 2410 538 2767 612; x_wconf 80' lang='lat' dir='ltr'><strong>syllogistieis</strong></span> <span class='ocrx_word' id='word_1_115' title='bbox 2819 541 3156 613; x_wconf 75' lang='lat' dir='ltr'><strong>argumentis</strong></span> <span class='ocrx_word' id='word_1_116' title='bbox 3184 583 3198 609; x_wconf 87' lang='lat'><strong>,</strong></span> <span class='ocrx_word' id='word_1_117' title='bbox 3243 548 3297 596; x_wconf 88' lang='lat' dir='ltr'><strong>et</strong></span> <span class='ocrx_word' id='word_1_118' title='bbox 3350 555 3446 610; x_wconf 89' lang='lat' dir='ltr'><strong>per</strong></span> 
     </span>
    </p>
   </div>
   <div class='ocr_carea' id='block_1_19' title="bbox 3217 385 3442 493">
    <p class='ocr_par' dir='ltr' id='par_1_19' title="bbox 3217 385 3442 493">
     <span class='ocr_line' id='line_1_19' title="bbox 3217 385 3442 493; baseline -0.009 0"><span class='ocrx_word' id='word_1_119' title='bbox 3217 459 3220 462; x_wconf 83' lang='lat'><strong><em>~</em></strong></span> <span class='ocrx_word' id='word_1_120' title='bbox 3264 385 3275 393; x_wconf 61' lang='grc'><strong>’</strong></span> <span class='ocrx_word' id='word_1_121' title='bbox 3306 428 3442 493; x_wconf 74' lang='lat' dir='ltr'><strong>12oz</strong></span> 
     </span>
    </p>
   </div>
   <div class='ocr_carea' id='block_1_20' title="bbox 1872 627 3443 704">
    <p class='ocr_par' dir='ltr' id='par_1_20' title="bbox 1872 627 3443 704">
     <span class='ocr_line' id='line_1_20' title="bbox 1872 627 3443 704; baseline 0 -17"><span class='ocrx_word' id='word_1_122' title='bbox 1872 627 2260 688; x_wconf 81' lang='lat' dir='ltr'><strong>abductionem</strong></span> <span class='ocrx_word' id='word_1_123' title='bbox 2286 634 2352 688; x_wconf 89' lang='lat' dir='ltr'><strong>ad</strong></span> <span class='ocrx_word' id='word_1_124' title='bbox 2380 633 2740 704; x_wconf 73' lang='lat' dir='ltr'><strong>impossibile,</strong></span> <span class='ocrx_word' id='word_1_125' title='bbox 2767 633 3007 687; x_wconf 90' lang='lat' dir='ltr'><strong>rationes</strong></span> <span class='ocrx_word' id='word_1_126' title='bbox 3037 648 3164 699; x_wconf 85' lang='lat' dir='ltr'><strong>suas</strong></span> <span class='ocrx_word' id='word_1_127' title='bbox 3191 630 3443 687; x_wconf 83' lang='lat' dir='ltr'><strong>fulciunt.</strong></span> 
     </span>
    </p>
   </div>
   <div class='ocr_carea' id='block_1_21' title="bbox 1870 724 3443 786">
    <p class='ocr_par' dir='ltr' id='par_1_21' title="bbox 1870 724 3443 786">
     <span class='ocr_line' id='line_1_21' title="bbox 1870 724 3443 786; baseline 0 -8"><span class='ocrx_word' id='word_1_128' title='bbox 1870 725 2039 780; x_wconf 86' lang='lat' dir='ltr'><strong>Aiunt</strong></span> <span class='ocrx_word' id='word_1_129' title='bbox 2062 725 2208 780; x_wconf 86' lang='lat' dir='ltr'><strong>enim</strong></span> <span class='ocrx_word' id='word_1_130' title='bbox 2239 726 2284 781; x_wconf 92' lang='lat' dir='ltr'><strong>si</strong></span> <span class='ocrx_word' id='word_1_131' title='bbox 2312 741 2636 783; x_wconf 83' lang='lat' dir='ltr'><strong>concessum</strong></span> <span class='ocrx_word' id='word_1_132' title='bbox 2665 726 2755 786; x_wconf 80' lang='lat' dir='ltr'><strong>sit.</strong></span> <span class='ocrx_word' id='word_1_133' title='bbox 2777 725 3005 780; x_wconf 79' lang='lat' dir='ltr'><strong>Mariam</strong></span> <span class='ocrx_word' id='word_1_134' title='bbox 3032 734 3085 778; x_wconf 88' lang='lat' dir='ltr'><strong>et</strong></span> <span class='ocrx_word' id='word_1_135' title='bbox 3114 724 3443 780; x_wconf 77' lang='lat' dir='ltr'><strong>Demetrium</strong></span> 
     </span>
    </p>
   </div>
   <div class='ocr_carea' id='block_1_22' title="bbox 1872 814 3447 887">
    <p class='ocr_par' dir='ltr' id='par_1_22' title="bbox 1872 814 3447 887">
     <span class='ocr_line' id='line_1_22' title="bbox 1872 814 3447 887; baseline -0.003 -15"><span class='ocrx_word' id='word_1_136' title='bbox 1872 827 1995 886; x_wconf 90' lang='lat' dir='ltr'><strong>post</strong></span> <span class='ocrx_word' id='word_1_137' title='bbox 2047 818 2458 887; x_wconf 85' lang='lat' dir='ltr'><strong>copulatiouem</strong></span> <span class='ocrx_word' id='word_1_138' title='bbox 2525 819 2692 873; x_wconf 91' lang='lat' dir='ltr'><strong>unius</strong></span> <span class='ocrx_word' id='word_1_139' title='bbox 2739 817 2857 872; x_wconf 84' lang='lat' dir='ltr'><strong>ﬁeri</strong></span> <span class='ocrx_word' id='word_1_140' title='bbox 2913 815 3154 886; x_wconf 78' lang='lat' dir='ltr'><strong>gradus,</strong></span> <span class='ocrx_word' id='word_1_141' title='bbox 3211 814 3447 870; x_wconf 87' lang='lat' dir='ltr'><strong>absurda</strong></span> 
     </span>
    </p>
   </div>
   <div class='ocr_carea' id='block_1_23' title="bbox 1874 904 3445 978">
    <p class='ocr_par' dir='ltr' id='par_1_23' title="bbox 1874 904 3445 978">
     <span class='ocr_line' id='line_1_23' title="bbox 1874 904 3445 978; baseline -0.003 -17"><span class='ocrx_word' id='word_1_142' title='bbox 1874 908 2048 962; x_wconf 87' lang='lat' dir='ltr'><strong>multa</strong></span> <span class='ocrx_word' id='word_1_143' title='bbox 2093 924 2435 963; x_wconf 89' lang='lat' dir='ltr'><strong>concursura</strong></span> <span class='ocrx_word' id='word_1_144' title='bbox 2464 927 2478 963; x_wconf 91' lang='lat'><strong>:</strong></span> <span class='ocrx_word' id='word_1_145' title='bbox 2504 910 2657 965; x_wconf 83' lang='lat' dir='ltr'><strong>verbi</strong></span> <span class='ocrx_word' id='word_1_146' title='bbox 2695 910 2890 977; x_wconf 80' lang='lat' dir='ltr'><strong>gratia,</strong></span> <span class='ocrx_word' id='word_1_147' title='bbox 2930 907 3075 978; x_wconf 83' lang='lat' dir='ltr'><strong>quod</strong></span> <span class='ocrx_word' id='word_1_148' title='bbox 3118 904 3445 970; x_wconf 86' lang='lat' dir='ltr'><strong>Demetrius,</strong></span> 
     </span>
    </p>
   </div>
   <div class='ocr_carea' id='block_1_24' title="bbox 1877 996 3451 1070">
    <p class='ocr_par' dir='ltr' id='par_1_24' title="bbox 1877 996 3451 1070">
     <span class='ocr_line' id='line_1_24' title="bbox 1877 996 3451 1070; baseline -0.002 -18"><span class='ocrx_word' id='word_1_149' title='bbox 1877 999 1973 1070; x_wconf 88' lang='lat' dir='ltr'><strong>qui</strong></span> <span class='ocrx_word' id='word_1_150' title='bbox 2010 999 2193 1054; x_wconf 67' lang='lat' dir='ltr'><strong>Marim</strong></span> <span class='ocrx_word' id='word_1_151' title='bbox 2230 1002 2476 1057; x_wconf 64' lang='lat' dir='ltr'><strong>maritus</strong></span> <span class='ocrx_word' id='word_1_152' title='bbox 2505 1016 2628 1056; x_wconf 86' lang='lat' dir='ltr'><strong>esse</strong></span> <span class='ocrx_word' id='word_1_153' title='bbox 2668 1000 3010 1070; x_wconf 73' lang='lat' dir='ltr'><strong>perhibetur,</strong></span> <span class='ocrx_word' id='word_1_154' title='bbox 3042 1005 3095 1054; x_wconf 90' lang='lat' dir='ltr'><strong>et</strong></span> <span class='ocrx_word' id='word_1_155' title='bbox 3124 997 3296 1067; x_wconf 90' lang='lat' dir='ltr'><strong>patris</strong></span> <span class='ocrx_word' id='word_1_156' title='bbox 3331 996 3451 1066; x_wconf 89' lang='lat' dir='ltr'><strong>ejus</strong></span> 
     </span>
    </p>
   </div>
   <div class='ocr_carea' id='block_1_25' title="bbox 1875 1087 3448 1163">
    <p class='ocr_par' dir='ltr' id='par_1_25' title="bbox 1875 1087 3448 1163">
     <span class='ocr_line' id='line_1_25' title="bbox 1875 1087 3448 1163; baseline -0.004 -16"><span class='ocrx_word' id='word_1_157' title='bbox 1875 1106 2078 1163; x_wconf 75' lang='lat' dir='ltr'><strong>gener,</strong></span> <span class='ocrx_word' id='word_1_158' title='bbox 2128 1092 2375 1161; x_wconf 84' lang='lat' dir='ltr'><strong>ejusdem</strong></span> <span class='ocrx_word' id='word_1_159' title='bbox 2434 1108 2653 1163; x_wconf 90' lang='lat' dir='ltr'><strong>quoque</strong></span> <span class='ocrx_word' id='word_1_160' title='bbox 2711 1093 2876 1155; x_wconf 81' lang='lat' dir='ltr'><strong>ﬁlius,</strong></span> <span class='ocrx_word' id='word_1_161' title='bbox 2923 1099 2976 1148; x_wconf 92' lang='lat' dir='ltr'><strong>et</strong></span> <span class='ocrx_word' id='word_1_162' title='bbox 3029 1090 3197 1146; x_wconf 90' lang='lat' dir='ltr'><strong>frater</strong></span> <span class='ocrx_word' id='word_1_163' title='bbox 3244 1087 3448 1149; x_wconf 65' lang='lat' dir='ltr'><strong>Mariae,</strong></span> 
     </span>
    </p>
   </div>
   <div class='ocr_carea' id='block_1_26' title="bbox 1879 1183 3452 1255">
    <p class='ocr_par' dir='ltr' id='par_1_26' title="bbox 1879 1183 3452 1255">
     <span class='ocr_line' id='line_1_26' title="bbox 1879 1183 3452 1255; baseline 0.001 -20"><span class='ocrx_word' id='word_1_164' title='bbox 1879 1191 2101 1252; x_wconf 85' lang='lat' dir='ltr'><strong>propter</strong></span> <span class='ocrx_word' id='word_1_165' title='bbox 2138 1184 2478 1239; x_wconf 86' lang='lat' dir='ltr'><strong>identitatem</strong></span> <span class='ocrx_word' id='word_1_166' title='bbox 2507 1186 2733 1255; x_wconf 80' lang='lat' dir='ltr'><strong>gradus,</strong></span> <span class='ocrx_word' id='word_1_167' title='bbox 2764 1186 2837 1239; x_wconf 91' lang='lat' dir='ltr'><strong>sit</strong></span> <span class='ocrx_word' id='word_1_168' title='bbox 2864 1183 3242 1254; x_wconf 87' lang='lat' dir='ltr'><strong>appellandus.</strong></span> <span class='ocrx_word' id='word_1_169' title='bbox 3276 1184 3452 1251; x_wconf 84' lang='lat' dir='ltr'><strong>Atque</strong></span> 
     </span>
    </p>
   </div>
   <div class='ocr_carea' id='block_1_27' title="bbox 1877 1263 3452 1343">
    <p class='ocr_par' dir='ltr' id='par_1_27' title="bbox 1877 1263 3452 1343">
     <span class='ocr_line' id='line_1_27' title="bbox 1877 1263 3452 1343; baseline -0.001 -17"><span class='ocrx_word' id='word_1_170' title='bbox 1877 1271 1983 1328; x_wconf 80' lang='lat' dir='ltr'><strong>hoc</strong></span> <span class='ocrx_word' id='word_1_171' title='bbox 2031 1274 2190 1328; x_wconf 89' lang='lat' dir='ltr'><strong>modo</strong></span> <span class='ocrx_word' id='word_1_172' title='bbox 2229 1263 3065 1341; x_wconf 82' lang='lat' dir='ltr'><strong>dirimendummatrimonium,</strong></span> <span class='ocrx_word' id='word_1_173' title='bbox 3107 1274 3276 1329; x_wconf 86' lang='lat' dir='ltr'><strong>veluti</strong></span> <span class='ocrx_word' id='word_1_174' title='bbox 3308 1272 3452 1343; x_wconf 85' lang='lat' dir='ltr'><strong>quod</strong></span> 
     </span>
    </p>
   </div>
   <div class='ocr_carea' id='block_1_28' title="bbox 1880 1366 3455 1425">
    <p class='ocr_par' dir='ltr' id='par_1_28' title="bbox 1880 1366 3455 1425">
     <span class='ocr_line' id='line_1_28' title="bbox 1880 1366 3455 1425; baseline -0.001 -6"><span class='ocrx_word' id='word_1_175' title='bbox 1880 1366 1949 1420; x_wconf 87' lang='lat' dir='ltr'><strong>ad</strong></span> <span class='ocrx_word' id='word_1_176' title='bbox 1984 1366 2340 1422; x_wconf 79' lang='lat' dir='ltr'><strong>concubitum</strong></span> <span class='ocrx_word' id='word_1_177' title='bbox 2382 1368 2572 1425; x_wconf 81' lang='lat' dir='ltr'><strong>fratris</strong></span> <span class='ocrx_word' id='word_1_178' title='bbox 2613 1384 2736 1423; x_wconf 92' lang='lat' dir='ltr'><strong>cum</strong></span> <span class='ocrx_word' id='word_1_179' title='bbox 2773 1383 2962 1424; x_wconf 90' lang='lat' dir='ltr'><strong>sorore</strong></span> <span class='ocrx_word' id='word_1_180' title='bbox 2993 1367 3200 1422; x_wconf 84' lang='lat' dir='ltr'><strong>tendat.</strong></span> <span class='ocrx_word' id='word_1_181' title='bbox 3235 1367 3455 1421; x_wconf 79' lang='lat' dir='ltr'><strong>Addunt</strong></span> 
     </span>
    </p>
   </div>
   <div class='ocr_carea' id='block_1_29' title="bbox 1881 1456 3454 1521">
    <p class='ocr_par' dir='ltr' id='par_1_29' title="bbox 1881 1456 3454 1521">
     <span class='ocr_line' id='line_1_29' title="bbox 1881 1456 3454 1521; baseline -0.002 -10"><span class='ocrx_word' id='word_1_182' title='bbox 1881 1456 2011 1512; x_wconf 84' lang='lat' dir='ltr'><strong>huic</strong></span> <span class='ocrx_word' id='word_1_183' title='bbox 2043 1458 2286 1513; x_wconf 86' lang='lat' dir='ltr'><strong>absurdo</strong></span> <span class='ocrx_word' id='word_1_184' title='bbox 2318 1474 2414 1515; x_wconf 93' lang='lat' dir='ltr'><strong>eos</strong></span> <span class='ocrx_word' id='word_1_185' title='bbox 2443 1461 2605 1514; x_wconf 90' lang='lat' dir='ltr'><strong>etiam</strong></span> <span class='ocrx_word' id='word_1_186' title='bbox 2658 1459 3036 1515; x_wconf 89' lang='lat' dir='ltr'><strong>successiones</strong></span> <span class='ocrx_word' id='word_1_187' title='bbox 3067 1459 3135 1513; x_wconf 87' lang='lat' dir='ltr'><strong>ab</strong></span> <span class='ocrx_word' id='word_1_188' title='bbox 3174 1457 3454 1521; x_wconf 80' lang='lat' dir='ltr'><strong>intestato,</strong></span> 
     </span>
    </p>
   </div>
   <div class='ocr_carea' id='block_1_30' title="bbox 1880 1549 3453 1621">
    <p class='ocr_par' dir='ltr' id='par_1_30' title="bbox 1880 1549 3453 1621">
     <span class='ocr_line' id='line_1_30' title="bbox 1880 1549 3453 1621; baseline -0.001 -19"><span class='ocrx_word' id='word_1_189' title='bbox 1880 1555 1991 1603; x_wconf 88' lang='lat' dir='ltr'><strong>tam</strong></span> <span class='ocrx_word' id='word_1_190' title='bbox 2021 1550 2267 1620; x_wconf 90' lang='lat' dir='ltr'><strong>ipsorum</strong></span> <span class='ocrx_word' id='word_1_191' title='bbox 2302 1551 2442 1605; x_wconf 87' lang='lat' dir='ltr'><strong>inter</strong></span> <span class='ocrx_word' id='word_1_192' title='bbox 2473 1567 2551 1617; x_wconf 90' lang='lat' dir='ltr'><strong>se,</strong></span> <span class='ocrx_word' id='word_1_193' title='bbox 2593 1566 2754 1619; x_wconf 89' lang='lat' dir='ltr'><strong>quam</strong></span> <span class='ocrx_word' id='word_1_194' title='bbox 2799 1558 3110 1621; x_wconf 88' lang='lat' dir='ltr'><strong>parentum,</strong></span> <span class='ocrx_word' id='word_1_195' title='bbox 3150 1549 3261 1603; x_wconf 88' lang='lat' dir='ltr'><strong>imo</strong></span> <span class='ocrx_word' id='word_1_196' title='bbox 3291 1551 3453 1602; x_wconf 86' lang='lat' dir='ltr'><strong>etiam</strong></span> 
     </span>
    </p>
   </div>
   <div class='ocr_carea' id='block_1_31' title="bbox 1883 1641 3457 1714">
    <p class='ocr_par' dir='ltr' id='par_1_31' title="bbox 1883 1641 3457 1714">
     <span class='ocr_line' id='line_1_31' title="bbox 1883 1641 3457 1714; baseline -0.004 -18"><span class='ocrx_word' id='word_1_197' title='bbox 1883 1644 2343 1714; x_wconf 86' lang='lat' dir='ltr'><strong>prepinquorum,</strong></span> <span class='ocrx_word' id='word_1_198' title='bbox 2376 1643 2480 1699; x_wconf 86' lang='lat' dir='ltr'><strong>sibi</strong></span> <span class='ocrx_word' id='word_1_199' title='bbox 2514 1644 2814 1697; x_wconf 85' lang='lat' dir='ltr'><strong>vindicare.</strong></span> <span class='ocrx_word' id='word_1_200' title='bbox 2847 1641 3222 1696; x_wconf 84' lang='lat' dir='ltr'><strong>Consimiliter</strong></span> <span class='ocrx_word' id='word_1_201' title='bbox 3247 1655 3315 1694; x_wconf 70' lang='lat' dir='ltr'><strong>ex</strong></span> <span class='ocrx_word' id='word_1_202' title='bbox 3350 1653 3457 1692; x_wconf 87' lang='lat' dir='ltr'><strong>una</strong></span> 
     </span>
    </p>
   </div>
   <div class='ocr_carea' id='block_1_32' title="bbox 1885 1732 3459 1805">
    <p class='ocr_par' dir='ltr' id='par_1_32' title="bbox 1885 1732 3459 1805">
     <span class='ocr_line' id='line_1_32' title="bbox 1885 1732 3459 1805; baseline -0.004 -17"><span class='ocrx_word' id='word_1_203' title='bbox 1885 1742 2043 1805; x_wconf 87' lang='lat' dir='ltr'><strong>parte</strong></span> <span class='ocrx_word' id='word_1_204' title='bbox 2072 1735 2339 1787; x_wconf 86' lang='lat' dir='ltr'><strong>duntaxat</strong></span> <span class='ocrx_word' id='word_1_205' title='bbox 2373 1733 2563 1788; x_wconf 79' lang='lat' dir='ltr'><strong>amnes</strong></span> <span class='ocrx_word' id='word_1_206' title='bbox 2595 1734 2739 1787; x_wconf 84' lang='lat' dir='ltr'><strong>inter</strong></span> <span class='ocrx_word' id='word_1_207' title='bbox 2779 1748 2840 1789; x_wconf 87' lang='lat' dir='ltr'><strong>se</strong></span> <span class='ocrx_word' id='word_1_208' title='bbox 2862 1732 3102 1802; x_wconf 81' lang='lat' dir='ltr'><strong>copulari</strong></span> <span class='ocrx_word' id='word_1_209' title='bbox 3133 1746 3243 1785; x_wconf 89' lang='lat' dir='ltr'><strong>non</strong></span> <span class='ocrx_word' id='word_1_210' title='bbox 3276 1743 3459 1800; x_wconf 88' lang='lat' dir='ltr'><strong>posse,</strong></span> 
     </span>
    </p>
   </div>
   <div class='ocr_carea' id='block_1_33' title="bbox 1888 1818 3461 1894">
    <p class='ocr_par' dir='ltr' id='par_1_33' title="bbox 1888 1818 3461 1894">
     <span class='ocr_line' id='line_1_33' title="bbox 1888 1818 3461 1894; baseline -0.003 -18"><span class='ocrx_word' id='word_1_211' title='bbox 1888 1825 2347 1894; x_wconf 82' lang='lat' dir='ltr'><strong>quemadmodum</strong></span> <span class='ocrx_word' id='word_1_212' title='bbox 2385 1824 2669 1879; x_wconf 74' lang='lat' dir='ltr'><strong>affinitatis</strong></span> <span class='ocrx_word' id='word_1_213' title='bbox 2696 1824 2822 1893; x_wconf 92' lang='lat' dir='ltr'><strong>jura</strong></span> <span class='ocrx_word' id='word_1_214' title='bbox 2852 1831 3101 1879; x_wconf 87' lang='lat' dir='ltr'><strong>statuunt</strong></span> <span class='ocrx_word' id='word_1_215' title='bbox 3136 1839 3152 1878; x_wconf 89' lang='lat'>:</span> <span class='ocrx_word' id='word_1_216' title='bbox 3187 1819 3283 1875; x_wconf 82' lang='lat' dir='ltr'><strong>sed</strong></span> <span class='ocrx_word' id='word_1_217' title='bbox 3320 1818 3461 1874; x_wconf 88' lang='lat' dir='ltr'><strong>idem</strong></span> 
     </span>
    </p>
   </div>
   <div class='ocr_carea' id='block_1_34' title="bbox 1814 1891 3466 1987">
    <p class='ocr_par' dir='ltr' id='par_1_34' title="bbox 1814 1891 3466 1987">
     <span class='ocr_line' id='line_1_34' title="bbox 1814 1891 3466 1987; baseline -0.004 -14"><span class='ocrx_word' id='word_1_218' title='bbox 1814 1891 1859 1947; x_wconf 71' lang='grc' dir='ltr'>Β</span> <span class='ocrx_word' id='word_1_219' title='bbox 1888 1919 1945 1973; x_wconf 88' lang='lat' dir='ltr'><strong>in</strong></span> <span class='ocrx_word' id='word_1_220' title='bbox 1992 1918 2076 1973; x_wconf 86' lang='lat' dir='ltr'><strong>his</strong></span> <span class='ocrx_word' id='word_1_221' title='bbox 2125 1917 2456 1983; x_wconf 84' lang='lat' dir='ltr'><strong>faciendum,</strong></span> <span class='ocrx_word' id='word_1_222' title='bbox 2490 1916 2638 1987; x_wconf 81' lang='lat' dir='ltr'><strong>quod</strong></span> <span class='ocrx_word' id='word_1_223' title='bbox 2672 1891 2729 1971; x_wconf 82' lang='lat' dir='ltr'><strong>in</strong></span> <span class='ocrx_word' id='word_1_224' title='bbox 2778 1915 2989 1987; x_wconf 86' lang='lat' dir='ltr'><strong>nuptiis</strong></span> <span class='ocrx_word' id='word_1_225' title='bbox 3036 1912 3305 1985; x_wconf 80' lang='lat' dir='ltr'><strong>sanguine</strong></span> <span class='ocrx_word' id='word_1_226' title='bbox 3337 1925 3466 1981; x_wconf 85' lang='lat' dir='ltr'><strong>pro-</strong></span> 
     </span>
    </p>
   </div>
   <div class='ocr_carea' id='block_1_35' title="bbox 287 2092 1787 2179">
    <p class='ocr_par' dir='ltr' id='par_1_35' title="bbox 287 2092 1787 2179">
     <span class='ocr_line' id='line_1_35' title="bbox 287 2092 1787 2179; baseline 0.011 -33"><span class='ocrx_word' id='word_1_227' title='bbox 287 2093 393 2147; x_wconf 74' lang='grc' dir='ltr'><strong>Καὶ</strong></span> <span class='ocrx_word' id='word_1_228' title='bbox 416 2092 530 2164; x_wconf 76' lang='grc' dir='ltr'>μὴν</span> <span class='ocrx_word' id='word_1_229' title='bbox 558 2093 617 2147; x_wconf 77' lang='grc' dir='ltr'>ὲν</span> <span class='ocrx_word' id='word_1_230' title='bbox 644 2097 710 2168; x_wconf 80' lang='grc' dir='ltr'>τῇ</span> <span class='ocrx_word' id='word_1_231' title='bbox 751 2095 1037 2172; x_wconf 80' lang='grc' dir='ltr'><strong>Ῥωμαϊκῇ</strong></span> <span class='ocrx_word' id='word_1_232' title='bbox 1067 2101 1345 2176; x_wconf 80' lang='grc' dir='ltr'><strong>συνηθείᾳ,</strong></span> <span class='ocrx_word' id='word_1_233' title='bbox 1365 2103 1459 2159; x_wconf 74' lang='grc' dir='ltr'>καὶ</span> <span class='ocrx_word' id='word_1_234' title='bbox 1479 2107 1547 2177; x_wconf 72' lang='grc' dir='ltr'>τῇ</span> <span class='ocrx_word' id='word_1_235' title='bbox 1578 2105 1787 2179; x_wconf 80' lang='grc' dir='ltr'>ἐκκλη-</span> 
     </span>
    </p>
   </div>
   <div class='ocr_carea' id='block_1_36' title="bbox 220 2186 1788 2269">
    <p class='ocr_par' dir='ltr' id='par_1_36' title="bbox 220 2186 1788 2269">
     <span class='ocr_line' id='line_1_36' title="bbox 220 2186 1788 2269; baseline 0.012 -35"><span class='ocrx_word' id='word_1_236' title='bbox 220 2186 462 2254; x_wconf 83' lang='grc' dir='ltr'>σιαστικῇ</span> <span class='ocrx_word' id='word_1_237' title='bbox 506 2187 859 2253; x_wconf 81' lang='grc' dir='ltr'><strong>καταστάσει,</strong></span> <span class='ocrx_word' id='word_1_238' title='bbox 917 2191 1073 2259; x_wconf 82' lang='grc' dir='ltr'>φασὶ,</span> <span class='ocrx_word' id='word_1_239' title='bbox 1117 2192 1180 2246; x_wconf 81' lang='grc' dir='ltr'>τὸ</span> <span class='ocrx_word' id='word_1_240' title='bbox 1237 2195 1488 2250; x_wconf 74' lang='grc' dir='ltr'>ἐναντίον</span> <span class='ocrx_word' id='word_1_241' title='bbox 1543 2198 1788 2269; x_wconf 82' lang='grc' dir='ltr'><strong>σήμερον</strong></span> 
     </span>
    </p>
   </div>
   <div class='ocr_carea' id='block_1_37' title="bbox 220 2274 1790 2357">
    <p class='ocr_par' dir='ltr' id='par_1_37' title="bbox 220 2274 1790 2357">
     <span class='ocr_line' id='line_1_37' title="bbox 220 2274 1790 2357; baseline 0.012 -31"><span class='ocrx_word' id='word_1_242' title='bbox 220 2274 585 2330; x_wconf 81' lang='grc' dir='ltr'>πολιτεύεται.</span> <span class='ocrx_word' id='word_1_243' title='bbox 620 2276 774 2343; x_wconf 86' lang='grc' dir='ltr'>Θεῖος</span> <span class='ocrx_word' id='word_1_244' title='bbox 810 2280 920 2352; x_wconf 83' lang='grc' dir='ltr'><strong>γάρ</strong></span> <span class='ocrx_word' id='word_1_245' title='bbox 952 2285 1045 2335; x_wconf 76' lang='grc' dir='ltr'>καὶ</span> <span class='ocrx_word' id='word_1_246' title='bbox 1071 2283 1292 2355; x_wconf 80' lang='grc' dir='ltr'>ἀνεψιὸς</span> <span class='ocrx_word' id='word_1_247' title='bbox 1323 2287 1462 2357; x_wconf 83' lang='grc' dir='ltr'>μετὰ</span> <span class='ocrx_word' id='word_1_248' title='bbox 1508 2288 1662 2353; x_wconf 82' lang='grc' dir='ltr'>θείας</span> <span class='ocrx_word' id='word_1_249' title='bbox 1694 2291 1790 2345; x_wconf 76' lang='grc' dir='ltr'><strong>καὶ</strong></span> 
     </span>
    </p>
   </div>
   <div class='ocr_carea' id='block_1_38' title="bbox 219 2366 1792 2452">
    <p class='ocr_par' dir='ltr' id='par_1_38' title="bbox 219 2366 1792 2452">
     <span class='ocr_line' id='line_1_38' title="bbox 219 2366 1792 2452; baseline 0.01 -31"><span class='ocrx_word' id='word_1_250' title='bbox 219 2366 440 2437; x_wconf 73' lang='grc' dir='ltr'>ἀνεψιᾶς</span> <span class='ocrx_word' id='word_1_251' title='bbox 469 2369 772 2436; x_wconf 80' lang='grc' dir='ltr'><strong>ἀκωλύτως</strong></span> <span class='ocrx_word' id='word_1_252' title='bbox 796 2373 1180 2442; x_wconf 84' lang='grc' dir='ltr'>συνάπτονται,</span> <span class='ocrx_word' id='word_1_253' title='bbox 1206 2377 1363 2432; x_wconf 77' lang='grc' dir='ltr'>ἕκτον</span> <span class='ocrx_word' id='word_1_254' title='bbox 1393 2380 1452 2445; x_wconf 76' lang='grc' dir='ltr'>ἐξ</span> <span class='ocrx_word' id='word_1_255' title='bbox 1472 2382 1792 2452; x_wconf 78' lang='grc' dir='ltr'><strong>ἀγχιστείας</strong></span> 
     </span>
    </p>
   </div>
   <div class='ocr_carea' id='block_1_39' title="bbox 220 2461 1795 2544">
    <p class='ocr_par' dir='ltr' id='par_1_39' title="bbox 220 2461 1795 2544">
     <span class='ocr_line' id='line_1_39' title="bbox 220 2461 1795 2544; baseline 0.011 -31"><span class='ocrx_word' id='word_1_256' title='bbox 220 2461 312 2514; x_wconf 80' lang='grc' dir='ltr'>καὶ</span> <span class='ocrx_word' id='word_1_257' title='bbox 340 2461 518 2517; x_wconf 81' lang='grc' dir='ltr'>ταῦτα</span> <span class='ocrx_word' id='word_1_258' title='bbox 545 2463 799 2535; x_wconf 84' lang='grc' dir='ltr'>λαχόντες</span> <span class='ocrx_word' id='word_1_259' title='bbox 829 2467 1058 2538; x_wconf 79' lang='grc' dir='ltr'>βαθμὸν,</span> <span class='ocrx_word' id='word_1_260' title='bbox 1087 2470 1163 2533; x_wconf 84' lang='grc' dir='ltr'><strong>ὡς</strong></span> <span class='ocrx_word' id='word_1_261' title='bbox 1180 2470 1280 2524; x_wconf 79' lang='grc' dir='ltr'><strong>τοῦ</strong></span> <span class='ocrx_word' id='word_1_262' title='bbox 1303 2471 1476 2542; x_wconf 86' lang='grc' dir='ltr'>τόμου</span> <span class='ocrx_word' id='word_1_263' title='bbox 1505 2475 1602 2527; x_wconf 73' lang='grc' dir='ltr'><strong>τοῦ</strong></span> <span class='ocrx_word' id='word_1_264' title='bbox 1630 2476 1795 2544; x_wconf 87' lang='grc' dir='ltr'>ἁγιω-</span> 
     </span>
    </p>
   </div>
   <div class='ocr_carea' id='block_1_40' title="bbox 216 2551 1789 2637">
    <p class='ocr_par' dir='ltr' id='par_1_40' title="bbox 216 2551 1789 2637">
     <span class='ocr_line' id='line_1_40' title="bbox 216 2551 1789 2637; baseline 0.01 -31"><span class='ocrx_word' id='word_1_265' title='bbox 216 2551 374 2607; x_wconf 80' lang='grc' dir='ltr'>τάτου</span> <span class='ocrx_word' id='word_1_266' title='bbox 398 2556 744 2626; x_wconf 80' lang='grc' dir='ltr'>πατριάρχου</span> <span class='ocrx_word' id='word_1_267' title='bbox 771 2559 1006 2612; x_wconf 88' lang='grc' dir='ltr'>Σισινίου</span> <span class='ocrx_word' id='word_1_268' title='bbox 1028 2561 1154 2625; x_wconf 76' lang='grc' dir='ltr'>τοὺς</span> <span class='ocrx_word' id='word_1_269' title='bbox 1182 2562 1431 2634; x_wconf 76' lang='grc' dir='ltr'>πρώτους</span> <span class='ocrx_word' id='word_1_270' title='bbox 1455 2566 1789 2637; x_wconf 83' lang='grc' dir='ltr'>ὲξαδέλφους</span> 
     </span>
    </p>
   </div>
   <div class='ocr_carea' id='block_1_41' title="bbox 219 2641 1794 2721">
    <p class='ocr_par' dir='ltr' id='par_1_41' title="bbox 219 2641 1794 2721">
     <span class='ocr_line' id='line_1_41' title="bbox 219 2641 1794 2721; baseline 0.013 -28"><span class='ocrx_word' id='word_1_271' title='bbox 219 2641 566 2708; x_wconf 77' lang='grc' dir='ltr'>κωλύσαντος</span> <span class='ocrx_word' id='word_1_272' title='bbox 612 2647 763 2700; x_wconf 77' lang='grc' dir='ltr'>δυσὶν</span> <span class='ocrx_word' id='word_1_273' title='bbox 829 2649 1189 2721; x_wconf 74' lang='grc' dir='ltr'>αύταδὲλφαις</span> <span class='ocrx_word' id='word_1_274' title='bbox 1249 2656 1636 2711; x_wconf 83' lang='grc' dir='ltr'>συνάπτεσθαι.</span> <span class='ocrx_word' id='word_1_275' title='bbox 1702 2661 1794 2713; x_wconf 87' lang='grc' dir='ltr'><strong>Δι-</strong></span> 
     </span>
    </p>
   </div>
   <div class='ocr_carea' id='block_1_42' title="bbox 218 2733 1795 2821">
    <p class='ocr_par' dir='ltr' id='par_1_42' title="bbox 218 2733 1795 2821">
     <span class='ocr_line' id='line_1_42' title="bbox 218 2733 1795 2821; baseline 0.011 -33"><span class='ocrx_word' id='word_1_276' title='bbox 218 2733 533 2790; x_wconf 79' lang='grc' dir='ltr'>ενίστανται</span> <span class='ocrx_word' id='word_1_277' title='bbox 566 2736 644 2798; x_wconf 85' lang='grc' dir='ltr'>δὲ,</span> <span class='ocrx_word' id='word_1_278' title='bbox 689 2740 823 2809; x_wconf 76' lang='grc' dir='ltr'>μηδὲ</span> <span class='ocrx_word' id='word_1_279' title='bbox 850 2744 1096 2813; x_wconf 83' lang='grc' dir='ltr'>ἀπρεπές</span> <span class='ocrx_word' id='word_1_280' title='bbox 1140 2762 1212 2808; x_wconf 89' lang='grc' dir='ltr'><strong>τι,</strong></span> <span class='ocrx_word' id='word_1_281' title='bbox 1243 2747 1337 2799; x_wconf 77' lang='grc' dir='ltr'>καὶ</span> <span class='ocrx_word' id='word_1_282' title='bbox 1370 2748 1477 2801; x_wconf 80' lang='grc' dir='ltr'>τῶν</span> <span class='ocrx_word' id='word_1_283' title='bbox 1509 2749 1795 2821; x_wconf 84' lang='grc' dir='ltr'>ὀνομάτων</span> 
     </span>
    </p>
   </div>
   <div class='ocr_carea' id='block_1_43' title="bbox 222 2828 1796 2902">
    <p class='ocr_par' dir='ltr' id='par_1_43' title="bbox 222 2828 1796 2902">
     <span class='ocr_line' id='line_1_43' title="bbox 222 2828 1796 2902; baseline 0.013 -25"><span class='ocrx_word' id='word_1_284' title='bbox 222 2828 553 2898; x_wconf 65' lang='grc' dir='ltr'>συγχυτικρν</span> <span class='ocrx_word' id='word_1_285' title='bbox 602 2830 994 2902; x_wconf 79' lang='grc' dir='ltr'>ὑποσύρεσθαι,</span> <span class='ocrx_word' id='word_1_286' title='bbox 1049 2837 1115 2889; x_wconf 87' lang='grc' dir='ltr'>ἐκ</span> <span class='ocrx_word' id='word_1_287' title='bbox 1162 2838 1257 2891; x_wconf 84' lang='grc' dir='ltr'>τοῦ</span> <span class='ocrx_word' id='word_1_288' title='bbox 1315 2840 1409 2892; x_wconf 85' lang='grc' dir='ltr'>τὸν</span> <span class='ocrx_word' id='word_1_289' title='bbox 1457 2841 1624 2896; x_wconf 75' lang='grc' dir='ltr'>αὐτὸν</span> <span class='ocrx_word' id='word_1_290' title='bbox 1673 2843 1796 2897; x_wconf 79' lang='grc' dir='ltr'>δυσὶ</span> 
     </span>
    </p>
   </div>
   <div class='ocr_carea' id='block_1_44' title="bbox 216 2915 1800 3006">
    <p class='ocr_par' dir='ltr' id='par_1_44' title="bbox 216 2915 1800 3006">
     <span class='ocr_line' id='line_1_44' title="bbox 216 2915 1800 3006; baseline 0.013 -37"><span class='ocrx_word' id='word_1_291' title='bbox 216 2915 629 2988; x_wconf 78' lang='grc' dir='ltr'>δισεξαδέλφαις</span> <span class='ocrx_word' id='word_1_292' title='bbox 682 2925 1079 2979; x_wconf 85' lang='grc' dir='ltr'>συνάπτεσθαι·</span> <span class='ocrx_word' id='word_1_293' title='bbox 1109 2928 1191 2984; x_wconf 85' lang='grc' dir='ltr'>ὅτι</span> <span class='ocrx_word' id='word_1_294' title='bbox 1223 2930 1345 2987; x_wconf 83' lang='grc' dir='ltr'>τότε</span> <span class='ocrx_word' id='word_1_295' title='bbox 1380 2931 1517 3001; x_wconf 71' lang='grc' dir='ltr'>φασὶ</span> <span class='ocrx_word' id='word_1_296' title='bbox 1542 2951 1800 3006; x_wconf 85' lang='grc' dir='ltr'>παρατη-</span> 
     </span>
    </p>
   </div>
   <div class='ocr_carea' id='block_1_45' title="bbox 220 3012 1800 3098">
    <p class='ocr_par' dir='ltr' id='par_1_45' title="bbox 220 3012 1800 3098">
     <span class='ocr_line' id='line_1_45' title="bbox 220 3012 1800 3098; baseline 0.013 -36"><span class='ocrx_word' id='word_1_297' title='bbox 220 3013 394 3081; x_wconf 82' lang='grc' dir='ltr'>ρεῖται</span> <span class='ocrx_word' id='word_1_298' title='bbox 436 3012 554 3068; x_wconf 84' lang='grc' dir='ltr'><strong>τῶν</strong></span> <span class='ocrx_word' id='word_1_299' title='bbox 599 3013 878 3087; x_wconf 84' lang='grc' dir='ltr'>ὀνομάτων</span> <span class='ocrx_word' id='word_1_300' title='bbox 928 3020 1205 3092; x_wconf 78' lang='grc' dir='ltr'>ἀκρίϐεια,</span> <span class='ocrx_word' id='word_1_301' title='bbox 1243 3024 1338 3078; x_wconf 61' lang='grc' dir='ltr'><strong>καὶ⁵</strong></span> <span class='ocrx_word' id='word_1_302' title='bbox 1369 3025 1431 3079; x_wconf 80' lang='grc' dir='ltr'>τὸ</span> <span class='ocrx_word' id='word_1_303' title='bbox 1486 3027 1800 3098; x_wconf 81' lang='grc' dir='ltr'>άσύγχυτον</span> 
     </span>
    </p>
   </div>
   <div class='ocr_carea' id='block_1_46' title="bbox 216 3102 1802 3190">
    <p class='ocr_par' dir='ltr' id='par_1_46' title="bbox 216 3102 1802 3190">
     <span class='ocr_line' id='line_1_46' title="bbox 216 3102 1802 3190; baseline 0.013 -35"><span class='ocrx_word' id='word_1_304' title='bbox 216 3102 421 3158; x_wconf 86' lang='grc' dir='ltr'>τούτων</span> <span class='ocrx_word' id='word_1_305' title='bbox 474 3105 833 3190; x_wconf 82' lang='grc' dir='ltr'>φυλάττεται,</span> <span class='ocrx_word' id='word_1_306' title='bbox 890 3112 980 3166; x_wconf 84' lang='grc' dir='ltr'>ὅτε</span> <span class='ocrx_word' id='word_1_307' title='bbox 1037 3113 1257 3187; x_wconf 82' lang='grc' dir='ltr'>δουλικὴ</span> <span class='ocrx_word' id='word_1_308' title='bbox 1306 3116 1446 3190; x_wconf 83' lang='grc' dir='ltr'><strong>τύχη</strong></span> <span class='ocrx_word' id='word_1_309' title='bbox 1520 3120 1802 3189; x_wconf 85' lang='grc' dir='ltr'>μεσιτεύει</span> 
     </span>
    </p>
   </div>
   <div class='ocr_carea' id='block_1_47' title="bbox 1888 2012 2249 2082">
    <p class='ocr_par' dir='ltr' id='par_1_47' title="bbox 1888 2012 2249 2082">
     <span class='ocr_line' id='line_1_47' title="bbox 1888 2012 2249 2082; baseline 0.006 -17"><span class='ocrx_word' id='word_1_310' title='bbox 1888 2012 2249 2082; x_wconf 80' lang='lat' dir='ltr'><strong>pinquorum.</strong></span> 
     </span>
    </p>
   </div>
   <div class='ocr_carea' id='block_1_48' title="bbox 1963 2098 3463 2174">
    <p class='ocr_par' dir='ltr' id='par_1_48' title="bbox 1963 2098 3463 2174">
     <span class='ocr_line' id='line_1_48' title="bbox 1963 2098 3463 2174; baseline -0.008 -15"><span class='ocrx_word' id='word_1_311' title='bbox 1963 2102 2125 2174; x_wconf 80' lang='lat' dir='ltr'><strong>Atqui</strong></span> <span class='ocrx_word' id='word_1_312' title='bbox 2162 2103 2373 2168; x_wconf 89' lang='lat' dir='ltr'><strong>dicunt,</strong></span> <span class='ocrx_word' id='word_1_313' title='bbox 2424 2103 2478 2156; x_wconf 90' lang='lat' dir='ltr'><strong>in</strong></span> <span class='ocrx_word' id='word_1_314' title='bbox 2510 2100 2911 2158; x_wconf 81' lang='lat' dir='ltr'><strong>consuetudine</strong></span> <span class='ocrx_word' id='word_1_315' title='bbox 2942 2098 3205 2166; x_wconf 78' lang='lat' dir='ltr'><strong>Romana,</strong></span> <span class='ocrx_word' id='word_1_316' title='bbox 3238 2103 3295 2151; x_wconf 84' lang='lat' dir='ltr'><strong>et</strong></span> <span class='ocrx_word' id='word_1_317' title='bbox 3320 2102 3463 2153; x_wconf 88' lang='lat' dir='ltr'><strong>statu</strong></span> 
     </span>
    </p>
   </div>
   <div class='ocr_carea' id='block_1_49' title="bbox 1891 2189 3467 2260">
    <p class='ocr_par' dir='ltr' id='par_1_49' title="bbox 1891 2189 3467 2260">
     <span class='ocr_line' id='line_1_49' title="bbox 1891 2189 3467 2260; baseline -0.01 -1"><span class='ocrx_word' id='word_1_318' title='bbox 1891 2197 2296 2260; x_wconf 83' lang='lat' dir='ltr'><strong>ecclesiastico,</strong></span> <span class='ocrx_word' id='word_1_319' title='bbox 2321 2195 2656 2251; x_wconf 85' lang='lat' dir='ltr'><strong>contrarium</strong></span> <span class='ocrx_word' id='word_1_320' title='bbox 2676 2193 2840 2248; x_wconf 89' lang='lat' dir='ltr'><strong>hodie</strong></span> <span class='ocrx_word' id='word_1_321' title='bbox 2856 2192 3202 2248; x_wconf 72' lang='lat' dir='ltr'><strong>observatur.</strong></span> <span class='ocrx_word' id='word_1_322' title='bbox 3230 2189 3467 2244; x_wconf 83' lang='lat' dir='ltr'><strong>Patruus</strong></span> 
     </span>
    </p>
   </div>
   <div class='ocr_carea' id='block_1_50' title="bbox 1891 2282 3466 2359">
    <p class='ocr_par' dir='ltr' id='par_1_50' title="bbox 1891 2282 3466 2359">
     <span class='ocr_line' id='line_1_50' title="bbox 1891 2282 3466 2359; baseline -0.011 -6"><span class='ocrx_word' id='word_1_323' title='bbox 1891 2295 2151 2359; x_wconf 79' lang='lat' dir='ltr'><strong>enim,et</strong></span> <span class='ocrx_word' id='word_1_324' title='bbox 2186 2292 2376 2347; x_wconf 81' lang='lat' dir='ltr'><strong>fratris</strong></span> <span class='ocrx_word' id='word_1_325' title='bbox 2412 2290 2582 2357; x_wconf 77' lang='lat' dir='ltr'><strong>illius,</strong></span> <span class='ocrx_word' id='word_1_326' title='bbox 2643 2306 2766 2344; x_wconf 90' lang='lat' dir='ltr'><strong>eum</strong></span> <span class='ocrx_word' id='word_1_327' title='bbox 2802 2289 2969 2344; x_wconf 89' lang='lat' dir='ltr'><strong>amita</strong></span> <span class='ocrx_word' id='word_1_328' title='bbox 3026 2295 3080 2343; x_wconf 90' lang='lat' dir='ltr'><strong>et</strong></span> <span class='ocrx_word' id='word_1_329' title='bbox 3139 2285 3327 2340; x_wconf 85' lang='lat' dir='ltr'><strong>fratris</strong></span> <span class='ocrx_word' id='word_1_330' title='bbox 3361 2282 3466 2337; x_wconf 76' lang='lat' dir='ltr'><strong>lilia</strong></span> 
     </span>
    </p>
   </div>
   <div class='ocr_carea' id='block_1_51' title="bbox 1893 2373 3469 2456">
    <p class='ocr_par' dir='ltr' id='par_1_51' title="bbox 1893 2373 3469 2456">
     <span class='ocr_line' id='line_1_51' title="bbox 1893 2373 3469 2456; baseline -0.011 -12"><span class='ocrx_word' id='word_1_331' title='bbox 1893 2389 2012 2445; x_wconf 87' lang='lat' dir='ltr'><strong>sine</strong></span> <span class='ocrx_word' id='word_1_332' title='bbox 2044 2386 2439 2456; x_wconf 87' lang='lat' dir='ltr'><strong>impedimento</strong></span> <span class='ocrx_word' id='word_1_333' title='bbox 2484 2383 2834 2452; x_wconf 90' lang='lat' dir='ltr'><strong>copulantur,</strong></span> <span class='ocrx_word' id='word_1_334' title='bbox 2888 2379 2981 2446; x_wconf 88' lang='lat' dir='ltr'><strong>qui</strong></span> <span class='ocrx_word' id='word_1_335' title='bbox 3029 2377 3257 2450; x_wconf 82' lang='lat' dir='ltr'><strong>gradum</strong></span> <span class='ocrx_word' id='word_1_336' title='bbox 3293 2391 3357 2431; x_wconf 77' lang='lat' dir='ltr'><strong>ex</strong></span> <span class='ocrx_word' id='word_1_337' title='bbox 3384 2373 3469 2428; x_wconf 78' lang='lat' dir='ltr'><strong>af-</strong></span> 
     </span>
    </p>
   </div>
   <div class='ocr_carea' id='block_1_52' title="bbox 1894 2468 3469 2538">
    <p class='ocr_par' dir='ltr' id='par_1_52' title="bbox 1894 2468 3469 2538">
     <span class='ocr_line' id='line_1_52' title="bbox 1894 2468 3469 2538; baseline -0.01 -1"><span class='ocrx_word' id='word_1_338' title='bbox 1894 2482 2105 2537; x_wconf 83' lang='lat' dir='ltr'><strong>ﬁnitate</strong></span> <span class='ocrx_word' id='word_1_339' title='bbox 2118 2485 2332 2533; x_wconf 77' lang='lat' dir='ltr'><strong>sextum</strong></span> <span class='ocrx_word' id='word_1_340' title='bbox 2345 2476 2594 2532; x_wconf 84' lang='lat' dir='ltr'><strong>obtinent</strong></span> <span class='ocrx_word' id='word_1_341' title='bbox 2615 2493 2630 2528; x_wconf 90' lang='lat'><strong>:</strong></span> <span class='ocrx_word' id='word_1_342' title='bbox 2650 2491 2772 2530; x_wconf 90' lang='lat' dir='ltr'><strong>cum</strong></span> <span class='ocrx_word' id='word_1_343' title='bbox 2791 2472 3123 2527; x_wconf 87' lang='lat' dir='ltr'><strong>sanctissimi</strong></span> <span class='ocrx_word' id='word_1_344' title='bbox 3147 2468 3469 2538; x_wconf 65' lang='lat' dir='ltr'><strong>patriarcha</strong></span> 
     </span>
    </p>
   </div>
   <div class='ocr_carea' id='block_1_53' title="bbox 1899 2557 3473 2627">
    <p class='ocr_par' dir='ltr' id='par_1_53' title="bbox 1899 2557 3473 2627">
     <span class='ocr_line' id='line_1_53' title="bbox 1899 2557 3473 2627; baseline -0.01 0"><span class='ocrx_word' id='word_1_345' title='bbox 1899 2570 2128 2627; x_wconf 87' lang='lat' dir='ltr'><strong>Sisinnii</strong></span> <span class='ocrx_word' id='word_1_346' title='bbox 2164 2577 2348 2623; x_wconf 86' lang='lat' dir='ltr'><strong>tomus</strong></span> <span class='ocrx_word' id='word_1_347' title='bbox 2390 2562 2755 2621; x_wconf 84' lang='lat' dir='ltr'><strong>consobrinos</strong></span> <span class='ocrx_word' id='word_1_348' title='bbox 2795 2561 3027 2616; x_wconf 82' lang='lat' dir='ltr'><strong>vetuerit</strong></span> <span class='ocrx_word' id='word_1_349' title='bbox 3075 2573 3199 2613; x_wconf 91' lang='lat' dir='ltr'><strong>cum</strong></span> <span class='ocrx_word' id='word_1_350' title='bbox 3258 2557 3473 2612; x_wconf 81' lang='lat' dir='ltr'><strong>duabus</strong></span> 
     </span>
    </p>
   </div>
   <div class='ocr_carea' id='block_1_54' title="bbox 1898 2655 3469 2737">
    <p class='ocr_par' dir='ltr' id='par_1_54' title="bbox 1898 2655 3469 2737">
     <span class='ocr_line' id='line_1_54' title="bbox 1898 2655 3469 2737; baseline -0.01 -16"><span class='ocrx_word' id='word_1_351' title='bbox 1898 2663 2181 2737; x_wconf 79' lang='lat' dir='ltr'><strong>germanis</strong></span> <span class='ocrx_word' id='word_1_352' title='bbox 2224 2660 2513 2718; x_wconf 89' lang='lat' dir='ltr'><strong>sororibus</strong></span> <span class='ocrx_word' id='word_1_353' title='bbox 2543 2659 2719 2729; x_wconf 77' lang='lat' dir='ltr'><strong>jungi.</strong></span> <span class='ocrx_word' id='word_1_354' title='bbox 2775 2655 2980 2727; x_wconf 79' lang='lat' dir='ltr'><strong>Urgent</strong></span> <span class='ocrx_word' id='word_1_355' title='bbox 3020 2663 3309 2723; x_wconf 67' lang='lat' dir='ltr'><strong>prasterea,</strong></span> <span class='ocrx_word' id='word_1_356' title='bbox 3367 2666 3469 2705; x_wconf 83' lang='lat' dir='ltr'><strong>nec</strong></span> 
     </span>
    </p>
   </div>
   <div class='ocr_carea' id='block_1_55' title="bbox 1899 2741 3472 2822">
    <p class='ocr_par' dir='ltr' id='par_1_55' title="bbox 1899 2741 3472 2822">
     <span class='ocr_line' id='line_1_55' title="bbox 1899 2741 3472 2822; baseline -0.01 -12"><span class='ocrx_word' id='word_1_357' title='bbox 1899 2754 2174 2811; x_wconf 84' lang='lat' dir='ltr'><strong>inhonesti</strong></span> <span class='ocrx_word' id='word_1_358' title='bbox 2221 2751 2541 2822; x_wconf 84' lang='lat' dir='ltr'><strong>quidquam,</strong></span> <span class='ocrx_word' id='word_1_359' title='bbox 2573 2749 2657 2803; x_wconf 83' lang='lat' dir='ltr'><strong>vel</strong></span> <span class='ocrx_word' id='word_1_360' title='bbox 2703 2746 2851 2818; x_wconf 86' lang='lat' dir='ltr'><strong>quod</strong></span> <span class='ocrx_word' id='word_1_361' title='bbox 2902 2746 3123 2801; x_wconf 89' lang='lat' dir='ltr'><strong>nomina</strong></span> <span class='ocrx_word' id='word_1_362' title='bbox 3153 2741 3472 2809; x_wconf 88' lang='lat' dir='ltr'><strong>confundat,</strong></span> 
     </span>
    </p>
   </div>
   <div class='ocr_carea' id='block_1_56' title="bbox 1901 2836 3474 2915">
    <p class='ocr_par' dir='ltr' id='par_1_56' title="bbox 1901 2836 3474 2915">
     <span class='ocr_line' id='line_1_56' title="bbox 1901 2836 3474 2915; baseline -0.009 -15"><span class='ocrx_word' id='word_1_363' title='bbox 1901 2861 1968 2902; x_wconf 79' lang='lat' dir='ltr'><strong>ex</strong></span> <span class='ocrx_word' id='word_1_364' title='bbox 2002 2861 2068 2899; x_wconf 92' lang='lat' dir='ltr'><strong>eo</strong></span> <span class='ocrx_word' id='word_1_365' title='bbox 2102 2846 2366 2915; x_wconf 87' lang='lat' dir='ltr'><strong>irrepere,</strong></span> <span class='ocrx_word' id='word_1_366' title='bbox 2412 2840 2561 2913; x_wconf 90' lang='lat' dir='ltr'><strong>quod</strong></span> <span class='ocrx_word' id='word_1_367' title='bbox 2598 2840 2742 2895; x_wconf 87' lang='lat' dir='ltr'><strong>idem</strong></span> <span class='ocrx_word' id='word_1_368' title='bbox 2767 2838 2982 2894; x_wconf 82' lang='lat' dir='ltr'><strong>duabus</strong></span> <span class='ocrx_word' id='word_1_369' title='bbox 3036 2836 3275 2891; x_wconf 88' lang='lat' dir='ltr'><strong>sobrinis</strong></span> <span class='ocrx_word' id='word_1_370' title='bbox 3304 2849 3474 2904; x_wconf 85' lang='lat' dir='ltr'><strong>copu-</strong></span> 
     </span>
    </p>
   </div>
   <div class='ocr_carea' id='block_1_57' title="bbox 1900 2928 3476 3005">
    <p class='ocr_par' dir='ltr' id='par_1_57' title="bbox 1900 2928 3476 3005">
     <span class='ocr_line' id='line_1_57' title="bbox 1900 2928 3476 3005; baseline -0.01 -10"><span class='ocrx_word' id='word_1_371' title='bbox 1900 2941 2067 2996; x_wconf 88' lang='lat' dir='ltr'><strong>letur.</strong></span> <span class='ocrx_word' id='word_1_372' title='bbox 2098 2937 2255 2993; x_wconf 87' lang='lat' dir='ltr'><strong>Tunc</strong></span> <span class='ocrx_word' id='word_1_373' title='bbox 2286 2937 2456 3002; x_wconf 90' lang='lat' dir='ltr'><strong>enim,</strong></span> <span class='ocrx_word' id='word_1_374' title='bbox 2493 2937 2772 3005; x_wconf 82' lang='lat' dir='ltr'><strong>inquiunt.</strong></span> <span class='ocrx_word' id='word_1_375' title='bbox 2804 2943 3061 2988; x_wconf 90' lang='lat' dir='ltr'><strong>accurata</strong></span> <span class='ocrx_word' id='word_1_376' title='bbox 3108 2930 3249 2985; x_wconf 88' lang='lat' dir='ltr'><strong>ratio</strong></span> <span class='ocrx_word' id='word_1_377' title='bbox 3294 2928 3476 2983; x_wconf 88' lang='lat' dir='ltr'><strong>nomi-</strong></span> 
     </span>
    </p>
   </div>
   <div class='ocr_carea' id='block_1_58' title="bbox 1904 3024 3475 3094">
    <p class='ocr_par' dir='ltr' id='par_1_58' title="bbox 1904 3024 3475 3094">
     <span class='ocr_line' id='line_1_58' title="bbox 1904 3024 3475 3094; baseline -0.01 -7"><span class='ocrx_word' id='word_1_378' title='bbox 1904 3047 2034 3087; x_wconf 88' lang='lat' dir='ltr'><strong>num</strong></span> <span class='ocrx_word' id='word_1_379' title='bbox 2071 3030 2322 3094; x_wconf 88' lang='lat' dir='ltr'><strong>habetur,</strong></span> <span class='ocrx_word' id='word_1_380' title='bbox 2382 3039 2438 3084; x_wconf 87' lang='lat' dir='ltr'><strong>et</strong></span> <span class='ocrx_word' id='word_1_381' title='bbox 2476 3029 2788 3084; x_wconf 81' lang='lat' dir='ltr'><strong>earumdem</strong></span> <span class='ocrx_word' id='word_1_382' title='bbox 2807 3024 3056 3081; x_wconf 86' lang='lat' dir='ltr'><strong>confusio</strong></span> <span class='ocrx_word' id='word_1_383' title='bbox 3083 3030 3325 3087; x_wconf 81' lang='lat' dir='ltr'><strong>cavetur,</strong></span> <span class='ocrx_word' id='word_1_384' title='bbox 3351 3034 3475 3074; x_wconf 91' lang='lat' dir='ltr'><strong>cum</strong></span> 
     </span>
    </p>
   </div>
   <div class='ocr_carea' id='block_1_59' title="bbox 1905 3115 3475 3193">
    <p class='ocr_par' dir='ltr' id='par_1_59' title="bbox 1905 3115 3475 3193">
     <span class='ocr_line' id='line_1_59' title="bbox 1905 3115 3475 3193; baseline -0.01 -16"><span class='ocrx_word' id='word_1_385' title='bbox 1905 3122 2214 3193; x_wconf 79' lang='lat' dir='ltr'><strong>cognationi</strong></span> <span class='ocrx_word' id='word_1_386' title='bbox 2279 3121 2498 3175; x_wconf 84' lang='lat' dir='ltr'><strong>fortuna</strong></span> <span class='ocrx_word' id='word_1_387' title='bbox 2571 3118 2788 3173; x_wconf 77' lang='lat' dir='ltr'><strong>servilis</strong></span> <span class='ocrx_word' id='word_1_388' title='bbox 2844 3115 3177 3171; x_wconf 85' lang='lat' dir='ltr'><strong>intercedit:</strong></span> <span class='ocrx_word' id='word_1_389' title='bbox 3214 3129 3323 3169; x_wconf 86' lang='lat' dir='ltr'><strong>non</strong></span> <span class='ocrx_word' id='word_1_390' title='bbox 3354 3125 3475 3165; x_wconf 90' lang='lat' dir='ltr'><strong>cum</strong></span> 
     </span>
    </p>
   </div>
   <div class='ocr_carea' id='block_1_60' title="bbox 220 3188 1791 3292">
    <p class='ocr_par' dir='ltr' id='par_1_60' title="bbox 220 3188 1791 3281">
     <span class='ocr_line' id='line_1_60' title="bbox 220 3188 1791 3281; baseline 0.011 -33"><span class='ocrx_word' id='word_1_391' title='bbox 220 3188 591 3265; x_wconf 74' lang='grc' dir='ltr'>συγγένειαν·</span> <span class='ocrx_word' id='word_1_392' title='bbox 622 3201 683 3253; x_wconf 84' lang='grc' dir='ltr'>οὐ</span> <span class='ocrx_word' id='word_1_393' title='bbox 729 3204 837 3273; x_wconf 83' lang='grc' dir='ltr'>μὴν</span> <span class='ocrx_word' id='word_1_394' title='bbox 880 3203 1008 3258; x_wconf 80' lang='grc' dir='ltr'>ὅταν</span> <span class='ocrx_word' id='word_1_395' title='bbox 1058 3205 1122 3260; x_wconf 73' lang='grc' dir='ltr'>ἐκ</span> <span class='ocrx_word' id='word_1_396' title='bbox 1174 3188 1471 3277; x_wconf 82' lang='grc' dir='ltr'>συναφείας</span> <span class='ocrx_word' id='word_1_397' title='bbox 1517 3188 1791 3281; x_wconf 59' lang='grc' dir='ltr'>δμοζύγωκ</span> 
     </span>
    </p>
   </div>
   <div class='ocr_carea' id='block_1_61' title="bbox 1899 3188 3481 3292">
    <p class='ocr_par' dir='ltr' id='par_1_61' title="bbox 1908 3188 3481 3283">
     <span class='ocr_line' id='line_1_61' title="bbox 1908 3188 3481 3283; baseline -0.009 -15"><span class='ocrx_word' id='word_1_398' title='bbox 1908 3188 2356 3283; x_wconf 44' lang='lat' dir='ltr'><strong>ex—copulatione</strong></span> <span class='ocrx_word' id='word_1_399' title='bbox 2404 3209 2698 3280; x_wconf 73' lang='lat' dir='ltr'><strong>coniugum</strong></span> <span class='ocrx_word' id='word_1_400' title='bbox 2742 3207 2955 3273; x_wconf 72' lang='lat' dir='ltr'><strong>legibus</strong></span> <span class='ocrx_word' id='word_1_401' title='bbox 3020 3204 3278 3266; x_wconf 86' lang='lat' dir='ltr'><strong>admissa,</strong></span> <span class='ocrx_word' id='word_1_402' title='bbox 3335 3200 3481 3256; x_wconf 87' lang='lat' dir='ltr'><strong>velut</strong></span> 
     </span>
    </p>
   </div>
   <div class='ocr_carea' id='block_1_62' title="bbox 216 3292 1802 3376">
    <p class='ocr_par' dir='ltr' id='par_1_62' title="bbox 216 3292 1802 3376">
     <span class='ocr_line' id='line_1_62' title="bbox 216 3292 1802 3376; baseline 0.012 -33"><span class='ocrx_word' id='word_1_403' title='bbox 216 3293 329 3354; x_wconf 80' lang='grc' dir='ltr'>τοῖς</span> <span class='ocrx_word' id='word_1_404' title='bbox 354 3292 554 3363; x_wconf 86' lang='grc' dir='ltr'>νόμοις</span> <span class='ocrx_word' id='word_1_405' title='bbox 585 3295 800 3367; x_wconf 76' lang='grc' dir='ltr'>δεκτῇς,</span> <span class='ocrx_word' id='word_1_406' title='bbox 828 3297 903 3363; x_wconf 84' lang='grc' dir='ltr'>ὡς</span> <span class='ocrx_word' id='word_1_407' title='bbox 934 3300 998 3353; x_wconf 78' lang='grc' dir='ltr'>ἐκ</span> <span class='ocrx_word' id='word_1_408' title='bbox 1037 3300 1191 3371; x_wconf 78' lang='grc' dir='ltr'>ῥίζης</span> <span class='ocrx_word' id='word_1_409' title='bbox 1216 3302 1363 3368; x_wconf 81' lang='grc' dir='ltr'>τινὸς</span> <span class='ocrx_word' id='word_1_410' title='bbox 1419 3304 1640 3375; x_wconf 82' lang='grc' dir='ltr'>πτόρθοι</span> <span class='ocrx_word' id='word_1_411' title='bbox 1673 3322 1802 3376; x_wconf 89' lang='grc' dir='ltr'>γεν-</span> 
     </span>
    </p>
   </div>
   <div class='ocr_carea' id='block_1_63' title="bbox 216 3383 1807 3466">
    <p class='ocr_par' dir='ltr' id='par_1_63' title="bbox 216 3383 1807 3466">
     <span class='ocr_line' id='line_1_63' title="bbox 216 3383 1807 3466; baseline 0.012 -31"><span class='ocrx_word' id='word_1_412' title='bbox 216 3383 422 3455; x_wconf 86' lang='grc' dir='ltr'>νηθῶσι</span> <span class='ocrx_word' id='word_1_413' title='bbox 467 3386 828 3458; x_wconf 80' lang='grc' dir='ltr'>κατάλληλοι.</span> <span class='ocrx_word' id='word_1_414' title='bbox 859 3390 922 3443; x_wconf 81' lang='lat' dir='ltr'><strong>El</strong></span> <span class='ocrx_word' id='word_1_415' title='bbox 958 3391 1068 3463; x_wconf 86' lang='grc' dir='ltr'><strong>γάρ</strong></span> <span class='ocrx_word' id='word_1_416' title='bbox 1092 3393 1271 3466; x_wconf 87' lang='grc' dir='ltr'>δοθείη</span> <span class='ocrx_word' id='word_1_417' title='bbox 1302 3398 1408 3450; x_wconf 84' lang='grc' dir='ltr'><strong>κάν</strong></span> <span class='ocrx_word' id='word_1_418' title='bbox 1436 3397 1651 3462; x_wconf 79' lang='grc' dir='ltr'>τούτοις</span> <span class='ocrx_word' id='word_1_419' title='bbox 1679 3416 1807 3454; x_wconf 88' lang='grc' dir='ltr'>συν-</span> 
     </span>
    </p>
   </div>
   <div class='ocr_carea' id='block_1_64' title="bbox 215 3476 1802 3561">
    <p class='ocr_par' dir='ltr' id='par_1_64' title="bbox 215 3476 1802 3561">
     <span class='ocr_line' id='line_1_64' title="bbox 215 3476 1802 3561; baseline 0.012 -34"><span class='ocrx_word' id='word_1_420' title='bbox 215 3476 516 3546; x_wconf 74' lang='grc' dir='ltr'><strong>⁵τηρεῖσθαι</strong></span> <span class='ocrx_word' id='word_1_421' title='bbox 548 3477 659 3532; x_wconf 87' lang='grc' dir='ltr'><strong>τῶν</strong></span> <span class='ocrx_word' id='word_1_422' title='bbox 693 3479 975 3551; x_wconf 83' lang='grc' dir='ltr'>ὀνομάτων</span> <span class='ocrx_word' id='word_1_423' title='bbox 1019 3482 1081 3536; x_wconf 79' lang='grc' dir='ltr'>τὸ</span> <span class='ocrx_word' id='word_1_424' title='bbox 1109 3485 1388 3556; x_wconf 72' lang='grc' dir='ltr'>εὐπρεπὲς</span> <span class='ocrx_word' id='word_1_425' title='bbox 1431 3487 1528 3541; x_wconf 73' lang='grc' dir='ltr'>καὶ</span> <span class='ocrx_word' id='word_1_426' title='bbox 1559 3489 1802 3561; x_wconf 75' lang='grc' dir='ltr'><strong>άσύγχυ⁶</strong></span> 
     </span>
    </p>
   </div>
   <div class='ocr_carea' id='block_1_65' title="bbox 214 3569 1810 3645">
    <p class='ocr_par' dir='ltr' id='par_1_65' title="bbox 214 3569 1810 3645">
     <span class='ocr_line' id='line_1_65' title="bbox 214 3569 1810 3645; baseline 0.008 -25"><span class='ocrx_word' id='word_1_427' title='bbox 214 3584 325 3631; x_wconf 90' lang='grc' dir='ltr'>τον,</span> <span class='ocrx_word' id='word_1_428' title='bbox 362 3569 815 3640; x_wconf 88' lang='grc' dir='ltr'>στενοχωρηθείη</span> <span class='ocrx_word' id='word_1_429' title='bbox 879 3572 975 3625; x_wconf 75' lang='grc' dir='ltr'>καὶ</span> <span class='ocrx_word' id='word_1_430' title='bbox 1037 3570 1147 3624; x_wconf 85' lang='grc' dir='ltr'><strong>τῶν</strong></span> <span class='ocrx_word' id='word_1_431' title='bbox 1196 3574 1637 3645; x_wconf 80' lang='grc' dir='ltr'>τρισεξαδέλφων</span> <span class='ocrx_word' id='word_1_432' title='bbox 1711 3580 1810 3633; x_wconf 77' lang='grc' dir='ltr'><strong>καὶ</strong></span> 
     </span>
    </p>
   </div>
   <div class='ocr_carea' id='block_1_66' title="bbox 214 3660 1811 3741">
    <p class='ocr_par' dir='ltr' id='par_1_66' title="bbox 214 3660 1811 3741">
     <span class='ocr_line' id='line_1_66' title="bbox 214 3660 1811 3741; baseline 0.008 -26"><span class='ocrx_word' id='word_1_433' title='bbox 214 3660 419 3733; x_wconf 75' lang='grc' dir='ltr'>ἑφεξῆς</span> <span class='ocrx_word' id='word_1_434' title='bbox 445 3664 482 3733; x_wconf 82' lang='grc' dir='ltr'>ὴ</span> <span class='ocrx_word' id='word_1_435' title='bbox 534 3663 852 3734; x_wconf 81' lang='grc' dir='ltr'>ὲκχωρητέα</span> <span class='ocrx_word' id='word_1_436' title='bbox 876 3665 921 3697; x_wconf 83' lang='grc'><strong>³²</strong></span> <span class='ocrx_word' id='word_1_437' title='bbox 950 3664 1215 3734; x_wconf 79' lang='grc' dir='ltr'>συνάφεια</span> <span class='ocrx_word' id='word_1_438' title='bbox 1234 3679 1247 3696; x_wconf 85' lang='lat'><strong><em>‘</em></strong></span> <span class='ocrx_word' id='word_1_439' title='bbox 1276 3666 1363 3721; x_wconf 75' lang='grc' dir='ltr'><strong>ἴνα</strong></span> <span class='ocrx_word' id='word_1_440' title='bbox 1404 3668 1480 3739; x_wconf 78' lang='grc' dir='ltr'>μὴ</span> <span class='ocrx_word' id='word_1_441' title='bbox 1533 3671 1811 3741; x_wconf 84' lang='grc' dir='ltr'>κληθῶσιν</span> 
     </span>
    </p>
   </div>
   <div class='ocr_carea' id='block_1_67' title="bbox 168 3753 1813 3832">
    <p class='ocr_par' dir='ltr' id='par_1_67' title="bbox 168 3753 1813 3832">
     <span class='ocr_line' id='line_1_67' title="bbox 168 3753 1813 3832; baseline 0.008 -26"><span class='ocrx_word' id='word_1_442' title='bbox 168 3760 177 3767; x_wconf 75' lang='grc'>⁴</span> <span class='ocrx_word' id='word_1_443' title='bbox 214 3753 264 3807; x_wconf 80' lang='grc' dir='ltr'>οἱ</span> <span class='ocrx_word' id='word_1_444' title='bbox 304 3754 367 3820; x_wconf 66' lang='grc' dir='ltr'><strong>ἐξ</strong></span> <span class='ocrx_word' id='word_1_445' title='bbox 401 3754 643 3810; x_wconf 77' lang='grc' dir='ltr'>ἐκείνων</span> <span class='ocrx_word' id='word_1_446' title='bbox 674 3756 956 3827; x_wconf 83' lang='grc' dir='ltr'>φυόμενοι,</span> <span class='ocrx_word' id='word_1_447' title='bbox 992 3757 1214 3827; x_wconf 69' lang='grc' dir='ltr'>ἀδελφοὶ</span> <span class='ocrx_word' id='word_1_448' title='bbox 1250 3759 1344 3812; x_wconf 75' lang='grc' dir='ltr'>καὶ</span> <span class='ocrx_word' id='word_1_449' title='bbox 1393 3764 1813 3832; x_wconf 81' lang='grc' dir='ltr'>τετταρεξάδελ-</span> 
     </span>
    </p>
   </div>
   <div class='ocr_carea' id='block_1_68' title="bbox 212 3846 1813 3922">
    <p class='ocr_par' dir='ltr' id='par_1_68' title="bbox 212 3846 1813 3922">
     <span class='ocr_line' id='line_1_68' title="bbox 212 3846 1813 3922; baseline 0.007 -24"><span class='ocrx_word' id='word_1_450' title='bbox 212 3860 328 3914; x_wconf 79' lang='grc' dir='ltr'>φοι,</span> <span class='ocrx_word' id='word_1_451' title='bbox 367 3846 524 3918; x_wconf 80' lang='grc' dir='ltr'>ὅπερ</span> <span class='ocrx_word' id='word_1_452' title='bbox 545 3847 604 3899; x_wconf 80' lang='grc' dir='ltr'>οὐ</span> <span class='ocrx_word' id='word_1_453' title='bbox 631 3846 900 3902; x_wconf 77' lang='grc' dir='ltr'>δέδοκται.</span> <span class='ocrx_word' id='word_1_454' title='bbox 936 3849 1049 3902; x_wconf 69' lang='grc' dir='ltr'><strong>Καὶ</strong></span> <span class='ocrx_word' id='word_1_455' title='bbox 1079 3850 1258 3912; x_wconf 75' lang='grc' dir='ltr'>αὐτοὶ,</span> <span class='ocrx_word' id='word_1_456' title='bbox 1288 3850 1485 3904; x_wconf 83' lang='grc' dir='ltr'>ταῦτα.</span> <span class='ocrx_word' id='word_1_457' title='bbox 1533 3851 1728 3922; x_wconf 82' lang='grc' dir='ltr'>Ἡμεῖς</span> <span class='ocrx_word' id='word_1_458' title='bbox 1754 3854 1813 3910; x_wconf 70' lang='grc' dir='ltr'>δὲ</span> 
     </span>
    </p>
   </div>
   <div class='ocr_carea' id='block_1_69' title="bbox 211 3937 1810 4010">
    <p class='ocr_par' dir='ltr' id='par_1_69' title="bbox 211 3937 1810 4010">
     <span class='ocr_line' id='line_1_69' title="bbox 211 3937 1810 4010; baseline 0.007 -21"><span class='ocrx_word' id='word_1_459' title='bbox 211 3937 396 4007; x_wconf 83' lang='grc' dir='ltr'>σκοπὴ</span> <span class='ocrx_word' id='word_1_460' title='bbox 407 3954 603 4009; x_wconf 83' lang='grc' dir='ltr'>σωμεν</span> <span class='ocrx_word' id='word_1_461' title='bbox 624 3939 913 4009; x_wconf 86' lang='grc' dir='ltr'>πρότερον,</span> <span class='ocrx_word' id='word_1_462' title='bbox 941 3941 990 3992; x_wconf 79' lang='grc' dir='ltr'><strong>εί</strong></span> <span class='ocrx_word' id='word_1_463' title='bbox 1022 3942 1136 4004; x_wconf 84' lang='grc' dir='ltr'>τοῖς</span> <span class='ocrx_word' id='word_1_464' title='bbox 1163 3940 1351 4010; x_wconf 87' lang='grc' dir='ltr'>νόμοις</span> <span class='ocrx_word' id='word_1_465' title='bbox 1385 3943 1480 3995; x_wconf 81' lang='grc' dir='ltr'>καὶ</span> <span class='ocrx_word' id='word_1_466' title='bbox 1504 3944 1619 4006; x_wconf 77' lang='grc' dir='ltr'>τοῖς</span> <span class='ocrx_word' id='word_1_467' title='bbox 1645 3944 1810 4000; x_wconf 88' lang='grc' dir='ltr'>κανό-</span> 
     </span>
    </p>
   </div>
   <div class='ocr_carea' id='block_1_70' title="bbox 213 4024 1813 4100">
    <p class='ocr_par' dir='ltr' id='par_1_70' title="bbox 213 4024 1813 4100">
     <span class='ocr_line' id='line_1_70' title="bbox 213 4024 1813 4100; baseline 0.003 -21"><span class='ocrx_word' id='word_1_468' title='bbox 213 4041 268 4079; x_wconf 85' lang='grc' dir='ltr'>σι</span> <span class='ocrx_word' id='word_1_469' title='bbox 307 4024 489 4093; x_wconf 86' lang='grc' dir='ltr'>δοκεῖ,</span> <span class='ocrx_word' id='word_1_470' title='bbox 536 4026 629 4080; x_wconf 90' lang='grc' dir='ltr'><strong>δύο</strong></span> <span class='ocrx_word' id='word_1_471' title='bbox 661 4026 903 4097; x_wconf 78' lang='grc' dir='ltr'>βαθμοὺς</span> <span class='ocrx_word' id='word_1_472' title='bbox 942 4028 1069 4091; x_wconf 81' lang='grc' dir='ltr'>τοὺς</span> <span class='ocrx_word' id='word_1_473' title='bbox 1108 4027 1415 4098; x_wconf 79' lang='grc' dir='ltr'>ὀμοζύγους</span> <span class='ocrx_word' id='word_1_474' title='bbox 1454 4029 1813 4100; x_wconf 79' lang='grc' dir='ltr'>ψηφίζεσθαι,</span> 
     </span>
    </p>
   </div>
   <div class='ocr_carea' id='block_1_71' title="bbox 207 4115 1813 4191">
    <p class='ocr_par' dir='ltr' id='par_1_71' title="bbox 207 4115 1813 4191">
     <span class='ocr_line' id='line_1_71' title="bbox 207 4115 1813 4191; baseline 0.004 -22"><span class='ocrx_word' id='word_1_475' title='bbox 207 4117 309 4172; x_wconf 74' lang='grc' dir='ltr'>καὶ</span> <span class='ocrx_word' id='word_1_476' title='bbox 336 4117 433 4172; x_wconf 83' lang='grc' dir='ltr'><strong>διά</strong></span> <span class='ocrx_word' id='word_1_477' title='bbox 468 4117 637 4170; x_wconf 81' lang='grc' dir='ltr'>τοῦτο</span> <span class='ocrx_word' id='word_1_478' title='bbox 678 4118 1061 4189; x_wconf 77' lang='grc' dir='ltr'>συγχωρητέον</span> <span class='ocrx_word' id='word_1_479' title='bbox 1094 4118 1237 4175; x_wconf 79' lang='grc' dir='ltr'>εἶναι</span> <span class='ocrx_word' id='word_1_480' title='bbox 1288 4120 1368 4187; x_wconf 79' lang='grc' dir='ltr'>τὸ,</span> <span class='ocrx_word' id='word_1_481' title='bbox 1404 4121 1534 4191; x_wconf 73' lang='grc' dir='ltr'>περὶ</span> <span class='ocrx_word' id='word_1_482' title='bbox 1562 4115 1624 4176; x_wconf 75' lang='grc' dir='ltr'><strong>οὗ</strong></span> <span class='ocrx_word' id='word_1_483' title='bbox 1669 4124 1698 4176; x_wconf 91' lang='lat'><strong>6</strong></span> <span class='ocrx_word' id='word_1_484' title='bbox 1725 4121 1813 4176; x_wconf 87' lang='grc' dir='ltr'><strong>λό-</strong></span> 
     </span>
    </p>
   </div>
   <div class='ocr_carea' id='block_1_72' title="bbox 1908 3296 3478 3374">
    <p class='ocr_par' dir='ltr' id='par_1_72' title="bbox 1908 3296 3478 3374">
     <span class='ocr_line' id='line_1_72' title="bbox 1908 3296 3478 3374; baseline -0.011 -14"><span class='ocrx_word' id='word_1_485' title='bbox 1908 3320 1971 3360; x_wconf 79' lang='lat' dir='ltr'><strong>ex</strong></span> <span class='ocrx_word' id='word_1_486' title='bbox 2004 3303 2189 3358; x_wconf 87' lang='lat' dir='ltr'><strong>radice</strong></span> <span class='ocrx_word' id='word_1_487' title='bbox 2242 3302 2500 3374; x_wconf 85' lang='lat' dir='ltr'><strong>quadam,</strong></span> <span class='ocrx_word' id='word_1_488' title='bbox 2564 3299 2702 3355; x_wconf 88' lang='lat' dir='ltr'><strong>rami</strong></span> <span class='ocrx_word' id='word_1_489' title='bbox 2751 3296 3143 3353; x_wconf 81' lang='lat' dir='ltr'><strong>convenientes</strong></span> <span class='ocrx_word' id='word_1_490' title='bbox 3189 3306 3478 3363; x_wconf 81' lang='lat' dir='ltr'><strong>procrean-</strong></span> 
     </span>
    </p>
   </div>
   <div class='ocr_carea' id='block_1_73' title="bbox 1909 3381 3478 3450">
    <p class='ocr_par' dir='ltr' id='par_1_73' title="bbox 1909 3381 3478 3450">
     <span class='ocr_line' id='line_1_73' title="bbox 1909 3381 3478 3450; baseline -0.008 -1"><span class='ocrx_word' id='word_1_491' title='bbox 1909 3404 2018 3450; x_wconf 90' lang='lat' dir='ltr'><strong>tur.</strong></span> <span class='ocrx_word' id='word_1_492' title='bbox 2071 3394 2206 3450; x_wconf 86' lang='lat' dir='ltr'><strong>Nam</strong></span> <span class='ocrx_word' id='word_1_493' title='bbox 2265 3393 2311 3448; x_wconf 89' lang='lat' dir='ltr'><strong>si</strong></span> <span class='ocrx_word' id='word_1_494' title='bbox 2380 3394 2569 3447; x_wconf 78' lang='lat' dir='ltr'><strong>datum</strong></span> <span class='ocrx_word' id='word_1_495' title='bbox 2619 3389 2785 3446; x_wconf 87' lang='lat' dir='ltr'><strong>fuerit</strong></span> <span class='ocrx_word' id='word_1_496' title='bbox 2813 3389 2979 3443; x_wconf 90' lang='lat' dir='ltr'><strong>etiam</strong></span> <span class='ocrx_word' id='word_1_497' title='bbox 3009 3387 3063 3441; x_wconf 90' lang='lat' dir='ltr'><strong>in</strong></span> <span class='ocrx_word' id='word_1_498' title='bbox 3092 3386 3178 3441; x_wconf 90' lang='lat' dir='ltr'><strong>his</strong></span> <span class='ocrx_word' id='word_1_499' title='bbox 3200 3381 3478 3439; x_wconf 81' lang='lat' dir='ltr'><strong>observari</strong></span> 
     </span>
    </p>
   </div>
   <div class='ocr_carea' id='block_1_74' title="bbox 1909 3470 3484 3547">
    <p class='ocr_par' dir='ltr' id='par_1_74' title="bbox 1909 3470 3484 3547">
     <span class='ocr_line' id='line_1_74' title="bbox 1909 3470 3484 3547; baseline -0.011 -6"><span class='ocrx_word' id='word_1_500' title='bbox 1909 3484 2195 3541; x_wconf 88' lang='lat' dir='ltr'><strong>nominum</strong></span> <span class='ocrx_word' id='word_1_501' title='bbox 2235 3484 2598 3547; x_wconf 87' lang='lat' dir='ltr'><strong>honestatem,</strong></span> <span class='ocrx_word' id='word_1_502' title='bbox 2646 3486 2709 3535; x_wconf 82' lang='lat' dir='ltr'><strong>et</strong></span> <span class='ocrx_word' id='word_1_503' title='bbox 2750 3477 3173 3533; x_wconf 87' lang='lat' dir='ltr'><strong>declinationem</strong></span> <span class='ocrx_word' id='word_1_504' title='bbox 3199 3470 3484 3530; x_wconf 88' lang='lat' dir='ltr'><strong>confusio-</strong></span> 
     </span>
    </p>
   </div>
   <div class='ocr_carea' id='block_1_75' title="bbox 1910 3564 3484 3644">
    <p class='ocr_par' dir='ltr' id='par_1_75' title="bbox 1910 3564 3484 3644">
     <span class='ocr_line' id='line_1_75' title="bbox 1910 3564 3484 3644; baseline -0.009 -11"><span class='ocrx_word' id='word_1_505' title='bbox 1910 3578 2022 3644; x_wconf 90' lang='lat' dir='ltr'><strong>nis,</strong></span> <span class='ocrx_word' id='word_1_506' title='bbox 2078 3578 2227 3633; x_wconf 87' lang='lat' dir='ltr'><strong>velut</strong></span> <span class='ocrx_word' id='word_1_507' title='bbox 2302 3577 2355 3630; x_wconf 96' lang='lat' dir='ltr'><strong>in</strong></span> <span class='ocrx_word' id='word_1_508' title='bbox 2382 3583 2593 3629; x_wconf 89' lang='lat' dir='ltr'><strong>arctum</strong></span> <span class='ocrx_word' id='word_1_509' title='bbox 2627 3571 2908 3642; x_wconf 81' lang='lat' dir='ltr'><strong>redigetur</strong></span> <span class='ocrx_word' id='word_1_510' title='bbox 2933 3571 3098 3626; x_wconf 90' lang='lat' dir='ltr'><strong>etiam</strong></span> <span class='ocrx_word' id='word_1_511' title='bbox 3151 3582 3216 3623; x_wconf 77' lang='lat' dir='ltr'><strong>ex</strong></span> <span class='ocrx_word' id='word_1_512' title='bbox 3242 3564 3484 3623; x_wconf 76' lang='lat' dir='ltr'><strong>sobriuis</strong></span> 
     </span>
    </p>
   </div>
   <div class='ocr_carea' id='block_1_76' title="bbox 1913 3660 3483 3738">
    <p class='ocr_par' dir='ltr' id='par_1_76' title="bbox 1913 3660 3483 3738">
     <span class='ocr_line' id='line_1_76' title="bbox 1913 3660 3483 3738; baseline -0.011 -11"><span class='ocrx_word' id='word_1_513' title='bbox 1913 3680 2190 3738; x_wconf 88' lang='lat' dir='ltr'><strong>natorum,</strong></span> <span class='ocrx_word' id='word_1_514' title='bbox 2233 3676 2289 3725; x_wconf 89' lang='lat' dir='ltr'><strong>et</strong></span> <span class='ocrx_word' id='word_1_515' title='bbox 2330 3668 2523 3723; x_wconf 86' lang='lat' dir='ltr'><strong>ordine</strong></span> <span class='ocrx_word' id='word_1_516' title='bbox 2575 3665 2928 3736; x_wconf 90' lang='lat' dir='ltr'><strong>sequentium</strong></span> <span class='ocrx_word' id='word_1_517' title='bbox 2984 3662 3127 3717; x_wconf 91' lang='lat' dir='ltr'><strong>licita</strong></span> <span class='ocrx_word' id='word_1_518' title='bbox 3153 3660 3483 3730; x_wconf 84' lang='lat' dir='ltr'><strong>permitten-</strong></span> 
     </span>
    </p>
   </div>
   <div class='ocr_carea' id='block_1_77' title="bbox 1913 3748 3486 3834">
    <p class='ocr_par' dir='ltr' id='par_1_77' title="bbox 1913 3748 3486 3834">
     <span class='ocr_line' id='line_1_77' title="bbox 1913 3748 3486 3834; baseline -0.01 -15"><span class='ocrx_word' id='word_1_519' title='bbox 1913 3764 2093 3834; x_wconf 88' lang='lat' dir='ltr'><strong>daque</strong></span> <span class='ocrx_word' id='word_1_520' title='bbox 2144 3761 2481 3830; x_wconf 89' lang='lat' dir='ltr'><strong>conjunctio,</strong></span> <span class='ocrx_word' id='word_1_521' title='bbox 2532 3775 2600 3814; x_wconf 91' lang='lat' dir='ltr'><strong>ne</strong></span> <span class='ocrx_word' id='word_1_522' title='bbox 2642 3757 2899 3813; x_wconf 80' lang='lat' dir='ltr'><strong>videlicet</strong></span> <span class='ocrx_word' id='word_1_523' title='bbox 2965 3754 3245 3823; x_wconf 86' lang='lat' dir='ltr'><strong>contingat</strong></span> <span class='ocrx_word' id='word_1_524' title='bbox 3289 3765 3353 3804; x_wconf 81' lang='lat' dir='ltr'><strong>ex</strong></span> <span class='ocrx_word' id='word_1_525' title='bbox 3406 3748 3486 3818; x_wconf 78' lang='lat' dir='ltr'><strong>eis</strong></span> 
     </span>
    </p>
   </div>
   <div class='ocr_carea' id='block_1_78' title="bbox 1915 3847 3486 3928">
    <p class='ocr_par' dir='ltr' id='par_1_78' title="bbox 1915 3847 3486 3928">
     <span class='ocr_line' id='line_1_78' title="bbox 1915 3847 3486 3928; baseline -0.013 -15"><span class='ocrx_word' id='word_1_526' title='bbox 1915 3858 2128 3928; x_wconf 76' lang='lat' dir='ltr'><strong>genitos</strong></span> <span class='ocrx_word' id='word_1_527' title='bbox 2186 3852 2445 3922; x_wconf 83' lang='lat' dir='ltr'><strong>appellari</strong></span> <span class='ocrx_word' id='word_1_528' title='bbox 2501 3851 2699 3905; x_wconf 83' lang='lat' dir='ltr'><strong>fratres</strong></span> <span class='ocrx_word' id='word_1_529' title='bbox 2746 3847 2933 3911; x_wconf 89' lang='lat' dir='ltr'><strong>simul,</strong></span> <span class='ocrx_word' id='word_1_530' title='bbox 2992 3854 3047 3899; x_wconf 87' lang='lat' dir='ltr'><strong>et</strong></span> <span class='ocrx_word' id='word_1_531' title='bbox 3098 3849 3486 3913; x_wconf 82' lang='lat' dir='ltr'><strong>prognatorum</strong></span> 
     </span>
    </p>
   </div>
   <div class='ocr_carea' id='block_1_79' title="bbox 1915 3931 3488 4012">
    <p class='ocr_par' dir='ltr' id='par_1_79' title="bbox 1915 3931 3488 4012">
     <span class='ocr_line' id='line_1_79' title="bbox 1915 3931 3488 4012; baseline -0.013 -9"><span class='ocrx_word' id='word_1_532' title='bbox 1915 3963 1983 4003; x_wconf 81' lang='lat' dir='ltr'><strong>ex</strong></span> <span class='ocrx_word' id='word_1_533' title='bbox 2016 3945 2256 4002; x_wconf 87' lang='lat' dir='ltr'><strong>sobrinis</strong></span> <span class='ocrx_word' id='word_1_534' title='bbox 2298 3945 2458 4004; x_wconf 86' lang='lat' dir='ltr'><strong>filios,</strong></span> <span class='ocrx_word' id='word_1_535' title='bbox 2494 3942 2641 4012; x_wconf 89' lang='lat' dir='ltr'><strong>quod</strong></span> <span class='ocrx_word' id='word_1_536' title='bbox 2683 3940 2909 3993; x_wconf 89' lang='lat' dir='ltr'><strong>minime</strong></span> <span class='ocrx_word' id='word_1_537' title='bbox 2930 3937 3107 3991; x_wconf 89' lang='lat' dir='ltr'><strong>visum</strong></span> <span class='ocrx_word' id='word_1_538' title='bbox 3152 3941 3257 3988; x_wconf 90' lang='lat' dir='ltr'><strong>est.</strong></span> <span class='ocrx_word' id='word_1_539' title='bbox 3293 3931 3488 3987; x_wconf 85' lang='lat' dir='ltr'><strong>Ethaec</strong></span> 
     </span>
    </p>
   </div>
   <div class='ocr_carea' id='block_1_80' title="bbox 1915 4025 3487 4111">
    <p class='ocr_par' dir='ltr' id='par_1_80' title="bbox 1915 4025 3487 4111">
     <span class='ocr_line' id='line_1_80' title="bbox 1915 4025 3487 4111; baseline -0.011 -17"><span class='ocrx_word' id='word_1_540' title='bbox 1915 4038 2138 4111; x_wconf 87' lang='lat' dir='ltr'><strong>quidem</strong></span> <span class='ocrx_word' id='word_1_541' title='bbox 2175 4036 2272 4091; x_wconf 88' lang='lat' dir='ltr'><strong>illi.</strong></span> <span class='ocrx_word' id='word_1_542' title='bbox 2320 4033 2432 4089; x_wconf 86' lang='lat' dir='ltr'><strong>Nos</strong></span> <span class='ocrx_word' id='word_1_543' title='bbox 2456 4044 2632 4088; x_wconf 86' lang='lat' dir='ltr'><strong>autem</strong></span> <span class='ocrx_word' id='word_1_544' title='bbox 2678 4032 2828 4101; x_wconf 89' lang='lat' dir='ltr'><strong>prius</strong></span> <span class='ocrx_word' id='word_1_545' title='bbox 2889 4025 3383 4085; x_wconf 89' lang='lat' dir='ltr'><strong>considerabimus,</strong></span> <span class='ocrx_word' id='word_1_546' title='bbox 3417 4038 3487 4077; x_wconf 88' lang='lat' dir='ltr'><strong>an</strong></span> 
     </span>
    </p>
   </div>
   <div class='ocr_carea' id='block_1_81' title="bbox 1916 4115 3492 4203">
    <p class='ocr_par' dir='ltr' id='par_1_81' title="bbox 1916 4115 3492 4203">
     <span class='ocr_line' id='line_1_81' title="bbox 1916 4115 3492 4203; baseline -0.011 -15"><span class='ocrx_word' id='word_1_547' title='bbox 1916 4133 2065 4203; x_wconf 77' lang='lat' dir='ltr'><strong>leges</strong></span> <span class='ocrx_word' id='word_1_548' title='bbox 2094 4138 2258 4199; x_wconf 87' lang='lat' dir='ltr'><strong>atque</strong></span> <span class='ocrx_word' id='word_1_549' title='bbox 2295 4142 2535 4184; x_wconf 80' lang='lat' dir='ltr'><strong>canones</strong></span> <span class='ocrx_word' id='word_1_550' title='bbox 2596 4131 2876 4186; x_wconf 87' lang='lat' dir='ltr'><strong>censeant,</strong></span> <span class='ocrx_word' id='word_1_551' title='bbox 2923 4119 3181 4189; x_wconf 75' lang='lat' dir='ltr'><strong>conjuges</strong></span> <span class='ocrx_word' id='word_1_552' title='bbox 3214 4130 3315 4186; x_wconf 89' lang='lat' dir='ltr'><strong>pro</strong></span> <span class='ocrx_word' id='word_1_553' title='bbox 3353 4115 3492 4171; x_wconf 80' lang='lat' dir='ltr'><strong>duo-</strong></span> 
     </span>
    </p>
   </div>
   <div class='ocr_carea' id='block_1_82' title="bbox 207 4207 1814 4288">
    <p class='ocr_par' dir='ltr' id='par_1_82' title="bbox 207 4207 1814 4288">
     <span class='ocr_line' id='line_1_82' title="bbox 207 4207 1814 4288; baseline 0.006 -26"><span class='ocrx_word' id='word_1_554' title='bbox 207 4226 330 4278; x_wconf 86' lang='grc' dir='ltr'>γος,</span> <span class='ocrx_word' id='word_1_555' title='bbox 365 4208 763 4279; x_wconf 83' lang='grc' dir='ltr'>συνάλλαγμα.</span> <span class='ocrx_word' id='word_1_556' title='bbox 799 4211 1062 4283; x_wconf 78' lang='grc' dir='ltr'>Εἷπωμεν</span> <span class='ocrx_word' id='word_1_557' title='bbox 1090 4207 1206 4284; x_wconf 80' lang='grc' dir='ltr'>οὖν,</span> <span class='ocrx_word' id='word_1_558' title='bbox 1235 4213 1332 4269; x_wconf 74' lang='grc' dir='ltr'>καὶ</span> <span class='ocrx_word' id='word_1_559' title='bbox 1379 4215 1543 4270; x_wconf 86' lang='grc' dir='ltr'>πάλιν</span> <span class='ocrx_word' id='word_1_560' title='bbox 1577 4216 1814 4288; x_wconf 72' lang='grc' dir='ltr'>ἐκκορυ-</span> 
     </span>
    </p>
   </div>
   <div class='ocr_carea' id='block_1_83' title="bbox 206 4300 917 4376">
    <p class='ocr_par' dir='ltr' id='par_1_83' title="bbox 206 4300 917 4376">
     <span class='ocr_line' id='line_1_83' title="bbox 206 4300 917 4376; baseline 0.004 -19"><span class='ocrx_word' id='word_1_561' title='bbox 206 4300 510 4376; x_wconf 76' lang='grc' dir='ltr'>φώσωμεν</span> <span class='ocrx_word' id='word_1_562' title='bbox 536 4302 604 4358; x_wconf 70' lang='grc' dir='ltr'>τά</span> <span class='ocrx_word' id='word_1_563' title='bbox 625 4302 917 4375; x_wconf 84' lang='grc' dir='ltr'>λεγόμενα.</span> 
     </span>
    </p>
   </div>
   <div class='ocr_carea' id='block_1_84' title="bbox 1915 4209 3491 4294">
    <p class='ocr_par' dir='ltr' id='par_1_84' title="bbox 1915 4209 3491 4294">
     <span class='ocr_line' id='line_1_84' title="bbox 1915 4209 3491 4294; baseline -0.013 -13"><span class='ocrx_word' id='word_1_564' title='bbox 1915 4225 2023 4281; x_wconf 87' lang='lat' dir='ltr'><strong>bus</strong></span> <span class='ocrx_word' id='word_1_565' title='bbox 2051 4222 2313 4294; x_wconf 76' lang='lat' dir='ltr'><strong>gradibus</strong></span> <span class='ocrx_word' id='word_1_566' title='bbox 2371 4218 2672 4280; x_wconf 88' lang='lat' dir='ltr'><strong>habendos,</strong></span> <span class='ocrx_word' id='word_1_567' title='bbox 2722 4230 2786 4270; x_wconf 85' lang='lat' dir='ltr'><strong>ac</strong></span> <span class='ocrx_word' id='word_1_568' title='bbox 2841 4221 3125 4285; x_wconf 88' lang='lat' dir='ltr'><strong>propterea</strong></span> <span class='ocrx_word' id='word_1_569' title='bbox 3164 4209 3491 4281; x_wconf 90' lang='lat' dir='ltr'><strong>permitten-</strong></span> 
     </span>
    </p>
   </div>
   <div class='ocr_carea' id='block_1_85' title="bbox 1919 4298 3490 4378">
    <p class='ocr_par' dir='ltr' id='par_1_85' title="bbox 1919 4298 3490 4378">
     <span class='ocr_line' id='line_1_85' title="bbox 1919 4298 3490 4378; baseline -0.013 -5"><span class='ocrx_word' id='word_1_570' title='bbox 1919 4314 2050 4373; x_wconf 86' lang='lat' dir='ltr'><strong>dum</strong></span> <span class='ocrx_word' id='word_1_571' title='bbox 2127 4316 2491 4374; x_wconf 89' lang='lat' dir='ltr'><strong>contraetum,</strong></span> <span class='ocrx_word' id='word_1_572' title='bbox 2568 4323 2679 4378; x_wconf 91' lang='lat' dir='ltr'><strong>quo</strong></span> <span class='ocrx_word' id='word_1_573' title='bbox 2754 4305 2821 4358; x_wconf 90' lang='lat' dir='ltr'><strong>de</strong></span> <span class='ocrx_word' id='word_1_574' title='bbox 2893 4302 3095 4373; x_wconf 81' lang='lat' dir='ltr'><strong>agitur.</strong></span> <span class='ocrx_word' id='word_1_575' title='bbox 3146 4298 3490 4354; x_wconf 81' lang='lat' dir='ltr'><strong>Disseramus</strong></span> 
     </span>
    </p>
   </div>
   <div class='ocr_carea' id='block_1_86' title="bbox 1920 4388 3491 4479">
    <p class='ocr_par' dir='ltr' id='par_1_86' title="bbox 1920 4388 3491 4479">
     <span class='ocr_line' id='line_1_86' title="bbox 1920 4388 3491 4479; baseline -0.012 -17"><span class='ocrx_word' id='word_1_576' title='bbox 1920 4406 2105 4479; x_wconf 75' lang='lat' dir='ltr'><strong>igitur,</strong></span> <span class='ocrx_word' id='word_1_577' title='bbox 2120 4412 2174 4461; x_wconf 88' lang='lat' dir='ltr'><strong>et</strong></span> <span class='ocrx_word' id='word_1_578' title='bbox 2188 4402 2345 4475; x_wconf 88' lang='lat' dir='ltr'><strong>quasi</strong></span> <span class='ocrx_word' id='word_1_579' title='bbox 2375 4408 2686 4470; x_wconf 88' lang='lat' dir='ltr'><strong>repetamus</strong></span> <span class='ocrx_word' id='word_1_580' title='bbox 2698 4396 2766 4451; x_wconf 89' lang='lat' dir='ltr'><strong>ab</strong></span> <span class='ocrx_word' id='word_1_581' title='bbox 2791 4395 2912 4466; x_wconf 90' lang='lat' dir='ltr'><strong>ipso</strong></span> <span class='ocrx_word' id='word_1_582' title='bbox 2933 4392 3107 4464; x_wconf 88' lang='lat' dir='ltr'><strong>apice,</strong></span> <span class='ocrx_word' id='word_1_583' title='bbox 3123 4405 3245 4463; x_wconf 63' lang='lat' dir='ltr'><strong>quae</strong></span> <span class='ocrx_word' id='word_1_584' title='bbox 3262 4388 3491 4447; x_wconf 81' lang='lat' dir='ltr'><strong>dicenda</strong></span> 
     </span>
    </p>
   </div>
   <div class='ocr_carea' id='block_1_87' title="bbox 1920 4501 2172 4558">
    <p class='ocr_par' dir='ltr' id='par_1_87' title="bbox 1920 4501 2172 4558">
     <span class='ocr_line' id='line_1_87' title="bbox 1920 4501 2172 4558; baseline -0.02 0"><span class='ocrx_word' id='word_1_585' title='bbox 1920 4501 2172 4558; x_wconf 87' lang='lat' dir='ltr'><strong>veniunt.</strong></span> 
     </span>
    </p>
   </div>
   <div class='ocr_carea' id='block_1_88' title="bbox 274 4574 1791 4661">
    <p class='ocr_par' dir='ltr' id='par_1_88' title="bbox 274 4582 1789 4657">
     <span class='ocr_line' id='line_1_88' title="bbox 274 4582 1789 4657; baseline 0 -18"><span class='ocrx_word' id='word_1_586' title='bbox 274 4584 435 4640; x_wconf 71' lang='grc' dir='ltr'>Φασί</span> <span class='ocrx_word' id='word_1_587' title='bbox 469 4599 626 4648; x_wconf 83' lang='grc' dir='ltr'>τινες</span> <span class='ocrx_word' id='word_1_588' title='bbox 648 4582 747 4656; x_wconf 78' lang='grc' dir='ltr'><strong>τὴν</strong></span> <span class='ocrx_word' id='word_1_589' title='bbox 772 4582 957 4653; x_wconf 85' lang='grc' dir='ltr'>φωνὴν</span> <span class='ocrx_word' id='word_1_590' title='bbox 989 4582 1084 4637; x_wconf 79' lang='grc' dir='ltr'>τοῦ</span> <span class='ocrx_word' id='word_1_591' title='bbox 1116 4583 1323 4655; x_wconf 80' lang='grc' dir='ltr'>Κυρίου</span> <span class='ocrx_word' id='word_1_592' title='bbox 1378 4583 1481 4657; x_wconf 86' lang='grc' dir='ltr'>τὴν</span> <span class='ocrx_word' id='word_1_593' title='bbox 1524 4583 1789 4653; x_wconf 81' lang='grc' dir='ltr'>λέγουσαν</span> 
     </span>
    </p>
   </div>
   <div class='ocr_carea' id='block_1_89' title="bbox 1899 4574 3492 4661">
    <p class='ocr_par' dir='ltr' id='par_1_89' title="bbox 1988 4574 3492 4661">
     <span class='ocr_line' id='line_1_89' title="bbox 1988 4574 3492 4661; baseline -0.015 -13"><span class='ocrx_word' id='word_1_594' title='bbox 1988 4593 2158 4648; x_wconf 83' lang='lat' dir='ltr'><strong>Aiunt</strong></span> <span class='ocrx_word' id='word_1_595' title='bbox 2210 4586 2433 4661; x_wconf 83' lang='lat' dir='ltr'><strong>quidam</strong></span> <span class='ocrx_word' id='word_1_596' title='bbox 2493 4600 2681 4641; x_wconf 81' lang='lat' dir='ltr'><strong>vocem</strong></span> <span class='ocrx_word' id='word_1_597' title='bbox 2748 4579 2986 4646; x_wconf 87' lang='lat' dir='ltr'><strong>Domini,</strong></span> <span class='ocrx_word' id='word_1_598' title='bbox 3076 4590 3181 4649; x_wconf 86' lang='lat' dir='ltr'><strong>qua</strong></span> <span class='ocrx_word' id='word_1_599' title='bbox 3267 4574 3492 4638; x_wconf 84' lang='lat' dir='ltr'><strong>dicitur,</strong></span> 
     </span>
    </p>
   </div>
   <div class='ocr_carea' id='block_1_90' title="bbox 197 4666 1791 4753">
    <p class='ocr_par' dir='ltr' id='par_1_90' title="bbox 197 4675 1786 4748">
     <span class='ocr_line' id='line_1_90' title="bbox 197 4675 1786 4748; baseline -0.002 -15"><span class='ocrx_word' id='word_1_600' title='bbox 197 4678 321 4734; x_wconf 78' lang='lat' dir='ltr'><strong>Kal.</strong></span> <span class='ocrx_word' id='word_1_601' title='bbox 353 4678 593 4732; x_wconf 73' lang='grc' dir='ltr'>ἔσονται</span> <span class='ocrx_word' id='word_1_602' title='bbox 626 4677 674 4729; x_wconf 87' lang='grc' dir='ltr'>οἱ</span> <span class='ocrx_word' id='word_1_603' title='bbox 723 4675 985 4746; x_wconf 78' lang='grc' dir='ltr'>ὁμόζυγοι</span> <span class='ocrx_word' id='word_1_604' title='bbox 1018 4675 1155 4746; x_wconf 80' lang='grc' dir='ltr'>σὰρξ</span> <span class='ocrx_word' id='word_1_605' title='bbox 1199 4675 1319 4747; x_wconf 91' lang='grc' dir='ltr'>μία,</span> <span class='ocrx_word' id='word_1_606' title='bbox 1363 4676 1440 4748; x_wconf 74' lang='grc' dir='ltr'>μὴ</span> <span class='ocrx_word' id='word_1_607' title='bbox 1475 4676 1786 4748; x_wconf 73' lang='grc' dir='ltr'>ἐκλαμϐάνε</span> 
     </span>
    </p>
   </div>
   <div class='ocr_carea' id='block_1_91' title="bbox 1899 4666 3498 4753">
    <p class='ocr_par' dir='ltr' id='par_1_91' title="bbox 1921 4666 3498 4753">
     <span class='ocr_line' id='line_1_91' title="bbox 1921 4666 3498 4753; baseline -0.013 -13"><span class='ocrx_word' id='word_1_608' title='bbox 1921 4684 2097 4740; x_wconf 85' lang='lat' dir='ltr'><strong>Erunt</strong></span> <span class='ocrx_word' id='word_1_609' title='bbox 2137 4684 2400 4753; x_wconf 82' lang='lat' dir='ltr'><strong>conjuges</strong></span> <span class='ocrx_word' id='word_1_610' title='bbox 2428 4693 2538 4734; x_wconf 91' lang='lat' dir='ltr'><strong>una</strong></span> <span class='ocrx_word' id='word_1_611' title='bbox 2580 4693 2733 4742; x_wconf 89' lang='lat' dir='ltr'><strong>caro,</strong></span> <span class='ocrx_word' id='word_1_612' title='bbox 2758 4689 2868 4728; x_wconf 88' lang='lat' dir='ltr'><strong>non</strong></span> <span class='ocrx_word' id='word_1_613' title='bbox 2908 4673 2976 4728; x_wconf 92' lang='lat' dir='ltr'><strong>de</strong></span> <span class='ocrx_word' id='word_1_614' title='bbox 3024 4668 3304 4725; x_wconf 86' lang='lat' dir='ltr'><strong>identitate</strong></span> <span class='ocrx_word' id='word_1_615' title='bbox 3348 4666 3498 4720; x_wconf 87' lang='lat' dir='ltr'><strong>acci-</strong></span> 
     </span>
    </p>
   </div>
   <div class='ocr_carea' id='block_1_92' title="bbox 199 4757 1791 4847">
    <p class='ocr_par' dir='ltr' id='par_1_92' title="bbox 199 4767 1791 4841">
     <span class='ocr_line' id='line_1_92' title="bbox 199 4767 1791 4841; baseline 0.001 -19"><span class='ocrx_word' id='word_1_616' title='bbox 199 4770 341 4825; x_wconf 86' lang='grc' dir='ltr'>σθαι</span> <span class='ocrx_word' id='word_1_617' title='bbox 376 4768 538 4841; x_wconf 77' lang='grc' dir='ltr'>πρὸς</span> <span class='ocrx_word' id='word_1_618' title='bbox 580 4768 905 4839; x_wconf 78' lang='grc' dir='ltr'>ταυτότητά,</span> <span class='ocrx_word' id='word_1_619' title='bbox 937 4767 1073 4821; x_wconf 74' lang='grc' dir='ltr'>ἀλλὰ</span> <span class='ocrx_word' id='word_1_620' title='bbox 1108 4768 1246 4839; x_wconf 71' lang='grc' dir='ltr'>πρὸς</span> <span class='ocrx_word' id='word_1_621' title='bbox 1284 4769 1522 4839; x_wconf 88' lang='grc' dir='ltr'>στοργὴν</span> <span class='ocrx_word' id='word_1_622' title='bbox 1553 4769 1651 4823; x_wconf 70' lang='grc' dir='ltr'><strong>καὶ</strong></span> <span class='ocrx_word' id='word_1_623' title='bbox 1683 4769 1791 4840; x_wconf 77' lang='grc' dir='ltr'>ὀμόι</span> 
     </span>
    </p>
   </div>
   <div class='ocr_carea' id='block_1_93' title="bbox 1899 4757 3496 4847">
    <p class='ocr_par' dir='ltr' id='par_1_93' title="bbox 1930 4760 3496 4847">
     <span class='ocr_line' id='line_1_93' title="bbox 1930 4760 3496 4847; baseline -0.01 -18"><span class='ocrx_word' id='word_1_624' title='bbox 1930 4776 2208 4847; x_wconf 90' lang='lat' dir='ltr'><strong>piendam,</strong></span> <span class='ocrx_word' id='word_1_625' title='bbox 2237 4774 2333 4829; x_wconf 88' lang='lat' dir='ltr'><strong>sed</strong></span> <span class='ocrx_word' id='word_1_626' title='bbox 2371 4772 2437 4827; x_wconf 90' lang='lat' dir='ltr'><strong>de</strong></span> <span class='ocrx_word' id='word_1_627' title='bbox 2474 4783 2661 4825; x_wconf 74' lang='lat' dir='ltr'><strong>amore</strong></span> <span class='ocrx_word' id='word_1_628' title='bbox 2688 4782 2751 4821; x_wconf 90' lang='lat' dir='ltr'><strong>ac</strong></span> <span class='ocrx_word' id='word_1_629' title='bbox 2774 4780 3066 4820; x_wconf 83' lang='lat' dir='ltr'><strong>consensu.</strong></span> <span class='ocrx_word' id='word_1_630' title='bbox 3089 4763 3299 4833; x_wconf 87' lang='lat' dir='ltr'><strong>Quippe</strong></span> <span class='ocrx_word' id='word_1_631' title='bbox 3329 4760 3384 4816; x_wconf 88' lang='lat' dir='ltr'><strong>ni</strong></span> <span class='ocrx_word' id='word_1_632' title='bbox 3415 4760 3496 4817; x_wconf 83' lang='lat' dir='ltr'><strong>sic</strong></span> 
     </span>
    </p>
   </div>
   <div class='ocr_carea' id='block_1_94' title="bbox 192 4853 1791 4934">
    <p class='ocr_par' dir='ltr' id='par_1_94' title="bbox 192 4859 1791 4934">
     <span class='ocr_line' id='line_1_94' title="bbox 192 4859 1791 4934; baseline 0 -17"><span class='ocrx_word' id='word_1_633' title='bbox 192 4880 389 4917; x_wconf 82' lang='grc' dir='ltr'>νοιαν.</span> <span class='ocrx_word' id='word_1_634' title='bbox 414 4862 490 4915; x_wconf 78' lang='lat' dir='ltr'><strong>El</strong></span> <span class='ocrx_word' id='word_1_635' title='bbox 513 4861 624 4932; x_wconf 84' lang='grc' dir='ltr'><strong>γάρ</strong></span> <span class='ocrx_word' id='word_1_636' title='bbox 647 4861 723 4933; x_wconf 78' lang='grc' dir='ltr'>μὴ</span> <span class='ocrx_word' id='word_1_637' title='bbox 742 4859 917 4923; x_wconf 78' lang='grc' dir='ltr'>οὕτως</span> <span class='ocrx_word' id='word_1_638' title='bbox 933 4862 1177 4932; x_wconf 73' lang='grc' dir='ltr'>ὲκληφθῇ</span> <span class='ocrx_word' id='word_1_639' title='bbox 1197 4862 1259 4915; x_wconf 83' lang='grc' dir='ltr'><strong>τὸ</strong></span> <span class='ocrx_word' id='word_1_640' title='bbox 1280 4863 1560 4934; x_wconf 78' lang='grc' dir='ltr'>Κυριακὸν</span> <span class='ocrx_word' id='word_1_641' title='bbox 1581 4863 1791 4917; x_wconf 87' lang='grc' dir='ltr'>θεσπιώ</span> 
     </span>
    </p>
   </div>
   <div class='ocr_carea' id='block_1_95' title="bbox 1899 4853 3496 4934">
    <p class='ocr_par' dir='ltr' id='par_1_95' title="bbox 1922 4853 3496 4926">
     <span class='ocr_line' id='line_1_95' title="bbox 1922 4853 3496 4926; baseline -0.01 -3"><span class='ocrx_word' id='word_1_642' title='bbox 1922 4868 2203 4926; x_wconf 89' lang='lat' dir='ltr'><strong>oraculum</strong></span> <span class='ocrx_word' id='word_1_643' title='bbox 2242 4863 2583 4917; x_wconf 88' lang='lat' dir='ltr'><strong>Dotninicum</strong></span> <span class='ocrx_word' id='word_1_644' title='bbox 2614 4858 2952 4912; x_wconf 84' lang='lat' dir='ltr'><strong>intellectum</strong></span> <span class='ocrx_word' id='word_1_645' title='bbox 3012 4854 3198 4917; x_wconf 87' lang='lat' dir='ltr'><strong>fuerit,</strong></span> <span class='ocrx_word' id='word_1_646' title='bbox 3257 4853 3496 4923; x_wconf 84' lang='lat' dir='ltr'><strong>copulati</strong></span> 
     </span>
    </p>
   </div>
   <div class='ocr_carea' id='block_1_96' title="bbox 193 4948 1791 5029">
    <p class='ocr_par' dir='ltr' id='par_1_96' title="bbox 193 4952 1791 5028">
     <span class='ocr_line' id='line_1_96' title="bbox 193 4952 1791 5028; baseline -0.005 -11"><span class='ocrx_word' id='word_1_647' title='bbox 193 4954 412 5028; x_wconf 45' lang='grc' dir='ltr'>δημαι</span> <span class='ocrx_word' id='word_1_648' title='bbox 460 4953 691 5023; x_wconf 76' lang='grc' dir='ltr'>ἀδελφοὶ</span> <span class='ocrx_word' id='word_1_649' title='bbox 740 4952 989 5024; x_wconf 83' lang='grc' dir='ltr'>κληθεῖεν</span> <span class='ocrx_word' id='word_1_650' title='bbox 1036 4957 1086 5008; x_wconf 86' lang='lat' dir='ltr'><strong>ol</strong></span> <span class='ocrx_word' id='word_1_651' title='bbox 1137 4955 1527 5024; x_wconf 80' lang='grc' dir='ltr'>συναφθέντες,</span> <span class='ocrx_word' id='word_1_652' title='bbox 1581 4957 1678 5010; x_wconf 79' lang='grc' dir='ltr'>καὶ</span> <span class='ocrx_word' id='word_1_653' title='bbox 1721 4956 1791 5027; x_wconf 57' lang='grc' dir='ltr'><strong>οὐ]</strong></span> 
     </span>
    </p>
   </div>
   <div class='ocr_carea' id='block_1_97' title="bbox 1899 4948 3495 5029">
    <p class='ocr_par' dir='ltr' id='par_1_97' title="bbox 1922 4948 3495 5029">
     <span class='ocr_line' id='line_1_97' title="bbox 1922 4948 3495 5029; baseline -0.013 -13"><span class='ocrx_word' id='word_1_654' title='bbox 1922 4957 2179 5029; x_wconf 78' lang='lat' dir='ltr'><strong>conjugio</strong></span> <span class='ocrx_word' id='word_1_655' title='bbox 2241 4952 2472 5010; x_wconf 87' lang='lat' dir='ltr'><strong>vocandi</strong></span> <span class='ocrx_word' id='word_1_656' title='bbox 2533 4958 2717 5006; x_wconf 88' lang='lat' dir='ltr'><strong>essent</strong></span> <span class='ocrx_word' id='word_1_657' title='bbox 2768 4948 2975 5002; x_wconf 81' lang='lat' dir='ltr'><strong>fratres</strong></span> <span class='ocrx_word' id='word_1_658' title='bbox 3006 4961 3071 5000; x_wconf 90' lang='lat' dir='ltr'><strong>ac</strong></span> <span class='ocrx_word' id='word_1_659' title='bbox 3101 4961 3341 5008; x_wconf 84' lang='lat' dir='ltr'><strong>sorores,</strong></span> <span class='ocrx_word' id='word_1_660' title='bbox 3381 4959 3495 4998; x_wconf 86' lang='lat' dir='ltr'><strong>non</strong></span> 
     </span>
    </p>
   </div>
   <div class='ocr_carea' id='block_1_98' title="bbox 188 5034 1791 5119">
    <p class='ocr_par' dir='ltr' id='par_1_98' title="bbox 188 5045 1791 5119">
     <span class='ocr_line' id='line_1_98' title="bbox 188 5045 1791 5119; baseline 0.001 -19"><span class='ocrx_word' id='word_1_661' title='bbox 188 5046 503 5117; x_wconf 65' lang='grc' dir='ltr'>ὁμόζυγα</span> <span class='ocrx_word' id='word_1_662' title='bbox 524 5060 539 5076; x_wconf 83' lang='lat'><strong><em>°</em></strong></span> <span class='ocrx_word' id='word_1_663' title='bbox 578 5045 676 5099; x_wconf 77' lang='grc' dir='ltr'>καὶ</span> <span class='ocrx_word' id='word_1_664' title='bbox 715 5045 915 5115; x_wconf 70' lang='grc' dir='ltr'>ἑφεξῆς</span> <span class='ocrx_word' id='word_1_665' title='bbox 956 5046 1461 5118; x_wconf 70' lang='grc' dir='ltr'>ἐπακολουθήσουσι</span> <span class='ocrx_word' id='word_1_666' title='bbox 1488 5049 1632 5103; x_wconf 84' lang='grc' dir='ltr'>κακὰ</span> <span class='ocrx_word' id='word_1_667' title='bbox 1661 5066 1791 5119; x_wconf 89' lang='grc' dir='ltr'>μυρι</span> 
     </span>
    </p>
   </div>
   <div class='ocr_carea' id='block_1_99' title="bbox 1899 5034 3495 5119">
    <p class='ocr_par' dir='ltr' id='par_1_99' title="bbox 1927 5034 3495 5117">
     <span class='ocr_line' id='line_1_99' title="bbox 1927 5034 3495 5117; baseline -0.012 -12"><span class='ocrx_word' id='word_1_668' title='bbox 1927 5048 2189 5117; x_wconf 80' lang='lat' dir='ltr'><strong>conjuges</strong></span> <span class='ocrx_word' id='word_1_669' title='bbox 2216 5060 2229 5098; x_wconf 87' lang='lat'><strong>:</strong></span> <span class='ocrx_word' id='word_1_670' title='bbox 2264 5057 2327 5097; x_wconf 92' lang='lat' dir='ltr'><strong>ac</strong></span> <span class='ocrx_word' id='word_1_671' title='bbox 2373 5041 2631 5109; x_wconf 86' lang='lat' dir='ltr'><strong>deinceps</strong></span> <span class='ocrx_word' id='word_1_672' title='bbox 2660 5053 2875 5109; x_wconf 86' lang='lat' dir='ltr'><strong>quoque</strong></span> <span class='ocrx_word' id='word_1_673' title='bbox 2906 5034 3495 5107; x_wconf 80' lang='lat' dir='ltr'><strong>sequerenturinﬂuita</strong></span> 
     </span>
    </p>
   </div>
   <div class='ocr_carea' id='block_1_100' title="bbox 189 5120 1791 5209">
    <p class='ocr_par' dir='ltr' id='par_1_100' title="bbox 189 5135 1791 5209">
     <span class='ocr_line' id='line_1_100' title="bbox 189 5135 1791 5209; baseline -0.001 -16"><span class='ocrx_word' id='word_1_674' title='bbox 189 5136 464 5208; x_wconf 76' lang='grc' dir='ltr'>όριθμα,</span> <span class='ocrx_word' id='word_1_675' title='bbox 517 5135 617 5207; x_wconf 81' lang='grc' dir='ltr'><strong>τὴν</strong></span> <span class='ocrx_word' id='word_1_676' title='bbox 651 5135 882 5190; x_wconf 82' lang='grc' dir='ltr'>ἀτοπίαν</span> <span class='ocrx_word' id='word_1_677' title='bbox 910 5135 1007 5189; x_wconf 82' lang='grc' dir='ltr'><strong>τοῦ</strong></span> <span class='ocrx_word' id='word_1_678' title='bbox 1060 5136 1376 5209; x_wconf 80' lang='grc' dir='ltr'>ζητήματος</span> <span class='ocrx_word' id='word_1_679' title='bbox 1424 5137 1791 5208; x_wconf 89' lang='grc' dir='ltr'>μεγαλύνοντα</span> 
     </span>
    </p>
   </div>
   <div class='ocr_carea' id='block_1_101' title="bbox 1899 5120 3498 5209">
    <p class='ocr_par' dir='ltr' id='par_1_101' title="bbox 1927 5120 3498 5201">
     <span class='ocr_line' id='line_1_101' title="bbox 1927 5120 3498 5201; baseline -0.012 -7"><span class='ocrx_word' id='word_1_680' title='bbox 1927 5129 2296 5197; x_wconf 83' lang='lat' dir='ltr'><strong>incommoda,</strong></span> <span class='ocrx_word' id='word_1_681' title='bbox 2320 5129 2639 5201; x_wconf 66' lang='lat' dir='ltr'><strong>quaestionis</strong></span> <span class='ocrx_word' id='word_1_682' title='bbox 2662 5128 3056 5183; x_wconf 84' lang='lat' dir='ltr'><strong>ahsurditatem</strong></span> <span class='ocrx_word' id='word_1_683' title='bbox 3092 5125 3352 5194; x_wconf 90' lang='lat' dir='ltr'><strong>majorem</strong></span> <span class='ocrx_word' id='word_1_684' title='bbox 3380 5120 3498 5177; x_wconf 75' lang='lat' dir='ltr'><strong>em-</strong></span> 
     </span>
    </p>
   </div>
   <div class='ocr_carea' id='block_1_102' title="bbox 199 5216 1791 5301">
    <p class='ocr_par' dir='ltr' id='par_1_102' title="bbox 199 5226 1791 5301">
     <span class='ocr_line' id='line_1_102' title="bbox 199 5226 1791 5301; baseline 0 -18"><span class='ocrx_word' id='word_1_685' title='bbox 199 5228 673 5284; x_wconf 83' lang='grc' dir='ltr'>’Δκουσάτωσαν</span> <span class='ocrx_word' id='word_1_686' title='bbox 700 5226 815 5292; x_wconf 76' lang='grc' dir='ltr'>οὖν,</span> <span class='ocrx_word' id='word_1_687' title='bbox 860 5228 936 5293; x_wconf 82' lang='grc' dir='ltr'><strong>ὡς</strong></span> <span class='ocrx_word' id='word_1_688' title='bbox 975 5231 1270 5301; x_wconf 86' lang='grc' dir='ltr'>προτάσεις</span> <span class='ocrx_word' id='word_1_689' title='bbox 1304 5230 1521 5300; x_wconf 80' lang='grc' dir='ltr'>ψευδεῖς</span> <span class='ocrx_word' id='word_1_690' title='bbox 1568 5229 1695 5284; x_wconf 74' lang='grc' dir='ltr'>οὔτε</span> <span class='ocrx_word' id='word_1_691' title='bbox 1730 5231 1791 5285; x_wconf 76' lang='lat' dir='ltr'><em>6a</em></span> 
     </span>
    </p>
   </div>
   <div class='ocr_carea' id='block_1_103' title="bbox 1899 5216 3498 5301">
    <p class='ocr_par' dir='ltr' id='par_1_103' title="bbox 1927 5216 3498 5293">
     <span class='ocr_line' id='line_1_103' title="bbox 1927 5216 3498 5293; baseline -0.014 -5"><span class='ocrx_word' id='word_1_692' title='bbox 1927 5229 2149 5289; x_wconf 88' lang='lat' dir='ltr'><strong>cientia.</strong></span> <span class='ocrx_word' id='word_1_693' title='bbox 2183 5224 2422 5281; x_wconf 83' lang='lat' dir='ltr'><strong>Audiant</strong></span> <span class='ocrx_word' id='word_1_694' title='bbox 2483 5236 2636 5293; x_wconf 78' lang='lat' dir='ltr'><strong>ergo,</strong></span> <span class='ocrx_word' id='word_1_695' title='bbox 2690 5219 3093 5291; x_wconf 87' lang='lat' dir='ltr'><strong>propositiones</strong></span> <span class='ocrx_word' id='word_1_696' title='bbox 3130 5216 3298 5271; x_wconf 87' lang='lat' dir='ltr'><strong>falsas</strong></span> <span class='ocrx_word' id='word_1_697' title='bbox 3318 5227 3498 5283; x_wconf 81' lang='lat' dir='ltr'><strong>neque</strong></span> 
     </span>
    </p>
   </div>
   <div class='ocr_carea' id='block_1_104' title="bbox 188 5302 1791 5397">
    <p class='ocr_par' dir='ltr' id='par_1_104' title="bbox 188 5319 1788 5395">
     <span class='ocr_line' id='line_1_104' title="bbox 188 5319 1788 5395; baseline 0.002 -21"><span class='ocrx_word' id='word_1_698' title='bbox 188 5319 627 5390; x_wconf 64' lang='grc' dir='ltr'>συλλογισμῶν</span> <span class='ocrx_word' id='word_1_699' title='bbox 671 5321 928 5393; x_wconf 80' lang='grc' dir='ltr'>ἀλήθειαν</span> <span class='ocrx_word' id='word_1_700' title='bbox 978 5322 1465 5395; x_wconf 86' lang='grc' dir='ltr'>συμπεραίνουσιν,</span> <span class='ocrx_word' id='word_1_701' title='bbox 1517 5322 1642 5377; x_wconf 75' lang='grc' dir='ltr'>οὔτε</span> <span class='ocrx_word' id='word_1_702' title='bbox 1684 5323 1788 5394; x_wconf 79' lang='grc' dir='ltr'>πρὸ</span> 
     </span>
    </p>
   </div>
   <div class='ocr_carea' id='block_1_105' title="bbox 1899 5302 3496 5397">
    <p class='ocr_par' dir='ltr' id='par_1_105' title="bbox 1925 5302 3496 5397">
     <span class='ocr_line' id='line_1_105' title="bbox 1925 5302 3496 5397; baseline -0.014 -16"><span class='ocrx_word' id='word_1_703' title='bbox 1925 5339 2024 5397; x_wconf 89' lang='lat' dir='ltr'><strong>per</strong></span> <span class='ocrx_word' id='word_1_704' title='bbox 2079 5321 2426 5393; x_wconf 79' lang='lat' dir='ltr'><strong>syllogismos</strong></span> <span class='ocrx_word' id='word_1_705' title='bbox 2466 5315 2751 5373; x_wconf 86' lang='lat' dir='ltr'><strong>veritatem</strong></span> <span class='ocrx_word' id='word_1_706' title='bbox 2798 5311 3147 5375; x_wconf 83' lang='lat' dir='ltr'><strong>concludere,</strong></span> <span class='ocrx_word' id='word_1_707' title='bbox 3200 5320 3377 5377; x_wconf 84' lang='lat' dir='ltr'><strong>neque</strong></span> <span class='ocrx_word' id='word_1_708' title='bbox 3448 5302 3496 5361; x_wconf 86' lang='lat' dir='ltr'><strong>si</strong></span> 
     </span>
    </p>
   </div>
   <div class='ocr_carea' id='block_1_106' title="bbox 180 5413 1821 5487">
    <p class='ocr_par' dir='ltr' id='par_1_106' title="bbox 180 5413 1821 5487">
     <span class='ocr_line' id='line_1_106' title="bbox 180 5413 1821 5487; baseline 0 -18"><span class='ocrx_word' id='word_1_709' title='bbox 180 5415 253 5469; x_wconf 69' lang='grc' dir='ltr'>τὸ</span> <span class='ocrx_word' id='word_1_710' title='bbox 286 5413 599 5469; x_wconf 79' lang='grc' dir='ltr'>ἀδύνατον</span> <span class='ocrx_word' id='word_1_711' title='bbox 618 5414 989 5485; x_wconf 84' lang='grc' dir='ltr'>ἁπαγόμεναι,</span> <span class='ocrx_word' id='word_1_712' title='bbox 1010 5414 1102 5469; x_wconf 80' lang='grc' dir='ltr'>τοῦ</span> <span class='ocrx_word' id='word_1_713' title='bbox 1136 5416 1499 5487; x_wconf 80' lang='grc' dir='ltr'>ὑποκειμένου</span> <span class='ocrx_word' id='word_1_714' title='bbox 1526 5415 1626 5486; x_wconf 77' lang='grc' dir='ltr'><strong>τὴν</strong></span> <span class='ocrx_word' id='word_1_715' title='bbox 1659 5416 1821 5484; x_wconf 83' lang='grc' dir='ltr'>φύσιν</span> 
     </span>
    </p>
   </div>
   <div class='ocr_carea' id='block_1_107' title="bbox 189 5507 1816 5582">
    <p class='ocr_par' dir='ltr' id='par_1_107' title="bbox 189 5507 1816 5582">
     <span class='ocr_line' id='line_1_107' title="bbox 189 5507 1816 5582; baseline 0 -21"><span class='ocrx_word' id='word_1_716' title='bbox 189 5507 665 5580; x_wconf 75' lang='grc' dir='ltr'>μετατιθέασιν·</span> <span class='ocrx_word' id='word_1_717' title='bbox 704 5508 820 5561; x_wconf 75' lang='grc' dir='ltr'>ἀλλ’</span> <span class='ocrx_word' id='word_1_718' title='bbox 861 5510 921 5574; x_wconf 73' lang='grc' dir='ltr'>ἐξ</span> <span class='ocrx_word' id='word_1_719' title='bbox 949 5510 1403 5582; x_wconf 82' lang='grc' dir='ltr'>ὁμολογουμένων</span> <span class='ocrx_word' id='word_1_720' title='bbox 1427 5510 1523 5565; x_wconf 76' lang='grc' dir='ltr'><strong>καὶ</strong></span> <span class='ocrx_word' id='word_1_721' title='bbox 1556 5509 1816 5563; x_wconf 82' lang='grc' dir='ltr'>ἀπλανῶν</span> 
     </span>
    </p>
   </div>
   <div class='ocr_carea' id='block_1_108' title="bbox 183 5596 1822 5673">
    <p class='ocr_par' dir='ltr' id='par_1_108' title="bbox 183 5596 1822 5673">
     <span class='ocr_line' id='line_1_108' title="bbox 183 5596 1822 5673; baseline -0.002 -18"><span class='ocrx_word' id='word_1_722' title='bbox 183 5596 535 5658; x_wconf 68' lang='grc' dir='ltr'>ἀνατέλλει</span> <span class='ocrx_word' id='word_1_723' title='bbox 572 5598 671 5670; x_wconf 79' lang='grc' dir='ltr'>τῆς</span> <span class='ocrx_word' id='word_1_724' title='bbox 719 5598 976 5667; x_wconf 61' lang='grc' dir='ltr'>άλτηθείας</span> <span class='ocrx_word' id='word_1_725' title='bbox 1006 5603 1034 5655; x_wconf 88' lang='lat'><strong>6</strong></span> <span class='ocrx_word' id='word_1_726' title='bbox 1074 5601 1245 5673; x_wconf 73' lang='grc' dir='ltr'>ἣλιος.</span> <span class='ocrx_word' id='word_1_727' title='bbox 1280 5602 1341 5655; x_wconf 83' lang='grc' dir='ltr'><strong>Εἰ</strong></span> <span class='ocrx_word' id='word_1_728' title='bbox 1382 5601 1490 5670; x_wconf 89' lang='grc' dir='ltr'><strong>γάρ</strong></span> <span class='ocrx_word' id='word_1_729' title='bbox 1538 5617 1626 5665; x_wconf 87' lang='grc' dir='ltr'><strong>τις</strong></span> <span class='ocrx_word' id='word_1_730' title='bbox 1676 5599 1822 5653; x_wconf 79' lang='grc' dir='ltr'>εἴποι</span> 
     </span>
    </p>
   </div>
   <div class='ocr_carea' id='block_1_109' title="bbox 1925 5402 3497 5477">
    <p class='ocr_par' dir='ltr' id='par_1_109' title="bbox 1925 5402 3497 5477">
     <span class='ocr_line' id='line_1_109' title="bbox 1925 5402 3497 5477; baseline -0.015 -6"><span class='ocrx_word' id='word_1_731' title='bbox 1925 5414 2269 5472; x_wconf 87' lang='lat' dir='ltr'><strong>deducantur</strong></span> <span class='ocrx_word' id='word_1_732' title='bbox 2330 5409 2397 5464; x_wconf 90' lang='lat' dir='ltr'><strong>ad</strong></span> <span class='ocrx_word' id='word_1_733' title='bbox 2441 5405 2802 5477; x_wconf 88' lang='lat' dir='ltr'><strong>impossibile,</strong></span> <span class='ocrx_word' id='word_1_734' title='bbox 2836 5402 3066 5473; x_wconf 88' lang='lat' dir='ltr'><strong>subjecti</strong></span> <span class='ocrx_word' id='word_1_735' title='bbox 3094 5406 3346 5453; x_wconf 72' lang='lat' dir='ltr'><strong>naturam</strong></span> <span class='ocrx_word' id='word_1_736' title='bbox 3375 5412 3497 5451; x_wconf 89' lang='lat' dir='ltr'><strong>mu-</strong></span> 
     </span>
    </p>
   </div>
   <div class='ocr_carea' id='block_1_110' title="bbox 1926 5488 3494 5562">
    <p class='ocr_par' dir='ltr' id='par_1_110' title="bbox 1926 5488 3494 5562">
     <span class='ocr_line' id='line_1_110' title="bbox 1926 5488 3494 5562; baseline -0.013 0"><span class='ocrx_word' id='word_1_737' title='bbox 1926 5516 2043 5562; x_wconf 87' lang='lat' dir='ltr'><strong>tare</strong></span> <span class='ocrx_word' id='word_1_738' title='bbox 2078 5524 2092 5559; x_wconf 89' lang='lat'><strong>:</strong></span> <span class='ocrx_word' id='word_1_739' title='bbox 2124 5504 2220 5561; x_wconf 90' lang='lat' dir='ltr'><strong>sed</strong></span> <span class='ocrx_word' id='word_1_740' title='bbox 2273 5518 2339 5559; x_wconf 77' lang='lat' dir='ltr'><strong>ex</strong></span> <span class='ocrx_word' id='word_1_741' title='bbox 2372 5499 2648 5558; x_wconf 88' lang='lat' dir='ltr'><strong>confessis</strong></span> <span class='ocrx_word' id='word_1_742' title='bbox 2678 5508 2731 5553; x_wconf 91' lang='lat' dir='ltr'><strong>et</strong></span> <span class='ocrx_word' id='word_1_743' title='bbox 2759 5509 2946 5552; x_wconf 88' lang='lat' dir='ltr'><strong>errore</strong></span> <span class='ocrx_word' id='word_1_744' title='bbox 2973 5488 3288 5550; x_wconf 83' lang='lat' dir='ltr'><strong>carentibus</strong></span> <span class='ocrx_word' id='word_1_745' title='bbox 3323 5488 3494 5544; x_wconf 87' lang='lat' dir='ltr'><strong>solem</strong></span> 
     </span>
    </p>
   </div>
   <div class='ocr_carea' id='block_1_111' title="bbox 1924 5579 3493 5658">
    <p class='ocr_par' dir='ltr' id='par_1_111' title="bbox 1924 5579 3493 5658">
     <span class='ocr_line' id='line_1_111' title="bbox 1924 5579 3493 5658; baseline -0.013 -4"><span class='ocrx_word' id='word_1_746' title='bbox 1924 5596 2170 5654; x_wconf 87' lang='lat' dir='ltr'><strong>veritatis</strong></span> <span class='ocrx_word' id='word_1_747' title='bbox 2208 5594 2360 5650; x_wconf 90' lang='lat' dir='ltr'><strong>oriri.</strong></span> <span class='ocrx_word' id='word_1_748' title='bbox 2413 5591 2547 5648; x_wconf 84' lang='lat' dir='ltr'><strong>Nam</strong></span> <span class='ocrx_word' id='word_1_749' title='bbox 2603 5589 2749 5646; x_wconf 89' lang='lat' dir='ltr'><strong>verbi</strong></span> <span class='ocrx_word' id='word_1_750' title='bbox 2796 5585 2992 5658; x_wconf 74' lang='lat' dir='ltr'><strong>gratia,</strong></span> <span class='ocrx_word' id='word_1_751' title='bbox 3041 5582 3085 5640; x_wconf 86' lang='lat' dir='ltr'><strong>si</strong></span> <span class='ocrx_word' id='word_1_752' title='bbox 3130 5579 3493 5652; x_wconf 76' lang='lat' dir='ltr'><strong>quisdixerit,</strong></span> 
     </span>
    </p>
   </div>
   <div class='ocr_carea' id='block_1_112' title="bbox 1600 5774 2269 5834">
    <p class='ocr_par' dir='ltr' id='par_1_112' title="bbox 1600 5774 2269 5834">
     <span class='ocr_line' id='line_1_112' title="bbox 1600 5774 2269 5834; baseline 0.004 -7"><span class='ocrx_word' id='word_1_753' title='bbox 1600 5777 1831 5834; x_wconf 59' lang='lat' dir='ltr'><strong>VAlllI‘l</strong></span> <span class='ocrx_word' id='word_1_754' title='bbox 1865 5774 2269 5831; x_wconf 77' lang='lat' dir='ltr'><strong>LECTIONES.</strong></span> 
     </span>
    </p>
   </div>
   <div class='ocr_carea' id='block_1_113' title="bbox 276 5873 756 5940">
    <p class='ocr_par' dir='ltr' id='par_1_113' title="bbox 276 5873 756 5940">
     <span class='ocr_line' id='line_1_113' title="bbox 276 5873 756 5940; baseline -0.004 -14"><span class='ocrx_word' id='word_1_755' title='bbox 276 5879 334 5910; x_wconf 76' lang='grc'><strong>⁸³</strong></span> <span class='ocrx_word' id='word_1_756' title='bbox 383 5873 756 5940; x_wconf 69' lang='grc' dir='ltr'>ἑγχωρητέα.</span> 
     </span>
    </p>
   </div>
  </div>
