3990 6566
473 367 611 437 1203

1776 381 1808 442 J
1816 379 1916 442 US
1957 378 2405 448 CANONICUM

3585 396 3714 461 ιεθι

465 487 656 544 Omnis
683 487 821 559 lapis
868 492 1052 546 anima
1102 494 1361 565 praeditus
1409 508 1532 556 est:
1582 512 1646 555 ac
1702 513 1899 553 rursus
1964 510 2026 550 ex

2138 499 2321 568 τυχὸν,
2359 499 2474 562 Πᾶς
2494 499 2642 564 λίθος
2669 499 2910 572 ἔμψυχός
2937 502 3076 568 ἐστι,
3111 501 3206 558 καὶ
3234 505 3526 576 ἑτέρωθεν,
3563 510 3720 562 Uis:

464 579 631 632 altera
663 590 840 649 parte,
877 582 1068 642 Omnis
1129 592 1451 662 smaragdos
1492 603 1576 648 est
1606 594 1746 663 lapis
1782 610 1794 646 :
1829 605 1881 648 et
1905 609 2036 650 con-

464 669 673 736 cludat,
695 671 885 729 Omnis
909 691 1037 748 ergo
1057 678 1195 748 lapis
1225 685 1551 754 smaragdos
1580 696 1664 741 est
1693 687 1875 741 anima
1907 701 2038 758 prte-

463 759 612 816 ditus
893 769 1133 839 colliget,
1195 783 1617 846 extremumque
1667 778 2033 834 mendacium.

465 849 621 908 Unde
674 854 754 921 fit,
811 865 869 911 ut
921 861 1014 929 qui
1070 863 1204 918 dicit
1260 882 1356 936 per
1414 871 1749 926 matrimonii
1809 873 2036 942 copula-

462 945 666 1002 tionem
697 965 816 1005 esse
847 951 1042 1008 factam
1095 973 1454 1026 personarum
1510 962 1918 1031 confusionem,
1983 975 2035 1022 et

461 1039 778 1111 conjugium
826 1059 948 1100 esse
1009 1058 1436 1110 transmutatum
1492 1057 1547 1112 in
1611 1057 2034 1126 fraternitatem,

460 1139 625 1227 atque
669 1135 740 1188 ita
791 1136 934 1193 forte
997 1143 1392 1202 absurditatem
1439 1151 1760 1218 concludit;
1813 1170 2037 1227 compe-

461 1223 583 1279 dem
638 1226 854 1298 linguae,
897 1248 1004 1288 non
1071 1238 1355 1294 veritatem
1415 1243 1654 1310 colligat.
1687 1244 1842 1310 Quod
1908 1223 2033 1302 cum

461 1315 536 1369 ita
589 1319 682 1385 sit,
715 1337 950 1392 eumque
983 1337 1105 1397 post
1129 1333 1570 1399 conjunctionem
1607 1353 1773 1392 sexus
1804 1349 2034 1411 uterque

459 1420 676 1465 maneat
705 1413 952 1486 integer,
1010 1435 1172 1476 nemo
1250 1432 1358 1479 tam
1400 1427 1472 1482 sit
1522 1430 1720 1494 audax,
1783 1440 1842 1487 ut
1888 1433 2036 1502 ipsos

458 1502 720 1591 conjuges
750 1510 983 1578 appellet
1018 1511 1238 1580 fratres,
1273 1519 1337 1572 ad
1371 1523 1857 1591 reprehensionem
1900 1526 2032 1582 dicti

457 1590 654 1660 divini,
688 1596 849 1666 cujus
901 1603 1067 1659 verba
1111 1615 1280 1663 sunt:
1324 1608 1390 1663 Et
1434 1590 1699 1683 eonjtiges
1772 1617 1872 1686 ipsi
1923 1634 2031 1674 non

457 1686 693 1754 amplius
739 1701 902 1747 erunt
947 1694 1077 1762 duo,
1122 1699 1216 1754 sed
1266 1715 1430 1757 unus.
1467 1701 1680 1776 Quippe
1713 1709 2032 1766 sicutolea-

457 1783 572 1868 ster
631 1792 918 1850 propterea
993 1801 1105 1841 non
1164 1791 1370 1846 dicitur
1442 1796 1606 1860 oliva,
1652 1799 1799 1868 quod
1848 1817 2034 1858 ramus

455 1867 575 1936 ejus
603 1869 656 1925 in
691 1873 890 1929 olivam
927 1881 1230 1938 translatus
1283 1885 1353 1940 sit
1399 1901 1414 1939 :
1487 1888 1566 1943 sic
1594 1867 1773 1960 neque
1821 1902 2030 1962 patrem

454 1963 670 2030 puellae,
735 1982 984 2026 socerum
1052 1977 1247 2044 puellae
1295 1981 1632 2051 vocabimus,
1711 1985 1832 2052 Quo
1899 2004 2033 2044 sane

453 2057 697 2114 stabilito
763 2079 860 2133 per
933 2069 1464 2130 demonstrationem
1523 2087 1752 2146 certam,
1830 2092 1885 2137 et
1940 2083 2073 2163 cui‘

453 2151 753 2206 contradici
795 2167 1050 2226 nequeat,
1081 2172 1269 2217 nostra
1311 2165 1532 2235 quidem
1588 2169 1879 2239 opinione,
1933 2190 2030 2230 ne-

454 2253 560 2306 que
599 2243 782 2297 vocari
837 2245 1024 2304 licebit
1072 2251 1398 2309 alterutrum
1428 2269 1618 2312 eorum
1687 2261 1754 2315 ad
1809 2279 2030 2320 succes—

454 2329 668 2429 sionem
716 2334 982 2404 del'uneti,
1034 2344 1114 2398 vel
1155 2346 1389 2417 alicujus
1439 2351 1542 2421 ipsi
1575 2355 1844 2425 sanguine
1902 2374 2032 2429 pro-

451 2421 781 2492 pinquorum
812 2427 944 2499 (quo
973 2435 1118 2489 enim
1150 2437 1201 2492 id
1248 2442 1450 2509 pacto?
1497 2457 1620 2498 cum
1645 2421 2028 2515 possessiones

455 2517 735 2612 accipiant
787 2521 848 2612 ii,
877 2525 1079 2594 quibus
1099 2528 1214 2600 lege
1243 2533 1590 2607 deferuntur)
1621 2555 1797 2610 neque
1840 2558 2028 2612 repre-

456 2602 622 2703 ltendi
679 2611 896 2678 poterit,
969 2625 1064 2671 aut
1129 2602 1738 2698 abominandum-erit,
1793 2633 1838 2687 si
1902 2602 2028 2703 quis

452 2695 642 2761 dicat,
727 2701 918 2760 iisdem
995 2707 1195 2766 ﬁnibus
1285 2719 1658 2776 circumscribi
1721 2695 2028 2782 contracta

450 2791 836 2890 et.alﬁnitate
879 2807 934 2854 et
997 2815 1064 2856 ex
1133 2808 1457 2876 cognatione
1513 2815 1878 2872 matrimonia.
1937 2820 2030 2877 Sic

458 2887 602 2932 enim
659 2887 964 2942 eanonibns
1005 2899 1090 2946 est
1141 2902 1428 2953 statutum.
1461 2899 1614 2966 Quod
1673 2917 1855 2962 autem
1929 2923 2030 2978 pa-

457 2982 616 3029 truus
675 2985 730 3031 et
779 2977 969 3038 fratris
1001 2985 1164 3050 filius,
1196 3005 1320 3044 cum
1351 2996 1517 3049 amita
1575 3006 1630 3052 et
1685 2999 1867 3059 fratris
1919 2977 2026 3060 filia

453 3069 821 3138 copulentur,
881 3091 990 3132 non
1045 3088 1151 3143 est,
1209 3095 1268 3138 ut
1311 3085 1480 3156 aliqui
1551 3092 1860 3159 perhibent.
1933 3113 2028 3167 per

2143 589 2454 661 σμάραγδος
2510 591 2658 656 λίθος
2715 593 2866 646 ὲστί·
2928 594 3020 648 καὶ
3056 599 3420 667 συμπερανεῖ,
3453 597 3572 662 Πᾶς
3614 600 3720 670 ἀρα

2141 683 2286 748 λίθος
2333 684 2648 755 σμάραγδος
2687 685 2930 758 ἔμψυχός
2979 689 3352 759 έστι,.....ψιν
3405 692 3718 763 συναγάγῃ,

2140 777 2235 832 καὶ
2283 777 2480 848 ψεῦδος
2531 777 2784 849 ἔσχατον.
2829 779 2990 834 Ὅθεν
3033 781 3129 835 καὶ
3172 783 3200 835 ό
3245 781 3423 850 λέγων
3464 763 3720 850 γενέσθαι

2139 868 2228 922 διὰ
2254 870 2354 940 τῆς
2409 871 2704 940 συναφείας
2753 872 2861 924 τῶν
2909 873 3262 926 ὑποστάσεων
3288 872 3387 944 τὴν
3423 871 3714 944 σύγχυσιν,

2141 962 2235 1014 κοιλ⁸
2268 961 2365 1031 τὴν
2389 962 2692 1032 ὁμοζυγίαν
2729 962 3280 1032 μεταστοιχειωθῆναι
3313 965 3452 1033 πρὸς
3498 964 3721 1032 ἀδελφό-

2139 1071 2298 1124 τητα,
2338 1055 2432 1108 καὶ
2447 1055 2589 1108 οὕτω
2613 1054 3002 1125 συμπεραίνων
3028 1056 3170 1125 τάχα
3191 1055 3253 1108 τὸ
3275 1056 3500 1121 ἄτοπον,
3540 1055 3716 1121 γλωτ-

2138 1147 2369 1217 τοπέδην
2400 1147 2731 1219 συνήγαγεν,
2767 1149 2867 1200 οὐκ
2905 1147 3184 1219 ἀλήθειαν.
3213 1147 3418 1202 Τούτου
3446 1147 3504 1200 δὲ
3546 1146 3718 1213 οὕτως

2138 1236 2376 1306 ἔχοντος,
2407 1237 2500 1290 καὶ
2523 1239 2633 1291 τῶν
2665 1239 2838 1306 γενῶν
2891 1237 3214 1307 σωζομένων
3260 1237 3548 1307 ἑκατέρων
3584 1236 3715 1306 μετὰ

2137 1330 2236 1398 τὴν
2267 1330 2484 1390 ἕνωσιν,
2517 1329 2591 1399 μὴ
2623 1327 2922 1399 τολμητέον
2959 1327 3224 1396 ἀδελφοὺς
3253 1329 3380 1391 τοὺς
3411 1326 3722 1397 ὀμοζύγους

2138 1423 2313 1475 εἰπεῖν
2339 1424 2420 1478 εἰς
2451 1423 2849 1492 έπιστομισμδν
2883 1419 2977 1474 τοῦ
3015 1421 3264 1491 ῥήματος
3289 1419 3386 1473 τοῦ
3419 1419 3588 1481 Θεοῦ,
3620 1417 3708 1471 τοῦ

2139 1518 2414 1588 είπόντοςξο
2445 1519 2559 1571 Καὶ
2590 1518 2773 1571 οὐκέτι
2805 1516 3021 1568 ἔσονται
3048 1513 3098 1568 οί
3125 1511 3397 1582 ὀμόζυγες
3427 1513 3548 1574 δύο,
3584 1511 3713 1564 ἀλλά

2136 1607 2237 1674 εἷς.
2279 1610 2366 1673 Ὠς
2394 1610 2503 1680 γὰρ
2533 1611 2592 1662 οὐ
2631 1608 2846 1677 λέγεται
2891 1607 2952 1660 τὺ
2994 1605 3310 1676 ἁγριὲλαιον
3347 1604 3712 1670 καλλιέλαιον,

2137 1701 2220 1754 ὅτι
2250 1700 2444 1763 κλάδος
2475 1699 2642 1753 αὑτοῦ
2691 1698 2831 1771 μετὰ
2881 1697 3226 1753 καλλιελαίου
3266 1695 3711 1767 μετεμοσχεὸθη,

2137 1794 2313 1858 οὕτως
2337 1795 2462 1848 οὐδὲ
2498 1795 2713 1864 πατέρα
2745 1793 2847 1863 τῆς
2877 1793 3046 1863 κόρης
3073 1791 3167 1844 τὸν
3201 1789 3408 1860 ταύτης
3464 1789 3714 1857 εἴποιμεν

2138 1887 2422 1959 πενθερόν.
2451 1888 2657 1940 Τούτου
2701 1887 2758 1940 δὲ
2790 1883 3175 1957 στηριχθέντος
3209 1883 3268 1948 ἐξ
3310 1881 3714 1951 ἀναντιρρήτου

2135 1980 2230 2033 καὶ
2275 1980 2553 2049 ἀσφαλοῦς
2608 1977 2956 2042 ἀποδείξεως,
3035 1975 3111 2039 ὡς
3169 1973 3420 2043 οἰόμεθα,
3481 1971 3611 2024 οὔτε
3660 1970 3717 2024 τὺ

2134 2070 2419 2125 καλεῖσθαι
2471 2069 2697 2139 θάτερον
2742 2068 2803 2132 ἐξ
2846 2065 3026 2120 αὐτῶν
3067 2068 3148 2128 εἰς
3192 2063 3293 2132 τὴν
3341 2059 3716 2133 κληρονομίαν

2130 2164 2226 2217 τοῦ
2269 2163 2720 2232 τελευτήσαντος,
2771 2161 2804 2230 ἢ
2850 2159 2996 2222 τινὸς
3043 2157 3152 2211 τῶν
3193 2156 3251 2220 ἐξ
3298 2155 3537 2225 αἵματος
3571 2151 3716 2222 αὐτῷ

2134 2255 2448 2327 προσγενῶν
2479 2252 3024 2326 παρρησιασθήσεται
3072 2249 3214 2324 (πῶς
3245 2249 3386 2318 γάρ;
3421 2246 3713 2319 προσλαμο

2141 2348 2414 2401 6ανόντων
2467 2347 2577 2400 τῶν
2616 2345 2979 2415 κτησαμένων
3007 2344 3070 2397 ὲκ
3101 2342 3267 2413 νόμου
3311 2339 3412 2403 τὰς
3461 2338 3713 2391 διακατο-

2131 2417 2276 2513 κάς),
2308 2439 2434 2494 οὕτε
2463 2437 2742 2510 μεμπτέον
2785 2437 2937 2489 ἔσται
2978 2433 3073 2487 καὶ
3105 2430 3479 2500 ἀποτρόπαιον
3518 2427 3582 2481 τὸ
3625 2427 3711 2479 λέ-

2130 2551 2273 2605 γειν,
2302 2535 2412 2596 τοῖς
2429 2533 2612 2596 αὐτοῖς
2633 2532 2780 2602 ὅροις
2810 2526 3192 2582 συστέλλεσθαι
3213 2526 3281 2578 τὰ
3305 2524 3364 2588 ἐξ
3389 2521 3710 2592 ἀγχιστείας

2129 2627 2227 2682 καὶ
2259 2630 2330 2682 τά
2360 2626 2420 2692 ἐξ
2453 2626 2684 2696 αἵματος
2717 2621 3160 2690 συναλλάγματα.
3206 2616 3367 2671 Οὕτω
3399 2617 3515 2685 γάρ
3543 2629 3708 2666 κεκαο

2130 2721 2397 2774 νόνισται.
2435 2717 2509 2771 Τὸ
2529 2718 2586 2770 δὲ
2619 2713 2987 2770 συνάπτεσθαι
3012 2713 3153 2764 θεῖον
3182 2709 3279 2763 καὶ
3311 2707 3541 2778 ἀνεψιὸν
3573 2705 3710 2773 μετᾶ

2134 2813 2288 2876 θείας
2337 2811 2432 2866 καὶ
2480 2810 2730 2880 ἀνεψιᾶς,
2777 2808 2878 2862 οὐκ
2936 2805 3082 2860 ἔστιν
3115 2804 3212 2875 (ὣς
3273 2820 3421 2866 τινες
3467 2801 3711 2872 λέγουσι)

2131 2905 2422 2978 συνηθείας
2448 2904 2702 2974 ἀγράφου
2751 2899 3116 2970 παγκράτιον,
3153 2897 3186 2968 ἢ
3223 2897 3316 2950 καὶ
3355 2894 3706 2964 ἀπαραδότου

2128 2997 2598 3071 ὲκκλησιαστικῆς
2641 2996 3031 3056 καταστάσεως
3069 2989 3538 3064 τροπαιούχημαο
3575 2985 3709 3041 ἀλλὰ

2129 3091 2426 3162 πρόσταξις
2467 3090 2590 3142 θεία
2611 3087 2706 3141 τοῦ
2737 3087 2980 3157 ἀοιδίμου
3015 3082 3300 3154 βασιλέως,
3348 3079 3524 3150 κυροῦ
3560 3079 3709 3132 Ἀλε-

452 3164 905 3221 consuetudinem
937 3184 1046 3225 non
1077 3175 1340 3245 scriptam
1374 3177 1772 3247 introductum,
1800 3189 1883 3242 vel
1907 3164 2024 3245 sine

2132 3185 2242 3250 ξίου
2263 3183 2356 3237 τοῦ
2384 3181 2694 3254 Κομνηνοῦ,
2721 3179 3063 3249 ἐξενεχθεῖσα
3088 3177 3180 3228 ἐπὶ
3203 3176 3510 3243 ὑπομνήσει
3532 3171 3712 3240 Βάρδα

452 3252 746 3311 traditione
804 3274 901 3328 per
957 3271 1162 3320 statum
1211 3271 1644 3329 ecclesiasticum
1704 3279 2023 3336 invectum:

448 3346 543 3400 sed
586 3347 875 3408 clarissimi
939 3358 1224 3430 principis,
1288 3364 1494 3421 domini
1548 3367 1724 3424 Alexii
1764 3371 2026 3430 Comncni

449 3448 672 3490 sacrum
712 3441 978 3507 edictum,
1020 3448 1292 3515 prolatum
1349 3452 1415 3506 ad
1444 3456 1853 3525 suggestionem
1886 3461 2024 3516 Bar-

449 3525 532 3577 «ιω
567 3529 881 3597 cujusdam,
937 3537 1028 3603 qui
1076 3537 1253 3595 Xerus
1287 3544 1685 3612 appellabatur,
1749 3559 1805 3604 et
1868 3569 2024 3609 rere-

449 3627 601 3687 pIu-n
660 3630 766 3676 tam
808 3624 859 3678 in
897 3628 1242 3698 reipublicae,
1269 3649 1432 3704 quam
1460 3639 1515 3692 in
1542 3640 1898 3698 ecclesiarum
1937 3663 2028 3700 ar-

426 3707 609 3766 'chiva
659 3722 714 3768 et
742 3717 980 3783 codices,
1009 3721 1280 3791 ejusmodi
1340 3730 1560 3798 nuptias
1629 3732 1832 3790 liberas
1877 3736 2022 3804 ferit,

452 3806 554 3874 pro
574 3819 637 3860 ea
670 3817 960 3877 potestate,
1019 3829 1140 3884 qua:
1187 3819 1404 3874 ccelitus
1458 3829 1544 3876 est
1603 3823 2025 3896 imperatm-ibus

450 3896 598 3953 data.
633 3897 750 3954 Non
783 3902 950 3973 igitur
995 3919 1291 3965 accuratus
1321 3911 1576 3970 Ecclesia:
1608 3925 1787 3974 status
1814 3925 2026 3977 calum.

447 3988 692 4045 niundus
749 4001 853 4048 est.
913 3994 1048 4051 Nam
1110 4001 1461 4056 matrimonia
1501 4019 1567 4057 ex
1611 4003 1896 4078 afﬁnitate,
1955 4014 2024 4070 ad

448 4091 660 4137 sextum
696 4101 872 4156 usque
919 4091 1148 4159 gradum
1203 4103 1257 4150 et
1310 4101 1628 4155 coarctabat
1670 4117 1910 4175 semper,
1970 4119 2026 4164 et

447 4175 628 4233 adhuc
678 4183 1176 4257 conslringitsicut
1209 4193 1374 4247 etiam
1425 4197 1773 4254 matrimonia
1827 4215 1893 4256 ex
1927 4215 2024 4256 co-

447 4271 704 4336 gnatione
772 4290 786 4327 ι
830 4274 885 4328 in
949 4293 1058 4347 quo
1101 4289 1208 4334 tam
1276 4282 1480 4355 legum,
1533 4301 1696 4356 quam
1749 4301 2024 4344 canonum

447 4372 651 4419 statuta
727 4370 998 4438 sequitur,
1087 4383 1141 4429 et
1206 4381 1414 4430 tomum
1485 4377 1633 4435 illius
1691 4383 2021 4439 sanctissimi

445 4455 794 4526 patriarchas,
835 4461 1042 4517 domini
1089 4462 1340 4522 Sisinnii.
1405 4469 1563 4534 Quod
1610 4471 1756 4526 enim
1786 4475 1852 4528 ad
1901 4476 2022 4545 ejus

2131 3278 2276 3339 τινὸς
2295 3275 2592 3348 λεγομένου
2635 3272 2838 3343 Ξηροῦ,
2881 3273 2980 3324 καὶ
3033 3265 3435 3335 έπιγνωσθεῖσα
3470 3266 3589 3327 τοῖς
3615 3263 3710 3329 δη-

2135 3373 2420 3442 μοσιακοϊς
2460 3369 2554 3423 καὶ
2593 3365 3070 3436 ὲκκλησιαστικοῖς
3097 3360 3338 3430 ἀρχείοις
3367 3359 3463 3410 καῖ
3498 3355 3710 3418 κώδιξι.

2129 3466 2222 3520 τὸν
2249 3463 2492 3518 τοιοῦτον
2517 3462 2694 3530 γάμον
2723 3458 2961 3512 ἀπέλυσε
2991 3455 3132 3508 κατά
3160 3453 3258 3523 τὴν
3280 3451 3574 3520 δεδομένην
3602 3447 3712 3507 τοῖς

2133 3555 2446 3629 βασιλεῦσιν
2473 3553 2680 3608 ἀνωθεν
2712 3549 3042 3621 κυριότητα·
3091 3545 3164 3617 μὴ
3209 3543 3392 3596 τοίνυν
3429 3556 3709 3629 συκοφανέ

2129 3628 2321 3718 τητέον
2350 3646 2449 3717 τὴν
2473 3642 2677 3712 ἀκριϐῆ
2718 3640 2816 3709 τῆς
2839 3637 3169 3707 Ἐκκλησίας
3231 3631 3596 3687 κατάστασιν.
3631 3628 3740 3700 Τά,

2130 3739 2239 3808 γὰρ
2271 3737 2329 3803 ἐξ
2363 3733 2679 3806 ἀγχιστείας
2711 3729 3158 3798 συναλλάγματα,
3191 3725 3354 3796 μέχρι
3397 3722 3490 3776 τοῦ
3545 3722 3708 3773 ἕκτου

2133 3825 2345 3897 βαθμοῦ
2374 3823 2470 3878 καὶ
2517 3821 2705 3888 αὑτοῦ,
2753 3820 2849 3873 καὶ
2896 3815 3250 3885 ὲστενοχὼρει
3305 3813 3565 3872 πάντοτε,
3617 3810 3708 3861 καὶ

2133 3915 2482 3987 στενοχιῖιρει,
2519 3914 2704 3977 καθώς
2735 3929 2838 3966 που
2863 3911 2956 3964 καὶ
2983 3909 3050 3962 τά
3077 3906 3135 3971 ἐξ
3173 3907 3430 3977 αἵματος.
3460 3903 3705 3971 ἑπομένη

2130 4010 2377 4080 νομικοῖς
2428 4007 2523 4060 καὶ
2563 4005 2866 4067 κανονικοῖς
2919 4000 3275 4070 διατάγμασι,
3327 3999 3422 4051 καὶ
3448 3995 3527 4065 τῷ
3557 3995 3709 4064 τόμῳ

2127 4103 2223 4157 τοῦ
2257 4099 2561 4170 ἀγιωτάτου
2601 4096 2811 4152 ἐκείνου
2840 4094 3203 4165 πατριάρχου,
3240 4089 3412 4161 κυροῦ
3438 4087 3699 4140 Σισινίου.

2129 4195 2205 4252 Τὸ
2245 4194 2358 4264 γὰρ
2390 4191 2477 4246 ἐπ’
2515 4190 2795 4259 ἀνατροπῇ
2835 4186 3025 4241 τούτου
3057 4183 3329 4254 διορισθὲν
3363 4181 3516 4250 παρά
3559 4180 3709 4250 βασιο

2129 4287 2284 4356 λικῆς
2319 4287 2466 4349 θείας
2493 4281 2933 4354 μεγαλειότητος,
2955 4281 3033 4341 εἰς
3059 4278 3218 4348 ἔργον
3243 4275 3419 4327 ἐλθεῖν
3443 4276 3472 4326 ό
3499 4273 3708 4332 δίκαιος

2129 4383 2323 4454 κριτὴς
2347 4379 2447 4432 οὐκ
2493 4374 2820 4444 ηὐδόκησεν,
2863 4371 2936 4433 ὼς
2999 4368 3206 4422 οῖδασιν
3239 4366 3291 4418 οἱ
3329 4360 3703 4433 μεμυημένοι,

2128 4477 2226 4530 καὶ
2253 4475 2314 4528 οὐ
2351 4490 2418 4525 πε
2428 4471 2748 4539 πλάνηνται.

446 4553 786 4608 eversionem
819 4554 888 4609 ab
948 4555 1297 4625 imperatoria
1369 4575 1524 4616 sacra
1562 4564 1847 4632 majestate
1897 4572 2300 4637 promulgatum
2348 4565 2472 4627 fuit,
2524 4570 2583 4615 ut
2643 4560 2698 4613 in
2740 4555 2989 4612 eTectum
3077 4551 3465 4612 deduceretur,
3520 4547 3705 4618 justus

447 4648 540 4703 ille
581 4648 750 4718 judex
815 4649 1040 4706 minime
1067 4649 1237 4706 voluit
1267 4669 1280 4705 :
1315 4653 1771 4723 quemadmodum
1820 4668 2022 4714 norunt
2063 4658 2286 4722 initiati,
2317 4671 2420 4710 nec
2459 4653 2516 4707 in
2543 4664 2728 4705 errore
2747 4653 3055 4701 versantur.

515 4740 707 4809 Atqui,
752 4741 976 4812 subjicit
999 4743 1372 4809 adversarius,
1411 4759 1480 4800 ne
1513 4746 1564 4801 id
1595 4747 1839 4818 quidem,
1869 4751 2014 4820 quod

2193 4749 2324 4812 Ναὶ,
2359 4746 2548 4815 φησὶν,
2581 4740 2697 4796 ἀλλ’
2733 4738 2854 4794 οὐδὲ
2881 4738 2941 4790 τὸ
2970 4735 3231 4804 σύγχυσιν
3265 4732 3362 4785 καὶ⁵
3395 4731 3707 4802 ἀπρέπειαν

446 4833 699 4889 confusio
759 4841 815 4890 et
863 4833 1102 4891 dedecus
1159 4837 1444 4892 nominum
1492 4838 1890 4904 introducatur,
1953 4843 2025 4899 ob

447 4930 715 4999 graduum
769 4930 1256 4996 necessitudinem,
1309 4931 1610 5000 quominus
1666 4933 1856 5001 primae
1885 4949 2024 4989 eon-

441 5021 590 5091 jugis
646 5037 759 5077 sua:
805 5022 1080 5077 sobrinam
1133 5023 1298 5078 ducat
1359 5023 1695 5084 Demetrius.
1743 5027 2020 5096 impediet.

2120 4844 2402 4912 ὀνομάτων
2432 4833 2752 4903 είσάγεσθαι
2788 4829 2878 4884 διὰ
2906 4829 3004 4898 τὴν
3032 4825 3140 4880 τῶν
3173 4823 3401 4894 βαθμῶν
3441 4825 3702 4891 ἰδιότητα,

2123 4933 2406 5005 ὲμποδίσει
2439 4927 2626 4982 λαϐεῖν
2668 4924 2760 4978 τὸν
2802 4921 3118 4990 Δημήτριον
3159 4917 3257 4982 τὴν
3314 4914 3706 4982 δισεξαδέλφην

2121 5029 2220 5098 τῆς
2259 5023 2534 5094 προτέρας
2581 5016 2746 5071 αὐτοῦ
2794 5012 3078 5084 γυναικός.
3133 5009 3306 5062 Τοῦτο
3337 5009 3447 5079 γάρ
3501 5008 3598 5061 καὶ
3629 5009 3706 5070 είς

446 5113 563 5168 Hoc
614 5114 760 5169 enim
803 5114 914 5170 illis
973 5117 1139 5170 etiam
1189 5118 1459 5187 sanguine
1514 5118 1840 5188 propinquis
1893 5135 2028 5174 usu-

2132 5120 2249 5180 τοὺς
2274 5112 2714 5183 συναπτομένους
2741 5105 2800 5170 ἐξ
2826 5105 3056 5175 αἵματος
3079 5103 3366 5168 συγγενεῖς
3399 5100 3494 5152 καὶ
3519 5101 3704 5168 ὀγδόου

447 5205 622 5269 venit,
680 5220 806 5259 cum
847 5206 990 5261 inter
1027 5221 1087 5262 se
1121 5209 1469 5277 copulantur,
1502 5210 1594 5280 qui
1627 5210 1713 5265 vcl
1744 5221 1939 5266 octavo
1959 5227 2019 5268 se

448 5295 620 5367 gradu
662 5298 1009 5368 contingunt,
1061 5299 1190 5352 dum
1226 5301 1488 5368 coniuges
1545 5301 1753 5370 absque
1812 5302 2022 5370 pudore

450 5405 730 5458 vocamus,
767 5407 907 5463 quos
966 5400 1164 5448 natura
1202 5392 1552 5447 sobrinorum
1584 5395 1724 5450 filios
1752 5395 2018 5464 agnoscit,

447 5498 751 5556 eorumque
796 5488 1000 5542 liberos
1025 5501 1128 5556 pro
1157 5485 1423 5541 fratribus
1478 5486 1755 5553 ducimus,
1813 5502 1937 5542 cum
1991 5502 2022 5540 a

452 5589 647 5635 natura
667 5579 777 5635 sint
814 5588 1212 5650 prognatorum
1241 5594 1306 5634 ex
1351 5578 1591 5634 sobrinis
1620 5581 1737 5634 filii.
1759 5579 1868 5634 Cur
1890 5594 2023 5650 ergo

447 5687 652 5728 novum
715 5681 771 5728 et
815 5673 1056 5729 insolens
1111 5673 1210 5738 sit,
1239 5672 1382 5727 idem
1437 5672 1539 5726 hoc
1569 5673 1734 5727 etiam
1788 5673 1840 5727 in
1881 5687 2022 5742 prae-

451 5764 592 5820 senti
652 5765 958 5834 qnaastione
1021 5763 1128 5819 dici
1181 5774 1342 5834 atque
1391 5763 1545 5818 fieri?
1605 5762 1710 5817 Sed
1771 5763 2016 5827 audiant,

449 5861 540 5928 qui
596 5859 711 5914 hinc
767 5858 842 5915 ita
891 5855 1176 5926 colligunt,
1221 5855 1389 5926 quod,
1418 5854 1878 5926 quemadmodum
1935 5867 2020 5917 ea,

2124 5212 2284 5273 ὄντας
2324 5205 2532 5278 βαθμοῦ
2586 5199 3004 5274 θριαμϐεύεται,
3033 5194 3100 5249 δι’
3139 5187 3216 5248 ὧν
3258 5193 3565 5265 όμοζύγους
3613 5194 3704 5245 ἀν-

2127 5301 2502 5372 ερυθριάστως
2557 5290 3024 5364 κατονομάζομεν,
3055 5287 3148 5350 οὓς
3191 5289 3225 5357 ἡ
3278 5287 3440 5355 φύσις
3490 5284 3704 5355 τρισεξ-

2128 5397 2392 5467 σδέλφους
2429 5391 2718 5462 ἐγνώρισε,
2753 5387 2845 5440 καὶ
2874 5384 3000 5447 τοὺς
3032 5380 3228 5443 παῖδας
3248 5379 3428 5433 αὐτῶν
3451 5379 3527 5442 ὡς
3554 5378 3704 5432 ἀδελο

2130 5492 2263 5556 (pob;
2321 5487 2678 5557 περιέπομεν,
2731 5473 3265 5547 τετταρεξαδέλφους
3296 5471 3456 5535 ὄντας
3494 5473 3558 5526 ἐκ
3604 5471 3705 5539 φύ-

2133 5597 2289 5644 σεως.
2319 5578 2386 5631 Τί
2423 5576 2553 5645 γοῦν
2583 5577 2698 5628 ἐστι
2725 5571 2908 5626 καινὸν
2940 5572 3046 5624 κάν
3070 5586 3147 5637 τῳ
3174 5566 3402 5638 παρόντι
3429 5565 3701 5633 ζητήματι

2129 5665 2406 5721 λαλεῖσθαι
2437 5662 2596 5716 τοῦτο
2633 5661 2728 5714 καὶ
2777 5658 3064 5728 γίνεσθαι;
3113 5657 3256 5710 Ἀλλ’
3307 5655 3700 5708 ἀκουσάτωσαν

2131 5759 2181 5812 οἱ
2207 5756 2378 5811 ταῦτα
2417 5753 2778 5824 συνείροντες,
2803 5751 2884 5804 ὅτι
2931 5749 3112 5813 καθὼς
3143 5749 3210 5800 τά
3253 5747 3526 5814 Γαδείρων
3556 5741 3700 5803 tvrb;

2130 5845 2472 5918 διακείμενα,
2511 5844 2603 5898 καὶ
2641 5839 3126 5913 ἀκριϐολογοῦνται
3152 5838 3243 5892 καὶ
3269 5835 3698 5906 ἀπογράφονται,
