3882 6590
162 387 279 454 i205

1358 377 1647 439 omaso
1682 340 2088 442 ROMANUn.

3237 388 3373 455 1206

169 486 454 556 τὰῶπέρα
514 482 786 555 Γαδείρων
842 483 903 536 οὐ
961 483 1177 554 πέρατά
1235 486 1408 539 είσιν’
1451 482 1594 538 οὕτω
1630 483 1697 537 τὰ

1803 498 1920 554 quae
1948 486 2026 543 eis
2059 487 2235 543 Gades
2280 488 2383 544 sita
2406 498 2557 557 sunt,
2596 500 2852 553 accurate
2885 494 3013 552 sciri
3039 510 3103 552 ac
3131 497 3369 558 describi

170 585 256 658 μὲν
273 578 410 640 ἐντὸς
430 573 522 628 τοῦ
562 573 724 628 ἓκτου
763 574 972 645 βαθμοῦ
1003 575 1266 646 γινόμενα
1315 575 1701 645 συναλλάγμα-

168 692 243 735 τα,
268 671 351 725 καὶ
375 665 459 722 διὰ
508 666 566 719 τὸ
600 666 760 734 φύσει
813 667 1021 721 δίκαιον
1063 668 1158 721 καὶ
1210 668 1486 739 εὐπρεπὲς
1526 687 1698 724 κατα-

166 762 412 835 κρίνονται
438 772 451 787 ·
479 755 547 809 τὰ
577 755 634 809 δὲ
673 755 831 820 ἐκτὸς
858 757 1040 811 αὐτῶν
1079 759 1547 830 μετεωρίζόμενα,
1579 759 1701 814 οὐδὲ

164 850 540 912 κατασπῶνται,
583 848 705 902 οὐδὲ
748 848 1122 919 κουφίζονται,
1151 850 1281 906 ἄνευ
1316 853 1481 922 μόνου
1513 852 1610 906 τοῦ
1641 853 1703 919 ἐξ

161 945 370 1016 αἵματος
392 939 621 1011 ὲόδόμου
652 938 893 1011 βαθμοῦ.

216 1188 403 1267 τοῦτον
446 1209 553 1281 γάρ
598 1208 876 1280 βασιλικὸς
921 1212 1146 1284 ὁρισμὸς
1174 1214 1269 1269 καὶ
1296 1217 1461 1289 τόμος
1492 1221 1701 1275 συνοδι-

156 1306 240 1370 κὸς
264 1305 370 1366 τοῖς
401 1300 492 1356 τοῦ
526 1301 687 1357 ἕκτου
720 1303 928 1376 βαθμοῦ
955 1307 1365 1380 συναλλάγμασι
1410 1313 1701 1378 συνεξίσωο

153 1413 259 1452 σαν.
297 1395 443 1472 ᾝπεὶ
469 1394 561 1448 οὖν
592 1396 792 1461 ἱκανῶς
826 1398 1146 1470 διελάϐομεν
1182 1403 1253 1457 τά
1286 1421 1396 1458 τισι
1428 1405 1699 1466 δικαιολο-

152 1489 371 1559 γούμενα
426 1487 554 1559 περὶ
606 1488 704 1541 τοῦ
752 1492 833 1554 είς
883 1490 980 1545 ἕνα
1015 1493 1223 1566 βαθμὸν
1251 1498 1376 1561 τοὺς
1398 1499 1700 1573 όμοζύγους

150 1580 447 1649 ἀνάγεσθαι,
474 1579 583 1633 εἴτε
623 1583 717 1634 καὶ
742 1582 816 1652 μή
849 1598 865 1614 ⁸
895 1584 1030 1655 Φέρε
1054 1587 1148 1638 καὶ
1179 1587 1240 1639 τὸ
1270 1590 1402 1658 ἡμῖν
1432 1593 1698 1661 παριστά.

150 1690 294 1743 μενον
326 1672 483 1742 χάριν
519 1672 613 1725 τοῦ
646 1674 887 1727 τοιούτου
932 1674 1266 1747 ζητήματος,
1320 1682 1581 1750 εἴπωμεν.
1634 1684 1698 1737 Οἱ

146 1763 608 1834 νενομοθετηκότες
637 1766 763 1836 περὶ
795 1768 1191 1838 κεκωλυμένων
1214 1772 1406 1844 γάμων
1428 1776 1698 1832 διδάσκον-

145 1872 225 1919 τες
253 1857 309 1908 ὲν
347 1854 536 1926 βιὸλίῳ
580 1854 689 1926 κη’,
725 1857 890 1927 τίτλῳ
934 1856 994 1925 ε’,
1041 1861 1121 1923 είς
1151 1861 1242 1915 δύο
1275 1863 1545 1936 διαιροῦσι
1570 1868 1697 1932 τοὺς

145 1947 409 2015 συγγενεῖς
431 1962 445 1976 ⁸
477 1948 557 2009 είς
586 1946 834 2009 ἀνιόντας
858 1949 949 2001 καὶ
979 1950 1283 2017 κατιόντας,
1311 1954 1505 2018 παῖδας
1535 1955 1699 2030 δηλα-

142 2036 198 2108 δὴ
231 2038 319 2092 καὶ
343 2040 541 2106 γονεῖς,
588 2040 683 2092 καὶ
728 2041 809 2103 εἰς
838 2043 965 2106 τοὺς
1012 2043 1079 2096 ἐκ
1127 2044 1382 2114 πλαγίου,
1435 2049 1699 2121 ἀδελφούς

142 2146 272 2200 φημι
301 2130 392 2183 καὶ
423 2129 648 2193 λοιποὺς
695 2130 755 2199 ἐξ
782 2132 1014 2201 αἵματος
1054 2140 1394 2208 προσγενεῖς.
1435 2140 1545 2194 Καὶ
1588 2142 1699 2198 τῶν

143 2220 235 2290 μὲν
269 2221 528 2275 ἀνιόντων
566 2224 658 2276 καὶ
694 2225 1012 2294 κατιόντων,
1043 2229 1149 2282 κάν
1192 2233 1405 2301 γνήσιοι
1430 2225 1551 2300 ὦσι,
1593 2236 1699 2295 κᾶν

139 2311 362 2380 φυσικοὶ,
391 2313 495 2369 κᾶν
527 2314 691 2382 θετοὶ,
722 2317 849 2381 τοὺς
878 2319 1088 2390 γάμους
1121 2322 1417 2378 κωλύουσιν
1451 2328 1529 2388 εἰς
1566 2327 1701 2382 ἀπέ-

141 2419 337 2473 ραντον.
381 2405 508 2458 Τῶν
536 2406 591 2460 δὲ
623 2407 683 2472 ἐξ
712 2408 967 2479 αἵματος,
1018 2411 1211 2484 μέχρις
1258 2414 1417 2471 ἕκτου
1463 2416 1696 2490 βαθμοῦ.

136 2492 276 2547 Μετὰ
309 2496 495 2565 μέντοι
541 2498 601 2553 τὸ
642 2501 1032 2574 τεχνολογῆσαι
1062 2504 1131 2557 τὰ
1165 2507 1293 2575 περὶ
1322 2508 1548 2574 τούτων,
1603 2512 1700 2566 καὶ

136 2586 208 2648 είς
248 2586 368 2656 ὄψιν
427 2590 730 2661 προθέσθαι
783 2594 884 2667 τὴν
912 2596 1022 2647 τῶν
1076 2595 1302 2667 βαθμῶν
1352 2598 1573 2669 βαθείαν
1605 2604 1698 2660 καὶ

134 2677 517 2754 δυσδιεξίτητον
566 2684 904 2760 ύπουλότητα
936 2687 1362 2767 (δυσχερεστάτη
1406 2695 1515 2767 γάρ
1542 2715 1696 2769 φησι,

135 2772 219 2828 καὶ
269 2774 367 2829 ούκ
413 2776 830 2850 εύκατάληπτος
882 2783 915 2851 ἠ
967 2784 1032 2834 ὲκ
1065 2783 1296 2852 πλαγίου
1342 2786 1451 2840 τῶν
1471 2787 1699 2860 βαθμῶν

134 2866 271 2919 ἐστιν
306 2866 549 2941 εὕρεσις)
594 2872 947 2939 προστιθέασι
991 2877 1289 2931 καὶταῦτα
1320 2881 1535 2950 ῥητῶςο
1574 2884 1700 2939 Εἰσὶ

131 2956 183 3010 δὲ
211 2961 298 3013 καὶ
325 2960 509 3032 ἕτεροι
538 2964 725 3034 γάμοι,
760 2966 822 3017 ού
849 2967 937 3021 διὰ
970 2966 1170 3040 θεσμὸν
1222 2974 1573 3043 συγγενείας,
1610 2977 1700 3033 διὰ

129 3048 179 3102 δὲ
203 3051 519 3121 ἀγχιστείαν
549 3057 624 3125 μὴ
652 3058 1058 3127 προϐαίνοντες.
1106 3062 1416 3133 ’Δγχιστεία
1444 3067 1501 3121 δέ
1548 3072 1697 3125 ἐστιν

1802 584 2050 644 possunt,
2099 592 2221 633 cum
2257 594 2377 650 quae
2417 581 2557 636 ultra
2589 582 2768 640 Gades
2801 593 2926 640 sunt
2962 586 3162 656 posita,
3196 606 3365 660 pene:

1803 668 1935 721 trari
1966 678 2239 741 nequeant
2270 690 2283 727 :
2315 674 2395 727 sic
2425 673 2589 728 etiam
2643 677 3015 745 matrimonia,
3067 695 3188 749 qua:
3224 681 3368 739 intra

1802 771 2015 814 sextum
2064 764 2292 832 gradum
2350 767 2768 835 contrahuntur,
2835 770 2917 825 vel
2991 770 3110 842 ipsa
3156 775 3372 831 ratione

1802 852 2068 906 naturalis
2120 854 2393 923 aequitatis
2433 864 2488 911 et
2543 856 2755 912 honesti
2814 860 3193 916 damnentur:
3246 877 3368 930 quae.
3456 856 3462 860 ’

1800 950 1980 995 autem
2008 948 2160 996 extra
2182 945 2384 1015 gradus
2426 945 2591 1003 hosce
2632 951 3066 1019 suspenduntur,
3109 966 3210 1007 nec
3233 951 3370 1017 diri-

1799 1042 2039 1097 mantur,
2074 1049 2173 1091 nec
2207 1037 2542 1102 releventur,
2585 1052 2813 1114 excepto
2837 1042 2955 1098 solo
2974 1058 3044 1098 ex
3083 1049 3369 1119 sanguinis

1799 1123 2188 1191 conjunctione
2210 1127 2441 1196 septimo
2471 1129 2662 1198 gradu.

1868 1209 2002 1265 Nam
2036 1213 2185 1268 illum
2214 1222 2323 1269 tam
2359 1216 2707 1287 imperatoria
2741 1222 2971 1289 sanetio,
3001 1239 3164 1295 quam
3189 1233 3371 1284 tomus

1801 1305 2105 1375 synodalis,
2146 1308 2284 1362 sexti
2324 1310 2525 1379 gradus
2548 1313 2916 1369 matrimoniis
2948 1318 3269 1387 exmquavit.
3304 1318 3371 1373 Et

1800 1393 2018 1462 quando
2046 1394 2157 1463 jam
2191 1396 2326 1452 satis
2353 1397 2714 1456 disseruimus
2747 1404 2815 1458 de
2853 1403 2942 1466 iis,
2971 1421 3092 1475 quae
3122 1408 3369 1463 nonnulli

1801 1485 1903 1539 hac
1928 1485 1983 1540 in
2009 1488 2310 1557 quaestione
2334 1490 2588 1560 allegant,
2613 1493 2792 1550 sintne
2818 1497 3080 1567 conjuges
3102 1499 3168 1552 ad
3201 1515 3366 1552 unum

1800 1577 2069 1634 referendi
2099 1580 2326 1650 gradum
2351 1621 2367 1647 ,
2398 1598 2571 1640 necne
2608 1602 2624 1640 :
2687 1600 2788 1657 age
2821 1587 3161 1655 proferamus
3206 1590 3368 1644 etiam

1802 1669 1875 1735 id,
1913 1671 2057 1740 quod
2090 1671 2160 1727 de
2192 1675 2491 1742 quaestione
2516 1679 2793 1747 proposita
2823 1679 2986 1735 nobis
3020 1680 3086 1735 ad
3122 1682 3367 1735 animum

1802 1763 2019 1819 accidit.
2078 1763 2493 1832 Jurisconsulti,
2549 1767 2643 1838 qui
2702 1769 2769 1822 de
2822 1771 3029 1838 nuptiis
3083 1771 3372 1839 prohibitis

1802 1852 1996 1908 docent
2020 1854 2158 1909 libro
2184 1854 2542 1910 Basilicorum
2573 1873 2763 1922 xxviii,
2794 1859 2953 1913 titulo
3007 1876 3039 1917 ν
3064 1899 3078 1921 ,
3115 1859 3367 1914 bifariam

1801 1956 2062 2015 cognatos
2111 1946 2410 2003 dividunt:
2459 1949 2818 2006 ascendentes
2859 1961 2909 2006 et
2954 1952 3370 2017 descendentes,

1801 2038 2004 2094 liberos
2026 2038 2237 2094 scilicet
2268 2054 2332 2094 ac
2362 2049 2616 2111 parentes
2644 2058 2658 2109 ;
2686 2052 2738 2096 et
2779 2043 2833 2096 in
2875 2058 2990 2110 eos,
3017 2043 3110 2114 qui
3142 2051 3271 2098 sunt
3303 2059 3371 2098 ex

1802 2139 2137 2199 transverso,
2188 2129 2386 2188 fratres
2434 2134 2677 2202 inquam,
2719 2142 2771 2190 et
2811 2135 3051 2204 reliquos
3103 2136 3371 2206 sanguine

1801 2224 2159 2294 propinquos.
2185 2223 2248 2280 Et
2276 2225 2683 2280 ascendentium
2707 2226 2920 2295 quidem
2944 2242 3009 2282 ac
3036 2227 3372 2283 descenden-

1802 2318 1958 2378 tium,
1994 2317 2106 2371 sive
2130 2316 2353 2385 legitimi
2387 2315 2517 2382 sint,
2542 2318 2654 2371 sive
2683 2317 2978 2388 naturales,
3012 2319 3126 2374 sive
3155 2317 3371 2388 adopti-

1800 2406 1875 2472 vl,
1909 2407 2125 2475 nuptias
2153 2407 2443 2476 prohibent
2471 2408 2524 2461 in
2550 2407 2818 2462 infinitum
2846 2424 2859 2460 :
2883 2424 3072 2462 eorum
3102 2425 3251 2476 vero,
3278 2412 3368 2480 qui

1801 2500 2066 2570 sanguine
2091 2499 2382 2569 propinqui
2401 2507 2551 2562 sunt,
2581 2500 2645 2554 ad
2672 2509 2883 2555 sextum
2912 2516 3087 2571 usque
3114 2503 3365 2568 gradum.

1799 2589 2090 2661 Postquam
2119 2591 2222 2646 ista
2251 2592 2526 2648 subtiliter
2544 2578 2929 2662 exposuerunt,
2962 2602 3012 2647 et
3035 2592 3213 2647 oculis
3242 2592 3369 2648 sub-

1795 2681 2048 2752 jecerunt
2069 2683 2331 2751 graduum
2359 2681 2682 2752 profundam
2714 2692 2766 2738 et
2784 2690 3069 2751 penetratu
3093 2680 3366 2736 diliicilem

1800 2772 2193 2828 obscuritatem
2238 2771 2693 2842 (impeditissima
2739 2788 2973 2841 namque
3015 2780 3077 2826 ut
3122 2772 3365 2842 ipsorum

1800 2866 1983 2923 verbis
2018 2872 2142 2919 utar
2169 2879 2269 2919 nec
2301 2874 2557 2934 perceptu
2593 2864 2771 2920 facilis
2802 2872 2887 2920 est
2913 2863 2966 2918 in
2999 2863 3089 2927 iis,
3124 2865 3214 2933 qui
3243 2869 3372 2919 sunt

1800 2971 2193 3017 extransverso
2212 2957 2476 3027 graduum
2502 2954 3023 3025 inventio),disertis
3050 2957 3231 3012 verbis
3256 2956 3370 3010 haec

1800 3054 1962 3108 etiam
1999 3049 2262 3119 adjiciunt
2294 3062 2308 3099 :
2362 3045 2500 3101 Sunt
2544 3056 2597 3101 et
2634 3047 2754 3101 alia:
2788 3047 2992 3117 nuptiae
3022 3056 3072 3111 P,
3126 3061 3232 3101 non
3266 3047 3371 3101 illa

129 3143 385 3215 οἰκειότης
420 3147 732 3216 προσώπων
787 3151 852 3203 ἐκ
900 3151 1095 3221 γάμων
1135 3154 1269 3224 ἡμῖν
1311 3161 1694 3228 συνημμένων,

1803 3141 2022 3212 quidem
2058 3147 2280 3209 prepter
2304 3137 2394 3206 jus
2430 3136 2796 3205 cognationis,
2830 3136 2924 3192 sed
2960 3144 3181 3206 propter
3201 3135 3374 3190 amni-

130 3234 441 3301 συγγενείας
484 3238 664 3301 ἐκτός.
725 3234 851 3293 Οἷον
880 3240 972 3294 οὖν
1021 3243 1346 3300 οἰκειοῠνται
1396 3248 1607 3320 βαθμὸν
1645 3254 1694 3306 oi

125 3321 383 3394 ὀμόζυγες
416 3328 561 3397 μετὰ
592 3331 688 3399 τὴν
739 3332 1058 3401 συνάφειαν,
1100 3336 1356 3409 καθαρῶς
1398 3339 1496 3411 μὲν
1523 3342 1584 3396 ού
1614 3343 1693 3398 δι-

125 3411 448 3506 δᾶισκουετιν⁶
505 3421 773 3489 ὲπάγουσι
822 3423 900 3488 δὲ,
942 3424 1017 3497 μὴ
1070 3426 1331 3483 δύνασθαί
1388 3449 1510 3490 τινα
1558 3434 1695 3506 πρὸς

123 3504 291 3574 γάμον
323 3509 515 3565 λαϐεῖν
538 3513 638 3583 τὴν
660 3514 869 3568 οίκείαν
896 3514 1117 3588 νύμφην
1152 3521 1184 3593 ῆ
1214 3524 1507 3594 προγονήν.
1552 3504 1693 3581 Ἀλλ’

122 3596 236 3650 οὐδὲ
267 3600 364 3671 τὴν
397 3605 698 3673 μητρυιὰν,
730 3605 763 3678 ἢ
799 3607 899 3680 τὴν
946 3609 1214 3682 πενθερὰν
1240 3654 1255 3679 ,
1305 3614 1491 3687 ἐπειδὴ
1526 3619 1694 3690 μητέ-

123 3705 226 3757 ρων
254 3693 411 3761 τάξιν
449 3697 733 3767 ἐπέχουσι.
790 3700 1098 3771 Σκοπητέον
1128 3704 1308 3759 τοίνυν
1337 3708 1445 3779 πρὸ
1474 3712 1694 3767 πάντων

121 3781 204 3876 τδᾲ
222 3786 351 3856 περὶ
406 3787 521 3841 τῶν
558 3788 803 3861 βαθμῶν.
865 3793 1022 3849 Οὕτω
1064 3796 1171 3870 γὰρ
1221 3788 1600 3876 ὲξομαλισθείη
1632 3806 1694 3859 τὸ

120 3873 206 3928 τοῦ
242 3876 567 3953 ζητήματος
600 3883 847 3950 ἄναντες.

182 4154 243 4208 Ol
264 4155 368 4228 τῆς
396 4158 723 4226 συγγενείας
752 4159 974 4231 βαθμοὶ,
1006 4162 1071 4217 ἐκ
1111 4163 1222 4219 τῶν
1264 4165 1539 4238 βαθμίδων
1593 4170 1693 4241 τῆς

112 4245 382 4315 κλίμακος
410 4251 836 4321 ὠνομάσθησαν.
879 4253 967 4317 Ὠς
996 4255 1106 4328 γὰρ
1135 4258 1339 4313 ἐκεῖναι
1384 4259 1694 4332 λαμϐανου-

118 4355 204 4392 σαι
230 4343 524 4414 καταρχὴν
569 4343 628 4409 ἐξ
676 4345 934 4398 ἐπιπέδου
965 4349 1129 4415 τινὸς,
1164 4350 1256 4403 καὶ
1297 4353 1376 4415 είς
1403 4352 1473 4406 τὰ
1507 4354 1697 4424 πρόσω

111 4431 544 4502 προϐαίνουσαι,
594 4434 694 4506 τὴν
725 4436 950 4493 κάθοδον
983 4438 1015 4511 ἢ
1045 4439 1143 4509 τὴν
1174 4440 1358 4495 ἄνοδον
1388 4445 1696 4516 συμπεραί-

1804 3242 1966 3290 tatem
1999 3247 2107 3286 non
2135 3231 2510 3301 procedentes.
2530 3228 2775 3283 Alliuitas
2792 3238 2971 3281 autem
3020 3238 3100 3282 est
3134 3228 3373 3281 necessi-

1802 3327 1934 3382 tudo
1970 3327 2217 3396 quazdam
2249 3337 2627 3394 personarum,
2659 3338 2756 3392 per
2790 3321 3011 3390 nuptias
3053 3321 3212 3374 nobis
3243 3335 3375 3373 con-

1762 3458 1772 3467 ο
1796 3423 2133 3492 junctarum,
2195 3420 2331 3473 citra
2374 3419 2801 3486 cognationem.
2859 3414 3005 3486 Ergo
3059 3428 3220 3483 quem
3267 3410 3372 3466 sibi

1802 3510 2029 3582 gradum
2062 3514 2185 3578 post
2226 3508 2422 3561 initum
2473 3505 2878 3560 matrimonium
2921 3503 3200 3556 vindicent
3241 3514 3375 3555 con-

1797 3604 1975 3675 juges,
2034 3615 2169 3672 pure
2212 3599 2289 3654 illi
2326 3596 2543 3670 quidem
2585 3613 2695 3653 non
2737 3596 2934 3652 docent
2974 3611 2988 3648 :
3036 3594 3374 3663 subiungunt

1804 3708 2007 3758 tamen,
2040 3695 2274 3764 aliquem
2308 3707 2506 3747 nurum
2552 3704 2730 3754 suam,
2760 3688 2845 3743 vel
2872 3687 3196 3759 privignam,
3238 3699 3375 3738 uxo-

1799 3806 1915 3846 rem
1966 3789 2164 3843 ducere
2207 3800 2315 3839 non
2359 3797 2537 3853 posse.
2589 3780 2700 3837 Nec
2750 3781 2879 3835 item
2929 3791 3239 3839 novercam,
3289 3775 3373 3830 vel

1754 3905 1761 3909 ·
1800 3898 2022 3940 socrum
2056 3899 2070 3936 :
2102 3878 2361 3950 quoniam
2386 3885 2618 3931 matrum
2642 3875 2763 3929 loco
2785 3879 2932 3928 sunt.
2962 3869 3372 3926 Consideranda

1800 3977 1968 4050 igitur
1985 3981 2109 4028 ante
2137 3972 2318 4027 omnia
2347 3968 2615 4040 graduum
2636 3967 2794 4021 ratio.
2815 3965 2905 4020 Sic
2930 3964 3074 4020 enim
3095 3960 3370 4030 exaequari

1799 4068 2001 4144 poterit
2029 4066 2144 4136 ipsa
2174 4061 2487 4135 quaestionis
2518 4060 2662 4114 velut
2689 4058 2911 4112 acclivis
2940 4054 3298 4125 inaequalitas.

1872 4160 2089 4217 Gradus
2119 4155 2460 4227 cognationis
2488 4151 2619 4208 dicti
2651 4157 2777 4205 sunt
2810 4163 2839 4203 a
2872 4147 3228 4204 similitudine
3251 4159 3375 4214 gra-

1804 4254 1971 4308 duum
2028 4248 2261 4319 alicujus
2312 4246 2493 4301 scala}.
2542 4241 2676 4296 Nam
2712 4241 2856 4296 sicut
2900 4240 3006 4293 illa:
3045 4237 3369 4307 principium

1804 4353 2089 4401 sumentes
2135 4356 2164 4393 a
2223 4338 2474 4410 planitie.
2539 4348 2869 4404 sursumque
2917 4330 3238 4391 tendentes,
3303 4328 3369 4382 ad

1805 4430 2249 4490 descendendum
2293 4429 2373 4483 vel
2408 4425 2813 4481 ascendendum
2871 4423 3029 4478 nobis
3069 4424 3314 4477 serviunt
3354 4439 3367 4475 :

112 4538 316 4591 νουσιν,
368 4525 520 4579 οὕτω
556 4504 661 4580 καὶ⁷
693 4528 742 4580 οἱ
794 4504 1018 4599 βαθμοὶ,
1047 4504 1123 4594 ὡς
1161 4532 1224 4584 ἐκ
1249 4530 1402 4602 ῥίζης
1433 4504 1696 4606 ὁμοφυεῖς

1803 4526 1884 4585 sic
1945 4536 1999 4582 et
2056 4524 2107 4579 hi
2148 4522 2372 4595 gradus.
2404 4521 2553 4577 velut
2589 4519 2834 4589 ejusdem
2873 4525 3084 4571 natura:
3121 4513 3258 4567 rami
3302 4527 3383 4567 ex.

107 4614 294 4670 κλάδοι
351 4617 456 4670 τοῦ
509 4617 728 4688 πρώτου
802 4622 1134 4692 γεννήτορος
1195 4624 1537 4695 προιέμενοι,
1595 4627 1695 4700 τὴν

111 4708 451 4775 συγγένειαν
505 4710 946 4780 καταρτίζουσιν.
1000 4713 1227 4784 ’Ίδωμεν
1253 4712 1367 4780 οὖν,
1404 4719 1532 4773 ποία
1569 4720 1696 4791 ῥίζα

105 4799 203 4852 καὶ
262 4801 529 4874 καταρχὴ
572 4802 849 4871 μεσιτεύει
885 4803 976 4857 τὸν
1006 4804 1177 4875 ἄνδρα
1215 4808 1350 4875 μετὰ
1375 4810 1474 4879 τῆς
1502 4828 1694 4879 γυναι-

104 4890 221 4959 κὸς,
258 4892 411 4946 ὥστε
441 4894 579 4964 πρὸς
604 4894 809 4965 ταύτην
834 4895 1184 4967 ἀναδραμεῖν,
1215 4902 1307 4953 καὶ
1334 4901 1392 4966 ἐξ
1425 4904 1594 4976 αὐτῆς
1619 4906 1695 4970 ὡς

98 4981 191 5035 διὰ
220 4983 499 5055 βαθμίδος
541 4985 677 5055 πρὸς
705 4987 928 5051 τούτους
962 4988 1157 5044 ἐλθεῖν.
1194 4991 1419 5056 Πάντως
1445 4995 1693 5064 οὐδεμία.

100 5074 241 5128 Οὐδὲ
275 5077 400 5146 γάρ
456 5075 680 5132 δύναταί
721 5095 806 5141 τις
846 5080 1021 5132 εἰπεῖν
1046 5119 1062 5145 ,
1108 5080 1166 5133 Ὁ
1201 5082 1403 5154 Πέτρος
1434 5087 1697 5158 ὲγγὲνησε

96 5164 192 5220 τὸν
222 5168 580 5238 Δημήτριον.
627 5169 686 5222 '0
719 5169 883 5233 αὐτὸς
912 5171 1007 5225 καὶ
1032 5173 1131 5242 τὴν
1161 5172 1379 5241 Μαρίαν
1408 5176 1696 5235 ἀπέτεκεν.
1726 5192 1765 5207 ’ν

98 5258 273 5312 ’Ὥστε
328 5259 564 5325 τούτους
598 5260 693 5315 δύο
731 5261 956 5334 βαθμῶν
999 5264 1144 5335 ἔχειν
1178 5267 1517 5336 συγγένειαν.
1555 5272 1697 5342 Προ-

97 5349 276 5417 φανὲς
315 5350 439 5421 γὰρ
474 5350 667 5423 ψεῦδός
700 5353 839 5407 ἐστι.
897 5353 1087 5423 Πολλῷ
1119 5354 1175 5407 δὲ
1226 5356 1387 5409 πλέον
1415 5359 1514 5412 οὐκ
1550 5361 1695 5416 εἴποι

95 5458 185 5504 τις
218 5442 569 5507 ὑποστάσεις
610 5443 817 5508 διττὰς,
858 5445 975 5508 ἑνὸς
1006 5441 1145 5499 εἶναι
1187 5446 1417 5515 βαθμοῦ.
1455 5448 1559 5503 Δύο
1586 5452 1694 5524 γὰρ

93 5534 405 5604 γεννήσεις
451 5534 678 5599 τούτους
745 5536 1089 5608 παρήγαγον.
1152 5538 1215 5590 υί
1268 5538 1399 5606 γοῦν
1446 5540 1696 5610 λέγοντες

1803 4617 2009 4681 radice,
2045 4616 2219 4686 primo
2263 4612 2470 4666 scilicet
2504 4618 2729 4680 parente
2765 4606 3141 4679 procedentes,
3166 4617 3371 4671 cogna-

1805 4714 2007 4769 tionem
2038 4707 2348 4779 perﬁcinnt.
2390 4702 2684 4757 Videamus
2720 4716 2870 4770 ergo,
2916 4714 3165 4768 quaenam
3214 4698 3371 4753 radix

1803 4820 1867 4861 ac
1881 4801 2208 4876 principium
2234 4797 2375 4851 inter
2402 4794 2578 4849 virum
2606 4803 2658 4847 et
2688 4806 2910 4846 uxorem
2941 4791 3021 4846 sic
3048 4790 3373 4856 intercedat,

1804 4907 1862 4951 ut
1902 4895 1970 4948 ad
2010 4906 2130 4949 eam
2177 4890 2250 4945 sit
2292 4885 2705 4948 recurrendom,
2747 4891 2801 4938 et
2842 4881 2912 4937 ab
2949 4896 3013 4937 ea
3050 4896 3151 4937 ceu
3203 4881 3375 4953 gradu

1803 4988 2039 5059 quodam
2063 4984 2128 5038 ad
2146 4984 2294 5054 ipsos
2311 4978 2658 5056 veniendum.
2688 4975 2845 5029 Nulla
2875 4990 3104 5046 prorsus
3136 4976 3373 5030 exsistit.

1803 5079 1923 5135 Non
1956 5077 2104 5134 enim
2156 5074 2340 5129 dicere
2383 5068 2656 5141 quiSpiam
2696 5074 2894 5136 potest,
2934 5063 3134 5121 Petrus
3188 5063 3375 5134 genuit

1803 5172 2160 5230 Demetrium.
2186 5166 2329 5222 Idem
2361 5173 2415 5219 et
2454 5160 2674 5216 Mariam
2704 5160 3047 5230 procreavit:
3074 5172 3181 5228 quo
3208 5156 3288 5223 ﬁt,
3314 5163 3375 5211 ut

1803 5267 1858 5323 hi
1905 5267 2139 5321 duorum
2179 5258 2447 5332 graduum
2489 5254 2812 5326 cognatione
2856 5252 3030 5324 juncti
3074 5253 3204 5306 sint.
3258 5247 3374 5301 Hoc

1802 5357 1946 5413 enim
1980 5350 2488 5408 manifestissimum
2521 5345 2863 5402 mendacium
2887 5350 2987 5398 est.
3013 5342 3181 5396 Multo
3203 5337 3375 5408 magis

1804 5448 2019 5505 cavebit
2046 5444 2269 5514 aliquis,
2297 5457 2366 5497 ne
2400 5440 2566 5507 dicat,
2598 5439 2735 5494 duas
2765 5449 3026 5505 personas
3058 5434 3219 5488 unius
3249 5446 3372 5487 esse

1804 5541 2028 5612 gradus.
2058 5537 2271 5609 Quippe
2295 5536 2416 5592 duae
2439 5532 2819 5606 generationes
2843 5542 2936 5585 eos
2976 5526 3371 5598 produxerunt.

1437 5655 1670 5713 VABUE
1707 5654 2117 5715 LECTIUNES.

157 5749 181 5772 °
210 5739 367 5819 fide
398 5740 1089 5819 eclogomhBasilicarum;
1145 5746 1257 5803 vide
1301 5748 1382 5805 tit.
1440 5748 1501 5801 de
1538 5748 1806 5805 Gradibus
1856 5750 2205 5819 cognationis,
2240 5749 2292 5803 ά.
2345 5748 2436 5801 lib.
2490 5743 2865 5800 Basilicarum.

95 5813 322 5880 prohib.
360 5825 514 5874 rt:¢;‘t.
555 5815 605 5866 (ί.
639 5813 731 5868 lib.
773 5815 960 5867 Basili.

2977 5752 3004 5791 ι’
3035 5741 3146 5794 viae
3176 5738 3257 5792 tit.
3310 5736 3377 5794 de
