3990 6578
276 417 301 483 1
317 422 430 486 Ξο9

1562 430 2268 501 ϐΒᾹΞΟΟ-ΒΟΜΑΝΠΜ.

3402 433 3550 503 ῐεῖσ

273 529 461 582 ὀπτων
508 528 609 599 μού
655 526 809 594 ἐστιγ
836 536 930 584 και
977 531 1115 603 σαρξ
1154 532 1211 600 ἒξ
1246 533 1346 605 τῆς
1388 536 1595 607 σαρκός
1628 549 1767 607 μου⁹
1801 533 1864 588 οὐ

1969 552 2033 594 os
2060 554 2126 596 ex
2159 538 2377 596 ossibus
2406 527 2568 605 meis,
2591 543 2645 593 et
2669 550 2800 594 caro
2818 550 2885 593 ex
2910 550 3077 595 carne
3095 553 3213 597 mea
3243 558 3258 597 :
3284 542 3545 613 equidem

268 619 467 691 τολμῶ
487 623 623 687 τοὺς
646 622 953 692 ὁμοζύγους
986 624 1162 677 εἰπεῖν
1191 626 1359 698 ἄλλης
1388 627 1485 681 καὶ
1529 627 1697 696 ἄλλης
1722 623 1861 681 εἶναι

272 712 510 784 σαρκὸς,
545 712 650 766 κᾶν
687 716 744 767 ὲν
788 713 944 767 δυσὶν
980 716 1343 770 ὑποστάσεσιν
1391 718 1592 782 αὐτοὺς
1630 716 1857 788 Θεωρῶσ

274 805 377 859 ἵνα
414 805 490 877 μὴ
538 807 765 870 δικαίως
795 808 1117 880 κατακριθῶ
1166 809 1310 863 κατὰ
1359 811 1486 875 τοὺς
1535 810 1869 877 ἀθετοῦντας

273 898 599 969 ἐγγράφους
634 900 729 952 καὶ
788 900 1071 971 ἀγράφους
1123 902 1476 971 παραδόσεις.
1520 903 1632 956 τῶν
1687 903 1862 973 ἁγίων

287 990 638 1062 Ἐκκλησιῶν
678 993 774 1045 καὶ
810 993 912 1062 τῆς
968 994 1244 1065 σωτηρίας
1295 994 1455 1065 ἡμῶν
1486 996 1554 1048 τὸ
1572 996 1860 1067 ἐχέγγυον.

274 1082 645 1150 Διαγινὼσκω
672 1082 728 1136 δὲ
760 1083 962 1153 μᾶλλον
1004 1084 1133 1155 μίαν
1170 1086 1348 1157 σάρκα
1395 1086 1615 1151 τούτους
1647 1088 1861 1156 λογίζε-

276 1173 437 1238 σθαι,
468 1175 565 1228 καὶ
597 1176 708 1238 τοῖς
749 1175 930 1237 αὐτοῖς
977 1176 1429 1246 στενοχωρεῖσθαι
1458 1179 1549 1231 τὸν
1573 1178 1747 1248 ἄνδρα
1776 1192 1864 1233 νος

277 1268 472 1335 μικοῖς
492 1265 590 1319 καὶ
619 1268 927 1328 κανονικοῑς
962 1267 1439 1336 παραγγέλμασιν,
1467 1267 1591 1322 ὅσον
1612 1269 1753 1333 τέως
1784 1271 1864 1333 εἰς

277 1356 593 1427 συνάφειαν
616 1358 882 1427 γαμικὴν,
911 1350 993 1421 οἷς
1021 1357 1114 1411 καὶ
1137 1359 1171 1430 ἠ
1196 1358 1388 1413 τούτου
1440 1363 1863 1431 στενοχωρεῖται

273 1450 593 1521 ὁμόζυγος·
620 1450 810 1521 ὥσπερ
847 1450 943 1504 καὶ
988 1449 1048 1503 τὸ
1092 1450 1385 1505 ἀνάπαλιν.
1424 1451 1536 1506 Καὶ
1586 1450 1675 1505 διὰ
1703 1451 1865 1505 τοῦτο

280 1544 367 1614 μὴ
424 1543 688 1598 δύνασθαι
733 1542 825 1597 τὸν
870 1543 1184 1612 Δημήτριον
1219 1542 1300 1606 είς
1331 1542 1568 1609 γυναῖκα
1602 1542 1701 1612 τὴν
1731 1542 1865 1596 Θεο-

272 1634 469 1705 δώραν
513 1634 736 1696 λασεῖν,
802 1633 1156 1705 λογιζομένην
1210 1633 1596 1706 δισεξαδέλφην
1646 1635 1811 1688 αὑτοῦ
1847 1676 1863 1703 ,

271 1726 373 1781 διὰ
404 1727 507 1799 τὴν
534 1730 675 1798 μετὰ
700 1726 799 1797 τῆς
821 1728 1039 1798 Μαρίας
1064 1728 1312 1800 γαμικὴν
1337 1728 1527 1783 τούτου
1546 1731 1864 1799 συνάφειαν.

285 1820 658 1890 ’Δποδὲχομαι
711 1819 768 1873 δὲ
823 1820 916 1873 καὶ⁸
961 1822 1087 1883 τοὺς
1146 1820 1460 1886 κωλύοντας
1499 1821 1563 1875 τὸ
1623 1821 1865 1876 τοιοῦτον

279 1909 525 1981 γαμικὸν
558 1907 655 1962 τοῦ
685 1908 1001 1979 Δημητρίου
1028 1908 1381 1978 συνάλλαγμα
1399 1908 1490 1964 διὰ
1522 1909 1648 1970 τοὺς
1666 1908 1863 1980 νόμους
1896 1893 1936 1948 Β

280 2001 412 2063 τοὺς
435 1999 715 2067 λέγοντας,
739 1998 797 2050 ὲν
825 1999 938 2059 τοῖς
960 1999 1160 2067 γάμοις
1188 1999 1250 2052 οὐ
1280 1998 1438 2071 μόνον
1465 1998 1528 2052 τὸ
1551 1999 1860 2068 ἐφειμένον,

285 2090 426 2144 rm;
460 2091 558 2145 καὶ
598 2091 659 2149 τὸ
697 2089 977 2162 εὐπρεπὲς
1026 2090 1329 2160 ζητητέονο
1369 2090 1651 2145 κατανοῶν
1694 2090 1863 2161 ἀπρε-

283 2184 559 2237 πέστατον
614 2181 777 2251 εἶναι,
830 2182 922 2236 τὸν
977 2183 1139 2255 μέχρι
1187 2182 1280 2237 τοῦ
1315 2182 1409 2238 νῦν
1433 2184 1684 2256 γαμϐρὸν
1711 2184 1864 2251 παρὰ

280 2277 380 2346 (ἧς
431 2275 813 2347 δισεξαδέλφης
870 2275 1183 2346 λεγόμενον,
1217 2274 1490 2347 όμόζυγον
1544 2277 1715 2345 αὐτῆς
1750 2278 1865 2330 ὀνο-

285 2389 299 2443 ;
330 2368 577 2435 ἀζεσθαι.
614 2371 737 2424 Ὀτι
761 2368 818 2423 δὲ
872 2367 1146 2440 χρώμενοι
1176 2368 1387 2438 ῥήμασί
1413 2383 1559 2431 τινες
1600 2367 1693 2422 τοῦ
1724 2368 1862 2423 κατὰ

279 2460 382 2530 ’.ὴν
405 2458 448 2510 λ’
477 2459 572 2512 τοῦ
604 2458 825 2513 Ἰουλίου
855 2458 1042 2530 μηνὸς,
1069 2458 1167 2527 τῆς
1202 2457 1274 2529 ιβ’
1305 2458 1702 2531 ὲπινεμήσεως,
1737 2476 1864 2513 συν-

270 2551 468 2605 οδικοῦ
501 2551 908 2623 σημειώματος,
936 2551 1030 2605 τοῦ
1066 2550 1165 2621 μὲν
1201 2551 1506 2620 ἁγιωτάτου
1530 2550 1698 2624 κυροῖ)
1731 2551 1863 2604 Θεο-

268 2642 470 2695 δοσίου
504 2643 1023 2714 πατριαρχεύοντος,
1061 2641 1219 2713 ἡμῶν
1247 2643 1305 2697 δὲ
1334 2642 1427 2697 τοῦ
1454 2643 1866 2715 χαρτοφύλακος

269 2733 659 2805 ἐνεργούντων
721 2734 936 2803 ὀφίκιον
970 2775 986 2801 ,
1041 2736 1139 2789 καὶ
1192 2736 1321 2808 περὶ
1366 2735 1429 2789 τὸ
1491 2735 1644 2799 τέλος
1691 2734 1863 2790 ταῦτα

269 2825 595 2893 διεξιοῦσιν.
631 2826 790 2881 Ἐπεί
819 2826 928 2896 γὰρ
958 2828 995 2894 ἡ
1016 2826 1166 2896 μετὰ
1195 2826 1479 2882 Ἰωάννου
1507 2826 1864 2881 τελεσθεῖσα

264 2919 583 2987 μνηστείιι
610 2919 691 2984 ὡς
739 2919 1161 2984 ἀνυπόστατος
1187 2919 1454 2985 λέλυται,
1488 2918 1585 2972 διὰ
1609 2918 1725 2986 τὴν
1754 2918 1865 2986 τῆς

271 3010 555 3079 Εἰρήνης
599 3010 959 3079 ἀνηϐότητα,
1022 3009 1221 3077 καλῶς
1276 3011 1315 3080 ή
1356 3010 1579 3080 Εἰρήνη
1610 3010 1865 3078 δευτέρῳ

269 3102 602 3171 ἐξαὸἐλφῳ
634 3102 821 3157 αὐτοῦ
860 3101 1010 3156 κατὰ
1051 3104 1240 3171 νόμον
1296 3102 1487 3172 γάμου
1533 3102 1867 3171 συξευχθή-

1968 634 2152 689 dicere
2176 647 2283 688 non
2315 630 2511 696 audeo,
2536 630 2797 702 coniuges
2826 631 3052 689 alterius
3078 634 3396 699 etalterius
3415 652 3551 693 esser
3650 672 3656 680 -

1967 725 2172 791 carnis,
2201 725 2327 780 licet
2347 739 2442 780 eos
2469 724 2525 779 in
2543 724 2756 781 duabus
2770 725 3021 794 personis
3039 725 3196 780 video
3220 743 3233 780 :
3253 742 3321 781 ne
3341 729 3526 784 meritt

1965 816 2302 873 cond‘emner
2321 818 2539 872 illorum
2603 832 2776 882 more,
2835 817 2930 889 qui
2998 817 3235 888 scriptas
3298 827 3352 873 et
3425 835 3536 875 non

1965 910 2200 979 scriptas
2269 909 2593 965 traditiones
2657 910 2973 979 reprobant,
3032 925 3154 980 quae
3211 919 3533 965 sanctarum

1965 998 2334 1057 Ecclesiarum
2359 1009 2414 1057 et
2458 999 2657 1056 salutis
2711 1010 2915 1057 nostra:
2973 1001 3172 1072 pignus
3224 1010 3371 1057 sunt.
3425 1001 3535 1057 lmc

1964 1093 2149 1165 potius
2175 1102 2376 1160 statuo,
2407 1107 2508 1164 pro
2537 1107 2647 1147 una
2691 1108 2858 1149 carne
2913 1093 3214 1160 ducendos,
3246 1102 3299 1148 et
3343 1092 3537 1148 iisdem

1964 1185 2266 1257 constringi
2296 1186 2546 1242 maritum
2563 1185 2826 1258 legalibus
2855 1193 2910 1242 et
2924 1186 3206 1242 canonicis
3228 1184 3537 1255 praeceptis,

1964 1290 2227 1352 quantum
2255 1278 2464 1335 scilicet
2490 1279 2889 1350 c0pulationem
2913 1276 3369 1332 matrimonialem
3407 1276 3544 1330 att-i-

1963 1380 2078 1439 net,
2121 1374 2321 1445 quibus
2367 1379 2421 1428 et
2457 1372 2660 1441 conjux
2718 1371 2840 1442 ejus
2869 1369 3210 1424 includitur:
3274 1367 3554 1437 idemque

1963 1466 2083 1520 vice
2110 1478 2271 1520 versa
2309 1463 2489 1519 locum
2524 1463 2745 1518 habere.
2784 1460 2965 1532 Atque
2999 1461 3105 1515 hac
3137 1461 3204 1515 de
3234 1474 3403 1516 causa
3431 1473 3539 1513 non

1962 1572 2127 1629 posse
2158 1556 2492 1613 Demetrium
2523 1555 2577 1610 in
2619 1569 2845 1610 uxorem
2908 1554 3113 1609 ducere
3168 1551 3537 1616 Theodoram,

1966 1666 2085 1722 quae
2106 1664 2204 1720 pro
2236 1649 2459 1704 sobrina
2490 1648 2610 1718 ejus
2660 1647 2915 1710 habetur,
2973 1653 3198 1715 propter
3248 1642 3542 1698 matrimo-

1966 1744 2163 1799 nialem
2195 1741 2370 1813 ipsius
2398 1755 2522 1795 cum
2554 1739 2722 1794 Maria
2747 1737 3214 1808 coniunctionem.
3253 1733 3549 1791 Assentior

1967 1836 2130 1892 etiam
2163 1835 2254 1900 iis,
2288 1834 2381 1905 qui
2407 1831 2868 1887 matrimonialem
2893 1828 3165 1900 ejusmodi
3195 1836 3538 1883 contractum

1967 1923 2225 1978 Demetrii
2271 1921 2566 1994 prohibent
2628 1920 2807 1991 legum
2867 1920 3083 1973 ratione
3141 1915 3251 1986 (66)
3305 1928 3541 1986 quarum

1967 2011 2132 2068 verba
2161 2019 2290 2066 sunt
2321 2010 2422 2066 :In
2454 2008 2663 2080 nuptiis
2694 2024 2803 2063 non
2841 2007 3019 2064 solum
3046 2005 3179 2075 quid
3214 2004 3549 2075 permissum-

1966 2105 2060 2170 sit,
2091 2102 2185 2159 sed
2212 2103 2377 2158 etiam
2406 2103 2537 2172 quid
2569 2101 2882 2165 honestum,
2915 2096 3376 2153 considerandum
3404 2103 3489 2150 est
3521 2113 3547 2149 τ

1966 2195 2095 2251 dum
2147 2195 2543 2258 animadverto,
2599 2191 3107 2248 inhonestissimum
3155 2204 3302 2252 esse.
3361 2186 3547 2256 utqui

1965 2289 2231 2344 hactenus
2260 2302 2289 2340 a
2328 2287 2553 2341 sobrina
2594 2292 2820 2340 vocatus
2862 2282 3030 2338 fuerit
3085 2281 3282 2347 aﬂinis,
3351 2276 3540 2348 postea

1965 2380 2167 2449 conjux
2207 2377 2322 2446 ejus
2352 2375 2675 2447 appelletur.
2702 2375 2767 2429 Et
2826 2375 2952 2444 quia
3002 2373 3251 2429 nonnulli
3324 2380 3541 2426 utentes

1965 2471 2146 2528 verbis
2170 2469 2361 2540 scripti
2394 2467 2688 2539 synodalis,
2746 2466 3004 2536 publicati
3052 2465 3140 2520 die
3164 2479 3277 2519 xxx
3331 2461 3545 2517 mensis

1964 2562 2115 2629 Julii,
2155 2559 2456 2617 indictione
2486 2558 2831 2619 duodecima,
2865 2573 2990 2611 cum
3023 2564 3170 2611 esset
3228 2553 3543 2625 patriarcha

1968 2654 2355 2712 sanctissimus
2385 2653 2478 2706 ille
2502 2650 2760 2705 dominus
2790 2648 3152 2715 Theodosius,
3176 2656 3229 2702 et
3248 2662 3346 2701 nos
3367 2644 3543 2699 ollicio

1967 2744 2289 2803 chartularii
2346 2744 2721 2812 iungeremur,
2754 2757 2862 2810 quo
2891 2741 2945 2795 in
2978 2741 3182 2808 scripto
3209 2739 3352 2793 circa
3384 2738 3541 2791 tinem

1967 2840 2082 2895 haec
2101 2840 2268 2894 verba
2289 2838 2545 2906 leguntur
2570 2851 2583 2886 :
2603 2832 2735 2887 Cum
2761 2833 2894 2886 enim
2920 2831 3183 2886 celebrata
3202 2846 3318 2882 cum
3335 2827 3545 2880 Joanne

1968 2930 2242 3001 sponsalia
2271 2971 2285 2994 ,
2332 2946 2424 2984 ceu
2463 2929 2679 2982 minime
2731 2925 3055 2988 constantia,
3089 2922 3383 2983 solvantur,
3414 2934 3544 2988 pro-

1966 3033 2081 3091 pter
2131 3028 2341 3076 aelatem
2369 3019 2541 3073 Irenae
2573 3016 2889 3085 impuberem
2917 3031 2936 3068 :
2965 3022 3100 3068 recte
3135 3012 3295 3067 lrena
3328 3010 3542 3065 sobrina

1970 3115 2139 3185 ipsius
2170 3114 2278 3184 lege
2310 3110 2697 3166 matrimoniali
2718 3107 3073 3177 copulabitur.
3109 3104 3308 3173 Quippe
3336 3118 3425 3156 nec
3450 3116 3544 3168 pro

271 3209 482 3249 σεται.
515 3194 665 3248 Οὔτε
696 3192 808 3263 γὰρ
854 3193 1221 3264 συγγενικὸν
1265 3195 1590 3261 πρόσωπον
1626 3194 1742 3262 τὴν
1768 3197 1865 3249 El-

1969 3220 2195 3274 pensona
2218 3213 2442 3295 cpgnata
2471 3199 2773 3254 Theodorus
2807 3196 3025 3251 Irenam
3048 3194 3213 3252 ducit.
3244 3209 3336 3247 uec
3374 3190 3547 3259 aﬂini-

262 3287 488 3358 ρήνην
514 3286 828 3357 λογίζεται,
871 3290 903 3342 ὁ
935 3287 1252 3355 Θεόδωρος,
1280 3286 1418 3341 οὔτε
1455 3287 1581 3354 τοῖς
1606 3287 1674 3352 ἐξ
1701 3288 1869 3359 ἀγχι-

274 3380 499 3457 στείας
536 3378 784 3447 δεσμοῖς
811 3378 911 3433 καὶ
963 3377 1125 3447 ὅροις
1184 3378 1606 3447 συσφίγτεται,
1658 3377 1757 3433 διὰ
1802 3379 1867 3433 τό

271 3470 619 3540 ὑπερϐῆναι
649 3471 757 3525 τὸν
779 3472 849 3537 ἐξ
872 3470 1220 3541 ἀγχιστείας
1251 3470 1428 3525 ἕκτον
1454 3471 1714 3541 βαθμόν.

354 3564 619 3617 Θέλουσιν
658 3566 808 3634 ἡμᾶς
863 3564 1099 3635 σιωπᾷν,
1132 3564 1256 3634 ἄρτι
1302 3564 1566 3619 τάναντία
1623 3564 1871 3635 διαγινὼ-

279 3671 519 3718 σκοντας
543 3668 560 3685 ο
595 3654 813 3725 πρῶτον
864 3655 963 3725 μὲν
1018 3653 1275 3725 λέγομεν,
1317 3654 1392 3718 ὡς
1416 3655 1443 3707 ὁ
1468 3657 1613 3709 κατὰ
1643 3658 1869 3725 καιροὺς

277 3765 351 3817 χα
364 3744 644 3818 ρτοφύλαξ
668 3746 846 3817 στόμα
876 3745 1271 3817 πατριαρχικὸν
1289 3745 1668 3816 λογιζόμενος,
1686 3748 1870 3802 ἐκεῖνα

273 3839 440 3908 λέγει
474 3841 569 3892 καὶ
604 3842 834 3909 γράφει,
871 3839 974 3893 ὅσα
1014 3837 1310 3907 νεφελώσει
1339 3837 1435 3890 καὶ
1467 3838 1734 3893 ὑδατώσει
1767 3841 1870 3909 τῆς

278 3933 533 4002 κεφαλῆς
557 3932 592 4004 ἡ
610 3931 918 4002 άκρώρεια.
951 3929 1160 3983 Οὐκοῦν
1189 3928 1312 3981 οὐδὲ
1333 3928 1640 3991 αίτιατέους
1662 3928 1694 3998 ἢ
1715 3929 1869 3982 ἐπαι-

275 4027 504 4089 νετέους
533 4025 797 4090 λογιεῖταί
822 4040 909 4087 τις
947 4022 1097 4093 ἡμᾶς
1137 4018 1691 4091 καλλιγραφήσαντας
1737 4019 1869 4084 ἴσως

276 4121 386 4192 τὴν
420 4117 707 4191 παροῦσαν
761 4114 1040 4179 ὑπόθεσιν,
1073 4113 1106 4185 ἦ
1146 4112 1459 4166 τούναντίον
1509 4112 1870 4184 κακογραφή-

280 4230 517 4277 σαντας.
545 4211 707 4264 Κατὰ
740 4207 849 4279 γὰρ
873 4206 965 4261 τὸν
995 4205 1212 4277 Βαροὺχ
1253 4203 1869 4275 ὑπεγραμματεύσαμεν

278 4308 393 4361 ὅσα
462 4301 679 4374 θρηνῶν
724 4299 994 4371 Ἱερεμίας
1037 4297 1343 4368 ἐθρήνησεο
1405 4295 1502 4349 καὶ
1562 4295 1708 4348 κατὰ
1777 4294 1869 4348 τὸν

291 4390 519 4464 ’Δαρὼν
571 4389 937 4459 ἐλαλήσαμεν,
974 4389 1076 4441 ὅσα
1129 4386 1308 4440 λαλῶν
1349 4385 1579 4452 ὲλάλησε
1636 4384 1864 4455 Μωσῆς.

280 4484 473 4554 Ὅπερ
503 4481 558 4536 δὲ
594 4481 690 4534 καὶ
722 4479 842 4532 τότε
871 4477 969 4548 τὴν
1004 4477 1318 4549 μικρόνοιαν
1344 4475 1503 4547 ἡμῶν
1533 4474 1867 4547 ἐθεράπευσε

1916 3344 1921 3350 .
1975 3298 2099 3351 tatis
2136 3288 2360 3349 vinculis
2399 3304 2556 3362 atque
2603 3289 2801 3359 legibus
2851 3288 3233 3356 constringitur
3272 3294 3547 3353 propterea

1969 3386 2108 3458 quod
2136 3394 2338 3441 sextum
2363 3399 2427 3438 ea:
2454 3382 2704 3455 affinitate
2729 3382 2953 3451 gradum
2986 3378 3226 3432 excedat.

2041 3560 2139 3617 llis
2178 3573 2309 3629 ergo
2332 3557 2520 3613 verbis
2549 3560 2791 3618 utentes,
2818 3561 2999 3608 tacere
3032 3564 3133 3605 nos
3194 3545 3410 3607 volunt,
3455 3546 3549 3611 qui

1965 3654 2078 3725 jam
2107 3650 2383 3709 contraria
2426 3648 2768 3705 statuimus:
2824 3644 3059 3716 primum
3122 3638 3548 3709 respondemus,

1970 3746 2238 3814 cujusque
2263 3742 2524 3811 temporis
2561 3738 2988 3800 chartularium,
3020 3734 3110 3803 qui
3133 3747 3196 3786 os
3221 3729 3551 3799 patrial-clue

1969 3849 2094 3892 esse
2130 3834 2373 3897 ducitur,
2407 3847 2469 3886 ea
2506 3838 2620 3884 tum
2657 3829 2861 3890 dicere,
2935 3834 3048 3878 tum
3112 3822 3374 3881 scribere,
3431 3831 3552 3887 quae

1970 3926 2166 3998 capitis
2191 3925 2295 3997 ipsi
2328 3932 2515 3980 vertex
2554 3923 2734 3976 instar
2762 3918 2922 3973 nubis
2949 3924 3002 3993 et
3024 3929 3179 3983 aquae
3208 3909 3545 3981 suppeditat.

1968 4017 2204 4088 Ideoque
2233 4030 2333 4071 nec
2357 4013 2681 4084 culpamlos,
2716 4023 2817 4064 uec
2848 4004 3152 4062 laudandos
3186 4016 3285 4056 nos
3335 3998 3552 4070 putabit

1968 4109 2264 4181 quispiam.
2296 4108 2389 4177 qui
2416 4106 2499 4161 vel
2536 4113 2683 4159 recte
2737 4108 3063 4169 praesentem
3113 4109 3361 4155 causam,
3392 4090 3477 4145 vel
3520 4104 3553 4145 e

1969 4203 2247 4259 contrario
2290 4199 2429 4254 male
2455 4196 2652 4251 litteris
2680 4191 2951 4261 complexi
2991 4190 3191 4245 simus.
3223 4184 3359 4238 Nam
3401 4195 3555 4236 more

1969 4295 2224 4360 Baruchi,
2262 4294 2454 4348 scriba:
2489 4301 2716 4344 munere
2739 4284 2907 4340 functi
2937 4281 3248 4337 notavimus
3293 4288 3556 4345 quaecun-

1916 4420 1927 4429 ο
1970 4403 2076 4460 que
2104 4382 2455 4441 lamentando
2490 4376 2799 4434 Hieremias
2841 4374 3174 4428 lamentatus
3213 4375 3339 4422 est:
3372 4368 3426 4419 et
3449 4363 3558 4415 Aa-

1973 4459 2127 4536 ronis
2152 4492 2303 4532 more
2332 4472 2605 4545 prolocuti
2657 4483 2872 4529 sumus,
2920 4459 3559 4535 qumcunqueléiquendo

279 4546 459 4646 χάριν
477 4571 573 4627 τοῦ
608 4572 853 4625 τοιούτου
901 4546 1240 4640 ζητήματος,
1280 4546 1498 4640 ἐγράφη
1548 4569 1677 4638 παρ’
1710 4567 1866 4637 ἡμῶν

1976 4571 2194 4627 locutus
2254 4575 2339 4622 est
2366 4563 2567 4619 Moses.
2594 4559 2752 4627 Quod
2786 4566 2966 4612 autem
2996 4553 3308 4608 intellectus
3372 4546 3553 4603 nostri

281 4667 347 4719 ὲν
374 4663 456 4736 τῷ
492 4664 537 4735 β’
571 4663 877 4733 κεφαλαίῳ,
909 4661 1004 4715 τοῦ
1033 4667 1102 4730 ιγ’
1135 4660 1317 4714 τίτλου
1363 4658 1455 4713 τοῦ
1484 4660 1872 4730 νομοκανόνου.

281 4756 534 4824 Εἴπομεν
554 4754 663 4826 γὰρ
679 4755 740 4807 τὸ
756 4752 1000 4807 τοιοῦτον
1022 4754 1319 4823 κεφάλαιον
1349 4749 1770 4824 ἑρμηνεύοντες,
1795 4750 1872 4816 ὡς

279 4845 385 4901 καὶ
408 4843 692 4917 βασιλικὸν
715 4842 965 4898 ἐκώλυσε
986 4844 1314 4916 πρόσταγμα
1335 4842 1395 4896 τὸ
1423 4841 1761 4913 ζητούμενον
1784 4860 1877 4895 συ·-

279 4939 584 5002 νοικέσιον,
612 4936 718 4992 κᾶν
735 4936 1306 5007 καταστρωθῆναιούκ
1329 4934 1556 5004 ἔφθασε,
1573 4935 1715 5005 καὶὴ
1753 4936 1876 4989 Ἑκ-

279 5028 492 5103 κλησία
506 5028 606 5100 τὴν
622 5027 815 5083 τούτου
836 5027 1057 5099 ποίησιν
1081 5027 1183 5080 οὐκ
1204 5026 1475 5096 ἀνέχεται.
1499 5022 1635 5078 Εἶτά
1665 5042 1870 5096 φαμεν,

278 5121 366 5187 ὡς
395 5121 809 5192 σημειωμάτων
835 5116 1326 5190 προκομιζομένων
1373 5115 1747 5184 ταλαυγενῶν,
1778 5117 1872 5170 καὶ

278 5213 379 5267 διὰ
394 5212 445 5245 ⁸³
473 5213 824 5284 γραμμάτων
858 5211 1058 5283 ὁμοίων
1092 5209 1586 5282 ὲκκλησιαστικῶν,
1618 5208 1878 5273 διυλίζον-

190 5367 202 5377 ο
278 5320 401 5357 των
434 5303 532 5356 καὶ
566 5302 730 5356 αὐτὸν
752 5303 845 5355 τὸν
876 5300 1209 5369 φαυλότατον
1247 5297 1485 5355 κώνωπα
1507 5299 1602 5353 τοῦ
1634 5299 1872 5353 τοιούτου

281 5395 746 5466 (nantia-rogitat
765 5391 1183 5449 ἀποκαλούντων
1207 5392 1366 5447 τοῦτο
1389 5390 1869 5464 παρανομώτατον,

1977 4657 2233 4716 tenuitati
2262 4666 2395 4711 tunc
2435 4653 2677 4709 remedio
2702 4650 2804 4704 fuit
2833 4649 2888 4702 in
2922 4647 3025 4701 hac
3071 4643 3404 4714 quaestione,
3436 4653 3560 4707 per-

1977 4751 2243 4820 scriptum
2272 4762 2303 4801 a
2333 4745 2489 4801 nobis
2521 4751 2604 4799 est
2634 4744 2689 4796 in
2749 4739 2931 4809 capite
2978 4734 3222 4791 secundo
3250 4732 3394 4786 tituli
3436 4728 3562 4785 XIII

1976 4836 2374 4896 Nomocanoni.
2435 4833 2650 4902 Quippe
2715 4836 2880 4898 caput
2933 4825 3067 4880 illud
3135 4824 3561 4893 interpretantes

1977 4931 2236 4992 diximus,
2267 4928 2432 4981 etiam
2462 4924 2640 4978 edicto
2665 4917 3018 4989 imperatorio
3061 4914 3398 4987 prohibitum
3439 4927 3563 4967 esse

1979 5019 2412 5083 matrimonium,
2444 5030 2553 5085 quo
2584 5013 2651 5068 de
2680 5013 2879 5081 agitur,
2910 5009 3037 5064 licet
3064 5008 3121 5063 in
3171 5015 3294 5062 acta
3326 5006 3559 5059 relatum

1980 5129 2088 5169 non
2117 5112 2300 5175 fuerit,
2326 5117 2380 5164 et
2414 5106 2665 5162 Ecclesia
2722 5101 3213 5176 promulgationem
3269 5096 3390 5166 ejus
3446 5108 3560 5148 non

1981 5204 2270 5260 sustineat.
2302 5198 2504 5254 Deinde
2530 5195 2879 5265 subjicimus,
2911 5192 3057 5264 quod
3081 5205 3206 5245 cum
3245 5185 3559 5243 notationes

1982 5300 2179 5370 priscae
2210 5293 2584 5366 proferuntur,
2618 5298 2671 5345 et
2699 5287 3007 5345 consimilia
3039 5285 3241 5353 scripta
3297 5274 3566 5334 ecclesia-

1980 5366 2139 5453 stica,
2172 5385 2561 5458 pravissimum
2591 5390 2647 5439 et
2673 5382 2793 5453 ipsa
2818 5378 3050 5436 culicem
3104 5369 3422 5444 quaestionis
3448 5366 3559 5424 hu-

1540 5526 1775 5584 VARIA'I
1816 5526 2225 5585 LECTIONES.

362 5628 420 5660 ”
437 5625 899 5698 διαγραμμάτων.

1810 5729 2047 5788 NOTAE.

366 5856 481 5929 (66)
542 5854 780 5927 Se'nprr.
818 5852 879 5910 D.
919 5853 996 5911 De
1027 5870 1133 5925 reg.
1160 5852 1273 5923 jur.
1303 5852 1370 5907 Et
1396 5851 1436 5907 l.
1462 5848 1550 5907 42.
1587 5847 1646 5904 D.
1682 5846 1765 5904 De
1782 5848 1870 5903 rit.
1913 5858 2064 5918 πυρί.
