3882 6594
447 377 619 458 "1911

1781 385 1815 448 Ι
1822 387 1918 447 US
1953 384 2399 449 CANONICUM

3527 403 3629 472 1212

474 511 566 581 jus
592 502 946 578 percolantia,
978 511 1036 559 et
1066 500 1468 572 iniquissimam
1501 499 1644 554 hanc
1674 500 2042 570 appellantia;

2168 501 2322 566 ιὺδεὶς
2352 499 2428 572 μὴ
2462 498 2893 575 σκαρδαμύττων
2921 482 3189 572 rupae-sip
3220 503 3490 580 ἐνάργειαν,
3523 521 3633 577 ἔχει-

477 614 641 656 nemo
670 612 822 662 sane,
847 595 940 666 qui
971 598 1038 648 ad
1071 593 1372 649 evidentem
1424 591 1695 646 rationem
1731 606 1838 646 non
1871 592 2065 646 conni-

476 699 624 756 veat,
653 690 741 744 illa
774 688 992 759 quidem
1023 687 1166 742 velut
1193 685 1389 740 abolita
1420 683 1720 748 damnabit,
1762 684 2060 753 prmsertim

480 796 739 840 cumncc
768 781 980 836 sublata
1034 778 1148 834 sint
1196 777 1420 831 disertis
1478 777 1662 831 verbis
1723 791 1755 830 a
1812 777 2064 847 praesenti

483 875 734 947 synodali
791 873 1045 940 scripto;
1103 883 1224 939 quas
1274 876 1456 923 autem
1535 868 1639 923 hoc
1689 868 2062 930 continentur,

484 968 713 1022 canonis
742 973 796 1019 et
848 963 1111 1034 legalibus
1179 961 1446 1017 doctrinis
1505 960 1830 1029 exaequabit.
1878 958 2068 1028 itaque

483 1058 794 1126 respiciens
844 1054 897 1108 in
957 1061 1238 1108 auctorem
1291 1062 1344 1108 et
1395 1062 1895 1109 consummatorem
1942 1053 2064 1108 tidei

483 1157 708 1212 noslrte,
749 1147 1038 1200 Dominum
1069 1161 1132 1201 ac
1182 1145 1350 1200 Deum
1408 1157 1652 1202 nostrum
1705 1146 2066 1202 JesumChri-

485 1250 652 1302 stum,
693 1251 884 1289 rursus
935 1234 1067 1290 aio:
1105 1235 1252 1304 quod
1287 1250 1408 1290 cum
1438 1251 1668 1306 magnus
1715 1237 1808 1291 ille
1865 1236 2066 1291 Paulus

487 1331 656 1395 dicat,
687 1331 878 1384 Mulier
901 1331 1137 1401 corporis
1182 1331 1265 1384 sui
1323 1340 1636 1398 potestatem
1687 1348 1790 1384 non
1866 1332 2052 1396 habet,

487 1424 578 1479 sed
606 1424 831 1475 maritus
867 1439 884 1476 :
913 1440 976 1476 ac
995 1423 1244 1476 similiter
1267 1422 1491 1475 maritus
1515 1429 1827 1489 potestatem
1877 1437 2063 1490 corpo-

486 1515 563 1568 ris
587 1515 670 1570 sui
691 1531 801 1568 non
826 1514 1001 1580 habet,
1028 1513 1117 1567 sed
1149 1529 1282 1566 uxor
1310 1530 1327 1566 :
1391 1513 1691 1583 itidemque
1741 1528 1864 1566 cum
1919 1513 2067 1567 sacri

490 1618 731 1658 canones
763 1613 816 1658 et
848 1603 980 1658 tomi
1034 1618 1156 1657 cum
1187 1601 1349 1656 vidua
1379 1602 1727 1656 matrimonio
1752 1601 2066 1670 copulatum

490 1709 592 1763 pro
613 1695 828 1765 digamo
857 1695 1147 1758 habentes,
1175 1693 1242 1750 ad
1279 1695 1505 1764 gradum
1539 1693 1774 1763 aliquem
1810 1693 2067 1749 ecclesia-

491 1786 687 1840 sticum
726 1786 1009 1856 pervenire
1038 1800 1144 1838 non
1195 1785 1378 1838 sinant
1409 1801 1423 1837 :
1452 1800 1514 1837 ac
1549 1799 1616 1837 ne
1638 1782 1881 1837 defuncti
1939 1784 2067 1853 qui-

497 1876 621 1932 dem
676 1876 979 1932 sacerdotis
1029 1877 1317 1946 conjugem
1383 1876 1448 1928 ad
1501 1874 1772 1931 secundas
1834 1877 2072 1932 transire

492 1968 715 2037 nuptias
747 1969 1088 2038 permittant,
1121 1968 1284 2038 idque
1317 1967 1541 2020 omnino
1603 1974 1826 2035 propter
1875 1967 2073 2022 identi-

492 2066 544 2110 ta
554 2067 656 2112 tem
680 2073 968 2128 corporum
995 2059 1259 2128 ipsorum,
1289 2057 1749 2127 quemadmodum
1778 2057 2069 2113 manifesto

493 2148 667 2218 liquet
719 2163 785 2202 ex
822 2164 953 2205 xxxx
996 2156 1050 2203 et
1118 2163 1266 2202 xxxu
1319 2147 1495 2217 capite
1551 2149 1691 2202 tituli
1735 2148 1893 2219 primi
1945 2149 2068 2203 libri

493 2240 565 2296 lll
611 2241 990 2308 Basilicorum,
1045 2251 1100 2296 et
1175 2258 1300 2297 xuv
1359 2255 1569 2297 canone
1625 2243 1799 2298 sancti
1861 2242 2072 2309 Basilii,

479 2325 650 2403 cujus
675 2335 729 2388 in
761 2335 865 2388 [ine
891 2333 1116 2398 dicitur,
1158 2331 1269 2389 Nos
1313 2334 1560 2388 diacona:
1607 2349 1832 2405 corpus.
1895 2335 2066 2389 veluti

479 2439 621 2516 ‘quae
653 2432 972 2479 consecrata
1014 2424 1196 2488 fuerit,
1232 2439 1340 2479 non
1381 2425 1615 2494 amplius
1642 2425 1696 2480 in
1727 2441 1829 2481 usu
1857 2427 2066 2481 carnali

493 2530 619 2571 esse
644 2517 1057 2585 permittimus:
1112 2517 1362 2586 equidem
1413 2515 1602 2586 judico
1664 2518 1989 2574 canonicum
2015 2526 2071 2574 et

494 2605 796 2673 legitimum
833 2621 974 2669 esse,
1010 2615 1078 2661 ut
1118 2609 1443 2663 auctoritate
1483 2609 1841 2680 prohibeatur
1891 2612 2072 2667 eccle-

483 2685 742 2767 siastica,
776 2699 1070 2768 quominus
1103 2713 1246 2752 unus
1271 2706 1326 2754 et
1375 2699 1515 2754 idem
1564 2701 1777 2760 duabus
1829 2703 2071 2760 sobrinis

482 2782 805 2858 copuletur,
838 2804 902 2844 ac
953 2790 1073 2846 vice
1124 2807 1329 2846 versa:
1390 2792 1546 2862 sique
1599 2794 1737 2849 clam
1800 2795 2070 2866 ejusmodi

484 2869 629 2949 quid
669 2881 869 2934 factum
905 2880 1089 2946 fuerit,
1126 2880 1194 2937 de
1229 2883 1500 2938 industria
1533 2884 1846 2955 dirimatur,
1903 2895 1958 2944 et
1981 2887 2068 2944 in-

499 2970 834 3030 terveniente
888 2987 1048 3041 ptena
1083 2974 1412 3042 corrigatur.

1119 3085 1431 3141 EIUSDEM

497 3193 741 3263 Epistola
777 3200 841 3253 de
864 3199 1114 3259 incensis,
1145 3217 1263 3270 qute
1295 3218 1326 3255 α
1361 3203 1673 3267 patriarcha
1723 3205 1846 3258 dari
1894 3205 2066 3261 solent

833 3285 894 3321 eo
925 3270 1011 3323 die
1030 3286 1132 3339 quo
1179 3273 1462 3326 calce/mis
1489 3273 1731 3329 habetur.

568 3419 649 3475 Tu
682 3421 923 3492 quidem,
958 3422 1281 3480 charissime
1311 3424 1410 3489 ﬁli,
1449 3426 1841 3498 gloriosissime
1871 3430 2066 3498 iudex,

497 3522 552 3567 et
577 3513 831 3583 praefecte
883 3514 1264 3584 judiciorum,
1325 3531 1448 3571 cum
1510 3517 1712 3575 Davide
1787 3523 2065 3591 psallens:

497 3602 775 3675 Interroga
804 3613 1008 3675 patrem
1043 3615 1216 3672 tuum,
1247 3622 1312 3662 ac
1349 3609 1495 3664 dicet
1546 3610 1641 3665 tibi
1669 3630 1683 3680 ;
1717 3614 1962 3670 seniores
1995 3625 2068 3683 te,

500 3709 566 3748 ac
587 3695 978 3749 renuntiabunt
1007 3697 1102 3749 tibi
1131 3713 1146 3761 ;
1193 3707 1340 3752 recte
1379 3713 1707 3770 cognoscere
1723 3704 1974 3774 cupivisti
2003 3721 2069 3761 ex

497 3786 676 3850 nobis,
717 3801 825 3856 qua
853 3785 920 3842 de
948 3801 1113 3842 causa
1137 3788 1254 3843 dari
1283 3792 1484 3860 populo
1507 3793 1719 3850 soleant
1747 3811 1777 3848 a
1802 3798 2072 3869 cujusque

499 3878 765 3946 temporis
821 3877 1185 3936 sanctissimis
1241 3883 1570 3951 patriarchis
1630 3887 1885 3952 incensa,
1945 3898 2071 3958 post

499 3967 738 4022 habitam
801 3970 1140 4028 catechesin.
1190 3972 1303 4044 Ego
1367 3991 1496 4030 vero
1565 3976 1711 4034 faces
1763 3977 2072 4038 aﬂlictionis

499 4055 758 4114 hauriens
795 4059 850 4114 in
877 4061 1092 4128 exsilio,
1124 4064 1426 4120 cunctabar
1462 4064 1725 4123 hactenus
1754 4068 1807 4122 in
1840 4085 2072 4141 respon-

500 4149 700 4206 dendo.
753 4150 860 4206 Sed
912 4155 1172 4223 quoniam
1228 4156 1412 4211 cuivis
1467 4160 1693 4227 petenti,
1744 4167 1797 4215 et
1857 4178 2073 4234 semper

500 4241 741 4311 quidem,
797 4250 906 4297 tam
969 4244 1180 4316 lingua,
1240 4262 1403 4316 quam
1471 4264 1634 4305 manu
1689 4252 1821 4307 dare
1876 4255 2072 4312 debere

499 4333 704 4402 didici,
758 4334 874 4392 haec
921 4335 989 4391 ad
1045 4338 1530 4412 interrogationem
1574 4359 1640 4400 ex
1705 4351 1946 4417 tempore
1988 4362 2074 4404 re-

499 4426 765 4496 spondeo.

571 4516 947 4573 Celsissimam
1008 4531 1291 4574 sacrorum
1371 4521 1762 4592 imperatorum
1836 4527 2074 4584 circum-

501 4609 864 4678 spectionem,
897 4616 952 4664 et
976 4612 1423 4680 patriarcharum
1459 4604 1901 4686 amplitudinem,
1932 4621 2074 4678 inter

501 4699 608 4753 alia
664 4698 963 4756 reddebant
1019 4702 1148 4758 olim
1207 4706 1582 4773 augustiorem
1637 4708 1806 4762 etiam
1878 4725 2073 4769 annuae

500 4805 666 4862 rogas,
729 4807 794 4848 ac
844 4793 1092 4849 baiorum
1131 4796 1471 4866 largitiones.
1523 4796 1736 4872 Quippe
1810 4801 2073 4860 sedebant

502 4883 664 4936 annis
712 4881 941 4952 singulis
992 4885 1261 4955 cujusque
1323 4889 1587 4957 temporis
1642 4892 1964 4960 patriarchae
2011 4909 2074 4950 ac

503 4973 879 5043 imperatores,
943 4982 998 5030 et
1031 4992 1128 5046 per
1176 4978 1291 5033 haec
1333 4980 1586 5036 subditos
1627 4981 1694 5036 ad
1741 4981 2074 5038 benevolen-

505 5063 634 5119 tiam
687 5065 1008 5120 invitabant.
1038 5065 1199 5122 Novit
1254 5070 1357 5124 hoc
1385 5079 1600 5142 patrum
1631 5074 2071 5144 conscriptorum

505 5155 877 5224 amplissimus
901 5157 1059 5224 ordo,
1091 5172 1156 5213 ac
1204 5158 1456 5216 fortassis
1487 5161 1649 5216 etiam
1678 5164 1946 5228 nonnulli,
1977 5166 2072 5236 qui

504 5243 609 5301 hac
637 5255 797 5303 aetate
846 5258 1036 5304 nostra
1079 5249 1293 5304 vivunt.
1319 5248 1440 5304 Non
1481 5251 1624 5306 enim
1659 5261 1785 5309 ante
1828 5261 2072 5325 tempora

503 5334 746 5394 Euclidis
799 5341 1010 5408 prodita
1059 5346 1189 5396 sunt
1251 5339 1448 5411 gerris,
1507 5356 1608 5396 nec
1681 5345 2070 5400 somniantium

504 5431 810 5485 vetularum
855 5431 1067 5485 fabella:
1119 5439 1295 5487 sunt:
1344 5431 1439 5487 sed
1473 5449 1646 5503 usque
1678 5434 1743 5489 ad
1785 5436 2070 5506 imperium

505 5519 712 5576 domini
763 5520 1109 5576 Constantini
1167 5521 1328 5578 Ducas
1386 5522 1604 5578 duravit
1658 5535 1920 5597 angustus
1982 5528 2074 5584 ille

507 5628 628 5669 mos
656 5625 766 5668 tam
821 5615 875 5667 in
907 5613 1078 5679 ipsius
1112 5613 1230 5679 Dei,
1267 5629 1430 5682 quam
1483 5615 1872 5686 imperatorum
1905 5620 2070 5689 regia,

508 5711 562 5759 et
594 5705 821 5760 omnino
856 5704 1056 5758 bonum
1087 5704 1190 5760 hoc
1230 5704 1296 5760 ad
1340 5720 1440 5762 nos
1471 5721 1687 5778 quoque
1717 5717 2069 5780 propagatum

509 5797 629 5866 fuit,
686 5813 716 5854 a
764 5796 1066 5868 majoribus
1114 5797 1180 5854 ad
1230 5805 1478 5869 nepotes,
1523 5815 1552 5856 a
1608 5803 1958 5872 generatione
2006 5802 2072 5858 ad

2164 611 2270 648 νων
2327 595 2426 664 μὲν
2475 592 2900 663 καταψηφιεῖται
2951 591 3140 663 σχολὴν
3162 632 3176 657 ,
3226 597 3315 650 καὶ
3350 602 3495 659 ταῦτα
3534 616 3634 682 μηδὲ

2164 685 2560 757 ἀναιρεθέντων
2617 685 2798 756 ῥητῶς
2855 682 2960 737 ὗπδ
2997 683 3089 737 τοῦ
3142 690 3386 758 παρόντος
3417 701 3635 759 συνοδικοῦ

2166 777 2584 847 σημειώματος·
2615 777 2684 829 τὰ
2707 775 2764 828 δὲ
2795 776 2852 828 ἐν
2881 774 3057 845 τούτῳ
3103 781 3454 850 περιεχόμενα,
3479 805 3640 847 κανονι-

2165 871 2280 932 κοῖς
2307 869 2399 922 καὶ
2426 867 2680 938 νομίμοις
2708 865 2962 932 ἐξισώσει
2987 867 3317 938 διδάγμασιν.
3350 874 3550 946 Ἀφορῶν
3572 883 3638 940 οὖν

2165 960 2244 1022 εἰς
2273 959 2364 1012 τὸν
2391 958 2768 1028 τῆς,πίστεως
2815 957 3059 1028 ἀρχηγὸν
3082 959 3172 1012 καὶ
3204 959 3462 1036 τελειωτὴν
3489 971 3642 1041 Κύριον

2165 1051 2262 1104 καὶ
2309 1049 2443 1102 Θεὸν
2484 1048 2646 1119 ἡμῶν
2700 1048 2910 1118 Ἰησοῦν
2950 1049 3202 1119 Χριστὸν,
3233 1051 3365 1120 λέγω
3389 1059 3467 1110 καὶ
3497 1061 3638 1129 αὖθις·

2165 1141 2242 1204 ὡς
2266 1141 2388 1193 ἐπεὶ
2419 1142 2446 1193 ὁ
2471 1139 2643 1209 μέγας
2679 1139 2890 1201 nam;
2943 1155 3128 1206 φησιν’
3170 1141 3229 1195 Ἠ
3257 1144 3396 1211 γυνὴ
3427 1148 3512 1202 τοῦ
3530 1151 3641 1208 ιδίου

2164 1227 2438 1298 σώματος
2471 1229 2583 1281 οὐκ
2611 1225 2964 1291 ἐξουσιάζει,
2987 1227 3126 1281 ἀλλ’
3157 1230 3189 1281 ό
3215 1229 3355 1299 ἀνὴρ
3373 1247 3385 1262 ·
3409 1235 3577 1304 ὁμοίως
3597 1240 3642 1295 δὲ

2167 1321 2264 1374 καὶ
2295 1323 2326 1372 ό
2359 1319 2516 1387 ἀνὴρ
2572 1317 2678 1372 τοῦ
2729 1317 2881 1371 ἰδίου
2906 1316 3179 1386 σώματος
3224 1321 3328 1373 οὐκ
3371 1322 3643 1396 ἐξουσιάζει,

2165 1410 2302 1466 ἀλλ’
2342 1410 2380 1476 ὴ
2423 1408 2604 1478 γυνή.
2655 1409 2719 1462 Oi
2756 1409 2813 1461 δὲ
2863 1407 2996 1462 θεῖοι
3038 1407 3133 1460 καὶ
3184 1409 3312 1478 ἱεροὶ
3362 1415 3543 1478 κανόνες
3579 1423 3645 1472 καὶ

2167 1502 2322 1573 τόμοι
2363 1500 2453 1555 τὸν
2493 1500 2634 1572 μετὰ
2662 1501 2837 1570 χήρας
2873 1498 3128 1572 γαμικῶς
3155 1501 3461 1568 συναφθέντα
3484 1505 3640 1576 longe.

2171 1614 2322 1669 μενοι
2354 1597 2608 1666 δίγαμον,
2657 1596 2737 1657 είς
2771 1593 3231 1664 ἐκκλησιαστικὸν
3264 1594 3449 1666 βαθμὸν
3480 1602 3558 1654 οὑκ
3582 1606 3646 1657 εὑ-

2167 1689 2416 1742 δοκοῦσιν
2462 1687 2658 1750 ἐλθεῖν,
2716 1687 2830 1742 ἀλλ’
2885 1687 3007 1740 οὐδὲ
3055 1687 3154 1757 τὴν
3193 1689 3284 1742 τοῦ
3317 1691 3647 1764 τελευτήσαντος

2173 1780 2365 1850 ἱερέως
2433 1779 2700 1848 ὁμόζυγον
2785 1778 3259 1848 δευτερογαμῆσαι
3321 1785 3646 1853 παραχωροῦσι,

2174 1869 2394 1931 πάντως
2442 1867 2532 1922 διὰ
2584 1868 2685 1939 τὴν
2739 1868 3048 1940 ταυτότητα
3078 1868 3185 1920 τῶν
3243 1870 3482 1939 σωμάτων
3505 1875 3650 1943 αὐτῶν,

2174 1957 2356 2023 καθὼς
2385 1959 2452 2012 τὰ
2486 1959 2619 2028 περὶ
2673 1957 2865 2011 τούτου
2920 1957 3251 2029 παρίσταται
3292 1960 3352 2012 ἐκ
3390 1962 3470 2014 τοῦ
3505 1963 3566 2017 λα’
3587 1967 3652 2020 καὶ

2172 2051 2250 2121 λβθ
2283 2049 2604 2119 κεφαλαίου,
2649 2049 2744 2102 τοῦ
2805 2048 3023 2120 πρώτου
3059 2049 3262 2115 τίτλον,
3311 2051 3395 2104 τοῦ
3440 2054 3650 2123 rasum

2172 2144 2282 2198 τῶν
2312 2143 2637 2210 Βασιλικῶν,
2667 2144 2760 2196 καὶ
2794 2143 2888 2197 τοῦ
2923 2143 3006 2213 μδ’
3044 2143 3268 2206 κανόνος
3300 2144 3387 2197 τοῦ
3425 2146 3550 2216 ἁγίου
3575 2149 3652 2202 Ba-

2175 2235 2398 2302 σιλείου,
2448 2234 2698 2304 λέγοντος
2751 2235 2881 2306 περὶ
2925 2234 2986 2288 τὸ
3039 2233 3215 2298 τέλος·
3275 2235 3447 2305 Ἡμεῖς
3481 2233 3554 2290 οὖν
3586 2241 3654 2309 τῆς

2171 2327 2421 2381 διακόνου
2449 2326 2507 2380 τὸ
2538 2326 2718 2398 σῶμα,
2738 2325 2813 2388 ὡς
2844 2325 3286 2396 καθιερωμένης,
3316 2327 3474 2381 οὑκέτι
3498 2330 3656 2401 ἐπιτρέ-

2173 2434 2349 2488 πομεν
2387 2421 2445 2471 ὲν
2487 2419 2678 2489 χρήσει
2713 2413 2853 2470 εἶναι
2905 2418 3178 2488 σαρκικῇο
3212 2416 3518 2484 δια-γινώσκω
3542 2437 3654 2473 κανο-

2171 2511 2320 2565 νικὸν
2370 2505 2512 2565 εἶναι
2561 2511 2654 2563 καὶ
2695 2510 2950 2581 νόμιμον,
3014 2509 3077 2562 τὸ
3137 2509 3270 2578 μετὰ
3324 2509 3653 2575 αὑθεντίαςὲκυ

2171 2601 2565 2672 κλησιαστικῆς
2616 2599 2918 2654 κωλύεσθαι
2967 2601 3060 2654 τὸν
3120 2599 3279 2653 αὑτὸν
3335 2601 3418 2655 καὶ
3464 2602 3540 2653 ἕνα
3573 2602 3654 2655 δυσὶ

2169 2693 2573 2762 δισεξαδέλφαις
2613 2692 3020 2759 συνάπτεσθαι,
3079 2693 3174 2745 καὶ
3219 2692 3279 2746 τὸ
3317 2692 3568 2747 ἀνάπαλινο
3593 2695 3656 2747 καὶ

2174 2786 2222 2837 εί
2251 2784 2400 2837 λάθοι
2424 2783 2675 2853 γενέσθαι
2703 2782 2944 2838 τοιοῦτόν
2965 2801 3040 2846 τι,
3072 2783 3367 2847 σπουδαίως
3383 2784 3652 2851 διασπᾶσθαι,

2176 2874 2270 2931 καὶ
2298 2875 2414 2944 μετ’
2437 2873 2712 2946 ἐπιτιμίου
2740 2871 3104 2945 διορθοῦσθαι.

2095 1830 2145 1891 Β

2753 3069 2891 3122 ΤΟΥ
2929 3069 3168 3123 ΑΥΤΟΥ

2097 3159 2144 3221 c
2187 3183 2539 3250 Ἐπιστολὴ,
2593 3183 2769 3253 χάριν
2821 3183 2940 3238 τῶν
2973 3170 3304 3254 διδομένων
3361 3185 3658 3254 θυμιαμάτων

2243 3254 2404 3323 παρά
2429 3255 2536 3338 τοῦ
2577 3255 2967 3325 πατριάρχου,
3008 3255 3166 3309 κατὰ
3211 3253 3322 3324 τὴν
3363 3253 3552 3324 ἡμέραν
3587 3255 3660 3323 τῆς

2243 3341 2392 3393 κατη
2399 3344 2432 3393 χ
2443 3339 2654 3390 ησεως.

2243 3418 2316 3471 Σὺ
2398 3416 2518 3487 μὲν,
2579 3407 2924 3484 ’τριπόθητον
3003 3415 3220 3482 τέκνον,
3281 3413 3652 3486 μεγαλοδοξότατε

2172 3506 2354 3581 κριτὰ,
2413 3509 2507 3560 καὶ
2553 3505 2674 3575 ἐπὶ,
2706 3504 2816 3557 τῶν
2870 3505 3106 3576 κρίσεων
3143 3547 3159 3572 ,
3211 3504 3414 3574 ψάλλων
3457 3507 3568 3575 μετὰ
3591 3505 3655 3557 τοῦ

2174 3600 2523 3670 οεοπάτορος,
2597 3596 2904 3670 Ἐρὼτησον
2951 3598 3044 3652 τὸν
3088 3597 3306 3667 πατέρα
3353 3613 3457 3658 σου,
3490 3596 3666 3666 καὶὲρεῑ

2176 3707 2278 3754 σοι,
2309 3689 2434 3751 τοὺς
2481 3671 2883 3759 πρεσϐυτέρους
2938 3703 3033 3740 σου
3082 3689 3182 3741 καὶ
3216 3687 3548 3756 ἀπαγγελοῦσι
3589 3701 3664 3738 σοι’

2174 3781 2354 3844 καλῶς
2389 3780 2657 3851 ἐζήτησας
2685 3778 2876 3851 μαθεῖν
2906 3777 2966 3845 ἐξ
2994 3779 3179 3850 ἡμῶν,
3211 3778 3347 3840 τίνος
3369 3779 3507 3851 χάριν
3544 3779 3667 3832 δίδον·

2171 3891 2262 3928 ται
2290 3873 2368 3942 τῷ
2393 3871 2508 3943 λαῷ
2537 3872 2688 3942 παρὰ
2710 3871 2820 3925 τῶν
2856 3869 2996 3925 κατὰ
3025 3873 3257 3944 καιροὺς
3296 3872 3576 3942 ἁγιωτάτων
3597 3887 3668 3922 πα-

2172 3966 2447 4038 τριαρχῶν
2501 3964 2639 4036 μετὰ
2692 3963 2792 4036 τὴν
2841 3965 3144 4034 κατήχησιν
3204 3963 3518 4036 θυμιάματα.
3569 3961 3670 4032 Ἐγὼ

2173 4057 2230 4110 δὲ
2260 4057 2428 4109 πίνων
2449 4058 2675 4126 τρυγίαν
2699 4053 2930 4124 θλίψεως
2974 4054 3288 4126 ὑπερόριον,
3345 4053 3526 4107 ὤκνουν
3574 4053 3672 4122 πρὸς

2175 4149 2271 4221 την
2294 4149 2608 4220 ἀπόκρισιν.
2665 4147 2819 4200 Ἐπεὶ
2871 4146 2928 4199 δὲ
2981 4145 3148 4200 παντὶ
3205 4146 3284 4218 τῷ
3336 4144 3560 4211 αἰτοῦντι,
3605 4141 3674 4197 καὶ

2176 4241 2426 4308 πάντοτε,
2463 4239 2562 4294 καὶ
2584 4239 2800 4314 γλώττῃ
2831 4239 2926 4293 καὶ
2951 4239 3096 4311 χειρὶ
3119 4239 3354 4309 ὀφείλειν
3403 4237 3570 4292 διδόναι
3605 4251 3674 4305 με·

2179 4333 2421 4406 μάθηκα,
2453 4333 2714 4404 σχεδιάζω
2735 4349 2817 4385 σοι
2852 4330 3025 4386 ταῦτα
3059 4330 3201 4401 πρὸς
3238 4329 3334 4402 τὴν
3362 4327 3608 4401 ἐρώτησιν.

2097 4509 2147 4570 1)
2242 4520 2352 4591 Τὴν
2377 4517 2716 4589 ὑψηλοτάτην
2738 4515 2847 4570 τῶν
2877 4515 3036 4568 θείων
3075 4511 3487 4583 αὐτοκρατόρων
3527 4523 3679 4579 περιω-

2177 4612 2304 4684 πὴν,
2340 4609 2564 4664 καὶτῶν
2593 4606 2950 4678 πατριαρχῶν
2988 4595 3102 4676 τὴν
3145 4605 3544 4676 μεγαλειότητα,
3578 4599 3680 4668 μετὰ

2173 4701 2283 4756 τῶν
2323 4700 2495 4755 ἄλλων
2541 4699 2802 4770 ὲσὲμνουν
2844 4699 2938 4752 καὶ
2993 4697 3202 4766 ἐτήσιοι
3259 4695 3409 4766 ρόγαι
3455 4691 3586 4755 ποτὲ,
3613 4687 3679 4741 καὶ

2177 4798 2347 4870 βαῒων
2402 4795 2836 4865 φιλοτιμήματα.
2901 4789 3201 4860 Ἐκάθηντο
3257 4789 3363 4858 γὰρ
3419 4783 3616 4855 ὲτησίως
3645 4780 3679 4830 oi

2174 4889 2315 4944 κατὰ
2337 4887 2558 4956 καιροὺς
2585 4881 3034 4955 πατριάρχαικαὶ
3073 4879 3337 4950 βασιλεῖς,
3384 4877 3471 4929 καὶ
3504 4888 3680 4945 μετεκα-

2173 4977 2361 5030 λοῦντο
2394 4977 2520 5038 τοὺς
2585 4974 2861 5044 ὑπηκόους
2901 4970 2989 5025 διὰ
3043 4968 3251 5022 τούτων
3319 4967 3447 5039 πρὸς
3500 4965 3679 5018 εὖνοιαν.

2175 5064 2295 5121 Οἶδε
2321 5065 2491 5120 ταῦτα
2511 5065 2610 5132 τῆς
2635 5063 2936 5134 συγκλήτου
2967 5062 3160 5133 βουλῆς
3183 5061 3243 5114 τὸ
3281 5060 3573 5129 ὑπέρτατον,
3589 5055 3679 5113 ίσως

2172 5161 2227 5214 δὲ
2259 5160 2349 5214 καί
2377 5176 2522 5222 τινες
2553 5157 2660 5211 τῶν
2681 5158 2780 5229 τῆς
2807 5156 2927 5211 καθ’
2979 5157 3126 5228 ἡμᾶς
3175 5156 3391 5223 γενεᾶς.
3441 5152 3559 5206 eos:
3604 5147 3680 5214 γὰρ

2176 5251 2277 5320 πρὸ
2367 5248 2655 5303 Εὐκλείδου
2711 5246 3208 5318 μεμυθολόγηνται,
3288 5243 3405 5303 οὑδὲ
3475 5236 3680 5311 γραῖδίων

2173 5345 2320 5396 ἐστὶν
2352 5339 2838 5414 ὀνειροπολούντων
2879 5337 3177 5406 λογύδρια·
3241 5334 3377 5389 ἀλλά
3428 5332 3572 5404 μέχρι
3614 5325 3686 5393 τῆς

2175 5433 2454 5505 βασιλείας
2485 5433 2578 5486 τοῦ
2614 5431 2792 5484 Δούκα
2823 5429 2992 5501 κυροῦ
3022 5427 3431 5482 Κωνσταντίνου
3472 5421 3553 5476 καὶ
3586 5415 3683 5469 ταύ-

2172 5542 2274 5596 την
2299 5519 2447 5594 εἶχον
2483 5523 2582 5594 τὴν
2607 5521 3045 5592 σεμνοπρέπειαν
3074 5520 3141 5572 τὰ
3161 5517 3260 5570 τοῦ
3293 5514 3426 5568 Θεοῦ
3486 5511 3568 5565 καὶ
3609 5506 3686 5559 τῶν

2177 5617 2443 5690 βασιλέων
2473 5617 2774 5684 ἀνάκτορα,
2803 5615 2896 5666 καὶ
2919 5613 3138 5674 πάντως
3171 5610 3396 5678 γέγονεν
3415 5604 3540 5660 ἂντὸ
3567 5597 3685 5690 καλὸν⁴

2176 5686 2314 5778 πρὸς
2337 5709 2489 5777 ἡμᾶς
2526 5705 2838 5776 διαδόσιμον
2859 5705 2922 5757 ὲκ
2947 5702 3228 5773 προγόνων
3268 5701 3350 5763 εἰς
3380 5696 3575 5756 παῖδας,
3623 5686 3687 5786 καλ

2173 5801 2238 5855 ἔκ
2267 5800 2441 5871 φυλῆς
2480 5801 2557 5862 εἰς
2585 5796 2756 5868 φυλὴν
2805 5795 3269 5866 πτερυσσόμενον.
3316 5791 3375 5845 ΕΞ
3426 5789 3488 5853 δ’,
3510 5787 3622 5850 ὅπερ
3643 5795 3684 5828 ου
