3990 6572
217 393 359 463 1213

1487 401 2198 472 GRECO'ROMANUM.

3328 414 3469 481 12M

207 512 535 579 πέπεισμαι,
552 509 649 564 καὶ
672 508 832 567 τοῦτο
857 510 1028 584 λήθης
1050 512 1198 588 βυθῷ
1227 516 1666 587 κατακέχωσται,
1681 518 1777 573 καὶ

1897 524 2291 594 generationem
2335 522 2634 581 transiens.
2674 522 2795 590 Sin,
2846 524 2996 595 quod
3041 525 3293 596 equidem
3357 544 3469 584 non

207 601 522 666 Κασταλίας
552 601 696 673 ὕδωρ
718 601 1042 674 εὐχάριστον
1077 605 1189 659 τῶν
1243 605 1367 660 τότε
1432 609 1786 679 κρατούντων

205 694 266 746 οὐ
290 690 552 762 κηρύττει
580 692 680 762 τὴν
715 693 989 764 πρόνοιαν,
1029 694 1165 750 ἀλλὰ
1225 696 1539 769 με-μὸράναι
1592 700 1790 770 βίδλων

209 781 521 851 ἱστορικῶν,
553 782 646 836 καὶ
710 786 1025 855 συγγραφαὶ
1077 787 1360 843 τακτικῶν
1410 788 1791 861 ἀνακτορικῶν

128 902 133 907 ~
207 871 565 941 κεκράξονται
602 874 745 928 κατὰ
781 873 1072 946 Στέντορα.
1105 877 1216 930 Καὶ
1240 878 1306 931 σὺ
1345 877 1403 931 δὲ
1433 884 1638 944 παντὸς
1659 899 1791 935 συν-

206 962 484 1031 τάγματος
509 963 730 1030 λογικοῦ
777 965 948 1019 τελῶν
1011 968 1300 1037 ὑφηγητὴς
1347 971 1790 1040 νουνεχέστατος,

206 1055 313 1108 κάν
347 1056 520 1122 τούτῳ
547 1056 625 1125 τῷ
644 1057 923 1128 σπουδαίῳ
963 1056 1313 1130 προὸλήματι
1373 1061 1791 1134 πλεονεκτήσεις

212 1144 465 1207 πολλοὺς,
496 1146 590 1197 καί
624 1162 714 1214 μοι
742 1145 1104 1218 συλλαλήσεις
1119 1148 1198 1218 τῷ
1227 1150 1472 1221 γέροντι.
1518 1153 1677 1207 Ἀλλὰ
1696 1154 1792 1209 καὶ

206 1236 303 1287 τοῦ
332 1235 597 1304 βασιλέως
625 1236 794 1305 κυροῦ
844 1239 1261 1294 Κωνσταντίνου
1310 1242 1404 1296 τοῦ
1464 1246 1790 1316 Μονομάχου

208 1325 279 1380 τὰ
317 1326 734 1382 θεσπεσιώτατα
772 1329 1146 1401 διατάγματα,
1195 1332 1267 1387 τὰ
1294 1334 1794 1409 ,τελεσφυρήσαντα

206 1421 276 1473 τὰ
327 1420 563 1490 όφφίκια
594 1421 687 1474 τοῦ
715 1421 936 1476 ἐπὶτῶν
969 1424 1227 1492 κρίσεων,
1266 1426 1361 1481 καὶ
1390 1427 1486 1482 τοῦ
1546 1429 1791 1499 νομοφύ-

205 1510 518 1574 λακος,καὶ
534 1511 879 1581 διοριζόμενα
906 1513 1133 1578 τούτους
1195 1516 1427 1584 έτησίως
1487 1520 1626 1589 μετὰ
1694 1520 1795 1575 καὶ

206 1600 387 1654 ἄλλων
410 1601 621 1654 πολλῶν
644 1603 1019 1673 ἀποφέρεσθαι
1043 1606 1205 1676 χάριν
1234 1607 1401 1679 ῥόγας
1430 1608 1535 1663 ἀνὰ
1566 1613 1795 1683 χρυσίου

203 1692 433 1764 τοσήνδε
456 1693 753 1764 ποσότητα,
783 1695 877 1747 καὶ
916 1695 988 1750 τά
1020 1696 1227 1767 συνήθη
1281 1697 1432 1769 βαΐα,
1490 1701 1592 1754 οὐκ
1651 1704 1790 1756 είσὶν

203 1783 264 1834 ὲν
303 1780 385 1851 τῷ
409 1780 644 1851 οὐρανῷ,
666 1782 789 1835 οὐδὲ
816 1782 990 1854 πέραν
1012 1783 1311 1855 θαλάσσης.
1350 1786 1438 1841 ἵνα
1492 1805 1579 1852 τις
1633 1791 1791 1864 εῑπῃ,

202 1868 304 1933 Τίς
335 1867 509 1923 ταῦτα
533 1870 891 1940 μετακομίσει
922 1888 1048 1941 μοις
1080 1854 1325 1945 Παρὰγδὲ
1374 1879 1441 1946 τῇ
1485 1878 1628 1947 χειρί
1673 1854 1792 1947 σου,
1824 1854 1867 1910 Β

201 1960 301 2012 καὶ
326 1960 392 2031 τῇ
418 1959 614 2031 καρδίᾳ
647 1976 763 2024 σου,
821 1960 914 2013 καὶ
957 1961 1037 2032 τῷ
1084 1962 1313 2032 στόματί
1358 1963 1451 2018 σού
1509 1967 1637 2019 είσι.
1684 1968 1793 2020 Καὶ

199 2048 427 2112 πάντως
458 2049 903 2120 γνωμολογήσεις
941 2050 1005 2104 ἐκ
1067 2051 1275 2105 τούτων
1322 2053 1417 2107 τοῦ
1464 2054 1795 2126 πράγματος

199 2141 305 2210 τὴν
342 2140 625 2210 ἀλήθειαν.
657 2140 779 2193 Τῶν
811 2144 944 2209 γοῦν
962 2140 1228 2211 βασιλέων
1253 2143 1347 2197 καὶ
1376 2144 1485 2197 τῶν
1515 2162 1791 2217 πατριαρ-

199 2232 320 2303 χῶν
355 2232 831 2304 μεγαλυνομένων,
863 2234 939 2297 ὡς
966 2234 1209 2305 εἴρηται,
1259 2235 1348 2290 διὰ
1374 2237 1485 2291 τῶν
1516 2237 1683 2307 βαῖων
1698 2238 1792 2292 καὶ

198 2322 317 2377 τῶν
340 2322 539 2397 ρογῶν,
577 2324 685 2377 ἔδει
711 2326 852 2389 τέως
877 2327 1006 2390 τοὺς
1036 2328 1383 2400 πατριάρχας
1413 2330 1539 2393 τοὺς
1562 2328 1663 2400 τὴν
1691 2331 1793 2400 ἁρ-

200 2416 370 2486 χαίαν
409 2417 576 2487 μέχρι
602 2416 698 2471 τοῦ
726 2417 822 2472 νῦν
873 2419 1275 2491 συντηροῦντας
1325 2421 1637 2494 συνήθειαν,
1698 2424 1797 2476 καὶ

203 2507 505 2578 χρυσίνους
540 2510 1039 2581 παραμετροῦντας
1066 2514 1187 2576 τοῖς
1233 2512 1539 2583 κληρικοῖς,
1590 2515 1795 2569 διδόναι

202 2604 305 2657 καὶ
355 2603 508 2675 βαΐα,
541 2604 728 2669 καθὼς
764 2609 1206 2676 προτετύπωται.
1256 2609 1408 2663 Ἐπεὶ
1448 2609 1494 2663 δ’
1535 2610 1638 2664 οὐκ
1694 2605 1791 2664 οἷδ’

200 2695 362 2761 ὅπως
393 2695 453 2749 οὐ
494 2696 744 2766 φαίνεταί
778 2715 909 2752 ποτε
971 2699 1131 2755 τοῦτο
1197 2702 1481 2772 γινόμενον
1507 2741 1524 2765 ,
1573 2700 1690 2755 ἀλλ’
1735 2703 1797 2756 ὲν

202 2789 333 2850 ταῖς
363 2787 599 2859 ἡμέραις
622 2789 730 2843 τῶν
747 2791 1109 2861 κατηχήσεων
1139 2791 1260 2846 ἀντὶ
1287 2792 1464 2863 ρογῶν
1490 2791 1588 2845 καὶ
1620 2791 1793 2863 βατων

205 2877 353 2947 μόνα
410 2878 615 2933 διδόασι
640 2879 719 2951 τῷ
764 2880 877 2952 λαῷ
916 2881 1235 2954 θυμιάματα
1269 2898 1284 2914 ο
1332 2882 1636 2952 σκοπητέον
1690 2882 1799 2954 πρὸ

1890 614 2146 680 arbitror,
2179 614 2283 670 hoc
2314 615 2479 671 etiam
2510 614 2804 671 oblivionis
2847 626 3046 686 gurges
3075 617 3381 686 absorbuit,
3413 628 3473 675 et

1889 702 2345 773 gratiosaisthaec
2391 718 2531 773 aqua
2570 703 2829 760 Castaliae
2856 704 3261 775 providentiam
3309 724 3473 779 snpe-

1891 792 2055 849 rioris
2095 794 2371 849 memoria
2407 795 2716 865 principum
2762 810 2871 849 non
2919 796 3177 866 praedicat
3233 800 3477 855 :saltem

1891 884 2218 938 membrana:
2246 884 2509 950 librorum
2538 884 2955 952 historicorum,
2979 894 3034 940 et
3055 887 3475 943 ordinationum-

1892 972 2196 1027 aulicarum
2252 985 2605 1029 monumenta
2664 974 2939 1030 Stentoris
2983 975 3039 1029 in
3091 991 3296 1030 morem
3358 978 3472 1032 lure

1892 1060 2329 1132 proclamabunt.
2383 1059 2466 1116 Tu
2520 1076 2760 1133 quoque,
2816 1064 2915 1131 qui
2966 1063 3216 1131 cujusvis
3269 1064 3473 1120 eruditi

1893 1152 2085 1220 scripti
2120 1152 2478 1207 acutissimus
2506 1166 2567 1207 es
2594 1141 2890 1221 interpres,
2924 1153 3090 1206 etiam
3133 1152 3188 1205 in
3229 1154 3330 1207 hac
3362 1170 3475 1209 non

1893 1241 2028 1298 levis
2058 1243 2313 1297 momenti
2337 1242 2638 1313 quastione
2659 1242 3033 1312 compluribus
3064 1244 3177 1297 uris
3198 1245 3475 1311 superior,

1893 1348 1956 1389 ac
1994 1349 2082 1390 me
2134 1348 2319 1390 senem
2352 1335 2407 1389 in
2438 1335 2674 1390 dicendo
2728 1335 2969 1403 iuvabis.
3014 1334 3327 1402 Quinetiam
3366 1338 3475 1390 im-

1889 1426 2184 1496 peratoris,
2235 1426 2445 1481 domini
2497 1427 2851 1483 Constantini
2885 1426 3237 1481 Monomaclti
3288 1427 3472 1482 edicta

1891 1518 2291 1582 sacratissima,
2317 1518 2519 1587 quibus
2563 1519 2815 1573 ordinata
2849 1526 2979 1573 sunt
3020 1517 3198 1573 ollicia
3230 1518 3475 1586 praefecti

1889 1606 2250 1673 Iudiciorum,
2275 1617 2330 1664 et
2368 1610 2818 1682 nomoplrylacis,
2845 1617 2902 1664 et
2927 1624 3049 1678 quae
3074 1615 3342 1674 statuunt,
3378 1624 3475 1666 eos

1890 1700 2090 1757 debere
2121 1701 2367 1773 singulos
2422 1703 2477 1757 in
2522 1717 2720 1765 annos,
2758 1710 2958 1772 praeter
3001 1701 3108 1754 alia
3140 1741 3156 1768 ,
3207 1700 3474 1771 consequi

1890 1792 2103 1848 ratione
2135 1806 2303 1862 rugae,
2328 1792 2628 1862 quemlibet
2653 1792 2774 1845 auri
2807 1791 2967 1845 talem
3003 1804 3068 1845 ac
3099 1791 3266 1844 talem
3300 1804 3477 1860 quan-

1894 1885 2125 1948 titatem,
2157 1899 2267 1938 una
2312 1899 2439 1939 eum
2491 1884 2775 1939 consuetis
2816 1881 3005 1948 baiis;
3053 1897 3163 1936 non
3225 1881 3282 1936 in
3334 1880 3478 1936 coelo

1894 1985 2046 2039 sunt,
2100 1990 2205 2031 nec
2252 1984 2406 2031 trans
2461 1990 2634 2038 mare,
2695 1976 2773 2029 uti
2833 1974 3016 2029 dicere
3064 1974 3190 2043 quis
3257 1973 3474 2041 debeat,

1892 2066 2159 2132 Quisnam
2197 2066 2314 2121 haec
2348 2065 2750 2122 aﬂ’erettmihi?
2780 2065 2886 2119 Sed
2922 2073 3053 2121 sunt
3083 2066 3139 2119 in
3166 2080 3328 2121 manu
3358 2076 3477 2131 tua,

1892 2156 2023 2210 etin
2063 2156 2232 2211 corde
2280 2164 2398 2224 tuo,
2457 2163 2514 2212 et
2572 2157 2627 2210 in
2668 2171 2767 2211 ore
2829 2163 2945 2211 tuo.
3008 2155 3188 2225 Atque
3250 2155 3478 2210 omnino

1894 2247 1972 2303 rei
2036 2248 2321 2303 veritatem
2380 2263 2448 2303 ex
2500 2247 2588 2302 bis
2640 2248 2841 2305 mentis
2916 2246 3168 2302 acumine
3227 2246 3470 2318 colliges.

1893 2334 2028 2392 Cum
2085 2345 2265 2393 autem
2313 2338 2671 2408 imperatores
2749 2347 2802 2394 et
2861 2337 3186 2407 patriarchae
3262 2338 3474 2407 magni-

1896 2428 2169 2487 ﬁcentiam
2237 2444 2336 2484 ceu
2402 2430 2608 2483 dictum
2668 2436 2796 2493 est,
2863 2443 3019 2484 suam
3093 2427 3477 2482 demonstrent

1895 2534 1993 2591 per
2022 2519 2140 2574 baia
2193 2528 2248 2575 et
2294 2533 2477 2590 rogas,
2534 2534 2667 2575 sane
2700 2534 2798 2589 par
2830 2528 2970 2584 erat,
3023 2526 3084 2574 ut
3124 2518 3475 2587 patriarchae,

1895 2607 1987 2676 qui
2024 2606 2263 2677 priscam
2309 2606 2574 2662 hactenus
2609 2608 3067 2662 consuetudinem
3116 2615 3474 2669 conservant,

1894 2703 1948 2748 et
2005 2708 2202 2750 aureos
2253 2694 2471 2749 clericis
2526 2710 2784 2751 nummos
2856 2697 3248 2759 admetiuntur,
3307 2696 3479 2752 etiam

1897 2784 2030 2857 ipsis
2083 2786 2205 2841 baia
2252 2784 2467 2851 darent,
2514 2785 2975 2856 quemadmodum
3027 2788 3329 2842 indicatum
3377 2797 3469 2844 est

1897 2887 2080 2934 antea.
2125 2875 2230 2932 Sed
2254 2876 2512 2946 quoniam
2543 2878 2665 2944 ltos,
2698 2878 2883 2932 nescio
2909 2893 3017 2948 qua
3042 2879 3108 2933 de
3141 2894 3330 2945 causa,
3361 2895 3473 2935 non

202 2968 455 3032 πάντων,
478 2970 538 3024 τὸ
559 2970 962 3044 σημαινόμενον
989 2972 1100 3026 τῶν
1133 2973 1325 3044 βαῖων,
1376 2974 1473 3028 καὶ
1531 2972 1794 3045 ζητητέον

1898 2969 2132 3041 amplius
2192 2966 2323 3023 ﬂeri.
2386 2966 2656 3033 videmus,
2708 2967 2805 3023 sed
2872 2969 2941 3024 iis
2989 2970 3212 3037 diebus,
3271 2970 3476 3039 quibus

204 3058 315 3130 τὴν
344 3059 552 3126 αἰτίαν,
575 3062 643 3115 δι’
665 3062 733 3134 ἦν
766 3062 1091 3136 θυμιάματα
1133 3065 1233 3136 μὲν
1259 3064 1493 3118 δίδονται
1522 3066 1666 3120 κατὰ
1694 3067 1794 3136 τὴν

1898 3060 2210 3117 catecheses
2243 3059 2533 3124 habentur,
2565 3060 2686 3113 loco
2709 3075 2961 3129 rogarum
2993 3068 3048 3115 et
3071 3062 3319 3115 baiorum
3350 3062 3465 3116 sola

201 3149 429 3220 ἡμέραν
448 3151 551 3222 τῆς
583 3155 964 3224 κατηχήσεως,
992 3158 1088 3210 καὶ
1114 3154 1260 3210 κατὰ
1289 3156 1387 3227 τὴν
1416 3157 1663 3228 μεγάλην
1707 3135 1794 3211 te;

1899 3151 2099 3221 populo
2131 3150 2265 3206 dant
2292 3150 2520 3205 incensa
2550 3168 2567 3205 :
2598 3151 3058 3207 considerandum
3093 3163 3218 3207 ante
3267 3154 3472 3220 omnia,

200 3241 383 3313 τρὰδα
408 3244 579 3314 κηρία
603 3246 696 3297 καὶ
723 3244 1048 3315 θυμιάματα
1075 3262 1090 3278 ο
1139 3248 1308 3317 κηρία
1328 3247 1387 3302 δὲ
1410 3248 1507 3302 καὶ
1558 3248 1790 3321 σταυρὸς

1898 3243 2172 3314 quodnam
2193 3243 2347 3297 vocis
2386 3242 2646 3298 baiarum
2676 3242 3043 3314 signiﬁcatum
3073 3242 3165 3307 sit,
3201 3250 3256 3297 et
3293 3244 3477 3310 inqui-

201 3333 353 3385 κατὰ
378 3334 478 3403 τῆς
508 3333 768 3406 βαῖφόρου
793 3334 843 3368 ⁸⁵
872 3336 972 3409 τὴν
1000 3337 1385 3410 Κυριώνυμον.

1897 3338 2086 3402 renda,
2117 3345 2345 3408 propter
2386 3351 2552 3407 quam
2601 3336 2826 3391 incensa
2869 3336 3073 3391 dantur
3117 3336 3172 3391 in
3214 3336 3301 3391 die
3328 3346 3477 3391 cate-

201 3426 432 3493 rhesis,
470 3438 524 3481 et
584 3443 781 3498 magna
832 3427 967 3485 feria
993 3441 1212 3502 quarta,
1238 3432 1385 3489 cerei
1421 3446 1545 3488 cum
1585 3429 1870 3496 incensis;
1901 3429 2045 3486 cerei
2080 3427 2319 3498 denique
2354 3440 2484 3483 cum
2549 3426 2812 3482 crucibus
2867 3441 2935 3483 ea
2999 3426 3298 3496 Dcminica,
3364 3442 3473 3499 qua

201 3517 335 3572 baia
371 3527 679 3585 gestantur.

282 3603 388 3661 Οἷα
420 3608 519 3677 μὲν
557 3605 650 3663 οὖν
678 3606 821 3683 ἦσαν
842 3610 913 3666 τὰ
935 3612 1066 3684 βαΐα
1090 3614 1294 3680 ἐκεῖνα,
1320 3612 1473 3686 παρὰ
1524 3613 1792 3685 βασιλέων

203 3698 471 3768 διδόμενά
512 3717 642 3754 ποτε
700 3702 795 3755 καί⁸
838 3704 1215 3776 πατριαρχῶν,
1256 3704 1395 3770 τέως
1444 3704 1557 3774 ἐγὼ
1588 3706 1795 3774 ἀγνοῶ.

207 3785 356 3841 Οὔτε
389 3788 498 3860 γὰρ
552 3789 661 3843 άπὸ
708 3791 890 3861 χειρὸς
948 3792 1238 3864 βασιλικῆς
1301 3794 1336 3865 ἢ
1389 3795 1797 3866 πατριαρχικῆς

207 3880 372 3951 βαῖον
411 3880 444 3950 ἠ
490 3880 612 3952 χείρ
637 3898 741 3952 μου
769 3882 909 3953 μετὰ
959 3882 1128 3954 ρόγας
1168 3882 1409 3951 ἐδέξατο,
1477 3886 1571 3940 καὶ
1621 3883 1797 3939 ταῦτα

206 3969 619 4042 πλουτιζομένη
645 3973 767 4027 καθ’
798 3975 1036 4043 ἑκάστην
1067 3975 1251 4045 σχεδὸν
1275 3975 1367 4029 ὑπ’
1402 3974 1608 4043 αὐτῶν,
1665 3975 1795 4031 οὔτε

204 4061 312 4133 τὴν
328 4062 535 4117 τούτων
575 4064 837 4136 ποιότητα
869 4069 1003 4138 παρ’
1030 4068 1235 4137 ἑτέρων
1294 4066 1614 4139 μεμάθηκα.
1647 4068 1796 4123 Κλά-

204 4154 340 4217 δους
368 4153 424 4207 δὲ
463 4155 725 4224 φοινίκων
754 4156 852 4210 καὶ
889 4157 1170 4229 μυρσινῶν
1211 4157 1395 4230 βλέπω
1425 4158 1553 4224 τοὺς
1578 4159 1797 4233 saepe.

206 4263 357 4308 πους
416 4246 773 4317 κατέχοντας,
830 4250 926 4303 καὶ
988 4247 1086 4320 τὴν
1135 4249 1395 4320 βαῖφόρον
1445 4248 1790 4317 δοξάζοντας.

210 4336 389 4400 Ποίας
414 4337 471 4391 δὲ
499 4338 787 4395 διαλέκτου
828 4339 889 4393 τὸ
924 4340 1079 4411 βαῖον
1113 4343 1249 4409 ἐστὶ,
1284 4342 1380 4396 καὶ
1403 4344 1545 4411 ⁸τίνα
1608 4359 1794 4413 σημα-

207 4428 340 4482 σίαν
355 4429 466 4500 ἔχει
493 4431 635 4485 κατὰ
663 4431 966 4502 Ῥωμαίους
978 4432 1073 4486 καὶ
1088 4432 1379 4503 Ἕλληνας,
1398 4434 1795 4506 δηλωθήσεται.

206 4518 379 4574 Βαΐον
408 4521 549 4576 κατὰ
607 4522 912 4595 Ῥωμαίους
966 4521 1092 4578 οὔτε
1130 4524 1325 4589 κλάδος
1383 4527 1624 4581 ἐστὶνλέκ
1682 4526 1795 4581 δέν-

207 4610 345 4681 δρου
369 4612 722 4682 κοπτόμενος,
744 4613 867 4668 οὔτε
887 4615 1040 4686 ῥόδον
1076 4616 1142 4670 ἐκ
1186 4616 1455 4687 ροδωνιᾶς
1486 4617 1796 4689 συναγόμε-

210 4716 330 4766 νον,
354 4699 479 4756 οὖτε
510 4703 697 4773 κρίνον
723 4705 790 4759 ὲκ
820 4707 1110 4775 κρινωνιᾶς
1130 4706 1524 4776 συλλεγόμενον
1547 4723 1562 4738 '
1582 4709 1798 4780 ἀνθρω-

212 4795 351 4864 πίνη
369 4794 417 4827 ⁸⁸
438 4795 494 4848 δὲ
516 4797 732 4868 γνώμη,
764 4799 832 4852 ἐκ
859 4797 1012 4852 τοῦδε
1036 4801 1116 4863 είς
1139 4799 1258 4853 τόδε
1279 4800 1602 4871 μετάϐασις,
1620 4801 1800 4874 ἀγαθὴ

209 4884 464 4956 δηλονότι
494 4889 527 4959 ἢ
563 4890 799 4960 πονηρά.
850 4891 1131 4945 Ἐντεῦθεν
1184 4893 1295 4965 γάρ
1331 4892 1456 4957 τοὺς
1511 4897 1795 4964 παιδοτρί-

213 4977 322 5039 ϐας
364 4976 646 5049 βαῖούὶους
674 4981 1142 5053 κατονομάζομεν,
1171 4982 1248 5047 ὡς
1286 4984 1357 5037 τὰ
1390 4984 1636 5055 νηπιώδη
1687 4983 1795 5037 τῶν

212 5068 432 5121 παίδων
508 5072 835 5141 φρονήματα
897 5072 1233 5143 μετάγοντας
1283 5072 1423 5143 πρὸς
1468 5074 1793 5145 ἁρρένωσιν.

213 5159 334 5213 Kal.
373 5160 892 5234 πραεδαρικάτορας
919 5162 1170 5235 λέγομεν,
1205 5162 1330 5227 τοὺς
1356 5162 1799 5233 ποικιλλομένους

216 5247 367 5301 κατὰ
417 5248 516 5318 τὴν
560 5249 669 5316 ῐριν
734 5253 1058 5323 συνεργοὺς,
1116 5252 1210 5306 καὶ
1267 5250 1620 5323 προδιδόντας
1670 5253 1803 5316 τοὺς

206 5336 568 5407 νπρόσφυγας.
590 5339 700 5410 Τῆς
730 5340 860 5407 γοῦν
901 5339 1156 5405 Ἰουδαίας
1184 5340 1278 5395 καὶ
1322 5340 1672 5411 Ἰερουσαλὴμ
1703 5356 1800 5409 γε-

220 5427 462 5498 νομένης
500 5430 823 5502 ὑποχειρίας
877 5433 986 5487 τῶν
1038 5432 1325 5502 Ῥωμαίων
1370 5430 1450 5502 τῷ
1503 5430 1800 5503 στέμματι,

228 5521 373 5590 μετά
394 5520 457 5575 τὸ
491 5524 831 5595 μοναρχῆσαι
880 5524 971 5578 τὸν
1022 5523 1244 5579 Ἰούλιον
1294 5523 1570 5595 Καίσαρα,
1632 5521 1801 5596 (οὕτω

1966 3611 2259 3668 Enimvero
2305 3610 2611 3682 cujusmodi
2642 3611 2846 3667 fuerint
2893 3612 2987 3667 illa
3035 3611 3180 3680 baia,
3230 3629 3350 3683 quae
3403 3613 3475 3670 ab

1899 3701 2328 3772 imperatoribus
2356 3713 2412 3758 et
2448 3704 2780 3774 patriarchis
2806 3705 2937 3760 olim
2983 3705 3283 3770 dabantur,
3313 3706 3477 3775 equi-

1898 3793 2022 3850 dem
2050 3795 2316 3850 hactenus
2349 3795 2560 3866 ignoro.
2588 3794 2703 3851 Nec
2731 3798 2879 3850 enim
2911 3796 2982 3850 ab
3008 3798 3364 3865 imperatoria
3392 3799 3477 3853 vel

1896 3882 2246 3958 patriarcbali
2278 3899 2442 3940 manu
2482 3885 2663 3940 baium
2693 3885 2913 3955 aliquod
2954 3901 3079 3939 cum
3119 3901 3247 3954 roga
3278 3902 3479 3943 manus

1898 3991 2018 4033 mea
2057 3990 2298 4049 unquam
2353 3976 2586 4046 accepit,
2619 3977 2747 4031 licet
2786 3976 2855 4031 ab
2879 3976 2960 4030 eis
3009 3975 3215 4045 alioqui
3261 3986 3474 4032 tantum

1896 4081 2009 4122 non
2043 4065 2286 4137 quotidie
2329 4066 2805 4139 collocupletetur,
2858 4079 2961 4120 nec
2996 4065 3193 4120 horum
3241 4068 3478 4136 qualita-

1900 4167 2006 4214 tem
2044 4174 2115 4215 ex
2151 4158 2276 4215 aliis
2322 4159 2584 4215 intellexi.
2638 4157 2949 4212 Palmarum
2984 4167 3186 4223 tamen,
3239 4173 3304 4213 ac
3330 4172 3478 4229 ηυντ-

1899 4256 2083 4306 torum
2133 4265 2320 4308 ramos
2375 4259 2561 4306 tenere
2609 4264 2775 4305 manu
2826 4248 3077 4303 homines
3137 4248 3316 4312 video,
3351 4263 3475 4303 cum

1901 4340 2046 4396 diem
2083 4341 2389 4405 celebrant,
2421 4354 2532 4411 qua
2584 4340 2707 4396 baia
2737 4347 3046 4410 gestantur.
3078 4338 3146 4394 Et
3185 4340 3477 4405 cuiusnam

1904 4431 2102 4504 lingua:
2129 4432 2456 4488 vocabulum
2488 4431 2563 4491 sit
2592 4431 2798 4493 baium,
2843 4443 3075 4500 quamve
3118 4429 3478 4500 signiﬁcatio-

1904 4540 2029 4579 nem
2057 4524 2254 4580 habeat
2279 4525 2584 4580 secundum
2614 4521 2895 4578 Romanos
2915 4529 2970 4577 et
2996 4519 3236 4587 Gnaeos,
3270 4519 3480 4575 indica-

1900 4614 2069 4672 bitur.
2094 4615 2286 4671 Baium
2317 4616 2501 4687 lingua
2530 4613 2778 4671 Romana
2803 4627 2979 4684 neque
3026 4627 3238 4669 ramum
3268 4610 3482 4682 signifi-

1903 4715 2016 4773 cat,
2048 4722 2116 4762 ει
2159 4708 2358 4763 arbore
2383 4721 2605 4772 caesum,
2639 4720 2818 4775 neque
2851 4719 3033 4760 rosam
3065 4719 3131 4759 ex
3160 4712 3345 4758 roseto
3370 4704 3483 4758 col-

1906 4795 2129 4861 lectam,
2183 4811 2361 4868 neque
2404 4794 2579 4850 lilium
2620 4794 2758 4849 :sed
2806 4800 2893 4853 est
2938 4792 3108 4849 animi
3152 4792 3375 4846 humani
3412 4792 3481 4848 ab

1901 4904 2012 4946 una
2046 4890 2320 4944 sententia
2359 4887 2415 4941 in
2464 4885 2628 4940 aliam
2674 4884 2973 4950 traductio,
3008 4883 3149 4937 bona
3202 4882 3479 4947 videlicet,

1899 4979 1984 5036 vel
2040 4992 2227 5049 prava.
2275 4976 2544 5033 Nimirum
2605 4974 2732 5031 hinc
2772 4975 2853 5040 lit,
2907 4984 2966 5028 ut
3039 4986 3334 5045 puerorum
3375 4985 3484 5025 ma-

1902 5070 2104 5143 gistros
2158 5069 2495 5140 appellemus
2553 5066 2784 5133 baiulos,
2830 5065 2997 5122 veluti
3043 5064 3138 5135 qui
3185 5076 3481 5133 puerorum

1908 5161 2124 5217 animos
2199 5161 2438 5216 infantes
2508 5158 2575 5213 ad
2651 5158 2968 5217 virilitatem
3039 5156 3345 5210 traducant.
3411 5150 3478 5205 Et

1905 5252 2361 5324 praevaricatores
2441 5249 2675 5307 dicimus
2748 5263 2845 5306 eos
2914 5248 3309 5317 cooperarios,
3382 5241 3478 5314 qui

1904 5344 2193 5397 variantur
2217 5341 2389 5395 instar
2428 5339 2606 5409 iridis,
2641 5347 2697 5395 et
2728 5340 2957 5394 clientes
3000 5327 3261 5409 produnt.
3290 5332 3479 5402 Itaque

1904 5447 2028 5487 cum
2059 5428 2247 5485 Judma
2279 5436 2333 5486 et
2366 5428 2742 5501 Hierosolyma
2782 5428 2924 5485 facta
2951 5425 3146 5482 luisset
3202 5423 3480 5475 Romano-

1904 5539 2026 5579 rum
2084 5521 2317 5595 imperio
2387 5521 2628 5589 subdita,
2688 5521 2806 5577 solo
2864 5530 3044 5577 rerum
3099 5512 3277 5586 potito
3322 5510 3480 5569 Julio

1497 5681 1737 5740 VARIE
1774 5681 2178 5740 LECTIONES.

294 5805 342 5837 ⁸⁵
377 5804 597 5876 σταυροὶ
624 5808 757 5859 κατᾶ
781 5804 878 5877 τὴν
915 5802 1228 5875 βαῖνερόρου.
1301 5803 1344 5835 ⁸⁸
1377 5801 1722 5875 ἀνθρωπίνης
1751 5800 1806 5857 δὲ
1830 5800 2078 5876 γνώμης.
