3882 6572
494 410 639 480 1215

1796 409 1830 471 J
1837 407 1931 471 US
1966 404 2415 469 CANONICUM

3615 402 3735 470 1216

480 524 733 589 Caesare;
777 517 1075 594 (sicTeuim
1123 518 1351 587 factum,
1406 524 1467 575 ut
1525 494 1813 573 Dominum
1863 517 2072 574 Pilatus

2185 515 2284 588 γὰρ
2309 516 2406 571 καὶ
2433 513 2666 581 Πιλάτος
2705 513 2798 570 τὸν
2837 514 3049 587 Κύριον
3101 514 3312 587 ἔκρινε,
3347 517 3446 573 καὶ
3477 514 3578 588 τὴν
3622 517 3739 570 Ἰου-

477 614 770 690 judicaret,
794 628 860 669 ac
901 611 1146 668 Iudaeam
1182 612 1369 669 Caesar
1396 610 1677 683 Augustus
1708 619 1977 674 censeret,
2009 617 2065 666 et

483 705 687 762 Paulus
721 721 845 761 cum
881 704 1262 770 damnaretur,
1300 704 1511 759 diceret
1542 721 1557 761 :
1590 702 1721 760 Sisti
1748 718 1834 758 me
1860 701 2066 758 Caesari

483 805 698 870 oportet
724 798 763 861 ς)
798 807 1022 867 paterna
1070 793 1382 850 Iudaeorum
1435 796 1618 867 lingua
1653 810 1777 851 cum
1823 795 2067 851 Romana

484 895 817 944 commutata
852 886 970 941 fuit.
998 884 1207 955 Quippe
1235 884 1405 943 Judaei
1458 900 1581 940 cum
1615 885 1912 956 gentilibus
1954 900 2070 955 per-

492 982 664 1047 misti,
736 995 927 1035 eorum
1000 978 1254 1033 instituta
1324 977 1656 1033 didicerunt.
1731 977 1865 1031 Cum
1939 990 2068 1046 ergo

490 1071 680 1141 populi
756 1069 970 1124 Judaici
1045 1070 1318 1136 seniores,
1379 1076 1433 1125 et
1514 1069 1820 1124 scribarum
1892 1076 2070 1124 coetus

484 1164 714 1218 vidisset
749 1161 1042 1216 Dominum
1100 1161 1383 1232 Deumque
1444 1168 1717 1229 nostrum,
1760 1161 1854 1231 qui
1902 1160 2070 1231 tergis

481 1250 800 1306 cherubicis
850 1251 1075 1315 insidet,
1128 1265 1226 1322 per
1267 1250 1658 1306 demissioncm
1700 1253 1915 1307 asinino
1945 1250 2067 1306 vehi

484 1345 653 1414 pullo,
680 1358 801 1399 cum
841 1343 1200 1401 nihilominus
1220 1361 1370 1401 more
1394 1348 1543 1417 regio
1567 1363 1597 1402 a
1634 1347 2069 1419 praecedentibus

487 1442 547 1489 et
572 1434 931 1504 sequentibus
960 1436 1283 1505 stiparetur,
1315 1451 1379 1492 ac
1408 1436 1805 1510 Hierosolyma!
1834 1439 2070 1510 dignita-

483 1533 595 1581 tem
655 1526 1015 1597 ampliﬁcaret
1103 1528 1328 1600 (quippe
1404 1528 1589 1586 Sionis
1642 1531 1832 1586 urbem
1905 1544 2073 1601 super

490 1602 748 1671 universa
784 1616 1138 1672 tabernacula
1166 1618 1355 1674 Jacobi
1380 1618 1589 1691 dilexit)
1624 1620 1874 1676 viderent
1904 1620 2070 1675 etiam

488 1709 686 1764 turbas
732 1708 800 1763 ad
840 1718 1042 1764 terram
1085 1710 1303 1767 tunicas
1350 1727 1481 1769 suas
1526 1713 1979 1780 substet-nentes,
2018 1718 2073 1769 et

490 1796 611 1852 vias
643 1798 925 1854 molliores
946 1799 1257 1868 reddentes,
1285 1802 1470 1871 pueris
1494 1817 1675 1858 ramos
1699 1804 2062 1873 gestantibus,

489 1900 558 1941 ac
589 1886 922 1954 dicentibus,
960 1889 1219 1945 Hosanna
1251 1893 1363 1947 ﬁlio
1415 1893 1560 1964 regis
1610 1894 1851 1951 Davidisl
1899 1895 2064 1952 bene-

494 1978 681 2033 dictus
730 1994 787 2034 es
819 1981 912 2049 qui
967 1982 1123 2037 venis
1156 1998 1171 2035 :
1203 1997 1311 2037 non
1362 1984 1550 2040 dixere
1590 2000 1713 2040 cum
1762 1987 2064 2058 prophetis,

490 2064 759 2134 Laudato,
791 2070 944 2138 pueri
975 2069 1264 2126 Dominum
1294 2090 1309 2140 ;
1338 2087 1535 2143 neque,
1568 2074 1758 2131 Gaude
1774 2076 2070 2133 vehemen-

490 2165 579 2212 ter
607 2157 714 2213 ﬁlia
748 2160 952 2226 Sionis,
983 2163 1216 2232 przedica
1241 2164 1483 2240 gloriam
1539 2165 1633 2221 Dei
1673 2166 2065 2240 Hierosolyma,

493 2250 751 2319 quoniam
775 2266 903 2307 ecce
937 2268 1033 2308 rex
1061 2261 1191 2308 tuus
1233 2238 1384 2309 venit
1426 2257 1525 2311 tibi
1560 2258 1708 2314 mitis
1732 2267 1785 2314 et
1818 2238 2069 2328 servans,

489 2349 547 2395 et
572 2348 758 2397 vectus
783 2343 1008 2398 asinino
1039 2344 1187 2413 pullo
1206 2344 1315 2401 ﬁlio
1336 2346 1659 2417 subiugatis.
1677 2348 1812 2403 Cum
1832 2350 1977 2406 enim
2007 2364 2073 2406 os

492 2428 758 2495 habeant,
804 2431 982 2501 inquit
1016 2433 1126 2498 ille,
1157 2448 1266 2488 non
1309 2435 1606 2506 loquentur
1656 2453 1671 2492 :
1704 2452 1829 2491 cum
1861 2439 2070 2506 oculos,

495 2535 603 2576 non
637 2522 899 2577 videbunt
937 2540 950 2577 :
990 2539 1111 2579 cum
1162 2539 1347 2592 aures,
1383 2542 1491 2582 non
1516 2527 1744 2583 audient
1772 2546 1785 2581 :
1812 2530 2074 2600 quoniam

497 2613 760 2670 cordibus
789 2629 981 2671 eorum
1032 2616 1280 2672 velamen
1330 2619 1466 2689 legis
1504 2627 1559 2675 et
1595 2620 1956 2694 ignorationis
1991 2624 2076 2677 in-

497 2704 725 2760 cumbit.

574 2795 845 2853 Nimirum
870 2805 930 2854 ut
950 2808 1267 2870 peccatores
1287 2803 1779 2872 cxcandcsccbant,
1802 2813 1855 2861 et
1879 2821 2077 2862 accen-

499 2889 769 2945 debantur
800 2891 902 2956 ira,
937 2899 990 2946 et
1027 2892 1331 2949 fremebant
1365 2896 1643 2958 dentibus.
1686 2905 1740 2952 et
1784 2899 2077 2954 contabes-

503 2983 726 3048 cebant,
764 2998 890 3038 cum
923 2984 1204 3041 dicerent:
1233 2986 1584 3055 Egredimini,
1614 2996 1825 3058 gentes,
1859 2990 2077 3059 egredi-

498 3074 658 3141 mini,
696 3076 904 3145 populi,
938 3090 1001 3131 ac
1030 3076 1229 3144 videte,
1262 3094 1370 3147 quo
1395 3085 1554 3149 pacto
1595 3080 1831 3135 mundus
1858 3081 2081 3136 univer-

2166 610 2323 664 δαίαν
2354 610 2574 680 Καῖσαρ
2607 605 2920 677 Αὔγουστος
2946 608 3333 681 ἀπεγράψατο,
3392 610 3493 664 καὶ
3543 609 3741 677 Παῦλος

2167 699 2631 772 κατακρινόμενος
2651 700 2779 771 ἔφη·
2800 700 2893 753 Δεῖ
2927 716 2996 770 με
3023 703 3372 773 παραστῆναι
3392 699 3470 772 τῷ
3491 700 3737 772 Καίσαρι)

2168 795 2202 862 ἠ
2252 792 2480 864 πατρῴα
2513 791 2622 847 τῶν
2660 791 2936 846 Ἰουδαίων
2983 792 3271 857 διάλεκτος
3329 793 3470 865 πρὸς
3507 794 3607 865 τὴν
3644 792 3738 846 τῶν

2180 882 2471 953 Ῥωμαίων
2503 883 3003 954 μετεστοιχείωται.
3036 884 3162 947 Τοῖς
3186 884 3367 937 ἔθνεσι
3410 884 3524 955 γὰρ
3554 883 3738 953 ἐμίγη.

2171 974 2403 1041 σαν,καὶ
2441 973 2647 1044 ἔμαθον
2694 974 2765 1028 τά
2810 975 3020 1029 τούτων
3064 975 3501 1047 ἐπιτηδεύματα.
3537 974 3738 1039 Ἰδόντες

2168 1063 2347 1118 τοίνυν
2376 1062 2485 1116 τῶν
2511 1063 2782 1117 Ἰουδαίων
2809 1065 2859 1117 οί
2886 1065 3304 1136 δημογέροντες,
3340 1065 3433 1118 καὶ
3449 1065 3558 1118 τῶν
3572 1080 3735 1134 γραμ-

2173 1156 2387 1229 ματέων
2405 1158 2432 1209 ό
2464 1154 2722 1224 σύλλογος
2743 1156 2834 1209 τὸν
2864 1157 2959 1209 ἐπὶ
2986 1157 3181 1220 νώτοις
3206 1176 3265 1227 χε
3275 1156 3555 1229 ρουῦικοῖς
3585 1157 3732 1227 καθή-

2173 1266 2333 1321 μενον
2360 1248 2564 1320 Κύριον
2620 1250 2715 1304 καὶ
2744 1250 2877 1305 Θεὸν
2926 1250 3103 1321 ἡμῶν,
3138 1252 3232 1305 ἐπὶ
3270 1250 3457 1303 πώλυυ
3481 1250 3580 1320 μὲν
3630 1250 3732 1304 om

2171 1341 2311 1395 κατά
2335 1340 2744 1410 συγκατάσασιν
2766 1341 2965 1412 ἐποχού
2975 1360 3158 1412 μενον,
3187 1341 3490 1413 βασιλικῶς
3510 1341 3568 1394 δὲ
3600 1343 3729 1413 παρά

2170 1430 2281 1485 τῶν
2311 1432 2665 1503 προαγόντων
2721 1431 2816 1485 καὶ
2843 1430 2954 1484 τῶν
2984 1432 3266 1502 ἑπομένων
3314 1431 3731 1501 στενοχωρούμε-

2171 1537 2285 1587 νον,
2351 1521 2448 1574 καὶ
2480 1518 2581 1593 τὴν
2625 1520 2986 1593 Ἰερουσαλὴμ
3054 1518 3456 1592 μεγαλύνοντα,
3505 1521 3731 1591 ἠγάπησε

2171 1612 2280 1684 γὰρ
2331 1612 2433 1684 τὴν
2483 1614 2641 1666 πόλιν
2694 1612 2834 1666 Σιὼν
2885 1612 3027 1684 ὑπὲρ
3084 1611 3264 1666 πάντα
3298 1612 3371 1666 τὰ
3422 1611 3729 1681 σκηνώματα

2185 1702 2403 1775 Ἰακὼϐ)
2443 1704 2689 1768 καὶτοὺς
2718 1703 2910 1774 ὄχλους
2947 1703 3047 1774 μὲν
3091 1705 3158 1775 τῇ
3215 1705 3288 1774 γῇ
3344 1703 3477 1765 τοὺς
3525 1703 3730 1773 χιτῶνας

2177 1793 2601 1865 στρωννύοντας,
2644 1794 2741 1847 καὶ
2801 1793 2903 1856 τάς
2955 1793 3109 1855 ὀδοὺς
3143 1791 3572 1863 μαλακίζοντας,
3627 1792 3730 1857 τοὺς

2176 1886 2371 1951 παῖδας
2386 1885 2443 1939 δὲ
2466 1884 2945 1957 κλαδηφοροῦντας
2974 1885 3072 1939 καὶ
3097 1885 3376 1954 λέγοντας·
3425 1883 3648 1936 Ἦσαννά
3668 1883 3730 1957 τῷ

2169 1977 2271 2049 υίῷ
2298 1977 2393 2033 τοῦ
2421 1977 2687 2048 βασιλέως
2711 1977 2893 2031 Δαϐίδί
2918 1976 3282 2047 εὐλογημένος
3305 1970 3357 2028 εί
3380 1977 3411 2029 ό
3436 1974 3728 2046 ὲρχόμενοςυ

2168 2068 2269 2122 οὐκ
2292 2064 2445 2122 εἶπον
2487 2067 2626 2139 μετά
2650 2066 2760 2121 τῶν
2786 2066 3104 2138 προφητῶν·
3157 2065 3400 2128 Αἰνεῖτε,
3426 2063 3617 2126 παῖδες
3640 2063 3733 2116 Κύ-

2172 2176 2308 2235 ριονο
2333 2161 2476 2226 οὐδὲ,
2500 2161 2675 2231 Χαῖρε
2702 2159 2927 2230 σφόδρα,
2956 2157 3194 2228 θύγατερ
3216 2154 3378 2223 Σιὼν,
3408 2158 3639 2226 κήρυττε
3659 2156 3731 2209 δό-

2180 2249 2277 2317 ξαν
2307 2248 2441 2302 Θεοῦ
2485 2248 2861 2322 Ἰερουσαλὴμ,
2890 2249 2972 2302 ὅτι
3001 2248 3110 2302 ἰδοὺ
3150 2245 3407 2317 βασιλεύς
3460 2263 3553 2299 σου
3602 2246 3733 2316 ἔρχεο

2172 2340 2263 2395 ταί
2301 2358 2380 2395 σοι
2418 2340 2602 2411 πραῢς
2649 2341 2744 2395 καί⁴
2796 2338 3006 2405 σώζων,
3055 2338 3405 2408 ἐπιϐεϐηκὼς
3449 2340 3533 2402 είς
3580 2338 3733 2391 πῶλον

2174 2433 2320 2499 ὄνου,
2346 2433 2461 2487 υίδν
2497 2430 2814 2501 ὑποζυγίου.
2852 2431 3110 2501 Ἔχοντες
3146 2430 3254 2502 γάρ
3310 2428 3511 2498 στόμα,
3568 2430 3731 2499 φησὶν,

2174 2526 2236 2581 οὒ
2269 2525 2589 2581 καλέσουσιν
2620 2540 2634 2554 °
2666 2522 3004 2594 ὀφθαλμοὺς,
3044 2525 3142 2575 καί⁸
3173 2522 3274 2575 οὐκ
3309 2521 3541 2590 ὄψονται
3564 2535 3580 2550 ·
3617 2518 3733 2587 ὦτα,

2176 2617 2273 2671 καὶ
2294 2616 2394 2669 οὐκ
2428 2613 2755 2671 ἀκούσουσιν
2778 2628 2793 2645 ο
2840 2613 2923 2666 ὅτι
2978 2613 3099 2675 ταῖς
3136 2610 3388 2682 καρδίαις
3432 2608 3611 2665 αὐτῶν
3647 2608 3733 2664 κά-

2176 2708 2367 2778 λυμμα
2394 2707 2561 2777 νόμου
2583 2705 2679 2759 καὶ
2713 2704 2990 2774 ἀγνωσίας
3019 2703 3323 2757 ἐπίκειται.

2258 2796 2684 2867 Ἠγανάκτησαν
2712 2794 2767 2847 δὲ
2790 2794 2865 2856 ὡς
2893 2794 3228 2865 ἁμαρτωλοὶ,
3254 2793 3351 2846 καὶ
3371 2791 3726 2864 ὠργίσθησαν,

2178 2888 2272 2944 καὶ
2296 2888 2423 2951 τοὺς
2458 2885 2679 2949 ὀδόντας
2706 2883 2960 2954 εόρυξαν,
2986 2883 3082 2937 καὶ
3112 2883 3413 2953 ὲτάκησαν,
3444 2883 3541 2935 καὶ
3573 2878 3730 2936 εἷπον⁸

2178 2978 2454 3046 Ἐξέλθετε
2485 2977 2637 3048 ἔθνη,
2680 2976 2923 3042 ἐξέλθετε
2964 2975 3103 3042 λαοὶ,
3148 2977 3243 3029 καὶ
3268 2974 3429 3039 ἴδετε,
3485 2973 3600 3037 πῶς
3634 2975 3742 3038 ὅλος

2179 3074 2208 3127 ὁ
2240 3073 2442 3141 κόσμος
2466 3070 2669 3137 ὑπάγει
2697 3068 2874 3122 ὀπίσω
2902 3066 3093 3121 αὑτοῦ.
3127 3067 3219 3120 Διὸ
3269 3068 3366 3121 καὶ
3398 3068 3513 3122 τῶν
3549 3067 3741 3122 κλάδων

500 3178 598 3221 sus
620 3174 745 3234 post
779 3182 902 3220 eum
934 3165 1117 3221 vadat.
1138 3168 1373 3238 Ideoque
1393 3171 1754 3239 gestationem
1801 3188 2076 3227 ramorum

2185 3164 2261 3236 μὴ
2296 3163 2568 3226 συνιέντες
2596 3161 2658 3215 τὸ
2685 3161 3059 3232 δορυφόρημα,
3087 3160 3263 3215 Βαϐαὶ
3311 3161 3457 3215 κατά
3501 3160 3743 3231 μαινομέ-

500 3272 610 3311 non
657 3256 1041 3327 intelligentes,
1114 3258 1450 3315 furiosorum
1515 3276 1666 3317 more
1716 3263 2073 3321 clamabant:

498 3348 680 3417 Babae;
737 3349 949 3405 seducti
1001 3360 1127 3405 sunt
1186 3367 1400 3419 omnes,
1457 3368 1648 3410 omnes
1684 3354 1904 3409 inutiles
1943 3354 2077 3411 facti

499 3451 631 3495 sunt
693 3450 748 3499 et
806 3442 1161 3499 deﬁexerunt.
1221 3444 1419 3501 Proh:
1478 3447 1624 3516 leges
1679 3454 1735 3502 et
1808 3455 2080 3518 praecepta

502 3530 743 3591 Mosaica
777 3542 974 3603 praeter
1007 3537 1471 3606 exspectationem
1503 3537 1690 3592 baium
1731 3538 1891 3593 facta;
1927 3548 2077 3607 sunt,

503 3620 610 3677 hoc
637 3631 742 3686 est,
770 3624 1069 3679 secundum
1113 3628 1357 3696 ipsorum
1386 3627 1675 3693 insaniam,
1721 3628 1964 3683 redactio
2008 3630 2075 3685 ad

504 3711 812 3768 interitum.
844 3715 921 3769 Ita
974 3717 1085 3784 jam
1140 3725 1287 3772 recte
1330 3718 1625 3785 declarata,
1695 3735 1814 3774 mea
1861 3721 2082 3791 quidem

504 3805 785 3875 opinione,
816 3806 1063 3861 baiorum
1091 3823 1222 3864 voce
1252 3848 1267 3874 ,
1300 3808 1615 3876 dicendum,
1672 3826 1782 3881 quo
1832 3820 1994 3882 pacto
2023 3819 2081 3868 et

508 3897 867 3966 quamobrem
890 3913 919 3952 a
946 3899 1315 3955 sanctissimis
1344 3901 1673 3972 patriarchis
1692 3909 1815 3972 post
1834 3903 2085 3957 catechc-

502 3990 590 4047 sin
621 3990 847 4047 incensa
886 3991 1105 4059 dentur,
1136 3991 1224 4048 die
1248 3992 1494 4049 baiornm
1519 3994 1860 4064 gestationis,
1894 4009 2088 4053 cruces

414 4084 419 4089 “
505 4089 560 4138 et
584 4082 750 4147 cerei,
778 4097 971 4139 rursus
1003 4098 1197 4154 magna
1222 4083 1354 4139 feria
1373 4092 1569 4155 quarta
1600 4086 1744 4141 cerei
1764 4095 1816 4141 et
1840 4087 2086 4157 incensa,

507 4167 597 4226 die
618 4169 793 4225 sancti
824 4168 1108 4227 Paschalis
1147 4172 1504 4229 salutationes
1532 4181 1587 4228 et
1625 4175 1909 4245 tricipitia.

583 4260 830 4318 Dicimus
889 4276 1042 4329 ergo,
1084 4262 1230 4333 quod
1294 4279 1417 4318 cum
1449 4265 1600 4320 natio
1649 4265 1964 4323 Iudaeorum
2020 4268 2087 4323 ad

508 4351 691 4407 lucem
712 4353 1072 4420 ctecutiverit,
1105 4362 1160 4410 et
1186 4354 1415 4411 salutem
1442 4358 1798 4427 appellaverit
1830 4361 2084 4425 exitium,

508 4444 661 4500 velut
706 4444 1007 4500 indicatum
1065 4452 1152 4500 est
1200 4440 1401 4508 (solet'
1440 4450 1585 4504 enim
1634 4452 1956 4519 usuvenire,
2026 4460 2087 4506 ut

2181 3274 2305 3320 νους
2333 3256 2587 3327 ἐϐόησαν,
2638 3253 2805 3324 βαϐαὶ
2858 3253 3057 3317 πάντες
3106 3254 3506 3324 πεπλάνηνται,
3559 3251 3745 3315 πάντες

2181 3345 2564 3418 ἠχρειώθησαν
2588 3345 2683 3398 καὶ
2714 3343 3014 3410 ἐξέκλιναν.
3067 3342 3241 3397 Βαόαὶ
3293 3343 3404 3396 τῶν
3450 3343 3745 3397 Μωσαῖκῶν

2183 3434 2594 3507 παραγγελιῶν,
2624 3436 2783 3505 βαῖον
2806 3433 3212 3505 ἀπροσδόκητον
3245 3433 3463 3502 γέγονε,
3516 3435 3747 3487 τουτέστι

2182 3529 2324 3584 κατὰ
2380 3529 2480 3600 τὴν
2524 3527 2732 3581 τούτων
2779 3527 3039 3582 ἀπόνοιαν
3068 3564 3085 3590 ,
3145 3524 3436 3596 μεταφορὰ
3484 3525 3616 3596 πρὸς
3656 3527 3750 3579 ἀπ-

2182 3620 2401 3676 ώλειανέ
2432 3619 2589 3674 Οὕτω
2619 3618 2802 3682 καλῶς
2850 3617 3298 3688 σαφηνισθείσης,
3328 3616 3406 3681 ὡς
3433 3615 3637 3687 οἴομαι,
3661 3616 3748 3684 τῆς

2182 3714 2290 3768 τῶν
2326 3713 2494 3784 βαῒων
2525 3711 2731 3781 φωνῆς,
2767 3709 2957 3784 ῥητέον
2988 3710 3136 3772 ὅπως
3160 3709 3257 3763 καὶ
3284 3708 3429 3761 διατί
3461 3708 3615 3778 παρά
3650 3707 3745 3760 τῶν

2185 3803 2507 3873 ἁγιωτάτων
2556 3799 2913 3873 πατριαρχῶν
2963 3799 3102 3870 μετά
3125 3798 3222 3870 τὴν
3261 3799 3571 3868 κατήχησιν
3602 3797 3749 3866 θυμι-

2186 3896 2369 3967 άματα
2418 3893 2674 3957 δίδονται,
2724 3894 2867 3947 κατά
2915 3891 3015 3963 τὴν
3065 3891 3353 3961 βαῑοφόρον
3386 3890 3614 3958 σταυροὶ
3665 3889 3750 3941 καὶ

2186 3987 2376 4058 κηρία,
2418 3986 2512 4039 καὶ
2541 3980 2696 4047 αὖθις
2720 3983 2859 4038 κοιτά
2896 3970 3275 4053 τῆν’μεγάλην
3308 3981 3548 4054 τετράδα
3597 3980 3750 4050 κηρία

2196 4083 2290 4134 καὶ
2312 4078 2657 4149 θυμιάματα,
2690 4074 2785 4130 καὶ
2823 4075 2967 4130 κατὰ
2987 4074 3047 4128 τὸ
3074 4073 3230 4143 ἅγιον
3251 4073 3449 4144 Πάσχα
3485 4070 3753 4141 ἀσπασμοὶ

2187 4171 2283 4227 καὶ
2303 4169 2626 4242 τρικέφαλα.
3152 4168 3191 4201 ³

2257 4262 2443 4331 Φαμὲν
2474 4261 2677 4322 τοίνυν,
2708 4257 2783 4323 ὡς
2817 4256 2910 4310 τοῦ
2929 4256 3122 4326 γένους
3159 4255 3268 4309 τῶν
3317 4252 3591 4308 Ἰουδαίων
3631 4253 3757 4323 πρδς

2187 4353 2249 4408 τὸ
2277 4351 2391 4423 φῶς
2425 4350 2899 4420 ἀϐλεπτήσαντος,
2948 4348 3045 4401 καὶ
3074 4348 3172 4419 τὴν
3210 4348 3493 4420 σωτηρίαν
3522 4347 3756 4401 πανωλεο

2191 4451 2347 4523 θρίαν
2397 4448 2894 4519 κατονομάσαντος,
2953 4445 3029 4511 ὡς
3077 4446 3411 4517 διείληπται,
3471 4446 3609 4510 (τοῖς
3659 4445 3757 4515 γάρ

509 4545 777 4616 aurugine
831 4542 1209 4599 laborantibus
1245 4545 1350 4600 mel
1384 4547 1455 4601 sit
1490 4550 1760 4613 amarum)
1791 4590 1807 4617 ,
1873 4565 1974 4606 nos
2007 4550 2078 4607 eis

2195 4542 2474 4615 ίκτεριῶσι
2499 4540 2560 4595 τδ
2588 4540 2711 4611 μέλι
2736 4539 2932 4610 πικρόν
2952 4534 3145 4609 ἐστιν),
3177 4539 3341 4608 ἡμεῖς
3358 4537 3627 4591 τάναντία
3641 4535 3759 4590 τού-

513 4634 798 4692 contraria
864 4635 1166 4692 sentientes
1218 4644 1271 4692 et
1324 4637 1602 4704 facientes,
1630 4642 1853 4712 (quippe
1913 4640 2086 4697 solem

509 4742 622 4781 non
656 4725 1081 4781 conniventibus
1109 4729 1285 4784 oculis
1320 4730 1775 4802 intuemur),cum
1803 4747 2086 4788 ramorum

510 4820 814 4890 gestatione
886 4828 1188 4877 conventus
1256 4822 1595 4879 celebremus
1678 4831 1732 4878 ct
1820 4825 2088 4880 insaniam

509 4910 758 4981 ipsorum
814 4911 963 4967 velut
1022 4912 1076 4968 in
1113 4914 1389 4986 triumpho
1433 4915 1785 4986 spectandam
1813 4916 2086 4973 exhiben-

510 5011 598 5060 tes
624 5003 776 5071 (l'acti
806 5006 1090 5061 suntenim
1140 5008 1509 5078 spectaculum
1553 5006 1914 5078 mortalibus),
1951 5023 2090 5063 con-

512 5095 787 5159 ﬁteamur,
836 5110 900 5151 ac
956 5112 1296 5169 nequaquam
1359 5097 1688 5162 iuﬁciemur,
1733 5113 1836 5154 nos
1865 5100 2087 5169 quidem

514 5170 642 5245 esse
680 5185 858 5243 factos
898 5187 1082 5244 baium
1151 5190 1312 5255 ﬁdei;
1345 5189 1441 5245 sed
1475 5204 1540 5245 ex
1576 5189 1767 5245 umbra
1792 5189 1857 5244 ad
1893 5191 2095 5245 verita-

525 5288 666 5347 tem,
702 5277 799 5334 sed
827 5277 895 5333 ad
922 5279 1387 5336 immortalitatem
1414 5294 1481 5336 ex
1499 5280 1834 5336 mortalitate
1864 5298 1879 5343 ς
1918 5295 2095 5351 neque

525 5387 633 5428 nos
671 5369 840 5443 pudet
896 5388 1080 5429 ramos
1122 5373 1244 5430 illos
1294 5374 1571 5444 appellare
1621 5373 1766 5431 baia.
1806 5373 1865 5429 In
1904 5372 2093 5428 eadem

523 5465 854 5522 exsistentes
875 5467 1072 5537 cpione
1087 5466 1389 5523 ﬁdelissimi
1414 5466 1708 5537 principes,
1733 5466 1931 5521 annuis
1951 5465 2097 5536 rogis

524 5557 651 5613 baia
687 5558 1014 5623 miscebant,
1048 5568 1273 5629 argento
1331 5568 1465 5630 puta
1499 5560 1588 5614 vel
1642 5573 1776 5613 auro
1810 5567 2093 5615 exornata.

521 5647 737 5719 Quippe
787 5649 1317 5720 congratulabantur
1349 5650 1444 5717 iis,
1496 5650 1589 5720 qui
1620 5650 1732 5705 hac
1788 5664 2097 5720 conseque-

527 5741 754 5807 bantur,
784 5741 933 5797 velut
959 5740 1284 5797 orthodoxis
1313 5757 1440 5814 erga
1472 5742 1663 5808 lleum,
1691 5751 1745 5798 et
1796 5742 1944 5813 ipsos
1968 5756 2096 5812 erga

531 5834 811 5906 principes
842 5832 1143 5891 benevolis.
1174 5832 1311 5901 Quia
1343 5850 1473 5893 vero
1500 5834 1807 5907 principum
1871 5833 2092 5906 quidem

2187 4654 2302 4701 τοις
2329 4635 2653 4707 φρονοῦντες
2679 4633 2773 4688 κα)⁵
2801 4632 3130 4703 πράττοντες
3176 4630 3625 4701 (ἀσκαρδαμυκτὶ
3660 4629 3757 4698 γὰρ

2187 4729 2281 4783 τὸν
2330 4727 2482 4799 ἥλιον
2534 4724 2827 4798 βλέπομεν)
2878 4721 3351 4794 κλαδηφοροῦντες
3397 4722 3762 4793 πανηγυρίζο-

2196 4838 2316 4894 μεν,
2346 4818 2440 4875 καὶ
2468 4819 2567 4891 τὴν
2593 4817 2819 4871 ἐκείνων
2847 4815 3108 4870 ἀπόνοιαν
3149 4814 3604 4885 θριαμϐεύοντες,
3647 4816 3763 4869 θέα.

2193 4930 2321 4986 τρον
2374 4911 2485 4983 γὰρ
2533 4911 2630 4964 καὶ
2672 4907 2983 4981 ἀνθρώποις
3018 4907 3371 4977 γεγόνασιν),
3403 4905 3765 4979 ὁμολογοῦμεν

2194 5005 2291 5062 καὶ
2322 5004 2422 5057 οὐκ
2455 5002 2790 5074 ἀρνούμεθα,
2835 5000 2988 5071 βαῒον
3030 4999 3321 5067 γεγονέναι
3375 5001 3478 5070 τῆς
3517 5001 3765 5060 πίστεως

2194 5100 2311 5155 ἀλλ’
2349 5100 2414 5152 ἐκ
2453 5098 2613 5160 σκιᾶς
2673 5094 2811 5167 πρὸς
2867 5094 3149 5163 ἀλήθειαν,
3199 5094 3315 5146 ἀλλ’
3351 5094 3433 5157 είς
3475 5094 3768 5147 ἀθανασίαν

2195 5193 2305 5248 ἀπὸ
2352 5190 2681 5262 θνητότητος
2704 5205 2718 5219 ο
2755 5187 2851 5240 καὶ
2889 5186 3014 5257 βαΐα
3043 5185 3169 5248 τοὺς
3212 5186 3447 5250 κλάδους
3473 5183 3772 5256 κατονομάο

2200 5285 2406 5349 ζοντες,
2458 5282 2559 5335 οὐκ
2610 5277 3077 5349 ἐπαισχυνόμεθα.
3126 5276 3283 5329 Οὖτω
3314 5276 3654 5346 φρονοῦντες
3691 5272 3774 5325 καὶ

2198 5375 2248 5429 oi
2280 5373 2595 5428 πιστότατοι
2658 5369 2921 5441 βασιλεῖς,
2950 5370 3073 5432 ταῖς
3122 5366 3363 5438 ἐτησίοις
3420 5368 3618 5440 ρὁαις
3654 5364 3778 5437 βαῖσ.

2202 5466 2693 5538 συνεπρυτόινευον,
2728 5462 2788 5531 ἐξ
2836 5461 3081 5534 ἀργύρου
3115 5460 3274 5531 τυχδν
3322 5459 3355 5531 ἢ
3389 5459 3603 5532 χρυσοῦ
3656 5458 3775 5511 καλ·

2200 5558 2489 5627 λυνόμενα.
2524 5554 2851 5624 Συνέχαιρον
2910 5550 3020 5620 γὰρ
3066 5552 3179 5613 τοῖς
3230 5548 3581 5619 λαμϐάνουσι
3616 5546 3777 5599 ταῦτα

2199 5648 2543 5722 ὀρθοδοξοῦσι
2590 5646 2660 5701 τὰ
2713 5646 2850 5715 πρὸς
2886 5644 3041 5711 Θεὸν,
3106 5642 3204 5697 καὶ
3278 5641 3673 5711 εὐνοουμένοις
3723 5637 3776 5688 si

2205 5742 2343 5811 πρὸς
2377 5737 2598 5801 αύτούς.
2644 5736 2798 5791 Ἐπεὶ
2831 5736 2887 5789 δὲ
2914 5734 3024 5787 τῶν
3066 5733 3165 5805 μὲν
3209 5733 3473 5805 βασιλέων
3495 5732 3565 5784 αἱ
3614 5730 3776 5803 ρόγαι,

2205 5831 2298 5883 καὶ
2331 5828 2436 5882 τῶν
2468 5828 2635 5898 βαῖων
2661 5827 2725 5882 τὰ
2754 5823 2892 5897 ἄνθη
2918 5824 2987 5880 τὰ
3017 5824 3243 5889 ταύταις
3286 5822 3776 5880 συνανατέλλοντα.
