3990 6594
235 394 375 462 ηιτ

1524 392 2235 458 θΒᾹΞΟΟ-ΒΟΜΑΝΗΜ.

2658 353 2757 383 suci
2794 366 2803 373 -

3361 394 3499 462 1218

228 507 333 577 πρὸ
350 500 565 577 χρόνων
602 506 924 578 ἐσχόλασαν,
941 506 1008 563 δι’
1026 506 1094 579 ἢν
1114 506 1293 561 αἰτίαν
1322 505 1530 562 ἄνωθεν
1551 505 1802 576 είπομεν’

1909 518 2053 575 rogas
2070 505 2431 576 baiorumque
2453 503 2633 571 flores,
2660 505 2752 577 qui
2777 521 2899 563 cum
2923 508 3071 579 rogis
3087 508 3496 566 exoriebantur.

227 598 340 653 τῶν
369 599 428 652 δὲ
452 598 617 653 θείων
651 600 1010 671 πατριαρχῶν
1038 602 1095 654 αἱ
1147 600 1308 671 ῥόγαι
1363 598 1811 671 δημοσιεύονται,

228 692 324 746 καὶ
359 692 393 761 ή
431 693 681 761 συνήθως
710 693 963 765 διδομένη
994 693 1131 765 ρόγα
1154 694 1296 747 κατὰ
1316 694 1416 764 τὴν
1444 693 1652 764 κυρίως
1673 693 1815 747 ἀπό-

225 796 400 850 κρεω,
426 782 509 845 είς
539 781 636 850 τὴν
690 782 929 851 ὲτησίως
986 782 1390 854 προϐαίνουσαν
1422 783 1816 853 ἐκκλησιαστι-

230 871 336 942 κήν
367 874 540 943 ρόγαν
571 874 714 926 κατὰ
742 873 841 944 τήν
884 875 1129 944 μεγάλην
1155 876 1346 946 τρίτην
1394 874 1685 946 μετέπεσε,
1713 892 1817 928 κα-

227 961 360 1024 θὼς.
414 963 485 1016 τὰ
518 963 725 1017 παλαιά
774 963 998 1018 λαλοῦσι
1047 965 1296 1036 ρογάλια,
1331 966 1571 1019 διδόασιν
1610 967 1661 1017 oi
1708 982 1817 1018 πα-

225 1055 489 1124 τριάρχαι
548 1055 689 1127 μετὰ
732 1055 831 1127 τὴν
875 1058 1178 1128 κατήχησιν
1208 1057 1286 1128 τῷ
1318 1057 1434 1129 λαῴ
1462 1058 1538 1119 ὡς
1585 1058 1713 1127 βαΐα
1744 1057 1815 1112 τὰ

226 1145 591 1215 θυμιάματα’
647 1147 1105 1219 παρεγγυώμενοι
1147 1148 1215 1201 δι’
1261 1149 1443 1202 αὐτῶν
1469 1149 1669 1203 ὡσανεὶ
1701 1151 1815 1214 τοῖς

229 1238 598 1307 λαμϐάνουσι,
644 1245 977 1309 μεταπεσεῖν
1032 1243 1098 1296 ὲκ
1136 1243 1236 1312 τῆς
1269 1242 1482 1315 φαύλης
1512 1243 1809 1314 διαγωγῆς,

223 1329 417 1393 καθώς
444 1348 549 1385 που
596 1332 691 1386 καὶ
722 1331 1136 1404 καθηγήθησαν,
1170 1334 1263 1387 καί⁵
1322 1334 1390 1387 δι’
1446 1334 1809 1406 ὀλιγοημέρου

222 1419 569 1491 ἐπιστροφῆς
601 1421 878 1491 βασιλείαν
907 1424 1126 1477 αἰώνιον
1153 1424 1608 1491 ἀνταλλάξασθαι.
1641 1427 1812 1479 Εὐτε-

219 1510 344 1565 λέσι
374 1512 433 1567 δὲ
471 1514 780 1584 θυμιάμασι
800 1514 941 1568 κατά
970 1516 1371 1586 σμικρολόγους
1398 1518 1494 1570 καὶ
1526 1516 1803 1588 κίμϐικας

218 1605 328 1658 οὐκ
351 1605 700 1660 ὲλαττογοῦσι
723 1607 785 1659 τὸ
819 1608 1107 1677 μεγαλεῖον
1141 1609 1235 1662 τοῦ
1272 1608 1623 1679 Πνεύματος·
1667 1609 1811 1681 (πῶς

219 1696 337 1763 γάρ
379 1697 430 1748 οἱ
466 1699 645 1750 πᾶσαν
676 1696 775 1767 τὴν
819 1698 1149 1768 οἰκουμένην
1207 1696 1641 1769 φιλανθρωπίαις
1676 1715 1812 1753 παν-

216 1785 494 1851 τοδαπαῖς
548 1790 966 1859 σαγηνεύοντες,
1023 1789 1118 1843 καὶ
1161 1791 1343 1844 πᾶσαν
1396 1789 1805 1861 πενητεύουσαν

215 1877 615 1942 αύλακίζοντες
675 1881 939 1951 ἄρουραν,
994 1883 1091 1936 καὶ
1159 1881 1431 1952 πολύχουν
1485 1882 1805 1953 εὐεργεσίας

215 1966 535 2039 θερίζοντες
556 1970 841 2042 ἄσταχυν;)
878 1971 1016 2026 ἀλλὰ
1047 1973 1146 2043 τῆς
1177 1973 1391 2045 ἡμέρας
1424 1974 1524 2044 τήν
1575 1973 1804 2044 δύναμιν

214 2060 611 2130 αἰνιττόμενοι,
634 2062 729 2114 καὶ
755 2061 1101 2127 διδάσκοντες
1120 2063 1361 2135 ὡσπερεὶ
1378 2064 1445 2117 δι’
1474 2064 1652 2117 αὐτῶν
1676 2066 1804 2128 τοὺς

214 2150 625 2220 λαμϐάνοντας,
653 2155 841 2207 ὁποῖον
875 2151 1016 2208 εἶναι
1037 2156 1119 2208 δεῖ
1140 2156 1201 2207 τὸ
1221 2154 1449 2225 ψυχικὸν
1477 2156 1805 2227 κατάστημα

216 2241 322 2294 τοῦ
346 2243 720 2311 νηστεύοντος,
754 2246 850 2298 καὶ
884 2248 984 2317 τῆς
1013 2244 1304 2316 μετανοίας
1337 2247 1398 2299 τὸ
1418 2247 1807 2317 δλοκαύτωμαί

217 2332 320 2385 καὶ
354 2336 456 2402 τῆς
486 2338 797 2406 προσευχῆς
822 2337 885 2390 τὸ
914 2337 1188 2407 θυμίαμα.
1221 2338 1331 2391 Καὶ
1361 2340 1482 2393 τότε
1531 2339 1631 2409 μὲν
1662 2339 1805 2393 οὔτω

215 2421 623 2477 κατευθύνουσι
644 2424 744 2491 τῆς
777 2427 1031 2496 νηστείας
1063 2427 1127 2479 τὸ
1151 2427 1389 2482 στάδιον.
1429 2428 1589 2482 Κατὰ
1612 2428 1668 2482 δὲ
1701 2430 1802 2500 τὴν

212 2509 326 2579 τῆς
367 2509 663 2583 βαῖοφόρου
695 2516 1040 2584 χαρμόσυνον
1070 2516 1441 2589 κυριώνυμον,
1468 2519 1543 2582 ὡς
1573 2518 1803 2574 ἀθλοθέ-

212 2613 315 2652 ται
343 2598 689 2665 καθίσαντες,
720 2603 995 2673 (Ἐκάθισε
1028 2605 1158 2676 γὰρ,
1192 2607 1382 2675 φησὶν,
1412 2607 1440 2658 ὁ
1496 2607 1697 2677 κρίνων
1726 2607 1807 2661 δι-

216 2687 581 2758 καιοσύνην,)
621 2690 926 2756 δεξιοῦνται
956 2696 1081 2759 τοὺς
1106 2695 1167 2748 τὸ
1201 2698 1667 2767 παγκράτιονίτῆς
1705 2716 1804 2770 νη-

221 2780 419 2844 στείας
471 2785 826 2854 νικήσαντας,
906 2787 1102 2856 τιμίων
1166 2789 1262 2841 καὶ
1322 2789 1492 2855 ἁγίων
1557 2790 1806 2859 σταυρῶν

216 2867 558 2940 ἁγιάσμασι,
612 2875 706 2927 καὶ
761 2874 967 2945 κηρίων
1039 2876 1362 2945 φωτοὸόλων
1429 2880 1804 2949 χαρίσμασιν.

221 2961 370 3014 οὐδὲ
405 2962 515 3034 γὰρ
548 2964 765 3018 θέλουσι
831 2971 1159 3038 σκιαμαχεῖν
1205 2970 1335 3032 τοὺς
1395 2970 1622 3033 πιστοὺς
1681 2971 1803 3025 κατ’

216 3051 472 3117 ἐκείνους
496 3055 623 3118 τοὺς
646 3056 1033 3128 νηπιόφρονας,
1069 3058 1182 3111 ἀλλ’
1210 3058 1285 3123 ὡς
1317 3060 1417 3130 ήδη
1475 3061 1574 3129 τῆς
1602 3061 1806 3116 δικαιο-

221 3143 402 3215 σύνης
429 3145 520 3199 τὸν
562 3146 712 3218 ἥλιον
759 3148 1079 3219 βλέποντας,
1108 3148 1207 3221 τήν
1245 3150 1375 3205 νέαν
1404 3150 1541 3205 Σιὼν
1560 3154 1649 3206 διὰ
1688 3154 1805 3208 πώ-

216 3233 322 3287 λου
362 3236 688 3304 φωτίζοντα,
748 3240 1151 3310 προτρέπονται
1195 3241 1265 3294 δι’
1303 3242 1483 3295 αὐτῶν
1532 3245 1646 3307 τοῖς
1703 3245 1802 3317 ἤδη

216 3328 555 3398 νηστεύουσι
586 3333 842 3401 νηστείαν
870 3332 1157 3404 Κυριακὴν
1198 3335 1802 3407 τεσσαρακονθήμερον,

216 3423 325 3475 καὶ
361 3421 475 3475 τῶν
524 3423 714 3477 παθῶν
766 3425 834 3478 τά
869 3426 1004 3497 νέφη
1072 3426 1337 3492 διώξασι,
1389 3430 1806 3483 συνανατέλλειν

222 3511 374 3583 μετὰ
401 3513 498 3567 τοῦ
527 3515 809 3583 γίγαντος.
834 3516 973 3569 Βαῖα
999 3517 1099 3587 μὲν
1134 3518 1425 3589 κατέχουσι
1451 3523 1572 3584 ταῖς
1621 3523 1804 3592 χερσὶ,

215 3602 315 3656 διὰ
346 3603 411 3657 τὸ
443 3608 772 3674 μεταπεσεῖν
797 3607 857 3671 ἐξ
887 3608 1169 3677 ὲμπαθοῦς
1190 3612 1284 3663 καὶ
1317 3612 1636 3682 κοινοτέρας
1672 3614 1806 3676 ἴσως

216 3691 510 3765 διαγωγῆς
565 3698 707 3767 πρὸς
742 3697 1086 3768 ὑψηλοτέραν
1143 3699 1240 3754 καὶ
1294 3701 1481 3772 ἀπαθῆ
1505 3717 1522 3735 ο
1559 3703 1727 3774 κηρία
1749 3702 1806 3757 δὲ

218 3786 323 3839 καὶ
358 3788 652 3857 σταυροὺς,
681 3788 769 3843 διὰ
792 3792 853 3842 τὸ
888 3790 1218 3844 καταϐαλεῖν
1244 3792 1383 3861 μετὰ
1419 3792 1513 3845 τοῦ
1543 3794 1642 3862 τῆς
1672 3794 1821 3865 ἁλη-’

221 3874 385 3939 θείας
412 3877 593 3946 φωτὸς
646 3877 709 3931 τὸ
774 3880 1090 3950 ἀρχέκακον
1136 3881 1312 3934 Σατὰν
1350 3882 1448 3936 καὶ⁵
1491 3884 1805 3937 ἀντίπαλον.

218 3966 340 4021 Καὶ
362 3967 414 4020 τί
436 3968 546 4038 γὰρ
565 3967 695 4023 ἄλλο
722 3968 896 4039 δῶρον
919 3969 1206 4039 δοθήσεται
1235 3972 1349 4032 τοῖς
1378 3970 1445 4022 δι’
1478 3970 1807 4041 ἐγκρατείας

218 4061 489 4129 νικήσασι
541 4059 604 4113 τὸ
643 4059 787 4130 μέγα
835 4061 935 4131 τῆς
990 4061 1244 4130 νηστείας
1291 4061 1653 4133 παγκράτιον,
1708 4059 1804 4115 τοῦ

217 4149 563 4222 τριποθήτου
599 4151 746 4204 θείου
796 4150 1032 4229 σταυροῦ
1082 4150 1430 4223 τιμιώτερον,
1486 4151 1579 4206 τοῦ
1633 4153 1806 4223 μύλας

226 4240 366 4314 ᾅδου
398 4242 1139 4316 παμφάγουσυντρίψαντος,
1174 4243 1281 4298 καὶ
1306 4243 1481 4307 πύλας
1537 4242 1684 4315 ζωῆς
1726 4244 1806 4316 τῷ

220 4312 381 4405 γένει
436 4336 546 4388 τῶν
573 4312 881 4406 άνθρώπων
941 4334 1293 4403 άνοίξαντοςς
1345 4336 1571 4397 Πάντως
1623 4312 1804 4390 οὐδένι

218 4425 279 4480 ιι
332 4425 409 4495 μή
446 4440 531 4488 τις
570 4426 713 4478 είποι
765 4424 855 4477 τὸν
888 4423 955 4477 δι’
989 4423 1154 4477 αὑτοῦ
1210 4423 1308 4495 τὴν
1350 4424 1624 4495 σωτηρίαν
1672 4426 1805 4495 ἡμῖν

1921 603 2048 649 ante
2090 595 2296 652 multos
2334 609 2508 651 annos
2564 597 2848 652 desierunt
2890 612 2958 654 ex
3008 613 3070 653 ea
3099 614 3289 665 causa,
3334 616 3496 669 quam

1919 688 2330 758 indicavimus;
2391 706 2518 746 cum
2594 707 2739 763 rogas
2824 692 3262 764 patriarcharum
3314 697 3495 750 adhuc

1919 780 1973 836 in
2006 797 2109 838 usu
2171 784 2394 852 publica
2422 784 2556 852 sint,
2597 798 2828 855 quasque
2862 801 2964 857 pro
2990 800 3142 841 mare
3171 786 3331 841 datur
3359 800 3492 859 roga

1918 872 2009 928 die
2038 874 2221 928 carnis
2248 875 2435 944 privii,
2461 875 2542 931 sic
2565 876 2856 931 immutata
2891 878 2985 943 sit,
3008 886 3067 932 ut
3097 879 3150 932 in
3169 879 3494 934 anniversa-

1919 966 2057 1019 riam
2101 980 2285 1036 ragam
2345 967 2779 1024 ecclesiasticam
2840 984 3054 1039 magna:
3110 969 3259 1025 ferias
3313 971 3489 1027 tertiae.

1914 1055 2144 1124 incidat,
2178 1058 2636 1127 quemadmodum
2656 1060 2881 1130 antiqua
2904 1060 3131 1132 Rogalia
3158 1062 3490 1132 loquuntur:

1915 1148 2126 1203 idcirco
2179 1148 2311 1206 dant
2364 1151 2693 1221 patriarchae
2744 1153 2948 1222 populo
3003 1162 3126 1223 post
3173 1155 3490 1210 catechesin

1914 1240 2159 1308 incensa,
2183 1243 2307 1297 loca
2337 1243 2585 1299 baiarum
2610 1262 2627 1309 ς
2658 1246 2806 1299 velut
2829 1245 3187 1301 admonentes
3224 1247 3368 1312 illas,
3395 1247 3491 1317 qui

1913 1346 1976 1387 ea
2006 1343 2251 1400 sumunt,
2280 1342 2341 1388 ut
2362 1338 2626 1391 rationem
2653 1336 2870 1391 vivendi
2900 1351 3121 1406 pravam
3147 1338 3490 1408 relinquant,

1913 1421 2057 1476 sicut
2089 1422 2269 1477 edocti
2305 1425 2435 1489 sint,
2466 1439 2531 1479 ac
2563 1440 2661 1496 per
2707 1428 3125 1483 conversionem
3177 1444 3490 1498 paucorum

1911 1512 2126 1569 dierum
2189 1515 2295 1570 sibi
2364 1531 2590 1584 regnum
2623 1517 2756 1573 illud
2817 1528 3083 1574 aeternum
3135 1531 3487 1591 comparent.

1909 1604 2181 1661 Caeterum
2216 1622 2316 1677 per
2338 1607 2702 1664 hascincensa
2732 1610 2864 1665 vilis
2894 1611 3079 1680 pretii,
3120 1627 3272 1668 more
3296 1626 3493 1682 parco-

1910 1712 2033 1752 rum
2067 1698 2352 1752 hominum
2391 1707 2446 1753 et
2501 1714 2821 1766 avarorum,
2879 1701 3221 1770 majestatem
3249 1703 3488 1772 spiritus

1911 1804 2018 1843 non
2075 1789 2437 1857 deminuunt,
2473 1790 2604 1860 (qua
2660 1790 2806 1845 enim
2853 1791 2905 1845 id
2944 1801 3105 1862 pacto
3159 1792 3399 1847 facerent
3424 1792 3486 1861 ii,

1911 1881 2005 1950 qui
2054 1891 2327 1936 terrarum
2378 1882 2567 1935 orbem
2623 1882 2943 1936 universum
2982 1882 3156 1938 variis
3205 1883 3486 1940 beneﬂciis

1912 1973 2189 2035 irretiunt,
2224 1981 2276 2027 et
2296 1987 2459 2029 omne
2483 1989 2671 2028 arvum
2698 1974 2884 2029 sterile
2908 1975 3139 2039 sulcant,
3167 1974 3488 2044 opimasque

1912 2064 2288 2119 beneficentiae
2342 2064 2525 2133 spicas
2562 2063 2845 2136 metunt?)
2907 2063 3000 2118 sed
3046 2064 3317 2118 occultam
3368 2064 3488 2133 ejus

1912 2155 2021 2211 diei
2050 2156 2158 2210 vim
2185 2156 2426 2211 indicare
2453 2156 2664 2221 volunt,
2697 2158 2962 2225 quasique
2990 2156 3192 2212 docere
3224 2172 3320 2225 per
3371 2157 3490 2213 ham

1911 2256 2026 2305 eos,
2081 2241 2174 2310 qui
2205 2256 2264 2296 ea
2302 2250 2548 2308 sumunt,
2581 2243 2758 2313 qualis
2791 2258 2915 2297 esse
2947 2243 3146 2299 debeat
3180 2244 3347 2298 animi
3379 2254 3492 2299 sta-

1913 2340 2000 2388 tus
2028 2334 2081 2387 in
2100 2348 2185 2399 ea,
2205 2334 2587 2404 quijejunium
2617 2335 2894 2398 observat,
2922 2336 3082 2404 quale
3107 2336 3488 2391 holocaustum

1911 2425 2281 2494 pmnitentiae,
2344 2435 2398 2480 et
2453 2427 2787 2496 precationis
2842 2429 3149 2483 incensum.
3221 2429 3301 2483 Ac
3353 2435 3487 2484 tunc

1910 2515 2131 2584 quidem
2188 2515 2263 2568 ita
2318 2514 2512 2584 jejunii
2546 2515 2884 2569 curriculum
2940 2516 3206 2585 dirigunt.
3232 2514 3302 2570 At
3350 2530 3480 2571 vero

1910 2605 2032 2660 laeta
2063 2606 2152 2660 illa
2177 2606 2266 2661 die
2293 2604 2575 2661 Dominica
2606 2606 2855 2661 baiarum
2890 2608 3235 2677 gestationis,
3290 2608 3489 2663 seden-

1914 2703 1998 2752 tes
2026 2712 2128 2764 pro
2162 2712 2317 2752 more
2340 2697 2789 2752 distribuentium
2847 2699 3069 2768 praemia
3103 2699 3325 2770 (quippe
3353 2714 3488 2754 con-

1911 2788 2069 2851 sedit,
2087 2787 2575 2858 inquiuutLitteraa
2602 2804 2793 2855 sacrae,
2822 2789 2913 2858 qui
2931 2789 3141 2857 judicat
3160 2790 3483 2861 justitiam),

1911 2878 2157 2934 victores
2218 2880 2271 2932 in
2322 2879 2622 2934 certamine
2642 2879 2835 2947 jejunii
2868 2881 3229 2948 pretiosarum
3264 2889 3484 2935 sancta-

1910 2984 2143 3037 rumque
2223 2971 2471 3025 crucium
2562 2970 3008 3036 lustrationibus,
3068 2979 3124 3027 et
3195 2985 3482 3026 cereorum

1910 3062 2207 3117 lucentium
2239 3060 2402 3115 donis
2429 3061 2736 3130 excipiunt.
2760 3060 2972 3131 Quippe
2993 3077 3103 3115 non
3132 3077 3252 3114 cum
3271 3062 3482 3119 umbris

1912 3154 2180 3209 dimicare
2215 3152 2405 3207 ﬁdeles
2435 3153 2647 3217 volunt,
2682 3152 2957 3207 fatuorum
3010 3168 3159 3207 more
3181 3191 3203 3221 ,
3244 3153 3337 3208 sed
3384 3168 3482 3210 eos

1911 3245 2079 3300 veluti
2104 3245 2217 3314 jam
2271 3243 2605 3309 aSpicieutes
2632 3243 2864 3312 justitia:
2919 3243 3112 3309 salem,
3145 3243 3240 3313 qui
3285 3259 3480 3299 novam

1916 3334 2135 3390 Sionem
2172 3350 2267 3405 per
2294 3336 2499 3405 pullum
2519 3335 2813 3398 illuminat,
2847 3348 2942 3403 per
2967 3333 3080 3388 hasc
3101 3335 3481 3401 exhortantur,

1906 3435 1968 3482 ut
2000 3427 2254 3482 absoluto
2287 3424 2571 3479 Dominica
2599 3425 2809 3478 dierum
2836 3423 3196 3493 quadraginta
3249 3423 3483 3493 jejunio,

1907 3527 1963 3573 et
1991 3518 2232 3573 nubibus
2260 3517 2516 3572 vitiorum
2551 3515 2818 3585 expulsis,
2848 3530 2952 3569 una
2976 3530 3100 3569 cum
3135 3515 3239 3569 hac
3268 3515 3485 3585 gigante

1871 3650 1875 3654 μ
1909 3606 2080 3678 (dicto
2116 3608 2376 3662 nimirum
2409 3606 2547 3679 sole)
2581 3607 2921 3660 exoriantur.
2981 3603 3045 3658 Et
3081 3605 3204 3661 baia
3259 3607 3481 3677 quidem

1905 3701 2166 3755 inanibus
2190 3707 2484 3770 propterea
2542 3706 2750 3764 tenent,
2806 3697 2951 3767 quod
3015 3698 3255 3753 traducti
3311 3698 3483 3754 sinta

1904 3789 2101 3844 vitiosa
2128 3788 2467 3858 profanaque
2492 3788 2729 3843 fortasse
2757 3788 2889 3850 vita,
2920 3788 2986 3842 ad
3014 3789 3395 3845 sublimiorem
3426 3798 3482 3845 et

1905 3881 2170 3938 vitiorum
2224 3889 2545 3951 expertem:
2597 3895 2789 3936 cereos
2839 3894 2970 3935 vero
3021 3896 3146 3936 cum
3197 3882 3481 3949 crucibus,

1906 3970 2053 4041 quod
2090 3987 2215 4028 cum
2244 3972 2452 4027 lumine
2473 3971 2726 4028 veritatis
2749 3978 3027 4027 auctorem
3069 3973 3248 4027 omnis
3277 3973 3407 4028 mali
3426 3980 3485 4029 et

1908 4064 2291 4120 adversarium
2351 4078 2514 4120 suum
2596 4063 2856 4118 Satanam
2918 4064 3358 4134 prostraverint.
3418 4065 3484 4121 Et

1908 4158 2180 4230 quodnam
2213 4158 2357 4213 aliud
2391 4159 2594 4213 donum
2623 4157 2713 4223 iis,
2734 4157 2831 4227 qui
2864 4171 2963 4227 per
3011 4158 3400 4212 continentiam
3424 4158 3482 4214 in

1906 4248 2003 4304 illa
2038 4247 2452 4319 magnojejunii
2511 4246 2813 4302 certamine
2860 4246 3096 4302 victores
3150 4247 3480 4316 exstiterint,

1908 4338 2028 4394 dari
2081 4339 2376 4409 pretiosius
2455 4338 2631 4409 possit
2685 4338 3025 4407 optatissime
3078 4353 3236 4393 sacra
3294 4353 3478 4405 cruce,

1907 4443 2029 4499 qua:
2050 4429 2235 4484 omnia
2260 4428 2579 4484 devorantis
2606 4426 2806 4482 inferni
2836 4428 3107 4498 genuinas
3132 4428 3479 4495 comminuit,

219 4515 584 4589 σχεδιάσαντα
624 4514 832 4585 Ἰησοῦν
861 4515 1096 4586 Χριστὸν
1127 4516 1221 4569 καὶ
1261 4515 1393 4568 Θεὸν
1422 4515 1600 4586 ήμῶν.
1646 4516 1800 4570 Ἐπεὶ

1909 4529 1961 4576 et
2014 4519 2255 4573 humano
2317 4519 2500 4589 generi
2551 4519 2679 4575 vita;
2710 4527 2897 4588 portas
2944 4519 3208 4589 aperuit?
3256 4518 3480 4574 omnino

216 4607 282 4663 δὲ
309 4608 409 4661 καὶ
437 4606 665 4678 βασιλέα
695 4607 921 4670 πολλαῖς
943 4605 1417 4678 δορυφορούμενον
1447 4607 1681 4678 κυριότη
1693 4625 1800 4676 σιν,

216 4698 451 4770 ὰμέσως
483 4698 519 4769 ἦ
550 4700 694 4753 κατὰ
721 4698 968 4770 ῥυπαροῦ
1001 4699 1431 4769 καταστήματος
1456 4698 1557 4751 οὐκ
1590 4697 1803 4763 ἔξεστιν

218 4790 617 4855 ὐποδέξασθαι,
650 4791 766 4844 Νῦν
801 4790 925 4861 μὲν,
968 4790 1133 4860 φησὶν
1179 4791 1208 4843 ὁ
1265 4790 1439 4859 μέγας
1489 4790 1799 4860 ἀρχιερεὺς,

212 4884 340 4945 τοῖς
371 4883 708 4954 ἀγχεμάχοις
737 4880 1206 4952 συναριθμήθητε,
1259 4884 1371 4944 τοῖς
1421 4882 1805 4951 σφενδονήταις

216 4972 708 5044 συστοιχειώθητε,
737 4975 855 5036 τοῖς
888 4975 1235 5037 ἀκοντισταῖς
1297 4972 1659 5043 συνανάὸητε,
1707 4971 1806 5027 καὶ

216 5067 345 5128 τοῖς
376 5066 802 5136 τροπαιοφόροις
836 5064 1284 5133 συνανακλίθητε.
1323 5063 1479 5119 Μετὰ
1515 5064 1573 5116 δὲ
1607 5063 1806 5135 μικρὸν

214 5157 649 5229 ἀνοιχθησονται
678 5159 807 5228 ὑμῖν
838 5157 908 5211 τὰ
939 5157 1238 5226 ἀνάκτορα,
1286 5160 1382 5209 καὶ
1403 5156 1550 5224 ίδηιξε
1593 5156 1683 5209 τὸν
1712 5157 1805 5209 ού-

218 5252 396 5326 ρανοῦ
438 5253 532 5304 καὶ
561 5251 666 5320 γῆς
714 5248 1070 5320 βασιλεύοντα
1119 5245 1536 5317 άπερίγραπτον
1594 5246 1802 5318 Κύριον

217 5343 323 5398 καὶ
355 5338 493 5395 Θεὸν
516 5340 672 5411 ήμῶν
697 5338 975 5410 σαρκικῶς
1002 5337 1161 5408 χερσὶ
1192 5336 1422 5391 δικαίων
1467 5336 1805 5406 περιγραφό-

220 5450 414 5506 μενον,
447 5433 542 5486 καὶ
566 5430 712 5503 ζωὴν
739 5430 1099 5501 ἀτελεύτητον
1128 5428 1248 5482 ἀντὶ
1285 5427 1455 5498 βαῒων
1495 5427 1809 5498 φιλοτιμού-

221 5541 416 5597 μενον.
460 5524 571 5578 Kal.
609 5522 754 5576 κατὰ
784 5522 884 5592 μὲν
929 5520 1029 5591 τὴν
1062 5520 1408 5591 χαρμόσυνον
1456 5518 1804 5589 κυριὼνυμον

214 5619 322 5685 τῆς
376 5615 489 5669 τῶν
545 5612 716 5684 βαῖων
773 5612 976 5681 σεπτῆς
1023 5609 1407 5681 πανηγύρεως,
1486 5609 1654 5679 κηρία
1711 5609 1807 5662 καὶ

216 5705 497 5776 σταυροὺς
524 5703 895 5771 λαμϐάνοντες
919 5703 970 5754 al
991 5701 1130 5766 λαοὶ,
1162 5701 1260 5771 τὴν
1288 5700 1429 5754 κατὰ
1448 5699 1541 5753 τοῦ
1571 5698 1804 5754 θανάτου

216 5798 385 5868 νίκην
414 5797 629 5860 ἑαυτοῖς
663 5792 1190 5867 προμνηστεύονται,
1220 5793 1314 5848 καὶ
1344 5792 1420 5857 ὡς
1444 5790 1676 5862 ἀστέρες
1704 5807 1804 5848 κα·

1906 4609 2144 4674 nullum,
2170 4608 2278 4664 nisi
2301 4608 2426 4679 quis
2448 4608 2632 4664 dicere
2648 4608 2777 4664 velit
2796 4608 2984 4664 Jesum
3007 4609 3284 4664 Christum
3307 4606 3478 4663 Deum

1906 4709 2175 4762 nostrum,
2210 4700 2303 4769 qui
2337 4715 2435 4769 per
2471 4714 2691 4754 crucem
2720 4700 2879 4755 nobis
2902 4701 3133 4755 salutem
3162 4699 3478 4771 acquisivit.

1906 4790 1967 4846 Et
2000 4793 2258 4859 quoniam
2311 4807 2491 4858 regem
2528 4792 2828 4845 multarum
2855 4790 3235 4845 dominatuum
3275 4792 3483 4847 satelli-

1908 4884 1987 4939 tio
2026 4885 2286 4952 stipatum
2323 4883 2445 4937 sine
2477 4883 2684 4949 medio,
2738 4882 2823 4936 vel
2878 4897 3004 4936 cum
3059 4890 3203 4936 statu
3260 4882 3484 4938 sordida

1906 4990 2017 5031 non
2050 4974 2175 5028 licet
2206 4973 2457 5042 excipere
2486 4989 2501 5039 ;
2531 4970 2689 5026 Nunc
2739 4973 2980 5041 quidem,
3028 4972 3206 5042 inquit
3255 4989 3482 5043 magnus

1909 5065 2001 5120 ille
2046 5063 2312 5134 pontifex,
2336 5064 2480 5117 inter
2516 5062 2704 5132 pedem
2724 5062 3070 5119 conferentes
3096 5063 3479 5125 numeremini,

1908 5152 2482 5211 iuriditorum'ordine
2510 5153 2821 5221 consistite,
2854 5168 2979 5208 cum
3016 5152 3317 5224 sagittariis
3356 5166 3483 5220 per-

1908 5247 2041 5316 gite,
2071 5260 2197 5300 cum
2246 5245 2592 5313 gestantibus
2626 5251 2830 5315 trapaza
2860 5245 3223 5314 procumbite.
3274 5238 3482 5295 Verum

1907 5345 2036 5410 post
2063 5337 2320 5407 exiguum
2348 5336 2617 5406 temporis
2639 5337 2984 5393 intervallum
3005 5336 3121 5404 ipsa
3148 5330 3290 5401 regia
3322 5331 3481 5386 vobis

1908 5429 2201 5499 aperietur,
2237 5440 2301 5480 ac
2328 5417 2584 5483 videbitis
2609 5428 2732 5483 coeli
2757 5435 3023 5495 terraeque
3059 5423 3280 5491 Regem,
3312 5421 3484 5477 nullis

1908 5518 2386 5587 circumscriptum
2418 5520 2672 5575 terminis
2701 5519 2988 5572 Dominum
3031 5514 3310 5580 Deumque
3350 5526 3487 5568 nos-

1909 5621 2055 5667 trum
2098 5609 2392 5664 carnaliter
2428 5610 2705 5680 justorum
2760 5608 3015 5664 manibus
3070 5602 3484 5672 circumscribi,

1907 5704 2187 5771 vitamque
2216 5698 2371 5753 vobis
2404 5700 2512 5756 fine
2546 5709 2824 5756 carentem
2845 5696 3093 5752 baiarum
3122 5691 3242 5744 loco
3275 5688 3491 5758 largiri.

1908 5793 1987 5852 Ac
2010 5793 2130 5849 laeta
2159 5788 2381 5861 quidem
2406 5790 2500 5846 illa
2535 5791 2625 5849 die
2664 5790 2947 5849 Dominica
2980 5779 3310 5844 venerabilis
3332 5778 3499 5847 baio-~
