3882 6570
443 365 582 432 12ί9

1750 353 1888 416 JUS
1921 327 2371 412 CANoNICUM

3559 344 3709 409 12Ξύ

441 496 562 537 rum
590 475 930 541 testivitatis,
965 473 1098 530 dum
1137 471 1324 544 populi
1357 485 1547 526 cereos
1576 477 1630 524 et
1653 484 1851 524 cruces
1869 467 2016 522 acci-
2043 524 2048 533 ε

2154 466 2492 536 αφωτίζουσι
2517 464 2618 536 τὴν
2640 465 2907 533 ᾶναστρον
2931 466 3168 533 σφαῖραν
3195 462 3292 533 τῆς
3314 462 3711 530 ἀπογνώσεως,

443 571 598 642 piunt
627 608 642 634 ,
689 568 978 624 victoriam
1020 564 1286 620 adversus
1313 570 1546 616 mortem
1577 561 1682 615 sibi
1716 567 1868 614 certe
1900 558 2026 613 dese

447 661 714 733 pondent,
738 671 793 718 et
845 663 1023 715 instar
1075 658 1318 713 siderum
1373 653 1686 708 illuminant
1737 657 2017 720 expertem

444 765 721 810 astrorum
793 753 1063 822 sphaeram
1122 747 1570 816 desperationis;
1624 744 1706 798 vel
1766 750 2026 812 tanquam

449 846 594 901 servi
645 845 846 910 ﬁdeles,
887 843 979 912 qui
1005 841 1147 894 faces
1175 847 1414 910 gestant.
1447 854 1542 907 per
1576 837 1738 890 trivia
1782 835 2032 888 circum-

447 947 662 1002 euntes,
703 937 993 992 adventum
1059 934 1246 1003 sponsi
1316 932 1738 1002 splendidiorem
1771 929 2028 992 reddunt,

449 1031 628 1099 deque
656 1031 806 1098 lepra
847 1026 1204 1082 sectariorutn
1231 1027 1282 1079 in
1307 1023 1539 1093 caligine
1569 1021 1874 1078 sedentium
1897 1034 2032 1090 qua-

450 1121 497 1176 si
531 1121 894 1190 triumphant.
928 1119 1056 1173 Post
1085 1116 1228 1171 diem
1260 1131 1390 1170 vero
1424 1116 1644 1168 tertium
1688 1120 1910 1167 curator
1939 1111 2030 1166 ille

453 1213 815 1267 humanarum
876 1210 1208 1273 animarum,
1253 1207 1509 1262 videlicet
1539 1205 1660 1275 ipse
1688 1203 2029 1274 patriarcha,

454 1303 616 1374 quasi
680 1301 989 1355 rationibus
1039 1315 1227 1354 secum
1289 1297 1567 1366 expensis,
1621 1311 1688 1349 ne
1721 1295 1847 1364 quis
1884 1295 2026 1348 clam

459 1397 579 1464 ipso
637 1395 896 1448 salutaris
949 1392 1223 1463 passionis
1281 1391 1503 1460 praemia
1570 1395 1764 1443 tractet
1813 1386 2034 1456 indigne

455 1485 606 1555 (nam
644 1483 822 1550 ipsum
853 1483 959 1536 mel
989 1497 1208 1551 quoque
1259 1481 1458 1550 saepius
1487 1478 1830 1536 dulcedinem
1881 1491 2035 1530 suam

457 1576 512 1629 in
548 1575 808 1628 vomitum
849 1581 1175 1627 convertere
1201 1572 1362 1636 solet,
1394 1571 1438 1626 si
1493 1570 1652 1623 aliter
1677 1582 1839 1637 quam
1875 1581 2038 1636 expe-

459 1666 596 1726 diat.
625 1672 902 1734 sumptura
933 1664 1058 1732 sit),
1096 1664 1272 1718 instar
1308 1662 1554 1717 custodis
1584 1659 1827 1729 vigilacis
1860 1669 2040 1712 matu-

460 1758 580 1811 rius
611 1771 866 1825 surgens,
919 1756 1130 1809 incensi
1182 1754 1280 1809 dat
1328 1753 1604 1815 ﬁdelibus,
1645 1750 1895 1805 indicare
1939 1763 2036 1820 per

2129 563 2164 632 ἢ
2195 562 2270 627 ὼς
2293 561 2468 616 δοῦλοι
2503 560 2681 613 πιστοὶ
2708 558 3126 629 λαμπαδηφόροι
3154 557 3254 620 τάς
3279 557 3525 628 τριόδους
3551 571 3713 624 περι-

2138 653 2424 722 ερχόμενοι
2453 688 2470 714 ,
2515 645 2609 702 τοῦ
2674 648 2910 716 νυμφίου
2958 648 3056 717 τὴν
3111 645 3368 715 ὲνδημίαν
3418 642 3715 709 καταλαμ-

2130 745 2423 816 πρύνουσι,
2455 744 2551 796 καὶ
2582 740 2679 812 τὴν
2709 739 2893 809 λώϐην
2918 739 3028 791 τῶν
3061 739 3119 792 ἐν
3168 741 3349 791 σκότει
3373 736 3714 804 καθημένων

2131 835 2471 906 αἱρεσιωτῶν
2503 831 2918 904 θριαμὸεὑουσι.
2955 828 3110 884 Μετὰ
3141 829 3197 883 δὲ
3247 828 3438 899 τρίτην
3466 827 3713 896 ἡμέραν,

2129 933 2157 982 ὁ
2184 926 2292 981 τῶν
2321 925 2682 996 ἀνθρωπίνων
2715 923 2904 994 ψυχῶν
2947 921 3225 990 κηδεμὼν,
3276 921 3305 972 ὁ
3352 920 3713 988 πατριάρχης

2131 1019 2296 1090 φημὶ,
2321 1017 2445 1071 καθ’
2486 1016 2682 1070 ἑαυτὸν
2716 1015 2907 1083 ὥσπερ
2938 1013 3416 1080 συλλογισάμενος,
3464 1010 3546 1080 μὴ
3569 1009 3710 1079 λάθῃ

2138 1127 2230 1174 τις
2288 1109 2590 1180 ἀχρειῶσαι
2641 1106 2738 1160 τοῦ
2788 1105 3057 1176 σωτηρίου
3104 1103 3314 1165 πάθους
3357 1101 3427 1154 τά
3474 1100 3715 1162 ἔπαθλα,

2137 1202 2256 1274 (καὶ
2296 1202 2420 1273 μέλι
2450 1201 2559 1272 γάρ
2585 1199 2743 1255 εἴωθε
2765 1198 3028 1260 πολλάκις
3049 1196 3148 1266 τὴν
3177 1193 3421 1264 ἡδύτητα
3446 1193 3715 1265 μετάγειν

2134 1295 2216 1356 εἰς
2237 1291 2450 1362 ἔμετον,
2485 1292 2532 1344 εἰ
2569 1289 2940 1360 μεταληφθείη
2997 1287 3153 1357 παρὰ
3186 1287 3246 1339 τὸ
3278 1285 3606 1356 χρήσιμον.)
3650 1282 3717 1342 ὡς

2143 1385 2419 1456 ἄγρυπνος
2449 1383 2625 1453 φύλαξ
2655 1381 2894 1444 ἀναστὰς
2921 1378 3322 1451 ὀρθριαίτερον,
3362 1378 3556 1430 δίδωσι
3611 1379 3717 1437 τοῖς

2137 1479 2351 1540 πιστοῖς
2385 1475 2728 1544 θυμιάματα,
2758 1472 2968 1543 ὁμιλῶν
3002 1467 3114 1525 οἷον
3155 1471 3243 1524 διά
3271 1468 3478 1522 τούτων
3503 1468 3717 1528 αὐτοῖς,

2139 1568 2235 1623 καὶ
2273 1567 2687 1638 ὑποτιθέμενος,
2745 1564 2819 1636 μὴ
2868 1562 3288 1632 πανηγυρικῶς,
3334 1559 3472 1613 ἀλλὰ
3527 1558 3721 1625 ἀγωνι-

2141 1661 2346 1724 στικῶς
2374 1659 2486 1714 τῶν
2517 1659 2716 1729 ἐφεξῆς
2747 1655 2914 1725 τριῶν
2953 1654 3178 1726 ἡμερῶν
3216 1653 3278 1706 τὸ
3319 1651 3544 1704 στάδιον
3594 1652 3717 1702 tiva-

2140 1753 2417 1817 δέξασθαι.
2466 1751 2583 1806 Κᾶν
2629 1752 2740 1819 γὰρ
2794 1747 3119 1810 ἀκινδύνως,
3147 1748 3300 1815 φησὶ,
3331 1745 3394 1798 τὸ
3440 1743 3601 1814 μέγα
3628 1741 3720 1805 τῆς

465 1848 582 1902 hare
615 1849 830 1910 volens,
881 1858 938 1901 et
994 1845 1288 1900 admouere
1321 1884 1337 1910 ,
1370 1860 1438 1898 ne
1485 1843 1682 1898 festivo
1741 1856 1912 1906 more,
1944 1839 2039 1895 sed

2153 1845 2394 1916 νηστείας
2454 1840 2892 1914 διεπεραιώθητε
2951 1839 3188 1906 πέλαγος
3247 1835 3326 1905 τῷ
3399 1835 3566 1902 ἱστίῳ
3637 1832 3721 1884 τοῦ

468 1939 716 2008 pugilum
751 1940 857 1990 ritu
921 1936 1180 2004 deinceps
1223 1935 1434 1988 dierum
1481 1931 1817 1987 curriculum
1867 1931 2044 1986 susci-

466 2028 640 2097 piant.
674 2025 826 2080 Licet
855 2025 1024 2088 enim,
1050 2024 1250 2092 inquit,
1287 2024 1494 2092 absque
1517 2021 1762 2092 periculo
1785 2035 2038 2090 magnum

472 2119 605 2172 illud
638 2118 834 2188 jejunii
870 2117 1096 2186 pelagus
1128 2130 1156 2168 a
1191 2115 1374 2169 crucis
1406 2116 1526 2168 velo
1557 2112 1828 2168 sublevati
1875 2112 2041 2181 traje-

472 2209 652 2271 cistis,
692 2218 748 2263 et
807 2208 874 2264 ad
931 2208 1176 2262 divinum
1211 2216 1426 2277 portum
1483 2213 1802 2260 sanctorum
1836 2202 2042 2258 Christi

477 2300 680 2368 Deique
720 2299 896 2354 nostri
931 2299 1235 2354 cruciatum
1281 2297 1611 2366 appulistis:
1650 2305 1831 2350 tamen
1869 2295 2043 2348 instar

475 2391 626 2445 illius
659 2389 946 2460 prudentis
975 2389 1356 2460 negotiatoris,
1406 2387 1843 2441 inaestimabilem
1892 2385 2043 2440 illum

476 2485 734 2538 unionem
760 2484 1042 2537 consecuti
1066 2497 1175 2535 non
1202 2481 1356 2534 estis.
1380 2479 1573 2532 Adhuc
1597 2478 1743 2532 enim
1765 2478 2046 2546 przedones

476 2589 540 2628 ac
573 2573 812 2628 latrones
841 2572 1085 2626 studiose
1117 2568 1340 2624 domino
1369 2584 1464 2636 per
1499 2568 1754 2624 tenebras
1777 2569 2046 2624 insidian-

478 2671 592 2726 tur,
623 2672 676 2717 et
726 2662 829 2716 reti
867 2660 1104 2731 quodam
1170 2659 1444 2713 homicidii
1487 2668 1741 2724 consuto,
1796 2658 2046 2729 capiendi

477 2754 596 2824 ejus
633 2754 978 2808 occasionem
1031 2760 1303 2821 quaerunt.
1353 2749 1527 2822 Igitur
1580 2750 1743 2807 etiam
1787 2751 2046 2822 deinceps

476 2848 790 2918 vigilemus,
828 2854 882 2900 et
905 2862 1026 2899 cum
1049 2843 1253 2899 Iudaeis
1283 2845 1541 2901 excubias
1570 2844 1854 2914 agentibus
1888 2860 2052 2901 excu-

481 2941 694 2994 bemus.
733 2936 837 3007 Ipsi
868 2937 1088 3008 quidem
1119 2937 1172 2990 in
1211 2937 1451 2992 tenebris
1485 2953 1582 3006 per
1603 2952 1753 2992 mare
1779 2938 2054 3009 vagabun-

483 3033 595 3089 tur,
634 3027 910 3081 incassum
939 3027 1074 3081 retia
1110 3026 1389 3080 laxantes:
1434 3040 1546 3086 nos,
1583 3035 1766 3082 autem
1803 3028 2049 3083 ambule-

2144 1935 2378 2006 σταυροῦ
2424 1934 2834 2004 κουφιζόμενοι,
2902 1930 2996 1985 καὶ
3047 1930 3200 1999 παρὰ
3243 1928 3321 1997 τῷ
3345 1926 3478 1994 θείῳ
3541 1923 3721 1992 λιμένι

2143 2028 2254 2083 τῶν
2285 2027 2456 2096 ἁγίων
2484 2025 2673 2080 παθῶν
2702 2023 2797 2078 τοῦ
2832 2019 3074 2093 Χριστοῦ
3109 2019 3204 2074 καὶ
3227 2018 3361 2071 Θεοῦ
3397 2015 3566 2086 ἡμῶν
3597 2030 3724 2066 κατ-

2149 2120 2455 2189 ηντήσατε,
2513 2115 2649 2170 ἀλλὰ
2701 2115 2794 2169 τὸν
2860 2115 3127 2184 ἀτίμητον
3201 2112 3301 2164 οὐκ
3347 2109 3723 2177 ἐπλουτήσατε

2149 2214 2457 2284 μάργαρον,
2507 2211 2583 2275 ώς
2639 2212 2848 2274 ἐκεῖνος
2891 2211 2920 2263 ὁ
2955 2208 3221 2279 φρόνιμος
3275 2206 3544 2276 ἔμπορος.
3608 2201 3725 2254 Ἔτι

2145 2305 2252 2374 γάρ
2283 2304 2532 2375 ἅρπαγες
2565 2303 2660 2356 καὶ
2685 2302 2884 2372 λῃσταὶ
2909 2299 3216 2362 σπουδαίως
3245 2295 3614 2368 ὲρεῦοδιφῶσι
3643 2293 3725 2346 τὸν

2147 2395 2376 2466 Κύριον,
2411 2397 2503 2450 καὶ
2536 2397 2780 2464 σαγήνην
2817 2392 3130 2463 μιαιφονίας
3161 2389 3570 2461 συρράψαντες,
3614 2403 3727 2440 και·

2150 2486 2482 2558 ροσκοποῦσι
2506 2486 2694 2540 τούτου
2716 2485 2815 2556 τὴν
2838 2484 3063 2539 ἅλωσιν.
3084 2483 3336 2554 Γρηγορή
3346 2497 3531 2550 σωμεν
3547 2479 3725 2530 τοίνυν

2151 2580 2246 2633 καὶ
2275 2578 2494 2649 ἐφεξῆς,
2548 2578 2644 2630 καὶ
2701 2578 2814 2640 τοῖς
2846 2574 3219 2645 ἀγρυπνοῦσιν
3283 2569 3561 2632 Ἰουδαίοις
3608 2585 3726 2620 συν-

2152 2669 2615 2741 αγρυπνησωμεν.
2647 2667 2813 2726 Αὐτοὶ
2856 2667 2956 2737 μὲν
3003 2665 3112 2736 γὰρ
3154 2666 3213 2717 ὲν
3253 2663 3430 2716 σκότει
3463 2675 3728 2714 ποντοπο-

2153 2762 2399 2834 ρήσουσι,
2454 2763 2642 2822 κεναῖς
2676 2757 2905 2821 ὠλέναις
2963 2757 3265 2826 άφάσοντες
3285 2755 3511 2808 δίκτυα·
3570 2754 3728 2822 ἡμεῖς

2151 2855 2196 2908 δ’
2219 2854 2277 2905 ὲν
2307 2849 2488 2922 ήμέρᾳ
2515 2850 2997 2920 περιπατήσωμεν,
3029 2849 3123 2900 καὶ
3150 2847 3243 2900 τοῦ
3275 2847 3452 2914 φωτὸς
3485 2844 3554 2898 τά
3584 2845 3719 2914 ἔργα

2153 2941 2456 3014 ληψόμεθα.
2490 2941 2656 2995 Αὐτοὶ
2714 2942 2841 3004 τοὺς
2889 2940 3164 3002 σκόλοπας
3211 2936 3724 3006 άγκιστρεύσουσιν,

2156 3037 2322 3105 ἡμεῖς
2354 3034 2411 3086 δὲ
2437 3033 2534 3104 τὴν
2568 3031 2745 3103 ἄγραν
2774 3030 3147 3102 κερδήσωμεν.
3171 3030 3334 3083 Αὐτοὶ
3370 3030 3466 3082 τὸν
3508 3029 3726 3098 μάργα-

485 3134 610 3172 mus
644 3120 698 3172 in
727 3120 837 3182 die,
873 3134 936 3173 ac
959 3119 1097 3174 lucis
1113 3132 1276 3188 opera
1305 3119 1862 3189 consequemur:ipsi
1890 3120 2048 3175 sudes

2160 3144 2253 3198 ρον
2290 3127 2346 3178 ὲν
2373 3124 2504 3195 λίθῳ
2534 3123 2890 3194 καλύψουσιν,
2927 3125 3088 3194 ἡμεῖς
3113 3122 3170 3175 δὲ
3208 3121 3396 3175 τοῦτον
3443 3124 3501 3174 ὲν
3531 3121 3730 3190 ὀστρα-

492 3211 674 3268 hamis
706 3213 1066 3275 uncinabunt,
1113 3227 1214 3264 nos
1243 3211 1484 3280 praedam
1543 3211 1913 3267 lucrabimur:
1951 3213 2048 3282 ipsi

2161 3215 2329 3278 κίνοις
2362 3212 2896 3285 ἅποθησαύρίσωμεν
2935 3213 3205 3266 σκεύεσιν.
3243 3211 3401 3265 Οὐτω
3433 3211 3730 3280 γινομένης

484 3306 742 3360 unionem
782 3307 836 3359 in
885 3305 1064 3374 lapide
1128 3313 1333 3374 tegent,
1373 3319 1474 3359 nos
1523 3320 1646 3360 eum
1687 3305 1742 3358 in
1802 3307 2056 3362 testaceis

485 3399 633 3453 vasis
675 3397 1056 3452 recondemus.
1092 3394 1384 3465 Postquam
1423 3397 1477 3449 in
1501 3395 1645 3450 hunc
1668 3397 1889 3452 modum
1930 3397 2057 3453 data

487 3496 618 3544 sunt
648 3489 892 3553 incensa,
958 3497 1012 3543 et
1043 3488 1277 3557 populus
1335 3503 1548 3541 rursum
1586 3502 1780 3544 manus
1811 3505 1939 3544 suas
1989 3489 2058 3544 ad

483 3578 674 3650 jejunii
698 3579 922 3647 pelagus
963 3592 1226 3646 prospero
1270 3592 1438 3631 cursu
1472 3577 1695 3641 direxit,
1733 3588 2060 3648 noctemque

489 3681 809 3726 sanctarum
861 3667 1067 3722 Christi
1142 3668 1488 3721 cruciatuum
1550 3669 1744 3726 faculis
1815 3670 2060 3727 accensis

492 3762 834 3817 collustravit
874 3765 1022 3834 (nam
1079 3759 1134 3817 in
1187 3758 1274 3814 die
1327 3760 1694 3827 ambulantes,
1753 3768 1811 3814 ut
1870 3776 2059 3816 eorum

494 3869 666 3917 more,
693 3855 786 3924 qui
832 3854 1114 3908 ambulant
1150 3854 1203 3907 in
1264 3851 1525 3915 tenebris,
1561 3859 1827 3907 nocturna
1860 3851 2063 3908 faciant

493 3945 693 4001 itinera
733 3945 850 4000 ﬁeri
881 3945 1033 4000 nullo
1051 3944 1214 4000 modo
1242 3942 1468 4016 potest):
1518 3951 1633 3997 tum
1663 3959 1790 4000 vero
1825 3960 2063 4015 sponsus

494 4036 750 4092 Ecclesiae
769 4052 960 4092 rursus
986 4038 1240 4091 exoriens
1265 4037 1437 4092 instar
1462 4036 1716 4090 matutini
1735 4046 1827 4090 aut
1849 4051 2064 4104 vesper-

494 4130 592 4182 tini
619 4129 856 4193 Arcturi,
898 4128 986 4182 die
1029 4127 1210 4182 fausto
1239 4127 1414 4184 sancti
1445 4126 1731 4183 Paschatis
1781 4128 2064 4186 Dominico

498 4220 644 4275 velut
670 4221 809 4274 alter
833 4219 1049 4274 divinus
1080 4217 1259 4274 Moses
1285 4219 1410 4272 sinu
1444 4233 1545 4274 suo
1571 4218 1776 4274 Christi
1804 4221 2062 4290 populum

499 4309 724 4378 excipit,
766 4310 1032 4378 quasique
1094 4309 1486 4378 congratularis
1548 4311 1650 4376 eis,
1701 4314 1793 4383 qui
1847 4329 2062 4369 omnem

496 4399 863 4453 sccleritatem
897 4397 1278 4468 Egyptiacam
1321 4403 1691 4468 excusserint,
1738 4412 1790 4458 et
1819 4403 2064 4459 Pharao-

2160 3307 2254 3364 καὶ
2274 3307 2474 3377 ταύτης
2511 3307 2620 3360 τῶν
2643 3306 3006 3377 θυμιαμάτων
3033 3304 3133 3375 τῆς
3161 3305 3476 3368 διαδόσεως,
3506 3305 3608 3356 καὶ
3635 3302 3727 3357 τοῦ

2159 3397 2288 3454 λαοῦ
2315 3399 2412 3461 τὰς
2440 3399 2626 3468 χεῖρας
2660 3397 2821 3451 πάλιν
2843 3399 2936 3450 ἐπὶ
2957 3398 3017 3450 τὸ
3049 3400 3149 3467 τῆς
3180 3395 3438 3466 νηστείας
3463 3395 3735 3465 οὐριοδρο-

2163 3491 2438 3561 μήσαντος
2468 3489 2724 3557 πέλαγος,
2750 3489 2843 3542 καὶ
2873 3487 2970 3560 τὴν
3001 3489 3172 3542 νύκτα
3198 3487 3306 3540 τῶν
3342 3486 3514 3554 ἁγίων
3546 3485 3734 3539 παθῶν

2159 3583 2254 3637 τοῦ
2275 3582 2512 3652 Χριστοῦ
2544 3581 2794 3651 λαμπάσι
2828 3578 3410 3650 καταπυρσεύσαντος,
3447 3577 3600 3647 (τοὺς
3629 3576 3734 3644 γάρ

2162 3673 2220 3728 ὲν
2272 3673 2458 3744 ἡμέρᾳ
2502 3671 2943 3744 περιπατοῦντας
2997 3669 3349 3724 νυκτοδατεῖν
3410 3666 3559 3721 κατὰ
3613 3666 3734 3730 τούς

2163 3764 2582 3835 δσκοτισμένους
2610 3763 2919 3831 άδύνατον,)
2952 3765 2980 3817 ὁ
3007 3763 3105 3833 τῆς
3151 3760 3484 3832 Ἐκκλησίας
3503 3760 3734 3829 νυμφίος

2163 3857 2451 3919 ἀνατείλας
2482 3857 2574 3910 καὶ
2597 3855 2782 3919 πάλιν,
2810 3855 2957 3910 καθά
2985 3870 3068 3916 τις
3088 3854 3238 3923 εἴπῃ,
3267 3854 3402 3920 ὲῷος
3432 3852 3732 3921 ἀρκτοῦρος

2162 3950 2256 4004 καὶ
2275 3947 2692 4020 ἀκροκνέφαιος,
2711 3947 2854 4000 κατὰ
2876 3948 2976 4016 τὴν
3000 3945 3231 4015 φαιδρὰν
3247 3944 3340 3997 τοῦ
3365 3943 3522 4012 ἁγίου
3545 3943 3732 4011 Πάσχα

2163 4042 2378 4112 ἡμέραν
2403 4040 2501 4112 τὴν
2535 4040 2876 4111 κυριώνυμον
2907 4041 2982 4102 ὡς
3017 4038 3173 4101 ἄλλος
3198 4038 3492 4101 θεσπέσιος
3521 4037 3734 4106 Μωσῆς

2163 4133 2254 4193 τὸν
2282 4133 2374 4186 τοῦ
2411 4132 2651 4202 Χριστοῦ
2686 4132 2812 4185 λαὸν
2837 4131 3245 4198 ὲγκολπίζεται.
3269 4131 3385 4185 Καὶ
3423 4131 3737 4200 συγχαίρων

2165 4217 2276 4277 οἷον
2312 4224 2516 4288 αὐτοῖς,
2571 4225 2753 4276 πᾶσαν
2802 4222 3185 4294 Αίγυπτιακὴν
3247 4222 3739 4291 άποτιναξαμένοις

2167 4316 2446 4385 κακότητα
2467 4316 2559 4369 καὶ
2579 4315 2778 4387 Φαραὼ
2797 4316 3033 4386 διώκτην
3057 4315 3493 4369 καταποντίσασι
3515 4331 3529 4343 ο
3551 4313 3736 4374 Δεῦτε,

2169 4410 2358 4478 φησὶν,
2393 4409 2531 4462 ἴδετε
2562 4410 2662 4478 τῆς
2687 4408 2996 4480 ὀρθοδοξίας
3034 4408 3085 4461 oi
3148 4407 3404 4478 ἔμποροι,
3444 4406 3492 4458 oi
3529 4406 3589 4458 τὸ
3639 4405 3740 4473 τῆς

498 4502 620 4541 nem
686 4495 1094 4556 persecutorem
1154 4488 1291 4542 mari
1357 4490 1757 4548 submerserint
1796 4495 2048 4549 :Adeste

2171 4502 2427 4569 νηστείας
2463 4501 2765 4562 ἀκινδύνως
2820 4501 3158 4570 περάσαντες
3223 4500 3480 4568 πέλαγος.
3537 4497 3641 4550 ποῦ
3685 4498 3741 4548 τὸ

493 4579 694 4648 inquit,
730 4580 956 4649 aspicite
982 4594 1077 4633 vos
1098 4588 1423 4636 mercatores
1443 4583 1758 4640 orthodoxae
1781 4586 2062 4651 doctrinae,

493 4669 588 4736 qui
655 4669 790 4722 citra
853 4669 1155 4736 periculum
1216 4671 1440 4740 pelagus
1493 4671 1683 4740 ieiunii
1745 4673 2061 4742 trajecistis,

497 4771 737 4827 quonam
773 4757 990 4812 invidiae
1021 4757 1218 4813 ﬂuctus
1240 4761 1363 4814 vitae
1387 4760 1706 4816 thesaurum
1735 4763 2060 4832 jactaverit:

495 4842 714 4896 ubinam
752 4841 1049 4900 insomnem
1112 4846 1265 4900 illum
1314 4847 1573 4903 unionem
1628 4851 1864 4907 turbinis
1897 4864 2064 4910 aestus

496 4932 786 5002 abreptum
822 4933 876 4988 in
942 4935 1218 5004 sepulcro,
1246 4945 1502 5006 tanquam
1527 4938 1577 4991 in
1607 4947 1809 5005 ostreo,
1835 4945 2062 5000 caelave-

499 5023 590 5076 rit.
647 5023 895 5094 Cumque
943 5026 1194 5082 videritis
1217 5028 1429 5082 saniem
1498 5028 1551 5080 vi
1608 5028 1842 5101 fulguris
1889 5035 2062 5092 divini

495 5123 848 5179 commotam,
878 5125 932 5171 et
960 5118 1220 5172 unionem
1243 5118 1461 5187 propria
1497 5129 1768 5188 potestate
1789 5126 2062 5192 prodeun-

497 5214 628 5268 tem,
664 5220 728 5259 ec
755 5209 1060 5277 expositum
1094 5210 1437 5280 emptoribus
1457 5215 1594 5268 citra
1620 5216 1788 5269 ullum
1806 5219 2060 5287 pretium;

498 5295 732 5364 accipite
759 5313 880 5352 eum
919 5301 1185 5371 vobisque
1235 5302 1566 5370 peculiarem
1608 5305 1790 5372 facite,
1826 5323 1891 5364 ac
1939 5312 2064 5365 vitae

496 5393 715 5444 aeterna:
756 5390 1073 5445 thesaurum
1123 5391 1542 5464 vobismetipsis
1589 5397 1873 5466 acquirite.
1930 5396 2067 5452 For-

494 5481 661 5537 lassis
712 5483 874 5538 etiam
940 5499 1091 5542 more
1141 5487 1314 5557 patris
1372 5488 1607 5546 liberum
1657 5491 1916 5557 amantis,
1967 5492 2062 5562 qui

2174 4592 2316 4660 μέγα
2341 4591 2493 4662 κῦμα
2514 4591 2608 4643 τοῦ
2641 4591 2837 4659 φθόνου
2871 4590 2963 4643 τὸν
2992 4589 3090 4658 τῆς
3137 4589 3281 4658 ζωῆς
3315 4587 3591 4659 θησαυρὸν
3629 4587 3741 4640 άπ-

2171 4680 2390 4735 εκύλισε
2412 4697 2425 4710 ·
2465 4680 2567 4734 ποῦ
2606 4680 2697 4733 τὸν
2730 4679 3032 4750 ἀκοίμητον
3083 4679 3369 4749 μάργαρον
3401 4675 3741 4747 εὐροκλύδων

2170 4771 2478 4839 τυφωνικὸς
2507 4771 2583 4833 ὡς
2613 4774 2672 4825 ἐν
2719 4771 2927 4843 ὀστρέῳ
2963 4771 3040 4841 τῷ
3083 4771 3237 4840 τάφῳ
3262 4770 3596 4839 κατέκρυψε.
3633 4768 3740 4820 Καὶ

2174 4863 2374 4925 ἰδόντες
2401 4863 2462 4914 τὸ
2492 4862 2590 4933 μὲν
2615 4862 2840 4934 ἔλυτρον
2877 4862 3277 4932 μετασαλευθὲν
3302 4860 3536 4929 δυνάμει
3554 4857 3744 4924 θξῖκῆς

2172 4951 2485 5022 ἀστραπῆς,
2524 4952 2617 5004 τὸν
2648 4951 2705 5004 δὲ
2753 4951 3036 5022 μάργαρον
3074 4950 3438 5015 αὐτεξουσίως
3466 4945 3742 5014 ὲξανατεέο

2169 5040 2360 5106 λαντα,
2383 5042 2478 5094 καὶ
2505 5044 2582 5104 είς
2623 5043 2894 5113 ἐμπορίαν
2936 5043 3298 5112 προκείμενον
3341 5040 3740 5110 άπραγμάτευ-

2167 5149 2280 5195 τον,
2330 5131 2526 5184 λάϐετε
2572 5132 2762 5186 τοῦτον
2810 5132 2903 5186 καὶ
2955 5131 3271 5186 ἰδιώσασθαι
3323 5131 3402 5194 ⁸⁵,
3457 5131 3551 5184 καὶ
3595 5127 3743 5195 ζωὴν

2174 5221 2394 5276 αἰώνιον
2425 5225 2638 5286 ἑαυτοῖς
2673 5223 3173 5294 ἀποθησαυρίσατε.
3212 5223 3366 5293 Τάχα
3392 5221 3448 5274 δὲ
3476 5221 3568 5274 καὶ
3599 5217 3744 5272 κατὰ

2173 5315 2383 5384 πατέρα
2432 5313 2810 5384 φιλόστοργον,
2875 5313 2968 5374 νῦν
3018 5313 3248 5384 πρώτως
3314 5313 3490 5367 ἰδόντα
3543 5312 3744 5368 παῖδας

2172 5406 2477 5474 ἀμύμονας,
2511 5406 2618 5458 ἀπὸ
2655 5407 2872 5476 μακρᾶς
2899 5407 2993 5460 καὶ
3034 5405 3387 5468 κινδυνώδους
3433 5403 3743 5472 ἀποδημίας

2173 5495 2428 5560 ἀὸλαΰῶς
2464 5497 2896 5569 ὲνδημήσαντας,
2947 5498 3006 5550 ὲν
3037 5496 3302 5568 φιλήματι
3335 5497 3478 5568 ἁγίῳ
3509 5511 3745 5564 περικα-

1739 5691 1974 5748 νΑιὶιλΕ
2013 5692 2392 5751 LECTIONES

563 5774 608 5807 “
649 5774 956 5831 ίδιώσασθι.
