3882 6586
221 353 339 423 1921

1486 358 1761 427 GRECO
1776 346 2197 420 'BOMANUM.

3304 362 3445 432 1222

222 474 317 548 ρῶς
344 464 775 531 κατασπάζεται,
807 468 899 523 καὶ
931 468 1149 537 ἀνοίξας
1174 471 1301 537 τοὺς
1331 472 1640 545 θησαυροὺς
1669 476 1755 546 τῆς

1870 473 1981 543 jam
2016 472 2254 544 primum
2280 470 2422 529 ﬁlios
2452 473 2598 529 videt
2628 485 2694 530 ex
2740 471 2999 547 loginqua
3032 485 3088 533 et
3138 478 3451 549 periculusa

219 562 449 633 εὐλογίας
479 559 667 624 αὐτοῦ,
698 561 990 627 δεξιοῦνται
1021 562 1245 629 τούτους
1274 566 1628 637 νομίσμασιν,
1657 568 1768 621 ὀλί-

216 671 325 727 γοις
377 652 474 723 μὲν
538 652 681 705 κατὰ
709 651 772 704 τὸ
828 653 1175 724 φαινόμενον,
1207 655 1424 720 πολλοῖς
1450 657 1507 711 δὲ
1532 656 1672 710 κατὰ
1709 658 1769 711 τδ

215 745 507 814 νοούμενον.
544 742 793 814 Ἀφορῶν
825 743 933 813 γὰρ
968 746 1050 807 εἰς
1072 745 1165 798 τὸν
1195 747 1296 815 τῆς
1336 747 1574 811 πίστεως
1599 748 1771 818 ἀρχη-

212 837 298 907 γὸν
323 834 414 888 καὶ
434 831 721 904 τελειωτὴν
758 834 963 902 Ἰησοῦν
987 835 1222 905 Χριστὸν
1248 836 1339 890 τὸν
1368 837 1617 907 ἀληθινὸν
1636 838 1771 891 Θεὸν

212 926 374 997 ἡμῶν,
404 922 841 995 ἀρῤαόωνίζεται
862 925 950 977 δια
977 926 1184 979 τούτων
1210 927 1396 992 αὐτοῖς
1432 929 1527 981 καὶ
1552 928 1650 1000 τὴν
1675 927 1770 983 τοῦ

212 1017 357 1086 ἁγίου
394 1013 529 1068 Πνεύ
538 1030 706 1084 ματος
745 1016 1113 1088 ὲπιφοίτησιν.

210 1111 497 1174 Christum,
554 1124 744 1164 verum
802 1110 954 1166 illum
1029 1112 1201 1169 Deum
1271 1125 1562 1185 nostrum;
1614 1117 1764 1174 velut

211 1203 437 1273 Spiritus
499 1212 730 1258 sanctus
760 1218 927 1273 super
974 1220 1071 1261 eos
1103 1208 1309 1263 veniat.

268 1293 447 1348 Ταῦτα
484 1295 643 1363 ἡμεῖς
676 1298 750 1359 ὡς
776 1298 1156 1368 ἀρχιτέκτονες
1186 1302 1445 1372 γέροντες
1473 1303 1764 1374 γεγράφα-

208 1387 297 1456 μέν
327 1402 428 1450 σοι,
455 1385 756 1452 σοφώτατε,
793 1389 887 1441 καὶ
918 1389 1281 1463 ὑπεδείξαμεν
1337 1410 1421 1447 σοι
1469 1394 1765 1462 ἀπολογίας

206 1479 463 1549 θεμέλιον.
493 1479 565 1531 Σὺ
596 1478 652 1532 δὲ
686 1478 761 1543 ὡς
788 1479 945 1542 ἄλλος
980 1483 1269 1557 Βεσελεὴλ,
1307 1488 1766 1558 ἐποικοδομήσας

200 1572 255 1625 τὸ
274 1570 489 1637 ἀληθές,
514 1571 778 1641 Θεμέλιον
801 1575 908 1644 γὰρ
939 1575 1098 1630 ἄλλον
1126 1579 1323 1646 οὐδεὶς,
1352 1582 1509 1651 φησὶ,
1538 1581 1763 1634 δύναται

202 1662 364 1715 θεῖναι
395 1663 548 1732 παρὰ
592 1664 684 1716 τὸν
737 1666 1008 1736 κείμενον,
1082 1670 1293 1740 Ἰησοῦν
1344 1674 1602 1745 Χριστὸν,
1636 1668 1681 1745 ᾧ
1729 1677 1764 1748 η

198 1752 315 1821 δόξα
343 1753 437 1807 καὶ
475 1756 537 1809 τὸ
565 1756 765 1828 κράτος
796 1761 877 1823 είς
910 1759 1039 1825 τοὺς
1083 1762 1307 1828 αἰῶνας.
1352 1766 1549 1838 Ἀμήν.

742 1962 880 2018 ΤΟΥ
934 1967 1173 2030 ΑΥΤΟΥ

192 2071 436 2138 Μελέτη.
481 2072 658 2147 χάριν
706 2074 818 2143 τῆς
874 2079 960 2142 εις
1018 2079 1161 2145 τοὺς
1203 2080 1403 2145 θείους
1429 2081 1614 2147 ναοὺς
1642 2082 1760 2136 τῶν

251 2144 671 2224 μοναστηρίων
763 2147 1086 2224 γιγομένης
1136 2144 1143 2145 ί
1160 2144 1605 2221 μετακλήσεως-⁷
1659 2154 1759 2208 διὰ

256 2214 679 2279 σημαντηρίων
714 2214 911 2283 τριῶν,

256 2302 476 2357 Βλέπων
508 2306 909 2376 ἀπειροκάλους
955 2310 1131 2374 τινὰς,
1162 2310 1259 2364 καὶ
1298 2313 1435 2383 πρὸς
1466 2314 1632 2383 μηδὲν
1662 2315 1757 2369 εὖ·

192 2394 512 2466 διαιροῦντας
541 2399 839 2467 ἐπωφελὲς,
872 2399 989 2453 ἀλλ’
1016 2402 1049 2471 ἢ
1086 2402 1266 2470 λέγειν
1295 2421 1349 2457 τι
1399 2407 1491 2458 καὶ
1535 2406 1758 2460 ἀκούειν

189 2486 518 2557 καινότερον,
573 2490 809 2556 ματαίαν
848 2490 1258 2555 ἀποκαλοῦντας
1315 2495 1407 2546 κα)⁵
1463 2497 1758 2550 σκανδαλο-

188 2577 333 2632 ποιὸν
360 2578 460 2648 τὴν
514 2579 601 2632 διὰ
652 2583 1039 2652 σημαντηρίων
1069 2584 1237 2653 τριῶν
1296 2586 1375 2648 είς
1421 2588 1549 2651 τοὺς
1594 2590 1754 2650 ναοὺς

187 2671 476 2742 γινομένην
508 2672 615 2725 τῶν
641 2673 988 2744 μοναζόντων
1050 2677 1408 2749 μετάκλησιν,
1445 2680 1609 2750 χάριν
1653 2681 1757 2750 τῆς

186 2762 289 2815 τῶν
309 2761 473 2816 θείων
490 2764 808 2834 δοξολογιῶν
835 2767 1173 2839 ἀκροάσεως
1193 2769 1420 2842 (Ἤρκει
1441 2773 1572 2840 γὰρ,
1600 2775 1753 2844 φησι,

184 2848 248 2904 δι’
298 2852 416 2916 ἑνὸς
481 2854 679 2918 αὐτοὺς
729 2856 1206 2924 μεταστέλλεσθαι,
1242 2860 1336 2912 καὶ
1396 2861 1473 2931 μὴ
1509 2862 1756 2930 γίνεσθαι

185 2944 320 2998 κατὰ
350 2946 461 2999 τῶν
489 2947 659 3015 ἁγίων
704 2948 1043 3020 Ἑκκλησιῶν
1065 2950 1160 3004 τοῦ
1197 2951 1334 3006 Θεοῦ
1375 2956 1757 3026 μυκτηρισμὸν

185 3040 275 3091 καὶ
302 3040 615 3111 χλευασμὸν
641 3043 789 3112 παρὰ
815 3043 924 3097 τῶν
955 3045 1308 3100 κυκλούντων
1347 3048 1493 3118 ἡμᾶς
1517 3048 1755 3116 ἀσεϐῶν,

182 3130 475 3184 κάντεῦθεν
505 3134 598 3186 καὶ
616 3135 931 3205 παραϐολὴν
952 3138 1007 3188 ὲν
1032 3139 1144 3200 τοῖς
1171 3137 1369 3204 ἔθνεσι,
1403 3140 1538 3210 μηδὲ
1557 3140 1758 3212 θριαμο

183 3219 429 3318 σεύεσθαι
467 3225 531 3277 τὸ
593 3228 906 3295 μοναχικὸν,
961 3228 1038 3292 ὡς
1065 3229 1227 3299 δῆθεν
1267 3234 1348 3295 είς
1381 3231 1510 3301 μίαν
1560 3233 1751 3287 διαλα-
1781 3257 1824 3318 c

180 3312 294 3367 Αιὰν
330 3314 404 3385 μὴ
454 3316 861 3386 εὐσυνθετοῦνο)
900 3322 1150 3389 παριστῶ
1192 3321 1285 3377 διὰ
1329 3323 1433 3393 τῆς
1470 3326 1752 3397 παρούσης

182 3419 278 3473 μου
307 3409 553 3474 γραφῆς,
596 3408 673 3471 ὡς
705 3407 828 3462 οὔτε
860 3410 946 3464 διὰ
970 3412 1071 3475 τὰς
1111 3412 1425 3484 φληναφίας
1480 3416 1592 3470 τῶν
1622 3419 1753 3471 ἀσε-

178 3494 304 3559 ϐῶν,
330 3497 460 3551 οὔτε
484 3499 570 3552 διὰ
587 3500 686 3564 τὰς
706 3501 992 3566 δυσκολίας
1012 3503 1123 3557 τῶν
1152 3507 1434 3575 μοναστῶν
1455 3509 1750 3581 ἐπενοήθη,

177 3587 258 3641 διὰ
284 3592 679 3662 σημαντηρίων
704 3593 872 3665 τριῶν
894 3596 991 3660 τὰς
1025 3596 1183 3661 θείας
1214 3596 1524 3666 δοξολογίας
1555 3603 1754 3673 ἐπικη-

179 3681 475 3750 ρύττεσθαι
503 3700 517 3713 ο
550 3683 688 3739 ἀλλὰ
729 3685 816 3740 διὰ
872 3687 1029 3756 λόγον
1058 3689 1561 3761 ἀρχαιοπαοάδοτον
1588 3711 1755 3749 σπουφ

174 3770 479 3828 δαιότατον.

239 3946 362 4001 Τῶν
392 3946 508 4019 γὰρ
540 3947 626 4001 ἐπ’
670 3948 1003 4021 Ἑκκλησίας
1028 3952 1632 4027 γινομένωνὴμερινῶν
1654 3961 1752 4015 καὶ

92 4047 96 4050 ’
171 4040 508 4108 νυκτερινῶν
544 4040 883 4109 δοξολογιῶν,
915 4046 1055 4097 κατὰ
1080 4043 1141 4096 τὸ
1159 4044 1256 4098 τοῦ
1276 4049 1558 4119 προφήτου
1588 4051 1754 4106 Δαϐιδ

173 4127 562 4198 θεσπιώδημα,
593 4129 654 4182 τὸ
687 4130 844 4197 λέγον
876 4145 890 4160 ·
939 4132 1025 4184 Ἐν
1067 4133 1296 4206 ἑσπέρᾳ,
1328 4138 1422 4190 καὶ
1470 4140 1634 4208 πρωῒ,
1658 4142 1753 4194 καὶ

172 4219 501 4290 μεσημσρίᾳ
551 4221 903 4292 διηγήσομαι,
955 4224 1054 4276 καὶ
1114 4226 1435 4294 ἀπαγγελῶ,
1488 4232 1582 4282 καὶ
1636 4233 1752 4285 sic-

168 4310 471 4363 ακούσεται
494 4310 595 4378 τῆς
621 4312 802 4380 φωνῆς
831 4330 931 4382 μου
954 4316 981 4366 ὁ
1004 4315 1229 4383 Κύριος·
1253 4318 1362 4369 ἀπὸ
1382 4319 1490 4372 τῶν
1507 4321 1601 4377 δύο
1628 4339 1752 4377 συν-

164 4398 514 4471 τελουμένων
533 4404 839 4472 Διαθηκῶν,
871 4405 979 4457 ἀπὸ
1011 4409 1108 4475 τῆς
1131 4408 1276 4473 Νέας
1304 4409 1503 4482 δηλαδὴ
1537 4414 1752 4484 καὶτῆς

165 4490 441 4557 Παλαιᾶς,
476 4491 618 4544 κατὰ
658 4491 768 4545 τῶν
796 4492 971 4559 ἁγίων
1014 4496 1107 4547 καὶ
1162 4495 1438 4569 θεοφόρων
1490 4502 1751 4574 Πατέρων

1875 562 2317 634 peregrinatione
2367 562 2591 618 domum
2678 563 2880 620 illtesos
2936 565 3251 631 redeuntes,
3301 570 3457 624 Irata-

1875 657 2098 713 bundus
2129 670 2225 710 eos
2285 669 2410 709 cum
2441 654 2633 709 osculo
2666 664 2861 711 sancto
2895 656 3120 721 salutat,
3159 666 3215 714 et
3242 661 3453 730 apertis

1881 747 2163 803 thesauris
2193 745 2596 801 benedictionis
2630 762 2766 812 suae,
2793 746 3142 803 numismatis
3172 765 3268 804 eos
3303 753 3453 805 exci-

1876 839 1974 908 pit,
2011 839 2224 906 exiguis
2275 838 2493 908 quidem
2526 839 2634 895 illis
2667 840 2722 893 in
2776 839 3050 909 speciem;
3104 841 3200 896 sed
3229 844 3443 913 magnis

1879 931 2000 1002 ejus
2032 932 2273 997 ratione,
2314 929 2463 1002 quod
2497 930 2843 1001 intelligitur.
2892 931 3104 1005 Quippe
3150 934 3453 1003 respiciens

1876 1022 1934 1078 in
2006 1031 2289 1077 auctorem
2371 1028 2427 1077 et
2490 1031 2994 1078 consummatorem
3055 1024 3205 1085 ﬁdei,
3263 1024 3453 1081 Jesum

1852 1118 2017 1174 arrha
2069 1120 2194 1175 data
2248 1133 2346 1190 per
2396 1118 2512 1174 haec
2562 1119 2645 1174 eis
2716 1119 3008 1190 pollicetur
3069 1119 3336 1190 futurum,
3390 1126 3455 1180 ut

1946 1299 2200 1357 Hacanos
2252 1303 2420 1357 veluti
2475 1302 2855 1374 provectiores
2889 1303 3177 1359 architecti
3224 1305 3452 1376 scripsi-

1871 1408 1995 1447 mus
2023 1395 2142 1457 tibi,
2176 1395 2259 1449 vir
2289 1395 2681 1460 eruditissime,
2720 1410 2785 1450 ac
2842 1395 3256 1451 fundamentum
3288 1399 3453 1453 satis-

1872 1484 2133 1542 factiouis
2173 1487 2329 1555 quasi
2367 1488 2538 1557 digito
2568 1488 3149 1543 commonstravimus.
3180 1487 3261 1542 Tu
3296 1492 3450 1546 velut

1873 1576 2009 1630 alter
2044 1577 2311 1642 Bcseleel,
2344 1594 2535 1633 verum
2569 1590 2945 1649 superstrues.
2983 1577 3198 1649 Quippe
3242 1580 3446 1636 funda-

1872 1677 2117 1722 mentum
2148 1669 2318 1732 aliud,
2355 1679 2413 1724 ut
2440 1671 2532 1724 ille
2562 1670 2762 1739 inquit,
2799 1686 2959 1725 nemo
3019 1686 3225 1742 ponere
3272 1680 3451 1741 potest

1871 1771 2067 1832 praeter
2090 1761 2168 1822 id,
2195 1761 2339 1830 quod
2370 1762 2613 1830 positum
2650 1772 2756 1826 est,
2779 1761 2965 1817 Jesum
2998 1765 3210 1818 scilicet
3250 1763 3449 1819 Chris-

1867 1861 1983 1908 tum
2008 1892 2022 1916 ,
2057 1852 2149 1908 cui
2180 1853 2353 1926 gloria
2381 1860 2435 1907 et
2468 1853 2755 1921 imperium
2790 1853 2846 1907 in
2872 1855 3094 1910 saecula.
3114 1855 3310 1911 Amen.

2502 1964 2818 2022 EJUSDEM

1893 2058 2274 2144 .Meditutum,
2319 2077 2386 2133 de
2416 2081 2807 2143 convocatione,
2842 2097 2958 2150 qua:
3022 2081 3085 2148 fit
3138 2080 3211 2135 ad
3258 2094 3444 2137 sacras

2141 2150 2576 2203 monasteriorum
2607 2151 2991 2221 a'des,pertria
3020 2152 3191 2221 signa.

1927 2302 2204 2373 Quoniam
2233 2304 2392 2361 video
2421 2308 2690 2375 quosdam
2719 2305 3029 2376 imperitos,
3053 2316 3108 2361 et
3132 2308 3350 2363 nullam
3372 2309 3441 2365 ad

1857 2414 1976 2453 rem
2016 2399 2208 2453 utilem
2247 2398 2497 2462 idoneos,
2528 2411 2691 2468 quam
2735 2404 2797 2450 ut
2845 2397 3051 2468 aliquid
3105 2400 3230 2454 novi
3252 2399 3443 2456 dicant

1864 2499 1913 2543 et
1943 2490 2167 2544 audiant
2199 2490 2424 2545 stultam
2462 2503 2526 2543 ac
2559 2488 2802 2543 scandali
2829 2489 3042 2557 plenam
3076 2501 3275 2545 vocare
3304 2505 3441 2546 con-

1858 2582 2206 2635 vocationem
2271 2581 2666 2636 monachorum
2722 2578 2789 2632 ad
2857 2593 3049 2634 sacras
3097 2580 3264 2647 aedes,
3319 2597 3440 2652 qua:

1858 2672 2034 2727 tribus
2092 2671 2150 2726 iit
2211 2671 2407 2740 signis,
2458 2671 2856 2725 celebrationes
2907 2671 3124 2726 divinas
3179 2673 3438 2729 audiendi

1857 2778 2023 2818 causa
2078 2762 2611 2833 (Suﬂicichatcnim,
2672 2761 2960 2831 inquiunt,
3024 2777 3134 2828 uno
3174 2762 3441 2819 duntaxat

1864 2869 1960 2910 eos
1992 2855 2154 2924 signo
2214 2852 2559 2924 congregari,
2618 2867 2719 2907 nec
2771 2852 2998 2921 praeberi
3055 2868 3279 2909 causam
3306 2856 3440 2909 sub-

1861 2947 2131 3002 sannandi
2155 2954 2209 3000 et
2237 2944 2502 3001 lrriueudi
2529 2956 2750 3000 sanctas
2777 2943 2867 2997 Dei
2899 2942 3174 3000 Ecclesias
3202 2945 3441 3000 circum-

1861 3038 2122 3093 dantihus
2174 3053 2274 3092 nos
2310 3037 2516 3107 impiis,
2564 3043 2623 3090 ut
2650 3034 2912 3106 parubola
2945 3035 3074 3090 fiant
3103 3036 3244 3092 inter
3274 3053 3433 3108 paga-

1865 3146 1988 3190 nos.
2059 3145 2159 3184 nec
2195 3138 2397 3184 statum
2448 3127 2812 3182 monasticam
2847 3127 2992 3182 velut
3056 3129 3111 3182 in
3163 3129 3440 3197 triumpho

1859 3223 2220 3293 spectandum
2250 3220 2524 3281 OXhlbel'i.
2552 3221 2716 3290 quasi
2754 3220 2820 3274 ad
2854 3235 3016 3273 unam
3044 3221 3439 3274 commonitio-

1860 3328 1985 3368 nem
2022 3328 2083 3368 se
2125 3321 2275 3366 recte
2302 3326 2408 3365 non
2437 3308 2778 3379 componat);
2807 3309 3060 3378 equidem
3098 3308 3202 3363 hoc
3230 3308 3440 3378 scripto

1857 3405 2250 3478 prohabo.nec
2285 3415 2504 3472 propter
2556 3403 2679 3456 illas
2725 3401 3020 3470 inpiorum
3075 3405 3275 3470 nugas,
3334 3413 3439 3453 nec

1856 3506 2093 3568 prepter
2183 3494 2579 3549 monachorum
2641 3492 2998 3547 morositates
3066 3491 3439 3562 excogitatum

1855 3603 1999 3653 esse,
2031 3595 2091 3642 ut
2142 3587 2320 3640 tribus
2349 3585 2521 3655 signis
2548 3582 2978 3654 gloriﬁcatiancs
3006 3581 3208 3636 divinae
3224 3582 3440 3636 denun-

1856 3680 2111 3735 tientur:
2179 3676 2277 3732 sed
2346 3685 2568 3747 propter
2598 3675 2784 3743 magni
2840 3672 3102 3728 metuenti
3172 3673 3439 3728 rationem

1863 3767 2187 3841 quamdam,
2223 3768 2291 3822 ah
2316 3767 2561 3838 antiquis
2621 3764 2840 3823 seculis
2875 3779 2974 3836 per
3024 3779 3221 3820 manus
3242 3764 3437 3819 atradi-

1854 3868 1992 3915 tam.

1922 3930 2136 4021 Quippe
2155 3965 2283 4005 cum
2324 3948 2417 4003 Dei
2465 3949 2889 4014 celebrationes,
2920 3962 3041 4018 quae
3081 3946 3322 4001 interdiu
3370 3955 3427 4001 et

1855 4050 2021 4097 noctu
2062 4043 2198 4097 ﬁunt
2247 4041 2302 4095 in
2350 4040 2616 4105 Ecclesia,
2662 4041 2820 4109 {una
2868 4038 3095 4093 Davidis
3149 4037 3435 4107 prophetia

1854 4134 2167 4198 oraculum,
2196 4130 2359 4200 cujus
2394 4130 2559 4184 verba
2602 4139 2771 4185 sunt:
2805 4128 3053 4197 Vesperi,
3087 4134 3141 4181 et
3173 4141 3355 4192 male,
3381 4134 3438 4181 et

1854 4225 1910 4280 in
1982 4225 2211 4280 meridie
2286 4223 2542 4285 narrabo,
2611 4230 2667 4276 et
2726 4220 3074 4280 renuntiabo.
3136 4233 3439 4288 vocemque

1854 4331 2031 4371 meam
2074 4314 2342 4369 Dominus
2383 4313 2567 4368 audiet
2601 4333 2613 4367 :
2646 4326 2771 4366 eum
2827 4312 2992 4381 igitur
3028 4313 3113 4367 hae
3150 4309 3441 4379 perfician-

1855 4414 1944 4461 tur
1974 4421 2040 4461 ex
2064 4405 2280 4461 duobus
2306 4403 2699 4470 Tcstamentis,
2724 4400 2875 4457 Novo
2900 4404 3108 4467 scilicet
3132 4418 3196 4457 ac
3227 4398 3434 4465 Veteri,

1848 4497 2003 4567 juxta
2060 4506 2380 4552 sanctorum
2434 4502 2488 4549 et
2537 4494 2798 4548 divinitus
2851 4493 3152 4547 amatorum
3207 4492 3434 4546 Patrum

163 4582 502 4652 παράδοσιν,
534 4580 743 4652 ὡρίσθη
764 4582 871 4652 πρὸ
904 4587 1124 4639 πάντων
1154 4585 1473 4652 δοξάζεσθαι
1496 4591 1586 4645 τὸν
1619 4594 1750 4648 Θεὸν

1865 4585 2205 4641 traditionem
2238 4604 2251 4640 :
2286 4593 2414 4639 ante
2435 4584 2616 4639 omnia
2646 4584 2916 4638 sancitum
2946 4590 3031 4639 est
3076 4594 3131 4637 ut
3160 4582 3435 4654 gloriﬁce-

162 4673 272 4726 ἀπὸ
298 4673 405 4743 τῆς
424 4672 576 4737 θείας
597 4676 854 4744 κιννύρας
882 4675 974 4728 τοῦ
996 4676 1323 4747 θεοπάτορος
1346 4678 1603 4751 (Ἀνοίξω
1622 4684 1751 4756 γὰρ,

163 4765 355 4836 φησὶν,
396 4764 461 4816 ὲν
481 4763 764 4835 ψαλτηρίῳ
794 4765 854 4817 τὸ
878 4766 1175 4837 πρόϐλημά
1210 4770 1333 4840 μου)
1358 4771 1453 4822 καὶ
1489 4773 1628 4843 μετὰ
1656 4774 1754 4847 τὴν

158 4854 357 4908 τούτου
389 4853 715 4919 ἀνάπτυξιν,
737 4854 830 4907 τὸν
874 4854 1016 4909 θεῖον
1050 4857 1359 4928 μελισσῶνα
1389 4860 1489 4929 τῆς
1527 4864 1757 4934 Ἐκκλη-

159 4949 284 5012 σίας
308 4946 768 5016 ὲξαγωνίζεσθαι,
795 4946 882 5000 διὰ
903 4949 1100 5014 κηρίου
1130 4949 1495 5004 διδασκαλιῶν
1526 4954 1756 5023 εὐαγγε·

156 5040 353 5105 λικῶν,
382 5039 481 5092 τοῦ
504 5039 728 5110 κέντρου
757 5036 1079 5106 φωτίζοντος
1100 5038 1197 5109 τὴν
1220 5041 1592 5109 σκοτόμαιναν
1614 5062 1627 5075 θ
1664 5045 1751 5099 διὰ

158 5131 391 5201 μέλιτος
406 5130 636 5199 γραφῶν
649 5128 1044 5193 ἁποστολικῶν,
1060 5129 1444 5197 γλυκαίνοντος
1457 5132 1557 5202 τῆς
1571 5135 1750 5188 οἰκου-

158 5224 335 5293 μένης
364 5223 441 5275 τὰ
462 5222 675 5292 πέρατα
700 5237 714 5252 '
751 5221 845 5275 καὶ
878 5222 966 5277 διὰ
1002 5223 1357 5295 μαρτυρικῶν
1390 5226 1745 5297 ἀφηγήσεων,

156 5314 598 5386 μεγαλυνουσῶν
628 5314 718 5369 τὸν
737 5315 1002 5386 ἑνσαρκον
1022 5316 1335 5387 οἰκονομίαν
1377 5316 1473 5371 τοῦ
1511 5320 1747 5390 Χριστοῦ

153 5409 251 5461 καὶ
294 5405 446 5461 Θεοῦ
480 5408 660 5477 ήμῶν.
692 5408 784 5461 Διὸ
824 5407 921 5460 καὶ
952 5409 1113 5477 χάριν
1143 5410 1243 5479 μὲν
1282 5409 1394 5464 τῶν
1415 5409 1476 5476 ἒξ
1505 5411 1742 5483 ψαλμῶν

149 5498 249 5552 τοῦ
278 5497 641 5568 θεοπάτορος,
670 5498 768 5551 καὶ
819 5498 1045 5563 λοιπῶν,
1079 5499 1189 5553 τῶν
1223 5500 1281 5552 ἐν
1310 5504 1376 5572 τῇ
1400 5501 1626 5574 ὀρθρινῇ
1659 5505 1746 5556 δο-

151 5588 387 5658 ξολογίᾳ
438 5588 541 5659 πρὸ
570 5588 663 5643 τοῦ
696 5589 1044 5658 ἁγιοπολίτου
1077 5588 1431 5660 ψαλλομένων
1457 5592 1743 5659 ἑκάστοτε,

148 5679 248 5731 καὶ
264 5679 397 5741 ταῖς
429 5676 782 5749 ψαλλομένων
815 5678 1063 5750 συνήθως
1112 5681 1171 5734 ἐν
1220 5682 1340 5744 ταῖς
1385 5681 1557 5745 θείαις
1606 5683 1748 5753 ίεροο

145 5771 492 5839 τελεστίαις,
524 5771 619 5826 καὶ
674 5772 794 5838 ταῖς
836 5772 1154 5843 ἑσπεριναῖς
1222 5775 1574 5846 προσευχαῖς,
1639 5773 1747 5848 πρὸ

1857 4685 1948 4732 tur
1977 4677 2121 4733 Deus
2151 4691 2247 4748 per
2296 4690 2510 4732 sacram
2556 4674 2779 4730 Davidis
2827 4676 3117 4741 citharam,
3157 4675 3435 4743 (Aperiam

1855 4769 2027 4834 enim,
2071 4768 2270 4833 inquit,
2308 4767 2361 4819 in
2427 4766 2687 4834 psalterio
2726 4766 3081 4835 quiestionem
3137 4765 3336 4837 meam)
3383 4774 3437 4821 et

1858 4866 1981 4929 post
2016 4859 2436 4929 explicationem
2478 4857 2622 4925 ejus,
2677 4864 2735 4910 ut
2785 4872 3003 4911 sacrum
3050 4871 3276 4913 examen
3330 4856 3438 4910 Ec-

1856 4949 2040 5004 clesiae
2069 4958 2241 5005 semet
2268 4956 2525 5003 exerceat
2553 4962 2649 5017 per
2677 4947 3116 5017 evangelicarum
3146 4947 3434 5002 doctrina-

1860 5058 1980 5098 rum
2058 5040 2286 5105 favum,
2372 5041 2602 5096 stimulo
2674 5038 2960 5109 caliginem
3045 5039 3436 5105 illuminante;

1855 5151 2065 5207 perque
2094 5136 2201 5192 mel
2231 5136 2662 5206 apostolicorum
2692 5136 3045 5205 scriptorum,
3077 5134 3222 5204 quod
3248 5133 3437 5188 dulce-

1857 5229 2039 5284 dinem
2077 5229 2277 5284 ﬁnibus
2327 5228 2486 5283 orbis
2530 5238 2795 5283 terrarum
2828 5225 3024 5293 oﬂ‘ert;
3059 5239 3122 5278 ac
3173 5239 3268 5294 per
3305 5238 3432 5276 nar.

1857 5319 2102 5374 rationes
2148 5319 2385 5387 denique
2430 5318 2498 5372 dc
2546 5318 2878 5388 martyribus
2909 5330 3033 5385 quae
3080 5312 3435 5367 administra-

1856 5413 2060 5467 tionem
2111 5408 2168 5465 in
2199 5424 2366 5466 carne
2394 5411 2599 5467 Christi
2639 5409 2844 5479 Deique
2872 5405 3045 5460 nostri
3076 5403 3433 5473 ampliﬁcaut.

1855 5501 2095 5570 Ideoque
2165 5509 2392 5572 propter
2446 5516 2539 5558 sex
2593 5500 2717 5555 illus
2777 5496 3000 5550 Davidis
3059 5496 3323 5564 psalmos,
3379 5501 3436 5548 et

1851 5593 2122 5663 reliquos,
2184 5594 2279 5664 qui
2333 5593 2556 5650 assidue
2607 5592 2662 5644 in
2718 5587 3109 5658 gloriﬂcutione
3166 5585 3434 5641 matutina

1850 5690 2125 5738 canuntur
2171 5693 2300 5738 ante
2352 5680 2779 5751 hagiopolitam;
2833 5686 2886 5731 et
2927 5684 3148 5747 propter
3176 5690 3297 5740 eos,
3336 5674 3432 5745 qui

1850 5787 1953 5845 pro
1982 5787 2135 5831 more
2188 5780 2480 5839 canuntur,
2525 5785 2647 5827 cum
2679 5784 2768 5825 res
2813 5767 2997 5823 divina
3036 5768 3331 5839 peragitur,
3377 5774 3434 5821 et
