3990 6576
470 347 616 414 1223

1767 338 1801 398 J
1809 337 1904 399 US
1941 333 2385 398 CANONICUM

3589 337 3728 401 12.1

466 474 520 522 in
551 460 810 534 precibus
841 456 1187 528 vespertinis,
1214 463 1342 510 ante
1373 454 1638 510 lectiones
1670 453 2030 524 apostolicos,

2137 450 2240 502 τῶν
2268 449 2641 504 ἀποστολικῶν
2687 450 3137 520 ἀναγνωσμάτων
3188 449 3280 503 καὶ
3323 449 3725 519 εὐαγγελικῶν,

464 560 522 610 et
574 549 939 620 evangelicas,
1007 557 1171 614 atque
1231 548 1392 601 etiam
1461 544 1709 599 versibus
1774 543 2035 609 inclusas,

463 651 823 700 arcessuntur
880 638 1132 694 monachi
1191 653 1287 707 per
1330 637 1544 706 signum
1597 637 1869 706 quoddam
1929 636 2039 691 exi-

463 750 654 806 guum,
690 733 961 804 quasique
994 731 1259 786 humilius
1315 739 1368 783 et
1406 731 1719 784 obscurius.
1748 729 1882 782 Nam
1916 744 2038 800 qua:

464 823 648 880 Veteri
695 824 1044 879 Testamento
1081 823 1243 876 veluti
1278 837 1372 892 per
1409 823 1630 875 umbras
1673 823 2034 888 delineantur,

465 917 638 988 ﬁgura
697 916 1004 988 futurorum
1074 922 1250 978 erant,
1308 921 1361 968 et
1422 913 1737 969 simulacra.
1807 914 2037 984 Propter

466 1010 776 1064 divinorum
811 989 988 1061 autem
1036 1005 1446 1077 Evangeliorum
1495 1007 1952 1076 praedicationem,
1983 1018 2037 1062 et

465 1115 676 1156 sacram
717 1101 1051 1169 reliquorum
1111 1099 1175 1152 ad
1221 1109 1526 1152 conventus
1569 1099 1814 1168 publicos
1866 1098 2037 1169 perti-

463 1191 708 1245 nentiqu
744 1191 1006 1244 librorum
1040 1189 1350 1253 lectionem,
1383 1195 1437 1241 et
1467 1199 1686 1258 propter
1712 1188 2032 1243 universum

463 1279 785 1349 simpliciter
821 1279 1167 1349 liagiopolitaa
1206 1277 1477 1343 ordinem,
1520 1294 1776 1348 magnum
1814 1281 2032 1349 signum

461 1367 743 1423 inventum
798 1378 901 1423 est.
938 1368 995 1421 lu
1054 1367 1367 1422 universam
1417 1368 1561 1421 enim
1617 1377 1838 1430 terram,
1866 1376 1919 1421 et
1967 1368 2034 1422 ad

461 1457 598 1514 ﬁnes
658 1460 810 1514 orbis
868 1468 1140 1514 terrarum
1188 1460 1399 1513 utilitas
1455 1475 1520 1513 ex
1575 1461 1654 1515 eis
1709 1459 2035 1530 proveniens

460 1554 783 1619 penetrarit.
835 1549 968 1617 Quae
1001 1568 1126 1605 cum
1180 1553 1254 1604 ita
1285 1554 1444 1606 modo
1467 1551 1701 1622 quodam
1733 1550 1842 1606 Deo
1879 1559 2035 1624 grato

460 1655 524 1697 ac
562 1644 818 1712 religiose
867 1655 1221 1714 peraguntur,
1277 1645 1562 1715 oportebat
1615 1645 1872 1714 p0pulum
1923 1643 2033 1699 Do-

460 1735 594 1788 miui
633 1737 797 1789 etiam
854 1735 922 1790 de
963 1737 1145 1790 futuro
1176 1737 1580 1791 cummonelieri
1608 1737 1837 1807 judicio,
1870 1738 2031 1807 cujus

460 1839 630 1880 causa
659 1825 712 1879 in
744 1841 920 1897 genua
953 1828 1390 1896 procumbimus,
1424 1844 1488 1881 ac
1513 1844 1702 1897 preces
1730 1829 2029 1884 fundimus.
2061 1805 2109 1864 Β

463 1915 654 1986 Itaque
722 1925 988 1972 statutqu
1076 1925 1183 1983 est,
1260 1918 1458 1974 debere
1517 1919 1863 1976 Christianos
1938 1935 2034 1990 per

463 2005 680 2075 signum
745 2007 1014 2062 alicncum
1083 2009 1227 2064 illius
1311 2009 1487 2063 ultimi
1561 2009 1670 2065 diei
1729 2010 2031 2068 admoneri.

463 2095 740 2168 Scriptum
787 2108 876 2154 est
912 2101 1058 2154 enim
1093 2119 1106 2155 :
1135 2102 1393 2156 Ascendit
1425 2101 1563 2158 Deus
1595 2102 1648 2156 in
1685 2103 2032 2174 jubilatione,

462 2185 728 2244 Dominus
766 2191 817 2245 iu
879 2207 1011 2246 voce
1039 2192 1201 2247 tubae.
1232 2191 1383 2258 Item,
1413 2195 1678 2263 Clangent
1732 2196 1904 2266 angeli
1942 2193 2035 2250 Dei

459 2277 615 2343 tuba,
668 2287 722 2332 et
768 2281 970 2334 mortui
1017 2293 1325 2351 resurgeut,
1372 2292 1424 2337 et
1461 2284 1796 2337 rctribuctur
1837 2285 2036 2354 cuique

462 2366 766 2421 secundum
798 2384 965 2438 opera
997 2387 1117 2425 sua.
1164 2371 1317 2436 Quod
1363 2381 1544 2426 autem
1594 2373 1647 2426 in
1690 2374 2035 2442 generalibus

462 2457 678 2512 urbiqu
736 2460 985 2515 ecclesiis
1031 2462 1216 2530 plebes
1273 2478 1378 2516 non
1439 2474 1816 2518 convocentur
1860 2463 2035 2519 tribus

459 2549 654 2619 signis,
701 2551 794 2605 sed
847 2567 958 2606 uno
990 2554 1224 2622 quodam
1268 2571 1463 2625 magno
1513 2572 1524 2608 :
1569 2572 1677 2610 nou
1713 2556 1920 2611 ordinis
1947 2569 2036 2610 ec-

459 2641 756 2696 clesiastici
791 2643 1080 2698 subversio
1104 2653 1208 2700 est.
1247 2645 1595 2702 Com-ocatur
1623 2648 1766 2703 enim
1805 2648 2036 2718 populus

459 2734 766 2788 mauuariis
796 2735 1030 2811 opiﬁciis
1061 2737 1300 2799 deditus,
1339 2739 1540 2808 quique
1567 2739 1736 2810 ligoni
1770 2747 1823 2793 et
1853 2747 2037 2795 aratro

458 2831 637 2879 vacat.
684 2823 866 2894 Itaque
919 2826 1045 2881 boni
1118 2829 1407 2885 consulere
1466 2829 1648 2898 debet,
1712 2832 1758 2887 si
1820 2832 2037 2902 publico

458 2915 679 2970 intersit
719 2918 906 2982 coetui,
935 2934 1058 2973 cum
1088 2921 1221 2975 Novi
1248 2923 1581 2978 Testamenti
1613 2925 1869 2980 lectiones
1899 2926 2039 2980 reci-

458 3015 664 3063 tantur.
725 3008 804 3063 Ac
868 3011 1030 3066 nobis
1082 3012 1326 3082 quidem,
1382 3015 1476 3084 qui
1535 3031 1630 3084 per
1667 3014 1758 3070 Dei
1804 3017 2037 3088 gratiam

2140 540 2276 594 ἀλλὰ
2303 541 2410 610 μὴν
2441 541 2532 594 καὶ
2568 539 2678 592 τῶν
2715 538 3013 610 στιχηρῶν,
3051 540 3486 609 μετακαλοῦνται
3521 540 3573 593 οί
3628 558 3729 610 μοι

2138 633 2294 703 ναχοὶ
2309 632 2394 684 διὰ
2421 648 2669 701 σημαντη
2679 630 2794 700 ρίου
2811 630 3032 702 μικροῦ,
3053 632 3147 685 καὶ
3175 626 3286 685 ὀῖον
3309 633 3728 703 ταπεινοτέρου,

2139 725 2235 778 καὶ
2260 723 2556 776 σκοτεινοῦ.
2590 723 2673 775 Τὰ
2710 724 2819 794 γὰρ
2838 726 2906 794 τῇ
2931 724 3146 795 Παλαιᾷ
3173 726 3419 798 Διαθήκῃ
3451 743 3728 796 σκιαγρα-

2139 813 2410 885 φούμενα,
2445 813 2616 876 τύπος
2648 814 2757 867 τῶν
2802 815 3108 885 μελλόντων
3172 811 3336 887 ἦσαν,
3389 817 3486 870 καὶ
3525 818 3729 869 είκονί-

2140 921 2344 974 σματα.
2383 905 2558 975 Χάριν
2585 904 2642 958 δὲ
2666 907 2762 974 τῆς
2814 905 2924 958 τῶν
2973 905 3317 975 θεοφθόγγων
3372 907 3730 975 Εὖαγγελίων

2139 997 2552 1068 ἀνακηρύξεως,
2572 997 2666 1050 καὶ
2685 996 2887 1050 λοιπῶν
2908 999 3299 1067 πανηγυρικῶν
3321 997 3546 1068 βιὸλίων
3571 1000 3616 1050 is
3626 999 3726 1068 ρᾶς

2138 1092 2525 1161 ἀναγνώσεως,
2553 1093 2647 1146 καὶ
2679 1095 2775 1163 τῆς
2796 1092 2929 1162 ὅλης
2953 1093 3278 1158 ἀκολουθίας
3312 1093 3406 1147 τοῦ
3439 1095 3726 1161 ἁγιοπολί-

2135 1201 2230 1240 του
2255 1185 2462 1249 ἁπλῶς,
2494 1184 2558 1238 τὸ
2581 1185 2725 1256 μέγα
2761 1188 3131 1256 σημαντήριον
3148 1186 3396 1259 εὓρηται.
3414 1187 3509 1250 Εἰς
3541 1189 3726 1238 πᾶσιν

2137 1277 2247 1349 γὰρ
2293 1275 2394 1347 τὴν
2450 1275 2558 1345 γῆν
2593 1277 2690 1330 καὶ
2715 1278 2795 1338 είς
2848 1280 2947 1347 τῆς
3009 1279 3334 1348 οἰκουμένης
3375 1278 3444 1330 τὰ
3508 1279 3722 1346 πέρατα

2137 1372 2170 1442 ἡ
2202 1371 2265 1422 ἐκ
2280 1368 2486 1422 τούτων
2510 1367 2726 1438 διῆλθεν
2758 1368 3017 1438 ὠφέλεια.
3053 1368 3210 1423 Οὕτω
3251 1369 3309 1422 δὲ
3366 1369 3577 1422 τούτων
3636 1386 3725 1421 τε-

2136 1461 2417 1530 λουμένων
2450 1459 2760 1531 θεαρὲστως
2796 1461 2892 1514 καὶ
2924 1461 3188 1527 εὐσεϐῶς,
3224 1461 3441 1514 ἔδειτὸν
3489 1461 3585 1514 τοῦ
3611 1463 3722 1514 Κυ-

2140 1553 2255 1624 ρίου
2286 1553 2415 1606 λαὸν
2452 1554 2544 1606 καὶ
2567 1553 2697 1624 mp1
2730 1553 2828 1621 τῆς
2866 1551 3167 1622 μελλούσης
3204 1553 3724 1623 ὕπομιμνήσκεσθαι

2137 1643 2393 1714 κρίσεως,
2425 1644 2491 1697 δι’
2523 1645 2589 1715 ἢν
2641 1643 3074 1714 γονυκλισοῦμεν
3134 1647 3230 1698 καὶ
3276 1644 3719 1716 προσευχόμεθα.

2138 1736 2460 1790 Τετύπωται
2516 1737 2669 1805 γοῦν,
2726 1737 2814 1790 διὰ
2869 1737 3242 1808 σημαντηρίου
3302 1736 3531 1807 χαλκοῦ,
3593 1738 3721 1805 περὶ

2139 1828 2236 1898 τῆς
2303 1828 2623 1893 τελευταίας
2678 1829 2892 1899 ἡμέρας
2946 1829 3163 1898 ἐκείνης
3223 1829 3350 1892 τοὺς
3411 1828 3716 1899 χριστωνῦ·

2139 1938 2272 1992 μους
2315 1920 2860 1992 ὑπομιμνήσκεσθαι.
2901 1921 3096 1992 Ἀνέϐη
3128 1920 3260 1990 γὰρ,
3291 1923 3475 1992 φησιν,
3508 1921 3538 1974 ὁ
3585 1920 3718 1984 Θεὸς

2137 2015 2196 2069 ἐν
2250 2015 2511 2086 ἀλαγμῷ,
2577 2015 2781 2086 Κύριος
2832 2017 2890 2069 ὲν
2943 2017 3096 2086 φωνῇ
3139 2013 3458 2082 σάλπιγγος.
3513 2013 3718 2066 Σαλπί-

2138 2123 2324 2160 σουσιν
2354 2108 2402 2159 οί
2437 2106 2658 2175 ἄγγελοι
2709 2106 2802 2160 τοῦ
2850 2106 3008 2171 Θεοῦ,
3029 2107 3125 2160 καὶ
3177 2107 3228 2159 οἱ
3249 2107 3431 2178 νεκροὶ
3475 2107 3717 2174 ἀναστήο

2139 2214 2342 2263 σονται,
2384 2199 2479 2250 καὶ
2536 2198 2752 2269 ἑκάστῳ
2801 2198 3200 2269 ἀποδοθήσεται
3258 2197 3400 2251 κατὰ
3456 2197 3526 2250 τὰ
3576 2200 3716 2268 ἔργα

2137 2290 2324 2346 αὑτοῦ.
2389 2290 2462 2343 Τὸ
2533 2291 2591 2344 δὲ
2667 2291 2810 2344 κατὰ
2881 2292 2982 2354 τὰς
3053 2292 3348 2354 καθολικάς
3422 2291 3718 2361 ἐκκλησίας

2137 2381 2244 2435 τῶν
2291 2382 2500 2435 πόλεων
2553 2381 2628 2452 μὴ
2665 2381 3092 2450 μετακαλεῖσθαι
3150 2383 3220 2436 τὰ
3267 2381 3449 2454 πλήθη
3492 2382 3579 2436 διὰ
3620 2401 3716 2453 ar.-

2141 2474 2456 2545 μαντηρίων
2486 2474 2674 2544 τριῶν,
2711 2474 2845 2528 ἀλλὰ
2889 2474 2977 2526 διὰ
3024 2474 3260 2544 μεγάλου
3297 2475 3436 2538 ἑνὸς,
3473 2477 3574 2528 οὐκ
3600 2475 3716 2528 ἐστι

2137 2569 2237 2639 τῆς
2301 2568 2765 2639 ἐκκλησιαστικῆς
2823 2569 3146 2634 ἀκολουθίας
3209 2569 3514 2640 ἀνατροπὴ.
3570 2569 3714 2631 Aab;

2137 2661 2246 2731 γὰρ
2275 2661 2667 2730 μετακαλεῖται
2724 2660 3014 2733 χειρῶναξ,
3071 2660 3166 2714 καὶ
3231 2661 3361 2731 περὶ
3429 2660 3718 2729 σκαπάνην

2139 2751 2508 2822 ὴσχολημένος
2557 2752 2652 2806 καὶ
2702 2753 2952 2824 ἄροτρον.
3004 2754 3166 2806 Ἐστι
3204 2753 3382 2806 τοίνυν
3433 2753 3718 2823 ἀγαπητὸν

2137 2846 2498 2916 ἐκκλησιάσαι
2531 2845 2718 2900 τοῦτον
2774 2846 2876 2900 κᾶν
2921 2840 3000 2910 είς
3035 2846 3133 2916 τῆς
3157 2845 3303 2908 Νέας
3336 2845 3614 2914 Διαθήκης
3653 2843 3718 2896 τὰ

2136 2937 2567 3009 ψαλτῳδήματα.
2599 2936 2707 2990 Καὶ
2761 2939 2895 3008 ἡμῖν
2952 2937 3052 3008 μὲν
3109 2940 3223 3000 τοῖς
3263 2935 3588 3004 φυλάττουσι
3650 2936 3714 3004 τῇ

2138 3033 2323 3104 χάριτι
2350 3032 2444 3086 τοῦ
2471 3032 2607 3085 Θεοῦ
2665 3033 2846 3086 πᾶσαν
2890 3030 3354 3100 ὲκκλησιαστικὴν
3417 3028 3717 3098 παράδοσιν

457 3111 744 3155 servamus
810 3103 1092 3155 immotam
1161 3119 1380 3158 omnem
1449 3107 1794 3162 traditionem
1855 3108 2035 3162 eccle-

2142 3124 2559 3194 ἀμετάπτωτον,
2581 3122 2727 3177 οὕτω
2757 3123 3422 3177 πολιτεύεσθαιδέδοκται.
3481 3123 3607 3184 Τοῖς
3661 3120 3716 3174 δὲ

461 3191 934 3259 siasticam,liunc
965 3195 1211 3249 ordinem
1266 3197 1420 3267 sequi
1469 3198 1645 3251 visum
1693 3211 1798 3254 est.
1825 3199 2034 3256 Latinis

461 3297 610 3348 vero,
647 3285 787 3340 male
813 3301 842 3338 a
869 3286 1027 3341 nobis
1048 3285 1261 3351 divisis,
1296 3297 1349 3344 et
1388 3305 1622 3360 quorum
1673 3306 1770 3345 cor
1797 3292 2035 3347 obdura-

459 3386 575 3432 tum
611 3387 694 3434 est
733 3394 764 3433 a
817 3379 1045 3446 Satana,
1110 3382 1235 3436 licet
1281 3384 1334 3437 in
1384 3386 1729 3442 sermonibus
1771 3386 1892 3442 oleo
1921 3387 2033 3442 sint

454 3470 760 3537 molliores,
819 3471 926 3524 alia
997 3474 1242 3541 quaedam
1293 3477 1633 3532 consuetudo
1695 3478 2032 3534 convocandi

459 3562 722 3630 populum
803 3576 992 3617 sacras
1035 3565 1099 3617 ad
1152 3565 1296 3620 a-des
1338 3576 1422 3621 est
1475 3557 1694 3621 tradita.
1725 3568 1859 3623 Nam
1920 3585 2030 3628 uno

458 3651 728 3706 duntaxat
783 3659 1011 3708 utuntur
1060 3655 1242 3724 signo,
1281 3672 1546 3728 campana
1590 3661 1821 3726 scilicet,
1850 3677 1970 3732 qua:
1999 3677 2031 3718 a

458 3755 653 3813 campo
700 3743 780 3798 sic
819 3745 1045 3801 dicitur.
1100 3746 1568 3814 Quemadmodum
1612 3753 1756 3808 enim
1804 3769 2031 3824 campus

458 3832 704 3902 cujusvis
739 3835 925 3891 itineri
955 3839 1116 3906 citra,
1153 3841 1322 3896 ullum
1357 3845 1641 3914 expositus
1662 3855 1748 3902 est
1797 3847 2030 3918 impedi-

455 3933 722 3993 mentum,
776 3927 856 3982 sic
885 3937 940 3984 et
990 3930 1139 3988 illius
1163 3933 1356 3988 ahenei
1398 3936 1746 3993 tintinnabuli
1776 3940 2029 3996 sublimis

454 4030 582 4085 vox,
632 4021 903 4076 universis
953 4037 1180 4080 accessu
1220 4025 1396 4082 facilis
1429 4038 1593 4098 patet.
1649 4030 1728 4086 Ac
1778 4031 2032 4101 pluribus

455 4123 588 4164 sane
611 4111 782 4180 signis
823 4112 1005 4170 Latini
1039 4125 1094 4172 et
1138 4120 1258 4175 Itali
1296 4131 1584 4191 propterea
1613 4137 1724 4177 non
1765 4123 2029 4197 indigent,

455 4203 604 4274 quod
651 4208 1003 4266 cantionibus
1038 4212 1439 4287 hagiopoliticis
1487 4232 1595 4274 non
1647 4229 1889 4289 utantur,
1935 4221 2031 4280 sed

455 4297 574 4352 sola
605 4296 823 4358 Davidis
856 4302 1088 4360 cithara.

2141 3216 2394 3280 Λατίνοις
2423 3216 2730 3287 μερισθεῖσι
2747 3216 2931 3278 κακῶς
2951 3216 3044 3285 ἀφ’
3069 3215 3248 3286 ἡμῶν,
3279 3217 3371 3268 καὶ
3405 3214 3716 3284 πωρωθείσι

2140 3309 2238 3378 τὴν
2265 3308 2494 3380 καρδίαν
2533 3308 2637 3362 ὑπὸ
2663 3307 2757 3362 τοῦ
2789 3309 3028 3375 Σατανᾶ,
3058 3308 3162 3362 κᾶν
3194 3309 3305 3371 τοῖς
3351 3306 3533 3375 λόγοις
3573 3305 3712 3376 ὑπὲρ

2141 3397 2318 3453 ἔλαιον
2367 3398 2768 3466 ἁπαλύνωνται,
2813 3399 2945 3470 ἄλλη
3001 3416 3086 3463 τις
3131 3398 3401 3470 παρεδόθη
3435 3395 3711 3469 συνήθεια,

2141 3493 2398 3564 περὶτῆς
2461 3494 2543 3556 είς
2591 3493 2720 3556 τοὺς
2764 3494 2924 3556 ναοὺς
2972 3493 3358 3563 μετακλήσεως
3401 3491 3499 3545 τοῦ
3559 3490 3709 3545 λαοῦ.

2151 3581 2265 3636 Ἑνὶ
2331 3583 2434 3654 γὰρ
2490 3584 2788 3653 κέχρηνται
2852 3582 3232 3656 σημαντηρίῳ,
3301 3585 3368 3653 τῇ
3449 3581 3714 3653 καμπάνᾳ

2140 3675 2306 3747 φημὶ,
2335 3676 2458 3746 ἥτις
2494 3677 2560 3728 ὲκ
2582 3677 2677 3730 τοῦ
2707 3677 2930 3746 κὰμπου
2977 3677 3426 3747 μετονομάζεται.
3487 3675 3577 3738 Ὦς
3607 3675 3710 3746 γὰρ

2138 3767 2167 3820 ὁ
2205 3767 2423 3836 κάμπος
2461 3767 2637 3838 (φασὶ)
2683 3766 3028 3838 βουλομένοις
3071 3768 3149 3832 είς
3181 3765 3488 3838 ὁδοιπορίαν
3545 3766 3712 3837 ἀνεμ-

2137 3858 2386 3922 πόδιστος
2410 3858 2721 3928 πρόκειται,
2756 3857 2898 3912 οὕτω
2931 3859 3146 3930 καὶτῆς
3177 3859 3550 3930 χαλκοστόμου
3598 3858 3707 3911 κώ-

2129 3946 2350 4016 δωνοςή
2384 3948 2660 4018 μετέωρος
2709 3946 2958 4002 διαλαλιὰ
3014 3950 3124 4012 τοῖς
3179 3950 3344 4001 πᾶσιν
3386 3949 3705 4020 εὐπρόσιτος

2129 4040 2403 4111 ἧπλωται.
2454 4040 2674 4096 Πολλῶν
2721 4040 2781 4094 δὲ
2833 4041 3220 4112 σημαντηρίων
3245 4043 3348 4096 οὐκ
3392 4041 3506 4096 ἔστι
3547 4041 3705 4112 χρεία

2127 4132 2383 4196 Λατίνοις
2444 4134 2538 4188 καὶ
2603 4133 2850 4201 Ἰταλοῖς,
2907 4135 2989 4188 ὃτι
3060 4133 3194 4204 μηδὲ
3260 4135 3703 4206 ψαλτῳδημὰτων

2130 4225 2576 4294 ἀγιοπολιτικῶν,
2655 4225 2790 4284 ἀλλὰ
2856 4227 3027 4300 μόνης
3092 4225 3190 4296 τῆς
3275 4228 3534 4299 κιννὺρας
3609 4225 3703 4279 τοῦ

2132 4316 2481 4389 θεοπάτορος.
