3990 6578
1503 413 1861 475 ῦΒίΕΟΟ’ῐὶι

1940 412 2209 474 ῙΑΝυΜ.
3348 410 3489 477 1.9.26

258 576 459 587 ...μυ-η

720 729 1625 867 ΜΑΤΘΑΙΟΥ
1740 729 2090 863 ΤΟΥ
2179 724 3021 864 ΜΟΝΑΧΟΥ

816 991 1426 1086 ΖΗΤΗΜΑΤΑ
1497 996 1694 1083 ΚΑΙ
1758 994 2400 1085 ΥΠΟΘΕΣΕΙΣ
2470 989 2976 1087 ΓΑΜΙΚΑΙ.

1095 1321 1886 1452 ΜΑΤΤΗᾏΕἸ
1946 1315 2677 1448 MONACHI

504 1601 1304 1713 QUESTIONES
1409 1604 1564 1696 ET
1683 1601 2090 1698 CAUSZE
2199 1601 3334 1695 MATRIMONIALES.’

584 1931 725 2002 Περὶ
755 1932 877 1989 τῶν
898 1933 1152 2004 βαθμῶν
1187 1935 1296 1991 τοῦ
1328 1934 1542 2006 γάμου.
1590 1937 1595 1941 ’
1853 1976 1861 1996 Α

2285 1934 2365 1990 De
2393 1934 2651 2006 gradibus
2684 1935 2741 1990 in
2786 1935 3149 1993 matrimonio.

321 2049 436 2103 Οὐκ
464 2049 528 2102 ἄν
558 2065 660 2113 τις,
686 2044 859 2120 οἶμαι,
881 2049 989 2103 τῶν
1020 2046 1077 2104 εὖ
1100 2049 1437 2121 φρονούντων
1461 2051 1829 2123 άωρίαςὴμᾶς

245 2141 545 2214 γράψαιτο,
581 2143 723 2196 κατά
755 2161 818 2213 γε
851 2144 913 2196 τὸ
945 2143 1039 2196 νῦν
1061 2145 1359 2211 διεξιόντας
1398 2145 1490 2199 καὶ
1517 2147 1585 2200 τά
1606 2146 1716 2199 τῶν
1741 2146 1830 2199 λε-

249 2234 502 2305 γομένων
537 2235 633 2289 τοῦ
650 2237 829 2305 γάμου
868 2233 1115 2306 βαθμῶν,
1148 2238 1368 2306 καὶτῆς
1421 2238 1600 2293 αὐτῶν
1628 2254 1829 2307 συγγε-

248 2328 402 2391 νείας
430 2331 530 2397 τήν
561 2345 620 2381 τε
667 2328 943 2399 ἐγγύτητα
973 2330 1070 2383 καὶ
1096 2329 1419 2395 ἀπόστασιν,
1473 2332 1594 2384 ὅθεν
1622 2331 1685 2402 δὴ
1721 2330 1830 2384 τῶν

252 2421 774 2489 συγκεχωρημένων
806 2419 855 2472 οἱ
915 2421 1013 2490 τὴν
1065 2420 1304 2475 κώλυσιν
1366 2423 1581 2493 ἔχοντες
1643 2422 1830 2492 σαφῶς

247 2508 616 2580 διακρίνονται
646 2511 740 2563 καὶ
769 2509 1103 2582 ἐλέγχονται.
1141 2512 1282 2576 Τοὺς
1316 2512 1415 2583 μὲν
1449 2512 1541 2567 οὖν
1589 2513 1832 2585 βαθμοὺς

248 2601 362 2654 ἀπὸ
381 2603 695 2672 μεταφορᾶς
726 2603 980 2674 εἰρῆσθαί
1012 2605 1145 2672 φασί
1168 2621 1312 2668 τινες
1345 2605 1453 2658 τῶν
1506 2605 1605 2674 τῆς
1636 2605 1834 2675 κλίμα-

150 2750 153 2753 ,
248 2709 350 2755 κος
394 2693 725 2764 ἀναϐαθμῶν
741 2696 807 2750 ⁸⁷.
844 2695 930 2757 Ὠς
978 2696 1089 2767 γὰρ
1150 2696 1375 2750 ἐκείνων
1411 2699 1444 2766 ή
1472 2697 1653 2754 ἄνοδος
1676 2697 1769 2751 καὶ
1797 2698 1832 2768 ὴ

252 2783 477 2847 κάθοδος
507 2784 739 2853 γίνεται,
764 2783 907 2839 οὕτω
934 2786 1022 2840 διὰ
1061 2787 1171 2841 τῶν
1213 2790 1311 2859 τῆς
1357 2789 1673 2857 συγγενείας
1735 2788 1835 2859 βα-

249 2873 409 2944 θμῶν
449 2875 505 2928 οἵ
548 2894 606 2930 τε
653 2879 896 2941 ἀνιόντες
951 2880 1045 2932 καὶ
1099 2881 1149 2932 οί
1199 2881 1479 2945 κατιόντες
1547 2883 1834 2952 εὑρίσκον-

249 2978 363 3018 ται.
391 2966 452 3018 Οἱ
471 2964 526 3018 δὲ
553 2966 628 3038 μὴ
647 2965 819 3031 οὕτως
851 2968 1085 3038 ἔχοντες,
1122 2970 1185 3022 ὲκ
1207 2969 1431 3039 πλαγίου
1452 2970 1831 3040 γινώσκονται,

251 3058 579 3128 Προὸαίνειν
645 3061 833 3130 μέντοι
887 3060 1168 3131 πεφύκασι
1222 3062 1366 3116 κατὰ
1420 3062 1519 3134 τὴν
1562 3061 1673 3117 τῶν
1713 3079 1837 3133 γεν-

250 3153 466 3220 νήσεων
487 3151 659 3216 τάξιν.
703 3152 971 3224 Ἐκάστην
994 3153 1104 3226 γάρ
1120 3154 1377 3225 γέννησιν
1407 3153 1614 3226 βαθμὸν
1641 3157 1835 3210 άποτε-

252 3242 368 3296 λεῖν
391 3242 487 3296 ἕνα
508 3244 842 3315 νενόμισται.
873 3246 1093 3301 Τούτων
1146 3249 1194 3301 oi
1247 3248 1348 3317 μὲν
1400 3248 1481 3312 είς
1537 3247 1837 3312 πλάτος,οί

251 3335 312 3390 δὲ
344 3337 425 3399 είς
445 3335 607 3406 βάθος
624 3305 979 3393 έκτείνονται.
1004 3340 1114 3393 Καὶ
1138 3339 1188 3393 οί
1219 3305 1317 3411 μὲν
1343 3339 1437 3393 τοῦ
1460 3305 1837 3414 πλάτους-τὴν
1868 3305 1911 3361 Β

253 3427 428 3499 αὐτὴν
479 3428 614 3495 πρὸς
655 3429 916 3500 ἀλλήλους
945 3430 1292 3495 άποσώζουσι
1328 3431 1503 3499 τάξιν.
1572 3432 1690 3486 Υίοὶ
1735 3432 1835 3503 μὲν

253 3518 368 3590 γὰρ
420 3518 597 3584 ὄντες,
662 3519 755 3574 τὸν
803 3519 1017 3591 πρῶτον
1093 3521 1332 3586 ἅπαντες
1416 3521 1686 3592 πληροῦσι
1738 3522 1836 3592 βα-

254 3610 414 3679 θμὸνο
439 3608 658 3680 ἀδελφοὶ
684 3611 762 3676 δὲ,
790 3611 924 3683 πρὸς
955 3612 1220 3683 ἀλλήλους
1247 3613 1339 3666 τὸν
1365 3613 1766 3685 δεύτερον,τῶν
1788 3613 1837 3647 ⁸⁸

254 3702 515 3756 ἐπέκεινα
551 3698 653 3757 ὦσι
694 3704 803 3758 τῶν
849 3704 1002 3759 δέκα.
1052 3706 1198 3758 Διότι
1251 3708 1380 3770 τοὺς
1423 3706 1678 3777 γαμικῶς
1715 3721 1839 3760 συν-

254 3797 595 3866 απτομένους
627 3800 691 3852 ἐκ
713 3796 807 3851 τοῦ
837 3797 1087 3867 αἵματος,
1112 3799 1325 3870 ἀνάγκη
1357 3799 1433 3870 μὴ
1458 3800 1674 3862 πλείους
1693 3794 1835 3852 εἶναι

252 3885 365 3939 τῶν
404 3885 516 3941 δύο.
572 3887 756 3960 Ταύτῃ
813 3905 896 3942 τοι
966 3888 1065 3942 καὶ
1132 3890 1322 3943 τούσδε
1374 3891 1570 3960 μόνους
1608 3893 1674 3943 ὲκ
1725 3890 1836 3943 τῶν

258 3977 509 4048 ἀδελφῶν
543 3980 901 4053 θεωροῦντες,
930 3982 1184 4055 δευτέρου
1210 3983 1391 4054 φαμὲν
1422 3981 1561 4037 εἶναι
1600 3982 1833 4055 βαθμοῦ,

256 4070 401 4123 κατὰ
426 4069 524 4141 τὴν
551 4071 744 4143 διπλῆν
763 4073 941 4126 αὐτῶν
963 4072 1178 4128 πάντων
1198 4075 1244 4109 ⁸⁹
1261 4075 1534 4145 γέννησιν.
1552 4076 1832 4140 Ὡσαύτως

254 4164 306 4217 οἱ
337 4162 549 4232 ἀνεψιοὶ
580 4166 671 4219 τὸν
702 4166 884 4236 τρίτον
909 4166 1185 4237 ἐπέχουσι,
1216 4167 1312 4221 καὶ
1327 4169 1376 4220 oi
1399 4167 1836 4239 πρωτεξάδελφοι

254 4256 351 4309 τὸν
385 4256 664 4328 τέταρτον,
710 4260 804 4312 καὶ
854 4259 945 4313 τὸν
986 4260 1143 4314 ἕκτον
1204 4261 1254 4314 οί
1303 4260 1689 4329 δισεξάδε).φοι,
1740 4261 1837 4315 καὶ

257 4344 459 4414 ἑφεξῆς
493 4346 791 4416 ἀναλόγως.
825 4350 889 4401 Οἱ
912 4347 969 4402 δὲ
1000 4349 1139 4402 κατά
1184 4348 1368 4420 βάθος,
1395 4349 1456 4403 οὐ
1505 4349 1707 4410 πάντες
1742 4351 1835 4403 τὸν

257 4435 423 4488 αὐτὸν
459 4434 665 4505 βαθμὸν
698 4436 935 4507 ἔχουσιν.
972 4438 1089 4492 ἀλλ’
1114 4441 1163 4492 οἱ
1202 4439 1302 4508 μὲν
1342 4438 1449 4491 υἱοὶ
1481 4438 1573 4492 τὸν
1596 4438 1833 4510 πρῶτον,

256 4528 305 4580 oi
332 4525 546 4596 ἔγγονοι
574 4527 665 4581 τὸν
682 4529 956 4601 δεύτερον,
989 4530 1086 4583 καὶ
1113 4531 1164 4582 oi
1185 4530 1487 4599 δισέγγονοι
1516 4530 1604 4582 τδν
1628 4530 1833 4600 τρίτον,

2003 2047 2172 2104 Nemo
2250 2063 2355 2104 nos
2425 2048 2794 2116 accusaverit,
2850 2048 3068 2119 Opinor,
3131 2048 3224 2118 qui
3282 2048 3505 2121 quidem

1933 2141 2131 2210 sapiat,
2183 2141 2353 2198 veluti
2388 2157 2505 2197 rem
2560 2141 2793 2197 alienam
2850 2149 3099 2211 agentes,
3144 2144 3190 2197 si
3237 2144 3341 2199 hoc
3385 2143 3506 2200 loco

1932 2234 2199 2304 graduum
2239 2235 2600 2300 matrimonii,
2635 2248 2775 2304 quos
2824 2242 3044 2300 vocant,
3076 2243 3132 2291 et
3163 2235 3509 2308 cognationis

1931 2325 2249 2380 eorumdem
2283 2334 2396 2381 tam
2432 2327 2920 2398 propinquitatem,
2945 2341 3108 2396 quam
3146 2328 3508 2382 remotionvm

1933 2432 2276 2488 exponamus
2330 2434 2348 2473 :
2408 2419 2555 2474 unde
2615 2418 2727 2485 ﬂet,
2764 2419 2844 2473 uti
2893 2420 2985 2488 qui
3047 2418 3252 2487 aliquid
3307 2419 3512 2474 habent

1934 2510 2339 2579 impedimenti,
2368 2525 2400 2565 a
2433 2511 2717 2581 permissis
2748 2511 2894 2566 clare
2926 2510 3164 2566 discerni
3190 2514 3425 2582 possint,
3457 2522 3512 2566 et

1935 2600 2293 2670 deprehendi.
2323 2600 2614 2656 Enimvero
2649 2601 2850 2672 gradus
2890 2601 3057 2669 aliqui
3113 2602 3292 2658 dictos
3328 2605 3515 2671 perhi-

1937 2691 2067 2746 bent
2105 2705 2135 2745 a
2180 2692 2546 2749 translatione
2570 2693 2837 2762 graduum
2882 2694 3066 2749 scalae.
3098 2693 3311 2765 Quippe
3349 2694 3515 2750 sicuti

1935 2799 2032 2853 per
2071 2798 2167 2840 eos
2200 2785 2521 2840 ascenditur
2547 2800 2611 2840 ac
2655 2786 3027 2850 descenditur,
3070 2786 3145 2840 ita
3173 2801 3269 2856 per
3311 2786 3516 2858 gradus

1936 2877 2280 2948 cognationis
2325 2884 2437 2931 tam
2495 2870 2853 2935 ascendentes
2896 2894 3062 2948 quam
3119 2879 3518 2935 descendentes

1938 2968 2311 3023 inveniuntur.
2369 2967 2473 3035 Qui
2530 2985 2657 3024 vero
2710 2971 2793 3026 sic
2846 2970 3027 3026 affecti
3099 2986 3209 3025 non
3265 2982 3413 3038 sunt,
3448 2988 3517 3027 ex

1936 3069 2257 3117 transverso
2331 3070 2768 3132 cognoscuntur.
2847 3062 3117 3119 Caeterum
3181 3063 3385 3134 gradus
3440 3065 3517 3118 ita

1937 3152 2241 3223 comparati
2274 3159 2424 3218 sunt,
2458 3161 2517 3207 ut
2571 3153 2872 3208 secundum
2906 3154 3154 3209 ordinem
3206 3157 3520 3224 generatio-

1941 3261 2068 3300 num
2105 3245 2428 3315 procedant.
2463 3244 2677 3316 Quippe
2708 3254 2991 3316 receptum
3020 3256 3126 3309 est,
3164 3256 3221 3301 ut
3260 3250 3519 3318 qualibet

1938 3337 2217 3409 generatio
2242 3337 2471 3408 gradum
2501 3353 2668 3393 unum
2723 3338 2997 3393 absolvat.
3038 3338 3241 3394 Deinde
3291 3340 3515 3410 quidam

1938 3430 1994 3484 in
2023 3429 2395 3493 latitudinem,
2426 3430 2649 3500 quidam
2684 3429 2937 3485 deorsum
2986 3430 3376 3486 extenduntur.
3407 3432 3516 3499 Qui

1938 3524 1993 3580 in
2023 3523 2392 3590 latitudinem,
2446 3524 2697 3579 eumdem
2751 3524 2897 3577 inter
2944 3538 3003 3577 se
3060 3522 3236 3578 locum
3270 3534 3515 3582 servant.

1936 3614 2070 3670 Nam
2106 3615 2197 3686 qui
2232 3615 2389 3670 liberi
2439 3625 2591 3678 sunt,
2623 3614 2862 3682 primum
2920 3630 3111 3670 omnes
3139 3616 3367 3685 gradum
3409 3616 3518 3669 im-

1940 3710 2089 3777 plent
2124 3724 2137 3760 :
2172 3708 2264 3776 qui
2319 3705 2539 3771 fratres,
2582 3705 2828 3761 secundo
2870 3707 3015 3760 inter
3060 3722 3119 3762 se
3172 3706 3340 3776 gradu
3384 3706 3517 3777 jun-

1938 3805 2162 3867 guntur,
2209 3797 2337 3852 licet
2384 3798 2569 3867 plures
2618 3812 2848 3852 numero
2895 3798 3025 3859 sint,
3072 3812 3235 3866 quam
3300 3802 3516 3856 decem.

1937 3887 2149 3960 Quippe
2172 3888 2265 3958 qui
2296 3888 2636 3943 matrimonii
2666 3888 2786 3958 lege
2815 3887 2961 3942 inter
2991 3903 3051 3943 se
3079 3890 3411 3958 copulantur
3448 3905 3518 3946 ex

1938 3981 2128 4036 eodem
2192 3981 2459 4051 sanguine
2493 4019 2511 4046 ,
2569 3979 2887 4036 necessario
2948 3980 3134 4049 plures
3195 3995 3304 4035 non
3389 3991 3521 4035 sunt

1938 4088 2102 4142 quam
2136 4073 2265 4128 duo.
2300 4071 2420 4138 Qua
2458 4073 2623 4129 etiam
2659 4073 2728 4128 de
2760 4088 2927 4128 causa
2961 4074 3061 4130 hos
3105 4074 3253 4130 solos
3288 4089 3355 4129 ex
3408 4073 3520 4127 fra-

1937 4164 2119 4218 tribus
2146 4164 2583 4225 considerantes.
2616 4163 2843 4219 secundi
2874 4164 3077 4235 gradus
3107 4179 3230 4219 esse
3259 4164 3517 4228 dicimus,

1939 4256 2167 4310 omnino
2202 4257 2414 4310 ratione
2442 4254 2682 4323 duplicis
2720 4270 2910 4309 eorum
2955 4255 3348 4326 generationis.
3377 4253 3524 4310 ϐοη-

1940 4346 2194 4402 similiter
2264 4346 2495 4400 fratrum
2543 4361 2869 4401 sororumve
2915 4346 3072 4401 liberi
3102 4346 3330 4416 gradum
3388 4362 3521 4417 erga

1940 4450 2168 4506 patruos
2211 4447 2267 4494 et
2312 4438 2617 4493 avunculus
2660 4438 2877 4492 tertium
2905 4438 3176 4504 obtinent,
3203 4439 3521 4494 consobrini

1938 4538 2192 4600 quartum
2215 4530 2359 4585 inter
2384 4544 2465 4593 se,
2497 4530 2707 4585 sobrini
2731 4539 2969 4597 sextum,
3008 4531 3196 4585 eadem
3228 4531 3283 4583 in
3310 4531 3524 4584 caeteris

258 4618 355 4671 xui.
383 4618 585 4688 ἐφεξῆς
614 4620 838 4688 ὁμοίως.
873 4622 1022 4688 [lupo
1055 4622 1149 4675 καὶ
1174 4622 1238 4675 οὐ
1276 4622 1415 4674 κατὰ
1442 4622 1542 4685 τὰς
1570 4619 1833 4689 γενέσεις,

1943 4621 2155 4675 ratione
2186 4622 2501 4677 observata.
2532 4619 2637 4687 Qui
2674 4636 2734 4676 se
2767 4623 3058 4692 porrigunt
3090 4622 3371 4685 deorsum,
3408 4636 3520 4676 non

259 4708 337 4772 ὥς
363 4726 429 4777 γε
461 4710 605 4775 ἔδοξε
628 4713 742 4774 τοῖς
764 4712 1162 4784 ἀρχαιοτέροις,
1191 4712 1325 4766 ἀλλὰ
1354 4713 1496 4767 κατὰ
1515 4712 1613 4784 τὴν
1639 4713 1837 4766 οἰκειό-

255 4818 418 4868 τητα,
460 4802 557 4855 καὶ
589 4802 688 4872 τὴν
728 4804 822 4857 τοῦ
864 4805 1054 4872 γένους
1093 4803 1396 4874 ἐγγύτητα.
1434 4804 1526 4858 καὶ
1567 4803 1666 4875 τὴν
1701 4803 1840 4857 ἁπό-

257 4909 452 4947 στασιν
494 4894 651 4958 αὖθις
687 4896 823 4966 πρὸς
867 4895 967 4967 τὴν
1013 4896 1237 4968 πρώτην
1276 4898 1372 4949 τοῦ
1415 4898 1607 4965 γένους
1638 4896 1836 4967 ἀρχὴν,

254 4984 479 5040 κάλλιον
526 4987 653 5051 τοὺς
720 4986 962 5059 βαθμοὺς
1011 4987 1396 5057 ὀνομάζεσθαι.
1449 4989 1672 5053 Μεταξὺ
1728 4989 1838 5059 γὰρ

258 5078 472 5151 πατρὸς
500 5080 597 5132 καὶ
628 5079 747 5134 υίοῦ
813 5079 986 5150 μικρά
1031 5097 1114 5141 τις
1152 5078 1455 5144 διάστασις.
1505 5081 1738 5135 Πάππου
1782 5081 1869 5134 se

257 5167 356 5219 xui.
386 5168 612 5235 ὲγγόνου
648 5169 868 5240 μείζων.
907 5170 1232 5239 Δισεγγόνου
1256 5170 1313 5223 δὲ
1357 5171 1496 5242 πρὸς
1551 5172 1643 5225 τὸν
1670 5171 1836 5226 αὐτὸν

256 5262 342 5315 ἔτι
373 5263 596 5333 μείζων.
626 5264 783 5319 Οὕτω
807 5265 1044 5337 σχέσεως
1082 5265 1267 5338 ἔχουσι
1292 5265 1386 5318 καὶ
1412 5267 1460 5318 οί
1484 5268 1548 5319 ὲκ
1579 5266 1865 5335 πλαγίου.“

1939 4726 2135 4767 omnes
2154 4714 2407 4767 eumdem
2438 4713 2667 4781 gradum
2700 4713 2944 4778 habent;
2972 4712 3069 4768 sed
3096 4712 3192 4767 ﬁlii
3244 4715 3478 4784 primum
3504 4730 3521 4778 ;

1941 4813 2186 4874 nepotes,
2235 4806 2503 4871 alterum;
2558 4815 2911 4875 pronepotes.
2985 4806 3247 4871 tertium;
3316 4806 3521 4871 caeteri,

1946 4893 2333 4948 consimiliter.
2369 4893 2606 4963 Ideoque
2640 4907 2750 4946 non
2782 4892 3088 4956 secundum
3115 4894 3519 4961 generationes,

1942 4987 2019 5042 uti
2056 4987 2257 5057 priscis
2279 4986 2506 5057 placuit,
2533 4985 2629 5040 sed
2669 4984 2973 5041 secundum
3004 4984 3467 5042 necessitudinem
3502 5002 3518 5050 ;

1943 5088 1999 5135 et
2037 5079 2256 5150 generis
2304 5078 2794 5149 pr0pinquitatem,
2832 5079 2916 5133 vel
2960 5079 3127 5133 etiam
3160 5078 3521 5132 remotionem

1947 5190 1975 5227 a
2005 5173 2183 5241 primo
2206 5171 2423 5241 generis
2456 5170 2749 5242 principio,
2793 5169 3000 5242 gradus
3035 5171 3201 5226 hosce
3243 5182 3521 5239 numeraq

1948 5276 2190 5338 praestat.
2244 5265 2381 5320 Nam
2441 5266 2586 5321 inter
2636 5272 2845 5336 patrem
2903 5272 2959 5320 et
3016 5263 3207 5330 illium,
3262 5263 3519 5332 exiguum

256 5358 537 5430 quoddam
585 5357 934 5413 intervallum
975 5366 1081 5414 est.
1146 5356 1327 5428 najus
1381 5357 1527 5412 inter
1573 5372 1734 5413 avum
1821 5367 1877 5413 et
1915 5368 2189 5429 nepotem.
2223 5357 2369 5414 Inter
2398 5371 2579 5426 avum,
2607 5366 2665 5413 et
2703 5364 3083 5429 pronepotem,
3104 5355 3284 5411 adhuc
3317 5354 3520 5425 majus.

255 5447 460 5505 Eadem
492 5449 548 5503 in
582 5448 691 5503 iilis
722 5448 887 5504 etiam
917 5446 1131 5504 obtinet
1162 5448 1324 5512 ratio,
1350 5446 1444 5518 qui
1474 5454 1602 5502 sunt
1631 5461 1694 5503 ex
1733 5455 2071 5503 transverso.

1564 5588 1800 5646 VARIAS
1840 5591 2248 5654 LECTIONES.

336 5708 383 5742 ⁸¹¹
402 5707 758 5779 ἀναϐασμῶν.
835 5704 882 5739 ⁸⁸
901 5705 1023 5762 κάν.
1099 5706 1146 5740 ⁸⁸
1196 5704 1439 5769 πάντως.

333 5838 363 5878 «ι
389 5827 427 5884 l.
456 5826 548 5889 10.
579 5822 608 5896 §
638 5822 849 5879 Gradus
880 5837 1077 5881 autem.
1118 5824 1178 5879 Ι).
1215 5824 1279 5879 de
1299 5821 1551 5894 gradibus
1584 5827 1633 5874 et
1667 5819 1810 5890 allia.

501 5920 776 5981 Pamon.
813 5923 929 5984 Gn.
962 5920 1187 5983 CXIX.

3109 5905 3182 5966 39
