3990 6600
501 433 640 496 1227
786 384 788 387 Ι
1806 425 1839 486 Ι
1846 425 1943 486 US
1981 424 2077 485 CA?

2197 425 2425 488 “CUM
3630 422 3773 490 1223

984 539 1185 594 Divisio
1223 538 1575 609 cognationis.
2099 543 2144 598 Α
2539 541 2560 589 Δ

2099 543 2144 598 Α
2539 537 2837 606 Διαίρεσις
2870 534 2982 603 τῆς
3031 535 3391 606 συγγενείας

561 636 894 690 Cumautem
924 632 1176 704 generale
1203 645 1401 686 nomen
1428 630 1493 686 sil
1517 629 1772 700 cognatio
1806 629 1980 698 prima
2012 629 2095 684 di-

2275 628 2531 682 Γεννικδν
2561 629 2616 682 δὲ
2651 629 2823 700 ὄνομα
2847 627 2985 684 οὖσα
3011 631 3045 699 ή
3079 629 3391 698 συγγένεια,
3417 631 3498 695 είς
3521 630 3617 686 δύο
3646 636 3785 688 κατὰ

489 727 700 784 visione
716 726 770 781 in
793 726 901 780 duo
927 725 1199 799 scinditur
1215 742 1228 779 :
1245 723 1298 777 in
1319 723 1698 794 cognationem
1715 729 1988 777 naturaet
2011 738 2065 776 ar

2210 716 2424 790 πρώτην
2467 717 2735 790 διαίρεσιν
2785 718 3066 790 τέμνεται,
3099 721 3182 785 εῖς
3210 737 3269 774 τε
3311 720 3377 775 τὸ
3407 721 3571 792 φύσει
3601 725 3702 778 καὶ
3728 728 3786 781 re

493 822 853 892 regationem.
885 816 1088 872 Natura
1115 824 1384 888 cognatus
1402 826 1485 872 est
1518 822 1690 888 pater,
1712 816 1862 870 verbi
1901 829 2068 870 causa

2207 809 2366 864 θέσει.
2405 810 2515 864 Kal.
2549 810 2713 879 φύσει
2759 811 2858 883 μὲν
2897 813 3172 884 συγγενής
3203 815 3322 868 ἐστι
3351 817 3561 886 πατὴρ,
3601 817 3783 888 τυχὸν,

497 916 668 982 ﬁlius,
704 922 900 979 mater,
961 913 1090 978 filia,
1149 911 1338 978 frater,
1396 910 1784 975 consobrinus,
1813 910 2067 966 sobrinus

2210 903 2332 966 ιίδς,
2369 901 2576 974 μήτηρ,
2601 902 2870 975 θυγάτηρ,
2901 903 3157 973 ἀδελφὸς,
3192 905 3434 975 ἀνεψιὸς,
3483 907 3786 978 ὲξανεψιδς,

494 1007 703 1062 εοὶιτὶηἱ
754 1006 918 1071 filius,
943 1012 1106 1074 alque
1135 1003 1228 1058 alii
1255 1003 1412 1059 tales.
1439 1003 1805 1073 Arrogatione
1822 1017 1973 1068 vero,
2004 1017 2067 1058 so

2211 997 2222 1050 i
2260 997 2324 1049 ὲκ
2363 996 2459 1050 τοῦ
2497 995 2720 1066 ἀνεψιοῦ
2749 997 3058 1070 γεννηθεὶς,
3084 998 3180 1052 καὶ
3204 998 3304 1053 ὅσα
3327 1000 3577 1057 τοιαῦτα.
3629 1002 3787 1058 Θέσει

494 1115 608 1164 cer,
636 1114 822 1172 gener,
846 1098 1012 1152 frater
1034 1097 1308 1167 conjugis.
1346 1097 1490 1152 ﬁlius
1514 1096 1822 1167 adoptivus.
1853 1095 2070 1149 Rursun

2208 1088 2272 1153 se,
2308 1090 2592 1162 πενθερὸς,
2637 1091 2909 1161 γαμϐρὸς,
2951 1091 3407 1163 γυναικάδελφος,
3455 1093 3610 1158 θετὸς
3654 1097 3784 1159 υἱός.

496 1191 748 1260 cognatio
781 1187 1055 1243 naturalis
1089 1186 1340 1242 bifariam
1393 1186 1681 1250 dividitur,
1746 1188 1998 1242 videlicet
2033 1186 2072 1240 ir

2209 1181 2268 1233 Γὸ
2300 1181 2462 1249 φύσει
2494 1183 2553 1236 δὲ
2603 1183 2770 1237 πάλιν
2805 1183 3203 1255 ὑποδιαιρεῖται
3237 1187 3316 1246 είς
3355 1185 3467 1239 δύο.
3506 1187 3601 1250 Et;
3633 1205 3696 1240 τε
3728 1191 3785 1242 τδ

498 1289 816 1352 procreatos
843 1296 908 1336 ex
948 1279 1154 1350 nuptiis
1187 1279 1468 1348 legitimis,
1501 1289 1555 1334 et
1589 1280 1751 1350 vulgo
1800 1281 2074 1350 qumsilos.

2196 1274 2337 1340 μετὰ
2369 1275 2550 1346 γάμου
2597 1275 2856 1348 νομίμου,
2895 1277 2991 1330 καὶ
3031 1277 3095 1330 τὸ
3123 1278 3189 1330 ὲκ
3237 1279 3495 1346 πορνείας
3531 1281 3771 1348 γεγονός.

500 1375 790 1446 Arrogatio
849 1388 1071 1444 quoque
1123 1370 1494 1428 subdividitur
1556 1373 1608 1426 in
1662 1371 1980 1427 afliuitatem
2034 1381 2076 1426 el

2205 1368 2264 1422 Γὸ
2293 1368 2349 1421 δὲ
2385 1368 2533 1423 θέσει
2565 1369 2964 1441 ὑποδιαιρεῖται
2988 1374 3081 1422 καὶ
3105 1370 3239 1424 αὐτὸ
3271 1371 3351 1434 ei;
3374 1389 3432 1423 τε
3462 1373 3781 1442 ἀγχιστείαν

497 1467 868 1537 ad0ptionem.
905 1465 1154 1520 Aliinitas
1186 1474 1271 1521 est
1321 1465 1694 1531 necessitudo,
1726 1481 1848 1536 qua:
1893 1481 2073 1536 prove-

2201 1459 2288 1512 καὶ
2314 1459 2483 1515 θέσιν.
2517 1460 2629 1515 Kal.
2677 1461 2826 1515 ἐστιν
2866 1461 3158 1532 ἀγχιστεία
3211 1463 3330 1531 μὲν,
3373 1464 3404 1534 ἡ
3443 1463 3502 1527 ἐξ
3536 1465 3777 1534 ἐπιγαμ-

492 1562 574 1615 nit
606 1575 672 1614 ex
697 1557 1086 1612 matrimoniali
1121 1557 1499 1627 copulatione.
1534 1558 1799 1628 Adoptio,
1843 1558 2068 1628 alicujus

2204 1551 2354 1622 Βρίας
2383 1553 2710 1622 συγγένειαο
2751 1555 2904 1618 θέσις
2935 1555 3014 1618 δὲ,
3051 1557 3084 1626 ἡ
3125 1556 3297 1627 χωρὶς
3344 1558 3616 1627 σαρκικῆς
3655 1577 3780 1611 συν-

493 1653 547 1706 in
574 1651 744 1705 filium
779 1650 1074 1720 cooptatio,
1107 1650 1247 1703 citra
1300 1650 1746 1718 coniunctionem
1771 1649 2069 1705 carnalem.

2197 1642 2385 1712 αφείας
2417 1646 2682 1702 υἱοθεσία.
2722 1647 2786 1700 Ἦ
2824 1647 3009 1719 μέντοι
3037 1647 3412 1716 ἀδελφοποιία,
3439 1649 3500 1703 οὗ
3540 1650 3773 1719 νόμιμόν

491 1744 834 1800 Fraternitas
889 1753 1070 1797 autem
1112 1742 1255 1796 facta
1310 1757 1406 1811 per
1467 1742 1816 1814 adoptionem
1870 1743 2067 1814 legibu:

2202 1739 2361 1792 ἐστιν.
2403 1739 2667 1804 ’Δπαιδες
2712 1741 2812 1810 μὲν
2877 1741 2987 1812 γὰρ
3038 1741 3217 1806 ὄντες,
3261 1741 3638 1814 ὲσοφισάμεθα
3686 1743 3778 1813 τὴν

495 1844 785 1906 repugnat.
820 1834 1032 1905 Quippe
1061 1835 1249 1890 liberis
1271 1833 1541 1898 destituti,
1562 1834 1909 1902 ad0ptionem
1935 1847 2071 1888 com-

2206 1829 2494 1896 υἱοθεσίαν,
2551 1834 2631 1894 εἰς
2675 1833 2927 1904 διαδοχὴν
2975 1834 3086 1888 τῶν
3150 1834 3514 1905 πραγμάτιον.
3568 1835 3688 1907 Τὴν
3731 1837 3782 1890 δὲ

493 1923 663 1977 menti
677 1938 890 1987 sumus,
911 1923 1178 1978 bonorum
1200 1922 1743 1979 transmittendornm
1757 1937 1943 1978 causa.
1959 1922 2069 1978 Fra‘

2209 1920 2589 1990 ἀδελφοποιῒαν
2613 1923 2842 1994 οὐδεμία
2882 1925 3096 1994 εἰσάγει
3128 1923 3349 1992 εὔλογος
3374 1927 3676 1996 πρόφασις.
3708 1927 3785 1981 Τά

499 2014 812 2070 ternitatem
856 2031 987 2070 vero
1049 2033 1145 2086 per
1169 2015 1513 2087 adaptionem
1547 2016 1745 2072 factam
1781 2016 1912 2088 (67),
1941 2017 2075 2074 nulla

2209 2011 2300 2083 μὲν
2329 2008 2424 2068 οὖν
2449 2016 2510 2068 τὸ
2544 2012 2768 2083 εὔλογον
2792 2014 3006 2086 ἔχοντα,
3037 2015 3132 2069 καὶ
3157 2018 3186 2070 ό
3215 2017 3381 2087 νόμος
3420 2017 3670 2082 ἐδέξατο.
3709 2017 3785 2072 Τὰ

497 2110 638 2163 ratio
662 2110 966 2181 probabilis
997 2110 1324 2166 introducit.
1363 2109 1484 2166 Jam
1552 2111 1597 2167 si
1656 2126 1778 2182 quae
1821 2112 2073 2167 rationeu

1552 2111 1597 2167 si
1656 2126 1778 2182 qua:
1821 2112 2090 2167 rationem
2191 2104 2249 2159 δὲ
2275 2105 2350 2177 μὴ
2380 2105 2604 2161 τοιαῦτα
2632 2108 2694 2160 οὐ
2725 2106 3083 2177 παρεδέξατο.

492 2201 830 2269 probabilem
870 2203 1094 2268 habent,
1129 2217 1192 2259 ea
1223 2202 1309 2258 lex
1338 2203 1502 2258 etiam
1527 2203 1767 2258 admittit
1793 2220 1808 2260 :
1839 2218 1963 2275 quae
1991 2212 2088 2260 ta-

492 2295 563 2347 lia
602 2309 711 2350 non
737 2303 888 2362 sunt,
924 2294 1127 2366 rejicit.

566 2385 806 2442 Rursum
831 2401 930 2456 per
949 2385 1406 2450 subdivisionem,
1444 2385 1681 2444 aflinitas
1721 2387 1806 2444 vel
1841 2403 1910 2444 ex
1945 2387 2087 2445 duo-

2261 2383 2434 2440 Πάλιν
2484 2382 2608 2438 καθ’
2655 2383 3033 2456 ὑποδιαίρεσιν
3077 2384 3148 2438 τὰ
3180 2385 3237 2454 ἐξ
3273 2385 3593 2457 ἀγχιστείας
3634 2389 3676 2458 ἢ
3723 2391 3783 2443 ἐκ

481 2480 593 2535 'bns
625 2478 926 2550 generibus
965 2477 1244 2544 consistit,
1279 2478 1358 2533 uti
1398 2492 1522 2533 cum
1559 2488 1792 2549 patruus
1812 2490 1866 2535 et
1894 2479 2048 2536 fratri

2206 2479 2281 2533 ἰύο
2321 2478 2498 2548 γενῶν
2551 2479 2914 2533 συνίσταται·
2955 2479 3031 2545 ὡς
3063 2481 3205 2544 θεῖος
3254 2481 3346 2534 καὶ
3385 2482 3607 2551 ἀνεψιδς
3655 2500 3782 2537 συν-

490 2570 660 2634 ﬁlius,
693 2583 818 2624 cum
874 2568 1041 2622 amita
1088 2569 1319 2641 ejusque
1379 2568 1568 2626 fratris
1623 2571 1905 2627 sororisve
1974 2573 2066 2628 ﬁli:

2196 2570 2455 2641 αφθὲντες
2505 2570 2627 2640 θείᾳ
2686 2571 2780 2624 καὶ
2835 2571 3072 2641 ἀνεψιᾷ·
3113 2571 3147 2644 ἢ
3195 2570 3289 2625 δύο
3323 2572 3772 2644 πρωτεξάδελᾳοι

487 2660 736 2732 copulati
777 2669 906 2717 sunt
939 2676 954 2727 ;
983 2661 1066 2717 vel
1097 2662 1420 2718 consobrini
1478 2664 1609 2728 duo,
1681 2680 1803 2719 cum
1864 2665 2063 2722 duabu:

2201 2662 2310 2718 Ξυσὶ
2348 2661 2850 2733 πρωτεξαδέλφαις.
2898 2663 3005 2715 Καὶ
3044 2663 3290 2717 καλεῖται
3350 2665 3672 2733 ἀγχιστεία.
3712 2666 3777 2717 Ἦ

489 2753 842 2810 consobrinis
871 2771 886 2821 ;
920 2769 1041 2825 qua:
1073 2756 1294 2826 proprie
1323 2755 1529 2811 dicitur
1562 2755 1794 2813 afﬁnitas
1822 2775 1835 2811 :
1867 2759 1949 2814 vel
1977 2760 2065 2812 ali:

2205 2754 2611 2827 παραϐέϐληται
2637 2757 2728 2810 καὶ
2755 2755 2944 2826 ἕτερον
2977 2756 3270 2828 πρόσωπον
3302 2757 3504 2827 μεταξῦ
3538 2757 3654 2808 τῶν
3695 2758 3781 2810 δύο

497 2861 721 2917 quoque
743 2861 976 2916 persona
1001 2847 1217 2902 duobus
1244 2846 1400 2902 hisce
1427 2848 1722 2919 generibus
1761 2849 2073 2914 intervenit,

2202 2847 2393 2901 τούτων
2422 2846 2619 2916 γενῶν,
2645 2849 2739 2902 καὶ
2767 2849 3014 2902 καλεῖται
3047 2848 3106 2916 ἐξ
3129 2849 3448 2920 ἀγχιστείας
3473 2850 3778 2921 τριγένεια.

489 2950 546 2994 et
569 2946 798 2992 vocatur
827 2938 940 2992 haec
975 2939 1138 2993 trium
1171 2953 1434 3009 generum
1466 2954 1564 3008 per
1612 2939 1931 2996 afﬁnitatem
1990 2957 2065 2996 co

2196 2939 2310 2994 Εἰσὶ
2344 2939 2400 2992 δὲ
2439 2939 2616 2993 ταῦτα
2647 2942 2742 2993 καὶ
2778 2941 2995 2995 κωλυτά
3027 2941 3123 2994 καὶ
3152 2940 3430 3004 ἀκώλυτα,
3456 2942 3532 3005 ὡς
3566 2943 3625 2995 ὲν
3659 2944 3772 3006 τοῖς

488 3029 719 3102 pulatio.
753 3028 818 3083 Et
849 3037 981 3086 sunt
1013 3029 1124 3084 hinc
1154 3030 1350 3098 partim
1407 3029 1706 3100 prohibita,
1733 3030 1932 3100 partim
1972 3047 2064 3086 nor

1303 3043 1350 3082 tn
1407 3029 1706 3100 prohibita,
1733 3030 1932 3100 partim
1972 3046 2081 3086 non
2187 3033 2476 3104 ἑπομένοις
2503 3033 2876 3104 δειχθήσεται.

491 3123 794 3196 prohibita,
829 3124 975 3180 sicut
1006 3124 1065 3176 in
1100 3121 1460 3193 sequentibus
1490 3121 1834 3178 ostendetur.

565 3218 803 3290 Adoptio
818 3216 904 3272 vel
932 3215 992 3270 ﬁt
1028 3231 1120 3285 per
1143 3217 1544 3286 coeptationcm
1571 3217 1625 3272 in
1656 3216 1849 3283 ﬁlium,
1873 3231 2084 3274 sucees-
2108 3234 2141 3297 ε

2270 3216 2337 3270 Ἥ
2377 3216 2435 3270 δὲ
2483 3215 2629 3279 θέσις
2685 3217 2718 3288 ἢ
2775 3216 2917 3273 κατὰ
2971 3216 3246 3272 υἱοθεσίαν
3281 3217 3494 3287 γίνεται
3523 3219 3783 3292 διαδοχῆς

491 3311 665 3366 sionis
693 3324 901 3374 causa;
940 3311 1025 3363 vel
1053 3323 1150 3378 per
1190 3310 1598 3378 susceptionem
1629 3323 1695 3364 ex
1759 3310 2067 3380 baptismatt

2207 3310 2374 3382 (ἀριν,
2415 3311 2448 3382 ἢ
2500 3313 2643 3366 κατὰ
2686 3311 2954 3384 ἀναδοχὴν
2988 3312 3087 3384 τὴν
3119 3313 3228 3368 ἀπὸ
3269 3313 3361 3368 τοῦ
3391 3315 3552 3385 ἁγίου
3580 3316 3783 3388 βαπτί-

491 3418 682 3467 sacro,
748 3400 1190 3457 conﬁrmationis
1237 3409 1290 3456 et
1349 3401 1638 3466 doctrina),
1693 3409 1859 3471 atque
1915 3401 2062 3456 etian

2205 3418 2420 3474 τματος,
2473 3402 2782 3476 στηριγμοῦ
2829 3405 2924 3457 καὶ
2967 3403 3350 3472 διδασκαλίας,
3412 3407 3494 3461 ἔτι
3571 3410 3629 3462 δὲ
3682 3410 3781 3464 καὶ

491 3494 796 3554 testimonii
828 3507 1020 3548 causa.
1054 3491 1164 3547 Sed
1205 3492 1425 3562 adeptio
1456 3507 1515 3547 se
1545 3492 1776 3562 porrigit
1805 3492 1872 3547 ad
1913 3492 2067 3548 haeret

2210 3495 2506 3566 ιαρτυρίας
2541 3496 2728 3551 ἓνεκα.
2786 3496 2929 3550 Ἀλλ’
2980 3498 3111 3569 ἡμῖν
3132 3499 3178 3532 ⁹⁶
3234 3500 3490 3557 υἱοθεσία.
3551 3504 3652 3556 καὶ
3706 3502 3786 3566 εις

491 3589 718 3644 ditatem
742 3583 1071 3642 adeundam.
1099 3584 1254 3638 llunc
1277 3585 1421 3640 enim
1443 3587 1509 3638 ad
1539 3583 1696 3638 ﬁnem
1727 3582 1869 3638 facta
1882 3591 1986 3641 est.
2007 3583 2067 3638 Ει

2205 3587 2558 3660 ιληρονομίαν
2602 3590 2932 3661 εἰσέρχεται.
2963 3590 3065 3644 Διά
3107 3591 3268 3646 τοῦτο
3311 3594 3406 3647 καὶ
3442 3595 3552 3666 γάρ
3585 3596 3781 3666 ἐγεγό-

490 3681 823 3752 baptismate
876 3676 1174 3746 susceptio,
1213 3677 1484 3732 duntaxat
1544 3675 1602 3730 in
1647 3675 1910 3747 gradibus
1964 3689 2066 3730 ma-

2202 3695 2289 3734 ρει.
2335 3679 2401 3734 Ἠ
2425 3679 2480 3733 δὲ
2509 3680 2617 3733 ἀπὸ
2643 3679 2737 3733 τοῦ
2765 3681 2927 3750 ἁγίου
2968 3680 3372 3754 βαπτίσματος,
3396 3685 3477 3748 είς
3506 3688 3638 3750 τοὺς
3676 3707 3778 3755 γα-

487 3774 880 3831 trimoniorum
911 3777 1212 3842 spectatur.
1244 3769 1310 3824 Et
1343 3769 1458 3824 haec
1498 3767 1718 3840 quidem
1775 3767 2063 3838 generatio:

2202 3776 2383 3839 ιικοὺς
2428 3775 2624 3845 μόνους
2666 3775 2913 3849 ζητεῖται
2961 3777 3225 3849 βαθμούς.
3277 3781 3388 3833 Kal
3437 3781 3580 3852 αὕτη
3617 3783 3778 3855 μὲνὴ

489 3867 836 3942 cognationis
859 3875 944 3923 est
977 3864 1198 3920 divisio.
1237 3863 1504 3935 Deinceps
1535 3863 1703 3917 etiam
1741 3862 1810 3918 de
1839 3863 2065 3935 particu‘

2206 3865 2598 3940 ιαθολικωτέρα
2623 3868 2721 3940 τῆς
2763 3870 3088 3938 συγγενείας
3121 3870 3412 3942 διαίρεσις.
3456 3873 3690 3946 Ἐφεξῆς
3723 3876 3782 3929 δὲ

489 3963 697 4020 laribus
739 3961 1008 4017 dicemus.

2185 3961 2280 4012 καὶ
2312 3960 2444 4032 περὶ
2470 3961 2581 4014 τῶν
2609 3963 2749 4016 κατᾶ
2779 3962 2944 4034 μέρος
2975 3964 3231 4035 ἐροῦμεν.

804 4052 876 4108 De
904 4052 1292 4108 necessitudine
1314 4066 1406 4121 per
1428 4051 1760 4121 sanguinem.

2434 4052 2576 4122 Περὶ
2605 4051 2718 4123 τῆς
2745 4054 2816 4118 ἐξ
2836 4055 3085 4124 αἵματος
3115 4058 3500 4126 συγγενείας.

559 4148 852 4205 Gentilitas
882 4149 1000 4204 sive
1027 4145 1482 4217 consanguinitas
1511 4143 1777 4199 dividitur
1802 4142 1857 4198 in
1889 4157 2083 4200 ascen-

2255 4144 2559 4214 Διαιρεῖται
2603 4143 2786 4198 τοίνυν
2824 4145 2885 4198 τὸ
2935 4147 3194 4215 ὁμογενὲς
3225 4148 3322 4199 καὶ
3355 4148 3411 4212 ἐξ
3435 4149 3668 4218 αῖματος
3699 4150 3783 4213 εἷς

488 4243 684 4298 dentes
712 4250 766 4298 et
796 4239 1219 4303 descendentes,
1254 4245 1309 4292 et
1334 4251 1452 4303 eos,
1486 4236 1580 4306 qui
1636 4245 1765 4291 sunt
1799 4252 1866 4292 ex
1893 4245 2064 4290 trans-

2207 4252 2243 4288 τε
2294 4236 2566 4300 ἀνιόντας,
2618 4237 2713 4289 καὶ
2756 4237 3067 4302 κατιόντας.
3123 4239 3218 4291 καὶ
3258 4240 3383 4301 τοὺς
3426 4241 3493 4293 ὲκ
3524 4242 3783 4312 πλαγίου.

489 4349 671 4390 verso.
696 4331 1075 4388 Ascendentes
1104 4337 1254 4393 sunt,
1283 4328 1376 4398 qui
1414 4343 1515 4383 nos
1569 4338 1897 4395 genuerunt,
1930 4326 2059 4382 verb

2208 4330 2298 4382 (at
2337 4328 2583 4393 ἀνιόντες
2623 4328 2725 4399 μὲν
2760 4330 2900 4382 εἰσὶν
2938 4330 2988 4382 oi
3025 4332 3174 4402 ἡμᾶς
3199 4333 3622 4404 γεγεννηκότες.
3653 4330 3784 4390 Οἷον

480 4428 682 4499 gratia,
710 4431 862 4495 pater
891 4432 946 4479 et
974 4432 1166 4486 mater,
1208 4436 1344 4476 avus
1366 4427 1420 4474 et
1460 4420 1602 4486 avia,
1629 4429 1682 4474 et
1712 4419 1804 4491 qui
1837 4429 1966 4476 sunt
1996 4419 2048 4476 bi

2206 4421 2370 4493 τατὴρ
2399 4423 2492 4476 καὶ
2524 4424 2727 4496 μήτηρ,
2748 4423 2970 4486 πάππος
2998 4424 3094 4478 καὶ
3120 4425 3346 4495 μάμμη,
3376 4427 3472 4480 καὶ
3499 4428 3549 4480 oi
3573 4429 3782 4483 τούτων

487 4519 823 4590 superiores.
853 4513 1288 4578 Descendentes,
1317 4513 1412 4578 qui
1450 4527 1516 4568 ex
1552 4511 1711 4566 nobis
1757 4522 1887 4567 sunt
1940 4526 2063 4581 pro-

2203 4512 2462 4583 ithépw.
2505 4515 2801 4578 Κατιόντες
2843 4515 2921 4578 δὲ,
2973 4516 3024 4568 οἱ
3067 4515 3125 4583 ἐξ
3175 4517 3335 4586 ἡμῶν
3387 4521 3779 4588 γεννηθέντες,

487 4579 681 4674 creati,
715 4607 866 4662 verbi
919 4606 1116 4677 gratia,
1151 4607 1315 4672 ﬁlius,
1343 4604 1470 4667 ﬁlia,
1499 4619 1686 4675 nepos,
1717 4604 1918 4674 neptis,
1942 4579 2063 4675 pro

2204 4599 2298 4658 ιῖον
2351 4579 2489 4670 υίὸς,
2541 4605 2824 4677 θυγάτηρ,
2867 4579 3122 4676 ἔγγονος,
3162 4579 3411 4680 ἐγγόνη,
3441 4579 3780 4680 δισόγγονος,

489 4716 682 4772 nepos,
729 4699 1033 4770 proneptis,
1095 4709 1149 4755 et
1212 4699 1306 4771 qui
1346 4698 1449 4755 bos
1501 4699 1696 4754 ordine
1745 4707 2065 4770 sequuntur.

2199 4698 2496 4769 Βισεγγόνη,
2529 4699 2625 4752 καὶ
2659 4701 2711 4752 οί
2746 4699 2953 4753 τούτων
2995 4699 3216 4770 ἐφεξῆς.
3270 4700 3369 4755 Ἐκ
3403 4701 3638 4769 πλαγίου
3694 4703 3775 4768 δὲ,

488 4796 566 4850 Ex
595 4801 916 4851 transverso
937 4800 1086 4856 sunt,
1114 4793 1209 4864 qui
1229 4807 1406 4864 neque
1429 4807 1530 4850 nos
1547 4803 1874 4864 genuerunt,
1900 4808 2064 4864 neque

2194 4792 2235 4844 ei
2271 4793 2408 4863 μήτε
2448 4791 2592 4860 ἡμᾶς
2628 4789 3045 4860 γεγεννηκότες,
3085 4792 3225 4863 μήτε
3261 4791 3321 4859 ἐξ
3357 4793 3515 4863 ἡμῶν
3577 4810 3770 4862 γεννη-

488 4886 764 4956 procreati
799 4895 1022 4942 suntex
1057 4884 1216 4942 nobis
1254 4903 1270 4940 :
1306 4885 1403 4940 sed
1429 4885 1498 4940 ad
1525 4884 1775 4941 eamdem
1805 4886 2064 4956 originem

2196 4882 2390 4948 ὂέντες,
2411 4881 2518 4935 ὑπὸ
2544 4881 2602 4937 δὲ
2629 4882 2730 4952 τὴν
2761 4879 2935 4953 αὐτὴν
2969 4881 3067 4935 καὶ
3105 4883 3237 4954 μίαν
3267 4882 3448 4955 ἀρχὴν
3479 4886 3573 4936 καὶ
3608 4885 3772 4952 γονὴν

489 4995 552 5034 ac
579 4978 891 5049 progeniem
923 4977 1211 5034 nobiscum
1256 4975 1600 5044 referuntur,
1667 4977 1818 5033 verbi
1875 4977 2065 5049 gratia,

2193 4974 2318 5044 ἡμῖν
2357 4973 2710 5044 ἀναγόμενοι,
2731 4966 2844 5027 οἷον
2887 4973 3138 5044 ἀδελφὸς,
3169 4972 3397 5044 ἀδελφὴ,
3434 4974 3599 5039 θεῖος,
3631 4974 3769 5041 θεία,

487 5073 679 5139 frater,
709 5086 888 5136 soror,
923 5077 1175 5142 patruus,
1209 5070 1398 5134 amita,
1441 5069 1631 5126 fratris
1675 5069 1820 5125 ﬁlius
1853 5079 1909 5125 et
1939 5068 2063 5135 filial

2192 5065 2427 5136 ἀνεψιὸς,
2450 5065 2672 5136 ἀνεψιὰ,
2697 5067 3012 5136 ἐξάδελφος,
3041 5064 3333 5136 ὲξαδὲλφη,
3362 5067 3458 5120 καὶ
3487 5069 3540 5120 οἱ
3568 5066 3768 5120 τούτων

485 5166 872 5231 consobrinus,
903 5165 1260 5233 consobrina,
1285 5173 1338 5220 et
1359 5164 1452 5234 qui
1487 5165 1588 5220 nos
1612 5164 1806 5220 ordine
1831 5178 2061 5236 sequun-

1981 5179 2073 5218 un-
2181 5159 2459 5224 ὲπέκεινα,
2497 5159 2547 5212 οἱ
2575 5159 2683 5212 ἀπὸ
2707 5158 2990 5230 λοξότητος
3017 5157 3221 5229 δηλαδὴ
3251 5161 3557 5226 συγγενεῖς.

486 5269 596 5325 tur,
631 5257 890 5312 nimirum
916 5271 980 5311 ex
1011 5255 1236 5326 obliquo
1270 5254 1512 5326 cognati.
2021 5241 2028 5244 ”

628 5349 704 5403 De
730 5347 1131 5403 ascendentibus
1173 5357 1223 5404 et
1275 5345 1706 5404 descendentibus
1769 5343 1903 5416 (68).

1858 5348 1903 5416 η),
2468 5339 2608 5408 Περὶ
2632 5340 2926 5394 ἀνιόντων
2957 5338 3055 5393 καί
3087 5340 3434 5394 κατιόντων.

557 5443 846 5497 Enimvero
893 5441 1254 5499 ascendentes
1307 5457 1338 5497 a
1397 5440 1884 5504 descendentibus,
1947 5439 2076 5496 licet

2266 5434 2405 5488 Ἀλλ’
2447 5436 2496 5488 οἱ
2535 5433 2634 5505 μὲν
2667 5435 2910 5498 ἀνιόντες
2960 5434 3094 5504 πρὸς
3144 5435 3268 5497 τοὺς
3318 5436 3632 5500 κατιόντας,
3662 5435 3771 5487 xiv

1779 5555 2020 5614 VARle
2060 5554 2467 5614 LECTIONES.

555 5653 602 5688 ”
641 5656 674 5726 ἡ
721 5654 844 5725 μέν.

2009 5743 2240 5801 NOTAE.

560 5841 671 5916 (δῖ)
701 5841 1171 5916 pefraternitate
1199 5856 1294 5911 per
1326 5841 1677 5916 adeptionem
1732 5842 1896 5908 facta,
1929 5841 2052 5898 vide
2081 5837 2301 5895 Basilio.
2344 5838 2440 5894 lib.
2477 5855 2642 5905 xxxv,
2669 5839 2753 5894 tit.
2790 5838 2873 5893 l3.
2908 5847 2962 5893 et
2997 5837 3031 5892 Ι.
3068 5839 3120 5894 7.
3157 5837 3218 5893 ε.
3268 5836 3340 5892 De
3375 5834 3762 5892 Ita'rchIstil.

540 5912 671 5984 (68)
701 5911 736 5965 Ι.
759 5911 852 5966 ‘25.
891 5913 950 5966 Ι).
991 5912 1068 5967 Dc
1089 5914 1178 5967 rit.
1211 5923 1362 5983 nupt.
