  <div class='ocr_page' id='page_1' title='image "/cluster/home/n/w/nwhite01/storage/ocr_20150623/119/hvd.32044019208156/622.png"; bbox 0 0 3990 6610; ppageno 0'>
   <div class='ocr_carea' id='block_1_1' title="bbox 247 450 385 514">
    <p class='ocr_par' dir='ltr' id='par_1_1' title="bbox 247 450 385 514">
     <span class='ocr_line' id='line_1_1' title="bbox 247 450 385 514; baseline 0.014 -2"><span class='ocrx_word' id='word_1_1' title='bbox 247 450 385 514; x_wconf 80' lang='lat'><strong>1229</strong></span> 
     </span>
    </p>
   </div>
   <div class='ocr_carea' id='block_1_2' title="bbox 1527 443 2233 505">
    <p class='ocr_par' dir='ltr' id='par_1_2' title="bbox 1527 443 2233 505">
     <span class='ocr_line' id='line_1_2' title="bbox 1527 443 2233 505; baseline -0.007 0"><span class='ocrx_word' id='word_1_2' title='bbox 1527 444 1794 505; x_wconf 57' lang='lat' dir='ltr'><strong>GRKECO</strong></span> <span class='ocrx_word' id='word_1_3' title='bbox 1830 443 2233 504; x_wconf 71' lang='lat' dir='ltr'><strong>ROMANUM.</strong></span> 
     </span>
    </p>
   </div>
   <div class='ocr_carea' id='block_1_3' title="bbox 3347 435 3486 501">
    <p class='ocr_par' dir='ltr' id='par_1_3' title="bbox 3347 435 3486 501">
     <span class='ocr_line' id='line_1_3' title="bbox 3347 435 3486 501; baseline 0.014 -2"><span class='ocrx_word' id='word_1_4' title='bbox 3347 435 3486 501; x_wconf 78' lang='grc'>1230</span> 
     </span>
    </p>
   </div>
   <div class='ocr_carea' id='block_1_4' title="bbox 249 551 1836 642">
    <p class='ocr_par' dir='ltr' id='par_1_4' title="bbox 249 556 1816 642">
     <span class='ocr_line' id='line_1_4' title="bbox 249 556 1816 642; baseline -0.004 -21"><span class='ocrx_word' id='word_1_5' title='bbox 249 568 327 642; x_wconf 76' lang='grc' dir='ltr'>μὴ</span> <span class='ocrx_word' id='word_1_6' title='bbox 361 567 421 634; x_wconf 76' lang='grc' dir='ltr'><strong>ἐξ</strong></span> <span class='ocrx_word' id='word_1_7' title='bbox 449 561 691 636; x_wconf 72' lang='grc' dir='ltr'>ἐννόμων</span> <span class='ocrx_word' id='word_1_8' title='bbox 722 556 826 618; x_wconf 79' lang='grc' dir='ltr'>ὦσι</span> <span class='ocrx_word' id='word_1_9' title='bbox 855 565 1072 636; x_wconf 83' lang='grc' dir='ltr'>γάμων,</span> <span class='ocrx_word' id='word_1_10' title='bbox 1122 562 1211 617; x_wconf 78' lang='grc' dir='ltr'><strong>ἐπ’</strong></span> <span class='ocrx_word' id='word_1_11' title='bbox 1243 562 1469 632; x_wconf 74' lang='grc' dir='ltr'>ἄπειρον</span> <span class='ocrx_word' id='word_1_12' title='bbox 1497 561 1816 615; x_wconf 82' lang='grc' dir='ltr'><strong>κωλύονται.</strong></span> 
     </span>
    </p>
   </div>
   <div class='ocr_carea' id='block_1_5' title="bbox 1941 551 3496 642">
    <p class='ocr_par' dir='ltr' id='par_1_5' title="bbox 1941 551 3496 629">
     <span class='ocr_line' id='line_1_5' title="bbox 1941 551 3496 629; baseline -0.007 -16"><span class='ocrx_word' id='word_1_13' title='bbox 1941 575 1986 614; x_wconf 72' lang='lat' dir='ltr'><strong>2x</strong></span> <span class='ocrx_word' id='word_1_14' title='bbox 2018 555 2275 629; x_wconf 72' lang='lat' dir='ltr'><strong>legitimis</strong></span> <span class='ocrx_word' id='word_1_15' title='bbox 2310 568 2432 607; x_wconf 70' lang='lat' dir='ltr'><strong>non.</strong></span> <span class='ocrx_word' id='word_1_16' title='bbox 2453 553 2566 609; x_wconf 88' lang='lat' dir='ltr'><strong>nati</strong></span> <span class='ocrx_word' id='word_1_17' title='bbox 2598 553 2710 609; x_wconf 90' lang='lat' dir='ltr'><strong>sint</strong></span> <span class='ocrx_word' id='word_1_18' title='bbox 2735 551 2963 622; x_wconf 91' lang='lat' dir='ltr'><strong>nuptiis,</strong></span> <span class='ocrx_word' id='word_1_19' title='bbox 2997 551 3050 607; x_wconf 90' lang='lat' dir='ltr'><strong>in</strong></span> <span class='ocrx_word' id='word_1_20' title='bbox 3081 551 3354 608; x_wconf 84' lang='lat' dir='ltr'><strong>inﬁnitum</strong></span> <span class='ocrx_word' id='word_1_21' title='bbox 3407 562 3496 603; x_wconf 88' lang='lat' dir='ltr'><strong>ar-</strong></span> 
     </span>
    </p>
   </div>
   <div class='ocr_carea' id='block_1_6' title="bbox 243 651 1826 729">
    <p class='ocr_par' dir='ltr' id='par_1_6' title="bbox 243 651 1826 729">
     <span class='ocr_line' id='line_1_6' title="bbox 243 651 1826 729; baseline -0.006 -15"><span class='ocrx_word' id='word_1_22' title='bbox 243 661 319 714; x_wconf 79' lang='grc' dir='ltr'><strong>Οὐ</strong></span> <span class='ocrx_word' id='word_1_23' title='bbox 349 659 462 729; x_wconf 74' lang='grc' dir='ltr'><strong>γὰρ</strong></span> <span class='ocrx_word' id='word_1_24' title='bbox 488 651 598 711; x_wconf 74' lang='grc' dir='ltr'>οἷόν</span> <span class='ocrx_word' id='word_1_25' title='bbox 624 673 683 710; x_wconf 88' lang='grc' dir='ltr'><strong>τε</strong></span> <span class='ocrx_word' id='word_1_26' title='bbox 719 658 811 710; x_wconf 78' lang='grc' dir='ltr'><strong>τὸν</strong></span> <span class='ocrx_word' id='word_1_27' title='bbox 851 656 1078 711; x_wconf 79' lang='grc' dir='ltr'>πάππον</span> <span class='ocrx_word' id='word_1_28' title='bbox 1103 657 1170 725; x_wconf 83' lang='grc' dir='ltr'>τῇ</span> <span class='ocrx_word' id='word_1_29' title='bbox 1219 653 1385 708; x_wconf 77' lang='grc' dir='ltr'>αὑτοῦ</span> <span class='ocrx_word' id='word_1_30' title='bbox 1415 653 1614 723; x_wconf 80' lang='grc' dir='ltr'>ὲγγόνῃ</span> <span class='ocrx_word' id='word_1_31' title='bbox 1652 669 1826 722; x_wconf 83' lang='grc' dir='ltr'>γαμι-</span> 
     </span>
    </p>
   </div>
   <div class='ocr_carea' id='block_1_7' title="bbox 215 743 1826 831">
    <p class='ocr_par' dir='ltr' id='par_1_7' title="bbox 215 743 1826 831">
     <span class='ocr_line' id='line_1_7' title="bbox 215 743 1826 831; baseline -0.006 -25"><span class='ocrx_word' id='word_1_32' title='bbox 215 749 355 831; x_wconf 40' lang='grc' dir='ltr'>,κῶς</span> <span class='ocrx_word' id='word_1_33' title='bbox 387 745 750 818; x_wconf 83' lang='grc' dir='ltr'>συναφθῆναι.</span> <span class='ocrx_word' id='word_1_34' title='bbox 788 747 1048 817; x_wconf 67' lang='grc' dir='ltr'><strong>⁸Ἄπειρον</strong></span> <span class='ocrx_word' id='word_1_35' title='bbox 1078 746 1135 800; x_wconf 86' lang='grc' dir='ltr'><em>δέ</em></span> <span class='ocrx_word' id='word_1_36' title='bbox 1163 762 1367 816; x_wconf 83' lang='grc' dir='ltr'>φαμεν,</span> <span class='ocrx_word' id='word_1_37' title='bbox 1410 747 1552 798; x_wconf 73' lang='grc' dir='ltr'>κατὰ</span> <span class='ocrx_word' id='word_1_38' title='bbox 1580 743 1641 798; x_wconf 81' lang='grc' dir='ltr'><strong>τὸ</strong></span> <span class='ocrx_word' id='word_1_39' title='bbox 1665 743 1826 796; x_wconf 86' lang='grc' dir='ltr'>δυνα-</span> 
     </span>
    </p>
   </div>
   <div class='ocr_carea' id='block_1_8' title="bbox 241 836 1821 910">
    <p class='ocr_par' dir='ltr' id='par_1_8' title="bbox 241 836 1821 910">
     <span class='ocr_line' id='line_1_8' title="bbox 241 836 1821 910; baseline -0.003 -15"><span class='ocrx_word' id='word_1_40' title='bbox 241 842 354 907; x_wconf 69' lang='grc' dir='ltr'>τὺν,</span> <span class='ocrx_word' id='word_1_41' title='bbox 390 841 454 894; x_wconf 85' lang='grc' dir='ltr'><strong>οὐ</strong></span> <span class='ocrx_word' id='word_1_42' title='bbox 484 840 546 894; x_wconf 86' lang='grc' dir='ltr'>τὺ</span> <span class='ocrx_word' id='word_1_43' title='bbox 575 839 737 910; x_wconf 86' lang='grc' dir='ltr'>φύσει</span> <span class='ocrx_word' id='word_1_44' title='bbox 764 839 1022 910; x_wconf 74' lang='grc' dir='ltr'>ἄπειρον.</span> <span class='ocrx_word' id='word_1_45' title='bbox 1051 839 1124 892; x_wconf 84' lang='grc' dir='ltr'><strong>Οὐ</strong></span> <span class='ocrx_word' id='word_1_46' title='bbox 1151 837 1262 910; x_wconf 84' lang='grc' dir='ltr'><strong>γὰρ</strong></span> <span class='ocrx_word' id='word_1_47' title='bbox 1290 837 1537 892; x_wconf 84' lang='grc' dir='ltr'>ἀθάνατα</span> <span class='ocrx_word' id='word_1_48' title='bbox 1567 836 1638 890; x_wconf 84' lang='grc' dir='ltr'>τὰ</span> <span class='ocrx_word' id='word_1_49' title='bbox 1666 836 1821 906; x_wconf 88' lang='grc' dir='ltr'>γένη.</span> 
     </span>
    </p>
   </div>
   <div class='ocr_carea' id='block_1_9' title="bbox 547 1015 1542 1085">
    <p class='ocr_par' dir='ltr' id='par_1_9' title="bbox 547 1015 1542 1085">
     <span class='ocr_line' id='line_1_9' title="bbox 547 1015 1542 1085; baseline 0 -15"><span class='ocrx_word' id='word_1_50' title='bbox 547 1017 686 1085; x_wconf 75' lang='grc' dir='ltr'>Περὶ</span> <span class='ocrx_word' id='word_1_51' title='bbox 710 1016 817 1070; x_wconf 85' lang='grc' dir='ltr'>τοῦ</span> <span class='ocrx_word' id='word_1_52' title='bbox 840 1016 910 1081; x_wconf 82' lang='grc' dir='ltr'><strong>ἐξ</strong></span> <span class='ocrx_word' id='word_1_53' title='bbox 930 1017 1176 1085; x_wconf 75' lang='grc' dir='ltr'>αἵματος</span> <span class='ocrx_word' id='word_1_54' title='bbox 1195 1015 1436 1085; x_wconf 79' lang='grc' dir='ltr'><strong>βαθμοῦ</strong></span> <span class='ocrx_word' id='word_1_55' title='bbox 1460 1015 1505 1077; x_wconf 58' lang='grc' dir='ltr'><strong>ζ*</strong></span> <span class='ocrx_word' id='word_1_56' title='bbox 1526 1055 1542 1070; x_wconf 91' lang='grc'><strong>.</strong></span> 
     </span>
    </p>
   </div>
   <div class='ocr_carea' id='block_1_10' title="bbox 316 1106 1826 1180">
    <p class='ocr_par' dir='ltr' id='par_1_10' title="bbox 316 1106 1826 1180">
     <span class='ocr_line' id='line_1_10' title="bbox 316 1106 1826 1180; baseline -0.002 -18"><span class='ocrx_word' id='word_1_57' title='bbox 316 1109 429 1180; x_wconf 83' lang='grc' dir='ltr'><strong>Τὴν</strong></span> <span class='ocrx_word' id='word_1_58' title='bbox 457 1109 577 1162; x_wconf 68' lang='lat' dir='ltr'><strong>se&quot;</strong></span> <span class='ocrx_word' id='word_1_59' title='bbox 623 1110 687 1160; x_wconf 82' lang='grc' dir='ltr'>ὲκ</span> <span class='ocrx_word' id='word_1_60' title='bbox 737 1107 972 1174; x_wconf 80' lang='grc' dir='ltr'><strong>πλαγίου</strong></span> <span class='ocrx_word' id='word_1_61' title='bbox 1015 1109 1044 1160; x_wconf 98' lang='lat'><strong>6</strong></span> <span class='ocrx_word' id='word_1_62' title='bbox 1089 1106 1274 1176; x_wconf 76' lang='grc' dir='ltr'>ὄγδοος</span> <span class='ocrx_word' id='word_1_63' title='bbox 1318 1107 1505 1177; x_wconf 79' lang='grc' dir='ltr'>ἐφίησι</span> <span class='ocrx_word' id='word_1_64' title='bbox 1530 1107 1622 1162; x_wconf 82' lang='grc' dir='ltr'><strong>τὸν</strong></span> <span class='ocrx_word' id='word_1_65' title='bbox 1648 1107 1826 1176; x_wconf 83' lang='grc' dir='ltr'>γάμον</span> 
     </span>
    </p>
   </div>
   <div class='ocr_carea' id='block_1_11' title="bbox 247 1195 1824 1268">
    <p class='ocr_par' dir='ltr' id='par_1_11' title="bbox 247 1195 1824 1268">
     <span class='ocr_line' id='line_1_11' title="bbox 247 1195 1824 1268; baseline -0.001 -16"><span class='ocrx_word' id='word_1_66' title='bbox 247 1199 480 1268; x_wconf 82' lang='grc' dir='ltr'>βαθμδς,</span> <span class='ocrx_word' id='word_1_67' title='bbox 505 1196 599 1250; x_wconf 83' lang='grc' dir='ltr'>τοῦ</span> <span class='ocrx_word' id='word_1_68' title='bbox 645 1195 876 1267; x_wconf 77' lang='grc' dir='ltr'>ἑϐδόμου</span> <span class='ocrx_word' id='word_1_69' title='bbox 911 1197 1101 1250; x_wconf 81' lang='grc' dir='ltr'>τοῦτον</span> <span class='ocrx_word' id='word_1_70' title='bbox 1153 1198 1498 1251; x_wconf 81' lang='grc' dir='ltr'>παντάπασιν</span> <span class='ocrx_word' id='word_1_71' title='bbox 1527 1197 1824 1268; x_wconf 72' lang='grc' dir='ltr'>εἴργοντος.</span> 
     </span>
    </p>
   </div>
   <div class='ocr_carea' id='block_1_12' title="bbox 247 1287 1826 1360">
    <p class='ocr_par' dir='ltr' id='par_1_12' title="bbox 247 1287 1826 1360">
     <span class='ocr_line' id='line_1_12' title="bbox 247 1287 1826 1360; baseline 0 -18"><span class='ocrx_word' id='word_1_72' title='bbox 247 1290 325 1342; x_wconf 80' lang='grc' dir='ltr'><strong>Οὐ</strong></span> <span class='ocrx_word' id='word_1_73' title='bbox 357 1288 467 1360; x_wconf 86' lang='grc' dir='ltr'>γὰρ</span> <span class='ocrx_word' id='word_1_74' title='bbox 493 1288 718 1342; x_wconf 81' lang='grc' dir='ltr'>δύναταί</span> <span class='ocrx_word' id='word_1_75' title='bbox 758 1305 842 1352; x_wconf 88' lang='grc' dir='ltr'><strong>τις</strong></span> <span class='ocrx_word' id='word_1_76' title='bbox 871 1289 970 1358; x_wconf 84' lang='grc' dir='ltr'>τὴν</span> <span class='ocrx_word' id='word_1_77' title='bbox 1014 1288 1109 1342; x_wconf 79' lang='grc' dir='ltr'>τοῦ</span> <span class='ocrx_word' id='word_1_78' title='bbox 1146 1287 1524 1358; x_wconf 80' lang='grc' dir='ltr'>δισεξαδέλφου</span> <span class='ocrx_word' id='word_1_79' title='bbox 1556 1288 1826 1360; x_wconf 78' lang='grc' dir='ltr'><strong>θυγατέρα</strong></span> 
     </span>
    </p>
   </div>
   <div class='ocr_carea' id='block_1_13' title="bbox 246 1380 1826 1452">
    <p class='ocr_par' dir='ltr' id='par_1_13' title="bbox 246 1380 1826 1452">
     <span class='ocr_line' id='line_1_13' title="bbox 246 1380 1826 1452; baseline -0.001 -18"><span class='ocrx_word' id='word_1_80' title='bbox 246 1382 440 1436; x_wconf 84' lang='grc' dir='ltr'>λαϐεῖν</span> <span class='ocrx_word' id='word_1_81' title='bbox 465 1397 478 1412; x_wconf 92' lang='grc'><strong>·</strong></span> <span class='ocrx_word' id='word_1_82' title='bbox 518 1380 655 1435; x_wconf 78' lang='grc' dir='ltr'>ἀλλὰ</span> <span class='ocrx_word' id='word_1_83' title='bbox 692 1382 958 1452; x_wconf 80' lang='grc' dir='ltr'>πρότερον</span> <span class='ocrx_word' id='word_1_84' title='bbox 1009 1382 1107 1451; x_wconf 84' lang='grc' dir='ltr'><strong>μὲν</strong></span> <span class='ocrx_word' id='word_1_85' title='bbox 1140 1381 1202 1434; x_wconf 77' lang='grc' dir='ltr'><strong>τὸ</strong></span> <span class='ocrx_word' id='word_1_86' title='bbox 1227 1381 1321 1435; x_wconf 79' lang='grc' dir='ltr'><strong>τού</strong></span> <span class='ocrx_word' id='word_1_87' title='bbox 1351 1381 1581 1450; x_wconf 77' lang='grc' dir='ltr'>ἑϐδόμου</span> <span class='ocrx_word' id='word_1_88' title='bbox 1615 1380 1826 1451; x_wconf 81' lang='grc' dir='ltr'>βαθμοῦ</span> 
     </span>
    </p>
   </div>
   <div class='ocr_carea' id='block_1_14' title="bbox 247 1471 1827 1542">
    <p class='ocr_par' dir='ltr' id='par_1_14' title="bbox 247 1471 1827 1542">
     <span class='ocr_line' id='line_1_14' title="bbox 247 1471 1827 1542; baseline -0.001 -17"><span class='ocrx_word' id='word_1_89' title='bbox 247 1473 310 1537; x_wconf 77' lang='grc' dir='ltr'>ἐξ</span> <span class='ocrx_word' id='word_1_90' title='bbox 343 1472 573 1540; x_wconf 75' lang='grc' dir='ltr'>αἵματος</span> <span class='ocrx_word' id='word_1_91' title='bbox 611 1471 914 1541; x_wconf 75' lang='grc' dir='ltr'>ὲρωτώμην</span> <span class='ocrx_word' id='word_1_92' title='bbox 947 1471 1045 1540; x_wconf 83' lang='grc' dir='ltr'>μὲν</span> <span class='ocrx_word' id='word_1_93' title='bbox 1079 1473 1127 1504; x_wconf 75' lang='grc'><strong>⁸⁸</strong></span> <span class='ocrx_word' id='word_1_94' title='bbox 1146 1471 1434 1537; x_wconf 77' lang='grc' dir='ltr'>ἐκωλύετο,</span> <span class='ocrx_word' id='word_1_95' title='bbox 1471 1471 1827 1542; x_wconf 84' lang='grc' dir='ltr'>ὁπωσδήποτε</span> 
     </span>
    </p>
   </div>
   <div class='ocr_carea' id='block_1_15' title="bbox 244 1560 1828 1632">
    <p class='ocr_par' dir='ltr' id='par_1_15' title="bbox 244 1560 1828 1632">
     <span class='ocr_line' id='line_1_15' title="bbox 244 1560 1828 1632; baseline 0.002 -18"><span class='ocrx_word' id='word_1_96' title='bbox 244 1562 302 1615; x_wconf 83' lang='grc' dir='ltr'>δὲ</span> <span class='ocrx_word' id='word_1_97' title='bbox 326 1561 617 1632; x_wconf 84' lang='grc' dir='ltr'>προϐαῖνον</span> <span class='ocrx_word' id='word_1_98' title='bbox 636 1562 735 1614; x_wconf 79' lang='grc' dir='ltr'><strong>οὐκ</strong></span> <span class='ocrx_word' id='word_1_99' title='bbox 760 1561 1030 1615; x_wconf 73' lang='grc' dir='ltr'>ἐκωλύετο</span> <span class='ocrx_word' id='word_1_100' title='bbox 1065 1560 1184 1630; x_wconf 80' lang='grc' dir='ltr'>μὲν,</span> <span class='ocrx_word' id='word_1_101' title='bbox 1212 1563 1513 1632; x_wconf 82' lang='grc' dir='ltr'>ὲπετιμᾶτο</span> <span class='ocrx_word' id='word_1_102' title='bbox 1543 1562 1620 1626; x_wconf 81' lang='grc' dir='ltr'><strong>δὲ,</strong></span> <span class='ocrx_word' id='word_1_103' title='bbox 1651 1563 1740 1616; x_wconf 79' lang='grc' dir='ltr'>διὰ</span> <span class='ocrx_word' id='word_1_104' title='bbox 1767 1565 1828 1617; x_wconf 82' lang='grc' dir='ltr'>τὸ</span> 
     </span>
    </p>
   </div>
   <div class='ocr_carea' id='block_1_16' title="bbox 249 1650 1827 1723">
    <p class='ocr_par' dir='ltr' id='par_1_16' title="bbox 249 1650 1827 1723">
     <span class='ocr_line' id='line_1_16' title="bbox 249 1650 1827 1723; baseline 0.001 -18"><span class='ocrx_word' id='word_1_105' title='bbox 249 1652 591 1722; x_wconf 59' lang='grc' dir='ltr'>σιωηθῆναι</span> <span class='ocrx_word' id='word_1_106' title='bbox 639 1650 717 1722; x_wconf 83' lang='grc' dir='ltr'>τῷ</span> <span class='ocrx_word' id='word_1_107' title='bbox 757 1651 905 1721; x_wconf 83' lang='grc' dir='ltr'>νόμῳ</span> <span class='ocrx_word' id='word_1_108' title='bbox 930 1691 946 1716; x_wconf 91' lang='grc'><strong>,</strong></span> <span class='ocrx_word' id='word_1_109' title='bbox 986 1656 1148 1723; x_wconf 83' lang='grc' dir='ltr'>μέχρι</span> <span class='ocrx_word' id='word_1_110' title='bbox 1181 1652 1276 1706; x_wconf 82' lang='grc' dir='ltr'><strong>τοῦ</strong></span> <span class='ocrx_word' id='word_1_111' title='bbox 1327 1652 1488 1706; x_wconf 68' lang='grc' dir='ltr'>ἕκτου</span> <span class='ocrx_word' id='word_1_112' title='bbox 1560 1653 1827 1707; x_wconf 87' lang='grc' dir='ltr'>κωλύοντι</span> 
     </span>
    </p>
   </div>
   <div class='ocr_carea' id='block_1_17' title="bbox 251 1743 1829 1815">
    <p class='ocr_par' dir='ltr' id='par_1_17' title="bbox 251 1743 1829 1815">
     <span class='ocr_line' id='line_1_17' title="bbox 251 1743 1829 1815; baseline 0 -19"><span class='ocrx_word' id='word_1_113' title='bbox 251 1744 435 1814; x_wconf 77' lang='grc' dir='ltr'>μόνον.</span> <span class='ocrx_word' id='word_1_114' title='bbox 496 1743 634 1811; x_wconf 70' lang='grc' dir='ltr'><strong>Φησὶ</strong></span> <span class='ocrx_word' id='word_1_115' title='bbox 689 1743 828 1814; x_wconf 81' lang='grc' dir='ltr'>γάρ·</span> <span class='ocrx_word' id='word_1_116' title='bbox 883 1763 899 1796; x_wconf 81' lang='grc' dir='ltr'><strong>ι</strong></span> <span class='ocrx_word' id='word_1_117' title='bbox 927 1743 1038 1815; x_wconf 82' lang='grc' dir='ltr'><strong>Τὴν</strong></span> <span class='ocrx_word' id='word_1_118' title='bbox 1087 1743 1182 1796; x_wconf 80' lang='grc' dir='ltr'>τοῦ</span> <span class='ocrx_word' id='word_1_119' title='bbox 1234 1743 1464 1812; x_wconf 78' lang='grc' dir='ltr'>ἀδελφοῦ</span> <span class='ocrx_word' id='word_1_120' title='bbox 1521 1762 1622 1814; x_wconf 88' lang='grc' dir='ltr'><strong>μου</strong></span> <span class='ocrx_word' id='word_1_121' title='bbox 1663 1744 1829 1814; x_wconf 79' lang='grc' dir='ltr'>ἢτῆς</span> 
     </span>
    </p>
   </div>
   <div class='ocr_carea' id='block_1_18' title="bbox 248 1831 1826 1905">
    <p class='ocr_par' dir='ltr' id='par_1_18' title="bbox 248 1831 1826 1905">
     <span class='ocr_line' id='line_1_18' title="bbox 248 1831 1826 1905; baseline -0.002 -17"><span class='ocrx_word' id='word_1_122' title='bbox 248 1834 484 1904; x_wconf 77' lang='grc' dir='ltr'><strong>ἀδελφῆς</strong></span> <span class='ocrx_word' id='word_1_123' title='bbox 510 1850 610 1903; x_wconf 87' lang='grc' dir='ltr'><strong>μου</strong></span> <span class='ocrx_word' id='word_1_124' title='bbox 635 1831 908 1905; x_wconf 74' lang='grc' dir='ltr'>θυγατέρα</span> <span class='ocrx_word' id='word_1_125' title='bbox 935 1832 1232 1904; x_wconf 88' lang='grc' dir='ltr'>λαμϐάνειν</span> <span class='ocrx_word' id='word_1_126' title='bbox 1261 1833 1340 1894; x_wconf 83' lang='grc' dir='ltr'>εἰς</span> <span class='ocrx_word' id='word_1_127' title='bbox 1356 1832 1534 1903; x_wconf 84' lang='grc' dir='ltr'>γάμον</span> <span class='ocrx_word' id='word_1_128' title='bbox 1558 1835 1618 1887; x_wconf 87' lang='grc' dir='ltr'><strong>ού</strong></span> <span class='ocrx_word' id='word_1_129' title='bbox 1644 1833 1826 1902; x_wconf 81' lang='grc' dir='ltr'><strong>θέμις,</strong></span> 
     </span>
    </p>
   </div>
   <div class='ocr_carea' id='block_1_19' title="bbox 249 1905 1900 1997">
    <p class='ocr_par' dir='ltr' id='par_1_19' title="bbox 249 1905 1900 1997">
     <span class='ocr_line' id='line_1_19' title="bbox 249 1905 1900 1997; baseline -0.001 -17"><span class='ocrx_word' id='word_1_130' title='bbox 249 1928 376 1980; x_wconf 75' lang='grc' dir='ltr'>οὐδὲ</span> <span class='ocrx_word' id='word_1_131' title='bbox 411 1926 510 1997; x_wconf 80' lang='grc' dir='ltr'>τὴν</span> <span class='ocrx_word' id='word_1_132' title='bbox 558 1924 765 1980; x_wconf 88' lang='grc' dir='ltr'>τούτων</span> <span class='ocrx_word' id='word_1_133' title='bbox 800 1925 1031 1996; x_wconf 76' lang='grc' dir='ltr'>ὲγγόνην</span> <span class='ocrx_word' id='word_1_134' title='bbox 1068 1929 1330 1995; x_wconf 83' lang='grc' dir='ltr'>τετάρτου</span> <span class='ocrx_word' id='word_1_135' title='bbox 1379 1925 1546 1979; x_wconf 80' lang='grc' dir='ltr'>οὖσαν</span> <span class='ocrx_word' id='word_1_136' title='bbox 1591 1924 1823 1996; x_wconf 83' lang='grc' dir='ltr'>βαθμοῦ.</span> <span class='ocrx_word' id='word_1_137' title='bbox 1859 1905 1900 1960; x_wconf 75' lang='grc' dir='ltr'><strong><em>Β</em></strong></span> 
     </span>
    </p>
   </div>
   <div class='ocr_carea' id='block_1_20' title="bbox 251 2016 1827 2090">
    <p class='ocr_par' dir='ltr' id='par_1_20' title="bbox 251 2016 1827 2090">
     <span class='ocr_line' id='line_1_20' title="bbox 251 2016 1827 2090; baseline -0.001 -18"><span class='ocrx_word' id='word_1_138' title='bbox 251 2018 389 2072; x_wconf 78' lang='grc' dir='ltr'><strong>Οὐδὲ</strong></span> <span class='ocrx_word' id='word_1_139' title='bbox 423 2019 521 2090; x_wconf 81' lang='grc' dir='ltr'><strong>τὴν</strong></span> <span class='ocrx_word' id='word_1_140' title='bbox 553 2017 829 2089; x_wconf 80' lang='grc' dir='ltr'>θυγατέρα</span> <span class='ocrx_word' id='word_1_141' title='bbox 852 2016 946 2071; x_wconf 78' lang='grc' dir='ltr'>τοῦ</span> <span class='ocrx_word' id='word_1_142' title='bbox 975 2017 1138 2082; x_wconf 84' lang='grc' dir='ltr'>θείου,</span> <span class='ocrx_word' id='word_1_143' title='bbox 1166 2017 1333 2088; x_wconf 78' lang='grc' dir='ltr'>ἧγουν</span> <span class='ocrx_word' id='word_1_144' title='bbox 1363 2017 1682 2090; x_wconf 76' lang='grc' dir='ltr'>ὲξαδέλφην,</span> <span class='ocrx_word' id='word_1_145' title='bbox 1704 2018 1827 2071; x_wconf 76' lang='grc' dir='ltr'>οὐδὲ</span> 
     </span>
    </p>
   </div>
   <div class='ocr_carea' id='block_1_21' title="bbox 249 2108 1828 2181">
    <p class='ocr_par' dir='ltr' id='par_1_21' title="bbox 249 2108 1828 2181">
     <span class='ocr_line' id='line_1_21' title="bbox 249 2108 1828 2181; baseline -0.001 -17"><span class='ocrx_word' id='word_1_146' title='bbox 249 2114 277 2164; x_wconf 92' lang='lat'><strong>6</strong></span> <span class='ocrx_word' id='word_1_147' title='bbox 307 2111 423 2172; x_wconf 76' lang='grc' dir='ltr'>υἱός</span> <span class='ocrx_word' id='word_1_148' title='bbox 452 2127 552 2180; x_wconf 88' lang='grc' dir='ltr'><strong>μου</strong></span> <span class='ocrx_word' id='word_1_149' title='bbox 586 2110 683 2181; x_wconf 78' lang='grc' dir='ltr'><strong>τὴν</strong></span> <span class='ocrx_word' id='word_1_150' title='bbox 713 2110 946 2179; x_wconf 80' lang='grc' dir='ltr'>ὲγγόνην</span> <span class='ocrx_word' id='word_1_151' title='bbox 974 2108 1174 2172; x_wconf 81' lang='grc' dir='ltr'>αὐτῶν,</span> <span class='ocrx_word' id='word_1_152' title='bbox 1193 2109 1391 2172; x_wconf 77' lang='grc' dir='ltr'>οἵτινες</span> <span class='ocrx_word' id='word_1_153' title='bbox 1430 2109 1679 2178; x_wconf 84' lang='grc' dir='ltr'>λέγονται</span> <span class='ocrx_word' id='word_1_154' title='bbox 1711 2109 1828 2163; x_wconf 85' lang='grc' dir='ltr'>δισ-</span> 
     </span>
    </p>
   </div>
   <div class='ocr_carea' id='block_1_22' title="bbox 252 2199 1832 2272">
    <p class='ocr_par' dir='ltr' id='par_1_22' title="bbox 252 2199 1832 2272">
     <span class='ocr_line' id='line_1_22' title="bbox 252 2199 1832 2272; baseline -0.001 -17"><span class='ocrx_word' id='word_1_155' title='bbox 252 2201 557 2271; x_wconf 78' lang='grc' dir='ltr'>εξάδελφοι.</span> <span class='ocrx_word' id='word_1_156' title='bbox 586 2221 606 2254; x_wconf 73' lang='grc' dir='ltr'><strong>ι</strong></span> <span class='ocrx_word' id='word_1_157' title='bbox 658 2202 810 2255; x_wconf 76' lang='grc' dir='ltr'>Ἐπεὶ</span> <span class='ocrx_word' id='word_1_158' title='bbox 871 2199 928 2254; x_wconf 86' lang='grc' dir='ltr'><strong>δέ</strong></span> <span class='ocrx_word' id='word_1_159' title='bbox 965 2219 1110 2264; x_wconf 87' lang='grc' dir='ltr'>τινες</span> <span class='ocrx_word' id='word_1_160' title='bbox 1159 2201 1239 2271; x_wconf 83' lang='grc' dir='ltr'>τῷ</span> <span class='ocrx_word' id='word_1_161' title='bbox 1290 2200 1444 2272; x_wconf 84' lang='grc' dir='ltr'>βάρει</span> <span class='ocrx_word' id='word_1_162' title='bbox 1498 2218 1607 2256; x_wconf 89' lang='grc' dir='ltr'><strong>των</strong></span> <span class='ocrx_word' id='word_1_163' title='bbox 1655 2201 1832 2254; x_wconf 77' lang='grc' dir='ltr'>ἐπιτι-</span> 
     </span>
    </p>
   </div>
   <div class='ocr_carea' id='block_1_23' title="bbox 258 2297 1833 2370">
    <p class='ocr_par' dir='ltr' id='par_1_23' title="bbox 258 2297 1833 2370">
     <span class='ocr_line' id='line_1_23' title="bbox 258 2297 1833 2370; baseline -0.001 -19"><span class='ocrx_word' id='word_1_164' title='bbox 258 2301 399 2370; x_wconf 87' lang='grc' dir='ltr'>μίων</span> <span class='ocrx_word' id='word_1_165' title='bbox 438 2299 622 2370; x_wconf 81' lang='grc' dir='ltr'>κρύφα</span> <span class='ocrx_word' id='word_1_166' title='bbox 662 2298 789 2362; x_wconf 78' lang='grc' dir='ltr'>τοὺς</span> <span class='ocrx_word' id='word_1_167' title='bbox 829 2297 1106 2360; x_wconf 83' lang='grc' dir='ltr'>τοιούτους</span> <span class='ocrx_word' id='word_1_168' title='bbox 1144 2299 1434 2352; x_wconf 75' lang='grc' dir='ltr'>ἐπετέλουν</span> <span class='ocrx_word' id='word_1_169' title='bbox 1479 2297 1711 2369; x_wconf 82' lang='grc' dir='ltr'>γάμους,</span> <span class='ocrx_word' id='word_1_170' title='bbox 1740 2297 1833 2352; x_wconf 79' lang='grc' dir='ltr'><strong>ἁν-</strong></span> 
     </span>
    </p>
   </div>
   <div class='ocr_carea' id='block_1_24' title="bbox 258 2387 1830 2462">
    <p class='ocr_par' dir='ltr' id='par_1_24' title="bbox 258 2387 1830 2462">
     <span class='ocr_line' id='line_1_24' title="bbox 258 2387 1830 2462; baseline -0.002 -18"><span class='ocrx_word' id='word_1_171' title='bbox 258 2389 466 2461; x_wconf 82' lang='grc' dir='ltr'>ηνέχθη</span> <span class='ocrx_word' id='word_1_172' title='bbox 488 2390 557 2443; x_wconf 81' lang='grc' dir='ltr'>τὰ</span> <span class='ocrx_word' id='word_1_173' title='bbox 584 2390 714 2462; x_wconf 74' lang='grc' dir='ltr'>περὶ</span> <span class='ocrx_word' id='word_1_174' title='bbox 739 2388 930 2443; x_wconf 89' lang='grc' dir='ltr'>τούτου</span> <span class='ocrx_word' id='word_1_175' title='bbox 965 2391 1033 2459; x_wconf 86' lang='grc' dir='ltr'>τῇ</span> <span class='ocrx_word' id='word_1_176' title='bbox 1083 2388 1303 2459; x_wconf 82' lang='grc' dir='ltr'>συνόδῳ,</span> <span class='ocrx_word' id='word_1_177' title='bbox 1339 2388 1524 2442; x_wconf 78' lang='grc' dir='ltr'>Λουκᾶ</span> <span class='ocrx_word' id='word_1_178' title='bbox 1556 2387 1650 2442; x_wconf 83' lang='grc' dir='ltr'>τοῦ</span> <span class='ocrx_word' id='word_1_179' title='bbox 1684 2388 1830 2442; x_wconf 88' lang='grc' dir='ltr'>θείου</span> 
     </span>
    </p>
   </div>
   <div class='ocr_carea' id='block_1_25' title="bbox 259 2477 1825 2552">
    <p class='ocr_par' dir='ltr' id='par_1_25' title="bbox 259 2477 1825 2552">
     <span class='ocr_line' id='line_1_25' title="bbox 259 2477 1825 2552; baseline -0.001 -19"><span class='ocrx_word' id='word_1_180' title='bbox 259 2481 355 2533; x_wconf 77' lang='grc' dir='ltr'>τὸν</span> <span class='ocrx_word' id='word_1_181' title='bbox 399 2480 798 2552; x_wconf 81' lang='grc' dir='ltr'>πατριαρχικὺν</span> <span class='ocrx_word' id='word_1_182' title='bbox 842 2477 1110 2541; x_wconf 79' lang='grc' dir='ltr'>ίθύνοντος</span> <span class='ocrx_word' id='word_1_183' title='bbox 1141 2477 1350 2551; x_wconf 87' lang='grc' dir='ltr'>θρόνον,</span> <span class='ocrx_word' id='word_1_184' title='bbox 1384 2479 1478 2533; x_wconf 74' lang='grc' dir='ltr'>καὶ</span> <span class='ocrx_word' id='word_1_185' title='bbox 1523 2479 1581 2545; x_wconf 74' lang='grc' dir='ltr'><strong>ἐξ</strong></span> <span class='ocrx_word' id='word_1_186' title='bbox 1612 2479 1825 2532; x_wconf 80' lang='grc' dir='ltr'>ἐκείνου</span> 
     </span>
    </p>
   </div>
   <div class='ocr_carea' id='block_1_26' title="bbox 257 2569 1832 2642">
    <p class='ocr_par' dir='ltr' id='par_1_26' title="bbox 257 2569 1832 2642">
     <span class='ocr_line' id='line_1_26' title="bbox 257 2569 1832 2642; baseline -0.001 -18"><span class='ocrx_word' id='word_1_187' title='bbox 257 2571 432 2642; x_wconf 80' lang='grc' dir='ltr'>ὥρισε</span> <span class='ocrx_word' id='word_1_188' title='bbox 479 2573 574 2626; x_wconf 77' lang='grc' dir='ltr'>καὶ</span> <span class='ocrx_word' id='word_1_189' title='bbox 621 2570 848 2642; x_wconf 69' lang='grc' dir='ltr'>ἔστησεν</span> <span class='ocrx_word' id='word_1_190' title='bbox 886 2573 920 2642; x_wconf 77' lang='grc' dir='ltr'><strong>ἡ</strong></span> <span class='ocrx_word' id='word_1_191' title='bbox 974 2570 1108 2637; x_wconf 83' lang='grc' dir='ltr'>ἁγία</span> <span class='ocrx_word' id='word_1_192' title='bbox 1157 2569 1394 2636; x_wconf 78' lang='grc' dir='ltr'>σύνοδος,</span> <span class='ocrx_word' id='word_1_193' title='bbox 1445 2570 1690 2640; x_wconf 84' lang='grc' dir='ltr'>μηδόλως</span> <span class='ocrx_word' id='word_1_194' title='bbox 1739 2570 1832 2623; x_wconf 70' lang='grc' dir='ltr'><strong>τὸν</strong></span> 
     </span>
    </p>
   </div>
   <div class='ocr_carea' id='block_1_27' title="bbox 256 2659 1831 2732">
    <p class='ocr_par' dir='ltr' id='par_1_27' title="bbox 256 2659 1831 2732">
     <span class='ocr_line' id='line_1_27' title="bbox 256 2659 1831 2732; baseline -0.001 -17"><span class='ocrx_word' id='word_1_195' title='bbox 256 2663 499 2716; x_wconf 78' lang='grc' dir='ltr'>τοιοῦτον</span> <span class='ocrx_word' id='word_1_196' title='bbox 533 2661 852 2732; x_wconf 88' lang='grc' dir='ltr'>προϐαίνειν</span> <span class='ocrx_word' id='word_1_197' title='bbox 880 2660 912 2732; x_wconf 80' lang='grc' dir='ltr'>ἢ</span> <span class='ocrx_word' id='word_1_198' title='bbox 947 2660 1199 2714; x_wconf 77' lang='grc' dir='ltr'>ἵστασθαι</span> <span class='ocrx_word' id='word_1_199' title='bbox 1230 2659 1430 2731; x_wconf 82' lang='grc' dir='ltr'>γάμον,</span> <span class='ocrx_word' id='word_1_200' title='bbox 1456 2659 1574 2714; x_wconf 83' lang='grc' dir='ltr'>ἀλλ’</span> <span class='ocrx_word' id='word_1_201' title='bbox 1612 2659 1831 2732; x_wconf 73' lang='grc' dir='ltr'>ἐρωτώσ-</span> 
     </span>
    </p>
   </div>
   <div class='ocr_carea' id='block_1_28' title="bbox 265 2747 1834 2822">
    <p class='ocr_par' dir='ltr' id='par_1_28' title="bbox 265 2747 1834 2822">
     <span class='ocr_line' id='line_1_28' title="bbox 265 2747 1834 2822; baseline -0.002 -18"><span class='ocrx_word' id='word_1_202' title='bbox 265 2768 430 2822; x_wconf 88' lang='grc' dir='ltr'>μενον</span> <span class='ocrx_word' id='word_1_203' title='bbox 466 2750 568 2821; x_wconf 79' lang='grc' dir='ltr'><strong>μὲν</strong></span> <span class='ocrx_word' id='word_1_204' title='bbox 617 2750 946 2814; x_wconf 84' lang='grc' dir='ltr'>κωλύεσθαι,</span> <span class='ocrx_word' id='word_1_205' title='bbox 993 2749 1354 2820; x_wconf 88' lang='grc' dir='ltr'>προϐαίνοντα</span> <span class='ocrx_word' id='word_1_206' title='bbox 1387 2749 1443 2803; x_wconf 80' lang='grc' dir='ltr'>δὲ</span> <span class='ocrx_word' id='word_1_207' title='bbox 1478 2747 1834 2815; x_wconf 78' lang='grc' dir='ltr'>διασπᾶσθαι,</span> 
     </span>
    </p>
   </div>
   <div class='ocr_carea' id='block_1_29' title="bbox 258 2839 1828 2914">
    <p class='ocr_par' dir='ltr' id='par_1_29' title="bbox 258 2839 1828 2914">
     <span class='ocr_line' id='line_1_29' title="bbox 258 2839 1828 2914; baseline -0.004 -16"><span class='ocrx_word' id='word_1_208' title='bbox 258 2845 358 2900; x_wconf 74' lang='grc' dir='ltr'>καὶ</span> <span class='ocrx_word' id='word_1_209' title='bbox 389 2843 516 2906; x_wconf 82' lang='grc' dir='ltr'>τοὺς</span> <span class='ocrx_word' id='word_1_210' title='bbox 550 2843 865 2914; x_wconf 81' lang='grc' dir='ltr'>πράξαντας</span> <span class='ocrx_word' id='word_1_211' title='bbox 893 2841 1283 2914; x_wconf 76' lang='grc' dir='ltr'>ἀφορίσασθαι,</span> <span class='ocrx_word' id='word_1_212' title='bbox 1307 2842 1402 2896; x_wconf 72' lang='grc' dir='ltr'><strong>καὶ</strong></span> <span class='ocrx_word' id='word_1_213' title='bbox 1431 2841 1522 2894; x_wconf 82' lang='grc' dir='ltr'>τὸν</span> <span class='ocrx_word' id='word_1_214' title='bbox 1547 2839 1828 2911; x_wconf 82' lang='grc' dir='ltr'>ίερολογή-</span> 
     </span>
    </p>
   </div>
   <div class='ocr_carea' id='block_1_30' title="bbox 262 2930 1832 3005">
    <p class='ocr_par' dir='ltr' id='par_1_30' title="bbox 262 2930 1832 3005">
     <span class='ocr_line' id='line_1_30' title="bbox 262 2930 1832 3005; baseline -0.001 -17"><span class='ocrx_word' id='word_1_215' title='bbox 262 2952 435 2990; x_wconf 90' lang='grc' dir='ltr'>σαντα</span> <span class='ocrx_word' id='word_1_216' title='bbox 478 2934 651 3005; x_wconf 77' lang='grc' dir='ltr'>ἱερέα,</span> <span class='ocrx_word' id='word_1_217' title='bbox 702 2933 830 3005; x_wconf 83' lang='grc' dir='ltr'>είμὴ</span> <span class='ocrx_word' id='word_1_218' title='bbox 877 2933 1072 3005; x_wconf 72' lang='grc' dir='ltr'>ἀγνοίᾳ.</span> <span class='ocrx_word' id='word_1_219' title='bbox 1133 2932 1344 3003; x_wconf 78' lang='grc' dir='ltr'>ὲκλάπη</span> <span class='ocrx_word' id='word_1_220' title='bbox 1371 2973 1386 2998; x_wconf 94' lang='grc'><strong>,</strong></span> <span class='ocrx_word' id='word_1_221' title='bbox 1435 2930 1832 3002; x_wconf 79' lang='grc' dir='ltr'>καθαιρεῖσθαι.</span> 
     </span>
    </p>
   </div>
   <div class='ocr_carea' id='block_1_31' title="bbox 275 3023 1837 3099">
    <p class='ocr_par' dir='ltr' id='par_1_31' title="bbox 275 3023 1837 3099">
     <span class='ocr_line' id='line_1_31' title="bbox 275 3023 1837 3099; baseline -0.003 -16"><span class='ocrx_word' id='word_1_222' title='bbox 275 3029 626 3099; x_wconf 77' lang='grc' dir='ltr'>Ἑπεκύρωσε</span> <span class='ocrx_word' id='word_1_223' title='bbox 689 3027 744 3082; x_wconf 76' lang='grc' dir='ltr'>δὲ</span> <span class='ocrx_word' id='word_1_224' title='bbox 788 3028 886 3098; x_wconf 80' lang='grc' dir='ltr'><strong>τὴν</strong></span> <span class='ocrx_word' id='word_1_225' title='bbox 946 3025 1229 3098; x_wconf 85' lang='grc' dir='ltr'>συνοδικὴν</span> <span class='ocrx_word' id='word_1_226' title='bbox 1272 3025 1480 3097; x_wconf 87' lang='grc' dir='ltr'>ταύτην</span> <span class='ocrx_word' id='word_1_227' title='bbox 1513 3023 1710 3093; x_wconf 80' lang='grc' dir='ltr'>πρᾶξιν</span> <span class='ocrx_word' id='word_1_228' title='bbox 1739 3024 1837 3078; x_wconf 54' lang='grc' dir='ltr'><strong>καὶ⁸</strong></span> 
     </span>
    </p>
   </div>
   <div class='ocr_carea' id='block_1_32' title="bbox 262 3114 1835 3191">
    <p class='ocr_par' dir='ltr' id='par_1_32' title="bbox 262 3114 1835 3191">
     <span class='ocr_line' id='line_1_32' title="bbox 262 3114 1835 3191; baseline -0.003 -18"><span class='ocrx_word' id='word_1_229' title='bbox 262 3119 544 3191; x_wconf 78' lang='grc' dir='ltr'>θέσπισμα</span> <span class='ocrx_word' id='word_1_230' title='bbox 580 3118 675 3173; x_wconf 81' lang='grc' dir='ltr'><strong>τοῦ</strong></span> <span class='ocrx_word' id='word_1_231' title='bbox 719 3121 777 3172; x_wconf 84' lang='grc' dir='ltr'>ὲν</span> <span class='ocrx_word' id='word_1_232' title='bbox 821 3117 1134 3190; x_wconf 82' lang='grc' dir='ltr'>βασιλεῦσιν</span> <span class='ocrx_word' id='word_1_233' title='bbox 1168 3115 1413 3186; x_wconf 82' lang='grc' dir='ltr'>ἀοιδίμου</span> <span class='ocrx_word' id='word_1_234' title='bbox 1459 3115 1717 3186; x_wconf 80' lang='grc' dir='ltr'>Μανουὴλ</span> <span class='ocrx_word' id='word_1_235' title='bbox 1739 3114 1835 3169; x_wconf 82' lang='grc' dir='ltr'>τοῦ</span> 
     </span>
    </p>
   </div>
   <div class='ocr_carea' id='block_1_33' title="bbox 263 3207 1835 3282">
    <p class='ocr_par' dir='ltr' id='par_1_33' title="bbox 263 3207 1835 3282">
     <span class='ocr_line' id='line_1_33' title="bbox 263 3207 1835 3282; baseline -0.002 -18"><span class='ocrx_word' id='word_1_236' title='bbox 263 3211 801 3282; x_wconf 66' lang='grc' dir='ltr'>πορφυρογεννήτου.</span> <span class='ocrx_word' id='word_1_237' title='bbox 858 3209 1046 3282; x_wconf 79' lang='grc' dir='ltr'>Ταύτῃ</span> <span class='ocrx_word' id='word_1_238' title='bbox 1086 3225 1168 3263; x_wconf 82' lang='grc' dir='ltr'><strong>τοι</strong></span> <span class='ocrx_word' id='word_1_239' title='bbox 1207 3209 1302 3262; x_wconf 73' lang='grc' dir='ltr'><strong>καὶ</strong></span> <span class='ocrx_word' id='word_1_240' title='bbox 1350 3208 1452 3262; x_wconf 79' lang='grc' dir='ltr'><strong>οὐκ</strong></span> <span class='ocrx_word' id='word_1_241' title='bbox 1491 3207 1702 3277; x_wconf 78' lang='grc' dir='ltr'>ἐφεῖταί</span> <span class='ocrx_word' id='word_1_242' title='bbox 1730 3225 1835 3261; x_wconf 89' lang='grc' dir='ltr'>τινι</span> 
     </span>
    </p>
   </div>
   <div class='ocr_carea' id='block_1_34' title="bbox 261 3299 1835 3373">
    <p class='ocr_par' dir='ltr' id='par_1_34' title="bbox 261 3299 1835 3373">
     <span class='ocr_line' id='line_1_34' title="bbox 261 3299 1835 3373; baseline -0.002 -17"><span class='ocrx_word' id='word_1_243' title='bbox 261 3303 363 3373; x_wconf 83' lang='grc' dir='ltr'><strong>τὴν</strong></span> <span class='ocrx_word' id='word_1_244' title='bbox 389 3303 482 3355; x_wconf 74' lang='grc' dir='ltr'>τοῦ</span> <span class='ocrx_word' id='word_1_245' title='bbox 514 3301 892 3370; x_wconf 80' lang='grc' dir='ltr'>δισεξαδέλφου</span> <span class='ocrx_word' id='word_1_246' title='bbox 939 3299 1104 3356; x_wconf 82' lang='grc' dir='ltr'>αὑτοῦ</span> <span class='ocrx_word' id='word_1_247' title='bbox 1147 3300 1422 3371; x_wconf 84' lang='grc' dir='ltr'>θυγατέρα</span> <span class='ocrx_word' id='word_1_248' title='bbox 1468 3300 1676 3371; x_wconf 79' lang='grc' dir='ltr'>λαϐεῖν,</span> <span class='ocrx_word' id='word_1_249' title='bbox 1711 3302 1835 3354; x_wconf 84' lang='grc' dir='ltr'>άνε-</span> 
     </span>
    </p>
   </div>
   <div class='ocr_carea' id='block_1_35' title="bbox 262 3390 1833 3464">
    <p class='ocr_par' dir='ltr' id='par_1_35' title="bbox 262 3390 1833 3464">
     <span class='ocr_line' id='line_1_35' title="bbox 262 3390 1833 3464; baseline -0.002 -18"><span class='ocrx_word' id='word_1_250' title='bbox 262 3392 397 3463; x_wconf 81' lang='grc' dir='ltr'>ψιὰν</span> <span class='ocrx_word' id='word_1_251' title='bbox 417 3393 607 3447; x_wconf 83' lang='grc' dir='ltr'>τούτου</span> <span class='ocrx_word' id='word_1_252' title='bbox 642 3393 1041 3464; x_wconf 87' lang='grc' dir='ltr'>τυγχάνουσαν.</span> <span class='ocrx_word' id='word_1_253' title='bbox 1071 3391 1146 3447; x_wconf 84' lang='grc' dir='ltr'>Τὸ</span> <span class='ocrx_word' id='word_1_254' title='bbox 1170 3392 1281 3462; x_wconf 79' lang='grc' dir='ltr'>γὰρ</span> <span class='ocrx_word' id='word_1_255' title='bbox 1305 3391 1468 3459; x_wconf 83' lang='grc' dir='ltr'>φύσει</span> <span class='ocrx_word' id='word_1_256' title='bbox 1501 3390 1711 3446; x_wconf 78' lang='grc' dir='ltr'>δίκαιον</span> <span class='ocrx_word' id='word_1_257' title='bbox 1737 3390 1833 3446; x_wconf 79' lang='grc' dir='ltr'><strong>καὶ</strong></span> 
     </span>
    </p>
   </div>
   <div class='ocr_carea' id='block_1_36' title="bbox 264 3481 1840 3556">
    <p class='ocr_par' dir='ltr' id='par_1_36' title="bbox 264 3481 1840 3556">
     <span class='ocr_line' id='line_1_36' title="bbox 264 3481 1840 3556; baseline -0.001 -18"><span class='ocrx_word' id='word_1_258' title='bbox 264 3485 540 3556; x_wconf 80' lang='grc' dir='ltr'>εὐπρεπὲς</span> <span class='ocrx_word' id='word_1_259' title='bbox 589 3485 685 3538; x_wconf 75' lang='grc' dir='ltr'><strong>καὶ</strong></span> <span class='ocrx_word' id='word_1_260' title='bbox 729 3483 944 3553; x_wconf 72' lang='grc' dir='ltr'>σεμνὸν,</span> <span class='ocrx_word' id='word_1_261' title='bbox 985 3483 1174 3554; x_wconf 82' lang='grc' dir='ltr'>ὥσπερ</span> <span class='ocrx_word' id='word_1_262' title='bbox 1214 3482 1338 3535; x_wconf 77' lang='grc' dir='ltr'>τινὰ</span> <span class='ocrx_word' id='word_1_263' title='bbox 1366 3482 1582 3552; x_wconf 86' lang='grc' dir='ltr'>χαλινὸν</span> <span class='ocrx_word' id='word_1_264' title='bbox 1601 3484 1713 3547; x_wconf 78' lang='grc' dir='ltr'>τοῖς</span> <span class='ocrx_word' id='word_1_265' title='bbox 1739 3481 1840 3552; x_wconf 85' lang='grc' dir='ltr'>γά-</span> 
     </span>
    </p>
   </div>
   <div class='ocr_carea' id='block_1_37' title="bbox 266 3573 770 3644">
    <p class='ocr_par' dir='ltr' id='par_1_37' title="bbox 266 3573 770 3644">
     <span class='ocr_line' id='line_1_37' title="bbox 266 3573 770 3644; baseline 0.002 -17"><span class='ocrx_word' id='word_1_266' title='bbox 266 3591 390 3644; x_wconf 87' lang='grc' dir='ltr'>μοις</span> <span class='ocrx_word' id='word_1_267' title='bbox 409 3573 681 3644; x_wconf 77' lang='grc' dir='ltr'>ὲπέθηκεν</span> <span class='ocrx_word' id='word_1_268' title='bbox 703 3573 770 3628; x_wconf 78' lang='grc'><strong>’³.</strong></span> 
     </span>
    </p>
   </div>
   <div class='ocr_carea' id='block_1_38' title="bbox 1929 640 3499 714">
    <p class='ocr_par' dir='ltr' id='par_1_38' title="bbox 1929 640 3499 714">
     <span class='ocr_line' id='line_1_38' title="bbox 1929 640 3499 714; baseline -0.004 -11"><span class='ocrx_word' id='word_1_269' title='bbox 1929 655 2148 704; x_wconf 87' lang='lat' dir='ltr'><strong>centur.</strong></span> <span class='ocrx_word' id='word_1_270' title='bbox 2181 645 2299 702; x_wconf 88' lang='lat' dir='ltr'><strong>Non</strong></span> <span class='ocrx_word' id='word_1_271' title='bbox 2341 647 2487 704; x_wconf 81' lang='lat' dir='ltr'><strong>enim</strong></span> <span class='ocrx_word' id='word_1_272' title='bbox 2523 645 2636 701; x_wconf 89' lang='lat' dir='ltr'><strong>ﬁeri</strong></span> <span class='ocrx_word' id='word_1_273' title='bbox 2667 652 2871 714; x_wconf 77' lang='lat' dir='ltr'><strong>potest,</strong></span> <span class='ocrx_word' id='word_1_274' title='bbox 2902 650 2965 698; x_wconf 90' lang='lat' dir='ltr'><strong>ut</strong></span> <span class='ocrx_word' id='word_1_275' title='bbox 2999 651 3160 712; x_wconf 88' lang='lat' dir='ltr'><strong>nepte</strong></span> <span class='ocrx_word' id='word_1_276' title='bbox 3183 657 3278 697; x_wconf 87' lang='lat' dir='ltr'><strong>sua</strong></span> <span class='ocrx_word' id='word_1_277' title='bbox 3309 640 3499 696; x_wconf 84' lang='lat' dir='ltr'><strong>matri-</strong></span> 
     </span>
    </p>
   </div>
   <div class='ocr_carea' id='block_1_39' title="bbox 1930 732 3498 813">
    <p class='ocr_par' dir='ltr' id='par_1_39' title="bbox 1930 732 3498 813">
     <span class='ocr_line' id='line_1_39' title="bbox 1930 732 3498 813; baseline -0.004 -19"><span class='ocrx_word' id='word_1_278' title='bbox 1930 739 2101 794; x_wconf 89' lang='lat' dir='ltr'><strong>monii</strong></span> <span class='ocrx_word' id='word_1_279' title='bbox 2129 740 2247 813; x_wconf 76' lang='lat' dir='ltr'><strong>lege</strong></span> <span class='ocrx_word' id='word_1_280' title='bbox 2277 740 2585 811; x_wconf 86' lang='lat' dir='ltr'><strong>cepuletur.</strong></span> <span class='ocrx_word' id='word_1_281' title='bbox 2629 736 2908 792; x_wconf 87' lang='lat' dir='ltr'><strong>Inﬁnitum</strong></span> <span class='ocrx_word' id='word_1_282' title='bbox 2931 749 3062 791; x_wconf 84' lang='lat' dir='ltr'><strong>vero</strong></span> <span class='ocrx_word' id='word_1_283' title='bbox 3087 733 3344 798; x_wconf 88' lang='lat' dir='ltr'><strong>dicimus,</strong></span> <span class='ocrx_word' id='word_1_284' title='bbox 3377 732 3498 804; x_wconf 82' lang='lat' dir='ltr'>ejus</span> 
     </span>
    </p>
   </div>
   <div class='ocr_carea' id='block_1_40' title="bbox 1928 825 3499 902">
    <p class='ocr_par' dir='ltr' id='par_1_40' title="bbox 1928 825 3499 902">
     <span class='ocr_line' id='line_1_40' title="bbox 1928 825 3499 902; baseline -0.002 -19"><span class='ocrx_word' id='word_1_285' title='bbox 1928 831 2164 897; x_wconf 80' lang='lat' dir='ltr'><strong>ratione,</strong></span> <span class='ocrx_word' id='word_1_286' title='bbox 2201 831 2345 902; x_wconf 91' lang='lat' dir='ltr'><strong>quod</strong></span> <span class='ocrx_word' id='word_1_287' title='bbox 2381 832 2496 888; x_wconf 84' lang='lat' dir='ltr'><strong>ﬁeri</strong></span> <span class='ocrx_word' id='word_1_288' title='bbox 2527 836 2745 901; x_wconf 77' lang='lat' dir='ltr'><strong>potest;</strong></span> <span class='ocrx_word' id='word_1_289' title='bbox 2803 842 2911 883; x_wconf 89' lang='lat' dir='ltr'><strong>non</strong></span> <span class='ocrx_word' id='word_1_290' title='bbox 2958 825 3229 881; x_wconf 88' lang='lat' dir='ltr'><strong>inﬁnitum</strong></span> <span class='ocrx_word' id='word_1_291' title='bbox 3281 831 3499 880; x_wconf 78' lang='lat' dir='ltr'><strong>natura;</strong></span> 
     </span>
    </p>
   </div>
   <div class='ocr_carea' id='block_1_41' title="bbox 1928 919 3076 995">
    <p class='ocr_par' dir='ltr' id='par_1_41' title="bbox 1928 919 3076 995">
     <span class='ocr_line' id='line_1_41' title="bbox 1928 919 3076 995; baseline -0.003 -18"><span class='ocrx_word' id='word_1_292' title='bbox 1928 921 2140 993; x_wconf 84' lang='lat' dir='ltr'><strong>Quippe</strong></span> <span class='ocrx_word' id='word_1_293' title='bbox 2178 939 2378 995; x_wconf 79' lang='lat' dir='ltr'><strong>genera</strong></span> <span class='ocrx_word' id='word_1_294' title='bbox 2406 939 2512 980; x_wconf 92' lang='lat' dir='ltr'><strong>non</strong></span> <span class='ocrx_word' id='word_1_295' title='bbox 2543 930 2674 979; x_wconf 91' lang='lat' dir='ltr'><strong>sunt</strong></span> <span class='ocrx_word' id='word_1_296' title='bbox 2721 919 3076 976; x_wconf 86' lang='lat' dir='ltr'><strong>immortalia.</strong></span> 
     </span>
    </p>
   </div>
   <div class='ocr_carea' id='block_1_42' title="bbox 2175 1011 3248 1086">
    <p class='ocr_par' dir='ltr' id='par_1_42' title="bbox 2175 1011 3248 1086">
     <span class='ocr_line' id='line_1_42' title="bbox 2175 1011 3248 1086; baseline -0.006 -15"><span class='ocrx_word' id='word_1_297' title='bbox 2175 1017 2254 1071; x_wconf 86' lang='lat' dir='ltr'><strong>De</strong></span> <span class='ocrx_word' id='word_1_298' title='bbox 2285 1018 2456 1086; x_wconf 85' lang='lat' dir='ltr'><strong>gradu</strong></span> <span class='ocrx_word' id='word_1_299' title='bbox 2486 1017 2704 1083; x_wconf 82' lang='lat' dir='ltr'><strong>septimo</strong></span> <span class='ocrx_word' id='word_1_300' title='bbox 2751 1011 3248 1083; x_wconf 67' lang='lat' dir='ltr'><strong>consanguinitatis.</strong></span> 
     </span>
    </p>
   </div>
   <div class='ocr_carea' id='block_1_43' title="bbox 2002 1105 3502 1180">
    <p class='ocr_par' dir='ltr' id='par_1_43' title="bbox 2002 1105 3502 1180">
     <span class='ocr_line' id='line_1_43' title="bbox 2002 1105 3502 1180; baseline -0.002 -17"><span class='ocrx_word' id='word_1_301' title='bbox 2002 1110 2096 1173; x_wconf 92' lang='lat' dir='ltr'><strong>lis,</strong></span> <span class='ocrx_word' id='word_1_302' title='bbox 2149 1111 2243 1180; x_wconf 86' lang='lat' dir='ltr'><strong>qui</strong></span> <span class='ocrx_word' id='word_1_303' title='bbox 2291 1119 2421 1164; x_wconf 89' lang='lat' dir='ltr'><strong>sunt</strong></span> <span class='ocrx_word' id='word_1_304' title='bbox 2473 1125 2538 1166; x_wconf 77' lang='lat' dir='ltr'><strong>ex</strong></span> <span class='ocrx_word' id='word_1_305' title='bbox 2606 1117 2945 1172; x_wconf 89' lang='lat' dir='ltr'><strong>transverso,</strong></span> <span class='ocrx_word' id='word_1_306' title='bbox 3012 1105 3216 1178; x_wconf 78' lang='lat' dir='ltr'><strong>gradus</strong></span> <span class='ocrx_word' id='word_1_307' title='bbox 3275 1110 3502 1160; x_wconf 83' lang='lat' dir='ltr'><strong>octavus</strong></span> 
     </span>
    </p>
   </div>
   <div class='ocr_carea' id='block_1_44' title="bbox 1929 1199 3504 1272">
    <p class='ocr_par' dir='ltr' id='par_1_44' title="bbox 1929 1199 3504 1272">
     <span class='ocr_line' id='line_1_44' title="bbox 1929 1199 3504 1272; baseline -0.005 -14"><span class='ocrx_word' id='word_1_308' title='bbox 1929 1202 2338 1258; x_wconf 81' lang='lat' dir='ltr'><strong>matrimonium</strong></span> <span class='ocrx_word' id='word_1_309' title='bbox 2367 1201 2653 1272; x_wconf 87' lang='lat' dir='ltr'><strong>permittit,</strong></span> <span class='ocrx_word' id='word_1_310' title='bbox 2692 1215 2816 1256; x_wconf 91' lang='lat' dir='ltr'><strong>cum</strong></span> <span class='ocrx_word' id='word_1_311' title='bbox 2851 1200 3117 1269; x_wconf 82' lang='lat' dir='ltr'><strong>septimus</strong></span> <span class='ocrx_word' id='word_1_312' title='bbox 3145 1199 3214 1254; x_wconf 91' lang='lat' dir='ltr'><strong>ab</strong></span> <span class='ocrx_word' id='word_1_313' title='bbox 3252 1213 3317 1252; x_wconf 83' lang='lat' dir='ltr'><strong>co</strong></span> <span class='ocrx_word' id='word_1_314' title='bbox 3348 1212 3504 1267; x_wconf 84' lang='lat' dir='ltr'><strong>pror-</strong></span> 
     </span>
    </p>
   </div>
   <div class='ocr_carea' id='block_1_45' title="bbox 1929 1291 3500 1364">
    <p class='ocr_par' dir='ltr' id='par_1_45' title="bbox 1929 1291 3500 1364">
     <span class='ocr_line' id='line_1_45' title="bbox 1929 1291 3500 1364; baseline -0.004 -14"><span class='ocrx_word' id='word_1_315' title='bbox 1929 1309 2027 1350; x_wconf 87' lang='lat' dir='ltr'><strong>sus</strong></span> <span class='ocrx_word' id='word_1_316' title='bbox 2049 1302 2252 1349; x_wconf 73' lang='lat' dir='ltr'><strong>arceat.</strong></span> <span class='ocrx_word' id='word_1_317' title='bbox 2289 1295 2498 1364; x_wconf 82' lang='lat' dir='ltr'><strong>Quippe</strong></span> <span class='ocrx_word' id='word_1_318' title='bbox 2526 1308 2635 1348; x_wconf 90' lang='lat' dir='ltr'><strong>non</strong></span> <span class='ocrx_word' id='word_1_319' title='bbox 2668 1301 2846 1363; x_wconf 82' lang='lat' dir='ltr'><strong>potest</strong></span> <span class='ocrx_word' id='word_1_320' title='bbox 2870 1292 3065 1363; x_wconf 87' lang='lat' dir='ltr'><strong>aliquis</strong></span> <span class='ocrx_word' id='word_1_321' title='bbox 3095 1291 3303 1347; x_wconf 90' lang='lat' dir='ltr'><strong>sobrini</strong></span> <span class='ocrx_word' id='word_1_322' title='bbox 3333 1291 3500 1345; x_wconf 90' lang='lat' dir='ltr'><strong>ﬁliam</strong></span> 
     </span>
    </p>
   </div>
   <div class='ocr_carea' id='block_1_46' title="bbox 1930 1384 3505 1456">
    <p class='ocr_par' dir='ltr' id='par_1_46' title="bbox 1930 1384 3505 1456">
     <span class='ocr_line' id='line_1_46' title="bbox 1930 1384 3505 1456; baseline -0.004 -13"><span class='ocrx_word' id='word_1_323' title='bbox 1930 1403 2156 1443; x_wconf 85' lang='lat' dir='ltr'><strong>uxorem</strong></span> <span class='ocrx_word' id='word_1_324' title='bbox 2191 1387 2410 1442; x_wconf 82' lang='lat' dir='ltr'><strong>ducere.</strong></span> <span class='ocrx_word' id='word_1_325' title='bbox 2446 1385 2719 1442; x_wconf 67' lang='lat' dir='ltr'><strong>Caeterum</strong></span> <span class='ocrx_word' id='word_1_326' title='bbox 2749 1393 2909 1441; x_wconf 91' lang='lat' dir='ltr'><strong>antea</strong></span> <span class='ocrx_word' id='word_1_327' title='bbox 2940 1384 3142 1455; x_wconf 77' lang='lat' dir='ltr'><strong>gradus</strong></span> <span class='ocrx_word' id='word_1_328' title='bbox 3171 1384 3505 1456; x_wconf 77' lang='lat' dir='ltr'><strong>consangui-</strong></span> 
     </span>
    </p>
   </div>
   <div class='ocr_carea' id='block_1_47' title="bbox 1928 1472 3508 1547">
    <p class='ocr_par' dir='ltr' id='par_1_47' title="bbox 1928 1472 3508 1547">
     <span class='ocr_line' id='line_1_47' title="bbox 1928 1472 3508 1547; baseline -0.007 -12"><span class='ocrx_word' id='word_1_329' title='bbox 1928 1480 2116 1535; x_wconf 89' lang='lat' dir='ltr'><strong>nitatis</strong></span> <span class='ocrx_word' id='word_1_330' title='bbox 2139 1476 2429 1547; x_wconf 88' lang='lat' dir='ltr'><strong>septimus,</strong></span> <span class='ocrx_word' id='word_1_331' title='bbox 2459 1477 2506 1531; x_wconf 92' lang='lat' dir='ltr'><strong>si</strong></span> <span class='ocrx_word' id='word_1_332' title='bbox 2544 1476 2612 1531; x_wconf 91' lang='lat' dir='ltr'><strong>de</strong></span> <span class='ocrx_word' id='word_1_333' title='bbox 2647 1491 2714 1532; x_wconf 86' lang='lat' dir='ltr'><strong>eo</strong></span> <span class='ocrx_word' id='word_1_334' title='bbox 2739 1475 3150 1540; x_wconf 90' lang='lat' dir='ltr'><strong>consuleretur,</strong></span> <span class='ocrx_word' id='word_1_335' title='bbox 3179 1472 3508 1544; x_wconf 85' lang='lat' dir='ltr'><strong>prohibeba-</strong></span> 
     </span>
    </p>
   </div>
   <div class='ocr_carea' id='block_1_48' title="bbox 1929 1566 3502 1640">
    <p class='ocr_par' dir='ltr' id='par_1_48' title="bbox 1929 1566 3502 1640">
     <span class='ocr_line' id='line_1_48' title="bbox 1929 1566 3502 1640; baseline -0.006 -14"><span class='ocrx_word' id='word_1_336' title='bbox 1929 1579 2019 1626; x_wconf 87' lang='lat' dir='ltr'><strong>tur</strong></span> <span class='ocrx_word' id='word_1_337' title='bbox 2050 1571 2138 1626; x_wconf 89' lang='lat' dir='ltr'><strong>ille</strong></span> <span class='ocrx_word' id='word_1_338' title='bbox 2176 1569 2433 1640; x_wconf 87' lang='lat' dir='ltr'><strong>quidem:</strong></span> <span class='ocrx_word' id='word_1_339' title='bbox 2485 1567 2580 1624; x_wconf 85' lang='lat' dir='ltr'><strong>sed</strong></span> <span class='ocrx_word' id='word_1_340' title='bbox 2619 1569 2666 1623; x_wconf 88' lang='lat' dir='ltr'><strong>si</strong></span> <span class='ocrx_word' id='word_1_341' title='bbox 2714 1583 2823 1638; x_wconf 93' lang='lat' dir='ltr'><strong>quo</strong></span> <span class='ocrx_word' id='word_1_342' title='bbox 2857 1566 3020 1622; x_wconf 92' lang='lat' dir='ltr'><strong>modo</strong></span> <span class='ocrx_word' id='word_1_343' title='bbox 3053 1581 3142 1622; x_wconf 87' lang='lat' dir='ltr'><strong>res</strong></span> <span class='ocrx_word' id='word_1_344' title='bbox 3180 1571 3328 1622; x_wconf 87' lang='lat' dir='ltr'><strong>esset</strong></span> <span class='ocrx_word' id='word_1_345' title='bbox 3359 1572 3502 1628; x_wconf 91' lang='lat' dir='ltr'><strong>acta,</strong></span> 
     </span>
    </p>
   </div>
   <div class='ocr_carea' id='block_1_49' title="bbox 1931 1653 3507 1729">
    <p class='ocr_par' dir='ltr' id='par_1_49' title="bbox 1931 1653 3507 1729">
     <span class='ocr_line' id='line_1_49' title="bbox 1931 1653 3507 1729; baseline -0.005 -15"><span class='ocrx_word' id='word_1_346' title='bbox 1931 1675 2037 1714; x_wconf 91' lang='lat' dir='ltr'><strong>non</strong></span> <span class='ocrx_word' id='word_1_347' title='bbox 2066 1658 2474 1729; x_wconf 87' lang='lat' dir='ltr'><strong>prohibebatur,</strong></span> <span class='ocrx_word' id='word_1_348' title='bbox 2528 1666 2688 1727; x_wconf 65' lang='lat' dir='ltr'><strong>paena</strong></span> <span class='ocrx_word' id='word_1_349' title='bbox 2719 1666 2899 1711; x_wconf 88' lang='lat' dir='ltr'><strong>tamen</strong></span> <span class='ocrx_word' id='word_1_350' title='bbox 2938 1655 3304 1725; x_wconf 79' lang='lat' dir='ltr'><strong>irrogabatnr,</strong></span> <span class='ocrx_word' id='word_1_351' title='bbox 3340 1653 3507 1723; x_wconf 87' lang='lat' dir='ltr'><strong>idque</strong></span> 
     </span>
    </p>
   </div>
   <div class='ocr_carea' id='block_1_50' title="bbox 1932 1747 3508 1822">
    <p class='ocr_par' dir='ltr' id='par_1_50' title="bbox 1932 1747 3508 1822">
     <span class='ocr_line' id='line_1_50' title="bbox 1932 1747 3508 1822; baseline -0.003 -17"><span class='ocrx_word' id='word_1_352' title='bbox 1932 1761 2244 1822; x_wconf 88' lang='lat' dir='ltr'><strong>propterea,</strong></span> <span class='ocrx_word' id='word_1_353' title='bbox 2297 1748 2438 1818; x_wconf 89' lang='lat' dir='ltr'><strong>quod</strong></span> <span class='ocrx_word' id='word_1_354' title='bbox 2483 1748 2703 1804; x_wconf 89' lang='lat' dir='ltr'><strong>silentio</strong></span> <span class='ocrx_word' id='word_1_355' title='bbox 2760 1749 2848 1803; x_wconf 83' lang='lat' dir='ltr'><strong>lex</strong></span> <span class='ocrx_word' id='word_1_356' title='bbox 2893 1747 2949 1802; x_wconf 91' lang='lat' dir='ltr'><strong>id</strong></span> <span class='ocrx_word' id='word_1_357' title='bbox 2987 1747 3331 1817; x_wconf 81' lang='lat' dir='ltr'><strong>praeterierit,</strong></span> <span class='ocrx_word' id='word_1_358' title='bbox 3385 1761 3508 1817; x_wconf 68' lang='lat' dir='ltr'><strong>quae</strong></span> 
     </span>
    </p>
   </div>
   <div class='ocr_carea' id='block_1_51' title="bbox 1931 1837 3506 1911">
    <p class='ocr_par' dir='ltr' id='par_1_51' title="bbox 1931 1837 3506 1911">
     <span class='ocr_line' id='line_1_51' title="bbox 1931 1837 3506 1911; baseline -0.003 -14"><span class='ocrx_word' id='word_1_359' title='bbox 1931 1842 2203 1897; x_wconf 73' lang='lat' dir='ltr'><strong>duntaxat</strong></span> <span class='ocrx_word' id='word_1_360' title='bbox 2235 1841 2302 1896; x_wconf 89' lang='lat' dir='ltr'><strong>ad</strong></span> <span class='ocrx_word' id='word_1_361' title='bbox 2332 1848 2547 1897; x_wconf 70' lang='lat' dir='ltr'><strong>sertum</strong></span> <span class='ocrx_word' id='word_1_362' title='bbox 2580 1839 2694 1911; x_wconf 85' lang='lat'><strong>(69)</strong></span> <span class='ocrx_word' id='word_1_363' title='bbox 2738 1855 2914 1910; x_wconf 89' lang='lat' dir='ltr'><strong>usque</strong></span> <span class='ocrx_word' id='word_1_364' title='bbox 2953 1839 3182 1911; x_wconf 74' lang='lat' dir='ltr'><strong>gradum</strong></span> <span class='ocrx_word' id='word_1_365' title='bbox 3232 1837 3506 1907; x_wconf 73' lang='lat' dir='ltr'><strong>prohibet.</strong></span> 
     </span>
    </p>
   </div>
   <div class='ocr_carea' id='block_1_52' title="bbox 1930 1929 3510 2005">
    <p class='ocr_par' dir='ltr' id='par_1_52' title="bbox 1930 1929 3510 2005">
     <span class='ocr_line' id='line_1_52' title="bbox 1930 1929 3510 2005; baseline -0.004 -17"><span class='ocrx_word' id='word_1_366' title='bbox 1930 1934 2090 2005; x_wconf 83' lang='lat' dir='ltr'><strong>Legis</strong></span> <span class='ocrx_word' id='word_1_367' title='bbox 2127 1934 2244 1989; x_wconf 62' lang='lat' dir='ltr'><strong>hare</strong></span> <span class='ocrx_word' id='word_1_368' title='bbox 2291 1933 2452 1988; x_wconf 86' lang='lat' dir='ltr'><strong>verba</strong></span> <span class='ocrx_word' id='word_1_369' title='bbox 2501 1940 2630 1989; x_wconf 88' lang='lat' dir='ltr'><strong>sunt</strong></span> <span class='ocrx_word' id='word_1_370' title='bbox 2664 1950 2677 1987; x_wconf 90' lang='lat'><strong>:</strong></span> <span class='ocrx_word' id='word_1_371' title='bbox 2719 1950 2738 1984; x_wconf 80' lang='grc' dir='ltr'><strong>ι</strong></span> <span class='ocrx_word' id='word_1_372' title='bbox 2786 1929 2998 1986; x_wconf 85' lang='lat' dir='ltr'><strong>Fratris</strong></span> <span class='ocrx_word' id='word_1_373' title='bbox 3037 1931 3164 1996; x_wconf 92' lang='lat' dir='ltr'><strong>mei,</strong></span> <span class='ocrx_word' id='word_1_374' title='bbox 3195 1931 3279 1986; x_wconf 87' lang='lat' dir='ltr'><strong>vel</strong></span> <span class='ocrx_word' id='word_1_375' title='bbox 3302 1929 3510 1986; x_wconf 85' lang='lat' dir='ltr'><strong>sororis</strong></span> 
     </span>
    </p>
   </div>
   <div class='ocr_carea' id='block_1_53' title="bbox 1931 2019 3511 2087">
    <p class='ocr_par' dir='ltr' id='par_1_53' title="bbox 1931 2019 3511 2087">
     <span class='ocr_line' id='line_1_53' title="bbox 1931 2019 3511 2087; baseline -0.004 -9"><span class='ocrx_word' id='word_1_376' title='bbox 1931 2039 2066 2079; x_wconf 79' lang='lat' dir='ltr'><strong>mea:</strong></span> <span class='ocrx_word' id='word_1_377' title='bbox 2096 2023 2283 2085; x_wconf 84' lang='lat' dir='ltr'><strong>tiliam,</strong></span> <span class='ocrx_word' id='word_1_378' title='bbox 2321 2037 2548 2078; x_wconf 82' lang='lat' dir='ltr'><strong>uxorem</strong></span> <span class='ocrx_word' id='word_1_379' title='bbox 2580 2023 2804 2087; x_wconf 88' lang='lat' dir='ltr'><strong>ducere,</strong></span> <span class='ocrx_word' id='word_1_380' title='bbox 2839 2021 2923 2077; x_wconf 81' lang='lat' dir='ltr'><strong>fas</strong></span> <span class='ocrx_word' id='word_1_381' title='bbox 2967 2037 3078 2077; x_wconf 89' lang='lat' dir='ltr'><strong>non</strong></span> <span class='ocrx_word' id='word_1_382' title='bbox 3115 2029 3236 2087; x_wconf 90' lang='lat' dir='ltr'><strong>est;</strong></span> <span class='ocrx_word' id='word_1_383' title='bbox 3272 2035 3375 2075; x_wconf 91' lang='lat' dir='ltr'><strong>nec</strong></span> <span class='ocrx_word' id='word_1_384' title='bbox 3409 2019 3511 2073; x_wconf 84' lang='lat' dir='ltr'><strong>hn-</strong></span> 
     </span>
    </p>
   </div>
   <div class='ocr_carea' id='block_1_54' title="bbox 1930 2107 3511 2184">
    <p class='ocr_par' dir='ltr' id='par_1_54' title="bbox 1930 2107 3511 2184">
     <span class='ocr_line' id='line_1_54' title="bbox 1930 2107 3511 2184; baseline -0.003 -17"><span class='ocrx_word' id='word_1_385' title='bbox 1930 2128 2052 2168; x_wconf 90' lang='lat' dir='ltr'><strong>rnm</strong></span> <span class='ocrx_word' id='word_1_386' title='bbox 2082 2123 2320 2184; x_wconf 88' lang='lat' dir='ltr'><strong>neptem,</strong></span> <span class='ocrx_word' id='word_1_387' title='bbox 2342 2128 2464 2184; x_wconf 63' lang='lat' dir='ltr'><strong>quae</strong></span> <span class='ocrx_word' id='word_1_388' title='bbox 2487 2113 2658 2183; x_wconf 80' lang='lat' dir='ltr'><strong>gradu</strong></span> <span class='ocrx_word' id='word_1_389' title='bbox 2681 2118 2877 2181; x_wconf 90' lang='lat' dir='ltr'><strong>quarto</strong></span> <span class='ocrx_word' id='word_1_390' title='bbox 2905 2118 3008 2166; x_wconf 79' lang='lat' dir='ltr'><strong>est.</strong></span> <span class='ocrx_word' id='word_1_391' title='bbox 3034 2108 3144 2166; x_wconf 86' lang='lat' dir='ltr'><strong>Nec</strong></span> <span class='ocrx_word' id='word_1_392' title='bbox 3165 2110 3292 2165; x_wconf 89' lang='lat' dir='ltr'><strong>item</strong></span> <span class='ocrx_word' id='word_1_393' title='bbox 3326 2107 3511 2180; x_wconf 75' lang='lat' dir='ltr'><strong>pati-ni</strong></span> 
     </span>
    </p>
   </div>
   <div class='ocr_carea' id='block_1_55' title="bbox 1933 2200 3512 2273">
    <p class='ocr_par' dir='ltr' id='par_1_55' title="bbox 1933 2200 3512 2273">
     <span class='ocr_line' id='line_1_55' title="bbox 1933 2200 3512 2273; baseline -0.002 -16"><span class='ocrx_word' id='word_1_394' title='bbox 1933 2202 2122 2268; x_wconf 86' lang='lat' dir='ltr'><strong>tiliam,</strong></span> <span class='ocrx_word' id='word_1_395' title='bbox 2179 2218 2302 2273; x_wconf 83' lang='lat' dir='ltr'><strong>quae</strong></span> <span class='ocrx_word' id='word_1_396' title='bbox 2353 2203 2684 2258; x_wconf 89' lang='lat' dir='ltr'><strong>consobrina</strong></span> <span class='ocrx_word' id='word_1_397' title='bbox 2742 2213 2828 2257; x_wconf 90' lang='lat' dir='ltr'><strong>est</strong></span> <span class='ocrx_word' id='word_1_398' title='bbox 2879 2219 2893 2256; x_wconf 91' lang='lat'><strong>:</strong></span> <span class='ocrx_word' id='word_1_399' title='bbox 2943 2216 3118 2272; x_wconf 90' lang='lat' dir='ltr'><strong>neque</strong></span> <span class='ocrx_word' id='word_1_400' title='bbox 3165 2200 3308 2256; x_wconf 89' lang='lat' dir='ltr'><strong>ﬁlius</strong></span> <span class='ocrx_word' id='word_1_401' title='bbox 3352 2215 3512 2256; x_wconf 86' lang='lat' dir='ltr'><strong>meus</strong></span> 
     </span>
    </p>
   </div>
   <div class='ocr_carea' id='block_1_56' title="bbox 1933 2288 3512 2365">
    <p class='ocr_par' dir='ltr' id='par_1_56' title="bbox 1933 2288 3512 2365">
     <span class='ocr_line' id='line_1_56' title="bbox 1933 2288 3512 2365; baseline -0.004 -15"><span class='ocrx_word' id='word_1_402' title='bbox 1933 2308 2122 2350; x_wconf 86' lang='lat' dir='ltr'><strong>eorum</strong></span> <span class='ocrx_word' id='word_1_403' title='bbox 2155 2302 2372 2364; x_wconf 80' lang='lat' dir='ltr'><strong>neptem</strong></span> <span class='ocrx_word' id='word_1_404' title='bbox 2404 2293 2576 2359; x_wconf 87' lang='lat' dir='ltr'><strong>ducit,</strong></span> <span class='ocrx_word' id='word_1_405' title='bbox 2610 2294 2704 2365; x_wconf 88' lang='lat' dir='ltr'><strong>qui</strong></span> <span class='ocrx_word' id='word_1_406' title='bbox 2748 2293 2957 2348; x_wconf 88' lang='lat' dir='ltr'><strong>sobrini</strong></span> <span class='ocrx_word' id='word_1_407' title='bbox 3000 2293 3281 2348; x_wconf 89' lang='lat' dir='ltr'><strong>dicuntur.</strong></span> <span class='ocrx_word' id='word_1_408' title='bbox 3334 2310 3352 2344; x_wconf 81' lang='grc' dir='ltr'><strong>ι</strong></span> <span class='ocrx_word' id='word_1_409' title='bbox 3403 2288 3512 2345; x_wconf 57' lang='lat' dir='ltr'><strong>Sed</strong></span> 
     </span>
    </p>
   </div>
   <div class='ocr_carea' id='block_1_57' title="bbox 1934 2381 3510 2456">
    <p class='ocr_par' dir='ltr' id='par_1_57' title="bbox 1934 2381 3510 2456">
     <span class='ocr_line' id='line_1_57' title="bbox 1934 2381 3510 2456; baseline -0.003 -18"><span class='ocrx_word' id='word_1_410' title='bbox 1934 2384 2061 2455; x_wconf 88' lang='lat' dir='ltr'><strong>quia</strong></span> <span class='ocrx_word' id='word_1_411' title='bbox 2103 2383 2352 2439; x_wconf 91' lang='lat' dir='ltr'><strong>nonnulli</strong></span> <span class='ocrx_word' id='word_1_412' title='bbox 2406 2392 2626 2454; x_wconf 88' lang='lat' dir='ltr'><strong>propter</strong></span> <span class='ocrx_word' id='word_1_413' title='bbox 2669 2385 2993 2456; x_wconf 73' lang='lat' dir='ltr'><strong>gravitatem</strong></span> <span class='ocrx_word' id='word_1_414' title='bbox 3043 2396 3328 2454; x_wconf 70' lang='lat' dir='ltr'><strong>poenarum</strong></span> <span class='ocrx_word' id='word_1_415' title='bbox 3367 2381 3510 2436; x_wconf 85' lang='lat' dir='ltr'><strong>clam</strong></span> 
     </span>
    </p>
   </div>
   <div class='ocr_carea' id='block_1_58' title="bbox 1937 2472 3510 2546">
    <p class='ocr_par' dir='ltr' id='par_1_58' title="bbox 1937 2472 3510 2546">
     <span class='ocr_line' id='line_1_58' title="bbox 1937 2472 3510 2546; baseline -0.003 -13"><span class='ocrx_word' id='word_1_416' title='bbox 1937 2475 2252 2546; x_wconf 79' lang='lat' dir='ltr'><strong>liujusmodi</strong></span> <span class='ocrx_word' id='word_1_417' title='bbox 2291 2476 2509 2546; x_wconf 85' lang='lat' dir='ltr'><strong>nuptias</strong></span> <span class='ocrx_word' id='word_1_418' title='bbox 2541 2476 2959 2538; x_wconf 84' lang='lat' dir='ltr'><strong>contrahebant,</strong></span> <span class='ocrx_word' id='word_1_419' title='bbox 2996 2475 3166 2530; x_wconf 89' lang='lat' dir='ltr'><strong>relata</strong></span> <span class='ocrx_word' id='word_1_420' title='bbox 3198 2488 3288 2528; x_wconf 91' lang='lat' dir='ltr'><strong>res</strong></span> <span class='ocrx_word' id='word_1_421' title='bbox 3319 2481 3406 2528; x_wconf 91' lang='lat' dir='ltr'><strong>est</strong></span> <span class='ocrx_word' id='word_1_422' title='bbox 3443 2472 3510 2528; x_wconf 87' lang='lat' dir='ltr'><strong>ad</strong></span> 
     </span>
    </p>
   </div>
   <div class='ocr_carea' id='block_1_59' title="bbox 1936 2564 3515 2638">
    <p class='ocr_par' dir='ltr' id='par_1_59' title="bbox 1936 2564 3515 2638">
     <span class='ocr_line' id='line_1_59' title="bbox 1936 2564 3515 2638; baseline -0.003 -17"><span class='ocrx_word' id='word_1_423' title='bbox 1936 2567 2226 2638; x_wconf 87' lang='lat' dir='ltr'><strong>synodum,</strong></span> <span class='ocrx_word' id='word_1_424' title='bbox 2255 2582 2366 2637; x_wconf 89' lang='lat' dir='ltr'><strong>quo</strong></span> <span class='ocrx_word' id='word_1_425' title='bbox 2402 2575 2645 2638; x_wconf 89' lang='lat' dir='ltr'><strong>tempore</strong></span> <span class='ocrx_word' id='word_1_426' title='bbox 2685 2566 2904 2622; x_wconf 88' lang='lat' dir='ltr'><strong>divinus</strong></span> <span class='ocrx_word' id='word_1_427' title='bbox 2949 2565 3040 2621; x_wconf 88' lang='lat' dir='ltr'><strong>ille</strong></span> <span class='ocrx_word' id='word_1_428' title='bbox 3074 2565 3250 2620; x_wconf 87' lang='lat' dir='ltr'><strong>Lucas</strong></span> <span class='ocrx_word' id='word_1_429' title='bbox 3279 2564 3515 2634; x_wconf 87' lang='lat' dir='ltr'><strong>patriar-</strong></span> 
     </span>
    </p>
   </div>
   <div class='ocr_carea' id='block_1_60' title="bbox 1937 2655 3513 2728">
    <p class='ocr_par' dir='ltr' id='par_1_60' title="bbox 1937 2655 3513 2728">
     <span class='ocr_line' id='line_1_60' title="bbox 1937 2655 3513 2728; baseline -0.002 -15"><span class='ocrx_word' id='word_1_430' title='bbox 1937 2659 2148 2714; x_wconf 90' lang='lat' dir='ltr'><strong>chalem</strong></span> <span class='ocrx_word' id='word_1_431' title='bbox 2193 2659 2454 2714; x_wconf 87' lang='lat' dir='ltr'><strong>thronum</strong></span> <span class='ocrx_word' id='word_1_432' title='bbox 2485 2661 2727 2728; x_wconf 84' lang='lat' dir='ltr'><strong>regebat,</strong></span> <span class='ocrx_word' id='word_1_433' title='bbox 2775 2672 2840 2713; x_wconf 85' lang='lat' dir='ltr'><strong>ac</strong></span> <span class='ocrx_word' id='word_1_434' title='bbox 2884 2656 3142 2727; x_wconf 89' lang='lat' dir='ltr'><strong>deinceps</strong></span> <span class='ocrx_word' id='word_1_435' title='bbox 3177 2655 3422 2712; x_wconf 89' lang='lat' dir='ltr'><strong>deﬁnivit</strong></span> <span class='ocrx_word' id='word_1_436' title='bbox 3457 2663 3513 2710; x_wconf 89' lang='lat' dir='ltr'><strong>et</strong></span> 
     </span>
    </p>
   </div>
   <div class='ocr_carea' id='block_1_61' title="bbox 1938 2747 3515 2820">
    <p class='ocr_par' dir='ltr' id='par_1_61' title="bbox 1938 2747 3515 2820">
     <span class='ocr_line' id='line_1_61' title="bbox 1938 2747 3515 2820; baseline -0.003 -15"><span class='ocrx_word' id='word_1_437' title='bbox 1938 2750 2128 2805; x_wconf 86' lang='lat' dir='ltr'><strong>statuit</strong></span> <span class='ocrx_word' id='word_1_438' title='bbox 2167 2762 2358 2806; x_wconf 88' lang='lat' dir='ltr'><strong>sancta</strong></span> <span class='ocrx_word' id='word_1_439' title='bbox 2402 2749 2668 2820; x_wconf 87' lang='lat' dir='ltr'><strong>synodus,</strong></span> <span class='ocrx_word' id='word_1_440' title='bbox 2711 2763 3050 2820; x_wconf 85' lang='lat' dir='ltr'><strong>nequaquam</strong></span> <span class='ocrx_word' id='word_1_441' title='bbox 3102 2747 3375 2818; x_wconf 89' lang='lat' dir='ltr'><strong>ejusmodi</strong></span> <span class='ocrx_word' id='word_1_442' title='bbox 3411 2764 3515 2802; x_wconf 86' lang='lat' dir='ltr'><strong>nu-</strong></span> 
     </span>
    </p>
   </div>
   <div class='ocr_carea' id='block_1_62' title="bbox 1937 2837 3514 2912">
    <p class='ocr_par' dir='ltr' id='par_1_62' title="bbox 1937 2837 3514 2912">
     <span class='ocr_line' id='line_1_62' title="bbox 1937 2837 3514 2912; baseline 0.001 -18"><span class='ocrx_word' id='word_1_443' title='bbox 1937 2840 2077 2912; x_wconf 83' lang='lat' dir='ltr'><strong>ptias</strong></span> <span class='ocrx_word' id='word_1_444' title='bbox 2108 2839 2305 2896; x_wconf 84' lang='lat' dir='ltr'><strong>debere</strong></span> <span class='ocrx_word' id='word_1_445' title='bbox 2334 2841 2632 2911; x_wconf 88' lang='lat' dir='ltr'><strong>procedere</strong></span> <span class='ocrx_word' id='word_1_446' title='bbox 2663 2841 2748 2896; x_wconf 90' lang='lat' dir='ltr'><strong>vel</strong></span> <span class='ocrx_word' id='word_1_447' title='bbox 2772 2839 3117 2905; x_wconf 87' lang='lat' dir='ltr'><strong>consistere;</strong></span> <span class='ocrx_word' id='word_1_448' title='bbox 3144 2839 3241 2894; x_wconf 90' lang='lat' dir='ltr'><strong>sed</strong></span> <span class='ocrx_word' id='word_1_449' title='bbox 3277 2838 3322 2893; x_wconf 90' lang='lat' dir='ltr'><strong>si</strong></span> <span class='ocrx_word' id='word_1_450' title='bbox 3355 2837 3422 2893; x_wconf 92' lang='lat' dir='ltr'><strong>de</strong></span> <span class='ocrx_word' id='word_1_451' title='bbox 3443 2837 3514 2895; x_wconf 90' lang='lat' dir='ltr'><strong>iis</strong></span> 
     </span>
    </p>
   </div>
   <div class='ocr_carea' id='block_1_63' title="bbox 1939 2929 3513 3002">
    <p class='ocr_par' dir='ltr' id='par_1_63' title="bbox 1939 2929 3513 3002">
     <span class='ocr_line' id='line_1_63' title="bbox 1939 2929 3513 3002; baseline -0.001 -14"><span class='ocrx_word' id='word_1_452' title='bbox 1939 2932 2277 2998; x_wconf 87' lang='lat' dir='ltr'><strong>consulatur,</strong></span> <span class='ocrx_word' id='word_1_453' title='bbox 2306 2932 2677 3002; x_wconf 86' lang='lat' dir='ltr'><strong>probibendas</strong></span> <span class='ocrx_word' id='word_1_454' title='bbox 2701 2947 2863 2999; x_wconf 89' lang='lat' dir='ltr'><strong>esse;</strong></span> <span class='ocrx_word' id='word_1_455' title='bbox 2904 2930 2990 2988; x_wconf 88' lang='lat' dir='ltr'><strong>sin</strong></span> <span class='ocrx_word' id='word_1_456' title='bbox 3021 2930 3342 3001; x_wconf 89' lang='lat' dir='ltr'><strong>procedant,</strong></span> <span class='ocrx_word' id='word_1_457' title='bbox 3371 2929 3513 2986; x_wconf 87' lang='lat' dir='ltr'><strong>diri-</strong></span> 
     </span>
    </p>
   </div>
   <div class='ocr_carea' id='block_1_64' title="bbox 1939 3023 3516 3096">
    <p class='ocr_par' dir='ltr' id='par_1_64' title="bbox 1939 3023 3516 3096">
     <span class='ocr_line' id='line_1_64' title="bbox 1939 3023 3516 3096; baseline -0.001 -17"><span class='ocrx_word' id='word_1_458' title='bbox 1939 3023 2183 3090; x_wconf 72' lang='lat' dir='ltr'><strong>mendas,</strong></span> <span class='ocrx_word' id='word_1_459' title='bbox 2229 3033 2285 3080; x_wconf 89' lang='lat' dir='ltr'><strong>et</strong></span> <span class='ocrx_word' id='word_1_460' title='bbox 2314 3028 2684 3096; x_wconf 79' lang='lat' dir='ltr'><strong>segregandos</strong></span> <span class='ocrx_word' id='word_1_461' title='bbox 2744 3023 2838 3095; x_wconf 91' lang='lat' dir='ltr'><strong>qui</strong></span> <span class='ocrx_word' id='word_1_462' title='bbox 2871 3024 3284 3088; x_wconf 81' lang='lat' dir='ltr'><strong>contraxerint;</strong></span> <span class='ocrx_word' id='word_1_463' title='bbox 3319 3037 3386 3078; x_wconf 89' lang='lat' dir='ltr'><strong>ac</strong></span> <span class='ocrx_word' id='word_1_464' title='bbox 3423 3037 3516 3078; x_wconf 88' lang='lat' dir='ltr'><strong>sa-</strong></span> 
     </span>
    </p>
   </div>
   <div class='ocr_carea' id='block_1_65' title="bbox 1939 3115 3515 3190">
    <p class='ocr_par' dir='ltr' id='par_1_65' title="bbox 1939 3115 3515 3190">
     <span class='ocr_line' id='line_1_65' title="bbox 1939 3115 3515 3190; baseline -0.001 -19"><span class='ocrx_word' id='word_1_465' title='bbox 1939 3117 2242 3181; x_wconf 89' lang='lat' dir='ltr'><strong>cerdotem,</strong></span> <span class='ocrx_word' id='word_1_466' title='bbox 2291 3117 2384 3190; x_wconf 87' lang='lat' dir='ltr'><strong>qui</strong></span> <span class='ocrx_word' id='word_1_467' title='bbox 2420 3115 2677 3187; x_wconf 89' lang='lat' dir='ltr'><strong>precibus</strong></span> <span class='ocrx_word' id='word_1_468' title='bbox 2705 3115 2884 3172; x_wconf 81' lang='lat' dir='ltr'><strong>sacris</strong></span> <span class='ocrx_word' id='word_1_469' title='bbox 2930 3115 3184 3176; x_wconf 87' lang='lat' dir='ltr'><strong>initiarit,</strong></span> <span class='ocrx_word' id='word_1_470' title='bbox 3229 3115 3336 3170; x_wconf 91' lang='lat' dir='ltr'><strong>nisi</strong></span> <span class='ocrx_word' id='word_1_471' title='bbox 3373 3116 3515 3170; x_wconf 81' lang='lat' dir='ltr'><strong>forte</strong></span> 
     </span>
    </p>
   </div>
   <div class='ocr_carea' id='block_1_66' title="bbox 1941 3205 3514 3278">
    <p class='ocr_par' dir='ltr' id='par_1_66' title="bbox 1941 3205 3514 3278">
     <span class='ocr_line' id='line_1_66' title="bbox 1941 3205 3514 3278; baseline 0.001 -16"><span class='ocrx_word' id='word_1_472' title='bbox 1941 3221 2039 3278; x_wconf 90' lang='lat' dir='ltr'><strong>per</strong></span> <span class='ocrx_word' id='word_1_473' title='bbox 2083 3207 2449 3275; x_wconf 82' lang='lat' dir='ltr'><strong>ignorantiam</strong></span> <span class='ocrx_word' id='word_1_474' title='bbox 2501 3213 2793 3277; x_wconf 88' lang='lat' dir='ltr'><strong>surreptus</strong></span> <span class='ocrx_word' id='word_1_475' title='bbox 2852 3205 3036 3270; x_wconf 81' lang='lat' dir='ltr'><strong>fuerit,</strong></span> <span class='ocrx_word' id='word_1_476' title='bbox 3103 3205 3514 3276; x_wconf 85' lang='lat' dir='ltr'><strong>deponendum.</strong></span> 
     </span>
    </p>
   </div>
   <div class='ocr_carea' id='block_1_67' title="bbox 1937 3295 3514 3370">
    <p class='ocr_par' dir='ltr' id='par_1_67' title="bbox 1937 3295 3514 3370">
     <span class='ocr_line' id='line_1_67' title="bbox 1937 3295 3514 3370; baseline -0.001 -16"><span class='ocrx_word' id='word_1_477' title='bbox 1937 3301 2114 3370; x_wconf 84' lang='lat' dir='ltr'><strong>Atque</strong></span> <span class='ocrx_word' id='word_1_478' title='bbox 2142 3299 2284 3354; x_wconf 88' lang='lat' dir='ltr'><strong>hanc</strong></span> <span class='ocrx_word' id='word_1_479' title='bbox 2312 3315 2426 3355; x_wconf 89' lang='lat' dir='ltr'><strong>rem</strong></span> <span class='ocrx_word' id='word_1_480' title='bbox 2458 3310 2634 3354; x_wconf 91' lang='lat' dir='ltr'><strong>actam</strong></span> <span class='ocrx_word' id='word_1_481' title='bbox 2664 3299 2718 3353; x_wconf 93' lang='lat' dir='ltr'><strong>in</strong></span> <span class='ocrx_word' id='word_1_482' title='bbox 2749 3297 2954 3370; x_wconf 84' lang='lat' dir='ltr'><strong>synodo</strong></span> <span class='ocrx_word' id='word_1_483' title='bbox 2976 3295 3319 3353; x_wconf 84' lang='lat' dir='ltr'><strong>conﬁrmavit</strong></span> <span class='ocrx_word' id='word_1_484' title='bbox 3347 3296 3514 3354; x_wconf 79' lang='lat' dir='ltr'><strong>etiam</strong></span> 
     </span>
    </p>
   </div>
   <div class='ocr_carea' id='block_1_68' title="bbox 1945 3389 3515 3463">
    <p class='ocr_par' dir='ltr' id='par_1_68' title="bbox 1945 3389 3515 3463">
     <span class='ocr_line' id='line_1_68' title="bbox 1945 3389 3515 3463; baseline -0.001 -15"><span class='ocrx_word' id='word_1_485' title='bbox 1945 3394 2270 3448; x_wconf 89' lang='lat' dir='ltr'><strong>constitutio</strong></span> <span class='ocrx_word' id='word_1_486' title='bbox 2300 3392 2433 3449; x_wconf 89' lang='lat' dir='ltr'><strong>clari</strong></span> <span class='ocrx_word' id='word_1_487' title='bbox 2474 3393 2618 3447; x_wconf 91' lang='lat' dir='ltr'><strong>inter</strong></span> <span class='ocrx_word' id='word_1_488' title='bbox 2653 3393 3013 3463; x_wconf 89' lang='lat' dir='ltr'><strong>imperatores</strong></span> <span class='ocrx_word' id='word_1_489' title='bbox 3045 3389 3324 3446; x_wconf 82' lang='lat' dir='ltr'><strong>Manuelis</strong></span> <span class='ocrx_word' id='word_1_490' title='bbox 3367 3389 3515 3447; x_wconf 85' lang='lat' dir='ltr'><strong>illius</strong></span> 
     </span>
    </p>
   </div>
   <div class='ocr_carea' id='block_1_69' title="bbox 1945 3482 3518 3557">
    <p class='ocr_par' dir='ltr' id='par_1_69' title="bbox 1945 3482 3518 3557">
     <span class='ocr_line' id='line_1_69' title="bbox 1945 3482 3518 3557; baseline -0.001 -19"><span class='ocrx_word' id='word_1_491' title='bbox 1945 3483 2001 3538; x_wconf 91' lang='lat' dir='ltr'><strong>in</strong></span> <span class='ocrx_word' id='word_1_492' title='bbox 2030 3485 2306 3557; x_wconf 86' lang='lat' dir='ltr'><strong>porphyra</strong></span> <span class='ocrx_word' id='word_1_493' title='bbox 2350 3485 2489 3541; x_wconf 87' lang='lat' dir='ltr'><strong>nati.</strong></span> <span class='ocrx_word' id='word_1_494' title='bbox 2530 3483 2681 3540; x_wconf 86' lang='lat' dir='ltr'><strong>Hanc</strong></span> <span class='ocrx_word' id='word_1_495' title='bbox 2719 3483 2788 3538; x_wconf 93' lang='lat' dir='ltr'><strong>ob</strong></span> <span class='ocrx_word' id='word_1_496' title='bbox 2825 3497 3048 3538; x_wconf 81' lang='lat' dir='ltr'><strong>causam</strong></span> <span class='ocrx_word' id='word_1_497' title='bbox 3100 3497 3208 3537; x_wconf 92' lang='lat' dir='ltr'><strong>non</strong></span> <span class='ocrx_word' id='word_1_498' title='bbox 3245 3482 3518 3553; x_wconf 89' lang='lat' dir='ltr'><strong>permitti-</strong></span> 
     </span>
    </p>
   </div>
   <div class='ocr_carea' id='block_1_70' title="bbox 1946 3572 3515 3648">
    <p class='ocr_par' dir='ltr' id='par_1_70' title="bbox 1946 3572 3515 3648">
     <span class='ocr_line' id='line_1_70' title="bbox 1946 3572 3515 3648; baseline -0.001 -18"><span class='ocrx_word' id='word_1_499' title='bbox 1946 3575 2188 3648; x_wconf 88' lang='lat' dir='ltr'><strong>tur(70),</strong></span> <span class='ocrx_word' id='word_1_500' title='bbox 2232 3577 2310 3630; x_wconf 92' lang='lat' dir='ltr'><strong>uti</strong></span> <span class='ocrx_word' id='word_1_501' title='bbox 2347 3577 2472 3647; x_wconf 91' lang='lat' dir='ltr'><strong>quis</strong></span> <span class='ocrx_word' id='word_1_502' title='bbox 2503 3576 2710 3631; x_wconf 89' lang='lat' dir='ltr'><strong>sobrini</strong></span> <span class='ocrx_word' id='word_1_503' title='bbox 2746 3573 2832 3632; x_wconf 89' lang='lat' dir='ltr'><strong>sui</strong></span> <span class='ocrx_word' id='word_1_504' title='bbox 2877 3573 3042 3633; x_wconf 83' lang='lat' dir='ltr'><strong>ﬁliam</strong></span> <span class='ocrx_word' id='word_1_505' title='bbox 3085 3572 3250 3628; x_wconf 89' lang='lat' dir='ltr'><strong>ducat</strong></span> <span class='ocrx_word' id='word_1_506' title='bbox 3288 3588 3515 3628; x_wconf 83' lang='lat' dir='ltr'><strong>uxorem</strong></span> 
     </span>
    </p>
   </div>
   <div class='ocr_carea' id='block_1_71' title="bbox 265 3661 3527 3741">
    <p class='ocr_par' dir='ltr' id='par_1_71' title="bbox 265 3661 3527 3741">
     <span class='ocr_line' id='line_1_71' title="bbox 265 3661 3527 3741; baseline 0.002 -24"><span class='ocrx_word' id='word_1_507' title='bbox 265 3681 389 3734; x_wconf 62' lang='lat' dir='ltr'><strong>qua!</strong></span> <span class='ocrx_word' id='word_1_508' title='bbox 417 3667 518 3736; x_wconf 89' lang='lat' dir='ltr'><strong>ipsi</strong></span> <span class='ocrx_word' id='word_1_509' title='bbox 548 3667 667 3720; x_wconf 84' lang='lat' dir='ltr'><strong>loco</strong></span> <span class='ocrx_word' id='word_1_510' title='bbox 700 3664 938 3720; x_wconf 70' lang='lat' dir='ltr'><strong>sobrina:</strong></span> <span class='ocrx_word' id='word_1_511' title='bbox 971 3672 1076 3720; x_wconf 88' lang='lat' dir='ltr'><strong>est.</strong></span> <span class='ocrx_word' id='word_1_512' title='bbox 1117 3661 1329 3735; x_wconf 85' lang='lat' dir='ltr'><strong>Quippe</strong></span> <span class='ocrx_word' id='word_1_513' title='bbox 1356 3664 1605 3720; x_wconf 88' lang='lat' dir='ltr'><strong>naturale</strong></span> <span class='ocrx_word' id='word_1_514' title='bbox 1625 3665 1739 3736; x_wconf 83' lang='lat' dir='ltr'><strong>jus,</strong></span> <span class='ocrx_word' id='word_1_515' title='bbox 1779 3669 1835 3721; x_wconf 83' lang='lat' dir='ltr'><strong>et</strong></span> <span class='ocrx_word' id='word_1_516' title='bbox 1871 3666 2209 3727; x_wconf 87' lang='lat' dir='ltr'><strong>honestatem</strong></span> <span class='ocrx_word' id='word_1_517' title='bbox 2235 3679 2290 3728; x_wconf 91' lang='lat' dir='ltr'><strong>et</strong></span> <span class='ocrx_word' id='word_1_518' title='bbox 2319 3670 2605 3741; x_wconf 87' lang='lat' dir='ltr'><strong>pudorem,</strong></span> <span class='ocrx_word' id='word_1_519' title='bbox 2631 3667 2790 3738; x_wconf 86' lang='lat' dir='ltr'><strong>quasi</strong></span> <span class='ocrx_word' id='word_1_520' title='bbox 2823 3667 3041 3723; x_wconf 79' lang='lat' dir='ltr'><strong>frenum</strong></span> <span class='ocrx_word' id='word_1_521' title='bbox 3078 3664 3527 3739; x_wconf 75' lang='lat' dir='ltr'><strong>quoddam,.nu~</strong></span> 
     </span>
    </p>
   </div>
   <div class='ocr_carea' id='block_1_72' title="bbox 266 3756 810 3828">
    <p class='ocr_par' dir='ltr' id='par_1_72' title="bbox 266 3756 810 3828">
     <span class='ocr_line' id='line_1_72' title="bbox 266 3756 810 3828; baseline -0.004 -17"><span class='ocrx_word' id='word_1_522' title='bbox 266 3758 396 3828; x_wconf 89' lang='lat' dir='ltr'><strong>ptiis</strong></span> <span class='ocrx_word' id='word_1_523' title='bbox 420 3758 505 3811; x_wconf 82' lang='lat' dir='ltr'><strong>lex</strong></span> <span class='ocrx_word' id='word_1_524' title='bbox 531 3756 810 3826; x_wconf 89' lang='lat' dir='ltr'><strong>imposuit.</strong></span> 
     </span>
    </p>
   </div>
   <div class='ocr_carea' id='block_1_73' title="bbox 465 3843 1637 3916">
    <p class='ocr_par' dir='ltr' id='par_1_73' title="bbox 465 3843 1637 3916">
     <span class='ocr_line' id='line_1_73' title="bbox 465 3843 1637 3916; baseline -0.001 -15"><span class='ocrx_word' id='word_1_525' title='bbox 465 3846 606 3916; x_wconf 73' lang='grc' dir='ltr'>Περὶ</span> <span class='ocrx_word' id='word_1_526' title='bbox 632 3845 740 3900; x_wconf 84' lang='grc' dir='ltr'>τοῦ</span> <span class='ocrx_word' id='word_1_527' title='bbox 767 3844 836 3909; x_wconf 78' lang='grc' dir='ltr'><strong>ἐξ</strong></span> <span class='ocrx_word' id='word_1_528' title='bbox 864 3843 1112 3913; x_wconf 71' lang='grc' dir='ltr'>αἵματος</span> <span class='ocrx_word' id='word_1_529' title='bbox 1137 3844 1354 3913; x_wconf 60' lang='grc' dir='ltr'>ὀγδόου</span> <span class='ocrx_word' id='word_1_530' title='bbox 1375 3845 1637 3915; x_wconf 77' lang='grc' dir='ltr'>βαθμοῦ.</span> 
     </span>
    </p>
   </div>
   <div class='ocr_carea' id='block_1_74' title="bbox 339 3956 1840 4032">
    <p class='ocr_par' dir='ltr' id='par_1_74' title="bbox 339 3956 1840 4032">
     <span class='ocr_line' id='line_1_74' title="bbox 339 3956 1840 4032; baseline -0.004 -16"><span class='ocrx_word' id='word_1_531' title='bbox 339 3961 436 4025; x_wconf 80' lang='grc' dir='ltr'><strong>Εἷς</strong></span> <span class='ocrx_word' id='word_1_532' title='bbox 463 3977 527 4030; x_wconf 87' lang='grc' dir='ltr'><strong>γε</strong></span> <span class='ocrx_word' id='word_1_533' title='bbox 564 3959 670 4032; x_wconf 87' lang='grc' dir='ltr'><strong>μὴν</strong></span> <span class='ocrx_word' id='word_1_534' title='bbox 696 3958 787 4012; x_wconf 78' lang='grc' dir='ltr'>τὸν</span> <span class='ocrx_word' id='word_1_535' title='bbox 814 3957 998 4026; x_wconf 76' lang='grc' dir='ltr'>ὃγδοον</span> <span class='ocrx_word' id='word_1_536' title='bbox 1031 3956 1236 4027; x_wconf 81' lang='grc' dir='ltr'>βαθμὸν</span> <span class='ocrx_word' id='word_1_537' title='bbox 1266 3957 1571 4029; x_wconf 88' lang='grc' dir='ltr'>προϐαίνων</span> <span class='ocrx_word' id='word_1_538' title='bbox 1598 3958 1627 4010; x_wconf 87' lang='lat'><strong>6</strong></span> <span class='ocrx_word' id='word_1_539' title='bbox 1659 3957 1718 4025; x_wconf 78' lang='grc' dir='ltr'>ἐξ</span> <span class='ocrx_word' id='word_1_540' title='bbox 1752 3957 1840 4011; x_wconf 78' lang='grc' dir='ltr'><strong>αἴ-</strong></span> 
     </span>
    </p>
   </div>
   <div class='ocr_carea' id='block_1_75' title="bbox 273 4048 1841 4126">
    <p class='ocr_par' dir='ltr' id='par_1_75' title="bbox 273 4048 1841 4126">
     <span class='ocr_line' id='line_1_75' title="bbox 273 4048 1841 4126; baseline -0.001 -16"><span class='ocrx_word' id='word_1_541' title='bbox 273 4072 442 4126; x_wconf 85' lang='grc' dir='ltr'>ματος</span> <span class='ocrx_word' id='word_1_542' title='bbox 464 4053 660 4123; x_wconf 80' lang='grc' dir='ltr'>γάμος,</span> <span class='ocrx_word' id='word_1_543' title='bbox 689 4048 1124 4120; x_wconf 82' lang='grc' dir='ltr'>συγκεχώρηται.</span> <span class='ocrx_word' id='word_1_544' title='bbox 1152 4049 1261 4120; x_wconf 80' lang='grc' dir='ltr'><strong>Τὴν</strong></span> <span class='ocrx_word' id='word_1_545' title='bbox 1285 4051 1392 4121; x_wconf 82' lang='grc' dir='ltr'>γὰρ</span> <span class='ocrx_word' id='word_1_546' title='bbox 1418 4049 1841 4122; x_wconf 79' lang='grc' dir='ltr'>τρισεξαδέλφην</span> 
     </span>
    </p>
   </div>
   <div class='ocr_carea' id='block_1_76' title="bbox 268 4140 1843 4219">
    <p class='ocr_par' dir='ltr' id='par_1_76' title="bbox 268 4140 1843 4219">
     <span class='ocr_line' id='line_1_76' title="bbox 268 4140 1843 4219; baseline -0.004 -18"><span class='ocrx_word' id='word_1_547' title='bbox 268 4149 303 4219; x_wconf 75' lang='grc' dir='ltr'><strong>ἢ</strong></span> <span class='ocrx_word' id='word_1_548' title='bbox 328 4149 428 4218; x_wconf 85' lang='grc' dir='ltr'>τὴν</span> <span class='ocrx_word' id='word_1_549' title='bbox 449 4146 678 4216; x_wconf 85' lang='grc' dir='ltr'>ὲγγόνην</span> <span class='ocrx_word' id='word_1_550' title='bbox 698 4144 791 4197; x_wconf 85' lang='grc' dir='ltr'>τοῦ</span> <span class='ocrx_word' id='word_1_551' title='bbox 818 4141 1195 4210; x_wconf 77' lang='grc' dir='ltr'>δισεξαδέλφου</span> <span class='ocrx_word' id='word_1_552' title='bbox 1221 4140 1539 4212; x_wconf 84' lang='grc' dir='ltr'>λαμϐάνειν,</span> <span class='ocrx_word' id='word_1_553' title='bbox 1561 4142 1672 4196; x_wconf 77' lang='grc' dir='ltr'>οὐδ’</span> <span class='ocrx_word' id='word_1_554' title='bbox 1691 4143 1843 4213; x_wconf 79' lang='grc' dir='ltr'>ἡντι-</span> 
     </span>
    </p>
   </div>
   <div class='ocr_carea' id='block_1_77' title="bbox 269 4234 856 4307">
    <p class='ocr_par' dir='ltr' id='par_1_77' title="bbox 269 4234 856 4307">
     <span class='ocr_line' id='line_1_77' title="bbox 269 4234 856 4307; baseline -0.003 -17"><span class='ocrx_word' id='word_1_555' title='bbox 269 4237 434 4294; x_wconf 83' lang='grc' dir='ltr'>ναοῦν</span> <span class='ocrx_word' id='word_1_556' title='bbox 461 4237 577 4307; x_wconf 83' lang='grc' dir='ltr'>ἔχει’</span> <span class='ocrx_word' id='word_1_557' title='bbox 603 4234 856 4289; x_wconf 85' lang='grc' dir='ltr'>κώλυσιν.</span> 
     </span>
    </p>
   </div>
   <div class='ocr_carea' id='block_1_78' title="bbox 497 4324 1618 4398">
    <p class='ocr_par' dir='ltr' id='par_1_78' title="bbox 497 4324 1618 4398">
     <span class='ocr_line' id='line_1_78' title="bbox 497 4324 1618 4398; baseline -0.004 -14"><span class='ocrx_word' id='word_1_558' title='bbox 497 4327 635 4398; x_wconf 78' lang='grc' dir='ltr'>Περὶ</span> <span class='ocrx_word' id='word_1_559' title='bbox 663 4327 782 4382; x_wconf 78' lang='grc' dir='ltr'><strong>τῶν</strong></span> <span class='ocrx_word' id='word_1_560' title='bbox 803 4326 872 4380; x_wconf 83' lang='grc' dir='ltr'>ἐκ</span> <span class='ocrx_word' id='word_1_561' title='bbox 904 4325 1184 4393; x_wconf 79' lang='grc' dir='ltr'>πορνείας</span> <span class='ocrx_word' id='word_1_562' title='bbox 1213 4324 1618 4395; x_wconf 74' lang='grc' dir='ltr'>γεννωμένων.</span> 
     </span>
    </p>
   </div>
   <div class='ocr_carea' id='block_1_79' title="bbox 341 4415 1848 4490">
    <p class='ocr_par' dir='ltr' id='par_1_79' title="bbox 341 4415 1848 4490">
     <span class='ocr_line' id='line_1_79' title="bbox 341 4415 1848 4490; baseline -0.005 -13"><span class='ocrx_word' id='word_1_563' title='bbox 341 4423 417 4477; x_wconf 87' lang='grc' dir='ltr'>Τδ</span> <span class='ocrx_word' id='word_1_564' title='bbox 446 4421 504 4474; x_wconf 81' lang='grc' dir='ltr'>δὲ</span> <span class='ocrx_word' id='word_1_565' title='bbox 541 4421 606 4473; x_wconf 83' lang='grc' dir='ltr'><strong>έκ</strong></span> <span class='ocrx_word' id='word_1_566' title='bbox 645 4417 922 4490; x_wconf 83' lang='grc' dir='ltr'>πορνείας,</span> <span class='ocrx_word' id='word_1_567' title='bbox 956 4417 1055 4470; x_wconf 84' lang='grc' dir='ltr'><strong>οὐκ</strong></span> <span class='ocrx_word' id='word_1_568' title='bbox 1089 4415 1202 4487; x_wconf 73' lang='grc' dir='ltr'>ἔχει</span> <span class='ocrx_word' id='word_1_569' title='bbox 1235 4415 1382 4470; x_wconf 74' lang='grc' dir='ltr'>ᾶπαν</span> <span class='ocrx_word' id='word_1_570' title='bbox 1414 4415 1585 4486; x_wconf 81' lang='grc' dir='ltr'>ὄνομα</span> <span class='ocrx_word' id='word_1_571' title='bbox 1617 4415 1696 4480; x_wconf 79' lang='grc' dir='ltr'>ἓν,</span> <span class='ocrx_word' id='word_1_572' title='bbox 1731 4415 1848 4470; x_wconf 82' lang='grc' dir='ltr'>ἀλλ’</span> 
     </span>
    </p>
   </div>
   <div class='ocr_carea' id='block_1_80' title="bbox 271 4505 1846 4583">
    <p class='ocr_par' dir='ltr' id='par_1_80' title="bbox 271 4505 1846 4583">
     <span class='ocr_line' id='line_1_80' title="bbox 271 4505 1846 4583; baseline -0.006 -14"><span class='ocrx_word' id='word_1_573' title='bbox 271 4512 664 4583; x_wconf 78' lang='grc' dir='ltr'>ὕποδιαιρεῖται</span> <span class='ocrx_word' id='word_1_574' title='bbox 695 4511 792 4564; x_wconf 74' lang='grc' dir='ltr'><strong>καὶ</strong></span> <span class='ocrx_word' id='word_1_575' title='bbox 816 4507 994 4563; x_wconf 81' lang='grc' dir='ltr'>τοῦτο.</span> <span class='ocrx_word' id='word_1_576' title='bbox 1023 4509 1086 4562; x_wconf 72' lang='lat' dir='ltr'><strong>Et</strong></span> <span class='ocrx_word' id='word_1_577' title='bbox 1122 4508 1219 4578; x_wconf 85' lang='grc' dir='ltr'><strong>μὲν</strong></span> <span class='ocrx_word' id='word_1_578' title='bbox 1243 4507 1352 4578; x_wconf 84' lang='grc' dir='ltr'>γὰρ</span> <span class='ocrx_word' id='word_1_579' title='bbox 1381 4505 1639 4576; x_wconf 76' lang='grc' dir='ltr'>γυναικὸς</span> <span class='ocrx_word' id='word_1_580' title='bbox 1667 4525 1846 4561; x_wconf 89' lang='grc' dir='ltr'>συνοι-</span> 
     </span>
    </p>
   </div>
   <div class='ocr_carea' id='block_1_81' title="bbox 2204 3849 3254 3922">
    <p class='ocr_par' dir='ltr' id='par_1_81' title="bbox 2204 3849 3254 3922">
     <span class='ocr_line' id='line_1_81' title="bbox 2204 3849 3254 3922; baseline -0.002 -18"><span class='ocrx_word' id='word_1_581' title='bbox 2204 3849 2284 3904; x_wconf 81' lang='lat' dir='ltr'><strong>De</strong></span> <span class='ocrx_word' id='word_1_582' title='bbox 2321 3850 2490 3922; x_wconf 79' lang='lat' dir='ltr'><strong>gradu</strong></span> <span class='ocrx_word' id='word_1_583' title='bbox 2531 3849 3011 3920; x_wconf 79' lang='lat' dir='ltr'><strong>consanguinitatis</strong></span> <span class='ocrx_word' id='word_1_584' title='bbox 3050 3857 3254 3904; x_wconf 83' lang='lat' dir='ltr'><strong>octavo.</strong></span> 
     </span>
    </p>
   </div>
   <div class='ocr_carea' id='block_1_82' title="bbox 2018 3961 3517 4036">
    <p class='ocr_par' dir='ltr' id='par_1_82' title="bbox 2018 3961 3517 4036">
     <span class='ocr_line' id='line_1_82' title="bbox 2018 3961 3517 4036; baseline -0.003 -17"><span class='ocrx_word' id='word_1_585' title='bbox 2018 3963 2252 4036; x_wconf 73' lang='lat' dir='ltr'><strong>Nuptiae,</strong></span> <span class='ocrx_word' id='word_1_586' title='bbox 2283 3981 2406 4036; x_wconf 76' lang='lat' dir='ltr'><strong>qua:</strong></span> <span class='ocrx_word' id='word_1_587' title='bbox 2445 3964 2587 4021; x_wconf 90' lang='lat' dir='ltr'><strong>inter</strong></span> <span class='ocrx_word' id='word_1_588' title='bbox 2623 3964 3062 4036; x_wconf 74' lang='lat' dir='ltr'><strong>consanguineos</strong></span> <span class='ocrx_word' id='word_1_589' title='bbox 3089 3961 3517 4029; x_wconf 85' lang='lat' dir='ltr'><strong>contrahuntur,</strong></span> 
     </span>
    </p>
   </div>
   <div class='ocr_carea' id='block_1_83' title="bbox 1948 4054 3521 4129">
    <p class='ocr_par' dir='ltr' id='par_1_83' title="bbox 1948 4054 3521 4129">
     <span class='ocr_line' id='line_1_83' title="bbox 1948 4054 3521 4129; baseline -0.003 -13"><span class='ocrx_word' id='word_1_590' title='bbox 1948 4057 1995 4116; x_wconf 86' lang='lat' dir='ltr'><strong>si</strong></span> <span class='ocrx_word' id='word_1_591' title='bbox 2043 4059 2109 4113; x_wconf 91' lang='lat' dir='ltr'><strong>ad</strong></span> <span class='ocrx_word' id='word_1_592' title='bbox 2155 4065 2406 4114; x_wconf 85' lang='lat' dir='ltr'><strong>octavum</strong></span> <span class='ocrx_word' id='word_1_593' title='bbox 2437 4073 2610 4129; x_wconf 88' lang='lat' dir='ltr'><strong>usque</strong></span> <span class='ocrx_word' id='word_1_594' title='bbox 2655 4057 2883 4128; x_wconf 75' lang='lat' dir='ltr'><strong>gradum</strong></span> <span class='ocrx_word' id='word_1_595' title='bbox 2923 4055 3247 4127; x_wconf 88' lang='lat' dir='ltr'><strong>procedant,</strong></span> <span class='ocrx_word' id='word_1_596' title='bbox 3285 4054 3521 4122; x_wconf 88' lang='lat' dir='ltr'><strong>permis-</strong></span> 
     </span>
    </p>
   </div>
   <div class='ocr_carea' id='block_1_84' title="bbox 1947 4144 3518 4219">
    <p class='ocr_par' dir='ltr' id='par_1_84' title="bbox 1947 4144 3518 4219">
     <span class='ocr_line' id='line_1_84' title="bbox 1947 4144 3518 4219; baseline -0.006 -13"><span class='ocrx_word' id='word_1_597' title='bbox 1947 4163 2022 4206; x_wconf 79' lang='lat' dir='ltr'><strong>sae</strong></span> <span class='ocrx_word' id='word_1_598' title='bbox 2054 4157 2200 4204; x_wconf 90' lang='lat' dir='ltr'><strong>sunt.</strong></span> <span class='ocrx_word' id='word_1_599' title='bbox 2235 4147 2445 4219; x_wconf 86' lang='lat' dir='ltr'><strong>Quippe</strong></span> <span class='ocrx_word' id='word_1_600' title='bbox 2468 4148 2580 4203; x_wconf 91' lang='lat' dir='ltr'><strong>nati</strong></span> <span class='ocrx_word' id='word_1_601' title='bbox 2603 4163 2668 4203; x_wconf 84' lang='lat' dir='ltr'><strong>ex</strong></span> <span class='ocrx_word' id='word_1_602' title='bbox 2701 4147 2925 4204; x_wconf 88' lang='lat' dir='ltr'><strong>sobrino</strong></span> <span class='ocrx_word' id='word_1_603' title='bbox 2955 4145 3142 4213; x_wconf 90' lang='lat' dir='ltr'><strong>ﬁliam,</strong></span> <span class='ocrx_word' id='word_1_604' title='bbox 3175 4144 3260 4201; x_wconf 84' lang='lat' dir='ltr'><strong>vel</strong></span> <span class='ocrx_word' id='word_1_605' title='bbox 3299 4152 3518 4213; x_wconf 81' lang='lat' dir='ltr'><strong>neptem</strong></span> 
     </span>
    </p>
   </div>
   <div class='ocr_carea' id='block_1_85' title="bbox 1949 4236 3302 4309">
    <p class='ocr_par' dir='ltr' id='par_1_85' title="bbox 1949 4236 3302 4309">
     <span class='ocr_line' id='line_1_85' title="bbox 1949 4236 3302 4309; baseline -0.004 -12"><span class='ocrx_word' id='word_1_606' title='bbox 1949 4239 2157 4297; x_wconf 68' lang='lat' dir='ltr'><strong>sebi-ini</strong></span> <span class='ocrx_word' id='word_1_607' title='bbox 2191 4241 2392 4295; x_wconf 86' lang='lat' dir='ltr'><strong>ducere</strong></span> <span class='ocrx_word' id='word_1_608' title='bbox 2423 4240 2573 4294; x_wconf 92' lang='lat' dir='ltr'><strong>nullo</strong></span> <span class='ocrx_word' id='word_1_609' title='bbox 2604 4238 2767 4295; x_wconf 90' lang='lat' dir='ltr'><strong>modo</strong></span> <span class='ocrx_word' id='word_1_610' title='bbox 2797 4239 2921 4309; x_wconf 91' lang='lat' dir='ltr'><strong>quis</strong></span> <span class='ocrx_word' id='word_1_611' title='bbox 2953 4236 3302 4308; x_wconf 84' lang='lat' dir='ltr'><strong>prohibetur.</strong></span> 
     </span>
    </p>
   </div>
   <div class='ocr_carea' id='block_1_86' title="bbox 2458 4327 3009 4399">
    <p class='ocr_par' dir='ltr' id='par_1_86' title="bbox 2458 4327 3009 4399">
     <span class='ocr_line' id='line_1_86' title="bbox 2458 4327 3009 4399; baseline -0.004 -16"><span class='ocrx_word' id='word_1_612' title='bbox 2458 4329 2534 4383; x_wconf 82' lang='lat' dir='ltr'><strong>De</strong></span> <span class='ocrx_word' id='word_1_613' title='bbox 2569 4329 2718 4399; x_wconf 78' lang='lat' dir='ltr'><strong>vulgo</strong></span> <span class='ocrx_word' id='word_1_614' title='bbox 2751 4327 3009 4398; x_wconf 72' lang='lat' dir='ltr'><strong>quaesitis.</strong></span> 
     </span>
    </p>
   </div>
   <div class='ocr_carea' id='block_1_87' title="bbox 2020 4415 3516 4492">
    <p class='ocr_par' dir='ltr' id='par_1_87' title="bbox 2020 4415 3516 4492">
     <span class='ocr_line' id='line_1_87' title="bbox 2020 4415 3516 4492; baseline -0.005 -17"><span class='ocrx_word' id='word_1_615' title='bbox 2020 4419 2196 4492; x_wconf 78' lang='lat' dir='ltr'><strong>Vulgo</strong></span> <span class='ocrx_word' id='word_1_616' title='bbox 2226 4420 2441 4492; x_wconf 72' lang='lat' dir='ltr'><strong>quaesiti</strong></span> <span class='ocrx_word' id='word_1_617' title='bbox 2487 4436 2595 4477; x_wconf 90' lang='lat' dir='ltr'><strong>non</strong></span> <span class='ocrx_word' id='word_1_618' title='bbox 2640 4421 2788 4475; x_wconf 81' lang='lat' dir='ltr'><strong>idem</strong></span> <span class='ocrx_word' id='word_1_619' title='bbox 2832 4432 3024 4474; x_wconf 88' lang='lat' dir='ltr'><strong>omnes</strong></span> <span class='ocrx_word' id='word_1_620' title='bbox 3056 4431 3257 4473; x_wconf 91' lang='lat' dir='ltr'><strong>nomen</strong></span> <span class='ocrx_word' id='word_1_621' title='bbox 3293 4415 3516 4481; x_wconf 89' lang='lat' dir='ltr'><strong>habent,</strong></span> 
     </span>
    </p>
   </div>
   <div class='ocr_carea' id='block_1_88' title="bbox 1951 4507 3523 4571">
    <p class='ocr_par' dir='ltr' id='par_1_88' title="bbox 1951 4507 3523 4571">
     <span class='ocr_line' id='line_1_88' title="bbox 1951 4507 3523 4571; baseline -0.004 -3"><span class='ocrx_word' id='word_1_622' title='bbox 1951 4511 2044 4568; x_wconf 89' lang='lat' dir='ltr'><strong>sed</strong></span> <span class='ocrx_word' id='word_1_623' title='bbox 2066 4511 2514 4571; x_wconf 87' lang='lat' dir='ltr'><strong>subdividunlur.</strong></span> <span class='ocrx_word' id='word_1_624' title='bbox 2549 4510 2682 4565; x_wconf 89' lang='lat' dir='ltr'><strong>Nam</strong></span> <span class='ocrx_word' id='word_1_625' title='bbox 2717 4509 2762 4566; x_wconf 87' lang='lat' dir='ltr'><strong>si</strong></span> <span class='ocrx_word' id='word_1_626' title='bbox 2802 4509 2890 4565; x_wconf 89' lang='lat' dir='ltr'><strong>cui</strong></span> <span class='ocrx_word' id='word_1_627' title='bbox 2933 4507 3211 4562; x_wconf 88' lang='lat' dir='ltr'><strong>mulierem</strong></span> <span class='ocrx_word' id='word_1_628' title='bbox 3243 4509 3298 4562; x_wconf 90' lang='lat' dir='ltr'><strong>in</strong></span> <span class='ocrx_word' id='word_1_629' title='bbox 3325 4515 3523 4562; x_wconf 86' lang='lat' dir='ltr'><strong>contu-</strong></span> 
     </span>
    </p>
   </div>
   <div class='ocr_carea' id='block_1_89' title="bbox 270 4597 1836 4678">
    <p class='ocr_par' dir='ltr' id='par_1_89' title="bbox 270 4597 1836 4674">
     <span class='ocr_line' id='line_1_89' title="bbox 270 4597 1836 4674; baseline -0.006 -14"><span class='ocrx_word' id='word_1_630' title='bbox 270 4605 475 4674; x_wconf 80' lang='grc' dir='ltr'>κούσης</span> <span class='ocrx_word' id='word_1_631' title='bbox 515 4603 621 4655; x_wconf 74' lang='grc' dir='ltr'>τινὶ</span> <span class='ocrx_word' id='word_1_632' title='bbox 665 4601 913 4670; x_wconf 77' lang='grc' dir='ltr'>φανερῶς</span> <span class='ocrx_word' id='word_1_633' title='bbox 928 4599 975 4632; x_wconf 72' lang='grc'>⁸⁸</span> <span class='ocrx_word' id='word_1_634' title='bbox 1019 4599 1114 4652; x_wconf 73' lang='grc' dir='ltr'>καὶ</span> <span class='ocrx_word' id='word_1_635' title='bbox 1151 4598 1218 4652; x_wconf 86' lang='grc' dir='ltr'>δι’</span> <span class='ocrx_word' id='word_1_636' title='bbox 1238 4597 1421 4666; x_wconf 83' lang='grc' dir='ltr'>ὀλίγου</span> <span class='ocrx_word' id='word_1_637' title='bbox 1465 4597 1654 4666; x_wconf 79' lang='grc' dir='ltr'>γέγονε</span> <span class='ocrx_word' id='word_1_638' title='bbox 1695 4600 1836 4664; x_wconf 71' lang='grc' dir='ltr'>παῖς,</span> 
     </span>
    </p>
   </div>
   <div class='ocr_carea' id='block_1_90' title="bbox 1941 4597 3518 4678">
    <p class='ocr_par' dir='ltr' id='par_1_90' title="bbox 1951 4597 3518 4673">
     <span class='ocr_line' id='line_1_90' title="bbox 1951 4597 3518 4673; baseline -0.004 -13"><span class='ocrx_word' id='word_1_639' title='bbox 1951 4603 2143 4660; x_wconf 85' lang='lat' dir='ltr'><strong>bernio</strong></span> <span class='ocrx_word' id='word_1_640' title='bbox 2189 4603 2432 4670; x_wconf 87' lang='lat' dir='ltr'><strong>habenti,</strong></span> <span class='ocrx_word' id='word_1_641' title='bbox 2476 4602 2654 4673; x_wconf 87' lang='lat' dir='ltr'><strong>palam</strong></span> <span class='ocrx_word' id='word_1_642' title='bbox 2702 4609 2886 4664; x_wconf 89' lang='lat' dir='ltr'><strong>natus,</strong></span> <span class='ocrx_word' id='word_1_643' title='bbox 2939 4600 3008 4655; x_wconf 90' lang='lat' dir='ltr'><strong>sit</strong></span> <span class='ocrx_word' id='word_1_644' title='bbox 3054 4599 3201 4655; x_wconf 87' lang='lat' dir='ltr'><strong>ﬁlius</strong></span> <span class='ocrx_word' id='word_1_645' title='bbox 3251 4597 3518 4653; x_wconf 87' lang='lat' dir='ltr'><strong>naturalis</strong></span> 
     </span>
    </p>
   </div>
   <div class='ocr_carea' id='block_1_91' title="bbox 272 4687 1846 4766">
    <p class='ocr_par' dir='ltr' id='par_1_91' title="bbox 272 4687 1846 4766">
     <span class='ocr_line' id='line_1_91' title="bbox 272 4687 1846 4766; baseline -0.004 -17"><span class='ocrx_word' id='word_1_646' title='bbox 272 4695 503 4766; x_wconf 80' lang='grc' dir='ltr'>φυσικὸς</span> <span class='ocrx_word' id='word_1_647' title='bbox 534 4687 690 4756; x_wconf 66' lang='grc' dir='ltr'>οὗτος</span> <span class='ocrx_word' id='word_1_648' title='bbox 721 4692 1063 4762; x_wconf 82' lang='grc' dir='ltr'>ὀνομάζεται.</span> <span class='ocrx_word' id='word_1_649' title='bbox 1091 4691 1204 4744; x_wconf 76' lang='grc' dir='ltr'><strong>Καὶ</strong></span> <span class='ocrx_word' id='word_1_650' title='bbox 1237 4689 1351 4759; x_wconf 76' lang='grc' dir='ltr'>ἔχει</span> <span class='ocrx_word' id='word_1_651' title='bbox 1381 4687 1645 4760; x_wconf 87' lang='grc' dir='ltr'>δευτέραν</span> <span class='ocrx_word' id='word_1_652' title='bbox 1673 4689 1846 4754; x_wconf 81' lang='grc' dir='ltr'>τάξιν,</span> 
     </span>
    </p>
   </div>
   <div class='ocr_carea' id='block_1_92' title="bbox 271 4779 1855 4855">
    <p class='ocr_par' dir='ltr' id='par_1_92' title="bbox 271 4779 1855 4855">
     <span class='ocr_line' id='line_1_92' title="bbox 271 4779 1855 4855; baseline -0.006 -14"><span class='ocrx_word' id='word_1_653' title='bbox 271 4789 348 4853; x_wconf 86' lang='grc' dir='ltr'><strong>ὡς</strong></span> <span class='ocrx_word' id='word_1_654' title='bbox 378 4785 514 4855; x_wconf 75' lang='grc' dir='ltr'>πρὸς</span> <span class='ocrx_word' id='word_1_655' title='bbox 541 4785 632 4838; x_wconf 72' lang='grc' dir='ltr'>τὸν</span> <span class='ocrx_word' id='word_1_656' title='bbox 659 4783 819 4853; x_wconf 70' lang='grc' dir='ltr'>φύσει</span> <span class='ocrx_word' id='word_1_657' title='bbox 846 4783 1097 4851; x_wconf 86' lang='grc' dir='ltr'>νόμιμον,</span> <span class='ocrx_word' id='word_1_658' title='bbox 1123 4781 1218 4835; x_wconf 74' lang='grc' dir='ltr'><strong>καὶ</strong></span> <span class='ocrx_word' id='word_1_659' title='bbox 1246 4781 1584 4851; x_wconf 80' lang='grc' dir='ltr'>προτιμᾶται</span> <span class='ocrx_word' id='word_1_660' title='bbox 1613 4781 1693 4845; x_wconf 81' lang='grc' dir='ltr'><strong>είς</strong></span> <span class='ocrx_word' id='word_1_661' title='bbox 1725 4779 1855 4851; x_wconf 68' lang='grc' dir='ltr'>κληυ</span> 
     </span>
    </p>
   </div>
   <div class='ocr_carea' id='block_1_93' title="bbox 274 4871 1857 4950">
    <p class='ocr_par' dir='ltr' id='par_1_93' title="bbox 274 4871 1857 4950">
     <span class='ocr_line' id='line_1_93' title="bbox 274 4871 1857 4950; baseline -0.004 -18"><span class='ocrx_word' id='word_1_662' title='bbox 274 4877 535 4950; x_wconf 84' lang='grc' dir='ltr'>ρονομίαν</span> <span class='ocrx_word' id='word_1_663' title='bbox 568 4876 665 4930; x_wconf 77' lang='grc' dir='ltr'><strong>καὶ</strong></span> <span class='ocrx_word' id='word_1_664' title='bbox 695 4875 806 4928; x_wconf 84' lang='grc' dir='ltr'>τῶν</span> <span class='ocrx_word' id='word_1_665' title='bbox 843 4874 1126 4938; x_wconf 80' lang='grc' dir='ltr'>ἀνιόντων,</span> <span class='ocrx_word' id='word_1_666' title='bbox 1161 4873 1262 4944; x_wconf 81' lang='grc' dir='ltr'><strong>οὐχ</strong></span> <span class='ocrx_word' id='word_1_667' title='bbox 1301 4874 1451 4937; x_wconf 85' lang='grc' dir='ltr'>ὅπως</span> <span class='ocrx_word' id='word_1_668' title='bbox 1479 4871 1588 4926; x_wconf 84' lang='grc' dir='ltr'>τῶν</span> <span class='ocrx_word' id='word_1_669' title='bbox 1620 4873 1686 4926; x_wconf 81' lang='grc' dir='ltr'>ὲκ</span> <span class='ocrx_word' id='word_1_670' title='bbox 1723 4871 1857 4926; x_wconf 84' lang='grc' dir='ltr'>πλα-</span> 
     </span>
    </p>
   </div>
   <div class='ocr_carea' id='block_1_94' title="bbox 271 4964 1856 5039">
    <p class='ocr_par' dir='ltr' id='par_1_94' title="bbox 271 4964 1856 5039">
     <span class='ocr_line' id='line_1_94' title="bbox 271 4964 1856 5039; baseline -0.004 -15"><span class='ocrx_word' id='word_1_671' title='bbox 271 4972 416 5039; x_wconf 80' lang='grc' dir='ltr'>γίου.</span> <span class='ocrx_word' id='word_1_672' title='bbox 456 4969 518 5021; x_wconf 80' lang='lat' dir='ltr'><strong>Et</strong></span> <span class='ocrx_word' id='word_1_673' title='bbox 553 4969 609 5022; x_wconf 81' lang='grc' dir='ltr'>δὲ</span> <span class='ocrx_word' id='word_1_674' title='bbox 644 4967 876 5038; x_wconf 77' lang='grc' dir='ltr'>φανερὸς</span> <span class='ocrx_word' id='word_1_675' title='bbox 915 4967 1014 5036; x_wconf 76' lang='grc' dir='ltr'>μὲν</span> <span class='ocrx_word' id='word_1_676' title='bbox 1056 4964 1224 5028; x_wconf 78' lang='grc' dir='ltr'>ἔστιν,</span> <span class='ocrx_word' id='word_1_677' title='bbox 1260 4965 1320 5019; x_wconf 84' lang='grc' dir='ltr'><strong>ού</strong></span> <span class='ocrx_word' id='word_1_678' title='bbox 1362 4966 1542 5036; x_wconf 84' lang='grc' dir='ltr'>μέντοι</span> <span class='ocrx_word' id='word_1_679' title='bbox 1578 4966 1643 5019; x_wconf 81' lang='grc' dir='ltr'>ὲκ</span> <span class='ocrx_word' id='word_1_680' title='bbox 1680 4981 1856 5018; x_wconf 86' lang='grc' dir='ltr'>συνοι-</span> 
     </span>
    </p>
   </div>
   <div class='ocr_carea' id='block_1_95' title="bbox 273 5055 1851 5132">
    <p class='ocr_par' dir='ltr' id='par_1_95' title="bbox 273 5055 1851 5132">
     <span class='ocr_line' id='line_1_95' title="bbox 273 5055 1851 5132; baseline -0.002 -18"><span class='ocrx_word' id='word_1_681' title='bbox 273 5061 478 5132; x_wconf 84' lang='grc' dir='ltr'>κούσης</span> <span class='ocrx_word' id='word_1_682' title='bbox 509 5058 585 5128; x_wconf 84' lang='grc' dir='ltr'><strong>τῷ</strong></span> <span class='ocrx_word' id='word_1_683' title='bbox 620 5059 775 5129; x_wconf 79' lang='grc' dir='ltr'>ἀνδρὶ</span> <span class='ocrx_word' id='word_1_684' title='bbox 807 5058 1095 5127; x_wconf 75' lang='grc' dir='ltr'>γυναικὸς,</span> <span class='ocrx_word' id='word_1_685' title='bbox 1129 5055 1457 5128; x_wconf 82' lang='grc' dir='ltr'>ὀνομάζεται</span> <span class='ocrx_word' id='word_1_686' title='bbox 1490 5057 1662 5122; x_wconf 84' lang='grc' dir='ltr'>νόθος.</span> <span class='ocrx_word' id='word_1_687' title='bbox 1699 5057 1762 5112; x_wconf 80' lang='lat' dir='ltr'><strong>El</strong></span> <span class='ocrx_word' id='word_1_688' title='bbox 1794 5055 1851 5111; x_wconf 84' lang='grc' dir='ltr'>δὲ</span> 
     </span>
    </p>
   </div>
   <div class='ocr_carea' id='block_1_96' title="bbox 274 5147 1850 5222">
    <p class='ocr_par' dir='ltr' id='par_1_96' title="bbox 274 5147 1850 5222">
     <span class='ocr_line' id='line_1_96' title="bbox 274 5147 1850 5222; baseline -0.003 -17"><span class='ocrx_word' id='word_1_689' title='bbox 274 5152 558 5216; x_wconf 78' lang='grc' dir='ltr'>παντελῶς</span> <span class='ocrx_word' id='word_1_690' title='bbox 584 5151 816 5222; x_wconf 81' lang='grc' dir='ltr'>ἀφανὴς,</span> <span class='ocrx_word' id='word_1_691' title='bbox 844 5149 1065 5219; x_wconf 84' lang='grc' dir='ltr'>λέγεται</span> <span class='ocrx_word' id='word_1_692' title='bbox 1113 5149 1346 5214; x_wconf 84' lang='grc' dir='ltr'>σκότιος,</span> <span class='ocrx_word' id='word_1_693' title='bbox 1379 5147 1452 5212; x_wconf 84' lang='grc' dir='ltr'>ὥς</span> <span class='ocrx_word' id='word_1_694' title='bbox 1481 5165 1646 5220; x_wconf 82' lang='grc' dir='ltr'>φησιν</span> <span class='ocrx_word' id='word_1_695' title='bbox 1669 5149 1850 5220; x_wconf 84' lang='grc' dir='ltr'><strong>Ὄμη-</strong></span> 
     </span>
    </p>
   </div>
   <div class='ocr_carea' id='block_1_97' title="bbox 276 5260 403 5318">
    <p class='ocr_par' dir='ltr' id='par_1_97' title="bbox 276 5260 403 5318">
     <span class='ocr_line' id='line_1_97' title="bbox 276 5260 403 5318; baseline 0 -43"><span class='ocrx_word' id='word_1_696' title='bbox 276 5260 403 5318; x_wconf 65' lang='grc' dir='ltr'>ρος.</span> 
     </span>
    </p>
   </div>
   <div class='ocr_carea' id='block_1_98' title="bbox 564 5355 1587 5426">
    <p class='ocr_par' dir='ltr' id='par_1_98' title="bbox 564 5355 1587 5426">
     <span class='ocr_line' id='line_1_98' title="bbox 564 5355 1587 5426; baseline 0 -16"><span class='ocrx_word' id='word_1_697' title='bbox 564 5356 930 5412; x_wconf 71' lang='grc' dir='ltr'>...υσκότιον</span> <span class='ocrx_word' id='word_1_698' title='bbox 956 5355 1024 5408; x_wconf 81' lang='grc' dir='ltr'>δὲ</span> <span class='ocrx_word' id='word_1_699' title='bbox 1064 5355 1334 5426; x_wconf 79' lang='grc' dir='ltr'>ἐγείνατο</span> <span class='ocrx_word' id='word_1_700' title='bbox 1352 5356 1550 5426; x_wconf 79' lang='grc' dir='ltr'>μήτηρ</span> <span class='ocrx_word' id='word_1_701' title='bbox 1572 5370 1587 5387; x_wconf 84' lang='grc'>⁶</span> 
     </span>
    </p>
   </div>
   <div class='ocr_carea' id='block_1_99' title="bbox 1948 4695 3520 4767">
    <p class='ocr_par' dir='ltr' id='par_1_99' title="bbox 1948 4695 3520 4767">
     <span class='ocr_line' id='line_1_99' title="bbox 1948 4695 3520 4767; baseline -0.002 -14"><span class='ocrx_word' id='word_1_702' title='bbox 1948 4708 2199 4767; x_wconf 89' lang='lat' dir='ltr'><strong>vocatur,</strong></span> <span class='ocrx_word' id='word_1_703' title='bbox 2239 4708 2294 4755; x_wconf 92' lang='lat' dir='ltr'><strong>et</strong></span> <span class='ocrx_word' id='word_1_704' title='bbox 2331 4699 2630 4754; x_wconf 90' lang='lat' dir='ltr'><strong>secundum</strong></span> <span class='ocrx_word' id='word_1_705' title='bbox 2686 4699 2864 4752; x_wconf 93' lang='lat' dir='ltr'><strong>locum</strong></span> <span class='ocrx_word' id='word_1_706' title='bbox 2922 4697 3136 4753; x_wconf 88' lang='lat' dir='ltr'><strong>obtinet</strong></span> <span class='ocrx_word' id='word_1_707' title='bbox 3183 4697 3252 4752; x_wconf 87' lang='lat' dir='ltr'><strong>ab</strong></span> <span class='ocrx_word' id='word_1_708' title='bbox 3295 4710 3382 4763; x_wconf 91' lang='lat' dir='ltr'><strong>eo,</strong></span> <span class='ocrx_word' id='word_1_709' title='bbox 3425 4695 3520 4766; x_wconf 91' lang='lat' dir='ltr'><strong>qui</strong></span> 
     </span>
    </p>
   </div>
   <div class='ocr_carea' id='block_1_100' title="bbox 1951 4785 3520 4859">
    <p class='ocr_par' dir='ltr' id='par_1_100' title="bbox 1951 4785 3520 4859">
     <span class='ocr_line' id='line_1_100' title="bbox 1951 4785 3520 4859; baseline -0.003 -15"><span class='ocrx_word' id='word_1_710' title='bbox 1951 4797 2146 4844; x_wconf 89' lang='lat' dir='ltr'><strong>natura</strong></span> <span class='ocrx_word' id='word_1_711' title='bbox 2181 4788 2455 4859; x_wconf 78' lang='lat' dir='ltr'><strong>legitimus</strong></span> <span class='ocrx_word' id='word_1_712' title='bbox 2498 4799 2601 4853; x_wconf 89' lang='lat' dir='ltr'><strong>est,</strong></span> <span class='ocrx_word' id='word_1_713' title='bbox 2651 4796 2706 4844; x_wconf 88' lang='lat' dir='ltr'><strong>et</strong></span> <span class='ocrx_word' id='word_1_714' title='bbox 2747 4789 2802 4842; x_wconf 92' lang='lat' dir='ltr'><strong>in</strong></span> <span class='ocrx_word' id='word_1_715' title='bbox 2843 4788 3195 4844; x_wconf 83' lang='lat' dir='ltr'><strong>successione</strong></span> <span class='ocrx_word' id='word_1_716' title='bbox 3231 4785 3520 4857; x_wconf 76' lang='lat' dir='ltr'><strong>praefertur</strong></span> 
     </span>
    </p>
   </div>
   <div class='ocr_carea' id='block_1_101' title="bbox 1950 4879 3508 4945">
    <p class='ocr_par' dir='ltr' id='par_1_101' title="bbox 1950 4879 3508 4945">
     <span class='ocr_line' id='line_1_101' title="bbox 1950 4879 3508 4945; baseline -0.003 -8"><span class='ocrx_word' id='word_1_717' title='bbox 1950 4880 2115 4937; x_wconf 87' lang='lat' dir='ltr'><strong>etiam</strong></span> <span class='ocrx_word' id='word_1_718' title='bbox 2150 4879 2594 4945; x_wconf 89' lang='lat' dir='ltr'><strong>ascendentibus,</strong></span> <span class='ocrx_word' id='word_1_719' title='bbox 2628 4880 2829 4935; x_wconf 89' lang='lat' dir='ltr'><strong>nedum</strong></span> <span class='ocrx_word' id='word_1_720' title='bbox 2860 4894 2925 4935; x_wconf 77' lang='lat' dir='ltr'><strong>ex</strong></span> <span class='ocrx_word' id='word_1_721' title='bbox 2964 4887 3282 4935; x_wconf 86' lang='lat' dir='ltr'><strong>transverso</strong></span> <span class='ocrx_word' id='word_1_722' title='bbox 3312 4879 3508 4936; x_wconf 79' lang='lat' dir='ltr'><strong>consti-</strong></span> 
     </span>
    </p>
   </div>
   <div class='ocr_carea' id='block_1_102' title="bbox 1953 4970 3520 5042">
    <p class='ocr_par' dir='ltr' id='par_1_102' title="bbox 1953 4970 3520 5042">
     <span class='ocr_line' id='line_1_102' title="bbox 1953 4970 3520 5042; baseline 0.001 -17"><span class='ocrx_word' id='word_1_723' title='bbox 1953 4973 2107 5027; x_wconf 90' lang='lat' dir='ltr'><strong>tutis.</strong></span> <span class='ocrx_word' id='word_1_724' title='bbox 2155 4970 2252 5026; x_wconf 88' lang='lat' dir='ltr'><strong>Sin</strong></span> <span class='ocrx_word' id='word_1_725' title='bbox 2292 4971 2618 5027; x_wconf 77' lang='lat' dir='ltr'><strong>manil‘estus</strong></span> <span class='ocrx_word' id='word_1_726' title='bbox 2655 4972 2874 5042; x_wconf 91' lang='lat' dir='ltr'><strong>quidem</strong></span> <span class='ocrx_word' id='word_1_727' title='bbox 2922 4980 3029 5037; x_wconf 91' lang='lat' dir='ltr'><strong>est,</strong></span> <span class='ocrx_word' id='word_1_728' title='bbox 3071 4987 3180 5026; x_wconf 91' lang='lat' dir='ltr'><strong>non</strong></span> <span class='ocrx_word' id='word_1_729' title='bbox 3228 4981 3408 5026; x_wconf 89' lang='lat' dir='ltr'><strong>tamen</strong></span> <span class='ocrx_word' id='word_1_730' title='bbox 3453 4987 3520 5026; x_wconf 84' lang='lat' dir='ltr'><strong>cx</strong></span> 
     </span>
    </p>
   </div>
   <div class='ocr_carea' id='block_1_103' title="bbox 1955 5062 3519 5132">
    <p class='ocr_par' dir='ltr' id='par_1_103' title="bbox 1955 5062 3519 5132">
     <span class='ocr_line' id='line_1_103' title="bbox 1955 5062 3519 5132; baseline 0.002 -16"><span class='ocrx_word' id='word_1_731' title='bbox 1955 5062 2183 5116; x_wconf 90' lang='lat' dir='ltr'><strong>muliere</strong></span> <span class='ocrx_word' id='word_1_732' title='bbox 2219 5072 2402 5129; x_wconf 90' lang='lat' dir='ltr'><strong>natus,</strong></span> <span class='ocrx_word' id='word_1_733' title='bbox 2429 5078 2550 5132; x_wconf 83' lang='lat' dir='ltr'><strong>quae</strong></span> <span class='ocrx_word' id='word_1_734' title='bbox 2578 5062 2632 5119; x_wconf 87' lang='lat' dir='ltr'><strong>in</strong></span> <span class='ocrx_word' id='word_1_735' title='bbox 2660 5063 3017 5118; x_wconf 89' lang='lat' dir='ltr'><strong>contubernio</strong></span> <span class='ocrx_word' id='word_1_736' title='bbox 3041 5063 3145 5118; x_wconf 88' lang='lat' dir='ltr'><strong>viri</strong></span> <span class='ocrx_word' id='word_1_737' title='bbox 3176 5064 3280 5131; x_wconf 90' lang='lat' dir='ltr'><strong>sit;</strong></span> <span class='ocrx_word' id='word_1_738' title='bbox 3313 5064 3519 5119; x_wconf 88' lang='lat' dir='ltr'><strong>nothus</strong></span> 
     </span>
    </p>
   </div>
   <div class='ocr_carea' id='block_1_104' title="bbox 1957 5151 3520 5224">
    <p class='ocr_par' dir='ltr' id='par_1_104' title="bbox 1957 5151 3520 5224">
     <span class='ocr_line' id='line_1_104' title="bbox 1957 5151 3520 5224; baseline -0.003 -15"><span class='ocrx_word' id='word_1_739' title='bbox 1957 5154 2073 5210; x_wconf 86' lang='lat' dir='ltr'><strong>sive</strong></span> <span class='ocrx_word' id='word_1_740' title='bbox 2124 5153 2345 5224; x_wconf 76' lang='lat' dir='ltr'><strong>Spurius</strong></span> <span class='ocrx_word' id='word_1_741' title='bbox 2392 5151 2716 5222; x_wconf 88' lang='lat' dir='ltr'><strong>appellatur.</strong></span> <span class='ocrx_word' id='word_1_742' title='bbox 2767 5151 2863 5208; x_wconf 84' lang='lat' dir='ltr'><strong>Sin</strong></span> <span class='ocrx_word' id='word_1_743' title='bbox 2909 5153 3136 5209; x_wconf 92' lang='lat' dir='ltr'><strong>omnino</strong></span> <span class='ocrx_word' id='word_1_744' title='bbox 3182 5154 3425 5208; x_wconf 85' lang='lat' dir='ltr'><strong>incertus</strong></span> <span class='ocrx_word' id='word_1_745' title='bbox 3466 5161 3520 5207; x_wconf 87' lang='lat' dir='ltr'><strong>et</strong></span> 
     </span>
    </p>
   </div>
   <div class='ocr_carea' id='block_1_105' title="bbox 1859 5243 3515 5310">
    <p class='ocr_par' dir='ltr' id='par_1_105' title="bbox 1859 5243 3515 5310">
     <span class='ocr_line' id='line_1_105' title="bbox 1859 5243 3515 5310; baseline -0.002 -12"><span class='ocrx_word' id='word_1_746' title='bbox 1859 5289 1878 5308; x_wconf 77' lang='grc'><strong>,</strong></span> <span class='ocrx_word' id='word_1_747' title='bbox 1959 5243 2250 5308; x_wconf 90' lang='lat' dir='ltr'><strong>obscurus,</strong></span> <span class='ocrx_word' id='word_1_748' title='bbox 2271 5243 2592 5300; x_wconf 89' lang='lat' dir='ltr'><strong>tenebrosus</strong></span> <span class='ocrx_word' id='word_1_749' title='bbox 2607 5245 2829 5310; x_wconf 91' lang='lat' dir='ltr'><strong>dicitur,</strong></span> <span class='ocrx_word' id='word_1_750' title='bbox 2854 5245 2933 5300; x_wconf 92' lang='lat' dir='ltr'><strong>uti</strong></span> <span class='ocrx_word' id='word_1_751' title='bbox 2958 5259 3080 5301; x_wconf 92' lang='lat' dir='ltr'><strong>cum</strong></span> <span class='ocrx_word' id='word_1_752' title='bbox 3105 5244 3374 5300; x_wconf 84' lang='lat' dir='ltr'><strong>Homerus</strong></span> <span class='ocrx_word' id='word_1_753' title='bbox 3391 5243 3465 5296; x_wconf 91' lang='lat' dir='ltr'><strong>ait</strong></span> <span class='ocrx_word' id='word_1_754' title='bbox 3501 5255 3515 5295; x_wconf 89' lang='lat'><strong>:</strong></span> 
     </span>
    </p>
   </div>
   <div class='ocr_carea' id='block_1_106' title="bbox 2393 5356 3296 5428">
    <p class='ocr_par' dir='ltr' id='par_1_106' title="bbox 2393 5356 3296 5428">
     <span class='ocr_line' id='line_1_106' title="bbox 2393 5356 3296 5428; baseline -0.002 -18"><span class='ocrx_word' id='word_1_755' title='bbox 2393 5365 2677 5412; x_wconf 82' lang='lat' dir='ltr'><strong>.....mater</strong></span> <span class='ocrx_word' id='word_1_756' title='bbox 2707 5357 2903 5428; x_wconf 83' lang='lat' dir='ltr'><strong>peperit</strong></span> <span class='ocrx_word' id='word_1_757' title='bbox 2933 5356 3296 5421; x_wconf 80' lang='lat' dir='ltr'><strong>tenebrosum;</strong></span> 
     </span>
    </p>
   </div>
   <div class='ocr_carea' id='block_1_107' title="bbox 1532 5494 2216 5553">
    <p class='ocr_par' dir='ltr' id='par_1_107' title="bbox 1532 5494 2216 5553">
     <span class='ocr_line' id='line_1_107' title="bbox 1532 5494 2216 5553; baseline 0.001 -3"><span class='ocrx_word' id='word_1_758' title='bbox 1532 5495 1768 5552; x_wconf 64' lang='lat' dir='ltr'><strong>VARIIE</strong></span> <span class='ocrx_word' id='word_1_759' title='bbox 1818 5494 2109 5553; x_wconf 82' lang='lat' dir='ltr'><strong>LECTION</strong></span> <span class='ocrx_word' id='word_1_760' title='bbox 2116 5495 2216 5551; x_wconf 84' lang='lat' dir='ltr'><strong>ES.</strong></span> 
     </span>
    </p>
   </div>
   <div class='ocr_carea' id='block_1_108' title="bbox 345 5587 2572 5663">
    <p class='ocr_par' dir='ltr' id='par_1_108' title="bbox 345 5587 2572 5663">
     <span class='ocr_line' id='line_1_108' title="bbox 345 5587 2572 5663; baseline 0.001 -21"><span class='ocrx_word' id='word_1_761' title='bbox 345 5587 393 5621; x_wconf 80' lang='grc'><strong>⁸⁸</strong></span> <span class='ocrx_word' id='word_1_762' title='bbox 415 5590 529 5655; x_wconf 81' lang='grc' dir='ltr'>τοῖς</span> <span class='ocrx_word' id='word_1_763' title='bbox 556 5589 634 5644; x_wconf 89' lang='grc' dir='ltr'><strong>δέ.</strong></span> <span class='ocrx_word' id='word_1_764' title='bbox 709 5588 756 5622; x_wconf 79' lang='grc'><em>’³</em></span> <span class='ocrx_word' id='word_1_765' title='bbox 780 5587 1132 5660; x_wconf 74' lang='grc' dir='ltr'>ἐρωτώμενον</span> <span class='ocrx_word' id='word_1_766' title='bbox 1167 5590 1285 5660; x_wconf 79' lang='grc' dir='ltr'>μέν.</span> <span class='ocrx_word' id='word_1_767' title='bbox 1358 5589 1406 5622; x_wconf 75' lang='grc'><strong>’⁸</strong></span> <span class='ocrx_word' id='word_1_768' title='bbox 1432 5588 1648 5661; x_wconf 81' lang='grc' dir='ltr'>χαλινὸν</span> <span class='ocrx_word' id='word_1_769' title='bbox 1677 5591 1706 5644; x_wconf 88' lang='lat'><strong>6</strong></span> <span class='ocrx_word' id='word_1_770' title='bbox 1736 5589 1896 5660; x_wconf 87' lang='grc' dir='ltr'>νόμος</span> <span class='ocrx_word' id='word_1_771' title='bbox 1914 5593 2026 5654; x_wconf 84' lang='grc' dir='ltr'>τοῖς</span> <span class='ocrx_word' id='word_1_772' title='bbox 2046 5607 2179 5660; x_wconf 87' lang='grc' dir='ltr'>γαμ.</span> <span class='ocrx_word' id='word_1_773' title='bbox 2252 5591 2300 5623; x_wconf 71' lang='grc'><strong><em>⁸⁵</em></strong></span> <span class='ocrx_word' id='word_1_774' title='bbox 2320 5591 2572 5663; x_wconf 80' lang='grc' dir='ltr'>φανερός.</span> 
     </span>
    </p>
   </div>
   <div class='ocr_carea' id='block_1_109' title="bbox 1777 5699 2008 5759">
    <p class='ocr_par' dir='ltr' id='par_1_109' title="bbox 1777 5699 2008 5759">
     <span class='ocr_line' id='line_1_109' title="bbox 1777 5699 2008 5759; baseline 0.017 -4"><span class='ocrx_word' id='word_1_775' title='bbox 1777 5699 2008 5759; x_wconf 66' lang='lat' dir='ltr'><strong>NOTAE.</strong></span> 
     </span>
    </p>
   </div>
   <div class='ocr_carea' id='block_1_110' title="bbox 349 5797 1835 5872">
    <p class='ocr_par' dir='ltr' id='par_1_110' title="bbox 349 5797 1835 5872">
     <span class='ocr_line' id='line_1_110' title="bbox 349 5797 1835 5872; baseline -0.003 -15"><span class='ocrx_word' id='word_1_776' title='bbox 349 5801 462 5871; x_wconf 72' lang='lat'><strong>(69)</strong></span> <span class='ocrx_word' id='word_1_777' title='bbox 498 5799 525 5872; x_wconf 81' lang='lat'>§</span> <span class='ocrx_word' id='word_1_778' title='bbox 559 5800 694 5871; x_wconf 81' lang='lat' dir='ltr'><strong>Ergo</strong></span> <span class='ocrx_word' id='word_1_779' title='bbox 729 5817 833 5872; x_wconf 82' lang='lat' dir='ltr'><strong>non</strong></span> <span class='ocrx_word' id='word_1_780' title='bbox 881 5816 1080 5856; x_wconf 83' lang='lat' dir='ltr'><strong>omnes.</strong></span> <span class='ocrx_word' id='word_1_781' title='bbox 1118 5799 1288 5854; x_wconf 87' lang='lat' dir='ltr'><strong>lnstit.</strong></span> <span class='ocrx_word' id='word_1_782' title='bbox 1327 5798 1399 5852; x_wconf 83' lang='lat' dir='ltr'><strong>De</strong></span> <span class='ocrx_word' id='word_1_783' title='bbox 1441 5806 1591 5868; x_wconf 80' lang='lat' dir='ltr'><strong>nupt.</strong></span> <span class='ocrx_word' id='word_1_784' title='bbox 1617 5797 1835 5854; x_wconf 87' lang='lat' dir='ltr'><strong>Basilic.</strong></span> 
     </span>
    </p>
   </div>
   <div class='ocr_carea' id='block_1_111' title="bbox 277 5871 817 5935">
    <p class='ocr_par' dir='ltr' id='par_1_111' title="bbox 277 5871 817 5935">
     <span class='ocr_line' id='line_1_111' title="bbox 277 5871 817 5935; baseline 0 -8"><span class='ocrx_word' id='word_1_785' title='bbox 277 5871 376 5928; x_wconf 75' lang='grc' dir='ltr'>ιιι).</span> <span class='ocrx_word' id='word_1_786' title='bbox 412 5871 608 5935; x_wconf 73' lang='lat' dir='ltr'><strong>xxviii,</strong></span> <span class='ocrx_word' id='word_1_787' title='bbox 646 5873 729 5927; x_wconf 90' lang='lat' dir='ltr'><strong>tit.</strong></span> <span class='ocrx_word' id='word_1_788' title='bbox 765 5871 817 5927; x_wconf 83' lang='lat'><strong>5.</strong></span> 
     </span>
    </p>
   </div>
   <div class='ocr_carea' id='block_1_112' title="bbox 2021 5799 3140 5874">
    <p class='ocr_par' dir='ltr' id='par_1_112' title="bbox 2021 5799 3140 5874">
     <span class='ocr_line' id='line_1_112' title="bbox 2021 5799 3140 5874; baseline -0.003 -20"><span class='ocrx_word' id='word_1_789' title='bbox 2021 5801 2130 5874; x_wconf 73' lang='lat'><strong>(70)</strong></span> <span class='ocrx_word' id='word_1_790' title='bbox 2158 5803 2192 5858; x_wconf 90' lang='grc' dir='ltr'>Ι.</span> <span class='ocrx_word' id='word_1_791' title='bbox 2227 5802 2364 5873; x_wconf 79' lang='lat' dir='ltr'><strong>H.§</strong></span> <span class='ocrx_word' id='word_1_792' title='bbox 2415 5799 2661 5855; x_wconf 72' lang='lat' dir='ltr'><strong>Serviles.</strong></span> <span class='ocrx_word' id='word_1_793' title='bbox 2700 5799 2760 5852; x_wconf 85' lang='lat' dir='ltr'><strong>D.</strong></span> <span class='ocrx_word' id='word_1_794' title='bbox 2793 5799 2854 5853; x_wconf 83' lang='lat' dir='ltr'><strong>de</strong></span> <span class='ocrx_word' id='word_1_795' title='bbox 2877 5801 2965 5852; x_wconf 81' lang='lat' dir='ltr'><strong>rit.</strong></span> <span class='ocrx_word' id='word_1_796' title='bbox 2994 5811 3140 5871; x_wconf 78' lang='lat' dir='ltr'><strong>nnpt.</strong></span> 
     </span>
    </p>
   </div>
  </div>
