3990 6564
495 375 630 442 1:231

1790 379 1926 438 JUS
1958 375 2404 439 CANONlCUM
2467 365 2470 368 6

3601 379 3744 446 1232

491 508 552 546 ac
601 491 666 543 de
715 491 815 544 hoc
859 489 1076 560 quidem
1135 490 1313 546 nullus
1371 491 1527 546 nobis
1579 499 1662 546 est
1706 507 1904 547 sermo.
1956 493 2062 548 Nec

2171 493 2293 562 περὶ
2323 510 2383 544 ου
2409 489 2563 559 λόγος
2591 489 2719 561 ἡμῖν
2750 489 2945 554 οὐδείς.
2975 489 3111 545 Οὔτε
3142 490 3248 563 γὰρ
3274 493 3351 556 εἰς
3378 500 3595 565 γαμικὰ
3625 515 3753 553 ow-

486 583 634 638 enim
689 581 770 636 vel
832 584 1044 636 ratione
1097 590 1475 636 contractnum
1547 583 2054 649 matrimonialinm,

486 677 574 732 vel
629 676 1026 739 successionis,
1087 675 1254 728 ulltuu
1312 675 1366 728 in
1421 673 1621 729 talibus
1673 684 1756 730 est
1807 675 2054 730 dubium.

486 769 662 824 Etiam
685 770 771 822 lex
805 769 881 822 ait
907 767 1018 838 (71)
1051 783 1064 819 :
1102 766 1274 836 Vulgo
1301 764 1590 836 quaesitam
1623 781 1867 821 sororem
1901 781 2059 822 nemo

485 861 636 917 ducit
669 875 916 916 uxorem.
954 859 1106 923 Item,
1144 856 1246 924 Qui
1287 865 1562 914 scortatus
1596 868 1682 913 est
1719 859 1898 928 aliqua
1933 875 2056 913 cum

485 954 736 1017 muliere,
773 950 1044 1022 siquidem
1085 950 1348 1004 scortatio
1383 948 1676 1006 manifesta
1708 957 1820 1017 est,
1859 957 1918 1004 ut
1956 967 2055 1006 no-

484 1060 702 1100 vercam
736 1045 856 1114 ejus
879 1043 1079 1098 ducere
1114 1041 1457 1113 prohibetur,
1492 1043 1566 1098 ita
1598 1042 1880 1098 sobrinam
1912 1042 2055 1112 ejus-

485 1137 606 1194 dem
635 1138 838 1193 ducere
869 1143 1076 1206 potest.

1067 1227 1142 1282 De
1183 1228 1456 1298 afﬁnitate.

557 1322 836 1374 Hactenus
870 1320 1074 1373 dictum
1120 1318 1187 1374 de
1226 1320 1723 1389 consanguinitate.
1766 1319 2057 1376 All'initatis

488 1421 663 1465 autem
702 1412 938 1465 rationes
977 1411 1150 1478 magis
1185 1421 1316 1465 sunt
1349 1410 1414 1464 ad
1451 1411 1836 1467 inveniendum
1873 1413 2054 1467 variae.

482 1502 616 1556 Nam
678 1503 728 1555 in
779 1503 865 1557 his
920 1501 1187 1573 graduum
1247 1503 1605 1572 quantitatem
1664 1504 1891 1558 omnino
1946 1518 2055 1558 non

485 1593 830 1663 quzerendam
874 1609 1015 1660 esse,
1051 1595 1227 1648 visum
1266 1603 1349 1650 est
1390 1595 1626 1664 priscis;
1671 1595 1765 1651 sed
1809 1595 2054 1665 nuptias,

486 1702 608 1758 quae
633 1686 1009 1741 confusionem
1039 1685 1450 1741 introducerent
1483 1689 1536 1740 in
1567 1687 1936 1757 appellatione
1967 1702 2058 1758 ge-

489 1780 655 1843 neris,
723 1794 912 1849 qua-ve
953 1778 1242 1832 inhonesta
1284 1787 1491 1845 essent,
1537 1779 1741 1834 diserte
1770 1789 2052 1846 vetantes;

2165 585 2485 654 αλλάγματα
2506 623 2519 647 ,
2550 582 2674 636 οὕτε
2703 582 2809 654 μὴν
2841 583 2921 646 είς
2952 583 3313 654 κληρονομίαν
3339 585 3397 637 ὲν
3427 586 3541 650 τοῖς
3571 587 3720 640 τοιού
3745 619 3754 629 ι

2164 694 2275 741 τοις
2309 676 2454 729 ἐστὶν
2489 675 2922 745 ἀμφισϐήτησις.
2954 676 3091 744 Φησὶ
3124 675 3181 728 δὲ
3214 677 3307 728 xal
3341 677 3370 729 6
3409 677 3603 747 νόμοςο
3639 679 3753 750 Τὴν

2165 769 2228 821 ὲκ
2254 767 2504 836 πορνείας
2530 765 2761 837 ἀδελφὴν
2783 767 2954 830 οὐδεὶς
2977 766 3260 837 λαμὸάνει.
3280 769 3413 833 Καὶ,
3441 773 3498 824 '0
3522 774 3725 842 πορνεύ

2166 877 2264 921 σας
2296 860 2434 930 μετά
2463 877 2606 924 τινος
2636 860 2915 928 γυναικὸς,
2947 860 2995 913 εί
3028 861 3126 930 μὲν
3155 862 3270 915 ἔστι
3300 864 3513 933 φανερὰ
3542 866 3574 934 ἠ
3610 883 3751 933 πορ-

2164 952 2302 1017 νεία,
2329 951 2428 1023 τὴν
2458 953 2556 1020 μὲν
2585 953 2854 1024 μητρυιὰν
2882 953 3053 1018 αὐτῆς
3082 955 3348 1009 κωλύεται
3375 956 3584 1025 λασεῖν,
3611 957 3752 1029 λαμ-

2166 1043 2318 1098 ϐάνει
2345 1044 2402 1097 δὲ
2431 1044 2528 1116 τὴν
2556 1043 2940 1115 δισεξαδέλφην
2969 1045 3158 1116 αὐτῆς.

2555 1220 2695 1290 Περὶ
2728 1220 2850 1274 τῶν
2875 1219 2943 1284 ἐξ
2977 1221 3349 1289 ἀγχιστείας.

2235 1313 2344 1367 Καὶ
2383 1311 2520 1383 α’ύτη
2565 1311 2664 1382 μὲν
2695 1312 2727 1381 ἡ
2761 1310 2868 1364 τῶν
2899 1310 2957 1377 ἐξ
2995 1311 3245 1380 αἵματος.
3275 1310 3397 1364 Τῶν
3427 1311 3474 1363 δ’
3495 1310 3554 1376 ἐξ
3589 1312 3747 1382 ἀγχιο

2167 1406 2368 1468 στείας,
2401 1404 2768 1476 ποικιλωτέρα
2798 1405 2831 1474 ἡ
2865 1401 3102 1472 εὕρεσις.
3141 1404 3228 1456 Ἐν
3259 1403 3469 1466 τούτοις
3504 1405 3616 1474 γὰρ
3653 1405 3748 1473 βα-

2166 1498 2318 1569 θμῶν
2339 1497 2610 1566 ποσότητα
2634 1495 2818 1566 ζητεῖν
2839 1495 2946 1548 οὐδ’
2965 1495 3100 1558 ὅλως
3123 1497 3234 1558 τοῖς
3259 1496 3510 1558 παλαιοῖς
3534 1497 3710 1560 ἔδοξεν
3729 1515 3745 1529 ·

2163 1589 2301 1645 ἀλλὰ
2320 1591 2389 1643 τὰ
2416 1587 2796 1657 συγκεχυμένα
2819 1587 2958 1640 κατὰ
2981 1587 3077 1658 τὴν
3101 1586 3193 1640 τοῦ
3221 1587 3412 1654 γένους
3439 1587 3631 1655 κλῆσιν
3657 1592 3746 1641 καὶ

2162 1684 2384 1755 ἀπρεπῆ
2415 1681 2594 1754 ῥητῶς
2622 1681 2982 1745 κωλύσαντες,
3008 1681 3074 1732 τὰ
3101 1680 3263 1732 λοιπὰ
3288 1679 3605 1750 ἀνέγκλητα
3635 1682 3747 1733 εία-

2167 1794 2284 1830 σαν.
2320 1777 2383 1829 Ol
2413 1775 2470 1828 δὲ
2498 1773 2753 1846 νεώτεροι
2785 1773 2881 1826 καὶ
2915 1772 3154 1844 βαθμοὺς
3187 1773 3370 1836 αὐτοῖς
3403 1773 3711 1843 ἐπενόησαν
3731 1812 3746 1834 ,

488 1873 728 1940 reliquas
789 1871 1012 1924 minime
1064 1869 1424 1940 reprehensas
1461 1871 1816 1940 reliquerunt.
1854 1869 2062 1925 Reeen-

2171 1865 2256 1927 καὶ
2285 1872 2354 1926 τὰ
2381 1872 2520 1942 ὑπὲρ
2548 1870 2636 1924 τὸν
2664 1871 2821 1924 ἕκτον
2850 1867 3080 1939 βαθμὸν,
3111 1868 3430 1938 προϐαίνειν
3453 1869 3747 1922 δεδώκασι.

491 1963 662 2015 tiores
707 1976 836 2015 vero
879 1961 1039 2013 etiam
1087 1962 1289 2030 gradus
1340 1961 1392 2014 in
1443 1961 1526 2016 his
1571 1963 1974 2032 excogitarunt,
2009 1975 2062 2020 et

491 2068 612 2122 quae
637 2051 861 2122 gradum
895 2059 1109 2106 Sextum
1140 2051 1485 2118 excederent,
1513 2052 1690 2109 locum
1728 2054 1927 2111 habere
1961 2072 2060 2112 vo-

489 2147 730 2199 luerunt.
784 2143 941 2212 Atqui
983 2143 1186 2198 diserte
1227 2143 1535 2199 invenimus
1576 2145 1802 2216 gradum
1849 2159 2060 2202 sextum

490 2239 836 2304 permissum,
870 2245 925 2290 et
965 2234 1256 2304 septimum
1295 2235 1629 2305 prohibitum
1662 2254 1676 2290 :
1713 2238 1888 2304 illum,
1917 2241 2062 2294 velut

487 2338 763 2396 expertem
806 2328 1185 2392 confusionis;
1234 2326 1402 2392 hunc,
1446 2337 1700 2398 tanquam
1751 2332 2062 2387 confusioni

491 2419 809 2475 obnoxium.
861 2420 978 2487 Quo
1009 2419 1084 2486 fit,
1116 2428 1173 2474 ut
1210 2417 1261 2473 in
1299 2419 1383 2475 his
1413 2421 1614 2491 gradus
1647 2422 1865 2477 minime
1896 2426 2065 2476 intro-

490 2510 728 2565 ducendi
761 2512 870 2564 sint
899 2527 913 2573 ;
955 2512 1046 2563 setl
1081 2511 1225 2580 quod
1258 2513 1461 2567 diserte
1502 2512 1586 2566 lex
1620 2511 1813 2576 vetuit,
1850 2514 2060 2582 fugien-

493 2605 620 2656 dum
657 2616 671 2652 °.
707 2601 853 2672 quod
897 2616 1006 2654 non
1049 2604 1238 2667 vetuit,
1283 2604 1708 2658 admittendum.
1755 2604 1934 2660 Vetuit
1967 2622 2062 2660 au-

492 2704 600 2748 tem
644 2697 824 2764 prisca
866 2692 949 2747 lex
985 2693 1095 2762 (7‘2)
1143 2695 1550 2765 propinquiora.
1588 2695 1726 2750 Sunt
1766 2697 1909 2752 enim
1943 2700 2062 2765 ejus

492 2784 607 2838 hare
639 2783 802 2838 verba
834 2793 859 2836 :'
879 2781 1078 2838 Socrus
1111 2794 1192 2840 est
1235 2787 1420 2841 uxoris
1450 2801 1582 2840 meae
1613 2795 1805 2851 mater,
1838 2797 1891 2842 et
1919 2791 2060 2853 avia,

489 2887 543 2930 et
579 2876 824 2945 proavia.
861 2875 1100 2942 Quarum
1138 2878 1337 2931 nullam
1371 2877 1532 2934 duco.
1574 2877 1758 2934 Nurus
1788 2881 1948 2934 etiam
1981 2881 2063 2934 di-

2166 1963 2358 2015 Καίτοι
2387 1961 2565 2033 ῥητῶς
2593 1960 2918 2032 εὑρίσκομεν
2946 1959 3039 2011 καὶ
3065 1959 3224 2011 ἕκτον
3251 1959 3751 2030 συγκεχωρημένον

2164 2053 2258 2106 καὶ
2297 2053 2523 2120 ἕϐδομον
2565 2050 2963 2120 κεκωλυμένον.
3002 2051 3104 2102 Τὸν
3150 2048 3249 2118 μὲν
3291 2049 3365 2112 ὡς
3407 2049 3748 2119 ἁσύγχυτον,

2162 2145 2253 2198 τὸν
2279 2143 2336 2196 δὲ
2361 2145 2436 2208 ὼς
2469 2142 2892 2212 συγκεχυμένον.
2912 2143 3074 2194 Ὥστε
3104 2141 3162 2194 ού
3194 2141 3300 2210 χρὴ
3333 2140 3578 2210 βαθμοὺς
3610 2158 3754 2212 παρ-

2163 2237 2404 2304 εισάγειν
2437 2237 2515 2297 είς
2546 2234 2718 2287 ταῦτα
2740 2249 2754 2262 ·
2792 2233 2905 2286 ἀλλ’
2929 2233 2958 2284 ὃ
2992 2232 3090 2302 μὲν
3123 2233 3152 2284 6
3187 2233 3348 2302 νόμος
3386 2232 3575 2302 ῥητῶς
3608 2234 3753 2285 ἐκώ-

2164 2330 2325 2389 λυσε,
2357 2326 2579 2395 φεύγειν
2601 2327 2670 2377 ³⁸.
2701 2327 2766 2378 Ὃ
2801 2324 2858 2377 δὲ
2896 2325 2971 2395 μὴ
3007 2321 3278 2388 ἐκώλυσε,
3317 2323 3750 2392 παραδέχεσθαι.

2177 2415 2445 2470 Ἐκώλυσε
2482 2415 2538 2468 δὲ
2572 2416 2600 2468 6
2637 2413 2734 2485 μὲν
2770 2413 3133 2484 παλαιότερος
3167 2413 3332 2482 νόμος
3366 2412 3438 2464 τὰ
3480 2411 3751 2483 προσεχέ-

2165 2524 2329 2577 στερα
2360 2507 2454 2559 καὶ
2481 2505 2771 2575 ὲγγύτερα.
2800 2504 2938 2574 Φησὶ
2964 2505 3100 2573 γάρ⁹
3133 2504 3378 2574 Πενθερά
3407 2503 3562 2556 ἐστιν
3585 2505 3618 2573 ἡ
3649 2504 3755 2572 μή-

2163 2615 2298 2669 τηρ.
2338 2599 2430 2652 καὶ
2467 2599 2500 2668 ἡ
2539 2599 2772 2668 μάμμη,
2810 2598 2904 2650 καὶ
2937 2597 2970 2666 ἡ
3010 2597 3321 2666 προμάμμη
3361 2595 3464 2665 τῆς
3503 2595 3754 2665 γαμετῆς

2167 2707 2292 2760 μου.
2330 2689 2439 2743 Καὶ
2470 2688 2724 2759 οὐδεμίαν
2756 2689 2936 2742 αὐτῶν
2970 2687 3257 2758 λαμϐάνω.
3291 2689 3403 2740 Καὶ
3438 2688 3630 2757 νύμφη
3665 2689 3752 2738 λέ-

2163 2798 2347 2850 γεται,
2381 2782 2414 2850 ἡ
2443 2780 2537 2833 τοῦ
2571 2779 2685 2832 υίοῦ
2717 2781 2812 2833 καὶ
2844 2779 2937 2832 τοῦ
2967 2780 3192 2847 ὲγγόνου
3225 2780 3321 2831 καὶ
3352 2781 3385 2849 ἡ
3415 2780 3515 2832 τοῦ
3548 2795 3754 2848 προεγο

2165 2874 2322 2943 γόνου
2347 2874 2585 2944 γαμετή.
2618 2872 2724 2926 Καὶ
2761 2871 3001 2942 προγόνη
3031 2871 3270 2939 λέγεται,
3304 2873 3337 2942 ἡ
3369 2874 3430 2937 ἐξ
3459 2871 3625 2926 ἄλλου
3655 2870 3752 2923 θυι

493 2967 659 3030 citur,
691 2981 828 3020 uxor
859 2967 976 3031 filii,
1006 2977 1060 3022 et
1094 2970 1328 3038 nepotis,
1357 2977 1410 3022 et
1444 2972 1781 3039 pronepotis.
1809 2969 2062 3042 Privigna

2171 2969 2364 3036 γάτηρ,
2391 2966 2483 3018 καὶ
2511 2965 2730 3035 ὲγγόνη,
2757 2966 2850 3017 καὶ
2880 2964 3184 3034 προεγγόνη
3210 2964 3310 3032 τῆς
3339 2963 3592 3032 γαμετῆς
3626 2979 3751 3031 μου.

493 3074 709 3130 quoque
749 3059 973 3122 dicitur,
1021 3075 1087 3114 ex
1137 3059 1242 3113 alio
1270 3068 1394 3112 nata
1445 3062 1644 3114 marito
1691 3063 1880 3115 uxoris
1933 3078 2063 3118 mea:

2171 3059 2277 3113 Kal
2319 3057 2576 3127 οὐδεμίαν
2613 3056 2792 3110 αὐτῶν
2830 3055 3112 3126 λαμϐάνω.
3159 3054 3294 3108 esse
3333 3055 3433 3124 τὴν
3473 3055 3756 3124 μητρυιάν

494 3149 625 3212 filia,
659 3161 707 3204 et
742 3149 942 3220 neptis,
975 3159 1028 3203 et
1057 3151 1356 3220 proneptis.
1392 3149 1634 3215 Quarum
1660 3153 1866 3206 nullam
1898 3153 2057 3209 duco.

2171 3167 2294 3222 μου,
2325 3151 2371 3201 εί
2405 3149 2498 3202 καὶ
2532 3149 2730 3211 πολλὰς
2763 3148 2920 3217 ἔσχεν
2951 3150 2980 3201 6
3013 3149 3193 3218 πατήρ
3232 3163 3353 3217 μου.
3387 3146 3608 3215 Ἐπειδὴ
3649 3164 3758 3215 μη-

490 3242 600 3297 Nec
655 3244 781 3296 item
840 3257 1129 3298 novercam
1215 3257 1414 3305 meam,
1496 3242 1620 3298 licet
1674 3245 1858 3314 plures
1912 3255 2063 3315 pater

2171 3244 2338 3309 τέρων
2379 3240 2561 3311 έχουσι
2603 3240 2776 3305 τάξιν.
2821 3239 2958 3294 Οὔτε
3006 3241 3280 3310 μητρυιὰ,
3320 3238 3413 3291 τὸν
3457 3240 3758 3307 γενόμενον

491 3349 646 3389 meus
693 3334 962 3389 habuerit.
1003 3333 1272 3401 Quoniam
1322 3343 1558 3389 matrum
1609 3335 1725 3392 loco
1763 3347 1911 3392 sunt.
1958 3337 2063 3394 Nec

2171 3335 2333 3404 ἄνδρα
2374 3335 2475 3404 τῆς
2524 3331 2796 3403 προγονῆς
2843 3348 2964 3403 μου.
3010 3330 3148 3386 Οὐδὲ
3192 3331 3290 3401 τὴν
3332 3330 3612 3400 θυγατέρα
3657 3329 3759 3397 τῆς

493 3440 722 3480 noverca
765 3425 924 3479 nubit
961 3426 1032 3491 ei,
1063 3425 1156 3496 qui
1205 3425 1468 3497 privignae
1505 3443 1638 3482 mea:
1672 3430 1904 3485 maritus
1941 3430 2063 3484 fuit.

2171 3425 2597 3495 άποζευχθείσης
2626 3441 2716 3494 μοι
2741 3423 3016 3492 γυναικὸς,
3046 3423 3144 3493 τὴν
3172 3422 3308 3491 μετὰ
3336 3421 3434 3492 τὴν
3459 3419 3762 3484 ἀπόζευξιν

491 3515 606 3571 Nec
637 3517 800 3570 filiam
839 3516 1088 3572 mulieris
1118 3518 1278 3582 duco,
1308 3533 1430 3587 quae
1471 3534 1556 3573 me
1587 3518 1828 3585 divertit,
1857 3537 1920 3575 ex
1958 3522 2063 3575 alio

2171 3519 2450 3589 τεχθεῖσαν
2480 3516 2539 3582 ἐξ
2573 3516 2760 3586 ἑτέρου
2797 3516 3014 3587 ἀνδρὸς.
3046 3516 3104 3568 Ὀ
3134 3515 3192 3568 δὲ
3225 3515 3318 3568 τοῦ
3355 3514 3626 3568 Σισιννίου
3665 3515 3759 3566 τό-

494 3609 694 3661 marito
729 3616 848 3676 post
880 3610 1175 3663 divortium
1221 3618 1590 3681 procreatam.
1643 3611 1852 3668 Tomus
1887 3625 2066 3668 autem

497 3699 725 3754 Sisiunii
756 3700 865 3770 (75)
909 3701 1182 3771 prohibet,
1241 3718 1309 3758 ne
1356 3703 1466 3758 duo
1511 3703 1710 3760 fratres
1757 3705 1980 3758 amitam
2017 3715 2070 3761 et

493 3791 736 3860 ejusdem
769 3791 956 3844 fratris
985 3791 1148 3845 filiam
1175 3791 1380 3848 ducant
1410 3809 1632 3858 uxores,
1657 3811 1719 3850 ac
1747 3795 1863 3850 vice
1889 3811 2064 3850 versa.

494 3881 767 3936 Praeterea
801 3883 989 3948 vetuit,
1039 3899 1106 3938 ne
1140 3883 1248 3938 duo
1291 3883 1489 3942 fratres
1529 3887 1733 3942 ducant
1768 3887 1906 3942 duas
1941 3903 2070 3942 cou-

493 3973 766 4030 sobrinas.
814 3974 869 4028 ln
918 3989 1150 4044 quorum
1202 3977 1376 4046 primo
1424 3977 1671 4046 quintus,
1720 3979 1774 4030 in
1829 3981 2069 4034 secundo

495 4075 684 4123 sextus
720 4066 923 4140 gradus
959 4077 1261 4139 spectatur.
1308 4071 1479 4141 Igitur
1511 4070 1576 4124 ad
1610 4071 1862 4140 quintum
1899 4087 2070 4142 usque

494 4161 723 4231 gradum
775 4161 1065 4230 prohibita;
1109 4171 1238 4218 sunt
1280 4167 1349 4217 ob
1397 4163 1708 4218 affinitatem
1747 4167 1976 4236 nuptias,
2025 4167 2070 4220 si

495 4251 718 4321 quidem
752 4251 806 4304 in
840 4251 926 4305 his
955 4253 1119 4305 etiam
1152 4252 1477 4306 numerandi
1511 4264 1638 4307 sunt
1678 4255 1903 4323 gradus.
1940 4256 2072 4320 Qua:

499 4357 628 4394 vero
659 4341 796 4396 sexti
834 4341 1037 4411 gradus
1068 4349 1215 4403 sunt,
1252 4343 1293 4394 si
1332 4342 1477 4394 nulla
1509 4342 1838 4398 interveniat
1873 4344 2070 4399 confu-

496 4433 581 4488 sio
627 4433 774 4487 circa
819 4434 1035 4503 generis
1084 4434 1500 4501 appellationes,
1547 4448 1656 4488 non
1694 4435 2067 4502 prohibentur.

2172 3626 2292 3681 μος,
2324 3610 2418 3664 δύο
2463 3611 2722 3678 ἀδελφοὺς
2784 3609 3026 3662 ἐκώλυσε
3088 3607 3386 3678 λαμϐάνειν
3447 3607 3596 3659 Θείαν
3663 3604 3760 3658 καὶ

2173 3703 2404 3773 ἀνεψιὰν
2421 3743 2436 3770 ,
2472 3703 2565 3756 καὶ
2583 3703 2870 3758 ἀνάπαλιν.
2893 3703 3012 3755 Ἔτι
3028 3703 3082 3756 δὲ
3101 3701 3193 3754 δύο
3212 3699 3478 3768 ἀδελφοὺς
3510 3699 3758 3751 ἐκώλυσε

2171 3796 2467 3866 λαμῦάνειν
2507 3794 2599 3848 δύο
2645 3794 3116 3866 πρωτεξαδέλφας.
3153 3794 3537 3862 Ἐνθεωρεῖται
3575 3791 3632 3842 δὲ
3681 3791 3759 3856 τῲ

2175 3887 2273 3958 μὲν
2309 3886 2509 3958 πρώτῳ
2546 3890 2574 3942 6
2613 3887 2884 3958 πέμπτος,
2919 3887 2996 3958 τῷ
3035 3887 3091 3940 δὲ
3129 3887 3366 3956 δευτέρῳ
3401 3887 3431 3938 6
3464 3885 3619 3946 ἕκτος
3663 3882 3760 3952 βα·

2172 3979 2328 4051 θμός.
2360 3981 2567 4053 Μέχρις
2598 3976 2690 4034 οὖν
2723 3979 2817 4033 τοῦ
2853 3980 3103 4052 πέμπτου
3140 3977 3352 4048 βαθμοῦ
3389 3975 3567 4044 πάντη
3600 3974 3666 4026 τὸ
3704 3973 3760 4039 ἐξ

2173 4074 2485 4144 ἀγχιστείας
2525 4075 2852 4127 κεκώλυται.
2890 4074 2952 4126 El
2989 4073 3069 4126 δεῖ
3110 4075 3213 4126 κάν
3255 4073 3470 4134 τούτοις
3511 4068 3760 4140 βαθμοὺς

2173 4171 2448 4241 ἀριθμεῖν.
2478 4167 2560 4219 Τὰ
2592 4167 2648 4218 δὲ
2683 4165 2775 4217 τοῦ
2813 4165 2971 4217 ἕκτου
3007 4165 3237 4234 βαθμοῦ,
3275 4167 3322 4217 εί
3370 4164 3470 4232 μὲν
3507 4163 3604 4216 οὐκ
3643 4161 3762 4230 ἔχει

2178 4262 2440 4331 σύγχυσιν
2469 4260 2595 4328 περ)⁵
2624 4257 2690 4310 τά
2722 4257 2814 4310 τοῦ
2846 4257 3034 4324 γένους
3067 4257 3305 4326 ὀνόματα
3327 4296 3340 4319 ,
3369 4256 3429 4307 οὐ
3461 4255 3760 4308 κωλύεται.

2176 4353 2238 4406 El
2271 4353 2325 4406 δέ
2355 4369 2438 4414 τις
2469 4352 2660 4420 ὁρᾶται
2697 4348 2978 4418 σύγχυσις,
3011 4349 3276 4418 εἴργεται.
3307 4348 3417 4400 Καὶ
3445 4347 3508 4416 δὴ
3535 4345 3626 4398 τδν
3661 4346 3764 4415 μὲν

2178 4445 2238 4510 ἐξ
2277 4445 2392 4505 ἑνὸς
2433 4443 2526 4496 καὶ
2565 4442 2729 4494 πέντε
2772 4441 2994 4510 βαθμῶν
3027 4440 3318 4509 γενόμενον
3351 4438 3530 4508 γάμον
3565 4439 3616 4490 οί
3661 4438 3763 4506 μὲν

499 4525 596 4580 Sin
638 4537 881 4596 emergat
929 4519 1110 4594 aliqua
1133 4523 1403 4590 confusio,
1436 4532 1709 4580 vetantur.
1759 4526 1864 4582 Eas
1905 4529 2063 4582 etiam

2175 4537 2322 4591 ἄλλοι
2356 4534 2555 4596 πάντες
2589 4532 2911 4586 κωλύουσιν.
2949 4531 3006 4584 Ὀ
3034 4531 3091 4586 δέ
3121 4548 3185 4600 γε
3214 4529 3619 4598 Θεσσαλονίκης
3646 4529 3760 4582 Μι-

499 4619 741 4687 nuptias,
773 4631 894 4687 qua:
927 4617 1328 4671 contrahuntur
1358 4633 1422 4672 ex
1456 4631 1564 4672 uno
1591 4628 1645 4673 et
1678 4619 1919 4689 quinque
1948 4636 2072 4691 gra-

499 4709 686 4771 dibus,
729 4721 921 4764 omnes
968 4707 1058 4761 alii
1107 4709 1415 4777 prohibent.
1458 4709 1527 4763 At
1556 4725 1683 4765 vero
1716 4709 2074 4766 Thess:iloni-

502 4801 682 4857 censis
713 4804 942 4856 antistes
971 4803 1060 4857 ille
1089 4803 1316 4856 Michael
1345 4802 1652 4871 Chumnus,
1681 4821 1778 4860 sua
1805 4810 2074 4862 sententia

502 4895 826 4964 pronuntiat
856 4893 1079 4948 minime
1104 4894 1316 4948 vetitas.
1344 4895 1585 4966 Exempli
1616 4897 1810 4968 gratia,
1843 4899 1887 4952 si
1919 4910 2076 4967 pater

500 4994 556 5040 et
603 4984 764 5049 filius,
812 4986 902 5054 qui
936 4987 1112 5056 primo
1163 4996 1290 5042 sunt
1336 4989 1530 5057 gradu,
1579 4989 1820 5060 copulati
1871 4990 2072 5044 fuerint

502 5077 681 5131 amitte
711 5093 909 5146 parvze,
939 5093 1002 5134 ac
1035 5079 1221 5136 fratris
1244 5079 1363 5150 ejus
1397 5080 1672 5150 llli;e,qute
1690 5083 1858 5152 gradu
1881 5083 2075 5154 quinto

503 5181 561 5222 se
587 5169 933 5237 contingunt.
964 5168 1058 5224 Sin
1092 5171 1294 5241 grados
1326 5187 1392 5226 ex
1418 5171 1674 5226 affinitate
1706 5185 1917 5238 sextus,
1961 5190 2073 5243 quo

501 5258 572 5336 fle
651 5262 939 5330 quaeritur,
1011 5278 1075 5317 ex
1146 5263 1360 5318 duobus
1410 5274 1466 5318 et
1517 5272 1751 5332 quatuor
1815 5273 2071 5332 constat;

2175 4629 2314 4701 χαὴλ
2341 4630 2368 4682 6
2394 4629 2660 4697 Γούμενος
2677 4625 2724 4658 ’⁸
2749 4627 2806 4680 ἐν
2835 4624 2949 4696 ίδίῳ
2977 4623 3290 4695 ψηφίσματι
3317 4622 3602 4674 ἀκώλυτον
3626 4621 3762 4672 ἀποο

2177 4719 2377 4788 φαίνει.
2407 4711 2531 4770 Οἴον
2554 4720 2600 4770 εί
2626 4718 2806 4788 πατὴρ
2834 4716 2926 4769 καὶ
2953 4715 3066 4778 υίὸς
3092 4713 3309 4784 πρώτου
3335 4712 3492 4776 ὄντες
3521 4709 3757 4781 βαθμοῦ,

2179 4812 2499 4880 συναφθεῖεν
2538 4811 2712 4881 μικρᾷ
2748 4808 2869 4879 θείᾳ
2903 4809 2997 4862 καὶ
3031 4806 3246 4878 ὰνεψιᾷ,
3281 4805 3538 4875 πέμπτου
3574 4802 3759 4863 οὔσαις

2184 4901 2416 4971 βαθμοῦ.
2447 4901 2508 4954 Εἰ
2538 4901 2594 4954 δὲ
2623 4902 2650 4953 6
2680 4899 3008 4970 ζητούμενος
3038 4899 3192 4961 ἕκτος
3223 4895 3282 4962 ἐξ
3311 4897 3633 4966 ἀγχιστείας
3666 4893 3760 4963 βα-

2185 4993 2318 5064 θμδς
2348 4993 2412 5046 ὲκ
2441 4991 2534 5046 δύο
2565 4992 2866 5062 σύγκειται,
2896 4995 2988 5045 καὶ
3013 4991 3314 5061 τεσσάρων,
3341 4990 3390 5040 εί
3420 4985 3522 5056 μὲν
3549 4985 3760 5054 γίνετοι

2185 5085 2464 5154 σύγχυσις,
2492 5085 2520 5136 6
2547 5083 2794 5156 δεύτερος
2825 5083 3145 5138 κεκώλυται.
3175 5082 3248 5134 Οὐ
3278 5081 3386 5149 γὰρ
3415 5077 3640 5131 δυνατδν
3667 5075 3761 5125 δύο

2183 5176 2551 5245 αὑταδέλφους
2583 5177 2700 5229 δυσὶ
2735 5176 3072 5246 συναφθῆναι
3108 5171 3606 5244 πρωτεξαδέλφαις,
3635 5167 3669 5238 ἢ
3704 5168 3760 5216 τὸ

2159 5257 2472 5323 ’ἀνάπαλιν.
2514 5269 2755 5324 Γίνονται
2799 5271 2908 5338 γὰρ
2947 5270 3066 5323 ἀντὶ
3109 5269 3461 5338 αὑταδέλφων
3503 5265 3761 5333 σύγγαμ-

1812 5424 2046 5480 νΑιιικΕ
2084 5424 2490 5482 ιΕαΤιοΝΕδ.

577 5510 622 5543 ⁸⁸
645 5513 851 5579 φυγεῖν.
929 5513 973 5543 ⁸⁸
1003 5513 1241 5583 Χῦμνος.

2021 5609 2250 5666 ΝΟΤᾺΕ.

579 5747 693 5871 (ἹΙζ
723 5748 758 5802 l.
781 5749 868 5803 5-5.
901 5749 958 5802 ll.
991 5749 1060 5802 De
1090 5753 1176 5805 rit.
1199 5761 1344 5810 nunt.

581 5818 670 5871 (7‘2
737 5821 768 5871 Ι.
810 5820 888 5871 Η.
925 5819 1107 5871 ltauue
1135 5837 1335 5871 socrus.

581 5818 692 5889 (72l
737 5821 768 5871 ι.
810 5820 888 5872 l-l.
925 5819 1107 5888 Itaque
1135 5837 1335 5875 socrus.
1385 5823 1442 5876 ι).
1488 5823 1560 5879 De
1594 5826 1678 5881 rit.
1707 5839 1848 5896 uupt.

2269 5765 2379 5835 (75)
2413 5765 2794 5841 Promulgatus
2823 5785 2967 5826 anno
2989 5773 3052 5828 Α.
3080 5772 3143 5826 Ο.
3181 5772 3243 5826 C.
3273 5773 3433 5828 6699.
