3990 6594
504 391 641 457 1235

640 501 900 557 Eumdem
928 519 1032 556 non
1060 501 1244 556 debere
1278 503 1414 558 duas
1438 503 1680 558 sobrina;
1709 504 1922 559 ducere.

565 676 858 736 Prohibuit
884 681 1049 738 etiam
1082 680 1350 749 Ecclesia,
1382 698 1450 739 ne
1483 699 1625 739 unus
1655 691 1710 738 et
1754 681 1895 737 idem
1927 685 2070 735 duas

496 773 749 829 sobrinas
767 774 1177 831 ducatuxores.
1202 773 1322 830 Non
1361 777 1508 830 enim
1544 776 1634 830 hic
1679 775 1945 845 septimus
2001 790 2065 830 ex

498 863 782 929 atiiuitate,
813 879 913 920 ceu
945 865 1192 936 plerique
1227 874 1446 936 putant,
1495 857 1740 938 gradus’
1764 867 2064 936 colligitur,

497 955 592 1009 sed
623 965 849 1011 sextus:
885 965 1195 1027 propterea,
1244 959 1392 1029 quod
1421 960 1652 1015 maritus
1684 969 1740 1015 et
1784 974 1922 1013 uxor
1961 972 2070 1012 uno

497 1049 666 1118 gradu
698 1050 969 1105 contineri
993 1050 1294 1106 ducantur.
1329 1051 1444 1107 Hoc
1491 1051 1636 1107 enim
1672 1066 1798 1107 cum
1853 1051 1908 1106 in
1937 1066 2070 1106 con-

501 1142 853 1198 sultationem
886 1143 1130 1200 venisset
1185 1152 1430 1215 tempore
1461 1143 1672 1199 Nicolai
1720 1144 2067 1215 patriarchas,

499 1233 832 1302 prohibitum
868 1235 938 1290 ab
973 1233 1220 1290 Ecclesia
1248 1237 1386 1291 fuit:
1419 1236 1692 1306 simulque
1726 1235 2068 1306 promulgata

495 1326 600 1380 fuit
633 1326 848 1382 sanctio
879 1327 1016 1382 clari
1051 1327 1318 1398 principis
1349 1327 1639 1392 Manuelis,
1676 1342 1797 1397 qua:
1850 1326 2066 1390 statuit,

495 1432 567 1472 ne
598 1420 704 1473 tale
729 1417 860 1489 quid
889 1434 1127 1489 unquam
1165 1419 1278 1476 ﬁat.
1312 1417 1418 1475 Sed
1447 1434 1552 1490 qua
1587 1418 1656 1475 de
1691 1433 1859 1475 causa
1885 1417 1966 1482 (lt,
2009 1427 2071 1472 ut

497 1509 638 1564 inter
682 1509 893 1577 amnes,
949 1512 1031 1566 vel
1081 1511 1191 1568 duo
1248 1512 1466 1566 diversa
1521 1527 1721 1584 genera
1771 1519 2072 1565 contractae

497 1604 722 1672 nuptize,
750 1603 920 1672 gradu
945 1605 1180 1673 septimo
1207 1606 1390 1658 liberae
1415 1602 1562 1658 sint?
1587 1602 1743 1669 Quod
1770 1619 1938 1657 unum
1962 1613 2070 1667 est,

498 1699 580 1748 vel
617 1707 700 1750 est
728 1706 946 1763 natura,
975 1699 1057 1751 vel
1094 1697 1469 1765 arrogatione.
1518 1695 1724 1751 Natura
1766 1709 1934 1749 unum
1963 1702 2068 1760 est,

497 1787 647 1841 verbi
682 1789 878 1857 gratia,
903 1804 1044 1842 unus
1080 1787 1263 1842 homo.
1297 1787 1474 1842 Unum
1501 1787 1873 1858 arrogatione,
1906 1793 1963 1840 ut
1987 1784 2072 1838 vir

1795 396 1929 455 JUS
1972 393 2415 453 CANOXICUM

2093 518 2146 576 Α
2170 503 2300 556 Ὀτι
2341 503 2412 556 οὐ
2441 499 2532 554 δεῖ
2575 500 2685 554 τὸν
2715 499 2905 576 αὐτοις
2931 499 3042 576 δύρ
3093 497 3378 569 δευτέρας
3415 498 3756 568 έξαδέλεεας

3612 387 3751 451 1236

2855 569 3085 624 λαϐεῖν.

2243 684 2573 739 Κεκὼλυκεν
2612 684 2646 754 ἡ
2691 683 2989 754 Ἐκκλησία
3019 683 3115 738 καὶ
3162 683 3255 736 τὸν
3301 680 3466 736 αὑτὸν
3516 682 3612 734 καί⁵
3661 681 3756 734 ἕνα

2173 776 2267 832 δύο
2305 775 2564 847 δευτέρας
2616 775 2914 845 ὲξαδέλφας
2947 776 3263 847 λαμϐάνειν.
3290 776 3365 830 Ού
3392 773 3502 846 γὰρ
3531 772 3760 842 ἕϐδομος

2170 867 2230 933 ἐξ
2270 868 2607 939 ἀγχιστείας,
2641 867 2716 930 ὡς
2748 867 2949 921 οἴονταί
2991 886 3156 932 τινες,
3189 868 3480 935 συνάγεται
3525 864 3755 936 βαθμὸς,

2174 959 2291 1013 ἀλλ’
2314 960 2494 1044 ἕκτος.
2531 958 2630 1012 Διὰ
2668 959 2728 1012 τὸ
2777 961 2892 1024 ἐνὸς
2947 959 3158 1031 βαθμοῦ
3205 960 3520 1028 λογίζεσθαι
3550 959 3642 1013 τὸν
3668 961 3759 1013 ἇν-

2173 1051 2276 1121 δρα
2302 1045 2440 1122 μετᾶ
2469 1055 2567 1122 τῆς
2600 1052 2881 1120 γυναικός.
2917 1052 3088 1106 Τοῦτο
3119 1053 3228 1123 γὰρ
3257 1052 3490 1123 ζητηθέν
3532 1053 3625 1106 ἐπὶ
3650 1051 3756 1104 τῶν

2167 1141 2392 1213 ἡμερῶν
2408 1141 2500 1195 τοῦ
2527 1144 2868 1215 πατριάρχου
2892 1143 3186 1210 Νικολάου,
3206 1143 3454 1214 ἐκωλύθη
3482 1142 3636 1213 παρὰ
3660 1146 3757 1213 τῆς

2180 1231 2541 1302 Ἐκκλησίας·
2583 1232 2797 1304 προύϐη
2832 1233 2890 1287 δὲ
2937 1235 3030 1286 καὶ
3061 1234 3342 1303 θέσπισμα
3368 1238 3463 1288 τοῦ
3506 1235 3564 1286 ὲν
3601 1235 3753 1303 βασι.

2169 1321 2354 1376 λεῦσιν
2385 1322 2635 1394 ἀοιδίμου
2666 1325 2944 1396 Μανουὴλ,
2983 1327 3060 1396 μὴ
3113 1324 3359 1393 γίνεσθαί
3416 1342 3548 1378 ποτε
3601 1325 3755 1377 τοῦτο

2173 1412 2566 1487 διοριζόμενον.
2608 1415 2760 1469 Διατί
2785 1415 2842 1469 δὲ
2879 1415 2948 1469 τὰ
2983 1416 3042 1483 ἐξ
3073 1416 3407 1487 ἀγχιστείας,
3441 1418 3612 1488 ἤγουν
3639 1434 3756 1487 τρι-

2170 1509 2384 1576 γενείας
2413 1509 2506 1572 ⁸⁸⁸,
2553 1509 2630 1572 είς
2662 1510 2751 1561 τὸν
2782 1509 3010 1580 ἕϐδομον
3044 1511 3231 1563 λύεται
3277 1510 3521 1580 βαθμόν;
3574 1509 3649 1562 Τὸ
3675 1509 3751 1574 ἓν,

2171 1601 2204 1672 ἢ
2237 1601 2396 1669 φύσει
2430 1602 2599 1666 ἐστὶν,
2627 1602 2660 1672 ἢ
2693 1602 2842 1656 θέσει
2872 1618 2886 1633 ⁸
2919 1603 3015 1657 καὶ
3047 1603 3210 1672 φύσει
3250 1603 3370 1674 μὲν,
3407 1602 3482 1664 ὡς
3527 1597 3610 1664 εἷς
3665 1603 3757 1656 ἀν-

2168 1692 2386 1764 θρωπος
2406 1710 2419 1722 ·
2449 1693 2598 1746 θέσει
2625 1694 2705 1759 δὲ,
2740 1693 2816 1757 ὡς
2841 1696 2870 1748 δ
2897 1695 3038 1766 ἀνὴρ
3076 1694 3219 1766 μετὰ
3255 1698 3352 1765 τῆς
3391 1695 3624 1764 νομίμου
3655 1710 3756 1761 γυ-

2169 1785 2376 1848 ναικὸς,
2403 1783 2498 1848 οὒς
2527 1785 2714 1854 σχέσις
2741 1786 2922 1855 ἧνωσε
2958 1787 3056 1838 καὶ
3093 1785 3357 1852 συνάφεια
3382 1786 3643 1854 σαρκικὴ,
3677 1784 3754 1846 ὠς

496 1887 549 1930 et
582 1893 718 1933 uxor
741 1879 1005 1948 legitima,
1033 1895 1173 1949 quos
1197 1879 1370 1932 univit
1401 1878 1620 1933 aﬂ'ectio
1665 1888 1719 1933 et
1749 1877 2066 1946 conjunctio

2179 1877 2405 1948 εἴρηται,
2436 1879 2538 1931 καὶ
2567 1877 2782 1932 ἔσονται
2810 1878 2861 1930 οἱ
2886 1876 2982 1931 δύο
3033 1880 3115 1940 είς
3163 1877 3345 1949 σάρκα
3394 1878 3546 1947 μίαν.
3587 1878 3758 1929 Ὀταν

503 1971 764 2036 carnalis,
801 1970 964 2025 sicuti
992 1971 1354 2040 perscriptum
1401 1969 1633 2040 legimus
1677 1988 1690 2024 :
1728 1969 1792 2023 Et
1820 1977 1982 2023 erunt
2013 1969 2065 2024 hi

495 2064 606 2115 duo
660 2063 714 2114 in
760 2076 983 2115 carnem
1054 2077 1240 2115 unam.
1301 2059 1486 2130 Itaque
1527 2075 1652 2115 cum
1714 2059 2067 2116 necessitudo

496 2154 716 2209 exsistit
755 2169 817 2208 ex
845 2153 1134 2223 sanguine,
1170 2163 1227 2208 et
1283 2169 1349 2209 ex
1375 2154 1566 2208 eodem
1598 2169 1796 2225 genere
1839 2163 2066 2208 natura-

493 2243 561 2297 lis
599 2251 686 2298 est
711 2242 1060 2299 necessitudo
1095 2254 1149 2298 et
1180 2244 1361 2298 unitas
1409 2262 1422 2296 :
1484 2258 1610 2298 cum
1659 2259 1724 2298 ex
1783 2242 2068 2309 aﬂinitate,

499 2355 562 2394 ac
587 2339 808 2396 duobus
833 2340 1150 2411 generibus,
1202 2341 1555 2410 arrogatione
1599 2341 1659 2394 lit
1709 2340 1894 2396 unitas
1925 2340 2069 2394 inter

493 2448 587 2488 eos
617 2443 670 2485 et
698 2434 1070 2497 necessitudo,
1127 2446 1158 2486 a
1204 2433 1710 2504 consanguinitatis
1760 2433 2070 2488 necessitu-

494 2526 624 2579 dine
666 2525 908 2578 diversa.
941 2523 1238 2594 Propterea
1300 2539 1423 2578 mox
1484 2523 1746 2579 inferiore
1794 2523 1990 2593 gradu,
2016 2531 2070 2578 et

494 2624 622 2670 ante
673 2624 948 2678 octavum,
984 2615 1295 2684 huiusmodi
1350 2616 1694 2671 necessitudo
1737 2625 1792 2671 et
1837 2615 2070 2685 conjun-

493 2709 606 2764 ctio
637 2709 886 2763 solvitur.
911 2707 1155 2774 Quorum
1182 2708 1327 2762 enim
1349 2708 1597 2763 strictior
1625 2718 1708 2764 est
1723 2708 2065 2778 conjunctio,

495 2817 560 2856 ea
637 2801 866 2872 majoris
907 2801 1068 2857 etiam
1123 2801 1369 2872 indigent
1426 2801 1702 2856 intervalli
1755 2802 1819 2855 ad
1876 2801 2001 2868 boc,
2077 2809 2136 2856 ut
2175 2803 2481 2873 exspiret:

495 2900 644 2946 sunt.

597 2981 677 3037 De
709 2984 1069 3038 matrimoniis
1103 2999 1170 3038 ex
1198 2985 1365 3039 tribus
1391 2985 1612 3039 diversis
1653 2985 1950 3056 generibus.

567 3074 922 3130 Matrimonia
952 3090 1016 3130 ex
1050 3075 1229 3132 tribus
1267 3075 1501 3132 diversis
1539 3076 1853 3146 generibus,
1893 3074 2064 3145 pertio

2179 1971 2277 2040 μὲν
2305 1969 2398 2024 οὖν
2424 1968 2484 2036 ἐξ
2511 1969 2744 2040 αἵματος
2864 1972 2898 2040 ἡ
2941 1969 3219 2034 οἰκείωσις
3260 1970 3356 2023 καὶ
3396 1968 3588 2038 γένους
3614 1967 3756 2028 ἑνὸς,

2173 2063 2235 2116 τὺ
2265 2063 2464 2116 οἰκεῖόν
2492 2079 2552 2116 τε
2601 2063 2696 2116 καὶ
2737 2061 2909 2125 τὸὲν,
2945 2059 3109 2132 φύσει
3153 2062 3322 2115 ἐστίν.
3373 2061 3542 2114 Ὅταν
3591 2060 3651 2112 δὲ
3702 2059 3760 2121 ἐξ

2175 2154 2497 2224 ἀγχιστείας
2530 2154 2626 2208 καὶ
2656 2153 2751 2206 δύο
2778 2153 2975 2223 γενῶν,
3013 2153 3160 2206 θέσει
3188 2153 3249 2206 τὸ
3302 2151 3380 2214 ἓν,
3441 2155 3534 2204 καὶ
3587 2152 3625 2217 ἡ
3681 2153 3759 2202 οἱ-

2175 2246 2394 2316 κειότης
2417 2246 2624 2309 αὐτοῖς.
2655 2246 2717 2299 οὐ
2760 2246 2903 2299 κατὰ
2936 2245 3038 2314 τὴν
3067 2244 3127 2309 εξ
3163 2247 3396 2316 αἵματος
3422 2245 3756 2311 οἰκειότητα.

2176 2337 2270 2390 Διὸ
2299 2337 2492 2408 καὶτῷ
2518 2337 2884 2407 ὑποϐεϐηκὸτι
2921 2336 3136 2407 βαθμῷ,
3169 2337 3261 2390 καὶ
3283 2337 3390 2407 πρὸ
3420 2335 3514 2388 τοῦ
3540 2337 3754 2402 ὀγδόου,

2175 2432 2336 2496 εὐθὺς
2382 2433 2416 2502 ἡ
2469 2433 2692 2502 τοιαύτη
2735 2431 3007 2502 οἱκειότης
3051 2448 3112 2484 τε
3157 2433 3253 2486 καὶ
3303 2431 3496 2492 ἓνωσις
3544 2429 3754 2482 λύεται.

2175 2523 2258 2577 Τέι
2286 2523 2396 2594 γὰρ
2440 2523 2644 2594 μᾶλλον
2697 2524 2794 2595 τὴν
2853 2523 3048 2577 ἕνωσιν
3092 2523 3306 2594 έχοντα,
3365 2522 3612 2584 πλείονος
3666 2522 3759 2575 καὶ

2175 2616 2274 2685 τῆς
2301 2616 2655 2679 ἀποστάσεως
2695 2617 2832 2687 πρὸς
2879 2618 2978 2688 τὴν
3003 2617 3248 2673 διάλυσιν
3276 2615 3487 2670 δέονται
3517 2632 3533 2646 ·
3566 2613 3758 2684 ὥσπερ

2174 2710 2244 2762 τὰ.
2268 2705 2432 2780 ἦττον
2469 2709 2751 2780 ἡνωμένα,
2789 2711 3095 2775 ἐλάττονος.

2563 2803 2725 2857 sicuti
2803 2804 3072 2871 minoris,
3147 2819 3271 2875 qua:
3339 2803 3526 2859 minus
3605 2802 3755 2856 unita

2564 2983 2704 3051 Περὶ
2747 2982 2866 3037 τῶν
2905 2983 2976 3036 ἐκ
3014 2983 3364 3052 τριγενείας.

2246 3075 2326 3128 Τὰ
2365 3074 2412 3127 δ’
2445 3078 2509 3128 ἐκ
2535 3075 2846 3146 τριγενεέας
2872 3077 3086 3145 γαμικὰ
3136 3075 3445 3145 ζητήματα,
3507 3073 3618 3127 sict
3661 3073 3757 3143 μὲν

493 3177 624 3228 nent
652 3177 705 3228 et
735 3166 854 3243 ipsa
912 3182 1132 3238 quoque
1165 3167 1232 3222 ad
1282 3168 1524 3223 rationes
1589 3166 1908 3224 aﬂinitatis:
1968 3166 2066 3222 sed

2179 3169 2269 3221 καὶ
2302 3168 2473 3222 ταῦτα
2501 3168 2562 3234 ὲξ
2590 3168 2933 3239 ἀγχιστείας,
2971 3168 3107 3222 ἀλλὰ
3130 3172 3195 3240 τῇ
3230 3167 3323 3220 τοῦ
3351 3168 3538 3237 τρίτου
3567 3167 3758 3234 γένους

491 3265 637 3320 tertii
669 3264 886 3336 generis
916 3263 1252 3328 interventu,
1285 3259 1873 3327 facilhts-Hbera‘tiunt,
1901 3275 2066 3332 quam

493 3369 558 3409 ex
588 3355 804 3409 duobus
861 3367 1131 3409 connexa.
1191 3353 1406 3424 Quippe
1462 3353 1604 3408 sicut
1639 3354 1756 3409 haec
1805 3353 2066 3423 gradibus

494 3443 714 3501 duobus
752 3444 1013 3500 inferiora
1039 3453 1170 3499 sunt
1204 3446 1509 3500 contractis
1557 3461 1625 3500 ex
1672 3444 2066 3515 consanguini-

492 3545 625 3602 tate,
684 3551 806 3604 qua:
856 3535 1028 3606 gradu
1093 3543 1286 3590 octavo
1346 3536 1516 3590 libera
1583 3537 1740 3601 liunt,
1805 3552 1926 3591 euut
1971 3551 2066 3606 per

496 3626 818 3680 aﬂinitatem
847 3640 914 3680 ex
939 3624 1158 3679 duobus
1188 3633 1476 3679 contracta
1503 3626 1794 3694 generibus
1821 3640 2068 3680 nonnun-

495 3732 659 3785 quam
687 3716 861 3786 gradu
893 3724 1050 3771 sexto
1083 3714 1254 3770 libere
1307 3715 1733 3784 permittantur:
1767 3716 1840 3770 ita
1873 3732 2067 3772 rursus

496 3825 559 3865 ex
586 3809 762 3864 tribus
785 3808 1084 3863 constituta
1107 3807 1427 3879 generibus,
1483 3807 1650 3862 etiam
1694 3806 1913 3864 duobus
1944 3823 2069 3878 gra-

501 3899 673 3952 dibus.
702 3896 992 3963 inferiora,
1022 3911 1186 3967 quam
1219 3911 1342 3966 quae
1396 3894 1615 3951 duobus
1661 3911 1728 3951 ex
1771 3897 2067 3968 generibus

494 3999 773 4058 constant,
804 3991 1138 4061 principium
1169 3989 1554 4064 permissiouis
1584 3989 1638 4044 in
1663 3998 1858 4059 quarto
1881 3989 2064 4043 statim

493 4086 664 4155 gradu
696 4090 1146 4152 consequuntur:
1204 4081 1330 4136 licet
1396 4082 1450 4136 itt
1519 4081 1604 4137 his
1655 4082 1830 4135 multo
1894 4081 2068 4152 magis

493 4178 764 4246 graduum
798 4175 1018 4230 vitanda
1050 4175 1413 4243 computatio,
1463 4173 1557 4229 sed
1594 4173 1973 4244 quaerendum,
1998 4188 2067 4228 an

496 4271 720 4324 disertis
756 4269 939 4324 verbis
972 4283 1003 4322 a
1037 4269 1154 4336 lege
1187 4266 1460 4336 prohibita
1489 4266 1620 4324 sint.
1664 4266 1900 4323 Maxime
1939 4282 2068 4322 vero

2174 3261 2438 3331 επιπλοῷ.
2479 3263 2608 3332 ῥᾷον
2643 3262 2674 3332 ἢ
2717 3261 2784 3315 τὰ
2811 3263 2874 3314 ἐκ
2927 3261 3021 3314 δύο
3071 3259 3538 3331 συμπεπλεγμένα
3582 3260 3758 3327 γενῶν

2172 3356 2412 3409 λύονται.
2440 3355 2652 3423 Ὥσπερ
2683 3353 2794 3425 γὰρ
2819 3353 2990 3408 ταῦτα
3023 3354 3145 3407 δυσὶ
3183 3352 3410 3424 βαθμοῖς
3446 3352 3758 3421 ὕποὸέϐηκε

2172 3448 2283 3501 τῶν
2306 3446 2366 3514 ἐξ
2390 3447 2620 3519 αἵματος
2645 3447 2736 3518 (τὰ
2786 3446 2886 3518 μὲν
2910 3447 3024 3516 γὰρ
3055 3447 3136 3508 είς
3167 3445 3259 3498 τὸν
3287 3443 3500 3512 ὄγδοον,
3538 3443 3607 3496 τὰ
3635 3443 3682 3495 δ’
3702 3443 3760 3508 ἐξ

2174 3541 2494 3612 ἀγχιστείας
2549 3542 2615 3594 ἐκ
2662 3539 2810 3594 δυοῖν
2855 3540 3033 3608 γενοίν
3097 3537 3210 3591 ἔσθ’
3247 3538 3338 3590 ὅτε
3391 3537 3484 3589 καὶ
3543 3539 3626 3599 εἰς
3667 3535 3761 3588 τὸν

2175 3632 2331 3686 ἕκτον
2360 3631 2623 3702 λύονται),
2657 3632 2801 3685 οὕτω
2833 3631 2998 3685 πάλιν
3040 3630 3108 3683 τὰ
3158 3632 3223 3683 ἐκ
3276 3629 3580 3700 τριγενεία;
3611 3628 3760 3680 δυσὶν
3833 3671 3849 3686 ,

2177 3721 2612 3776 ὑποσιδασθέντα
2647 3720 2878 3792 βαθμοῖς
2918 3720 3029 3774 τῶν
3063 3722 3126 3774 ὲκ
3169 3719 3262 3773 δύο
3293 3717 3489 3786 γενῶν,
3527 3717 3627 3785 τὴν
3663 3718 3762 3785 ἀρ-

2175 3815 2274 3887 χὴν
2317 3817 2414 3885 τῆς
2472 3813 2680 3879 λύσεως
2708 3814 2852 3868 κατὰ
2879 3814 2969 3868 τὸν
2997 3813 3256 3884 τέταρτον
3300 3810 3460 3872 εὐθὺς
3493 3809 3760 3877 λαμῦἁνει

2178 3907 2408 3978 βαθμὸν,
2444 3907 2493 3960 εί
2532 3907 2628 3960 καὶ
2685 3906 2866 3977 πολλῷ
2922 3904 3123 3976 μᾶλλον
3177 3906 3258 3966 είς
3312 3902 3486 3954 ταῦτα
3521 3900 3760 3970 βαθμοὺς

2176 4001 2480 4070 λαμϐάνειν
2507 4002 2571 4055 οὐ
2601 4001 2701 4067 δεῖ,
2725 4000 2864 4054 ἀλλὰ
2891 4000 3097 4070 ζητεῖν,
3129 3999 3177 4051 εί
3202 3999 3303 4050 οὑκ
3333 3993 3582 4062 ἐκωλύθη
3612 3995 3761 4062 παρὰ

2174 4084 2269 4139 τοῦ
2320 4085 2482 4156 νόμου
2539 4087 2761 4158 ρητῶςο
2820 4090 2936 4151 τοῖς
2989 4087 3045 4140 δὲ
3101 4086 3338 4157 μάλιστα
3392 4083 3693 4144 ἀκωλύτως
3734 4084 3762 4133 ὁ

2176 4179 2436 4251 τέταρτος
2465 4181 2794 4236 ὲπακολυθετ
2854 4181 3084 4252 βαθμδς,
3130 4173 3242 4234 οἷον
3286 4178 3344 4231 δὲ
3394 4179 3486 4230 ἐπὶ
3529 4178 3623 4230 τοῦ
3657 4193 3763 4228 πα-

2178 4274 2441 4344 τριάρχου
2485 4273 2672 4345 Στυπῆ
2727 4273 3047 4346 ἀπορρηθὲν
3078 4289 3138 4325 τε
3169 4274 3216 4304 ’⁸
3250 4269 3386 4341 ὁμοῦ
3442 4271 3538 4322 καὶ
3575 4269 3761 4328 λυθὲν,

492 4361 880 4433 proltiltitionis
933 4361 1176 4431 expertia
1229 4361 1478 4431 sequitur
1531 4369 1763 4432 quartus
1833 4361 2057 4430 gradus.
2098 4361 2695 4437 Cujusmodiquiddam
2726 4378 2831 4434 est,
2863 4366 3008 4438 quod
3068 4365 3169 4420 sub
3220 4363 3532 4435 patriarcha
3593 4360 3764 4430 Stupa

494 4467 746 4511 vocatum
781 4454 834 4509 in
863 4453 1090 4507 dubium
1132 4449 1254 4515 fuit,
1285 4462 1340 4508 et
1374 4467 1470 4522 per
1508 4455 1831 4508 sententiam
1876 4452 2242 4514 declaratum.

566 4546 797 4614 Quidam
847 4546 995 4598 enim
1034 4543 1429 4599 Constantinus
1471 4559 1697 4598 uxorem
1741 4545 1897 4598 duxit
1948 4545 2063 4599 An-

2239 4551 2648 4614 Κωνσταντῖνος
2696 4551 2805 4622 γάρ
2827 4568 2911 4614 τις
2939 4549 3130 4604 ἐλαϐεν
3157 4553 3237 4612 εἰς
3285 4550 3519 4616 γυναῖκα
3551 4545 3764 4598 Θεοδώ-

498 4657 648 4704 num,
680 4636 954 4691 Theodori
1004 4634 1290 4702 cujusdam
1326 4649 1574 4690 sororem
1615 4651 1951 4708 germanam.
2002 4636 2075 4693 Ea

498 4741 740 4792 mortua,
788 4729 1138 4782 matrimonio
1152 4727 1393 4782 secundo
1416 4728 1572 4782 duxit
1604 4727 1838 4796 lrenam,
1867 4730 2067 4800 conju-

497 4822 582 4891 gis
617 4817 888 4873 Theodori
923 4833 1192 4872 sororem.
1225 4816 1345 4883 Quo
1378 4819 1562 4883 fiebat,
1593 4828 1650 4872 ut
1679 4818 2074 4875 Constantinus

499 4918 554 4963 et
589 4908 765 4963 aﬂinis
793 4918 940 4964 esset
969 4907 1265 4972 Theodori,
1304 4919 1366 4980 et
1400 4908 1664 4966 coalfmis.
1712 4908 1852 4964 Sunt
1893 4921 2074 4965 autem

499 5000 555 5054 in
591 4999 694 5054 hoc
725 4999 927 5067 gradus
957 5009 1216 5068 quatuor.
1243 4997 1567 5056 Theodorus
1605 5001 1752 5055 enim
1797 5011 1855 5058 et
1896 5004 2076 5067 Anna,

499 5090 673 5161 gradu
711 5088 952 5144 secundo
994 5105 1053 5145 se
1084 5093 1428 5163 contingunt.
1462 5093 1593 5147 Item
1637 5109 1774 5149 uxor
1806 5093 2078 5151 Theodori

499 5194 554 5238 et
611 5185 787 5248 lrena,
839 5182 1010 5253 gradu
1057 5185 1316 5249 secundo,
1357 5186 1448 5255 qui
1503 5185 1706 5258 gradus
1736 5188 1899 5243 simul
1949 5200 2080 5243 sunt

502 5285 758 5345 quatuor.
793 5273 1004 5345 Quippe
1042 5275 1124 5329 lex
1162 5277 1272 5330 duo
1319 5276 1587 5332 duntaxat
1615 5295 1677 5334 ex
1717 5282 1879 5335 trium
1910 5297 2073 5352 gene-

503 5382 622 5420 rum
684 5364 1052 5422 matrimoniis
1093 5366 1393 5435 probibuit,
1442 5385 1563 5437 quae
1604 5370 1767 5425 unius
1807 5371 2077 5425 duntaxat

501 5459 707 5530 gradus
732 5467 881 5521 sunt,
916 5473 1022 5512 non
1060 5457 1338 5529 plurium:
1378 5458 1648 5526 videlicet,
1688 5462 1837 5532 quod
1878 5463 2076 5516 ducere

504 5566 616 5603 non
649 5564 871 5620 possum
901 5567 1043 5617 eam,
1089 5566 1210 5620 qure
1242 5553 1516 5622 quondam
1559 5555 1789 5628 privigni
1832 5557 1934 5611 mei
1977 5557 2079 5610 fuit

2189 4659 2284 4714 ρου
2321 4645 2464 4707 τινος
2493 4643 2834 4715 αύταδέλφην
2873 4645 3096 4698 'Awav.
3168 4641 3452 4708 Θανούσης
3523 4639 3759 4708 ἐκείνης,

2183 4735 2376 4790 ἐλαϐεν
2408 4737 2488 4799 εἰς
2519 4736 2770 4806 δεύτερον
2801 4735 3135 4790 συνοικέσιον
3172 4737 3270 4803 τὴν
3326 4733 3418 4787 τοῦ
3479 4731 3759 4798 Θεοδώρου

2183 4828 2619 4898 γυναικαδέλφην
2676 4829 2932 4899 Είρὴνην.
3001 4828 3090 4890 Ὠς
3143 4826 3400 4895 γενέσθαι
3466 4827 3559 4878 τὶν
3609 4825 3759 4877 Κων-

2181 4921 2460 4973 σταντῖνον
2493 4921 2584 4973 καὶ
2607 4919 2857 4992 γαμϐρὸν
2886 4919 2980 4973 τοῦ
3045 4919 3323 4988 Θεοδώρου
3373 4919 3471 4970 καὶ
3513 4917 3760 4985 σύγγαμ·

2179 5008 2328 5080 ὅρον.
2393 5009 2512 5063 Είσὶ
2542 5009 2598 5062 δὲ
2628 5012 2686 5063 έν
2715 5009 2890 5080 τούτῳ
2928 5007 3125 5078 βαθμοὶ
3157 5007 3442 5076 τέσσαρες.
3519 5005 3578 5056 ’0
3629 5001 3760 5054 Θεό-

2181 5095 2350 5165 δωρος
2380 5095 2487 5167 γὰρ
2515 5095 2607 5150 καὶ
2658 5098 2691 5168 ὴ
2731 5097 2920 5158 Ἀννα,
2957 5093 3169 5164 βαθμοῦ
3203 5093 3486 5162 δευτέρου.
3524 5092 3589 5144 Ἦ
3622 5089 3758 5158 γυνὴ

2179 5189 2273 5243 τοῦ
2329 5189 2602 5260 Θεοδώρου
2659 5189 2752 5242 καὶ
2809 5190 2842 5257 ἠ
2884 5187 3109 5256 Εἰρήνη,
3193 5182 3403 5253 βαθμοῦ
3478 5180 3756 5249 δευτέρου.

2193 5281 2364 5352 Ὀμοῦ
2425 5281 2713 5352 τέσσαρες.
2767 5281 2828 5334 '0
2877 5279 2976 5350 μὲν
3031 5277 3142 5346 γὰρ
3188 5275 3350 5345 νόμος
3375 5273 3468 5327 δύο
3524 5273 3659 5343 μόνα
3689 5272 3758 5323 ὲκ

2181 5373 2490 5445 τριγενείας
2560 5374 2858 5436 ἐκώλυσεν,
2911 5371 2948 5426 ἃ.
2991 5372 3085 5426 καὶ
3133 5367 3253 5431 ένδς
3324 5367 3487 5436 μόνου
3552 5361 3761 5434 βαθμοῦ

2183 5463 2532 5532 τυγχάνουσι,
2588 5463 2681 5516 καὶ
2709 5462 2770 5516 ού
2812 5460 3076 5522 πλείονος.
3118 5453 3267 5517 Οἶον,
3298 5455 3382 5508 ὃτι
3431 5455 3491 5506 ού
3528 5451 3762 5520 δύναμαι

2184 5559 2490 5628 λαόεἰντὴν
2521 5555 2649 5610 ποτὲ
2697 5556 2937 5610 γυναῖκα
2999 5549 3093 5606 τοῦ
3151 5546 3420 5621 προγόνου
3470 5563 3596 5617 μου,
3649 5541 3762 5596 οὐδ’

1776 5737 2006 5792 VARIA‘Z
2041 5736 2444 5792 LECTIONES.

608 5823 677 5858 ’3'
709 5825 995 5891 διγενείσιζ.
1080 5826 1122 5857 ⁵⁷⁵³
1151 5823 1426 5893 eme-‘65;
1459 5841 1538 5876 τε,
