3990 6578
224 354 370 424 1237

1533 365 2096 428 ϐῐὶ.²ΙΞ(ἰΟ-ΒΟΜΛΝ
2109 371 2241 432 UM.

3372 373 3504 435 1-233

223 474 256 542 ὴ
294 469 552 542 μητρυιά
568 468 753 524 λαϐεῖν
779 468 870 523 τὸν
899 468 1032 524 ποτέ
1061 469 1229 542 ἄνδρα
1279 474 1378 542 τῆς
1424 473 1694 545 προγόνης
1729 474 1826 528 αὺ-

1931 492 2068 530 uxor
2091 479 2239 547 (74);
2297 492 2395 531 nec
2445 476 2490 532 ei
2544 491 2779 532 noverca
2827 477 3052 542 nubere,
3100 481 3190 549 qni
3241 483 3516 553 privagure-

221 564 348 635 τῆς.
385 564 513 618 Κάν
558 562 769 628 τούτοις
820 564 928 634 γὰρ
958 565 1233 634 τριγένειά
1287 566 1460 619 ἐστιν.
1531 566 1654 619 Al)!
1699 567 1821 619 ἐπεὶ

224 659 254 712 ὁ
284 656 565 727 πρόγονος
590 658 683 709 καὶ
714 658 746 727 ἡ
774 656 1013 728 προγόνη
1082 656 1201 711 υἱοῦ
1252 657 1286 719 ἢ
1341 659 1610 730 θυγατρὸς
1665 661 1822 729 λόγον

228 751 499 820 ἐπέχουσι
544 751 677 820 πρὸς
714 751 804 803 τὸν
834 751 1086 820 πατρωὸν
1141 750 1304 822 ῆτὴν
1369 753 1662 824 μητρυιὰν,
1732 754 1824 806 καὶ

227 842 261 912 ἡ
285 841 427 911 γυνὴ
461 841 498 912 ἢ
531 844 558 895 ὁ
594 842 734 913 ἀνὴρ
766 843 957 914 αὐτῆς,
987 841 1205 915 νύμφης
1233 844 1264 915 ἢ
1291 845 1568 916 γαμϐροῦ,
1631 846 1826 916 ἀθέμι-

225 947 296 982 τα
326 929 398 981 τὰ
422 928 656 984 τοιαῦτα
687 931 1016 1000 τυγχάνουσι
1074 931 1404 986 συνοικέσια.
1434 933 1516 986 Τὰ
1543 934 1652 1006 γὰρ
1679 935 1825 1005 ἀκρα

225 1019 320 1073 δύο
354 1020 524 1089 γένη,
554 1021 582 1072 ὸ
626 1021 764 1089 ἀνὴρ
799 1021 893 1073 καὶ
923 1023 956 1092 ή
986 1021 1142 1092 γυνὴ,
1194 1021 1400 1092 βαθμὸν
1465 1024 1566 1078 οὐκ
1611 1027 1826 1096 ἔχουσιν

227 1109 353 1164 οὔτε
405 1111 552 1180 πρὸς
586 1095 812 1182 ἄλληλα,
844 1111 966 1165 οὔτε
994 1115 1129 1184 πρὸς
1163 1119 1223 1167 τὸ
1255 1116 1419 1186 μέσον
1476 1095 1670 1186 γένος(
1715 1118 1826 1188 Τὴν
1854 1153 1895 1201 ⁸

227 1205 341 1274 γὰρ
370 1205 575 1276 ἀνδρὸς
631 1206 767 1275 μετά
820 1208 1076 1275 γυναικὸς
1140 1209 1432 1278 συνάφειαν
1485 1211 1565 1274 εἰς
1620 1210 1828 1282 βαθμὸν

227 1297 329 1350 οὐκ
363 1298 692 1367 εἰσάγομεν,
723 1298 838 1352 ἀλλ’
875 1298 933 1352 ἓν
981 1300 1082 1370 μὲν
1143 1297 1280 1355 εἶναι
1331 1303 1659 1374 λογιζόμεθα
1697 1305 1828 1358 ταύ-

227 1405 352 1457 την,
415 1390 511 1442 ὅτε
583 1391 706 1443 καθ’
751 1393 953 1462 ἑαυτὴν
1002 1394 1299 1464 καθορᾶται
1364 1396 1479 1468 (καὶ
1508 1397 1680 1469 γὰρὴ
1733 1397 1826 1452 τοῦ

229 1481 470 1549 ἀδελφοῦ
501 1500 602 1552 μου
641 1483 774 1554 γυνὴ
798 1484 884 1537 διὰ
909 1484 1006 1556 τὴν
1039 1487 1174 1556 πρὸς
1206 1488 1367 1540 αὐτὸν
1396 1489 1569 1559 ἄκραν
1607 1491 1824 1552 ἕνωσιν,

130 1645 140 1660 ο
230 1570 499 1641 δευτέρου
558 1571 659 1642 μού
713 1574 832 1628 ἐστι
888 1575 1120 1645 βαθμοῦ,
1189 1578 1396 1647 ίσχναῖς
1457 1581 1828 1645 ἐπινοίαιςδιὰ

228 1662 331 1732 τὴν
366 1663 596 1734 ἐντολὴν
644 1665 960 1737 ἑνουμένη)”
996 1668 1084 1720 ὅτε
1113 1668 1168 1722 δὲ
1210 1670 1345 1739 πρὸς
1393 1671 1581 1742 ἕτερον
1634 1690 1829 1742 συγγε-

233 1753 386 1807 νικὸν
417 1755 593 1825 αὐτῆς
618 1758 912 1826 πρόσωπον
934 1762 960 1812 ὁ
979 1759 1185 1830 βαθμὸς
1214 1760 1479 1830 ζητεῖται,
1509 1765 1604 1834 οὐχ
1631 1763 1824 1830 οὕτως.

241 1843 310 1897 Ἥ
349 1845 464 1917 γὰρ
514 1822 714 1917 ἀδελφὴ
790 1849 888 1920 τῆς
945 1822 1184 1922 νύμφής,
1219 1822 1354 1923 πρὸς
1379 1822 1476 1923 μὲν
1516 1822 1681 1926 αύτὴν
1711 1822 1827 1910 δεύ-
1852 1822 1902 1882 Β

232 1937 395 2008 τέρου
432 1939 555 1992 ἐστὶ
585 1939 795 2010 βαθμοῦ
821 1957 835 1970 ⁸
867 1943 1002 2012 πρὸς
1031 1943 1132 2012 ἐμὲ
1165 1945 1243 2006 δὲ,
1273 1948 1560 2016 τετάρτου.
1603 1948 1715 2001 Καὶ
1792 1951 1824 2020 ἡ

232 2027 408 2098 αὐτῆς
437 2029 563 2084 θεία
595 2031 730 2102 πρὸς
772 2034 992 2105 ἐκείνην
1037 2037 1137 2105 μὲν
1165 2039 1372 2106 τρίτου,
1409 2041 1546 2109 πρὸς
1608 2043 1708 2112 ἐμὲ
1769 2042 1825 2096 δὲ

233 2119 524 2189 πέμπτου.
577 2125 688 2178 Καὶ
748 2125 839 2179 ἐπὶ
886 2127 995 2179 τῶν
1040 2128 1213 2182 ἄλλων
1273 2132 1490 2200 ὁμοίως.
1544 2132 1664 2186 Τῶν
1725 2134 1826 2188 οὐκ

236 2212 614 2284 ἐνδεχομένων
663 2218 773 2286 γάρ
831 2221 1001 2284 ἐστιν,
1045 2220 1239 2292 ὥσπερ
1304 2223 1394 2276 τὸν
1453 2225 1643 2296 ἄνδρα,
1683 2225 1827 2281 οὕτω

235 2304 300 2376 δὴ
330 2307 427 2360 καὶ
465 2305 562 2360 τὸν
585 2308 775 2362 τούτου
805 2309 1032 2380 ἀδελφὸν
1071 2313 1247 2383 σάρκα
1279 2312 1588 2382 λογίζεσθαι
1625 2316 1640 2347 ¹
1698 2317 1827 2387 μίαν

239 2397 379 2467 μετὰ
404 2399 506 2470 τῆς
533 2399 776 2473 νύμφης,
813 2403 905 2455 καὶ
931 2403 1001 2457 δι’
1034 2405 1278 2470 ἐπινοίας
1307 2407 1550 2468 ἐπίνοιαν
1593 2409 1825 2481 συνάψαι

236 2490 392 2561 παρὰ
413 2490 517 2563 τὴν
574 2493 667 2546 τοῦ
709 2495 874 2566 νόμου
933 2495 1187 2566 δύναμιν.
1246 2500 1308 2552 Οἱ
1339 2500 1446 2571 γὰρ
1478 2503 1540 2554 ἐκ
1573 2502 1824 2570 πλαγίου,

237 2583 459 2652 πρῶτον
512 2584 721 2655 βαθμὸν
742 2587 839 2640 οὐκ
871 2587 1108 2658 ἔχουσιν,
1159 2589 1276 2642 ἀλλ’
1307 2593 1372 2645 ἐκ
1416 2591 1504 2645 τοῦ
1569 2595 1824 2666 δευτέρου

236 2674 523 2743 ἄρχονται.
555 2677 616 2729 '0
639 2677 738 2745 μὲν
767 2674 859 2733 οῦν
886 2680 1050 2751 νόμος
1074 2682 1142 2735 τά
1173 2683 1235 2735 ἐκ
1261 2683 1566 2753 τριγενείας
1603 2685 1822 2757 πρώτου

243 2766 456 2837 βαθμοῦ
527 2771 863 2835 κεκώλυκεν,
927 2773 1118 2846 ὥσπερ
1168 2779 1382 2848 εἴρηται
1417 2793 1430 2807 ⁸
1485 2780 1517 2840 ἠ
1576 2779 1632 2832 δὲ
1692 2797 1828 2850 κρα-

237 2859 404 2914 τοῦσα
433 2863 699 2929 συνήθεια
735 2865 829 2917 καὶ
860 2865 928 2918 τά
958 2867 1111 2938 παρά
1143 2868 1318 2923 ταῦτα
1373 2869 1468 2923 καὶ
1530 2870 1670 2941 ὑπὲρ
1732 2875 1824 2924 τὸν

240 2952 457 3022 πρῶτον
486 2955 699 3026 βαθμὸν
742 2960 804 3010 ἐκ
836 2960 1143 3028 τριγενείας
1174 2961 1322 3026 ὄντα,
1363 2962 1621 3017 ἀκώλυτα
1665 2963 1775 3034 ἔχει
1802 2977 1822 2999 ο

236 3037 371 3110 οἷον,
407 3045 540 3118 ἔσχε
571 3067 656 3113 τις
700 3054 957 3118 γυναῖκα.
994 3053 1186 3123 Χρόνῳ
1219 3053 1277 3107 δὲ
1327 3053 1554 3125 ὕστερον
1607 3057 1822 3126 ἐκείνης

242 3136 538 3210 θανούσης,
567 3142 664 3212 τὴν
689 3145 924 3210 γυναῖκα
953 3144 1045 3198 τοῦ
1081 3145 1224 3199 θείου
1262 3147 1430 3217 αὐτῆς
1460 3147 1540 3209 είς
1567 3147 1822 3219 δεύτερον
1847 3161 1893 3226 C

241 3226 398 3280 ἔλαϐε
442 3232 805 3286 συνοικέσιον.
854 3232 1048 3296 Ἀλλος
1095 3235 1194 3306 τὴν
1242 3235 1516 3307 προγόνην
1562 3236 1661 3291 τοῦ
1723 3255 1824 3305 γυ-

242 3321 610 3390 ναικαδέλφου
637 3324 799 3378 αὐτοῦ
836 3325 1048 3380 ἔλαϐεν.
1093 3328 1184 3381 Ἐν
1219 3329 1431 3393 τούτοις
1465 3329 1573 3402 γάρ
1625 3329 1826 3400 βαθμοὶ

247 3409 343 3479 μὲν
373 3413 766 3482 ἀναφαίνονται
794 3418 966 3487 τρεῖς.
1003 3417 1238 3472 Λύονται
1265 3419 1321 3473 δὲ
1354 3420 1504 3490 ὅμως
1539 3421 1678 3474 κατὰ
1728 3421 1828 3492 τὴν

247 3502 560 3570 συνήθειαν.
608 3503 671 3558 Ἦ
745 3507 932 3576 μέντοι
993 3507 1268 3579 ἀκρίϐεια,
1339 3507 1528 3581 ὥσπερ
1578 3510 1826 3580 εἴπομεν,

242 3590 331 3644 τὸν
357 3594 628 3666 τέταρτον
684 3597 744 3649 ἐν
799 3597 1012 3664 τούτοις
1063 3599 1274 3672 βαθμὸν
1325 3602 1564 3657 ἀπαιτεῖ.
1594 3604 1688 3656 Δεῖ
1719 3603 1830 3674 γὰρ

244 3682 340 3752 τὴν
371 3686 686 3758 οἰκειότητα
707 3690 805 3760 τῆς
833 3691 1150 3762 ἀγχιστείας
1181 3693 1582 3763 πλαγιασθῆναι
1609 3697 1829 3768 μικρὸν,

245 3777 337 3828 καὶ
365 3778 675 3847 τηνικαῦτα
704 3779 857 3836 ἔσται
909 3782 1132 3854 θεμιτὸς
1159 3785 1188 3837 ὁ
1217 3784 1416 3855 γάμος.
1449 3781 1596 3850 Οἷον,
1626 3787 1710 3839 ὅτι
1731 3786 1826 3840 τοῦ

247 3869 682 3940 γυναικαδέλφου
773 3889 875 3942 μου
929 3874 962 3943 ὴ
1027 3873 1165 3942 γυνὴ
1211 3874 1496 3947 προσεχῶς
1559 3875 1830 3946 ᾠκείωται

247 3953 382 4021 πρὸς
410 3957 471 4010 τὸ
511 3958 678 4028 μέσον
711 3960 888 4028 γένος,
919 3961 1108 4032 ὥσπερ
1147 3963 1304 4032 κάγὼ
1335 3964 1474 4034 πρὸς
1520 3965 1705 4023 αὐτόν.
1770 3967 1832 4022 '0

247 4045 339 4100 οὖν
364 4049 636 4120 ἡμέτερος
702 4052 933 4122 ἀδελφὸς
989 4053 1211 4108 δύναται
1267 4054 1474 4127 ταύτην
1526 4056 1835 4128 ἀμέμπτως

247 4134 430 4191 λαϐεῖν
475 4140 731 4205 θανόντος
759 4142 855 4196 τοῦ
887 4143 1324 4213 γυναικαδέλφου
1353 4162 1482 4215 μου,
1515 4145 1547 4215 ἧ
1597 4143 1708 4215 ἐγὼ
1735 4146 1834 4219 τὴν

250 4228 464 4303 ἐκείνης
532 4233 735 4297 λαϐεῖν,
781 4236 953 4306 αὐτὴν
980 4239 1000 4270 ⁸
1039 4236 1184 4290 δὲού
1231 4237 1391 4308 θέμις
1421 4237 1628 4293 λαϐεῖν.
1663 4237 1835 4295 Πάλιν

251 4318 442 4375 ἔλαϐον
483 4326 567 4388 είς
591 4325 690 4396 τὴν
723 4325 960 4399 ἀδελφήν
991 4344 1094 4398 μου
1141 4329 1414 4400 γαμϐρὸν.
1476 4321 1538 4383 οῦ
1598 4329 1700 4402 τὴν
1746 4329 1836 4384 ἐπ’

252 4408 462 4483 ἀδελφῷ
492 4430 622 4468 ποτε
683 4415 900 4488 νύμφην
949 4418 1111 4482 αὐτὸς
1163 4418 1352 4472 ἔλαϐεν
1375 4420 1419 4450 ’⁸
1482 4421 1563 4484 είς
1579 4423 1832 4490 γυναῖκα,

1927 570 2100 638 ipsius
2139 569 2369 623 maritus
2416 569 2537 624 fuit.
2585 566 2719 622 Nam
2764 568 2816 623 in
2856 569 2940 624 his
2994 587 3211 641 quoque
3251 576 3413 627 trium
3449 576 3505 628 fit

1925 675 2186 729 generum
2212 659 2540 728 conjunctio.
2575 658 2680 715 Sed
2701 660 2825 730 quia
2855 662 3135 731 privignus
3159 673 3211 717 et
3237 666 3504 735 privigna,

1926 753 2023 806 lilii
2056 753 2142 806 vel
2181 753 2302 806 filia:
2354 753 2476 807 loco
2516 760 2670 821 sunt,
2716 768 2844 824 erga
2893 754 3150 808 vitricum
3189 757 3269 809 vel
3314 771 3507 810 nover-

1924 858 2076 907 cam;
2119 851 2283 913 atque
2330 841 2528 896 horttm
2566 843 2648 898 vel
2684 859 2844 909 uxor,
2897 846 2983 900 vel
3032 845 3286 911 maritus,
3329 848 3502 901 vicem

1925 951 2100 992 nurus
2138 943 2233 990 aut
2260 935 2448 1007 generi
2481 934 2769 1002 obtinent;
2797 937 2985 1009 illicita
3028 946 3158 994 sunt
3193 937 3512 1008 hujusmodi

1925 1028 2304 1084 matrimonia;
2346 1028 2482 1082 Nam
2534 1045 2749 1084 summa
2791 1030 2880 1086 illa
2922 1031 3030 1086 duo
3073 1047 3296 1103 genera,
3345 1031 3425 1086 vir
3453 1041 3508 1087 et

1927 1134 2086 1184 uxor,
2133 1120 2361 1189 gradum
2420 1121 2633 1175 nullum
2678 1120 2899 1187 habent,
2947 1139 3047 1177 nee
3102 1125 3243 1178 inter
3284 1139 3364 1190 se,
3405 1140 3507 1181 nec

1924 1223 2052 1278 erga
2079 1225 2253 1281 genus
2283 1210 2692 1266 intermedium.
2719 1212 2950 1283 lQuippe
2993 1215 3092 1268 viri
3125 1231 3248 1270 cum
3280 1213 3508 1270 muliere

1927 1301 2370 1372 conjunctionem
2447 1303 2514 1358 ad
2556 1303 2786 1375 gradum
2851 1321 2958 1360 non
3020 1306 3344 1372 referimus;
3412 1307 3506 1364 sed

1928 1413 2095 1452 unum
2128 1397 2258 1467 quid
2293 1413 2419 1454 esse
2453 1397 2708 1454 ducimus
2749 1400 2913 1465 hanc,
2948 1400 3168 1470 quando
3202 1403 3504 1457 SCt'undlllll

1927 1489 2162 1558 seipsam
2213 1489 2596 1544 consideratur
2636 1506 2649 1543 :
2688 1485 2917 1560 (fratris'
2946 1492 3092 1546 enim
3138 1493 3240 1546 mei
3283 1493 3503 1561 coniux,

1928 1590 2152 1652 propter
2180 1580 2441 1636 unionem
2474 1599 2599 1637 eum
2644 1598 2710 1638 eo
2749 1598 3043 1649 summam,
3091 1586 3330 1641 secundo
3362 1603 3391 1640 a
3424 1601 3510 1641 me

1929 1674 2102 1745 gradu
2136 1681 2241 1737 est,
2269 1688 2379 1744 quo
2418 1689 2542 1729 cum
2585 1675 2883 1730 subtilibus
2911 1691 3044 1731 sane
3089 1657 3393 1732 rationibus
3428 1678 3513 1732 di-

1929 1765 2044 1820 vini
2088 1766 2332 1820 mandati
2377 1773 2627 1836 respectu
2661 1766 3038 1837 conjungitnr)
3071 1783 3192 1822 cum
3227 1778 3407 1824 autem
3442 1771 3519 1823 ad:

1929 1854 2090 1908 aliam
2128 1854 2232 1925 ipsi
2271 1865 2559 1926 cognatam
2616 1870 2906 1926 personam
2936 1859 3139 1928 gradus
3185 1859 3504 1930 inquiritur,

1927 1960 2035 2000 non
2070 1945 2144 1999 ita
2176 1961 2262 2000 res
2292 1947 2472 2000 habet.
2520 1945 2652 2000 Nam
2693 1947 2898 2003 fratris:
2929 1964 3104 2014 soror,
3144 1966 3269 2022 erga
3314 1954 3509 2021 ipsam,

1927 2037 2144 2108 quidem
2203 2039 2429 2094 secundi
2485 2039 2688 2110 gradus
2759 2049 2843 2095 est
2885 2057 2898 2092 :
2937 2056 3063 2112 erga
3127 2057 3231 2106 me,
3304 2047 3502 2113 quarti.

1926 2127 2182 2198 Ejusdem
2217 2130 2379 2184 amita
2419 2131 2618 2200 gradus
2653 2147 2781 2201 erga
2832 2132 3007 2202 ipsam
3038 2143 3123 2188 est
3167 2135 3335 2198 tertii,
3376 2151 3505 2206 erga

1927 2237 2016 2278 me
2049 2224 2246 2292 quinti.
2279 2223 2653 2279 Consimiliter
2673 2236 2725 2280 et
2762 2224 2818 2279 in
2853 2225 2998 2280 aliis.
3030 2225 3241 2297 Quippe
3266 2228 3381 2282 fieri
3415 2246 3512 2283 nc-

1927 2314 2049 2385 quit
2084 2323 2163 2381 ut,
2211 2301 2672 2387 quemadmodum
2718 2316 2972 2379 maritus,
3024 2316 3105 2372 sic
3144 2318 3307 2371 etiam
3344 2318 3510 2373 frater

1928 2404 2048 2474 ejus
2097 2421 2193 2474 pro
2237 2420 2341 2459 una
2383 2421 2552 2460 carne
2598 2405 2865 2461 habeatur
2901 2421 3025 2461 cum
3069 2406 3282 2473 fratria,
3322 2417 3373 2462 et
3416 2424 3510 2476 per

1927 2497 2316 2568 cogitationem
2354 2506 2552 2567 praeter
2598 2506 2834 2554 mentem
2872 2498 3008 2568 legis
3041 2498 3145 2553 alia
3196 2501 3335 2553 ratio
3382 2515 3515 2552 con-

1921 2589 2207 2660 jungatur.
2251 2589 2353 2654 Qui
2413 2589 2558 2644 enim
2605 2603 2670 2644 ex
2725 2598 3041 2644 transverso
3084 2597 3234 2654 sunt,
3279 2590 3513 2659 primunt

1927 2684 2154 2752 gradum
2213 2696 2324 2735 non
2389 2681 2614 2746 habent,
2675 2679 2772 2735 sed
2825 2695 2853 2734 a
2921 2680 3167 2736 secundo
3217 2681 3509 2749 incipiunt.

1927 2773 2034 2827 Lex
2065 2773 2249 2842 igitur,
2279 2772 2356 2826 uti
2382 2773 2645 2838 diximus,
2675 2771 3025 2825 matrimonia
3051 2771 3214 2825 trittm
3247 2788 3510 2843 generum

1925 2867 2190 2922 duntaxat
2229 2882 2291 2921 ea
2333 2865 2630 2936 prohibuit,
2713 2879 2834 2934 quae
2880 2863 3040 2933 primi
3086 2863 3286 2930 gradus
3357 2871 3515 2920 sunt.

1925 2956 2160 3028 Recepta
2213 2971 2341 3011 vero
2398 2953 2740 3012 consuetudo
2811 2967 2909 3023 pro
2963 2967 3072 3006 non
3120 2953 3306 3008 vetitis
3349 2953 3514 3008 habet

1924 3063 2262 3118 quaecunque
2313 3056 2510 3118 praeter
2546 3047 2660 3100 haec
2709 3052 2860 3109 sunt,
2899 3052 2954 3098 et
2995 3043 3232 3113 primum
3280 3043 3510 3114 gradum

1924 3140 2218 3194 excedunt.
2282 3138 2442 3194 Verbi
2484 3138 2666 3209 gratia
2700 3134 2970 3202 :Quidam
3019 3149 3248 3190 uxorem
3291 3133 3500 3188 habuit.

1930 3229 2194 3300 Deinceps
2256 3229 2346 3284 illa
2385 3227 2667 3291 defuncta,
2707 3225 2994 3296 conjugem
3037 3226 3216 3295 patrui
3263 3225 3513 3280 mulieris

1930 3323 2172 3380 secundo
2198 3321 2550 3376 matrimonio
2573 3319 2726 3375 duxit
2747 3333 2996 3373 uxorem.
3022 3317 3176 3372 Alius
3206 3316 3512 3388 privignam

1932 3414 2118 3470 fratris
2162 3413 2353 3468 uxoris
2385 3426 2498 3470 sua:
2527 3411 2703 3466 duxit.
2751 3410 2809 3464 In
2844 3408 2930 3464 his
2965 3409 3109 3470 enim
3147 3416 3260 3462 tres
3289 3409 3511 3477 quidem

1929 3506 2130 3579 gradus
2169 3515 2476 3578 emergunt,
2527 3503 2620 3560 sed
2659 3503 3039 3558 nihihomlnus
3073 3501 3245 3556 libere
3288 3501 3516 3571 permitq

1932 3608 2125 3653 tuntur
2170 3599 2388 3656 ratione
2439 3593 2887 3652 consuetudinis.
2943 3591 3002 3649 Si
3045 3599 3228 3647 tamen
3258 3598 3514 3646 accurate

1932 3706 2046 3747 rem
2099 3689 2536 3752 consideremus,
2580 3686 2783 3758 gradus
2849 3686 2904 3740 in
2953 3683 3062 3751 his,
3105 3697 3204 3738 ceu
3253 3681 3516 3746 diximus,

1933 3792 2164 3854 quartus
2209 3781 2532 3851 requiritur.
2575 3777 2791 3848 Quippe
2834 3774 3294 3832 necessitudinem
3341 3773 3517 3828 alIini-

1932 3874 2062 3930 tatis
2094 3873 2148 3928 in
2182 3881 2560 3928 transversum
2604 3868 2859 3925 nonnihil
2905 3875 3123 3937 oportet
3153 3865 3398 3929 extendi,
3433 3873 3496 3920 at

1933 3982 2040 4038 que
2091 3968 2167 4020 ita
2199 3964 2412 4021 licitum
2462 3962 2570 4018 erit
2617 3959 3057 4027 matrimonium.
3099 3957 3265 4014 Verbi
3314 3957 3515 4029 gratia,

1933 4056 2130 4126 coniux
2173 4057 2360 4111 fratris
2387 4054 2574 4110 uxoris
2605 4067 2741 4108 meae
2773 4050 3082 4124 propinqua
3111 4048 3517 4106 necessitudine

1929 4151 2176 4222 jungitur
2206 4148 2536 4205 intermedio
2569 4147 2779 4220 generi,
2815 4147 2958 4203 sicut
2982 4154 3038 4201 et
3065 4160 3168 4216 ego
3204 4145 3331 4214 ipsi.
3362 4141 3514 4197 lianc

1936 4244 2105 4300 frater
2135 4258 2312 4306 meus.
2343 4242 2602 4296 defuncto
2630 4227 2886 4310 conjugis
2925 4253 3060 4294 meae
3089 4238 3278 4300 fratre,
3313 4236 3517 4291 ducere

1936 4337 2072 4392 citra
2107 4333 2588 4406 reprehensionem
2637 4339 2840 4404 potest,
2880 4330 2965 4387 vel
3005 4330 3181 4402 ipsius
3225 4345 3326 4400 ego
3361 4341 3513 4383 soro-

1939 4445 2084 4492 rem;
2127 4427 2223 4484 sed
2255 4442 2366 4483 non
2399 4425 2482 4483 fas
2512 4433 2619 4492 est,
2651 4433 2715 4480 ut
2741 4426 2860 4496 ipsa
2890 4423 3024 4478 mihi
3067 4423 3258 4479 nubat.
3302 4422 3517 4476 Rursus

253 4503 344 4556 καὶ
384 4505 536 4559 ἐστιν
578 4507 878 4562 ἀκώλυτον.
936 4510 1089 4563 Ἐπεὶ
1137 4511 1232 4564 καὶ
1291 4513 1554 4582 τετάρτου
1618 4511 1829 4585 βαθμοῦ

1939 4502 2451 4574 θίῐίηειηήοηοῑυε
2480 4531 2625 4582 sum,
2657 4516 2868 4572 sororis
2913 4527 3048 4570 mea;
3093 4511 3307 4577 virum;
3357 4510 3516 4581 cujus

253 4595 591 4665 εὑρίσκεται,
617 4601 714 4654 καὶ
748 4601 1088 4673 μακρύνεται
1132 4603 1329 4674 μικρὸν
1359 4605 1456 4658 καὶ
1486 4608 1586 4675 τῆς
1632 4607 1831 4660 οἱκειόυ

254 4702 408 4757 τητος
436 4691 532 4743 τοῦ
565 4692 731 4763 μέσου
773 4695 984 4760 γένους.
1023 4694 1099 4749 Τὸ
1151 4695 1260 4767 γάρ
1325 4697 1462 4766 πρὸς
1505 4698 1638 4752 αὐτὸ
1665 4717 1834 4771 προσ·

255 4780 389 4849 εχῶς
407 4786 817 4855 συναπτόμενον
842 4787 1154 4858 πρόσωπον,
1191 4790 1224 4858 ἡ
1249 4788 1450 4860 ἀδελφή
1478 4791 1578 4860 μού
1626 4791 1782 4846 ἐστιν
1810 4807 1828 4824 ⁶

257 4872 365 4940 ἐγὼ
391 4876 448 4929 δὲ
502 4878 567 4932 ἐκ
592 4876 845 4946 πλαγίου,
875 4877 971 4932 καὶ
1001 4880 1197 4951 μικρὸν
1221 4881 1476 4952 ἀποτέρω
1505 4881 1601 4936 τοῦ
1638 4882 1828 4954 μέσου.

258 4965 423 5022 Πάλιν
476 4971 574 5025 ἐπὶ
602 4973 670 5043 τῇ
702 4971 934 5042 θυγατρὶ
964 4971 1184 5040 ἐγένετό
1214 4990 1302 5043 μοι
1330 4972 1600 5044 γαμϐρός.
1627 4974 1831 5029 Τούτου

257 5057 352 5129 τὴν
381 5064 510 5116 ποτὲ
538 5064 638 5135 μὲν
660 5062 880 5137 νύμφην
910 5063 997 5118 ἐπ’
1031 5065 1254 5136 ἀδελφῷ
1285 5065 1474 5119 λαϐεῖν
1503 5083 1573 5136 με
1606 5067 1692 5131 είς
1731 5085 1832 5137 γυ-

259 5153 418 5205 ναῖκα
443 5155 504 5208 οὐ
554 5155 732 5226 θέμις,
767 5155 844 5220 ὡς
903 5156 1189 5227 πῳσεχῶς
1237 5158 1653 5227 συναπτομένην
1688 5159 1828 5232 πρὸς

260 5242 318 5296 τὸ
347 5245 510 5314 μέσον
535 5247 691 5316 γένος
713 5265 730 5282 ο
760 5247 861 5321 τὴν
882 5248 941 5302 δὲ
965 5249 1135 5321 αὐτῆς
1183 5249 1416 5323 [λαϐεῖν]
1440 5250 1696 5321 ἀδελφὴν,
1731 5253 1832 5308 οὐκ

262 5334 516 5404 ἀθέμιτον
541 5356 555 5370 ·
621 5339 758 5395 ἀλλὰ
805 5341 902 5395 καὶ
951 5341 1198 5414 γαμϐρὸς
1253 5343 1350 5396 καὶ
1405 5344 1836 5414 γυναικάδελφος

263 5430 624 5498 χηρεύσαντες
649 5431 800 5489 θείαν
822 5433 919 5488 καὶ
941 5433 1167 5505 ἀνεψιὰν
1215 5435 1466 5508 οὐδαμῶς
1519 5436 1834 5508 λαμϐάνου-

335 5617 351 5648 ¹
389 5617 729 5685 λογίσασθαι.
840 5625 866 5656 ²
895 5624 1110 5696 ἐκείνης
1138 5624 1396 5698 ἀδελφήν.
1423 5626 1624 5697 Δύτήν.

1939 4610 2210 4674 fratriam,
2262 4609 2420 4665 fratri
2469 4609 2684 4666 scilicet
2730 4609 2902 4678 ipsius
2935 4605 3211 4676 quondam
3264 4613 3515 4674 nuptam,

1941 4717 2164 4758 uxorem
2201 4701 2318 4772 ipse
2365 4701 2534 4770 duco,
2576 4702 2715 4755 citra
2762 4699 3210 4769 prohibitionem.
3245 4696 3515 4762 Quoniam

1939 4801 1993 4847 et
2039 4791 2220 4861 quarti
2278 4791 2485 4862 gradus
2530 4805 2653 4845 esse
2696 4788 3145 4859 deprehenditur,
3193 4794 3248 4842 et
3299 4785 3516 4856 longius

1943 4883 2224 4953 aliquanto
2257 4889 2576 4937 removetur
2602 4895 2632 4935 a
2665 4879 3080 4935 necessitudine
3101 4878 3322 4956 generis.
3350 4880 3511 4931 inter-

1943 4973 2126 5030 medii.
2153 4972 2284 5040 Qua:
2313 4973 2458 5028 enim
2502 4985 2736 5043 persona
2767 4985 2936 5042 prepe
2961 4985 3087 5026 cum
3130 4969 3250 5041 ipso
3280 4968 3518 5040 conjun-

1941 5066 2112 5138 gitur,
2143 5078 2301 5121 soror
2324 5078 2444 5120 mea
2475 5071 2560 5119 est
2596 5078 2609 5116 :
2645 5062 2762 5134 ipse
2783 5076 2913 5117 vero
2934 5076 3054 5117 sum
3087 5075 3152 5116 ex
3178 5071 3516 5121 transverso,

1941 5171 1996 5218 et
2029 5160 2190 5232 paulo
2220 5158 2482 5214 remotior
2513 5157 2581 5212 ab
2621 5154 2946 5212 intermedia
2980 5169 3234 5224 persona.
3273 5151 3514 5206 Rursum

1943 5262 2138 5310 nactus
2182 5267 2302 5307 sum
2343 5264 2626 5322 generum,
2664 5249 2920 5304 maritum
2963 5247 3085 5301 lilia:
3130 5259 3144 5298 :
3187 5242 3349 5312 cujus
3400 5241 3514 5294 fra-

1945 5346 2131 5407 triam.
2177 5349 2404 5414 nuptam
2440 5341 2652 5398 scilicet
2687 5340 2968 5412 quondam
3001 5337 3122 5408 ejus
3155 5333 3336 5397 fratri,
3382 5331 3514 5385 mihi

1947 5437 2164 5509 quidem
2210 5447 2320 5490 non
2369 5432 2452 5490 fas
2485 5440 2572 5489 est
2610 5446 2837 5489 uxorem
2867 5429 3090 5495 ducere,
3133 5423 3300 5482 veluti
3347 5436 3516 5494 prope

1549 5532 1784 5590 VARIAS
1816 5531 2224 5592 LECTIONES.

1707 5629 1752 5659 ¹⁶
1785 5627 1998 5680 ἔλαϐον.
2203 5650 2210 5659 ο

1765 5735 1996 5791 NOTAE.

338 5824 446 5895 (7‘5)
476 5831 510 5882 ι.
545 5829 625 5884 15.
657 5831 716 5885 D.
739 5829 812 5886 De
844 5833 932 5888 rit.
960 5849 1109 5900 nupt.
