3990 6570
434 318 582 386 1239

1745 320 1883 381 JUS
1915 280 2360 380 CANONICUM

3564 312 3717 376 1210

432 440 784 511 conjunctam
839 439 1165 498 lntermedio
1239 441 1455 514 generi;
1520 456 1767 497 sororem
1834 451 2014 495 tamen

2132 455 2225 491 σιν.
2258 430 2332 491 Οὒ
2364 436 2421 489 δὲ
2456 433 2846 505 τετελεύτηκεν
2897 452 2930 506 η
2977 432 3130 503 γυνὴ,
3184 432 3480 502 λαμϐάνειν
3527 433 3719 500 τούτῳ

429 531 549 598 ejus
600 530 747 585 licite
791 529 955 586 duco.
997 527 1141 597 Quin
1181 531 1344 586 etiam
1375 547 1543 603 gener
1577 543 1630 587 et
1667 532 1858 588 uxoris
1898 530 2011 586 fra-

429 632 535 688 ter,
567 622 613 676 si
648 621 792 677 vidui
818 620 949 677 facti
980 623 1112 689 sint,
1148 624 1374 679 amitani
1398 632 1452 680 et
1493 625 1676 679 fratris
1699 624 1817 693 ejus
1849 626 2012 680 tiliam

431 727 780 783 nequaquam
838 711 1066 767 ducunt.
1121 712 1290 782 Cujus
1353 726 1537 767 autem
1604 713 1863 769 defuncta
1932 725 2018 767 est

430 819 591 872 uxor,
643 804 693 860 ei
750 804 1106 875 permittitur,
1158 813 1219 859 ut
1251 816 1477 858 utmrem
1516 805 1683 859 ducat
1719 805 2015 874 congeneri

422 887 520 952 ‘vel
547 895 791 953 coamnis
825 897 910 953 sui
944 912 1189 952 sororem
1222 905 1418 966 :atque
1450 897 1612 952 etiam
1647 896 1812 951 filiam
1835 898 2014 953 sobri-

350 1010 357 1017 ·
434 1002 521 1042 na:
569 986 772 1058 prioris
825 988 1038 1053 uxoris,
1091 988 1195 1041 hoc
1236 996 1343 1053 est,
1398 988 1785 1042 consobrinam
1821 1003 2017 1043 socrus

422 1093 570 1157 suae.
595 1079 796 1135 Verum
836 1077 1001 1133 filiam
1040 1078 1389 1133 consobrina:
1416 1080 1614 1148 prioris
1635 1080 1888 1149 conjugis
1915 1080 2019 1135 du-

435 1185 560 1228 cere
587 1172 928 1243 prohibetur.
955 1171 1204 1227 Fratrem
1236 1180 1291 1227 et
1322 1188 1568 1229 sororem
1596 1188 1785 1228 earum
1819 1173 2019 1229 mulie-

432 1278 578 1331 rum,
613 1278 737 1334 quae
781 1262 1001 1319 duobus
1050 1264 1315 1321 fratribus
1355 1275 1536 1335 nupta:
1577 1275 1727 1330 sunt,
1776 1265 1918 1321 inter
1960 1281 2020 1322 se

434 1354 683 1425 capulari
721 1354 802 1409 fas
832 1366 937 1410 est.
962 1354 1248 1410 Sententia
1280 1370 1413 1411 vero
1453 1357 1783 1427 patriarchae
1816 1356 2019 1412 Leonis

435 1445 623 1519 Stypa:
661 1446 936 1511 concedit,
979 1457 1039 1503 ut
1070 1464 1238 1517 gener
1272 1456 1327 1503 et
1358 1449 1549 1507 uxoris
1593 1448 1762 1505 frater
1800 1465 2021 1506 sorores

433 1539 574 1595 duas
628 1540 854 1605 ducant,
893 1557 1018 1596 cum
1080 1542 1283 1614 gradus
1342 1545 1568 1613 quintus
1624 1546 2018 1600 constituatur.

433 1631 579 1688 ldent
621 1633 926 1700 decretum,
962 1649 1028 1690 ac
1061 1646 1325 1705 prmterea
1356 1636 1637 1693 decretum
1664 1638 1883 1693 Arsenii
1919 1654 2020 1711 pa-

2122 532 2333 598 ὲφεῖται
2360 528 2457 599 τὴν
2486 526 2579 580 τοῦ
2608 526 2967 597 συγγάμϐρου
3014 524 3185 590 αὐτοῦ
3236 524 3493 593 ἀδελφήν.
3537 524 3716 577 ’Δλλὰ

2121 621 2187 692 δὴ
2221 621 2314 673 καὶ
2338 620 2436 690 τὴν
2463 618 2739 688 θυγατέρα
2774 620 2869 688 τῆς
2892 617 3283 687 δισεξαδέλφης
3348 619 3448 685 τῆς
3505 615 3717 685 προτέ-

2125 732 2224 785 ρας
2254 713 2417 767 αὑτοῦ
2452 712 2736 781 γυναικὸς,
2792 712 2911 782 ἦτοι
2972 710 3070 780 τὴν
3121 710 3577 780 πρωτεξαδέλφην
3606 711 3718 779 τῆς

2122 809 2389 879 πενθερᾶς
2422 807 2609 862 αὑτοῦ.
2644 804 2964 859 Κεκώλυται
2997 804 3051 856 δὲ
3082 805 3265 857 λαϐεῖν
3290 803 3388 874 τὴν
3430 803 3719 871 θυγατέρι

2121 904 2218 973 τῆς
2280 900 2505 973 πρώτης
2528 899 2826 969 ὲξαδέλφης
2864 900 2961 969 τῆς
2994 899 3266 969 προτέρας
3293 894 3458 949 αὐτοῦ
3510 911 3719 963 γυναιο

2121 995 2238 1057 κός.
2286 994 2390 1046 Δύο
2414 991 2471 1044 δὲ
2493 990 2739 1059 ἀδελφῶν
2768 988 3191 1059 γυναικάδελφον
3215 988 3309 1040 καὶ
3351 983 3722 1052 γυναικαδέλ-

2122 1104 2230 1157 φην
2284 1082 2651 1138 συνάπτεσθαι
2733 1082 2976 1153 θεμιτόν.
3043 1080 3117 1132 Τὸ
3178 1077 3234 1130 δὲ
3304 1076 3565 1145 ψήφισμα
3613 1072 3718 1128 τοῦ

2123 1178 2465 1248 πατριάρχου
2494 1176 2721 1236 Λέοντος
2746 1172 2839 1227 τοῦ
2875 1170 3084 1240 Στυπῆ,
3115 1170 3301 1239 ἐφίησι
3342 1168 3527 1219 λαϐεῖν
3561 1182 3723 1234 γαμ-

2124 1269 2256 1342 ϐρὸν
2286 1268 2379 1321 καὶ
2410 1265 2841 1336 γυναικάδελφον
2886 1264 2980 1317 δύο
3045 1261 3299 1331 ἀδελφὰς,
3332 1254 3418 1313 οἷα
3444 1259 3717 1328 πέμπτου

2124 1359 2417 1429 γινομένου
2447 1355 2681 1428 βαθμοῦ.
2712 1356 2787 1410 Τὸ
2820 1355 2876 1409 δὲ
2907 1353 3038 1407 αὐτὸ
3065 1353 3349 1422 ψήφισμα,
3384 1349 3466 1402 ἔτι
3508 1347 3567 1401 δὲ
3617 1348 3722 1400 καὶ

2120 1452 2186 1506 τὸ
2218 1450 2313 1505 τοῦ
2349 1449 2690 1521 πατριάρχου
2736 1446 3037 1516 Ἀρσενίου,
3083 1444 3179 1497 δύο
3209 1441 3474 1509 ἀδελφοὺς
3491 1440 3722 1508 νύμφην

2124 1540 2311 1596 λαϐεῖν
2347 1540 2441 1594 καὶ
2469 1536 2859 1609 ἀνδραδέλφην,
2902 1535 3180 1589 ἀκώλυτον
3226 1529 3365 1585 εἶναι
3411 1529 3723 1599 κρίνουσιν.

2138 1634 2197 1688 Ὀ
2224 1634 2369 1697 θεῖος
2397 1633 2494 1687 καὶ
2535 1628 2787 1702 γαμϐρὸς
2826 1627 3137 1699 ἔπ’άνεψιᾷ
3195 1623 3411 1695 πρώτῃ,
3453 1622 3550 1675 δύο
3610 1620 3724 1673 λα-

435 1724 711 1789 ιτίετοιεω,
760 1732 1016 1780 statuunt
1060 1725 1287 1782 minime
1326 1726 1664 1797 prohibitum
1704 1743 1851 1793 esse,
1886 1743 2024 1799 quo—

2132 1725 2240 1780 δεῖν
2268 1725 2504 1795 ἀδελφάς
2535 1724 2597 1777 ού
2644 1722 2968 1788 κωλύονται,
3024 1721 3074 1772 εί
3141 1718 3235 1773 καὶ
3294 1716 3454 1778 ἕκτος
3498 1713 3721 1783 γίνεται

435 1814 622 1871 minus
655 1816 765 1871 duo
791 1816 989 1872 lratres
1013 1817 1215 1872 ducant
1243 1833 1441 1874 nurum
1469 1836 1534 1875 ac
1564 1837 1809 1878 sororem
1842 1823 2023 1878 mariti

438 1905 584 1973 ejus.
621 1905 860 1962 Patruus
894 1915 947 1963 et
988 1909 1223 1964 maritus
1259 1908 1393 1981 filiae,
1416 1910 1607 1966 fratris
1634 1913 1774 1980 ejus,
1805 1929 2026 1970 sorores

437 1997 580 2053 duas
604 1996 808 2052 ducere
834 2012 942 2051 non
977 1998 1341 2067 prohibentur
1379 2014 1394 2050 :
1434 2000 1560 2055 licet
1592 2001 1799 2071 gradus
1831 2013 2026 2058 sextus

432 2088 829 2143 constituatur.
882 2088 1198 2155 Quinetiam
1253 2105 1419 2161 gener
1475 2099 1532 2147 et
1585 2091 1756 2146 frater
1811 2093 2023 2161 uxoris,

436 2177 578 2231 duas
637 2176 1006 2233 consobrinas
1047 2176 1252 2232 ducere
1296 2193 1405 2232 non
1456 2178 1837 2249 prohibentur,
1900 2181 2027 2237 licet

435 2269 640 2340 gradus
669 2270 938 2341 septimus
969 2278 1235 2342 emergat.
1261 2266 1544 2327 Michaelis
1576 2283 1757 2328 autem
1785 2272 2026 2343 patriar-

435 2359 558 2416 cha:
582 2361 853 2417 sententia
879 2362 1170 2433 permittit,
1198 2372 1255 2417 ut
1281 2361 1512 2418 Joannis
1540 2362 1675 2430 ﬁlia,
1700 2373 1755 2421 et
1781 2365 2027 2437 ejusdem

439 2453 634 2509 uxoris
672 2469 737 2509 ex
768 2452 937 2509 fratre
980 2453 1184 2523 neptis,
1222 2453 1487 2511 fratribus
1531 2454 1744 2512 duobus
1772 2458 2030 2527 copulen-

437 2553 553 2601 tur.
610 2544 867 2602 Nonnulli
916 2552 1097 2602 tamen
1152 2547 1403 2618 quaedam
1454 2564 1516 2605 ex
1574 2550 1831 2607 indicatis
1878 2552 2031 2608 hisce

440 2636 816 2691 matrimoniis
874 2635 1066 2691 illicita
1117 2639 1547 2707 pronuntiarunt
1597 2657 1612 2693 :
1669 2642 1925 2698 videlicet
1970 2652 2030 2698 ut

440 2743 716 2798 congener
744 2728 1007 2800 deinceps
1037 2744 1286 2786 sororem
1322 2730 1444 2801 ejus
1472 2732 1661 2796 ducat,
1692 2734 1786 2804 qui
1827 2751 2029 2805 conge-

439 2835 544 2876 ner
577 2821 753 2890 ipsius
781 2820 947 2877 fuerit
975 2839 989 2877 :
1018 2837 1083 2877 ac
1116 2831 1378 2893 praeterea
1403 2824 1575 2879 frater
1605 2828 1793 2881 uxoris
1821 2836 1880 2882 ut
1909 2844 2030 2884 eam

440 2910 630 2977 ducat,
662 2928 785 2982 quae
817 2914 1003 2983 generi
1033 2914 1122 2970 sui
1187 2913 1414 2970 fratrem
1454 2916 1511 2972 in
1543 2918 1897 2974 matrimonio
1938 2922 2037 2973 ha-

441 3002 571 3061 beat
606 3021 622 3060 ε
653 3006 801 3062 sicut
831 3005 968 3061 illud
996 3009 1186 3072 etiam,
1212 3009 1358 3079 quod
1381 3009 1699 3080 episcopum
1731 3011 2030 3068 Thessalo-

2132 1816 2362 1889 βαθμός.
2408 1814 2573 1870 Ἀλλὰ
2635 1816 2730 1869 καὶ
2784 1813 3035 1884 γαμϐρὸς
3092 1810 3188 1864 καὶ
3252 1805 3721 1877 γυναικάδελφος,

2126 1910 2220 1965 δύο
2242 1910 2467 1981 πρώτας
2497 1908 2795 1976 ὲξαδέλφας
2822 1906 3008 1959 λαϐεῖν
3053 1904 3115 1958 ού
3170 1901 3496 1964 κωλύονται,
3546 1900 3598 1953 ei
3622 1901 3727 1951 καὶ

2127 1999 2356 2071 ἕϐδομος
2381 2000 2589 2068 γίνεται
2621 1997 2850 2069 βαθμός.
2918 1997 2992 2051 Τὸ
3047 1996 3102 2049 δὲ
3157 1994 3417 2065 ψήφισμα
3465 1993 3560 2045 τοῦ
3610 2007 3725 2044 πα-

2126 2094 2390 2164 τριάρχου
2411 2092 2653 2163 Μιχαὴλ,
2680 2092 2779 2159 τὴν
2808 2090 3105 2161 θυγατέρα,
3126 2089 3219 2143 τοῦ
3241 2089 3492 2142 Ἰωάννου
3523 2087 3722 2154 τυχὸν,

2127 2188 2225 2242 καὶ
2243 2187 2342 2258 τὴν
2362 2186 2591 2259 ᾲνεψιάν
2613 2186 2713 2254 τῆς
2745 2184 3009 2253 γυναικὸς
3031 2181 3220 2244 αὑτοῦ,
3274 2181 3428 2235 δυσὶν
3461 2179 3725 2245 ἀδελφοῖς

2129 2277 2417 2349 ἐπιτρέπει
2451 2276 2837 2347 συζευχθῆναι.
2896 2274 3161 2345 Ἀθέμιτα
3198 2271 3384 2343 μέντοι
3425 2270 3533 2322 τῶν
3562 2271 3728 2339 είρη-

2132 2371 2309 2442 μένων
2346 2370 2463 2423 ένια
2490 2368 2633 2432 τινὲς
2691 2367 3051 2438 ἐψηφίσαντο.
3120 2364 3194 2418 Τό
3251 2382 3312 2418 τε
3377 2362 3564 2415 λαϐεῖν
3621 2362 3723 2413 τὸν

2132 2460 2602 2533 σύγγραρονδτὴν
2629 2459 2866 2531 ἀδελφὴν
2899 2458 3123 2529 ὕστερον
3180 2456 3275 2509 τοῦ
3344 2454 3724 2523 συγγάμϐροιι

2131 2552 2324 2609 αὐτοῦ.
2382 2552 2503 2606 Ἐτι
2558 2551 2613 2605 δὲ
2675 2551 2772 2605 καὶ
2826 2550 2917 2603 τὸν
2962 2547 3409 2617 γυναικάδελφον,
3461 2546 3561 2614 τὴν
3625 2542 3724 2596 ἐπ’

2132 2644 2346 2716 ἀδελφῷ
2380 2643 2596 2714 νύμφην
2625 2641 2720 2697 τοῦ
2749 2641 2879 2696 ἰδίου
2906 2641 3071 2695 αὐτοῦ
3102 2638 3380 2709 γαμϐροῦ.
3409 2637 3624 2705 Ὥσπερ
3651 2635 3726 2706 δὴ

2133 2738 2231 2795 καὶ
2272 2738 2467 2801 έκεῖνο,
2527 2734 2664 2805 ὅπερ
2707 2734 2799 2787 τὸν
2848 2732 3099 2803 Χοῦμνον
3152 2728 3557 2798 Θεσσαλονίκης
3606 2725 3729 2796 ίδίῳ

2135 2830 2345 2902 ἔφημεν
2376 2829 2537 2883 λύσαι
2580 2828 2916 2902 ψηφίσματι,
2957 2826 3040 2891 τὸ,
3074 2825 3288 2895 πατέρα
3330 2824 3429 2876 καὶ
3479 2821 3597 2873 υἱὸν
3628 2820 3729 2871 λα-

2136 2922 2250 2976 ϐεῖν
2284 2922 2487 2993 μικρὰν
2514 2920 2664 2977 θείαν
2703 2920 2797 2973 καὶ
2847 2916 3096 2988 ἀνεψιάν.
3153 2913 3292 2985 Φησὶ
3315 2914 3425 2982 γὰρ
3464 2911 3494 2964 6
3525 2909 3723 2980 νόμος.

2136 3014 2229 3069 Ἐν
2254 3016 2368 3077 τοῖς
2396 3015 2598 3082 γάμοις
2643 3011 2704 3065 ού
2742 3012 2903 3080 μόνον
2927 3010 2991 3064 τὸ
3034 3006 3534 3079 ἐπιτετραμμένον,
3583 3003 3728 3058 ἀλλὰ

441 3096 583 3152 nica:
618 3098 928 3154 Cbumnum
952 3098 1225 3155 sententia
1243 3114 1345 3157 sua
1378 3100 1610 3157 solvisse
1646 3100 1927 3170 diximus;
1961 3104 2027 3159 vi-

2143 3105 2237 3158 καὶ
2269 3104 2327 3156 τὸ
2359 3104 2637 3173 εὐπρεπὲς
2676 3100 2973 3171 ζητοῦμεν.

443 3194 646 3251 άοῖἰεει
679 3202 737 3248 ut
761 3203 916 3265 pater
936 3202 993 3250 et
1017 3194 1163 3250 filius
1182 3194 1386 3251 ducant
1431 3198 1655 3252 amitam
1696 3200 1959 3254 minorem
1989 3209 2044 3255 et
2083 3198 2270 3255 fratris
2304 3198 2425 3267 ejus
2474 3199 2664 3255 ﬁliam.
2706 3198 2920 3268 Quippe
2956 3195 3091 3266 legis
3119 3195 3281 3251 verba
3322 3201 3451 3250 sunt
3470 3190 3607 3262 (75).
3662 3186 3733 3246 In

442 3289 653 3360 nuptiis
685 3302 794 3343 non
842 3289 1023 3344 solum
1053 3288 1185 3359 quid
1213 3289 1544 3360 permissum
1585 3292 1678 3357 sit,
1706 3291 2129 3349 consideramus
2158 3309 2173 3350 :
2204 3291 2302 3349 sed
2335 3301 2389 3348 et
2420 3292 2547 3362 quid
2577 3291 2649 3348 sit
2680 3291 2999 3346 honestum.

872 3380 930 3407 "“
1030 3382 1108 3437 De
1163 3384 1467 3454 adoptione.

521 3473 589 3528 Et
617 3472 733 3528 hac
757 3472 979 3541 quidem
1005 3482 1088 3528 est
1120 3475 1265 3529 ratio
1303 3477 1781 3535 matrimoniorum
1830 3496 1895 3535 ex
1944 3480 2039 3535 tri-

445 3566 556 3623 bus
588 3565 830 3621 diversis
883 3564 1131 3621 familiis.
1172 3566 1442 3622 Caeterum
1476 3570 1793 3641 adoptionis
1843 3573 2035 3638 etiam,

449 3674 574 3731 qua
591 3657 965 3716 successionis
987 3672 1158 3714 causa
1187 3658 1264 3723 fit,
1298 3662 1525 3730 perinde
1541 3665 1807 3719 rationem
1831 3665 2040 3721 haben-

450 3752 601 3816 dam,
631 3751 704 3806 'ut
734 3751 1272 3822 consanguinitatis;
1307 3769 1404 3824 per
1454 3769 1646 3810 sacros
1689 3771 1948 3823 canones,
1981 3765 2040 3813 et.

450 3842 739 3913 religiosas
767 3846 915 3915 leges
948 3843 1128 3900 edocti
1163 3859 1358 3900 sumus
1386 3861 1399 3897 :
1442 3845 1608 3916 idque
1638 3856 1753 3902 tum
1786 3861 2041 3920 respeCtu

451 3934 719 4004 graduum
755 3934 1270 3999 matrimonialium,
1298 3944 1413 3992 tum
1451 3938 1717 3993 adeundae
1755 3949 2040 4008 parentum

452 4023 803 4080 hereditatis.
849 4022 1008 4093 Legis
1047 4025 1194 4080 enim
1232 4026 1349 4083 haec
1375 4028 1539 4083 verba
1564 4029 1829 4101 sunt(76)
1869 4047 1884 4084 :
1917 4029 2040 4087 Non

450 4126 680 4183 possum
716 4114 801 4167 vel
852 4115 1099 4177 amitam.
1135 4115 1217 4170 vel
1262 4125 1641 4184 materteram,
1674 4135 1899 4176 uxorem
1937 4122 2042 4176 du-

452 4219 615 4269 cere,
659 4204 790 4260 licet
830 4220 926 4275 per
977 4206 1328 4277 adoptionem
1372 4209 1509 4264 mihi
1550 4221 1862 4279 conjuncta:
1901 4215 2034 4280 sint,

2646 3384 2788 3453 Περὶ
2838 3383 3169 3449 υἱοθεσίας.

2212 3479 2323 3533 Καὶ
2345 3476 2489 3533 οὕτω
2526 3476 2626 3548 μὲν
2665 3476 2734 3530 τὰ
2758 3477 2824 3530 ὲκ
2854 3474 3183 3546 τριγενείας.
3216 3472 3329 3543 Τήν
3356 3488 3423 3538 γε
3457 3468 3566 3541 μὴν
3603 3467 3730 3521 δια-

2138 3572 2300 3643 δοχῆς
2346 3572 2512 3625 ἒνεκα
2566 3569 2857 3640 γινομένην
2935 3565 3209 3622 υἱοθεσίαν
3252 3561 3730 3633 παραφυλάττειν,

2140 3666 2282 3721 καθά
2312 3663 2378 3736 δὴ
2430 3664 2527 3718 καὶ
2549 3663 2651 3735 τὴν
2700 3661 2763 3726 ἐξ
2787 3661 3052 3731 αἵματος,
3108 3657 3245 3729 πρὸς
3277 3655 3386 3709 τῶν
3433 3654 3595 3726 ίερῶν
3637 3668 3735 3707 κα·

2139 3757 2307 3812 νόνων
2336 3755 2433 3811 καὶ
2461 3753 2797 3825 φιλευσεϐὦν
2829 3752 3037 3821 δεδιδάγ
3051 3750 3189 3822 μεθα
3220 3749 3430 3819 νόμων·
3483 3744 3631 3800 κατά
3672 3760 3732 3798 τε

2139 3849 2266 3912 τοὺς
2295 3847 2567 3918 γαμικοὺς
2590 3843 2801 3916 δηλαδὴ
2835 3842 3100 3914 βαθμοὺς.
3145 3841 3239 3895 καὶ
3296 3837 3396 3909 τὴν
3457 3837 3568 3889 τῶν
3630 3851 3730 3902 γο-

2140 3940 2276 3995 νέων
2305 3936 2695 4010 κληρονομίαν.
2726 3937 2864 4006 Φησὶ
2888 3934 2998 4005 γὰρ
3026 3935 3055 3988 6
3098 3933 3263 4003 νόμος
3299 3947 3313 3961 ·
3374 3929 3451 3982 Ού
3484 3925 3730 3994 δύναμαι

2138 4030 2239 4103 τὴν
2271 4030 2409 4101 πρὸς
2450 4028 2721 4099 πατρὸςῆ
2767 4027 2973 4098 μητρὸς
3032 4024 3184 4078 θείαν
3250 4023 3441 4077 λαϐεῖν
3490 4023 3574 4086 είς
3632 4036 3730 4090 γυ-

2140 4125 2411 4187 ναῖκα,ιί
2466 4122 2562 4176 καὶ⁵
2618 4121 2727 4174 εἰσὶ
2784 4120 2974 4175 θεταί·
3018 4118 3205 4190 ἐπειδὴ
3257 4116 3511 4189 μητέρων
3572 4115 3735 4180 τάξιν

2144 4218 2403 4289 ἔχουσιν·
2463 4215 2589 4287 ἥτις
2643 4215 2825 4284 τυχὸν,
2885 4212 2965 4284 τῷ
3021 4211 3231 4282 πάππῳ
3277 4210 3379 4282 μὲν
3411 4209 3731 4279 υἱοθετήθη,

452 4300 655 4370 quippe
685 4309 925 4354 matrum
964 4300 1141 4356 vicem
1183 4301 1458 4368 obtinent,
1491 4317 1617 4358 cum
1649 4303 1721 4361 ab
1754 4320 1857 4361 avo
1883 4306 2027 4360 scili-

2143 4310 2382 4380 ἀδελφῆς
2403 4325 2464 4362 τε
2497 4308 2663 4362 τόπον
2715 4307 2903 4376 ἐπεῖχε
2955 4304 3091 4376 πρὸς
3150 4304 3243 4356 τὸν
3294 4302 3533 4373 πατέρα,
3586 4300 3728 4370 πρὸς

453 4399 544 4447 cet
569 4391 842 4463 adoptatte
876 4394 1011 4456 sint,
1047 4402 1103 4449 et
1131 4395 1277 4464 patri
1311 4410 1433 4451 meo
1467 4411 1723 4453 sororum
1765 4398 1888 4454 loco
1912 4397 2027 4453 fue-

2144 4405 2245 4474 ὲμὶ
2289 4402 2348 4456 δὲ
2408 4399 2577 4464 θείας.
2648 4396 2784 4453 Οὔτε
2850 4397 2880 4450 6
2907 4396 3059 4458 θετὸς
3087 4394 3271 4467 πατὴρ
3295 4395 3394 4464 τὴν
3429 4394 3527 4446 τοῦ
3563 4391 3724 4445 θετοῦ

452 4484 588 4553 rint,
620 4486 754 4541 mihi
799 4485 1094 4542 amitarum
1130 4494 1186 4540 et
1222 4496 1672 4544 materterarum.
1705 4487 1818 4545 Nec
1859 4498 2027 4560 pater.

2144 4494 2262 4549 υἱοῦ
2298 4492 2578 4563 θυγατέρα
2603 4490 2636 4561 ἢ
2667 4490 2767 4561 τὴν
2798 4489 3051 4558 ὲγγόνην.
3080 4484 3202 4540 οὔτε
3234 4488 3262 4539 6
3302 4485 3459 4547 θετὸς
3486 4485 3604 4549 υίὸς
3626 4487 3728 4553 τὴν

454 4580 552 4654 qui
594 4579 764 4635 filium
807 4576 1243 4649 adoptavit(77),
1290 4578 1385 4634 filii
1427 4580 1669 4651 adoptivi
1712 4582 1904 4648 filiam,
1956 4583 2027 4637 vel

2142 4584 2238 4640 τοῦ
2272 4584 2428 4639 θετοῦ
2455 4582 2663 4654 πατρὸς
2702 4580 2972 4651 γαμετὴν,
3014 4578 3046 4649 ἢ
3123 4577 3222 4647 τὴν
3275 4578 3511 4648 μητέρα,
3551 4576 3583 4645 ἢ
3633 4576 3732 4645 τὴν

454 4678 676 4739 neptem
726 4669 928 4724 ducere
981 4675 1163 4739 potest
1191 4685 1207 4724 :
1235 4684 1339 4725 nec
1388 4670 1532 4726 ﬁlius
1573 4671 1882 4742 adoptivus,
1939 4673 2027 4729 ad-

2145 4676 2379 4747 ἀδελφὴν
2411 4675 2602 4745 αὐτῆς.
2635 4672 2668 4744 ἢ
2700 4672 2800 4744 τὴν
2830 4670 2939 4725 άπὸ
2994 4668 3110 4723 υἱοῦ
3172 4670 3428 4738 έγγόνην.
3484 4667 3612 4720 Ἐάν
3673 4667 3730 4719 δὲ

459 4759 636 4833 optivi
663 4761 836 4831 patris
863 4775 1119 4828 uxorem,
1151 4762 1236 4819 vel
1258 4766 1615 4829 matrem,vel
1643 4780 1891 4823 sororem
1921 4782 2027 4821 ma-

2144 4770 2174 4824 6
2219 4769 2545 4837 ἐπίτροπος,
2592 4765 2627 4836 ἢ
2689 4765 2718 4818 6
2765 4763 3058 4833 λεγόμενος
3094 4761 3388 4832 κουράτωρ
3416 4759 3728 4828 υίοθετῆσαι

457 4855 587 4921 tris,
635 4854 719 4909 vel
770 4866 988 4926 neptem
1034 4871 1101 4912 ex
1144 4856 1257 4913 filio
1276 4856 1413 4927 (78).
1449 4857 1603 4924 Quod
1645 4860 1690 4915 si
1732 4867 1900 4927 tutor,
1953 4862 2027 4916 vel

2150 4859 2386 4932 βουληθῇ
2434 4857 2527 4911 τὸν
2559 4856 2732 4926 ἄνδρα
2760 4855 2859 4925 τῆς
2901 4852 3413 4922 ὲπιτροπευομένης
3445 4852 3478 4923 ἢ
3528 4868 3729 4921 κουρα-

456 4946 551 5014 qui
584 4956 805 5000 curator
830 4946 1032 5012 fuerit,
1058 4947 1323 5019 adoptare
1352 4950 1583 5005 voluerit
1609 4953 1865 5007 maritum
1896 4954 2027 5023 ejus1

2146 4948 2595 5022 τορευομένης,ῆ
2632 4947 2723 5001 τὸν
2771 4945 2979 5017 πατέρα
3050 4945 3239 5015 αὐτῆς,
3274 4946 3308 5015 ὴ
3341 4944 3493 5007 θέσις
3529 4942 3726 5014 άκυρὸς

458 5038 623 5107 cujus
655 5038 881 5093 tutelam
927 5040 1012 5095 vel
1044 5056 1235 5097 curant
1279 5043 1441 5111 gerit,
1475 5043 1628 5098 irrita
1679 5046 1900 5115 quidem
1951 5054 2027 5102 est

2143 5048 2311 5111 ἐστιν,
2343 5044 2403 5097 οὐ
2448 5041 2555 5114 μὴν
2613 5042 2642 5095 6
2702 5040 2879 5109 γάμος
2937 5037 3144 5093 λύεται.
3175 5036 3383 5091 Δύεται
3430 5037 3512 5099 δὲ,
3565 5036 3726 5108 ἡνίκα

459 5129 701 5200 adoptio,
732 5144 842 5185 non
878 5144 1059 5185 tamen
1092 5133 1298 5203 nuptiae
1328 5135 1769 5207 solvuntur(79).
1798 5137 2027 5192 Solvun-

2140 5152 2224 5201 τις
2252 5137 2344 5190 τὸν
2377 5134 2506 5188 ἴδιον
2541 5131 2791 5204 γαμϐρὸν
2852 5130 3248 5201 εἰσποιήσαιτο.
3293 5127 3357 5182 Ἦ
3403 5127 3462 5182 δὲ
3504 5125 3581 5181 κδ’
3630 5127 3722 5181 τοῦ

461 5229 554 5276 tur
582 5232 787 5289 autem,
830 5238 955 5279 cum
990 5224 1113 5293 quis
1141 5239 1400 5295 generum
1436 5243 1596 5282 suum
1643 5228 2027 5299 adoptaret-it:

2150 5227 2417 5298 βασιλέως
2461 5225 2690 5289 Λέοντος
2750 5221 2845 5277 τοῦ
2909 5221 3105 5293 Σοφοῦ,
3168 5220 3383 5292 Νεαρὰ,
3442 5219 3727 5275 κωλύουσα

1748 5365 1979 5423 νΑΒΙΑΞ
2016 5366 2423 5425 LECTIONES.

564 5454 587 5487 ³
619 5454 991 5526 σύγγαμϐρον.
1981 5546 2191 5605 NOTAE

536 5642 648 5711 (75)
671 5641 711 5713 1,.
726 5640 817 5713 ιῖτ
835 5641 899 5713 D.
920 5639 992 5693 De
1009 5639 1101 5713 rit.
1122 5647 1272 5713 nttpl:
1298 5638 1332 5692 l.
1352 5635 1584 5713 _Sem_per.
1607 5637 1668 5696 Ι).
1694 5639 1767 5696 De
1785 5658 1891 5713 reg.
1915 5643 2022 5710 iur.
2139 5629 2267 5698 eod:

546 5708 647 5777 ‘76)
683 5712 721 5766 Ι.
757 5712 842 5765 17.
878 5710 906 5780 ἦ
948 5711 1204 5764 Αηιὶεαηι.
1246 5709 1304 5763 D.
1334 5708 1399 5761 de
1423 5710 1515 5762 rit.
1550 5720 1701 5779 nupt.
1840 5708 1859 5713 ’
1915 5708 1922 5710 ⁷
2207 5713 2323 5781 (78)
2362 5713 2399 5767 Ι.
2426 5715 2637 5778 penult.
2676 5714 2704 5785 ᾗ
2735 5711 2839 5767 Sed
2871 5724 2921 5768 el
2951 5713 3018 5769 εἰ.
3049 5714 3109 5767 D.
3136 5714 3260 5768 eod.

531 5718 652 5845 $77)
682 5782 717 5835 Ι.
754 5781 840 5835 55,
892 5782 951 5835 υ.
986 5781 1200 5837 eodem.
1240 5780 1276 5834 Ι.
1332 5779 1417 5835 17.
1468 5779 1527 5835 D.
1582 5782 1702 5837 eod.
1755 5792 1808 5837 et
1858 5783 1896 5837 l.
1960 5783 2021 5839 ιι
2205 5782 2317 5845 (79)
2348 5782 2374 5845 ἐ
2407 5784 2511 5840 Sed
2540 5787 2581 5842 si
2611 5794 2686 5839 tu.
2727 5784 2857 5840 Inst.
2905 5786 2967 5838 de
3000 5793 3174 5845 ηυντ..
3210 5786 3260 5840 ul

559 5781 652 5846 77)
682 5782 717 5835 Ι.
754 5781 840 5835 55,
885 5779 951 5835 υ.
986 5781 1200 5837 eodem.
1240 5780 1276 5834 Ι.
1332 5779 1417 5835 17.
1468 5779 1527 5835 D.
1582 5782 1702 5837 eod.
1755 5792 1808 5837 et
1858 5783 1896 5837 l.
1960 5783 2021 5839 ιι
2205 5779 2317 5855 (79)
2348 5782 2374 5855 ᾗ
2407 5784 2511 5840 Sed
2540 5787 2581 5842 si
2611 5779 2700 5839 tu:
2727 5784 2857 5840 Inst.
2905 5786 2967 5838 de
3000 5793 3174 5855 nupt,
3210 5785 3303 5840 ubi
3353 5782 3637 5855 Thenphil.
