3990 6600
268 378 393 446 ιειι

1543 382 2254 446 ῦΗςίΕΟΟίΒΟΜΑΝΗΜ.

3380 384 3521 449 12ίὲ

262 496 381 558 τοὺς
437 490 885 563 εἰσποιουμένους
941 493 1075 563 πρὸς
1122 491 1369 565 γαμικὴν
1422 494 1641 564 ὁμιλίαν
1700 511 1827 548 συν..

1938 493 2206 550 Caeterum
2228 492 2450 550 Novella
2478 507 2642 548 vxxtv
2665 492 2932 564 principis
2952 492 3173 558 Leonis,
3197 497 3522 566 mgnomine

264 584 524 641 ἅπτεσθαι
547 587 662 648 τοῖς
707 584 801 637 τοῦ
832 584 1290 654 εἰσποιησαμένου
1342 586 1552 650 παισὶν,
1586 586 1781 655 ἐπάγει
1809 602 1824 615 ·

263 678 417 733 una
436 676 603 730 πάλαι
644 678 745 746 μὲν
792 676 867 747 μὴ
893 678 1036 730 κατὰ
1073 676 1252 747 λόγον,
1303 678 1399 731 νῦν
1424 679 1482 732 δὲ
1545 682 1692 733 κατὰ
1734 679 1829 733 τὸν

263 771 535 842 πρέποντα
562 768 766 837 θεσμὸν
790 770 886 823 καὶ
932 769 1141 823 δίκαιον
1185 773 1287 840 τῆς
1357 769 1635 834 υἱοθεσίας
1679 788 1827 839 γινο-

266 863 448 934 μένης,
500 863 594 916 καὶ
629 862 717 917 διὰ
746 863 971 934 τελετῆς
996 865 1172 932 ἱερᾶς,
1220 863 1329 917 τῶν
1380 865 1480 933 μὲν
1512 864 1592 926 είς
1623 862 1831 929 γονέων

260 955 405 1018 τάξιν
440 953 875 1025 καθισταμένων,
926 956 1037 1010 τῶν
1065 957 1123 1010 δὲ
1153 958 1234 1017 είς
1283 956 1382 1028 τὴν
1432 957 1542 1009 τῶν
1597 955 1828 1019 παίδων.

263 1045 437 1099 οὐκέτι
472 1046 844 1115 περιλείπεται
897 1048 1055 1117 λόγος
1092 1050 1172 1113 είς
1219 1049 1402 1119 γάμον
1459 1048 1829 1103 συνάπτεσθαι

262 1140 369 1200 τοῖς
403 1138 546 1191 κατὰ
598 1138 762 1207 φύσιν
815 1140 909 1193 τοῦ
963 1142 1425 1213 είσποιησαμένου
1494 1141 1652 1195 παισὶ
1704 1142 1832 1205 τοὺς

263 1229 600 1300 εἰσποιητοὺς
629 1230 844 1293 παῖδας.
884 1232 1019 1302 μηδὲ
1075 1232 1137 1286 τὸ
1201 1232 1331 1299 τῶνΔ
1360 1232 1604 1303 ἀδελφῶν
1660 1231 1829 1299 ὄνομα

261 1318 389 1388 πρὸς
422 1320 485 1374 τὸ
511 1321 612 1390 τῆς
657 1324 920 1391 συζυγίας
963 1324 1431 1394 μεθαρμόζεσθαι,
1499 1324 1641 1378 ὥστε
1681 1340 1829 1394 γαμ-

260 1407 415 1477 ὅροῦς
449 1410 572 1465 ἀντὶ
598 1411 844 1482 ἀδελφῶν
895 1412 1202 1468 καλεῖσθαι.

536 1587 663 1640 Ὅτι
702 1589 1041 1645 υίοθετοῦσι
1084 1592 1187 1646 καί
1243 1589 1551 1660 εὐνοῦχοι.

276 1762 285 1769 ἦ
324 1674 428 1728 Τοῦ
453 1676 511 1730 δὲ
540 1678 705 1748 νόμου
743 1679 1022 1749 λέγοντος,
1072 1684 1158 1737 ὅτι
1194 1682 1401 1755 ήθέσις
1456 1683 1703 1753 μιμεῖται
1732 1684 1830 1755 τὴν

257 1766 433 1836 φύσιν,
489 1772 583 1823 καὶ
633 1770 721 1824 διὰ
776 1772 935 1827 τοῦτο
995 1774 1299 1839 κωλύοντος
1354 1774 1479 1837 τοὺς
1541 1774 1831 1846 εὐνούχους

1931 584 2230 655 Sapientis,
2285 601 2406 640 cum
2441 585 2710 654 prohibet,
2754 600 2824 640 ne
2864 585 2959 656 qui
2998 586 3351 656 adoptantur,
3393 604 3518 642 rum

1930 677 2119 733 liberis
2140 676 2285 745 ejus,
2317 678 2410 747 qui
2429 678 2735 748 adoptavit,
2767 678 3124 732 matrimonio
3149 680 3478 749 copulentur
3498 722 3515 745 ,

1931 769 2044 824 haec
2078 769 2318 837 subjicit.
2355 770 2459 825 Sed
2493 770 2626 824 olim
2675 768 2896 839 quidem
2942 785 3053 824 non
3093 770 3393 825 secundum
3428 787 3519 824 ra-

1929 859 2155 925 tionem,
2197 875 2345 914 nunc
2382 875 2512 915 vero
2561 876 2686 914 cum
2728 858 2948 915 decenti
2972 868 3027 914 et
3061 858 3213 926 justa
3259 860 3379 930 lege
3422 862 3517 915 ﬁat

1929 950 2192 1022 adoptio;
2232 966 2505 1022 sacroque
2543 953 2648 1007 ritu
2700 952 2772 1005 illi
2825 961 3141 1023 parentum.
3181 951 3234 1005 hi
3280 952 3515 1006 ﬁliorqu

1931 1045 1984 1099 in
2015 1046 2194 1098 locum
2232 1044 2776 1116 constituantur(80)
2812 1063 2826 1099 :
2866 1059 2974 1099 non
3010 1044 3248 1114 amplius
3282 1044 3390 1097 ulla
3431 1059 3519 1098 re-

1929 1135 2076 1205 liqua
2110 1135 2247 1189 ratio
2285 1143 2394 1201 est,
2437 1150 2544 1202 qua
2575 1135 2671 1190 tilii
2713 1135 2957 1205 adoptivi
2999 1151 3122 1190 cum
3172 1135 3518 1190 naturalibus

1928 1226 2120 1282 liberis
2176 1226 2334 1295 ejus,
2379 1227 2472 1296 qui
2521 1228 2781 1297 adoptat,
2843 1226 3193 1280 matrimonio
3248 1228 3516 1296 cupuleu.

1929 1327 2016 1374 tur
2039 1318 2150 1388 (8i)
2201 1335 2215 1372 :
2272 1334 2372 1373 nec
2418 1328 2472 1372 ut
2526 1318 2761 1373 fratrum
2823 1330 3047 1383 nomen,
3099 1334 3224 1372 cum
3291 1321 3518 1372 nomine

1930 1411 2171 1482 conjugii
2215 1410 2297 1465 sic
2335 1418 2727 1478 counnutetur,
2770 1420 2831 1465 ut
2871 1412 3105 1465 fratrum
3153 1412 3276 1466 ioco
3324 1413 3516 1483 generi

1929 1516 2217 1561 vocentur.

2308 1596 2489 1651 Etiam
2531 1595 2814 1652 Eunuchos
2852 1596 3129 1664 adamare.

1999 1689 2134 1744 Cum
2155 1696 2338 1744 autem
2370 1688 2456 1745 lex
2488 1687 2637 1742 dicat
2660 1688 2898 1759 (ΒΞ-85),
2938 1688 3285 1757 ad0ptionem
3309 1686 3516 1743 imitari

1932 1792 2182 1836 naturam
2201 1820 2219 1845 ,
2253 1780 2487 1850 ideoque
2510 1781 2817 1850 prohibeat,
2853 1796 2921 1836 ne
2947 1782 3058 1852 (8i)
3086 1797 3247 1851 quem
3270 1782 3515 1837 eunuchi

255 1861 512 1915 εἰσποιεῖν
560 1880 709 1927 τινα,
763 1866 857 1918 καὶ
897 1865 1042 1937 ἔχειν
1079 1869 1246 1922 αὐτὸν
1276 1866 1622 1934 ὑπεξούσιον,
1657 1869 1689 1939 ἡ
1751 1868 1826 1933 κς⁹

1938 1875 2209 1937 adoptant,
2248 1881 2304 1925 ut
2332 1887 2521 1927 eorum
2559 1873 2614 1926 in
2648 1879 2919 1942 potestate
2944 1873 3018 1929 sit
3048 1888 3061 1925 :
3094 1872 3341 1942 ejusdem
3368 1873 3517 1942 prin-

255 1952 435 2023 Νεαρά
460 1954 554 2007 τοῦ
586 1955 749 2009 αὐτοῦ
797 1955 1060 2026 βασιλέως
1103 1958 1360 2013 ἐθέσπισε
1381 1997 1397 2024 ,
1433 1957 1525 2010 καὶ
1554 1957 1711 2011 τοῦτο
1739 1959 1826 2028 γί-

255 2042 435 2097 νεσθαι
478 2044 797 2109 ἀκωλύτως.

554 2136 674 2190 Ὀτι
710 2141 1049 2195 υίοθετοῦσι
1105 2141 1201 2194 καὶ
1226 2141 1529 2212 παρθένοι.

331 2225 395 2279 Ἥ
419 2226 474 2281 δὲ
528 2229 750 2298 εἰκοστὴ
806 2230 1010 2301 ἑϐδόμη
1072 2233 1166 2286 καὶ
1212 2236 1330 2293 ταῖς
1375 2233 1665 2305 παρθένοις
1713 2234 1829 2286 είσ-

255 2319 425 2370 ποιεῖν
446 2317 656 2383 δίδωσι,
685 2321 779 2373 καὶ
825 2323 956 2385 τοὺς
1009 2323 1430 2392 είσποιηθέντας
1475 2324 1831 2390 ὑπεξουσίους

254 2404 702 2475 ἧαΰτεξουσίους,
733 2410 916 2465 δίκαια
944 2412 1308 2484 κληρονομίας
1334 2415 1480 2486 ἔχειν
1505 2417 1592 2491 ἐπ’
1613 2417 1825 2481 αὐταῖς.

255 2497 358 2551 Καὶ
385 2501 456 2571 μὴ
483 2501 694 2557 δεῖσθαι
751 2503 1032 2575 βασιλικοῦ
1046 2507 1464 2578 ἐπιτάγματος,
1504 2511 1541 2582 ἦ
1578 2511 1830 2583 πράξεως

253 2587 543 2647 δικαστῶν.

255 2682 385 2749 Περὶ
424 2681 540 2752 τῆς
576 2684 695 2739 ἀπὸ
727 2686 833 2742 τοῦ
852 2688 1027 2757 ἁγίου
1042 2689 1465 2759 βαπτίσματος
1496 2688 1823 2756 ἀναδοχῆς.

333 2772 395 2824 Ἢ
427 2772 483 2826 δὲ
526 2775 636 2830 άπὸ
666 2777 761 2830 τοῦ
782 2777 940 2845 ἁγίου
993 2778 1369 2848 βαπτίσματος
1395 2779 1521 2834 κατ’
1563 2778 1828 2849 άναδοχὴν

255 2863 505 2934 γινομένη
534 2866 796 2933 υἱοθεσία,
830 2870 931 2924 οὐκ
969 2872 1051 2934 είς
1093 2871 1461 2944 κληρονομίαν
1495 2871 1825 2943 εἰσέρχεται,

256 2954 366 3009 ἀλλ’
394 2957 473 3019 είς
498 2958 628 3021 τοὺς
656 2961 929 3028 γαμικοὺς
964 2962 1178 3030 μόνους,
1237 2961 1313 3025 ὡς
1351 2963 1590 3034 είρηται,
1649 2962 1830 3032 ζητεί-

255 3065 342 3101 ται
372 3046 639 3118 βαθμούς.
682 3052 818 3120 Φησὶ
846 3052 955 3121 γὰρ
985 3055 1013 3107 ό
1044 3055 1413 3124 πεντηκοστὸς
1439 3055 1621 3127 τρίτος
1648 3053 1830 3108 κανὼν

255 3139 350 3210 τῆς
393 3136 562 3211 ἒκτης
597 3142 815 3196 συνόδου
846 3160 859 3173 ο
906 3145 1122 3215 Ἐπειδὴ
1185 3145 1389 3216 μείζων
1413 3148 1560 3200 ἐστὶν
1605 3148 1637 3216 ἡ
1686 3145 1828 3200 κατά

256 3230 467 3300 πνεῦμα
497 3233 770 3302 οἰκειότης
793 3235 892 3304 τῆς
922 3235 1029 3288 τῶν
1055 3237 1329 3305 σωμάτων
1361 3240 1675 3308 συναφείας,
1703 3240 1829 3305 τοὺς

257 3319 316 3374 ἐκ
341 3321 436 3376 τοῦ
463 3323 627 3390 ἁγίου
658 3324 754 3378 καὶ
803 3326 1178 3396 σωτηριώδους
1222 3329 1600 3400 βαπτίσματος
1633 3333 1832 3396 παῖδας

256 3412 702 3485 ἀναδεχομένους,
723 3417 816 3469 καὶ
840 3419 978 3488 μετά
1007 3419 1165 3473 τοῦτο
1187 3425 1306 3484 ταῖς
1336 3423 1561 3478 ἐκείνων
1593 3424 1832 3495 μητράσι

259 3504 622 3575 χηρευούσαις
648 3508 902 3577 γαμικῶς
936 3513 1398 3581 συναπτομὲνους,
1422 3514 1677 3586 ὁρίζομεν
1731 3518 1835 3585 ἀφ-

260 3594 505 3652 ίστασθαι
549 3599 648 3668 μὲν
677 3599 771 3653 τοῦ
814 3600 1054 3656 τοιούτου
1094 3607 1468 3659 συνοικεσίουσ
1516 3606 1707 3661 ἔπειτα
1737 3611 1834 3663 καὶ

256 3690 364 3752 τοῖς
443 3691 557 3745 τῶν
604 3692 976 3763 πορνευόντων
1046 3696 1347 3769 ἐπιτιμίοις
1411 3698 1830 3757 ὑποϐάλλεσθαι.

265 3777 324 3834 '0
349 3781 457 3853 γὰρ
523 3782 599 3853 μὴ
654 3784 887 3856 ἑτοίμως
932 3786 1026 3840 τοῦ
1085 3788 1259 3842 κακοῦ
1306 3790 1693 3859 ἀφιστάμενος,
1739 3794 1834 3846 καὶ

256 3871 765 3946 ιξομολογούμενος,
828 3877 904 3942 ὡς
957 3880 1265 3951 ὲμομίκτης
1306 3880 1328 3912 ⁸
1363 3882 1610 3952 κρίνεται
1634 3924 1648 3937 .
1691 3884 1750 3936 '0
1774 3883 1833 3936 δὲ

211 4037 221 4048 .
255 3964 412 4036 νόμος
434 3967 605 4035 φησίν
637 3982 652 3998 θ
690 3968 748 4021 ’0
777 3968 961 4038 μέντοι
998 3970 1105 4023 ἀπὸ
1135 3971 1229 4025 τοῦ
1262 3973 1419 4040 ἁγίου
1461 3974 1835 4047 βαπτίσματος

256 4057 376 4110 τινὰ
410 4056 734 4125 δεξάμενος,
762 4058 823 4111 οὐ
857 4058 1077 4114 δύναται
1107 4062 1277 4133 αὐτὴν
1311 4061 1541 4136 ὕστερον
1565 4066 1700 4137 πρὸς
1731 4066 1830 4136 γά-

263 4162 358 4215 μον
380 4148 716 4216 ἀγαγέσθαι,
745 4149 823 4213 ὼς
850 4151 951 4223 ἤδη
982 4153 1284 4225 γενομένην
1324 4155 1490 4210 αὐτοῦ
1534 4157 1855 4229 θυγατέρα.-

258 4238 390 4294 om
417 4240 519 4314 τὴν
550 4241 755 4312 ταύτης
789 4243 1006 4313 μητέρα.
1039 4245 1071 4315 ἦ
1104 4246 1405 4319 θυγατέρα.
1446 4248 1590 4302 ’Δλλ⁹
1645 4249 1767 4303 οὐδὲ
1805 4250 1834 4302 ὁ

258 4332 368 4395 υίὸς
387 4334 580 4389 αὐτοῦ.
624 4335 778 4389 Ἐπεὶ
824 4336 979 4390 οὐδὲν
1033 4337 1162 4391 ἄλλο
1199 4340 1422 4394 δύναται
1497 4342 1674 4406 οὓτως
1720 4344 1835 4396 είσ-

259 4426 479 4489 αγαγείν
509 4424 780 4495 πατρικὴν
836 4426 1074 4481 διάθεσιν
1118 4430 1212 4481 καὶ
1256 4430 1468 4484 δικαίαν
1512 4432 1692 4503 γάμου
1723 4431 1836 4487 κώ-

1931 1966 2065 2031 cipis
2097 1963 2314 2018 Novella
2346 1980 2470 2018 xxvi
2496 1965 2718 2033 statuit,
2750 1974 2811 2020 ut
2837 1967 2939 2021 hoc
2965 1980 3186 2036 quoque
3215 1966 3352 2020 citra
3387 1982 3516 2036 pro-

1933 2056 2251 2111 hibitiunem
2286 2056 2451 2109 ullam
2490 2056 2604 2110 ﬁat.

2274 2146 2516 2218 Virgines
2555 2146 2716 2201 etiam
2755 2146 3013 2216 adoptare
3038 2147 3178 2217 (85).

2000 2239 2260 2309 Ejusdem
2324 2253 2473 2292 xxvu
2536 2239 2864 2294 constitutio
2922 2240 3232 2309 virginibus
3291 2253 3514 2309 quoque

1930 2337 2256 2400 poteStatem
2288 2328 2581 2398 ad0ptandi
2606 2329 2884 2392 concedit,
2919 2338 2976 2383 et
3011 2339 3070 2382 ut
3104 2329 3369 2398 adoptati,
3401 2336 3512 2381 tam

1930 2422 2024 2476 lilii
2078 2419 2336 2491 familias,
2383 2435 2552 2489 quam
2586 2419 2917 2490 emancipati
2962 2420 3273 2488 virginibus
3315 2434 3514 2475 succe-

1928 2514 2091 2571 dendi
2127 2513 2219 2582 jus
2249 2512 2526 2568 habeant:
2558 2527 2662 2567 nec
2690 2512 2758 2567 ad
2794 2512 2899 2568 hoc
2931 2512 3214 2583 indigeant
3243 2505 3517 2584 principis

1928 2604 2225 2675 rescripto,
2250 2604 2336 2657 vel
2376 2612 2502 2661 actu
2535 2603 2810 2671 judicum.

2169 2692 2249 2748 De
2284 2694 2611 2763 susceptione
2645 2709 2711 2748 ea:
2746 2710 2903 2749 sacro
2944 2693 3279 2762 baptismate.

1995 2781 2257 2855 Adoptio,
2294 2800 2415 2856 qme
2445 2784 2506 2838 iit
2544 2800 2642 2855 per
2690 2786 3098 2855 susceptionem
3129 2801 3194 2839 ex
3230 2800 3391 2840 sacro
3417 2785 3517 2840 ba-

1928 2870 2202 2939 ptismate,
2222 2889 2331 2930 non
2353 2874 2419 2928 ad
2440 2873 2810 2928 baereditatem
2838 2874 3142 2928 adeundam
3173 2889 3234 2928 se
3254 2874 3514 2944 porrigit,

1931 2964 2030 3020 sed
2082 2965 2351 3020 duntaxat
2416 2966 2471 3020 in
2535 2964 2802 3035 gradibus
2871 2965 3367 3027 matrimoniorum,
3413 2982 3517 3020 ceu

1931 3056 2139 3112 dictum
2189 3066 2299 3120 est,
2347 3065 2649 3126 spectatur.
2695 3056 2904 3125 Quippe
2946 3070 3125 3110 canon
3178 3072 3270 3110 un
3319 3056 3518 3127 synodi

1933 3158 2103 3206 sextae
2124 3148 2242 3203 ait:
2276 3148 2548 3214 Quoniam
2597 3147 2903 3217 spiritualis
2952 3147 3304 3202 necessitudo
3336 3146 3512 3215 major

1932 3250 2017 3297 est
2058 3240 2799 3309 conjunctione‘corpormn,
2843 3242 3161 3303 statuimus,
3212 3249 3269 3292 ut
3312 3242 3404 3308 qui
3448 3255 3519 3295 ex

1934 3348 2094 3389 sacro
2124 3341 2179 3387 et
2208 3331 2434 3386 salutari
2472 3332 2803 3400 baptismate
2852 3346 3053 3399 pueros
3093 3331 3427 3400 suscipiunt,
3462 3337 3520 3385 et

1936 3433 2118 3495 postea
2147 3432 2273 3478 Cum
2302 3422 2573 3477 matribus
2595 3436 2785 3477 eorum
2812 3422 2995 3476 viduis
3018 3421 3071 3474 in
3104 3421 3519 3475 matrimonium

1933 3524 2159 3582 coeunt,
2218 3517 2455 3586 primum
2526 3529 2556 3568 a
2610 3514 2704 3568 tali
2767 3513 3133 3568 contubernio
3186 3513 3518 3574 abstineant,

1934 3605 2132 3662 deinde
2184 3613 2553 3665 scortatorum
2606 3618 2829 3673 quoque
2893 3602 3072 3672 poenis
3134 3600 3519 3668 subjiciantur.

1936 3696 2146 3766 Quippe
2181 3694 2273 3764 qui
2306 3695 2376 3748 ab
2404 3693 2510 3748 hoc
2547 3694 2691 3747 malo
2722 3703 2972 3762 prompte
3003 3706 3112 3745 non
3137 3698 3312 3745 semet
3346 3689 3522 3745 absti—

1935 3797 2052 3853 net,
2072 3797 2125 3842 et
2156 3786 2448 3847 conﬁtetur
2481 3793 2742 3853 tanquam
2774 3783 3002 3837 incestis
3037 3784 3248 3850 nuptiis
3278 3782 3522 3852 pollutus

1936 3880 2248 3935 damnatur.
2269 3876 2430 3946 Legis
2454 3883 2636 3930 autem
2669 3876 2785 3929 haec
2814 3875 2976 3929 verba
3007 3881 3135 3929 sunt
3155 3872 3274 3944 (86)
3303 3888 3319 3927 :
3354 3872 3460 3936 Oui
3489 3887 3523 3927 e

1937 3984 2098 4025 sacro
2120 3968 2448 4036 baptismate
2472 3981 2636 4038 quam
2665 3967 2933 4035 suscepit,
2954 3980 3075 4019 eam
3105 3974 3297 4035 postea
3331 3966 3525 4018 matri-

1938 4060 2120 4114 monio
2157 4058 2262 4113 sibi
2306 4058 2538 4127 jungere
2584 4071 2691 4111 non
2731 4066 2934 4125 potest,
2972 4065 3160 4126 utpote
3194 4071 3315 4126 quae
3348 4056 3522 4124 ipsius

1940 4151 2048 4206 lilia
2108 4150 2249 4205 iacta
2294 4151 2386 4205 sit.
2427 4148 2541 4206 Nec
2588 4150 2718 4204 item
2761 4148 2987 4222 [ducere
3041 4146 3243 4218 potest]
3287 4154 3516 4200 matrem

1937 4244 2080 4313 ejus,
2125 4249 2218 4295 aut
2264 4241 2430 4296 tiliam
2467 4257 2480 4294 :
2521 4242 2634 4295 imo
2679 4256 2747 4295 ne
2792 4240 2968 4310 ipsius
2999 4238 3223 4309 quidem
3275 4238 3418 4293 [ilius
3466 4234 3523 4291 id

1942 4332 2120 4387 facere
2154 4339 2352 4401 potest.
2394 4329 2607 4400 Quippe
2652 4329 2801 4383 nulla
2853 4343 2941 4383 res
2967 4328 3074 4381 alia
3119 4331 3201 4383 sic
3233 4336 3522 4396 paternam

1937 4424 2281 4481 aliectionem
2358 4422 2618 4478 inducere
2659 4429 2859 4492 potest,
2890 4432 2943 4477 et
2969 4420 3176 4491 justam
3202 4419 3519 4487 nuptiarum

261 4509 427 4579 λυσιν,
456 4512 534 4574 ὥς
559 4514 590 4566 ό
617 4512 867 4585 τοιοῦτος,
890 4514 1108 4586 δεσμὸς,
1153 4516 1221 4571 δι’
1244 4512 1305 4573 οὗ
1354 4519 1492 4573 Θεοῦ
1527 4520 1831 4590 μεσιτεύον-

1940 4515 2390 4589 prohibitionem.
2429 4522 2486 4567 ut
2510 4512 2826 4582 hujusmodi
2859 4527 3052 4579 nexus,
3078 4525 3174 4581 per
3195 4524 3391 4580 quem,
3415 4508 3524 4564 Deo

258 4616 346 4664 τος
375 4604 397 4636 ⁵
447 4603 505 4657 αί
548 4602 721 4673 ψυχαὶ
755 4605 937 4658 αὐτῶν
996 4608 1380 4664 συνάπτονται.
1443 4609 1836 4680 ’ἰσχυρίζονται

259 4691 435 4745 τοίνυν
467 4692 637 4757 τινὲς,
662 4692 736 4755 ὡς
775 4694 897 4746 ἐπεὶ
934 4695 1042 4747 ἀπὸ
1078 4695 1172 4748 τοῦ
1202 4697 1426 4760 κανόνος
1454 4701 1546 4751 καὶ
1599 4700 1710 4752 ἀπὸ
1739 4699 1834 4752 τοῦ

258 4781 424 4852 νόμου
466 4783 674 4853 μείζων
706 4786 739 4854 ἡ
791 4786 1136 4857 πνευματικὴ
1192 4787 1293 4856 τῆς
1347 4788 1527 4859 σάρκα
1559 4791 1579 4822 ⁸
1635 4808 1837 4859 συγγε-

259 4874 406 4938 νείας
448 4876 719 4942 ὁρίζεται,
759 4875 959 4946 χρῆναι
1012 4878 1137 4939 τοὺς
1190 4878 1360 4950 ταύτῃ
1418 4881 1836 4951 συνδεδεμένους

260 4968 604 5035 παρατηρεῖν
650 4967 779 5030 τοὺς
818 4968 1233 5037 κεκωλυμένους
1288 4971 1529 5042 βαθμοὺς
1582 4972 1710 5044 ἄχρι
1738 4973 1835 5028 τοῦ

260 5053 508 5127 ἑϐδόμου,
537 5059 697 5122 ὅσους
735 5058 939 5130 δηλαδὴ
970 5061 1065 5114 καὶ
1095 5061 1176 5124 είς
1198 5062 1297 5132 τὴν
1323 5063 1447 5117 καθ’
1466 5066 1614 5135 ἡμᾶς
1647 5067 1668 5098 '
1706 5083 1840 5135 συγ-

1942 4607 2232 4670 mediaute,
2275 4604 2468 4659 animae
2491 4604 3069 4673 eorumjcopulantur.
3107 4599 3395 4656 Afﬁrmant
3423 4598 3527 4669 igi-

1943 4708 2030 4752 tur
2072 4699 2264 4766 aliqui,
2299 4696 2446 4762 quod
2490 4712 2614 4751 cum
2661 4707 2770 4749 tam
2807 4709 2874 4750 ex
2904 4709 3138 4760 canone,
3171 4707 3336 4762 quam
3383 4691 3523 4760 lege,

1941 4789 2116 4859 major
2139 4804 2261 4844 esse
2289 4789 2381 4842 illa
2420 4787 2744 4857 spiritualis,
2785 4799 2952 4854 quam
2988 4784 3234 4839 carnalis
3266 4781 3526 4852 cognatio

1943 4890 2252 4946 statuatur;
2302 4881 2597 4934 observare
2633 4878 2873 4932 debeant
2916 4876 3021 4931 hac
3067 4875 3309 4946 colligati
3347 4873 3529 4942 prohi-

1943 4974 2088 5028 bitos
2138 4973 2361 5043 gradus,
2427 4986 2602 5040 usque
2661 4969 2727 5023 ad
2783 4969 3077 5038 septimum
3121 4984 3138 5021 :
3188 4975 3271 5021 tot
3313 4965 3526 5022 scilicet

1948 5078 2202 5122 numero.
2234 5071 2368 5132 quot
2401 5066 2568 5118 etiam
2601 5061 2657 5116 in
2688 5060 3171 5131 consanguinitate
3197 5059 3407 5117 soleant
3425 5057 3526 5113 ob-

1557 5196 1792 5252 VARI/{3
1818 5198 2223 5258 LECTIONES.

334 5307 354 5339 δ
379 5307 738 5380 αίμομίκτης.

848 5310 870 5340 ⁸
900 5306 1249 5380 μεσάζοντος.
1322 5312 1343 5368 9
1371 5312 1471 5384 τῆς
1486 5313 1627 5368 κατὰ
1658 5315 1862 5386 σάρκα.

1969 5318 1991 5350 ⁷
2028 5315 2148 5370 καθ’
2177 5310 2338 5388 αἷμα.

1724 5447 1957 5507 NOTAE.

335 5535 447 5610 (80)
480 5535 784 5610 Abrogatio
818 5533 973 5610 l._i7.
1005 5533 1066 5610 D_.
1097 5536 1288 5610 de_rit.
1325 5549 1475 5607 uupt.

331 5604 506 5679 (8ης
545 5604 822 5679 Minorem.
857 5605 992 5679 inst.
1026 5604 1092 5679 de
1118 5606 1299 5679 adopt.
1341 5604 1406 5661 l.'
1438 5611 1526 5665 i5.
1590 5612 1652 5666 D.
1706 5613 1832 5671 eod.

266 5673 503 5732 lte'tn'l:
558 5676 804 5746 Adoptio.
853 5685 909 5730 et
961 5675 999 5744 ι,
1059 5673 1376 5745 Adrogatio.
1435 5689 1490 5734 et
1532 5681 1567 5736 l.
1626 5683 1718 5738 57.
1775 5683 1839 5738 D.

264 5748 602 5888 θοῗὲε-εεγξ
634 5815 739 5872 Sed
790 5823 839 5871 et
864 5814 1018 5871 illud.
1064 5817 1243 5875 lnstit.
1275 5817 1340 5873 de
1373 5817 1549 5889 adopt.

2019 5545 2180 5628 (84)}
2200 5544 2347 5601 Illud
2369 5543 2574 5604 D.eod.
2606 5555 2660 5601 et
2691 5544 2885 5599 horum
2920 5543 3203 5611 abrogatio
3225 5558 3288 5597 cx
3310 5543 3522 5601 novella

1945 5614 2177 5672 Leonis.

2016 5686 2129 5758 (85)
2155 5686 2453 5758 Abrogatio

2020 5756 2135 5829 (86)
2167 5759 2203 5812 ι.
2235 5756 2328 5815 26;
2361 5757 2421 5815 c.

2531 5684 2790 5740 Feminw.
2814 5683 2947 5739 Inst.
2968 5684 3031 5737 de
3054 5684 3236 5751 adopt.

2510 5773 2537 5812 e
2560 5764 2705 5823 ιιιιρι.
