3990 6594
431 346 574 415 1243
1725 346 1759 406 J
1767 345 1862 405 US
1893 291 2332 404 CANONICUM
3541 345 3684 412 1244

429 469 660 526 servari.
709 466 912 523 Verum
956 468 1204 539 pluribus
1253 468 1356 522 hoc
1413 465 1639 521 minimc
1679 465 1853 519 visum
1892 473 1998 524 est,

2105 460 2342 526 γένειαν.
2408 458 2533 520 Τοῖς
2581 457 2639 511 δὲ
2679 456 2887 511 πλείοσι
2921 456 3082 512 τοῦτο
3141 456 3242 514 ούκ
3285 457 3484 528 ἔδοξεν,
3543 463 3687 517 ἀλλὰ

429 563 525 616 sed
557 559 621 614 ad
651 574 748 614 eas
801 560 1087 626 duntaxat,
1116 573 1382 630 personas
1414 556 1842 629 prohibitionem
1880 571 2000 625 per-

2110 551 2249 621 μὸνα
2279 550 2352 603 τὰ
2406 549 2481 620 τῷ
2515 548 2735 622 ῥηθέντι
2764 549 2916 620 νόμῳ
2963 551 3329 620 περιεχόμενα
3368 552 3684 612 κωλύεσθαι

430 651 628 715 ιίιιιϊε,
659 665 781 718 qua:
810 651 954 705 dicta
990 651 1103 720 lege
1141 649 1549 705 contineantur.
1581 647 1852 704 Caeterum
1881 661 2000 718 gra-

2106 640 2400 711 πρόσωπα.
2431 640 2496 694 Ol
2533 639 2716 711 μέντοι
2741 640 2942 710 βαθμοὶ
2966 640 3078 694 τῶν
3102 640 3161 705 ἐξ
3187 643 3463 706 υἱοθεσίας
3496 648 3688 716 ἀμφο-

429 741 535 795 dus
574 742 864 810 utriusque
907 741 1241 810 adoptionis,
1283 741 1502 796 diverso
1535 755 1661 793 cum
1697 738 1805 792 illis
1843 737 2000 793 modo

2105 733 2299 802 τέρας.
2375 731 2793 804 ἐνηλλαγμένως
2841 733 3204 804 ἀριθμοῦνται
3244 737 3380 806 πρὸς
3417 741 3546 803 τοὺς
3586 741 3689 811 βα-

429 841 816 896 numerantur,
845 832 934 900 qui
965 843 1094 886 sunt
1139 833 1192 885 in
1231 814 1730 902 consanguinitate.
1763 827 1894 883 Nam
1925 828 1999 884 ibi

2107 821 2277 890 θμοὺς
2309 823 2416 877 τῶν
2465 823 2526 890 ἐξ
2571 823 2822 894 αἵματος.
2889 823 3038 877 Ἐκεῖ
3089 825 3190 892 μὲν
3237 827 3346 898 γὰρ
3405 831 3436 884 δ
3492 834 3687 902 πατὴρ

431 933 586 990 pater
612 941 736 994 erga
773 924 970 978 fratres
1003 925 1316 986 universos,
1351 924 1576 976 omnino
1616 921 1784 992 gradu
1826 921 2002 991 primo

431 1027 516 1071 est
571 1034 585 1071 :
628 1017 716 1072 hic
766 1011 894 1071 vero
932 1028 1084 1086 pater
1130 1019 1228 1071 iste
1269 1017 1574 1087 spiritualis
1622 1031 1748 1085 erga
1809 1016 1999 1081 lilium,

431 1125 589 1178 quem
623 1110 922 1179 adOptavit,
952 1109 1120 1179 gradu
1156 1119 1238 1162 est
1274 1110 1448 1179 primo
1480 1127 1492 1163 :
1524 1109 1618 1162 sed
1647 1123 1772 1176 erga
1803 1123 2000 1163 carna-

429 1194 533 1249 lem
575 1197 695 1263 ejus
726 1198 818 1250 ﬁlii
853 1208 1094 1266 patrem,
1136 1199 1400 1252 secundo.
1431 1198 1642 1267 Quippe
1678 1197 1846 1252 frater
1881 1197 2001 1267 ejus

428 1302 550 1340 esse
580 1289 804 1342 dicitur.
839 1289 976 1359 Erga
1020 1289 1217 1344 fratres
1251 1298 1432 1344 autem
1464 1305 1756 1360 germanos
1791 1290 1882 1344 lilii
1915 1291 1999 1344 sui

429 1380 753 1447 spiritualis,
783 1379 952 1450 gradu
997 1382 1158 1434 tertio
1199 1392 1477 1436 censetur.
1522 1381 1640 1436 Non
1685 1382 1831 1436 enim
1877 1383 2000 1436 illos

427 1486 645 1539 quoque
695 1472 836 1528 filios
874 1473 1080 1527 habuit.
1135 1471 1306 1528 Filius
1358 1486 1560 1538 autem,
1623 1489 1753 1543 erga
1804 1475 1998 1529 fratres

429 1578 559 1617 suos
592 1565 842 1619 carnales
872 1568 1042 1634 gradu
1090 1566 1331 1619 secniulo
1370 1576 1454 1620 est
1485 1581 1498 1618 :
1533 1574 1585 1618 et
1619 1581 1746 1637 erga
1790 1575 1996 1634 patrem

428 1669 587 1709 Suum
627 1659 928 1722 carnalem,
971 1659 1188 1728 primo;
1226 1659 1369 1712 sicut
1403 1659 1565 1712 etiam
1616 1675 1745 1729 erga
1789 1668 1996 1729 patrem

427 1747 790 1815 spiritualem.
825 1748 1032 1804 Idcirco
1062 1751 1186 1805 licet
1221 1751 1290 1814 ei,
1338 1753 1429 1822 qui
1464 1752 1574 1806 vult
1640 1767 1862 1805 uxorem
1905 1751 1999 1806 du-

427 1855 552 1893 cere
587 1841 884 1910 compatris
917 1843 1001 1896 sui
1035 1859 1301 1898 sororem.
1332 1845 1432 1910 Qui
1467 1861 1596 1900 vero
1632 1845 1799 1899 liliutn
1837 1861 1996 1901 suum

427 1945 494 1984 ex
533 1947 691 1986 sacro
723 1933 1048 2003 baptismate
1084 1936 1340 2005 suscipit,
1377 1937 1444 1989 ab
1489 1952 1658 1990 uxore
1702 1951 1800 1990 sua
1847 1951 2004 2007 sepa-

426 2031 602 2078 ratur.

499 2221 575 2274 De
608 2224 802 2292 nuptiis
841 2241 956 2291 qua:
994 2225 1333 2308 prohibentur
1373 2229 1531 2282 etiam
1567 2230 1703 2282 citra
1740 2245 1934 2299 cogna-

1110 2306 1321 2352 tionem.

507 2383 908 2456 Nonnunquam
941 2388 1105 2440 etiam
1135 2390 1272 2443 citra
1321 2391 1801 2445 necessitudinem
1833 2390 2000 2445 ullam

430 2477 800 2534 indicatarum
824 2481 1074 2535 omnium
1110 2485 1530 2552 cognationum,
1577 2485 2000 2540 matrimonium

430 2572 918 2642 prohibetur(87).
949 2574 1111 2628 Verbi
1175 2576 1372 2645 gratia,
1429 2577 1522 2646 qui
1562 2587 1855 2633 accusatus
1912 2585 2002 2632 est

431 2663 711 2729 adulterii,
753 2665 877 2718 licet
900 2665 1198 2722 manifesto
1231 2684 1337 2721 non
1375 2670 1448 2724 sit
1475 2671 1785 2734 convictus,
1812 2673 2002 2741 nequit

429 2769 547 2809 eam
581 2756 864 2810 mulierem
897 2773 1121 2812 uxorem
1185 2760 1406 2815 ducere.
1467 2759 1577 2815 Nec
1629 2762 1854 2818 libertus
1886 2764 2000 2834 (88)

431 2863 656 2902 uxorem
688 2851 901 2918 patroni
936 2851 1020 2905 sui
1051 2850 1221 2914 ducit,
1265 2862 1389 2921 post
1412 2853 1532 2920 ejus
1564 2863 1814 2911 mortem.
1858 2857 2001 2912 Prae-

431 2937 520 2993 bet
547 2941 692 2994 enim
728 2942 1123 3009 suspicionem,
1157 2944 1304 3012 quod
1331 2945 1495 2998 etiam
1547 2945 1642 3000 illo
1677 2948 1800 3001 vivo
1849 2964 2000 3005 com-

430 3031 644 3086 miserit
675 3034 728 3088 in
764 3049 882 3087 eam
919 3033 1272 3090 adulterium.
1304 3037 1412 3091 Nec
1437 3040 1714 3109 ωπον-(89)
1739 3042 1996 3109 pupillam

429 3121 584 3190 prius
613 3124 765 3177 ducit
801 3139 1050 3188 uxorem,
1079 3127 1162 3179 vel
1220 3127 1364 3183 illius
1419 3129 1559 3198 ejus,
1613 3147 1776 3201 quam
1828 3135 1997 3188 tutela
2027 3143 2072 3202 ο

430 3214 548 3268 sive
575 3215 787 3269 curatio
823 3216 1143 3285 perimatur.
1175 3217 1472 3274 Perimitur
1495 3232 1678 3276 autem
1715 3226 1996 3293 trigesimo

430 3318 596 3360 anno.
627 3305 840 3376 Quippe
863 3323 969 3361 xxv
996 3310 1124 3363 anni
1154 3319 1284 3363 sunt
1307 3312 1489 3366 artatis
1517 3312 1736 3378 adultae,
1760 3327 2000 3384 quatuor

437 3397 490 3450 in
532 3397 804 3467 integrum
872 3398 1261 3465 restitutionis,
1311 3413 1366 3456 et
1421 3403 1694 3474 principio
1730 3407 1996 3477 trigesimi

429 3487 612 3541 statim
649 3487 912 3559 obligatio
950 3491 1227 3543 curatoris
1271 3491 1596 3558 perimitur:
1641 3503 1699 3546 ut
1755 3505 1998 3564 potesta-

430 3586 539 3633 tem
569 3593 633 3633 ex
665 3595 732 3634 eo
765 3589 1007 3650 tempore
1065 3583 1264 3636 habeat
1298 3598 1422 3638 cum
1476 3599 1540 3639 ea
1580 3601 1640 3640 se
1683 3588 1998 3657 c0pulandi.

433 3669 596 3738 cujus
621 3678 705 3724 est
740 3678 996 3738 curator;
1035 3681 1196 3726 antea
1231 3689 1382 3740 vero,
1430 3690 1797 3746 nequaquam.
1831 3677 2001 3733 Mater

432 3771 614 3817 autem
660 3761 780 3828 ejus
816 3761 951 3833 (90),
1003 3762 1164 3833 cujus
1221 3766 1436 3835 negotia
1481 3776 1764 3838 geruntur,
1823 3778 2001 3839 potest

431 3861 560 3908 ante
585 3855 688 3907 hoc
713 3853 878 3907 etiam
911 3862 1127 3923 tempus
1158 3857 1397 3910 curatori
1433 3858 1554 3913 lilia:
1609 3874 1723 3914 suae
1768 3862 1996 3918 nubere.

430 3946 569 4010 Quia
604 3961 733 4000 vero
767 3945 1094 4014 simpliciter
1120 3945 1430 4011 domestici,
1485 3951 1577 4019 qui
1604 3960 1731 4006 sunt
1767 3953 1821 4006 in
1844 3962 1997 4023 pote-

429 4047 594 4098 state,
632 4037 759 4090 licet
790 4038 930 4091 servi
983 4053 1092 4090 non
1124 4037 1256 4103 sint,
1308 4054 1405 4094 nec
1434 4040 1726 4110 aliquando
1777 4043 1998 4109 fuerint,

430 4129 553 4182 loco
577 4128 901 4183 libertorum
943 4138 1109 4183 sunt:
1155 4145 1224 4184 ne
1249 4129 1301 4183 hi
1345 4132 1563 4200 quidem
1616 4142 1738 4202 post
1770 4143 2000 4190 mortem

429 4221 780 4276 dominorum
810 4236 1057 4285 suorum,
1125 4237 1324 4276 uxores
1377 4238 1568 4277 eorum
1621 4225 1819 4280 ducere
1870 4244 1999 4298 pos-

431 4319 584 4374 sunt,
608 4325 677 4366 ne
703 4311 1076 4381 suspicionem
1109 4312 1363 4367 adulterii
1397 4315 1677 4383 praebeant
1697 4317 1829 4386 (9i),
1855 4321 1998 4387 quod

431 4404 793 4471 prmeesscrit.
863 4402 976 4458 Nec
1035 4404 1313 4466 scenicus,
1370 4405 1474 4460 hoc
1527 4415 1630 4472 est,
1684 4410 1774 4478 qui
1830 4421 1998 4466 artem

2109 913 2246 985 πρὸς
2283 915 2492 978 πάντας
2541 915 2668 978 τοὺς
2711 915 2991 983 ἀδελφοὺς,
3049 915 3267 987 πρώτου
3321 919 3544 985 πάντως
3573 923 3685 975 ti:-

2111 1005 2270 1075 ἀρχει
2303 1005 2515 1076 βαθμοῦ
2537 1023 2550 1036 ·
2588 1005 2824 1062 ἐνταῦθα
2851 1008 2908 1061 δέ
2939 1010 2967 1061 ὁ
2996 1013 3364 1082 πνευματικὸς
3389 1006 3548 1078 οὗτος
3575 1033 3686 1069 πα-

2101 1097 2206 1169 τὴρ
2238 1097 2374 1170 πρὸς
2411 1099 2512 1168 μὲν
2538 1099 2632 1153 τὸν
2665 1099 2853 1164 παῖδα,
2900 1101 2962 1156 ὃν
3000 1104 3403 1174 εἰσεποιήσατο,
3458 1107 3684 1177 πρώτου

2102 1190 2222 1243 ἐστὶ
2294 1189 2544 1261 βαθμοῦ’
2619 1191 2759 1264 πρὸς
2783 1193 2840 1247 δὲ
2880 1194 2972 1247 τὸν
3038 1197 3297 1265 σαρκικδν
3351 1197 3449 1251 τοῦ
3490 1201 3685 1266 παιδὸς

2105 1282 2337 1353 πατέρα,
2383 1284 2662 1356 δευτέρου.
2713 1285 2968 1355 Ἀδελφδς
3009 1287 3118 1358 γὰρ
3168 1287 3334 1342 αὐτοῦ
3379 1290 3683 1358 λογίζεται.

2105 1375 2246 1444 Πρὸς
2303 1374 2361 1429 δὲ
2405 1377 2534 1441 τοὺς
2593 1377 2962 1448 αύταδέλφους
3013 1379 3110 1433 τοῦ
3154 1382 3527 1452 πνευματικοῦ
3563 1385 3684 1437 υἱοῦ

2103 1465 2292 1531 αὑτοῦ,
2341 1467 2548 1538 τρίτου.
2595 1469 2668 1522 Ού
2695 1469 2806 1541 γὰρ
2857 1470 3147 1533 κάκείνους
3197 1471 3356 1543 ἔσχεν
3401 1473 3577 1537 υἱούς.
3621 1477 3682 1530 '0

2104 1559 2217 1620 υίὸς
2255 1557 2313 1610 δὲ
2341 1559 2476 1630 πρὸς
2504 1560 2630 1624 τοὺς
2658 1562 2957 1632 σαρκικοὺς
2998 1561 3258 1631 ἀδελφοὺς
3289 1564 3478 1630 αὐτοῦ,
3503 1565 3687 1620 δευτέ-

2107 1668 2222 1723 ρου.
2257 1651 2368 1705 Καὶ
2399 1652 2534 1723 πρὸς
2555 1652 2643 1706 τὸν
2670 1653 2932 1723 σαρκικδν
2961 1654 3126 1707 αὐτοῦ
3158 1655 3389 1726 πατέρα,
3422 1655 3642 1726 πρώτου
3663 1674 3680 1688 ·

2102 1745 2292 1816 ῶσπερ
2323 1748 2416 1798 καὶ⁵
2445 1746 2580 1816 πρὸς
2611 1747 2702 1798 τὸν
2753 1747 3140 1817 πνευματικόν.
3195 1747 3293 1800 Διὰ
3314 1747 3476 1802 τοῦτο
3506 1747 3684 1813 ἔξεστι

2105 1836 2183 1908 τῷ
2241 1837 2550 1908 βουλομένῳ
2623 1837 2805 1892 λαϐεῖν
2855 1840 2935 1902 είς
2978 1841 3216 1905 γυναῖκα
3266 1839 3368 1909 τὴν
3409 1840 3506 1892 τοῦ
3560 1857 3687 1892 συν-

2103 1929 2294 1982 τέκνου
2323 1928 2488 1982 αὑτοῦ
2522 1928 2782 2000 ἀδελφήν.
2830 1930 2889 1984 Ὀ
2913 1930 2971 1982 δὲ
2999 1930 3094 1982 τὸν
3121 1930 3237 1982 υἱὸν
3255 1930 3424 1983 αὐτοῦ
3453 1931 3563 1983 ἀπὸ
3585 1930 3684 1984 τοῦ

2105 2023 2262 2090 ἁγίου
2305 2020 2680 2093 βαπτίσματος
2725 2023 3138 2094 ἀναδεχόμενος,
3165 2023 3265 2096 τῆς
3295 2022 3555 2093 γυναικὸς
3585 2024 3686 2078 αύ-

2104 2113 2196 2166 τοῦ
2227 2113 2634 2182 διαζεύγνυται.
2805 2121 2832 2148 τ’

2103 2225 2245 2294 Περὶ
2304 2225 2424 2280 τῶν
2448 2227 2924 2352 κεκωλυμένωῖ
2960 2227 3163 2300 γάμων
3192 2229 3292 2284 καὶ
3321 2229 3505 2299 χωρὶς
3526 2247 3682 2300 συγ-

2763 2313 2900 2352 τενε
2925 2315 3021 2352 ac.

2763 2313 3021 2368 τενειας.

2176 2387 2332 2441 Ἐστι
2367 2388 2412 2442 δ’
2444 2389 2533 2442 ὅτε
2560 2390 2658 2443 καὶ
2689 2391 2856 2461 χωρὶς
2900 2391 3224 2459 συγγενείας
3247 2390 3544 2445 ὁποιασοῦν
3573 2391 3684 2445 τῶν

2103 2478 2410 2550 εἰρημένων
2437 2479 2598 2533 πέντε
2618 2481 2640 2513 ⁹
2664 2479 3016 2548 συγγενειῶν,
3046 2481 3315 2536 κωλύεται
3343 2483 3407 2534 τὸ
3428 2482 3685 2536 συνάλλα-

2103 2586 2137 2636 γ
2146 2587 2240 2638 μα.
2263 2563 2410 2634 οἷον,
2431 2572 2459 2623 ὁ
2486 2571 2883 2641 κατηγορηθεὶς
2899 2571 3109 2642 μοιχὸς,
3123 2574 3171 2625 εί
3187 2573 3280 2626 καὶ
3299 2571 3376 2644 μὴ
3390 2573 3684 2644 προφανῶς

2103 2660 2384 2731 ἀπηλέχθη
2419 2661 2484 2724 ’⁸,
2529 2661 2590 2714 ού
2619 2661 2842 2714 δύναται
2872 2661 3077 2732 ταύτην
3097 2664 3174 2727 είς
3212 2665 3450 2732 γυναῖκα
3473 2663 3680 2717 λαϐεῖν.

2103 2752 2236 2805 Οὐδέ
2269 2751 2632 2824 ἀπελεύθερος
2660 2753 2756 2823 τὴν
2784 2755 3018 2822 γυναῖκα
3046 2753 3140 2807 τοῦ
3163 2755 3445 2825 πάτρωνος
3490 2755 3681 2816 αὐτοῦ,

2106 2845 2242 2913 μετὰ
2273 2844 2364 2897 τὸν
2407 2845 2621 2898 ἐκείνου
2654 2845 2901 2898 θάνατον.
2929 2845 3125 2898 Δίδωσι
3150 2845 3261 2916 γὰρ
3300 2845 3559 2916 ὑποψίαν,
3599 2847 3684 2898 ὅτι

2103 2938 2196 2990 καὶ
2233 2937 2435 3000 ζῶντος
2473 2937 2707 3004 ἐκείνου,
2761 2936 2968 3008 ταύτην
3015 2937 3286 3008 μοιχεύων
3331 2933 3424 3008 ἦν.
3473 2938 3610 2991 οὐδὲ
3652 2939 3686 2989 ὀ

2101 3029 2396 3101 ἐπίτροπος
2426 3031 2466 3062 ¹¹
2506 3030 2605 3101 τὴν
2634 3031 2898 3101 ὀρφανὴν,
2935 3030 2968 3101 ἢ
3007 3032 3036 3083 ὁ
3076 3031 3191 3094 υίὸς
3224 3029 3411 3096 αὐτοῦ,
3449 3031 3557 3102 πρὸ
3581 3029 3681 3083 τοῦ

2103 3122 2328 3192 λυθῆναι
2353 3122 2450 3194 τὴν
2501 3123 2824 3193 ἐπιτροπήν.
2875 3121 3076 3175 Λύεται
3112 3122 3169 3175 δὲ
3210 3123 3242 3193 ἡ
3276 3123 3550 3193 ἐπιτροπὴ
3587 3123 3682 3175 τὸν

2100 3216 2420 3285 τριακοστὸν
2456 3213 2668 3285 χρόνον.
2701 3213 2869 3267 Πέντε
2898 3214 3007 3283 γὰρ
3039 3213 3134 3266 καὶ
3162 3212 3333 3265 εἴκοσι
3354 3212 3537 3282 χρόνοι
3580 3210 3685 3281 τῆς

2101 3287 2518 3375 ἐνηλικιώσεως,
2561 3309 2654 3359 καὶ
2699 3305 2964 3375 τέσσαρες
3002 3306 3102 3376 τῆς
3153 3303 3679 3366 ἀποκαταστάσεως,

2102 3400 2195 3452 καὶ
2226 3400 2292 3469 τῇ
2325 3400 2463 3470 ἀρχῇ
2504 3398 2600 3452 τοῦ
2625 3397 2949 3468 τριακοστοῦ
2990 3398 3183 3468 χρόνου
3223 3397 3423 3452 αὐτίκα
3452 3398 3488 3468 ἡ
3522 3395 3684 3466 ἐνοχὴ

2101 3489 2194 3543 τοῦ
2221 3491 2520 3560 ἐπιτρόπου
2567 3489 2776 3543 λύεται.
2831 3490 2941 3542 Καὶ
2993 3488 3107 3560 ἔχει
3154 3489 3339 3543 ἄδειαν
3377 3487 3436 3554 ἐξ
3467 3487 3683 3540 ἐκείνου

2103 3583 2407 3652 συζυγῆναι
2463 3586 2532 3654 τῇ
2605 3581 3102 3654 ἐπιτροπευομένῃ.
3161 3579 3276 3652 Πρδ
3337 3580 3534 3634 τούτου
3585 3578 3682 3644 δέ,

2099 3675 2376 3746 οὐδαμῶς.
2447 3674 2514 3729 Ἦ
2567 3676 2626 3729 δὲ
2668 3675 2853 3746 μήτηρ
2884 3675 2988 3743 τῆς
3044 3671 3539 3744 ἐπιτροπευθείσης
3590 3670 3685 3725 δύο

2100 3783 2258 3822 ναται
2286 3769 2383 3822 καὶ
2417 3768 2523 3838 πρὸ
2568 3767 2758 3821 τούτου
2817 3764 2898 3835 τῷ
2943 3765 3224 3836 ἐπιτρόπῳ
3268 3764 3367 3835 τῆς
3409 3763 3687 3832 θυγατρὸς

2102 3858 2271 3930 αὐτῆς
2298 3859 2632 3929 γαμηθῆναι.
2680 3857 2833 3912 Ἐπεὶ
2882 3855 2940 3910 δὲ
2993 3854 3177 3919 ἅπλῶς
3214 3854 3307 3908 καὶ
3331 3855 3383 3908 οἱ
3414 3852 3689 3906 οίκειακοὶ

2103 3949 2427 4021 ὑποχείριοι,
2458 3950 2506 4002 εί
2543 3948 2639 4003 καὶ
2669 3948 2746 4018 μὴ
2775 3946 2951 4001 δοῦλοί
3000 3947 3140 4000 εἰσιν
3164 3945 3199 4017 ἢ
3237 3945 3488 4014 ἐγένοντό
3526 3960 3686 4006 ποτε,

2103 4043 2255 4106 τάξιν
2286 4041 2651 4111 ἀπελευθέρου
2681 4040 2920 4110 ἔχουσιν,
2947 4038 3067 4091 ούδὲ
3097 4032 3242 4092 οῦτοι
3277 4037 3416 4106 μετά
3449 4037 3686 4089 θάνατον

2103 4133 2212 4186 τῶν
2235 4133 2382 4186 ἰδίων
2402 4132 2702 4194 δεσποτῶν,
2730 4131 2829 4193 τὰς
2854 4129 3080 4183 ἐκείνων
3105 4127 3406 4198 λαμϐάνειν
3425 4127 3688 4180 δύνανται

2104 4223 2373 4294 γαμετὰς,
2410 4223 2498 4275 ἵνα
2536 4222 2610 4292 μὴ
2651 4220 2793 4274 δοῖεν
2833 4217 3214 4290 προλαϐούσης
3265 4217 3514 4286 μοιχείας
3551 4215 3688 4269 61:6-

2104 4335 2270 4372 νοιαν.
2297 4315 2432 4370 Ούδέ
2457 4317 2484 4368 ὁ
2517 4313 2794 4383 σκηνικὸς,
2826 4312 2946 4382 ἦτοι
2972 4311 3000 4363 ὁ
3026 4310 3284 4379 δημόσιος
3315 4307 3683 4377 παιγνιώτης,

2106 4411 2140 4482 ἦ
2187 4413 2215 4464 ὁ
2262 4409 2454 4463 τούτου
2515 4407 2651 4470 υίὸς,
2718 4403 3088 4475 συγκλητικοῦ
3129 4401 3405 4472 θυγατέρα
3456 4399 3685 4454 δύναται

430 4493 696 4548 ludicram
732 4493 947 4562 publice
989 4492 1140 4558 facit,
1172 4503 1266 4548 aut
1328 4495 1470 4550 (ilius
1525 4498 1670 4566 ejus,
1727 4505 2000 4559 senatoris

2105 4503 2310 4557 λαϐεῖν.
2345 4504 2483 4572 Φησὶ
2514 4502 2625 4570 γὰρ
2661 4500 2689 4552 ὁ
2725 4497 2910 4568 νόμος,
2961 4496 3045 4550 ὅτι
3083 4493 3175 4548 Ἐν
3220 4495 3333 4556 τοῖς
3366 4493 3567 4562 γάμοις
3619 4491 3684 4544 ού

432 4583 598 4637 filiam
625 4586 825 4638 ducere
856 4591 1055 4652 potest.
1090 4584 1248 4656 chis
1272 4587 1416 4640 enim
1459 4590 1624 4643 verba
1671 4601 1796 4645 sunt
1828 4593 1992 4663 (92):

2111 4599 2272 4668 μόνον
2319 4595 2379 4648 τὸ
2415 4590 2909 4663 ἐπιτετραμμένον,
2957 4587 3093 4644 ἀλλὰ
3145 4587 3240 4639 καὶ
3293 4585 3354 4637 τὸ
3406 4583 3686 4652 εὐπρεπὲς

429 4674 488 4729 In
525 4675 733 4744 nuptiis
762 4689 872 4729 non
904 4676 1080 4730 solum
1123 4679 1252 4748 quid
1288 4681 1616 4748 permissum
1680 4683 1771 4750 sit,
1804 4686 1898 4758 sed
1950 4696 2000 4744 et

2105 4689 2187 4742 δεῖ
2215 4689 2417 4759 ζητεῖν.
2461 4684 2585 4738 Ἐπὶ
2621 4685 2719 4754 μὲν
2750 4682 2858 4752 γὰρ
2895 4681 3003 4734 τῶν
3041 4679 3098 4746 ἐξ
3129 4677 3380 4748 αἵματος,
3429 4677 3525 4729 καὶ
3572 4675 3682 4727 τῶν

431 4765 564 4833 quid
595 4766 910 4833 honestum,
959 4768 1418 4824 considerandum
1454 4781 1554 4827 est.
1589 4772 1724 4828 Nam
1772 4775 1825 4830 in
1871 4792 2006 4834 con-

435 4856 831 4927 sanguinitate,
868 4865 923 4912 et
955 4861 1308 4930 susceptione
1347 4877 1415 4937 ex
1450 4876 1611 4918 sacro
1640 4864 1997 4936 baptismate,

433 4959 488 5005 ct
520 4949 837 5020 adoptione,
868 4951 1073 5023 gradus
1095 4953 1487 5008 considerandi
1523 4963 1677 5018 sunt,
1707 4966 1763 5011 et
1796 4962 1996 5015 matri-

2106 4779 2201 4834 τοῦ
2257 4778 2412 4846 ἁγίου
2467 4775 2876 4848 βαπτίσματος,
2941 4772 3036 4825 καὶ
3085 4770 3192 4823 τῶν
3251 4769 3311 4834 ἐξ
3364 4765 3680 4827 υἱοθεσίας,

2113 4870 2354 4943 βαθμοὺς
2381 4867 2498 4922 δέον
2521 4866 2726 4938 ζητεῖν,
2745 4865 2836 4918 καὶ
2859 4862 2928 4916 τὰ
2949 4863 3092 4932 ύπέρ
3112 4861 3202 4914 τὸν
3223 4859 3450 4930 ’ἕϐδομον
3472 4856 3685 4916 τούτοις

2109 4964 2380 5018 ἁκὼλυτα.
2439 4961 2564 5016 Ἐπὶ
2599 4959 2657 5013 δὲ
2693 4957 2804 5011 τῶν
2842 4955 2902 5021 ἐξ
2957 4953 3272 5026 ἀγχιστείας
3319 4953 3416 5005 καὶ
3467 4950 3578 5003 τῶν
3618 4949 3686 5003 ἐκ

433 5040 616 5096 monia
636 5040 865 5113 gradum
908 5043 965 5096 in
1000 5042 1086 5098 bis
1125 5045 1442 5100 excedentia
1474 5046 1765 5116 septimum
1816 5053 2000 5121 probi-

2110 5056 2439 5127 τριγενείας,
2459 5053 2529 5107 τὰ
2563 5051 2742 5124 ῥητῶς
2772 5047 3082 5104 κωλυθέντα
3113 5046 3147 5117 ἢ
3177 5044 3439 5116 σύγχυσιν
3465 5044 3682 5114 ἔχοντα,

1711 5186 1945 5246 νΑΒΙιΕ
1985 5192 2395 5252 LECTIONES.

543 5295 564 5326 ⁸
597 5294 976 5367 κωλυομένων.
1051 5299 1072 5331 ⁹
1105 5299 1338 5354 πάντων.
1454 5301 1497 5333 ¹⁰
1523 5301 1867 5376 ἀπηλέγχθη.

1981 5309 2022 5340 ¹¹
2050 5329 2118 5364 πε
2126 5311 2181 5382 ρί
2211 5311 2525 5382 ἐπιτρόπου.

1903 5441 2106 5502 ΝΟΤΑἰ
2115 5486 2130 5502 .

517 5556 624 5626 (87)
682 5559 718 5612 l.
776 5557 867 5614 42.
919 5555 947 5628 ς
1014 5555 1145 5622 Qua:
1209 5556 1264 5610 in
1317 5555 1604 5610 adulterio.
1668 5554 1732 5611 D.
1789 5555 1862 5611 De
1923 5559 2013 5613 ril.

442 5636 625 5764 "11:58)
656 5699 688 5749 l.
729 5695 1101 5764 69.§Mulier.
1139 5697 1195 5750 D.
1232 5697 1353 5751 e-ul.

517 5770 629 5837 (89)
653 5771 684 5823 Ι.
708 5774 792 5824 ϋϋ.
830 5769 889 5822 υ.
921 5769 1042 5822 cod.
1073 5779 1124 5824 cl
1155 5771 1190 5822 Ι.
1230 5769 1310 5822 15.
1345 5765 1403 5821 Ῐ).
1443 5765 1513 5820 De
1550 5783 1724 5837 sputis.

2199 5560 2310 5624 (ΗΟ)
2336 5562 2373 5614 1.
2401 5560 2455 5613 Ξ.
2503 5557 2564 5613 C.
2598 5557 2672 5611 De
2710 5555 2952 5611 inlerdic.
2992 5555 3222 5610 malrt'm.

2199 5561 2289 5624 (ΗΟ
2336 5562 2373 5614 1.
2401 5560 2455 5613 Ξ.
2503 5560 2564 5613 C.
2598 5560 2672 5611 De
2710 5560 2949 5611 inlerdic.

2195 5560 2361 5696 (ﬂlfl.
2394 5631 2481 5684 Μ.
2520 5627 2577 5682 Ι).
2616 5627 2688 5681 De
2707 5629 2772 5679 rit
2800 5638 2949 5696 ηιῳι.

2195 5701 2305 5771 (Gil
2340 5701 2358 5760 ἱ
2401 5700 2490 5761 Η.
2524 5697 2583 5750 Ι).
2615 5699 2737 5751 end.
3043 5703 3052 5708 “
