3990 6626
249 389 411 456 1245
1576 393 1864 455 GB/ECO-

1970 395 2286 460 )MANUM.

3412 403 3552 470 1246

245 503 663 572 φυλάττεσθαι
700 506 831 577 χρή.
879 504 1006 560 Ἐπὶ
1036 504 1094 559 δὲ
1132 503 1240 557 τῶν
1278 502 1383 569 ἔξω
1432 505 1771 574 συγγενείας,
1811 503 1864 556 τὲ

1979 504 2188 560 bitione
2253 519 2465 565 carent.
2523 507 2602 563 lu.
2639 509 2900 566 aflinitatc
2958 513 3236 584 triumque
3287 531 3552 586 generum

242 597 589 668 εὐπρεπές.
639 595 703 650 Ἥ
733 596 828 651 οὖν
871 597 1208 670 παρανόμως
1260 595 1595 668 γαμηθεῖσα,
1645 596 1864 650 δύναται

1977 599 2355 668 copulatione.
2386 617 2508 672 quae
2535 602 2740 659 diserte
2775 604 3052 674 prohibita
3092 614 3242 670 suut,
3293 608 3376 662 vel
3410 624 3548 664 con-

239 687 522 742 διαλύειν
561 688 652 742 τὸν
697 688 899 759 γάμον,
949 687 1046 742 καὶ
1089 688 1390 758 γαμεῖσθαι
1425 686 1576 758 ἄλλῳ
1623 686 1864 758 ὕστερον.

1977 688 2248 747 fusionem
2299 695 2606 762 continent,
2665 697 2850 753 caveri
2906 696 3127 754 debent.
3176 697 3231 753 In
3282 701 3372 766 iis,
3433 718 3556 772 qua:

244 780 316 835 Οἱ
351 778 417 834 δὲ
481 781 604 835 ἀπὸ
634 780 1035 851 κεκωλυμένων
1082 779 1276 851 γάμων
1317 782 1628 852 τικτόμενοι
1661 780 1864 846 παῖδες,

1975 792 2130 837 extra
2169 787 2556 854 cognationem
2593 789 2775 859 posita
2805 797 2956 854 sunt,
3006 791 3192 845 decori
3247 801 3301 846 et
3332 793 3554 849 honesti

242 871 378 926 οὐδὲ
431 876 554 945 τῆς
591 871 698 927 τῶν
746 872 920 927 νόθων
971 871 1251 938 ἀξιοῦνται
1301 873 1698 945 προσηγορίας,
1751 873 1864 926 οὐδὲ

1973 871 2222 929 habenda
2262 879 2424 932 ratio.
2463 879 2754 948 Caeterum,
2799 896 2920 951 QIIEI‘
2968 881 3209 938 nefarias
3275 886 3556 941 contraxit

241 963 620 1033 διαδέχονται
675 963 822 1018 κατά
861 981 986 1017 τινα
1029 963 1122 1018 τὸν
1165 964 1299 1017 ἴδιον
1347 965 1582 1036 πατέρα.
1642 963 1701 1018 Ὁ
1736 964 1864 1035 πρὸς

1977 969 2216 1036 nuptias,
2256 969 2470 1024 solvere
2491 973 2910 1030 matrimonium
2948 981 3152 1044 potest,
3188 983 3243 1030 et
3273 975 3363 1030 alii
3403 975 3557 1030 dein-

245 1053 581 1128 ἐλευθέραν
618 1056 692 1126 μὴ
746 1056 1127 1126 ποιησαμένην
1179 1056 1346 1127 πόρον
1386 1057 1453 1110 ἐκ
1488 1055 1582 1109 τοῦ
1619 1055 1864 1125 σώματος

1976 1074 2104 1130 ceps
2139 1062 2366 1118 nubere.
2397 1063 2502 1130 Qui
2541 1073 2726 1120 autem
2765 1082 2831 1121 ex
2869 1067 3166 1136 prohibitis
3195 1069 3405 1140 nuptiis
3427 1084 3558 1139 pro-

243 1147 400 1219 ἔχων
455 1147 785 1220 συνήθειαν,
837 1148 896 1201 ού
939 1147 1246 1220 παλλακὴν,
1280 1149 1414 1202 ἀλλὰ
1444 1148 1690 1220 γαμετὴν
1729 1148 1864 1220 ἔχειν

1975 1165 2236 1210 creantur
2319 1159 2498 1222 liberi,
2583 1175 2685 1215 nec
2745 1159 3064 1231 spuriorum
3127 1162 3557 1234 appellationem

243 1237 433 1292 δοκεῖ.
497 1237 742 1292 Δύναται
787 1237 817 1289 6
856 1236 1148 1309 κουράτωρ
1197 1237 1436 1307 συνάψαι
1463 1238 1564 1307 τὴν
1593 1237 1731 1290 ἰδίαν
1777 1237 1864 1291 θυ-

1976 1261 2416 1316 consequuntur,
2459 1268 2559 1308 nec
2581 1253 2709 1307 ullis
2763 1253 2818 1308 in
2852 1253 3014 1310 bonis
3075 1255 3219 1324 patri
3276 1269 3376 1309 suo
3431 1269 3560 1309 suc-

242 1329 488 1399 γατέρα.
535 1328 613 1400 τῷ
659 1330 1116 1400 κουρατευομένῳ
1149 1329 1456 1383 ὑπἀὐτοῦ.
1498 1330 1602 1382 Τὸν
1647 1329 1704 1383 δὲ
1759 1329 1864 1386 υἱὸν

1974 1342 2178 1397 cedunt
2215 1342 2352 1414 (95).
2389 1344 2490 1409 Qui
2533 1361 2658 1401 cum
2684 1347 2918 1402 muliere
2941 1346 3140 1413 libera,
3175 1361 3296 1416 qute
3325 1360 3558 1416 corpore

244 1421 434 1474 αὐτοῦ
465 1424 543 1493 τῇ
573 1421 1020 1493 κουρατευομένῃ
1057 1423 1118 1475 ού
1164 1423 1388 1478 δύναται
1432 1424 1604 1496 χωρὶς
1660 1423 1864 1494 βασιλι-

1974 1444 2243 1500 quaestum
2280 1450 2387 1490 non
2421 1435 2632 1502 fecerit,
2692 1438 3150 1494 consuetudinem
3199 1438 3388 1504 habet,
3444 1453 3553 1500 non

244 1515 362 1581 κῆς
409 1515 754 1579 κελεύσεως.
836 1517 992 1570 Ἐπεὶ
1043 1517 1360 1588 άτιμοῦται.
1416 1517 1554 1571 Ούτε
1600 1519 1629 1570 6
1693 1518 1864 1590 πατὴρ

1976 1525 2364 1592 concubinam,
2411 1526 2508 1582 sed
2575 1544 2800 1584 uxorem
2873 1529 3074 1584 habere
3143 1528 3360 1581 videtur
3415 1528 3552 1598 (91).

244 1607 350 1661 τοῦ
424 1608 743 1678 ἐπιτρόπου
803 1609 1131 1674 ἐπισκόπου,
1183 1609 1308 1663 οὗτε
1361 1611 1390 1663 6
1449 1608 1864 1676 συνυπεξούσιος

1974 1615 2165 1674 Potest
2189 1627 2416 1675 curator
2460 1621 2813 1677 matrimonio
2859 1621 3119 1690 copulare
3167 1620 3334 1675 filiam
3391 1635 3552 1676 suam

245 1699 433 1754 αὐτοῦ
470 1700 709 1770 ἀδελφὸς
738 1700 964 1756 δύναται
1005 1703 1206 1772 γαμεῖν
1248 1702 1349 1772 τὴν
1377 1703 1640 1775 ὀρφανὴν.
1669 1703 1736 1756 Ai
1763 1703 1864 1757 τῶν

1975 1709 2050 1777 ei,
2081 1710 2245 1779 cujus
2284 1721 2510 1768 curator
2542 1720 2628 1768 est
2659 1713 2808 1783 (95):
2842 1721 2898 1768 at
2932 1714 3105 1767 tilium
3136 1728 3297 1768 suum
3332 1727 3456 1766 cum
3489 1727 3554 1766 ea

247 1792 471 1848 πενθου
481 1793 666 1863 μένων
690 1793 932 1866 γαμεταὶ
953 1793 1256 1848 κωλύονται
1282 1797 1340 1848 ὲν
1367 1795 1448 1866 τῷ
1473 1796 1722 1868 πενθίμῳ
1745 1797 1864 1868 x96-

1976 1800 2259 1871 copulare,
2296 1802 2458 1873 cujus
2487 1805 2708 1874 negotia
2743 1805 2908 1872 gerit,
2944 1804 3151 1870 absque
3197 1802 3358 1873 jussu
3406 1803 3558 1872 prin-

245 1901 330 1956 νῳ
399 1885 762 1955 γαμεῖσθαι⁶
817 1887 868 1940 εί
929 1886 1005 1958 μὴ
1063 1887 1206 1941 κατά
1270 1887 1517 1940 κέλευσιν
1579 1887 1864 1959 βασιλέως.

1975 1891 2118 1962 cipis
2147 1891 2260 1962 (96)
2291 1893 2504 1963 nequit.
2542 1891 2678 1948 Nam
2705 1893 2934 1948 infamia
2964 1902 3209 1950 notatur.
3257 1892 3367 1948 Nec
3399 1905 3556 1964 pater

246 1977 319 2031 Ai
351 1977 417 2030 δὲ
446 1976 568 2031 τῶν
595 1978 670 2049 μὴ
700 1977 1105 2050 πενθουμένων,
1137 1980 1256 2050 ἦτοι
1294 1978 1402 2032 τῶν
1423 1980 1518 2033 ἐπὶ
1546 1978 1864 2034 καθοσιώσει

1972 1985 2194 2051 tutoris,
2233 2000 2336 2040 nec
2372 1983 2546 2040 frater
2578 1986 2722 2055 ejus,
2785 1986 2879 2056 qui
2935 1987 3120 2040 adhuc
3151 1993 3236 2040 est
3290 1986 3343 2040 in
3403 1993 3557 2054 pote-

247 2067 808 2136 καταδικασθέντων,
841 2071 902 2124 οὐ
957 2071 1279 2126 κωλύονται.
1351 2072 1416 2125 Ἢ
1451 2073 1515 2125 ὲν
1542 2071 1621 2143 τῷ
1650 2073 1864 2127 πενθεῖν

1971 2085 2142 2144 state,
2168 2077 2429 2148 pupillam
2460 2077 2663 2133 ducere
2692 2087 2870 2148 potest
2915 2077 3050 2148 (97).
3077 2076 3288 2132 Uxores
3337 2091 3554 2139 eorum,

247 2161 349 2213 τὸν
380 2161 570 2230 ἄνδρα
608 2163 944 2234 γεννήσασα,
989 2165 1070 2218 ἔτι
1105 2164 1376 2219 κωλύεται
1421 2164 1586 2236 γάμῳ
1635 2165 1864 2238 προσελ-

1970 2171 2064 2242 qui
2098 2170 2413 2242 elugentnr,
2450 2169 2594 2222 intra
2629 2178 2845 2240 tempus
2875 2171 3057 2224 luctus
3117 2169 3324 2223 nubere
3358 2178 3556 2222 vetan~

248 2253 396 2308 θεῖν.
447 2255 523 2308 Ἦ
545 2255 602 2308 δὲ
632 2257 692 2311 ὲν
721 2255 800 2327 τῷ
829 2257 1080 2328 πενθίμῳ
1109 2257 1288 2329 χρόνῳ
1335 2257 1592 2325 τεκοῦσα,
1644 2260 1705 2312 οὐ
1753 2277 1864 2313 κω-

1971 2265 2093 2329 ῑυτί,
2133 2262 2241 2317 nisi
2263 2261 2426 2332 jussu
2458 2262 2749 2332 principis.
2781 2262 2853 2317 At
2895 2278 3087 2317 eorum
3141 2261 3426 2332 conjuges,
3459 2259 3554 2332 qui

249 2346 483 2405 λύεται.
552 2349 710 2405 Κατὰ
757 2349 851 2402 δύο
883 2350 991 2420 γὰρ
1021 2351 1199 2414 αίτίας
1229 2353 1256 2406 6
1291 2351 1558 2422 πένθιμος
1611 2351 1864 2426 ὲτυπώθη

250 2441 488 2512 καιρὸς,
551 2441 642 2496 διὰ
691 2442 753 2495 τὸ
809 2443 886 2514 μὴ
946 2444 1209 2513 σύγχυσιν
1261 2443 1507 2512 γίνεσθαι
1541 2444 1638 2515 τῆς
1679 2446 1865 2516 γονῆς,

253 2534 353 2588 καὶ
391 2535 491 2589 διὰ
521 2534 624 2606 τὴν
657 2536 1014 2607 ὀφειλομένην
1057 2536 1192 2590 αίδὼ
1225 2538 1320 2590 καὶ
1347 2538 1513 2608 τιμὴν
1541 2537 1620 2608 τῷ
1656 2538 1814 2610 ἀνδρί
1846 2553 1863 2570 ⁶

251 2627 309 2680 αἱ
340 2625 445 2680 οὖν
479 2630 748 2695 γυναῖκες
777 2627 886 2682 τῶν
921 2629 996 2700 μὴ
1041 2629 1210 2696 ἀξίων
1269 2630 1614 2697 πενθεῖσθαι,
1667 2631 1758 2686 διὰ
1805 2631 1867 2684 τὸ

253 2720 337 2780 si;
368 2719 622 2792 δημόσια
657 2720 820 2791 τυχὸν
857 2727 1178 2793 περιπεσεῖν
1214 2724 1560 2794 ἐγκλήματα,
1605 2725 1742 2796 μετὰ
1773 2725 1867 2780 τὸν

253 2812 425 2866 τόκον
479 2813 545 2866 οὑ
583 2813 886 2867 κωλύονται
915 2814 1009 2868 καὶ
1045 2817 1104 2869 ὲν
1134 2815 1213 2886 τῷ
1253 2816 1503 2888 πενθίμῳ
1545 2819 1863 2890 γαμεῖσθαι.

264 2899 342 2955 Ἦ
375 2903 494 2972 πρὸ
528 2902 626 2956 τοῦ
660 2904 924 2973 πενθίμου
955 2907 1148 2977 χρόνου
1181 2907 1665 2980 δευτερογαμοῦσα
1705 2912 1864 2984 γυνὴ,

256 2994 589 3066 ἀτιμοῦται,
619 2994 787 3066 μηδὲν
816 2998 882 3050 ὲκ
906 2997 1002 3051 τοῦ
1035 2999 1256 3072 πρώτου
1279 3003 1459 3071 γάμου
1475 2989 1864 3073 ’κερδαίνουσω

1969 2354 2142 2427 lugeri
2167 2369 2275 2409 non
2308 2355 2510 2417 solent,
2555 2355 2657 2408 hoc
2695 2363 2801 2420 est,
2826 2355 2919 2423 qui
2958 2355 3267 2423 maiestatis
3306 2352 3555 2408 damnati

1970 2457 2120 2514 sunt,
2145 2462 2250 2502 non
2275 2446 2664 2517 prohibentur.
2697 2445 2831 2512 Quae
2849 2448 3031 2502 luctus
3061 2457 3307 2516 tempore
3331 2457 3551 2500 uterum

1968 2536 2131 2608 gerit,
2161 2535 2343 2591 adhuc
2374 2535 2700 2608 prohibetur
2726 2535 2795 2591 ad
2830 2535 2968 2591 alias
3015 2535 3255 2590 transire
3308 2532 3553 2604 nuptias.

1969 2629 2102 2698 Qua:
2129 2646 2257 2686 vero
2285 2630 2430 2685 intra
2454 2638 2672 2699 tempus
2700 2629 2884 2684 luctus
2940 2636 3158 2699 partum
3207 2626 3402 2690 edidit,
3442 2641 3552 2680 non

1971 2723 2321 2795 prohibetur.
2348 2722 2483 2777 Nam
2516 2723 2657 2778 duas
2689 2722 2760 2777 ob
2794 2737 2996 2777 causas
3029 2721 3336 2790 legitimum
3371 2719 3556 2775 luctus

1972 2824 2186 2884 tempus
2208 2823 2294 2870 est
2325 2817 2715 2878 constitutum,
2772 2829 2849 2869 ne
2884 2812 3137 2868 videlicet
3172 2811 3403 2868 seminis
3457 2809 3556 2864 ﬁat

1975 2906 2250 2969 confusio,
2286 2921 2352 2962 ac
2375 2915 2602 2976 propter
2630 2906 3002 2962 reverentiam
3033 2915 3087 2959 et
3131 2904 3417 2969 honorem,
3457 2902 3554 2972 qui

1970 2999 2174 3054 marito
2227 2997 2482 3053 debetur.
2547 2997 2722 3067 Igitur
2771 3011 2962 3052 eorum
3028 3011 3249 3062 uxores,
3297 2995 3389 3064 qui
3441 3009 3554 3049 non

257 3087 361 3142 καὶ
397 3088 577 3159 μηδὲν
607 3089 769 3144 πλέον
793 3089 888 3143 τοῦ
919 3091 1106 3162 τρίτου
1145 3093 1347 3163 μέρους
1381 3095 1479 3165 τῆς
1513 3095 1648 3160 ἰδίας
1677 3097 1864 3159 οὐσίας

1970 3089 2120 3160 digni
2149 3096 2298 3154 sunt,
2324 3095 2386 3143 ut
2429 3088 2720 3159 lugeantur
2763 3095 3049 3159 propterea
3075 3085 3220 3157 quod
3241 3086 3296 3139 in
3326 3084 3549 3156 publica

256 3180 456 3235 δοῦναι
521 3181 798 3254 δυναμένη
859 3185 938 3256 τῷ
993 3185 1233 3258 δευτέρῳ
1299 3188 1476 3259 ἀνδρὶ,
1525 3190 1615 3243 ὅτε
1669 3191 1862 3256 παῖδας

1970 3180 2108 3237 forte
2135 3180 2365 3236 crimina
2393 3179 2530 3250 lapsi
2577 3181 2690 3235 sint
2724 3179 2860 3250 (98),
2927 3186 3053 3249 post
3095 3187 3311 3246 partum
3371 3177 3541 3232 etiam

257 3271 470 3344 δηλαδὴ
502 3273 605 3326 ούκ
633 3274 767 3344 ἔχει.
812 3273 938 3330 Ἐάν
971 3276 1110 3346 μετὰ
1138 3275 1239 3348 τὴν
1267 3276 1364 3332 τοῦ
1392 3277 1584 3346 ἀνδρὸς
1606 3277 1862 3350 τελευτὴν

1970 3273 2116 3331 intra
2149 3281 2366 3345 tempus
2402 3272 2586 3328 luctus
2616 3271 2828 3328 nubere
2857 3286 2968 3326 non
2994 3269 3381 3340 prohibentur.
3419 3266 3555 3335 Qua:

259 3365 396 3432 περὶ
440 3365 542 3421 τὸν
597 3365 883 3422 ἑνδέκατον
937 3369 1080 3438 μῆνα
1137 3369 1271 3440 τέκῃ
1327 3371 1361 3440 ἡ
1408 3369 1566 3441 γυνὴ,
1634 3371 1864 3442 πορνεία

1972 3377 2100 3423 ante
2125 3366 2340 3421 finitum
2374 3365 2559 3421 luctus
2611 3372 2830 3435 tempus
2887 3362 3160 3421 secundas
3195 3361 3264 3418 ad
3331 3361 3554 3431 nuptias

259 3457 382 3510 ἐστὶ
412 3457 482 3511 τδ
521 3459 770 3526 γεγονὸς,
799 3460 895 3513 καὶ
923 3462 1037 3524 τοῖς
1061 3460 1248 3524 αὐτοῖς
1279 3462 1578 3532 ἐπιτιμίοις
1597 3463 1859 3534 ἐνέχεται,

1970 3456 2227 3512 convolat
2262 3454 2486 3519 mulier,
2530 3452 2760 3510 infamia
2818 3461 3062 3518 notatur,
3123 3463 3176 3509 et
3218 3452 3431 3507 nullum
3483 3467 3552 3507 ex

263 3541 345 3612 οἷς
386 3549 424 3620 ἡ
478 3549 614 3620 περὶ
664 3549 757 3604 τὸν
804 3549 1069 3620 πένθιμον
1118 3550 1310 3622 χρόνον
1342 3549 1860 3622 δευτερογαμοῦσα·

1970 3549 2143 3621 priori
2169 3545 2528 3602 matrimonio
2559 3546 2774 3602 lucrum
2805 3547 2976 3616 capit,
3009 3559 3112 3600 nec
3150 3543 3293 3598 ultra
3332 3542 3554 3599 tertiam

261 3641 628 3697 ἐκπίπτουσα
731 3641 980 3712 δηλονότι
1038 3640 1138 3710 τῆς
1179 3658 1237 3694 τε
1267 3640 1628 3711 προικιὲσεως
1666 3644 1857 3715 πάσης

1970 3651 2183 3715 partem
2259 3639 2583 3711 patrimonii
2656 3639 2743 3694 sui
2815 3637 2950 3694 dare
3026 3636 3272 3694 secundo
3354 3635 3557 3690 marito

263 3732 361 3785 καὶ
387 3731 645 3804 ἁνδρὼας
665 3733 708 3765 ¹¹
731 3732 1112 3794 ὑποστάσεως.

1970 3742 2151 3806 potest
2189 3732 2326 3804 (99),
2368 3747 2496 3788 cum
2532 3729 2788 3787 videlicet
2809 3731 3015 3786 liberos
3056 3729 3240 3784 nullos
3272 3727 3458 3784 habet.
3493 3725 3556 3785 Si

263 3829 391 3890 post
410 3821 630 3878 obitum
663 3821 844 3877 mariti
873 3821 1070 3876 mulier
1099 3820 1392 3876 undecimo
1417 3837 1611 3878 mense
1632 3832 1846 3893 partum
1887 3823 2142 3886 ediderit,
2172 3822 2382 3876 factum
2431 3822 2538 3876 hoc
2588 3836 2742 3879 mera
2794 3821 3063 3878 scortatio
3096 3827 3201 3885 est,
3276 3828 3331 3875 et
3433 3820 3556 3890 ipsa

270 3915 460 3985 poenis
523 3917 728 3972 eisdem
796 3925 1040 3984 tenetur,
1082 3917 1284 3989 quibus
1331 3932 1414 3983 ea,
1463 3934 1584 3988 qua:
1652 3921 1799 3975 circa
1864 3929 2082 3992 tempus
2145 3917 2326 3974 luctus
2386 3916 2663 3973 secundas
2732 3914 3011 3971 contrahit
3076 3913 3334 3984 nuptias:
3407 3913 3558 3984 quod

265 4008 536 4065 nimirum
568 4016 679 4064 tam
717 4011 1012 4077 dotalibus,
1040 4025 1204 4082 quam
1227 4009 1485 4066 omnibus
1512 4011 1639 4066 aliis
1665 4012 1848 4068 mariti
1889 4013 2052 4070 bonis
2082 4010 2324 4068 excidat.

341 4127 489 4196 Περὶ
522 4125 642 4180 τῶν
678 4127 1206 4199 βδελυσσομένων
1241 4127 1386 4199 τοὺς
1421 4127 1719 4199 ἐννόμους
1749 4127 1857 4199 γά·

1970 4128 2046 4184 De
2075 4128 2182 4195 Itis,
2213 4127 2304 4198 qui
2342 4125 2721 4181 abominantur
2759 4122 3022 4199 legitimas
3063 4121 3300 4191 nuptias,
3347 4117 3552 4188 vinum,

444 4215 626 4267 μους,
657 4198 766 4253 τὸν
819 4192 1018 4265 οἶνον,⁷
1051 4199 1124 4252 τὰ
1156 4197 1322 4268 κρέα,
1352 4192 1450 4252 καί
1484 4192 1708 4266 ἕτερα(
1757 4192 1770 4199 ⁷

2167 4192 2176 4195 ’
2225 4192 2236 4198 ’
2519 4211 2732 4260 carnes,
2775 4192 2825 4250 et
2865 4192 2999 4247 alia.

353 4289 417 4344 Ὀ
455 4291 568 4346 τῶν
599 4291 772 4360 άγίων
801 4291 1112 4346 ἀποστόλων
1137 4289 1218 4347 να⁹
1245 4289 1427 4346 κανών
1451 4305 1466 4321 ο
1507 4289 1858 4357 Ἐπίσκοπος,

2037 4289 2225 4347 Canon
2259 4306 2311 4346 LI
2355 4297 2676 4347 sanctorum
2735 4286 3156 4359 apostolorum:
3212 4281 3546 4354 Episcopus,

270 4383 464 4451 φησὶν,
508 4382 544 4454 ἢ
584 4383 977 4456 πρεσϐύτερος,
1010 4385 1044 4457 ἢ
1076 4384 1236 4449 ἄλλος
1263 4383 1360 4438 τοῦ
1395 4384 1623 4456 κλήρου,
1659 4383 1721 4437 ού
1751 4383 1859 4455 μὴν

1970 4381 2170 4454 inquit,
2198 4390 2296 4439 aut
2314 4383 2629 4454 presbyter,
2661 4388 2756 4436 aut
2784 4380 2925 4435 alius
2959 4377 3233 4450 quispiam
3275 4391 3344 4432 ex
3371 4375 3547 4441 clero,

269 4473 336 4527 δι’
370 4474 614 4542 ἄσκησιν
667 4477 764 4530 καὶ
812 4475 1164 4547 ἐγκράτειαν,
1218 4475 1336 4529 ἀλλ’
1370 4474 1448 4539 ὡς
1497 4474 1783 4546 βδελυκτδν
1815 4473 1860 4507 ’³

1973 4477 2068 4547 qui
2103 4493 2212 4532 non
2241 4476 2657 4534 exercitationis
2701 4481 2758 4531 et
2808 4471 3163 4530 continentia:
3207 4483 3396 4534 causa,
3449 4467 3550 4524 sed

269 4566 619 4639 ἀπεχόμενος
655 4567 835 4637 γάμου
882 4584 942 4620 τε
987 4569 1081 4621 καὶ
1127 4567 1308 4638 κρεῶν
1341 4567 1437 4621 καὶ
1469 4567 1636 4632 οἴνου,
1672 4566 1860 4639 ἐπιλε-

1970 4567 2420 4634 abominationis,
2451 4567 2693 4624 abstinet
2720 4581 2750 4620 a
2778 4562 3159 4629 matrimonio,
3180 4571 3238 4618 et
3257 4559 3548 4622 carnibus,

273 4655 549 4727 λησμένος
597 4659 678 4712 ὅτι
727 4661 893 4730 ἄρσεν
931 4660 1025 4713 καὶ
1055 4659 1190 4729 θῆλυ
1220 4660 1478 4732 ἐποίησεν
1513 4661 1540 4713 6
1593 4661 1725 4725 Θεὸς
1768 4661 1860 4715 τὸν

1970 4669 2021 4716 et
2041 4659 2194 4723 vino,
2229 4660 2404 4716 Deum
2433 4660 2640 4716 oblitus
2666 4657 2945 4714 hominem
2993 4655 3196 4712 fecisse
3240 4651 3550 4708 masculum

271 4748 584 4818 ἄνθρωπον,
624 4750 719 4803 καὶ
747 4752 829 4804 ὅτι
863 4750 1042 4804 πάντα
1068 4750 1207 4804 καλὰ
1232 4751 1374 4817 λίαν,
1404 4752 1500 4806 καὶ
1525 4751 1864 4822 βλασφημῶν

1971 4760 2026 4809 et
2046 4749 2339 4820 feminam,
2375 4763 2541 4825 atque
2593 4751 2779 4809 omnia
2813 4749 2959 4804 facta
3010 4763 3137 4804 esse
3178 4743 3336 4802 valde
3380 4743 3551 4807 bona,

274 4839 553 4896 διαϐάλλει
579 4842 672 4896 τοῦ
710 4842 847 4896 Θεοῦ
890 4841 987 4912 τὴν
1018 4843 1405 4915 δημιουργίαν,
1442 4843 1474 4914 ἢ
1505 4842 1862 4916 διορθούσθω,

1971 4853 2180 4924 quique
2202 4845 2584 4903 maledicendo
2616 4843 2945 4901 criminatur
2965 4839 3249 4910 opificium
3298 4834 3434 4902 Dei,
3466 4832 3555 4893 vel

273 4930 307 5002 ἢ
340 4934 743 5005 καθαιρείσθω,
777 4935 871 4989 καὶ
902 4936 999 5004 τῆς
1033 4936 1377 5010 Ἐκκλησίας,
1405 4937 1480 5001 ὼς
1527 4937 1864 5010 πορρωτάτω

1970 4944 2288 5014 corrigitor,
2317 4939 2405 4996 vel
2431 4937 2740 5002 ahdicator,
2772 4944 2826 4990 et
2859 4933 2929 4988 ab
2952 4930 3200 4988 Ecclesia
3232 4925 3554 4998 longissime

274 5026 541 5092 γενέσθω,
571 5025 648 5090 ὡς
704 5027 1038 5092 ἀπεναντίας
1085 5030 1200 5091 τοῖς
1252 5027 1435 5100 ὀρθοῖς
1475 5029 1680 5099 ταύτης
1715 5029 1864 5083 ίστά-

1971 5039 2309 5093 removetor,
2349 5026 2518 5083 veluti
2550 5025 2644 5095 qui
2669 5023 2837 5079 rectis
2888 5022 3011 5092 ejus
3035 5019 3273 5078 decretis
3294 5014 3554 5072 adverse-

278 5132 437 5187 μενος
459 5119 749 5190 δόγμασιν.
773 5120 837 5174 Εἰ
862 5119 920 5175 δὲ
949 5123 1044 5176 καὶ
1077 5121 1264 5186 λαῖκδς
1291 5122 1464 5176 ταῦτα
1501 5121 1714 5192 φρονῶν
1745 5121 1852 5192 εἴη,

1970 5131 2072 5180 tur.
2099 5122 2255 5190 Quod
2282 5121 2331 5178 si
2359 5120 2532 5176 laicus
2551 5117 2608 5174 in
2633 5115 2825 5173 eadem
2858 5113 3141 5172 sententia
3164 5111 3259 5179 sit,
3280 5109 3348 5165 ab
3368 5105 3555 5162 Eccle-

1556 5275 1791 5331 νΑιιιίΕ
1835 5275 2243 5336 LECTIONES.

385 5391 428 5422 η
461 5390 743 5464 προικώας
774 5391 870 5449 καὶ
902 5391 1084 5465 πάσης
1105 5392 1372 5466 ἀνδρὼς.
1486 5394 1529 5426 ¹³
1559 5393 1890 5466 βδελυκτῶν.

1787 5531 1882 5591 ΝΟ
1894 5533 2022 5590 LE.

343 5640 522 5766 Ι.
553 5643 734 5699 εΗ).
764 5643 969 5726 Defit.
1009 5653 1158 5727 nupt.
1300 5717 1310 5728 .
2036 5645 2150 5717 (97)
2188 5645 2230 5728 1,.
2279 5644 2368 5702 10.
2433 5645 2496 5700 D.
2573 5645 2649 5700 De
2707 5645 2789 5700 his
2861 5645 2952 5715 qui
3014 5651 3124 5698 not.
3168 5640 3386 5713 iulium,
3418 5657 3547 5698 cum

492 5715 528 5766 Ι.
553 5713 609 5766 5.
626 5714 687 5766 C.
736 5714 813 5766 De
842 5713 1111 5766 interdici.
1150 5724 1387 5766 malrmt.
1962 5715 2277 5766 seattenltb.

369 5711 458 5786 96)
490 5715 528 5786 l.
553 5713 609 5770 5.
626 5714 687 5786 C_.
736 5714 813 5770 De
842 5711 1111 5771 interdici.
1150 5717 1387 5771 matriut.
1962 5711 2277 5786 sequentib.

349 5771 856 5864 (g§)_1,3;c_,§oq,
959 5855 1047 5864 η
1191 5856 1205 5864 ἡ
1964 5771 2789 5864 “(seiunctisagragas.

347 5850 458 5937 (86)
482 5855 521 5912 ι.
552 5855 640 5913 67.
675 5854 703 5927 ς)
731 5855 898 5914 Sedet
924 5857 991 5913 si.
1013 5855 1076 5913 D.
1105 5856 1228 5915 eod.
2035 5850 2148 5930 (99)
2179 5857 2400 5916 Novella
2427 5850 2503 5912 59'
2530 5859 2582 5911 in
2615 5850 2745 5912 nnc.
