3990 6596
446 391 583 457 ιιιτ

1736 393 1772 457 J
1779 393 1875 456 US
1912 392 2364 456 CANONICUM

3561 398 3713 463 121:3

441 505 522 559 sia
556 509 899 576 segregatur.
937 500 1150 574 Quippe
1195 501 1343 558 nulla
1384 516 1473 559 res
1511 502 1780 561 divinitus
1846 504 2014 569 facta,

2123 504 2222 573 τῆς
2263 503 2594 575 Ἐκκλησίας
2641 504 3011 577 ἀφοριζέσθω.
3043 506 3212 561 Οὐδὲν
3241 507 3352 581 γὰρ
3396 507 3510 563 τῶν
3556 503 3721 583 παρά

442 598 586 649 mala
612 602 717 659 est,
752 596 847 651 sed
877 596 1086 652 abusus
1142 611 1327 651 rerum
1360 605 1545 652 nocet.
1594 596 1753 665 Quod
1802 599 1849 653 si
1900 597 2015 653 haec

441 688 570 742 mali
606 702 770 743 causa
791 685 993 751 forent,
1021 704 1130 742 non
1155 698 1342 744 essent
1366 704 1393 743 a
1423 688 1533 744 Deo
1561 690 1806 745 condita.
1832 691 2015 758 Quare

439 780 531 848 qui
570 777 663 835 Dei
715 778 1043 834 criminatur
1103 793 1292 849 opera,
1352 780 1796 836 maledicentiam
1856 798 2013 838 suam

438 872 504 927 ad
537 872 713 942 ipsum
749 870 1068 927 Creatorem
1095 873 1361 928 extendit.
1387 873 1605 932 Primus
1626 885 1809 931 autem
1839 893 2017 933 canon

441 966 664 1020 concilii
696 963 1033 1036 Gangrensis
1091 968 1425 1023 anathemati
1488 970 1688 1025 addicit
1741 987 1891 1035 eum,
1922 971 2016 1041 qui

442 1056 716 1127 legitimas
741 1059 961 1126 nuptias
987 1058 1228 1129 impuras
1249 1075 1374 1115 esse
1393 1071 1570 1133 putat,
1597 1073 1649 1117 et
1674 1079 1797 1117 cum
1822 1065 2018 1122 marito

438 1148 749 1219 capulatam
782 1148 1064 1204 honestam
1090 1158 1144 1203 et
1167 1162 1378 1205 castam
1406 1169 1630 1207 uxorem
1668 1154 2020 1210 abominatur

436 1248 663 1310 propter
695 1243 1150 1297 consuetudinem
1208 1258 1330 1297 cum
1378 1246 1483 1300 tori
1533 1255 1812 1312 consorte,
1858 1250 2017 1318 quasi

440 1347 563 1399 qum
594 1343 880 1402 propterea
922 1349 1148 1405 regnum
1177 1338 1401 1391 caeleste
1446 1341 1709 1407 consequi
1758 1348 2015 1410 nequeat.

438 1422 581 1478 Dicit
632 1425 778 1478 enim
832 1425 1127 1495 Apostolus
1179 1426 1548 1484 :Ilonorabile
1600 1430 1903 1502 conjugium
1961 1435 2017 1489 in

437 1515 682 1571 omnibus
734 1526 785 1571 et
815 1519 979 1573 lectus
1036 1520 1372 1589 impollutus.
1410 1522 1486 1575 Ac
1531 1539 1747 1579 rursum
1782 1543 1794 1579 :
1827 1526 2016 1582 Poste-

436 1606 671 1662 rioribns
725 1611 1045 1680 temporibus
1099 1611 1389 1667 desciscant
1437 1616 1659 1684 quidam
1709 1634 1740 1671 a
1776 1619 1881 1687 ﬁde
1926 1635 2019 1689 per

438 1697 741 1768 hypocrisin
764 1701 1199 1772 falsiloquorum,
1240 1723 1474 1777 quorum
1504 1711 1844 1768 conscientia
1888 1730 2017 1769 cau-

438 1792 579 1846 terio
611 1793 786 1848 recisa
815 1801 922 1858 est,
955 1796 1367 1866 prohibentium
1426 1802 1758 1857 contrahere
1822 1809 2017 1862 matri-

443 1887 714 1953 monium,
747 1890 1031 1948 abstinere
1056 1891 1419 1969 [jubentium]
1474 1897 1636 1964 cibis,
1684 1915 1824 1971 quos
1877 1901 2020 1960 Deus

438 1982 649 2035 creavit
675 1981 740 2035 ad
772 1985 1239 2056 partieipandum.

509 2070 768 2129 Eamdem
798 2092 1013 2146 pinnam
1047 2090 1278 2149 quartus
1308 2084 1471 2137 etiam
1503 2099 1679 2142 canon
1710 2092 1917 2157 lrrogat
1947 2094 2017 2158 ei,

441 2166 536 2230 qui
563 2168 889 2223 examinans
921 2170 1171 2241 ambigit,
1208 2189 1310 2228 nec
1347 2175 1681 2247 participare
1710 2181 1951 2238 sustinet
1989 2199 2021 2239 a

438 2254 761 2325 presbytero
804 2273 928 2312 cum
973 2276 1141 2316 uxore
1186 2263 1465 2334 cepulato,
1513 2269 1605 2337 qui
1651 2270 2018 2328 ministerium

437 2360 655 2402 sacrum
692 2347 911 2413 obierit,
948 2353 1107 2421 quasi
1154 2356 1376 2424 nuptias
1412 2358 1763 2418 honorabiles
1801 2364 2019 2420 abomi-

442 2445 628 2518 netur.
665 2439 851 2496 Eidem
900 2444 1238 2500 anathemati
1274 2464 1449 2504 canon
1494 2454 1657 2507 etiam
1699 2469 1773 2509 xu
1819 2456 2017 2527 subjici

438 2530 687 2600 praecipit
716 2547 834 2586 eam
874 2536 1180 2603 mulierem,
1209 2555 1329 2609 quae
1359 2558 1388 2596 a
1426 2544 1625 2599 marito
1656 2561 1758 2601 suo
1789 2549 2017 2617 secedit,

441 2621 601 2691 quasi
638 2636 761 2691 qua:
796 2624 1206 2681 matrimonium
1245 2639 1395 2699 putet
1426 2649 1550 2688 esse
1589 2651 1701 2689 rem
1734 2638 2020 2696 abomina-

438 2712 626 2768 bilcm.
687 2712 977 2769 Enimvero
1004 2717 1300 2788 Apostolus
1334 2740 1346 2776 :
1383 2721 1467 2778 Ne
1495 2724 1764 2795 fraudate,
1823 2732 2015 2802 inquit,

438 2805 578 2859 alius
607 2804 772 2859 alium
799 2825 810 2837 ·
842 2808 949 2861 nisi
978 2809 1026 2862 si
1058 2811 1185 2881 quid
1213 2829 1278 2866 ex
1312 2832 1565 2871 consensu
1597 2818 1799 2888 factum
1834 2824 2016 2889 fuerit.

437 2894 506 2951 Et
539 2912 794 2953 rursum:
832 2898 976 2953 Uxor
997 2906 1266 2971 proprium
1300 2923 1488 2975 corpus
1517 2927 1620 2963 non
1655 2913 1807 2966 liabet
1840 2916 1895 2969 in
1923 2931 2018 2985 po-

441 2995 659 3057 testate,
720 2995 811 3047 sed
875 2995 973 3051 vir.
1017 2993 1227 3063 Quodsi
1266 3000 1539 3058 desiderio
1598 3006 1719 3061 vita:
1760 3009 2019 3064 solitaria:

440 3085 809 3141 secessionem
870 3090 1251 3159 amplectatur,
1303 3097 1630 3164 reprehendi
1682 3116 1785 3154 non
1836 3102 2015 3157 debet.

2120 597 2257 651 Θεοῦ
2287 598 2597 670 γενομένων
2624 599 2817 666 κακὸν,
2873 598 2991 655 ἀλλ’
3042 602 3078 672 ἡ
3121 600 3330 655 τούτων
3359 605 3720 674 παράχρησις

2123 691 2407 763 βλαϐερόν.
2472 692 2533 746 El
2582 693 2640 746 δὲ
2664 694 2894 761 ,κακίας
2929 694 3100 748 ταῦτα
3146 694 3296 749 αίτια
3347 691 3438 766 ἦν,
3493 697 3594 749 οὐκ
3646 696 3721 750 ἂν

2121 785 2483 855 παρήχθησαν
2527 784 2679 857 παρά
2723 786 2816 839 τοῦ
2848 784 3003 841 Θεοῦ.
3037 785 3201 841 Ὥστε
3237 790 3264 842 6
3304 788 3375 841 τά
3420 788 3515 841 τοῦ
3572 789 3718 842 Θεοῦ

2119 878 2420 933 διαϐάλλων
2451 880 2751 951 ποιήματα,
2797 881 2877 943 εἷς
2925 880 3016 933 τὸν
3071 882 3375 954 ποιήσαντα
3409 883 3512 954 τὴν
3537 882 3718 953 βλασ-

2125 970 2337 1040 φημίαν
2362 971 2614 1025 ἐκτείνει.
2651 970 2712 1025 '0
2744 971 2802 1025 δὲ
2847 972 2948 1042 τῆς
2998 974 3056 1027 ὲν
3099 973 3323 1045 Γάγγρᾳ
3371 973 3593 1044 πρῶτος
3633 972 3720 1042 τῷ

2066 1080 2085 1095 θ
2121 1063 2423 1134 ἀναθέματι
2449 1064 2831 1135 παραπέμπει,
2863 1064 2924 1128 ὃς
2965 1064 3274 1136 ἀκάθαρτον
3320 1060 3460 1118 εἶναι
3499 1065 3596 1117 τὸν
3627 1064 3731 1117 vde

2128 1173 2296 1226 μιμον
2318 1156 2497 1226 γάμον
2536 1158 2777 1227 ἡγεῖται,
2815 1157 2908 1211 καὶ
2933 1156 3031 1227 τὴν
3061 1158 3214 1227 ἀνδρὶ
3266 1157 3727 1228 συνεζευγμένην

2124 1247 2360 1319 κοσμίαν
2391 1252 2627 1317 γυναῖκα
2675 1248 2771 1303 καί⁵
2830 1248 3083 1319 σώφρονα
3142 1250 3588 1321 βδελυσσόμενος,
3624 1248 3727 1303 διὰ

2122 1342 2220 1413 τὴν
2249 1341 2385 1410 πρὸς
2422 1340 2513 1396 τὸν
2574 1341 2831 1397 σύνευνον
2884 1342 3123 1413 ὁμιλίαν,
3174 1342 3269 1396 am
3300 1343 3375 1413 μὴ
3405 1341 3726 1413 δυναμένην

2126 1434 2377 1489 ἐντεῦθεν
2435 1436 2533 1506 τῆς
2596 1435 2707 1491 τῶν
2766 1437 3014 1509 οὐρανῶν
3070 1435 3354 1507 βασιλείας
3412 1437 3717 1505 ἐπιτυχεῖν.

2119 1525 2255 1595 Φησὶ
2285 1524 2393 1595 γάρ
2430 1528 2458 1579 6
2497 1526 2820 1590 ’Δπόστολος
2842 1542 2857 1557 ·
2899 1527 3095 1595 Τίμιος
3124 1529 3158 1581 ὁ
3202 1525 3389 1597 γάμος
3434 1526 3505 1580 ἐν
3538 1523 3719 1585 πᾶσι.

2118 1614 2219 1669 καὶ
2257 1617 2294 1687 ἡ
2328 1617 2497 1685 κοίτη
2529 1616 2833 1684 ἀμίαντος.
2874 1617 2983 1671 Καὶ
3028 1615 3184 1681 αὖθις
3210 1633 3225 1649 ο
3285 1616 3384 1670 Ἑν
3435 1615 3723 1681 ὑστέροις

2120 1704 2346 1775 καιροῖς
2367 1706 2830 1777 ἀποστήσονταί
2852 1724 3012 1773 τινες
3035 1704 3144 1776 τῆς
3170 1706 3432 1773 πίστεως
3459 1706 3535 1760 ἐν
3564 1707 3724 1760 ὑπτι-

2123 1800 2316 1871 κρισει
2372 1799 2771 1869 ψευδολόγων
2822 1800 2918 1854 καί⁹
2973 1798 3471 1869 καυτηριασμένων
3518 1798 3573 1829 ⁸⁸
3615 1797 3723 1864 τὴν

2129 1894 2457 1965 συνείδησιν,
2495 1893 2817 1946 κωλυόντων
2862 1892 3084 1962 γαμεῖν,
3130 1890 3430 1962 ἀπέχεσθαι
3480 1888 3723 1962 βρωμά-

2122 2002 2252 2047 των,
2291 1984 2328 2040 ἃ.
2353 1986 2382 2038 6
2415 1985 2548 2048 Θεὸς
2574 1984 2789 2039 ἔκτισεν
2819 1985 2899 2046 είς
2925 1983 3249 2054 μετάληψιν.

2193 2075 2414 2149 Ταύτην
2440 2077 2533 2130 καὶ
2559 2078 2587 2130 6
2611 2076 2873 2147 τέταρτος
2894 2074 2995 2145 τὴν
3020 2075 3177 2146 δίκην
3202 2075 3545 2128 ὲπατεένεται
3566 2074 3616 2108 ¹⁸
3640 2073 3725 2145 τῷ

2121 2169 2540 2241 διακρινομένῳ,
2579 2168 2676 2222 καὶ¹
2716 2168 2792 2238 μὴ
2837 2167 3165 2236 μεταλαϐεῖν
3204 2167 3512 2237 ἀνεχομένῳ
3558 2167 3725 2238 παρὰ

2123 2261 2498 2332 πρεσϐυτέρου
2554 2257 2973 2330 γεγαμηκότος,
3029 2258 3131 2327 τὴν
3182 2256 3336 2329 ἱεράν
3389 2258 3725 2320 τελέσειν-τος

2121 2353 2501 2424 λειτουργίαν,
2549 2345 2638 2405 οἷα
2678 2351 2771 2404 τὸν
2818 2350 3000 2418 τίμιον
3049 2348 3229 2420 γάμον
3278 2348 3720 2419 βδελυσσομὲνῳ.

2122 2447 2311 2518 Τούτῳ
2344 2447 2439 2500 καὶ
2471 2447 2501 2499 6
2533 2444 2839 2506 δωδέκατος
2873 2443 3186 2511 ὑπάγεσθαι
3220 2441 3431 2495 κελεύει
3460 2441 3537 2511 τῷ
3573 2443 3722 2499 ἀνα-

2123 2541 2318 2611 θέματι
2352 2538 2452 2611 τὴν
2487 2537 2582 2592 τοῦ
2624 2537 2755 2591 ἰδίου
2793 2535 2987 2608 ἀνδρὸς
3026 2532 3414 2605 ἀναχωροῦσαν
3447 2535 3721 2602 γυναῖκα,

2121 2627 2207 2687 οἷα
2234 2631 2522 2704 βδελυκτδν
2543 2632 2636 2682 τὸν
2663 2629 2833 2698 γάμον
2856 2626 3207 2699 νομίζουσαν.
3241 2626 3301 2679 '0
3321 2626 3428 2696 γάρ
3446 2642 3524 2678 τοι
3553 2623 3724 2677 Ἀπόι

2130 2726 2336 2791 στολος,
2370 2723 2468 2793 Μὴ
2505 2721 2914 2791 ἀποστερεῖτε,
2946 2720 3132 2790 φησὶν,
3165 2717 3502 2786 ἀλλήλους.
3536 2721 3599 2771 ει
3628 2719 3723 2788 μή

2122 2836 2177 2871 τι
2216 2816 2293 2872 ἂν
2316 2816 2385 2869 ἐκ
2424 2813 2757 2884 συμφώνου
2792 2814 3057 2882 γένηται.
3088 2810 3198 2863 Καὶ
3235 2808 3419 2872 αὖθις*
3450 2808 3519 2863 Ἦ
3551 2810 3723 2878 γυνὴ

2122 2909 2228 2964 τοῦ
2262 2909 2417 2963 ἰδίου
2454 2907 2729 2976 σώματος
2762 2907 2874 2960 οὐκ
2909 2900 3275 2969 ἐξουσιάζει,
3307 2902 3498 2957 ἀλλἐἴ
3527 2900 3721 2970 ἀνήρ.

2124 3004 2186 3057 Εἰ
2217 3001 2273 3055 δέ
2306 3018 2406 3053 που
2433 3000 2498 3053 δι’
2523 2998 2709 3067 ἔφεσιν
2734 2997 2828 3051 τοῦ
2862 2997 3129 3067 μονήρους
3158 2993 3276 3065 βίου
3302 2995 3401 3064 τὴν
3427 2994 3725 3068 ἀναχώρη-

2126 3112 2209 3148 σιν
2236 3094 2430 3157 ἒλοιτο,
2460 3092 2842 3161 ἀνεπίκλητος.
2863 3089 3050 3162 Ταύτῃ
3076 3091 3169 3144 καὶ
3196 3091 3225 3143 6
3252 3089 3466 3151 ἔννατος
3490 3092 3557 3158 τῇ
3589 3088 3722 3161 δίκῃ

440 3173 629 3230 Eidem
681 3192 855 3245 poenae
894 3196 1070 3235 novus
1110 3183 1272 3237 etiam
1320 3201 1493 3240 canon
1531 3188 1697 3245 tradit
1735 3208 1880 3260 eum,
1924 3195 2015 3264 qui

2123 3186 2303 3238 δίδωσι
2331 3183 2423 3236 τὸν
2455 3182 2751 3252 παρθενίαν
2785 3182 3063 3253 μετιόντα,
3097 3182 3194 3235 καὶ
3218 3180 3312 3234 τοῦ
3347 3180 3461 3250 βίου
3492 3182 3720 3250 ἀναχω-

439 3268 807 3337 virginitatem
842 3271 995 3334 colit,
1021 3286 1072 3326 et
1104 3289 1133 3327 a
1163 3277 1283 3329 vitae
1310 3280 1591 3333 consortio
1622 3284 1869 3348 secessit,
1904 3302 2021 3341 ma-

438 3359 687 3414 trimonii
737 3361 1093 3420 abominandi
1150 3383 1341 3435 causa,
1399 3385 1504 3424 non
1566 3384 1790 3444 propter
1838 3377 2019 3447 ipsum

437 3452 769 3521 virginitatis
801 3455 1001 3509 bonum
1031 3466 1085 3512 et
1112 3461 1540 3518 venerationem.
1583 3464 1803 3521 Tertius
1836 3480 2017 3524 autem

438 3549 493 3597 et
524 3545 1014 3613 quinquagesimns
1044 3559 1360 3604 sanctorum
1395 3558 1766 3623 apostolorum
1799 3577 1973 3616 canon
2002 3578 2015 3615 :

438 3630 670 3697 Diebus,
707 3636 906 3704 inquit,
947 3636 1379 3702 festis,Sabbato
1418 3651 1571 3714 puta,
1606 3658 1659 3702 et
1711 3650 2016 3717 Dominica,

438 3726 521 3779 vel
563 3727 666 3779 alia
704 3743 1052 3801 quacunque,
1106 3748 1213 3786 non
1257 3734 1643 3791 abstinendum
1696 3756 1723 3794 a
1773 3742 1920 3806 vino,
1967 3757 2021 3799 et

439 3815 699 3871 carnibus
738 3825 999 3886 tanquam
1044 3822 1207 3877 rebus
1248 3824 1728 3887 abominabilibus.
1772 3831 1926 3899 Quod
1971 3837 2017 3890 si

438 3907 567 3977 quis
609 3908 682 3963 ita
716 3912 880 3964 sentit
916 3923 969 3967 et
1007 3913 1159 3982 facit,
1206 3919 1367 3988 quasi
1418 3923 1503 3975 cui
1553 3926 1797 3979 cauterio
1847 3930 2019 3983 recisa

439 3999 513 4054 sit
547 4003 913 4072 conscientia,
952 4014 1005 4061 et
1044 4010 1136 4075 qui
1171 4012 1416 4067 scandali
1463 4017 1842 4086 compluribus
1887 4037 2017 4075 cau-

440 4108 557 4147 sam
604 4097 860 4163 praebeat,
891 4101 935 4154 si
976 4102 1198 4171 quidem
1239 4120 1303 4159 ex
1345 4106 1491 4161 clero
1537 4117 1642 4172 est,
1686 4110 2017 4181 deponitor:

440 4185 525 4238 sin
560 4203 627 4251 ex
664 4190 887 4259 populo,
924 4204 1264 4264 segregatur.
1298 4196 1409 4251 Nisi
1453 4199 1591 4253 forte
1624 4202 1897 4273 quispiam
1934 4205 2021 4259 de-

441 4276 741 4331 terminato
784 4281 1000 4336 dierum
1049 4286 1255 4339 ambitu
1300 4296 1472 4342 semet
1515 4304 1799 4354 exercens,
1834 4293 2015 4350 itidem

438 4376 498 4421 ut
530 4370 653 4424 aliis
682 4372 896 4439 diebus,
930 4376 1093 4430 etiam
1126 4378 1178 4431 in
1220 4379 1457 4435 Sabbato
1496 4392 1549 4435 et
1586 4383 1865 4440 Dominica
1899 4404 2018 4443 ser-

437 4462 646 4513 wverit
680 4464 1071 4519 abstinentiam
1117 4486 1129 4520 :
1169 4483 1344 4524 canon
1404 4488 1534 4526 vero
1583 4492 1672 4529 xiv
1716 4479 2018 4547 Am-yrante

2123 3277 2386 3347 ρήσαντα,
2425 3276 2522 3328 ἆτε
2558 3273 2649 3329 τδν
2685 3275 2863 3345 γάμον
2900 3273 3349 3343 βδελυσσόμενον,
3386 3274 3479 3326 καὶ
3523 3272 3604 3343 μὴ
3647 3274 3722 3326 δι’

2123 3366 2255 3422 αὐτὸ
2292 3367 2352 3419 τδ
2384 3365 2485 3436 τῆς
2525 3365 2827 3437 παρθενίας
2868 3364 3035 3419 καλὴν
3070 3365 3167 3418 καὶ
3211 3364 3526 3433 σεϐάσμιον.
3557 3365 3620 3416 ’0
3658 3364 3719 3418 δὲ

2124 3458 2485 3528 πεντηκοστὸς
2526 3457 2707 3526 τρίτος
2746 3456 2858 3511 τῶν
2897 3457 3070 3525 ἁγίων
3110 3456 3450 3521 ἀποστόλων,
3489 3456 3564 3508 Οὔ
3610 3455 3717 3519 δεῖ,

2123 3552 2307 3620 φησὶν,
2340 3554 2397 3603 ὲν
2428 3551 2549 3613 ταῖς
2574 3548 2683 3603 τῶν
2713 3548 2916 3621 ἑορτῶν
2947 3549 3206 3619 ἡμέραις,
3242 3546 3515 3600 σαϐϐάτου
3547 3546 3718 3616 τυχὸν

2121 3648 2216 3696 καὶ
2265 3643 2572 3713 κυριακῆς.
2618 3641 2652 3715 ἢ
2704 3640 3100 3714 οἱασδηποτοῦν
3144 3641 3374 3711 ἑτέρας,
3423 3641 3568 3694 οἴνου
3620 3638 3718 3694 καὶ

2122 3733 2301 3805 κρεῶν
2339 3733 2414 3797 ὡς
2460 3734 2839 3804 βδελυγμὲνων
2880 3732 3207 3803 ἀπέχεσθαι.
3234 3733 3292 3785 '0
3335 3732 3393 3786 δὲ
3432 3731 3577 3784 οὕτω
3620 3731 3717 3785 καὶ

2124 3827 2336 3897 φρονῶν
2373 3828 2466 3880 καὶ
2505 3825 2705 3889 ποιῶν,
2740 3826 2816 3890 ὡς
2850 3826 2949 3898 τὴν
2989 3825 3128 3879 ίδίαν
3166 3822 3715 3895 κεκαυτηριασμὲνος

2126 3919 2453 3989 συνείδησιν,
2479 3919 2572 3972 καὶ
2600 3918 2898 3972 σκανδάλου
2924 3918 3037 3981 τοῖς
3064 3916 3281 3980 πολλοῖς
3306 3915 3595 3985 γινόμενος
3621 3914 3715 3968 cf-

2122 4028 2265 4075 τιος,
2299 4012 2347 4064 εί
2377 4011 2477 4082 μὲν
2500 4012 2594 4065 τοῦ
2623 4012 2830 4084 κλήρου
2859 4013 2945 4082 εἴη
2964 4053 2979 4078 ,
3008 4008 3418 4082 καθαιρείσθω’
3449 4010 3497 4062 εἱ
3525 4008 3585 4062 δὲ
3612 4006 3711 4062 τοῦ

2121 4103 2286 4168 λαοῦ,
2321 4104 2665 4173 ἀφοριξὲσθω
2688 4121 2702 4135 ο
2738 4106 2786 4157 εί
2827 4106 2902 4175 μή
2948 4104 3050 4159 πού
3085 4121 3172 4167 τις
3213 4103 3271 4157 ὲν
3308 4103 3713 4172 ἀφορισμέναις

2122 4196 2342 4266 ἡμερῶν
2370 4194 2636 4266 περιόδοις
2668 4193 2874 4260 ἀσκῶν,
2905 4194 3090 4264 eam;
3120 4196 3243 4256 ταῖς
3275 4193 3468 4256 ἄλλαις
3501 4195 3605 4246 κάν
3631 4192 3709 4263 τῷ

2123 4287 2386 4358 Σαϐϐάτῳ
2418 4286 2515 4341 καὶ
2545 4287 2611 4356 τῇ
2648 4286 2900 4356 κυριακῇ
2931 4287 3191 4357 τηρήσειε
3222 4285 3322 4356 τὴν
3354 4285 3703 4356 ἐγκράτειαν.

2131 4376 2192 4433 '0
2233 4379 2289 4432 δὲ
2330 4379 2432 4448 τῆς
2476 4379 2535 4431 ὲν
2565 4377 2814 4450 ’Δγκύρᾳ
2858 4377 2943 4444 ιδ’,
2977 4380 3089 4441 τοῖς
3126 4376 3306 4447 κρεῶν
3340 4376 3711 4446 ἀπεχομένας

2121 4471 2210 4525 διά
2237 4472 2491 4541 ἄσκησιν,
2518 4469 2777 4538 γεύεσθαι
2808 4469 2967 4540 μόνον
2999 4468 3089 4522 ἐπὶ
3119 4468 3229 4521 τῶν
3262 4467 3537 4531 συνάξεων
3565 4485 3707 4537 παρ-

440 4556 634 4623 syuodi
674 4560 924 4627 prmcipit
957 4560 1047 4622 iis,
1085 4562 1174 4629 qui
1211 4562 1488 4617 abstinent
1516 4581 1546 4620 a
1575 4570 1836 4623 carnibus
1868 4588 2016 4625 exer-

2123 4537 2421 4634 εγγυᾶται·
2458 4565 2551 4617 καὶ
2585 4562 2779 4625 οὕτως,
2810 4537 2862 4615 εί
2898 4561 3172 4633 βούλοιντο
3203 4561 3302 4629 τὴν
3338 4558 3544 4612 τούτων
3577 4557 3707 4611 ἑδω-

438 4647 718 4703 citationis
762 4666 955 4717 causa,
1001 4652 1268 4707 duntaxat
1314 4664 1371 4709 ut
1413 4671 1505 4711 eas
1548 4658 1599 4713 in
1648 4664 2014 4719 conventibus

438 4741 674 4808 publicis
725 4742 1031 4812 degustvul.
1082 4746 1259 4816 Atque.
1311 4747 1381 4801 ita
1433 4749 1477 4802 si
1531 4752 2009 4810 manducationem

438 4847 624 4885 earum
660 4832 949 4889 admittere
992 4838 1188 4902 nolint,
1242 4841 1435 4894 saltem
1498 4841 1706 4897 olerum
1759 4862 1884 4899 cum
1931 4849 2011 4902 eis

437 4935 717 4977 coctorum
753 4930 1154 5000 perceptiOnem
1223 4949 1331 4986 non
1366 4943 1666 4989 recusent:
1704 4944 1763 4989 ut
1795 4937 1895 4992 hac
1932 4954 2019 4993 ra-

436 5017 586 5069 tione
620 5032 835 5072 onmem
873 5025 1116 5077 scandali
1153 5029 1503 5081 occasionem
1536 5028 1779 5082 adimant
1809 5030 1897 5093 iis,
1924 5031 2017 5100 qui

438 5118 631 5177 psuaut
679 5109 826 5179 ipsos
872 5113 1295 5172 abominationis
1331 5134 1497 5173 rausa
1540 5120 1801 5175 carnibus
1842 5123 2017 5176 absti—

435 5216 586 5255 nere.
622 5201 687 5255 Et
745 5203 966 5273 quidem
1002 5205 1251 5274 inprimis
1281 5225 1376 5263 eos
1410 5211 1553 5264 vesci
1589 5213 1851 5267 carnibus
1879 5230 2012 5267 con-

434 5293 586 5347 venit
619 5293 687 5348 iis
719 5296 936 5361 diebus,
970 5298 1173 5366 quibus
1204 5300 1442 5355 lueretici
1481 5303 1703 5372 quidam
1742 5321 1834 5373 per
1863 5306 2009 5375 jeju-

441 5384 591 5437 nium
641 5388 709 5438 ab
743 5388 825 5441 eis
864 5388 1140 5443 abstinere.
1179 5393 1356 5445 solent
1399 5412 1413 5446 :
1461 5410 1528 5447 ne.
1573 5394 1655 5448 eis
1698 5397 2010 5451 consentire

437 5474 751 5533 videantur.
780 5477 1087 5534 Praesertim
1122 5482 1166 5537 si
1200 5481 1337 5535 forte
1368 5484 1566 5552 degant
1593 5486 1644 5538 in
1675 5486 1828 5548 urbe,
1853 5488 2011 5556 cuius

434 5568 670 5622 maxima
722 5585 850 5639 pars
890 5572 995 5627 hoc
1036 5574 1228 5628 morbo
1273 5575 1501 5629 laboret.
1535 5575 1689 5642 Quod
1734 5578 1781 5632 si
1813 5581 2012 5635 cauoni

2120 4658 2217 4731 δὴν
2247 4658 2320 4729 μὴ
2345 4654 2689 4725 προσίεσθαι,
2713 4653 2848 4707 ἀλλά
2870 4668 2934 4720 γε
2958 4654 3067 4705 τῶν
3096 4651 3473 4719 συνεψομένων
3499 4648 3706 4713 τούτοις

2120 4749 2370 4818 λαχάνων
2402 4747 2476 4817 μὴ
2504 4746 2899 4799 ἀπαναίνεσθαι
2930 4745 3026 4813 τὴν
3057 4740 3358 4812 μετάληψιν
3378 4760 3390 4771 ·
3422 4740 3499 4803 ὡς
3529 4742 3592 4794 ἂν
3618 4742 3704 4791 ἑν·-

2117 4841 2308 4895 τεῦθεν
2334 4841 2510 4893 πᾶσαν
2537 4841 2806 4909 πρόφασιν
2830 4837 3127 4891 σκανδάλου
3155 4834 3450 4905 περιέλωσι
3473 4834 3580 4886 τῶν
3601 4835 3705 4885 oio-

2120 4936 2295 5005 μένων
2316 4931 2540 4994 τούτους
2560 4931 2647 4985 διὰ
2672 4931 2956 4999 βδελυρίαν
2976 4930 3085 4981 τῶν
3102 4927 3360 5002 τοιούτων
3380 4924 3702 4995 ἀπέχεσθαι.

2116 5026 2226 5081 Καὶ
2252 5026 2348 5094 οὐχ
2374 5025 2574 5095 ἥκιστα
2599 5023 2811 5085 τούτοις
2840 5022 3122 5075 ἑστιᾶσθαι
3152 5022 3396 5089 προσῆκε
3425 5018 3549 5070 κατ’
3565 5015 3698 5068 ἐκεί·
3760 5074 3763 5081 η

2114 5135 2210 5180 νας
2229 5118 2338 5171 τῶν
2361 5116 2600 5188 ἡμερῶν,
2627 5117 2787 5185 ἡνίκα
2812 5114 2917 5167 τῶν
2942 5111 3234 5184 αίρετικῶν
3260 5111 3391 5163 ἔνιοι
3420 5108 3701 5179 νηστεύειν

2116 5211 2224 5265 ἀπὸ
2256 5211 2461 5263 τούτων
2494 5207 2771 5272 εἰώθασιν,
2804 5207 2897 5270 ὡς
2919 5206 2984 5259 ἂν
3024 5205 3097 5277 μὴ
3140 5202 3462 5274 συμϐαίνειν
3493 5199 3700 5264 δόξαιεν

2117 5301 2197 5372 τῷ
2230 5302 2451 5355 ἐκείνων
2481 5301 2809 5369 φρονήματι.
2848 5298 2956 5350 Καὶ
2994 5297 3226 5366 μάλιστα
3262 5295 3309 5346 εἰ
3338 5293 3555 5363 τύχοιεν
3587 5292 3701 5341 ὲπι-

2119 5394 2481 5467 χωριάζοντες
2529 5393 2712 5453 πόλει.
2757 5391 2819 5444 τὸ
2871 5389 3227 5457 πλεῖστογεη
3278 5386 3435 5456 μέρει
3477 5382 3699 5437 τοιαῦτα

2120 5486 2384 5560 νοσούσῃ’
2425 5488 2474 5540 εἰ
2511 5486 2568 5540 δὲ
2612 5483 2686 5555 μὴ
2728 5483 3002 5536 ύπείκοιεν
3037 5480 3117 5549 τῷ
3158 5478 3367 5544 κανόνι,
3405 5475 3698 5548 κληρικοὺς

2123 5581 2221 5652 μὲν
2251 5579 2410 5644 ὄντας
2438 5580 2535 5649 τῆς
2566 5577 2865 5651 ἱερωσύνης
2896 5574 3221 5647 ἀπογυμνοῖ.

437 5677 546 5717 non
592 5663 996 5736 obtemperent,
1043 5677 1098 5724 et
1149 5671 1332 5725 clerici
1388 5669 1519 5737 sint,
1560 5686 1655 5726 eos
1704 5674 2015 5732 sacerdotio
2052 5676 2274 5747 spoliat.

1726 5785 1962 5842 VARUE
1997 5786 2286 5845 LECTION
2296 5786 2396 5842 ES.

516 5874 557 5905 ”
580 5880 1149 5950 κεκαυτηριατμένων.
1267 5879 1309 5913 ¹⁸
1337 5880 1776 5936 ἐπανατείνεται.

1894 5881 1935 5914 ¹⁶
1968 5881 2045 5955 τῷ
2089 5882 2325 5951 πλείστῳ
2356 5898 2442 5950 γε.
