3990 6586
249 400 394 471 1249

1553 395 2264 462 ῦΒΛΞΟΟ-ΒΟΜΑΝΗΜ.

3378 411 3516 478 1250

235 511 375 579 Περὶ
430 507 638 579 γάμων
678 522 796 559 των
837 500 1138 585 κληρικῶτ·
1177 500 1694 573 ἐπιτετραμμένων
1734 501 1831 556 καί

2025 507 2100 562 De
2147 509 2346 578 nuptiis
2397 509 2712 566 clericorum
2753 515 3013 570 concessis
3053 529 3100 571 et
3143 518 3442 585 prohibitis.

815 572 1266 642 κεκωλυμένων.

316 694 376 743 '0
417 691 533 743 τῶν
578 689 746 756 ἀγίων
790 685 1103 740 ἀποστόλων
1147 683 1390 746 εἰκοστὸς
1434 684 1590 748 ἕκτος
1632 686 1834 750 κανὼν,

235 782 328 838 καὶ⁵
362 783 391 834 ὁ
423 782 588 845 ἕκτος
621 782 716 850 τῆς
747 781 910 848 ἕκτης
942 777 1184 839 συνόδου,
1215 777 1306 828 καὶ
1335 777 1362 828 ό
1393 777 1491 844 τῆς
1519 777 1576 828 ἐν
1610 776 1833 846 Καρθα-

235 875 364 948 γένῃ
412 872 517 937 ις’,
556 874 668 934 τοῖς
708 871 786 940 τῷ
826 871 1012 940 κλήρῳ
1052 867 1495 936 κατειλεγμένοις
1519 909 1530 930 ,
1569 867 1662 920 καί⁸
1701 869 1860 920 ἀνα-η

236 966 492 1034 γνώστας
515 964 594 1016 ἔτι
622 963 716 1016 καὶ
736 961 945 1030 ψάλτας
962 959 1198 1026 τελοῦσι,
1219 959 1468 1028 νομίμως
1490 960 1834 1029 συγχωροῦσι

234 1057 456 1124 γαμεῖν.
491 1055 651 1106 Μετά
683 1051 739 1104 δέ
772 1067 835 1118 γε
869 1051 930 1102 τὸ
963 1051 1040 1112 είς
1078 1048 1284 1118 βαθμὸν
1319 1047 1664 1118 προαχθῆναι
1701 1049 1834 1100 ὑπο-

234 1145 489 1199 διακόνου
534 1145 564 1214 ἢ
605 1142 876 1207 διακόνου,
919 1143 950 1210 ἢ
995 1141 1390 1210 πρεσόυτέρου,
1429 1142 1530 1193 οὐκ
1573 1140 1672 1195 ἔτι.
1715 1140 1835 1192 Τῶν

233 1237 341 1305 γὰρ
374 1235 697 1305 ἱερωμένων
727 1235 852 1298 τοὺς
888 1232 1023 1303 πρὸς
1052 1232 1228 1300 γάμον
1259 1231 1604 1294 ὲκκλίνοντας
1633 1231 1830 1286 καθαμ

235 1330 423 1400 ροῦσιν
461 1328 648 1392 εὐθύς.
688 1328 796 1382 Kai.
832 1331 861 1381 ό
897 1328 1113 1398 πρῶτος
1152 1327 1259 1395 γάρ
1295 1328 1393 1396 τῆς
1428 1329 1485 1379 ὲν
1524 1327 1832 1380 Νεοκαισα-

235 1424 380 1493 ρείᾳ,
410 1423 508 1476 τὸν
531 1421 690 1491 δῆθεν
713 1419 961 1490 νομίμως
987 1419 1204 1487 γυναικὶ
1231 1418 1567 1487 συναφθέντα
1592 1417 1832 1488 πρεσϐύ-

231 1531 391 1585 τερον
417 1515 524 1582 τῆς
553 1511 850 1584 ἱερωσύνης
877 1513 1204 1580 ἀπογυμνοί.
1231 1509 1297 1565 Οί
1324 1512 1380 1564 δὲ
1403 1509 1502 1578 τῆς
1535 1508 1586 1573 ς’
1609 1510 1828 1563 συνόδου

233 1608 366 1660 θεῖοι
395 1605 647 1674 Πατέρες
671 1603 1070 1674 ἀνατρέποντες
1089 1602 1151 1654 τὸ
1175 1603 1232 1654 ὲν
1254 1603 1320 1672 τῇ
1346 1601 1589 1655 Λατίνων
1605 1600 1834 1669 Ἐκκλη-

234 1697 325 1765 σία
355 1697 647 1764 κρατῆσαν
676 1693 828 1754 ἔθος,
860 1693 920 1744 τὸ
949 1693 1072 1754 τοὺς
1111 1693 1620 1762 χειροτονουμένους
1651 1691 1834 1760 ἱερέας

231 1803 290 1839 τε
317 1787 414 1838 καὶ
442 1785 726 1849 διακόνους
752 1783 966 1846 πίστεις
993 1784 1257 1853 πρότερον
1281 1783 1518 1850 διδόναι,
1548 1779 1583 1853 ἦ
1614 1785 1720 1853 μὴν
1743 1799 1832 1836 τε-

2006 685 2196 740 Canon
2252 703 2376 743 xxvt
2428 697 2745 745 sanctorum
2792 694 3186 764 apostolorum,
3225 709 3280 752 et
3327 713 3516 757 sextus

1935 776 2123 842 synodi
2155 785 2341 840 sextae,
2373 787 2430 831 et
2459 794 2548 833 xvt
2587 781 2811 835 concilii
2857 782 3352 852 Carthaginiensis,
3389 806 3514 856 per-

1936 867 2160 920 mittunt
2191 867 2280 931 iis,
2300 868 2392 936 qui
2424 869 2573 924 clero
2599 873 2976 939 continentur,
2991 884 3047 930 et
3073 877 3255 931 adhuc
3285 878 3516 936 lectores

1937 965 1990 1010 et
2035 968 2289 1014 cantores
2327 970 2478 1026 sunt,
2517 971 2578 1016 ut
2615 964 2885 1032 legitimas
2918 971 3137 1038 nuptias
3163 973 3513 1030 contrahant.

1940 1047 2135 1102 Verum
2209 1068 2317 1105 non
2369 1055 2628 1124 amplius,
2693 1067 2980 1130 postquam
3030 1065 3267 1129 provecti
3315 1067 3517 1122 fuerint

1934 1141 2000 1192 ad
2034 1145 2262 1207 gradum
2298 1145 2646 1214 subdiaconi,
2684 1151 2767 1204 vel
2795 1152 3034 1218 diaconi,
3067 1155 3150 1209 vel
3188 1158 3514 1228 presbyteri.

1934 1225 2068 1282 Nam
2103 1231 2350 1287 initiatos
2394 1238 2730 1301 sacerdotio,
2758 1240 2852 1307 qui
2882 1243 2947 1296 ad
2981 1225 3392 1301 matrimonium
3419 1251 3517 1305 de-

1934 1319 2180 1386 ﬂectunt,
2205 1327 2390 1380 statim
2425 1329 2704 1384 abdicant.
2731 1333 2906 1387 Etiam
2945 1337 3154 1403 primus
3179 1353 3355 1393 canon
3385 1357 3518 1395 con-

1937 1415 2051 1467 cilii
2113 1415 2578 1474 Neocwsariensis
2635 1423 3062 1494 presbyterum,
3115 1430 3211 1497 qui
3274 1431 3514 1500 legitime

1934 1503 2222 1571 copulatus
2271 1509 2428 1562 uxori
2478 1508 2666 1572 fuerit,
2724 1511 3040 1572 sacerdotio
3087 1515 3259 1568 exuit.
3315 1515 3510 1572 Verum

1935 1597 2076 1648 sexti
2129 1598 2352 1652 concilii
2407 1599 2584 1654 divini
2646 1601 2837 1657 Patres
2892 1618 3009 1658 eam
3060 1609 3512 1663 consuetudinem

1935 1681 2242 1748 abolentes,
2271 1702 2393 1754 qua;
2429 1688 2483 1740 in
2519 1688 2762 1743 Ecclesia
2796 1690 3112 1746 Latinorum
3148 1695 3400 1760 invaluit,
3432 1698 3514 1751 vi-

1935 1773 2136 1827 delicet
2182 1785 2242 1830 ut
2281 1779 2600 1835 sacerdotes
2635 1793 2691 1836 et
2735 1782 2977 1850 diaconi,
3023 1786 3116 1854 qui
3166 1789 3514 1854 ordinantur,

231 1876 366 1940 λέως
411 1879 556 1946 μετά
587 1876 684 1946 τὴν
718 1851 1054 1946 χειροτονίαν
1087 1851 1380 1944 ἀφέξεσθαι
1411 1875 1519 1927 τῶν
1555 1851 1829 1944 έιρδίταύ-

1936 1865 2090 1932 prius
2127 1867 2285 1920 tidem
2323 1867 2478 1933 deut,
2513 1871 2658 1939 quod
2688 1873 2915 1928 omnino
2951 1851 3075 1943 post
3109 1851 3514 1935 ordinationem

232 1985 330 2032 τίς
359 1969 614 2038 νομίμως
647 1966 1042 2036 συζευχθεισῶν
1066 1967 1252 2030 αὐτοῖς
1279 1967 1553 2035 γυναικῶν
1575 1983 1589 1997 ·
1619 1968 1830 2038 Ἡμεῖς,

234 2061 391 2124 φασὶ,
429 2059 529 2110 καὶ
568 2057 708 2128 μετά
737 2058 836 2128 τὴν
869 2059 1206 2128 χειροτονίαν
1239 2058 1515 2130 ἐρρῶσθαι
1548 2060 1614 2112 τά
1651 2077 1828 2112 συνοι-

235 2150 396 2201 κέσια
435 2149 746 2220 βουλόμεθα
779 2149 888 2202 τῶν
921 2151 1084 2214 ἀξίως
1115 2149 1217 2220 τῆς
1256 2151 1553 2220 ἱερωσύνης
1589 2151 1834 2222 ἠξιωμέ-

233 2258 360 2305 νων,
390 2243 483 2296 ἶνα
512 2243 587 2312 μὴ
614 2244 702 2295 τὸν
730 2243 1090 2312 εὐλογηθέντα
1113 2246 1178 2313 τῇ
1205 2243 1297 2296 τοῦ
1328 2244 1531 2313 Κυρίου
1563 2248 1834 2318 παρουσίᾳ

234 2332 411 2403 γάμον
443 2333 700 2402 λάθωμεν
731 2333 1065 2404 ὑδρίζοντες,
1094 2335 1188 2387 καὶ
1217 2334 1443 2406 προσέτι
1475 2337 1833 2406 ἀποφηναμέ-

233 2440 347 2490 νου,
382 2424 421 2477 ἂ.
461 2427 490 2477 ό
527 2423 657 2487 Θεὸς
700 2425 1041 2490 συνέζευξεν,
1082 2425 1368 2495 ἄνθρωπος
1410 2427 1486 2497 μὴ
1525 2429 1827 2498 χωριζέτω.

234 2517 343 2570 Ka‘t
378 2517 490 2586 μὴν
523 2516 618 2570 καὶ
649 2519 676 2570 ὁ
697 2517 1014 2580 Ἀπόστολος
1045 2519 1223 2586 τίμιον
1255 2513 1395 2572 εἶναι
1430 2519 1577 2587 λέγει
1607 2521 1696 2572 τὸν
1726 2521 1829 2587 γά-

239 2625 361 2678 μον,
404 2610 504 2662 κα)⁵
546 2608 642 2679 τὴν
685 2608 873 2678 κοίτην
907 2610 1191 2679 ἀμίαντον.
1230 2611 1341 2665 Kal.
1387 2611 1571 2665 πάλιν·
1612 2612 1832 2666 Δέδεσαι

238 2703 500 2767 γυναικί;
543 2702 618 2772 μὴ
653 2701 806 2770 ζήτει
841 2700 1014 2754 λύσιν.
1051 2702 1111 2753 '0
1144 2703 1326 2756 τοίνυν
1357 2704 1678 2774 ἀποστερῶν
1713 2705 1830 2758 διά-

237 2812 415 2861 κονον,
450 2796 486 2866 ἢ
525 2795 898 2858 ὑποδιάκονον,
932 2795 964 2863 ἢ
1003 2795 1392 2866 πρεσϐύτερον,
1426 2798 1525 2859 τῆς
1561 2800 1696 2868 πρὸς
1729 2799 1828 2869 τὴν

239 2889 472 2956 νόμιμον
530 2891 764 2954 γυναῖκα
823 2887 1155 2955 συναφείας,
1208 2887 1599 2957 καθαιρείσθω.
1645 2890 1832 2952 Ἐκτὸς

239 2980 550 3051 ὡρισμένου
599 2979 662 3049 δή
713 2995 857 3041 τινος
906 2979 1129 3049 καιροῦ,
1179 2979 1267 3030 ὅτε
1319 2979 1718 3048 μεταχειρίζειν
1765 2980 1834 3033 τὰ

239 3069 370 3137 aria
407 3068 659 3138 μέλλοιεν
683 3083 697 3099 ο
730 3069 817 3121 ἴνα
849 3066 1083 3138 καθαροὶ
1115 3066 1191 3136 τῷ
1225 3067 1450 3135 καθαρῷ
1489 3069 1830 3139 προσιόντες,

238 3161 345 3214 τῶν
376 3161 702 3230 αἰτημάτων
741 3159 816 3230 μὴ
847 3159 1224 3229 διαμάρτοιεν.
1259 3158 1418 3211 Ἀλλά
1453 3158 1547 3211 καί
1581 3176 1692 3211 τισι
1724 3160 1832 3212 τῶν

241 3252 370 3321 περὶ
392 3253 497 3322 τὴν
521 3250 755 3304 Νίκαιαν
778 3249 879 3319 τὴν
904 3251 1128 3319 πρώτην
1157 3249 1586 3319 συστησαμένων
1612 3249 1831 3304 σύνοδον

242 3345 418 3397 ἐδόκει
465 3345 658 3414 μῶμον
693 3342 1030 3410 ἐπεισάγειν,
1068 3342 1428 3406 ἐπισκόπους,
1466 3341 1558 3394 καὶ
1594 3342 1833 3411 πρεσϐυ-

239 3437 454 3509 τέρους,
481 3437 761 3499 διακόνους
789 3452 847 3487 τε
876 3435 972 3487 καὶ
1001 3433 1392 3498 ὑποδιακόνους
1423 3433 1498 3505 μὴ
1526 3434 1832 3501 συγκαθεύ-

241 3529 350 3582 δειν
377 3530 517 3592 ὅλως
548 3531 666 3591 ταῖς
694 3529 984 3598 γαμεταῖς,
1011 3526 1078 3590 ἃς
1105 3527 1272 3597 πρινὴ
1305 3525 1550 3597 ἱερᾶσθαι
1583 3528 1832 3596 νομίμως

242 3621 533 3687 ἠγάγοντο.
566 3619 625 3673 '0
658 3620 840 3688 μέντοι
879 3618 1234 3685 Ιιαςρνούτιος,
1274 3619 1403 3686 μιᾶς
1431 3617 1541 3670 τῶν
1570 3619 1708 3671 κτιτά
1735 3619 1833 3680 ea;

242 3710 424 3777 Θήϐας
474 3710 683 3762 πόλεων
730 3710 1028 3772 ἐπίσκοπος
1073 3708 1184 3775 ῶν,
1232 3709 1371 3779 ἀνὴρ
1420 3710 1486 3762 ὲκ
1535 3710 1724 3772 παιδὸς
1775 3712 1832 3763 ἐν

242 3801 566 3872 άσκητηρίῳ
616 3801 1032 3870 τεθραμμένος,
1087 3801 1183 3854 καὶ
1234 3802 1414 3852 πᾶσαν
1467 3800 1833 3871 κατορθωκὼς

243 3891 465 3961 ἀρετὴν,
497 3893 590 3944 ἐπὶ
620 3891 946 3961 σωφροσύνῃ
976 3891 1032 3944 δὲ
1064 3891 1160 3944 καὶ
1194 3892 1426 3961 μάλιστα
1456 3890 1696 3959 γεγονὼς
1729 3908 1830 3943 πεο

247 3980 520 4050 ριϐόητος,
553 3983 614 4034 οὐ
661 3983 768 4052 μὴν
811 3981 944 4033 ἀλλά
987 3984 1080 4034 καὶ
1117 3982 1194 4051 τῷ
1233 3983 1331 4050 τῆς
1375 3981 1665 4051 ὁμολογίας
1707 3998 1832 4033 στε-

246 4070 398 4140 φάνῳ
443 4075 857 4144 κεκοσμημένος
894 4073 1107 4146 (ἅτερος
1149 4076 1255 4144 γὰρ
1299 4073 1447 4142 αὐτῷ
1483 4073 1590 4126 τῶν
1631 4073 1831 4142 ὀφθαλ-

248 4161 362 4225 μῶν
399 4162 468 4215 δι⁸
496 4164 774 4216 εὐσέϐειαν
812 4164 1213 4234 ὲξωρῶρυκτο),
1253 4167 1473 4218 ἀντεῖπε
1511 4167 1624 4228 τοῖς
1661 4163 1832 4229 οὕτως

245 4249 428 4320 ἔχουσι
462 4253 688 4324 γνώμης
705 4295 718 4318 ι
752 4255 932 4324 τίμιόν
966 4273 1024 4308 τε
1055 4257 1147 4308 τὸν
1178 4257 1354 4325 γάμον
1384 4255 1704 4320 ἀποκαλῶν,
1737 4255 1830 4307 καὶ

248 4345 605 4415 σωφροσύνην
651 4347 749 4417 τὴν
797 4349 932 4417 πρὸς
975 4350 1073 4410 τὰς
1126 4349 1260 4412 ἰδίας
1307 4349 1551 4417 γαμετὰς
1591 4346 1828 4416 ὁμιλίαν.

246 4437 642 4494 Συνεϐούλευσέ
677 4461 732 4495 τε
768 4447 833 4514 τῇ
869 4442 1102 4514 συνόδῳ,
1140 4445 1214 4513 μὴ
1248 4443 1490 4497 τοιοῦτον
1524 4442 1711 4494 θέσθαι
1745 4441 1831 4494 νό-

1935 1958 2216 2013 abstinere
2248 1963 2417 2014 velint
2456 1963 2525 2015 ab
2560 1965 2844 2031 uxoribus,
2885 1982 3008 2035 quas
3048 1979 3175 2024 ante
3204 1971 3515 2028 ordinatio-

1933 2065 2060 2103 nem
2112 2066 2237 2104 cum
2291 2052 2373 2106 cis
2425 2055 2697 2122 copulata:
2750 2056 2954 2112 fuerint
2990 2076 3004 2114 :
3047 2061 3184 2125 Nos,
3235 2063 3512 2131 inquiunt,

1935 2143 2101 2196 etiam
2158 2153 2282 2210 post
2335 2144 2736 2200 ordinationem
2793 2165 3016 2206 manere
3065 2152 3216 2206 ﬁrma
3265 2155 3515 2210 volumus

1933 2250 2122 2288 eorum
2159 2236 2528 2297 matrimonia.
2560 2239 2652 2304 qui
2695 2240 2859 2309 digne
2904 2245 3270 2299 sacerdotium
3306 2261 3507 2302 conse-

1934 2328 2048 2378 cuti
2082 2333 2232 2389 sunt,
2266 2342 2333 2378 ne
2368 2327 2678 2382 benedictas
2719 2329 2929 2382 Domini
2963 2333 3247 2400 praesentia
3287 2337 3511 2400 nuptias

1934 2417 2270 2470 contumelia
2317 2418 2624 2472 clanculum
2692 2419 3028 2487 adiiciamus;
3098 2424 3188 2491 qui
3252 2435 3513 2493 praeterea

1936 2511 2333 2578 pronuntiavit,
2385 2510 2656 2564 hominem
2703 2527 2962 2581 separare
2995 2529 3104 2568 non
3136 2516 3336 2571 debere
3396 2499 3516 2586 qua:

1935 2600 2077 2654 Deus
2109 2601 2480 2670 conjunxerit.
2518 2601 2828 2667 Quinetiam
2863 2605 3154 2673 Apostolus
3191 2606 3514 2665 honorabile

1933 2691 2067 2744 dicit
2097 2708 2220 2746 esse
2257 2695 2693 2758 matrimonium,
2719 2703 2775 2747 et
2806 2695 3004 2749 lectmn
3039 2700 3402 2766 impollutam.
3436 2702 3516 2756 Ac

1936 2800 2180 2848 rursum,
2215 2785 2482 2854 Alligatus
2520 2802 2579 2841 es
2613 2787 2873 2840 mulieri?
2914 2789 3241 2845 solutionem
3273 2808 3340 2846 ne
3367 2809 3514 2862 qua:-

1935 2877 2062 2930 rito.
2089 2876 2456 2942 Quamobrem
2489 2879 2580 2947 qui
2616 2880 2929 2945 diaconum,
2970 2884 3053 2937 vel
3085 2885 3509 2952 subdiaconnm,

1934 2967 2019 3018 vel
2054 2966 2430 3036 presbyterum
2471 2967 2862 3034 conjunctione
2895 2986 3018 3025 cum
3055 2988 3222 3028 uxore
3264 2973 3511 3044 legitima

1935 3059 2140 3127 privat,
2176 3059 2489 3128 deponitur.
2522 3059 2763 3130 Excepto
2795 3071 2974 3119 tamen
3009 3066 3237 3120 definito
3266 3067 3505 3136 quodam

1860 3185 1904 3243 ϐ
1939 3159 2206 3218 tempore,
2249 3165 2374 3204 cum
2410 3165 2570 3204 sacra
2607 3162 2736 3205 sunt
2777 3155 3061 3208 tractaturi
3093 3175 3108 3210 :
3152 3163 3212 3209 ut
3241 3157 3366 3223 puri
3407 3171 3512 3225 pu-

1938 3255 2057 3293 rum
2089 3240 2377 3302 adeuntes,
2415 3257 2603 3310 preces
2631 3257 2760 3298 suas
2795 3245 3103 3300 obtineant.
3151 3246 3324 3301 Etiam
3365 3263 3507 3303 non.

1936 3332 2102 3386 nullis
2124 3347 2336 3396 eorum,
2356 3333 2446 3400 qui
2472 3334 2614 3402 apud
2641 3333 2872 3390 Nicaeam
2901 3337 3138 3406 primum
3161 3339 3513 3394 celebrabant

1936 3423 2266 3487 concilium,
2303 3423 2588 3478 videbatur
2626 3425 2987 3480 ichhendant
3019 3443 3134 3482 rem
3168 3431 3512 3498 vituperabi-

1937 3515 2064 3579 lcm,
2099 3524 2155 3568 ut
2189 3516 2452 3586 episcopi,
2481 3525 2534 3570 et
2576 3517 2903 3588 presbyteri,
2932 3525 2987 3572 et
3013 3520 3258 3584 diaconi,
3292 3530 3347 3576 et
3379 3523 3514 3577 sub-

1935 3607 2173 3672 diaconi,
2210 3623 2336 3662 cum
2369 3609 2630 3664 uxoribus
2662 3612 2779 3664 suis
2808 3611 3033 3664 omnino
3069 3627 3178 3665 non
3225 3614 3510 3679 cubarcnt,

1936 3719 2076 3772 quas
2118 3706 2272 3773 prius
2305 3705 2611 3770 duxissent,
2642 3721 2804 3774 quam
2867 3707 3194 3762 sacerdotiis
3231 3710 3484 3763 inltiaren

1937 3804 2045 3849 tur.
2103 3795 2304 3850 Verum
2365 3796 2730 3865 Paplmutius,
2785 3799 2948 3851 unius
2999 3799 3066 3853 ad
3125 3799 3339 3855 Thebas
3389 3802 3512 3856 sitm

1936 3888 2172 3942 civitatis
2203 3887 2521 3956 episcopus,
2559 3890 2648 3955 qui
2691 3888 2772 3942 vir
2811 3903 2841 3941 a
2890 3891 3358 3956 puero-educatus
3393 3902 3512 3946 crat

1937 3981 1989 4033 in
2029 3980 2150 4033 loco
2194 3979 2297 4047 piis
2329 3980 2606 4034 exercitiis
2647 3980 2851 4045 dicato,
2895 3989 2949 4034 et
2996 3996 3210 4035 omnem
3255 3986 3508 4038 virtutem

1935 4069 2176 4138 perfecte
2219 4069 2488 4134 coluerat,
2531 4084 2595 4122 ac
2643 4069 2697 4122 in
2745 4068 2937 4138 primis
2981 4069 3202 4126 nomine
3237 4076 3508 4128 castitatis

1935 4160 2355 4226 eclebrabatur;
2405 4159 2518 4214 imo
2555 4161 2644 4230 qui
2688 4161 3052 4216 confessionis
3096 4162 3259 4218 etiam
3306 4179 3508 4219 corona

1935 4250 2114 4306 fuerat
2146 4261 2396 4313 ornatus,
2431 4252 2573 4320 quod
2608 4251 2745 4304 alter
2773 4252 2968 4306 oculus
3001 4253 3048 4306 ei
3087 4263 3308 4322 propter
3339 4255 3508 4323 pieta-

1937 4352 2044 4398 tem
2084 4343 2320 4399 eﬂ‘ossus
2361 4353 2544 4410 esset;
2589 4345 2732 4399 hanc
2776 4346 3100 4400 sententiam
3147 4347 3507 4414 probantibus

1935 4435 2286 4501 contradixit,
2319 4451 2443 4490 cum
2483 4435 2829 4491 honorabiles
2868 4452 2988 4492 esse
3022 4438 3227 4492 diceret
3259 4446 3500 4507 nuptias,

251 4546 366 4597 μον,
401 4533 664 4605 δυσχερὲς
697 4530 834 4589 εἶναι
867 4539 979 4598 τοῖς
1011 4539 1066 4586 ὲν
1099 4536 1288 4606 κόσμῳ
1321 4535 1570 4602 διάγουσι
1603 4534 1662 4587 τὸ
1693 4535 1831 4603 πρᾶ-

1936 4537 1988 4583 et
2023 4530 2476 4584 consuetudinem
2506 4544 2630 4583 cum
2666 4530 2931 4584 uxoribus
2959 4531 3254 4599 appellaret
3284 4536 3508 4586 castita-

247 4637 358 4691 γμα
399 4627 592 4695 φέρειν
625 4627 1081 4697 ἀποφαινόμενος,
1113 4630 1272 4690 Ἴσως
1305 4627 1412 4698 γὰρ
1445 4626 1538 4680 τοῦ
1572 4627 1696 4693 τόγε
1735 4626 1831 4680 καὶ

249 4707 430 4777 αὐτοῖς
466 4717 586 4778 ταῖς
619 4715 824 4768 τούτων
857 4719 1125 4785 γαμεταῖς
1160 4716 1256 4770 τοῦ
1297 4716 1372 4787 μὴ
1413 4719 1710 4786 σωφρονεῖν
1745 4718 1830 4770 ai-

247 4800 334 4854 τία
371 4806 664 4872 γενήσεται
690 4807 755 4860 ’⁷.
793 4809 950 4861 Κατά
988 4809 1044 4862 δὲ
1075 4810 1173 4878 τὴν
1205 4809 1437 4878 ἀρχαίαν
1471 4811 1569 4880 τῆς
1603 4808 1831 4879 Ἐκκλη-

249 4891 369 4956 σία;
419 4898 756 4967 παράδοσιν,
806 4898 931 4962 τοὺς
977 4899 1076 4967 μὲν
1115 4900 1362 4969 ἀγάμους
1405 4899 1499 4953 τοῦ
1553 4899 1827 4969 ἱερατικοῦ

248 4984 526 5055 τάγματος
570 4989 1040 5058 κοινωνήσαντας,
1089 4990 1286 5059 μηκέτι
1329 4992 1560 5060 γαμεῖν
1603 4991 1726 5054 τοὺς
1769 4990 1827 5042 δὲ

253 5076 390 5140 μετὰ
427 5078 520 5128 τὴν
559 5077 735 5146 γάμον
772 5080 850 5141 εἰς
893 5079 1195 5149 ίερωσύνην
1231 5079 1712 5150 προϐιϐασθέντας,
1751 5074 1828 5134 ὧν

250 5163 433 5232 ἔχουσι
479 5169 733 5236 γαμετῶν
776 5171 850 5241 μὴ
897 5172 1250 5242 χωρίζεσθαι.
1293 5173 1400 5224 Kal.
1445 5173 1614 5226 ταῦτα
1660 5173 1758 5243 μὲν
1802 5174 1830 5226 ὁ

253 5253 608 5325 Παφνούτιος,
642 5259 843 5330 καίπερ
875 5262 1051 5331 γάμου
1087 5262 1312 5332 ἄπειρος
1346 5259 1440 5317 ῶν.
1475 5261 1736 5332 Ἐπῄνεσε
1769 5261 1826 5316 δὲ

251 5344 346 5414 τὴν
377 5349 471 5400 τοῦ
508 5349 797 5404 θεσπεσίου
831 5352 1021 5423 ἀνδρὸς
1055 5354 1342 5423 είσήγησιν
1372 5353 1466 5406 καὶ
1499 5353 1531 5423 ἡ
1570 5353 1822 5418 σύνοδος,

253 5440 348 5489 καὶ
378 5440 530 5494 οὐδὲν
563 5443 690 5513 περὶ
723 5442 912 5495 τούτου
943 5445 1398 5516 νενομοθέτηκεν,
1433 5445 1567 5499 ἀλλά
1598 5449 1662 5514 τῇ
1698 5445 1827 5499 ἐκάο

253 5538 380 5580 στου
406 5529 598 5603 γνώμῃ
621 5533 682 5586 τὸ
711 5534 962 5604 πρᾶγμα,
991 5535 1082 5589 καὶ
1109 5536 1207 5590 οὐκ
1233 5536 1445 5607 ἀνάγκη
1471 5535 1658 5588 θέσθαι
1684 5535 1828 5589 νενό-

1942 4628 2071 4671 tem.
2107 4615 2369 4686 Adeoque
2402 4617 2612 4686 synodo
2651 4626 2845 4670 auctor
2879 4626 3020 4680 erat,
3052 4635 3118 4674 ne
3159 4620 3329 4689 legem
3367 4622 3506 4676 hanc

1936 4709 2349 4777 promulgarent
2391 4723 2402 4757 :
2442 4708 2586 4776 quod
2622 4706 2765 4761 hanc
2798 4723 2909 4762 rem
2943 4710 2996 4762 in
3031 4711 3234 4765 mundo
3265 4712 3508 4779 degenti-

1937 4797 2040 4852 bus
2085 4797 2317 4851 tolcratu
2364 4795 2636 4851 diliicilcm
2671 4798 2896 4852 diceret.
2930 4797 3062 4852 Nam
3111 4802 3362 4858 fortassis
3404 4803 3508 4860 hoc

1936 4897 2044 4945 tam
2080 4890 2235 4960 ipsis,
2267 4904 2430 4958 quam
2472 4889 2714 4958 ipsorum
2752 4889 3036 4957 uxoribus,
3065 4907 3290 4949 causam
3323 4895 3505 4951 minus

1934 4990 2085 5038 caste
2111 4981 2327 5036 vivendi
2355 4981 2729 5052 praebiturum.
2758 4983 2834 5038 Ex
2868 4984 3044 5051 prisca
3068 4986 3284 5055 quidem
3316 4987 3504 5044 Eccle-

1931 5075 2028 5130 sia:
2067 5074 2386 5142 traditione,
2429 5082 2695 5144 quotquot
2744 5084 2994 5144 expertes
3043 5080 3376 5134 matrimonii
3415 5097 3506 5136 sa-

1932 5170 2264 5226 cerdotalem
2309 5169 2364 5224 in
2405 5168 2654 5224 ordinem
2686 5170 2924 5238 cooptati
2958 5170 3211 5237 fuissent,
3243 5187 3350 5226 nou
3384 5189 3504 5227 am-

1933 5261 2078 5331 plius
2125 5273 2324 5314 uxores
2371 5257 2568 5313 ducere
2609 5275 2623 5312 :
2669 5260 2760 5329 qui
2804 5275 2935 5314 vero
2987 5269 3111 5329 post
3160 5268 3504 5318 contractum

1934 5350 2346 5406 matrimonium
2379 5349 2552 5404 evecti
2582 5358 2766 5404 essent
2794 5351 2860 5405 ad
2893 5350 3284 5416 sacerdotium,
3309 5367 3404 5407 eos
3433 5355 3501 5408 ab

1935 5441 2220 5506 uxoribus,
2250 5454 2388 5511 quas
2422 5439 2678 5504 habeant,
2714 5455 2820 5494 non
2854 5440 3119 5510 separari.
3152 5439 3217 5493 Et
3247 5439 3365 5496 ba‘c
3390 5442 3505 5512 qui-

1933 5534 2054 5589 dem
2079 5532 2439 5604 Paphnutius,
2479 5549 2790 5604 quanquam
2815 5533 2931 5603 ipse
2951 5532 3288 5590 matrimonii
3312 5550 3506 5606 expers

1511 5715 1744 5773 VAlllA‘J
1804 5715 2205 5773 LECTIONES.

361 5809 400 5840 ⁸⁷
435 5809 779 5882 γενήσεσθαι.
