3882 6576
436 392 574 464 ιιιιι

1725 387 1760 449 Ι
1767 387 1864 449 US
1889 385 2337 448 CANONICUM

3543 380 3681 445 1252

433 513 602 562 esset.
640 498 984 559 Collaudavit
1013 497 1314 554 orationem
1352 495 1592 553 hominis
1623 493 1794 551 divini
1829 509 2000 564 syno-

2111 511 2288 564 μικεν.
2314 492 2471 547 Οὕτω
2496 492 2753 564 θεοφιλὴς
2775 494 2804 547 ό
2830 495 3169 565 Παφνούτιος
3192 490 3348 560 οὗτος
3373 491 3462 568 ἦν,
3493 497 3570 560 ὡς
3598 494 3692 551 καὶ

425 597 555 662 dus,
586 610 764 665 neque
793 593 860 648 de
885 594 987 648 hoc
1013 591 1307 662 quidquam
1341 587 1725 660 promulgavit,
1756 587 1850 642 sed
1883 601 1996 640 rem

427 687 657 743 arbitrio
709 683 954 755 cujusvis
999 679 1478 743 committendam,
1540 693 1648 733 non
1703 677 1998 742 coactioni,

429 778 647 834 statuit.
680 775 830 830 Adeo
860 787 992 828 vero
1021 771 1313 840 religiosus
1342 777 1462 825 erat
1495 770 1600 825 iste
1632 767 1998 838 Paphnutius,

427 883 487 926 ut
514 872 678 926 etiam
713 865 1033 924 admiranda
1065 865 1311 935 quaedam
1341 863 1586 934 prodigia
1621 877 1717 933 per
1743 875 1868 916 eum
1903 859 2002 913 ﬁe-

2106 588 2306 656 σημεῖα
2347 586 2636 656 θαυμαστά
2673 588 2766 641 ὑπ’
2793 587 2960 642 αὑτοῦ
3003 589 3270 657 γίνεσθαι.
3311 591 3531 661 Σφόδρα
3569 592 3627 644 δέ
3663 591 3692 644 δ

2108 674 2360 742 βασιλεὺς
2403 677 2810 740 Κωνσταντῖνος
2853 677 3019 748 ἐτίμα
3062 677 3154 732 τὸν
3195 679 3387 747 ἄνδρα,
3423 681 3524 732 καὶ
3569 697 3692 732 συν-

2106 768 2247 837 εχῶς
2283 769 2376 821 ἐπὶ
2405 768 2474 822 τὰ
2511 767 2756 837 βασίλεια
2791 768 3207 839 μετεπέμπετο,
3241 773 3336 824 καὶ
3370 772 3461 824 τὸν
3496 772 3692 842 ἐξορω-

2112 859 2381 930 ρυγμένον
2415 860 2697 930 ὀφθαλμὸν
2726 860 3029 929 κατεφίλει.

428 971 569 1020 rent.
603 963 670 1015 Et
699 958 1096 1016 Constantinus
1145 956 1446 1024 imperator
1489 954 1763 1009 hominem
1805 965 2002 1020 magno
2039 949 2275 1006 habebat
2306 953 2360 1006 in
2392 953 2592 1022 pretio,
2621 961 2675 1007 et
2706 951 3023 1022 frequenter
3049 951 3118 1006 ad
3190 954 3372 1008 aulam
3441 969 3688 1012 arcesse-

427 1057 538 1118 bat,
571 1060 894 1120 erutumque
926 1048 1145 1104 oculum
1173 1047 1615 1102 exosculabatur.

500 1146 769 1201 Caeterum
818 1139 1013 1214 synodi
1075 1138 1379 1210 Ancyranae
1432 1138 1629 1193 canoni
1679 1135 2005 1191 duodecimo

427 1253 535 1291 non
583 1231 998 1297 attendendum,
1030 1231 1123 1300 qui
1159 1244 1323 1299 posse
1355 1229 1489 1284 dicit
1537 1229 1826 1283 diaconum
1862 1240 2003 1280 uxo-

426 1343 542 1382 rem
583 1326 788 1381 ducere
818 1323 984 1378 etiam
1019 1332 1145 1394 post
1185 1322 1613 1386 ordinationem,
1638 1301 1883 1389 episcopi
1917 1318 2003 1375 sui

429 1414 728 1486 permissu.
773 1412 986 1481 Quippe
1032 1410 1272 1475 Leonis,
1314 1409 1644 1480 cognomine
1687 1406 2002 1478 Sapientis,

423 1507 649 1562 Novella
714 1505 850 1560 dicit
893 1503 1009 1576 (1),
1045 1503 1264 1558 tametsi
1318 1517 1384 1558 ex
1442 1502 1845 1556 consuetudine
1890 1514 2000 1554 non

425 1601 630 1668 scripta
691 1597 904 1653 licuerit
929 1596 1306 1654 sacerdotibus
1340 1595 1480 1650 intra
1519 1595 1841 1652 decennium
1878 1594 2004 1666 (i‘),

427 1699 553 1760 post
575 1689 978 1744 ordinationem
1011 1688 1469 1758 computandum,
1506 1688 1776 1757 legitimas
1801 1701 2004 1743 uxores

431 1783 639 1835 due-ere
666 1798 682 1834 :
711 1790 891 1835 tamen
936 1779 1062 1841 hoc,
1090 1789 1350 1850 tanquam
1384 1778 1721 1849 prohibitum
1766 1792 1796 1832 a
1835 1792 2004 1834 cano-

2178 1132 2269 1204 Τῷ
2310 1132 2601 1206 δωδεκάτῳ
2651 1132 2838 1186 κανόνι
2878 1131 2976 1200 τῆς
3018 1134 3079 1186 ἐν
3155 1131 3404 1204 Ἀγκύρᾳ
3449 1133 3686 1204 μηδόλως

2107 1223 2357 1294 πρόσχῃς
2406 1222 2498 1277 τδν
2553 1222 2715 1286 νοῦν,
2765 1222 3026 1276 δύνασθαι
3074 1221 3288 1290 λέγοντι
3347 1227 3551 1293 γαμεῖν
3599 1225 3683 1279 τὸν

2104 1316 2350 1370 διάκονον
2386 1316 2480 1369 καὶ
2525 1316 2664 1384 μετὰ
2699 1314 2800 1384 τὴν
2835 1315 3192 1386 χειροτονίαν,
3233 1318 3298 1385 τῇ
3349 1315 3448 1368 τοῦ
3487 1318 3682 1372 οίκείευ

2103 1408 2406 1462 ἐπισκόπου
2455 1408 2722 1477 ἐπιτροπῇ
2749 1424 2764 1438 ο
2815 1407 2952 1474 φησὶ
2998 1406 3109 1476 γὰρ
3158 1408 3192 1478 ὴ
3238 1407 3428 1477 Νεαρά
3462 1408 3684 1474 Λέοντος

2107 1501 2205 1555 τοῦ
2237 1501 2442 1569 Σοφοῦ,
2482 1499 2559 1565 ὡς
2590 1501 2640 1554 εἰ
2668 1500 2764 1554 καὶ
2801 1497 2910 1554 ἀπὸ
2943 1497 3229 1569 συνηθείας
3268 1501 3526 1570 ἀγράφου
3557 1501 3678 1570 ἐξῆν

2109 1597 2221 1657 τοῖς
2258 1594 2574 1664 ίερωμένοις
2608 1591 2759 1656 ἐντὸς
2789 1591 3102 1655 δεκαετείας
3142 1593 3215 1658 ⁸⁸,
3256 1593 3397 1662 μετὰ
3437 1595 3541 1664 τὴν
3571 1610 3683 1663 κει-

2111 1684 2357 1756 ροτονίαν
2395 1684 2817 1754 ψηφιζομένης,
2851 1684 3153 1756 λαμϐάνειν
3194 1684 3466 1755 νομίμους
3505 1688 3683 1753 γυναῖ-

2109 1791 2234 1838 κας,
2265 1773 2400 1828 ἀλλὰ
2437 1775 2598 1828 τοῦτο
2619 1775 2696 1838 ὡς
2727 1773 2832 1830 ὑπὸ
2859 1775 2967 1828 τῶν
3004 1775 3248 1829 κανόνων
3277 1776 3680 1846 κεκωλυμένον,

429 1872 618 1934 nibus,
648 1871 832 1928 valere
881 1887 988 1927 non
1025 1848 1244 1928 debere.
1274 1848 1683 1942 Quiexpertem
1718 1871 2002 1926 matrimo-

2111 1867 2209 1920 οὐκ
2242 1866 2448 1937 ὀφείλει
2493 1869 2736 1936 κρατεῖν.
2786 1867 2846 1920 '0
2884 1867 3206 1938 χειροτονῶν
3251 1868 3502 1938 ἄγαμον,
3547 1869 3683 1939 ἐρω-

427 1959 505 2014 nii
538 1960 617 2031 (2)
645 1959 888 2025 ordinat,
921 1959 1221 2030 interroget
1246 1975 1396 2023 eum,
1429 1973 1497 2013 an
1528 1959 1735 2027 absque
1765 1959 2000 2030 legitima

429 2065 601 2106 uxore
640 2051 810 2105 vitam
848 2061 1056 2108 castam
1093 2066 1256 2121 agere
1289 2051 1483 2122 possit.
1517 2050 1575 2106 Si
1597 2051 1702 2108 hoc
1732 2051 2002 2106 facturum

428 2157 488 2198 se
533 2150 808 2206 testetur,
843 2141 1119 2197 hominem
1158 2141 1398 2199 ordinet.
1447 2143 1552 2209 Qui
1600 2141 1836 2198 diacono
1884 2156 2009 2213 per-

430 2235 618 2299 mittit,
650 2243 710 2290 ut
762 2243 885 2305 post
931 2233 1336 2290 ordinationem
1382 2235 1544 2290 ducat
1583 2250 1831 2298 uxorem,
1891 2236 2008 2305 epi-

427 2335 660 2396 scopatu
702 2327 1016 2398 expellitur.
1069 2325 1387 2400 Presbyter,
1435 2336 1532 2382 aut
1587 2328 1874 2393 diaconus,
1915 2337 2009 2385 aut

429 2419 850 2486 subdiaconus,
897 2419 993 2490 qui
1067 2426 1193 2488 post
1267 2419 1670 2476 ordinationem
1731 2420 2008 2476 contrahit

428 2511 696 2579 nuptias;
735 2525 767 2566 e
819 2519 965 2567 metu
1016 2511 1151 2567 cieri
1201 2511 1442 2582 eiicitur.
1493 2511 1726 2568 Clericis
1761 2520 1848 2569 est
1891 2528 2010 2584 per-

430 2605 685 2668 missum,
719 2610 781 2657 ut
828 2602 1101 2672 legitimas
1145 2603 1377 2658 habeant
1407 2617 1628 2658 uxores.
1658 2603 1924 2659 Cantores
1953 2609 2008 2658 et

431 2691 669 2748 lectores
719 2693 940 2763 nuptias
987 2693 1263 2766 legitimas
1296 2692 1625 2750 contrahere
1670 2700 1921 2764 possunt,
1952 2699 2007 2747 at

431 2781 778 2845 subdiaconi.
803 2791 859 2838 et
899 2783 1137 2846 diaconi,
1184 2790 1241 2838 et
1299 2783 1629 2854 presbyteri,
1674 2785 1898 2839 omnino
1928 2783 2005 2856 [id

434 2872 638 2946 facere]
686 2874 1064 2942 prohibentur.
1113 2873 1234 2941 Quo
1277 2877 1356 2942 tit,
1403 2884 1464 2930 nt
1503 2885 1770 2947 quotquot
1813 2891 2005 2931 eorum

432 2966 772 3023 matrimonii
820 2967 1121 3038 participes
1176 2967 1334 3033 llunt,
1367 2968 1628 3022 excidant
1676 2967 2002 3024 sacerdotio.

907 3058 1240 3115 Matrimonii
1277 3060 1537 3129 deﬁnitio.

2104 1960 2251 2015 τάτω
2299 1960 2495 2026 αὑτὸν,
2542 1962 2592 2014 εί
2641 1960 2870 2015 δύναται
2921 1962 3092 2034 χωρὶς
3137 1961 3377 2032 νομίμου
3431 1964 3681 2034 γαμετῆς

2108 2051 2322 2122 σεμνῶς
2367 2052 2540 2122 βιοῦν.
2592 2052 2702 2106 Καὶ
2746 2053 2796 2106 εί
2839 2052 3165 2118 κατάθοιτο,
3216 2052 3408 2108 τοῦτον
3444 2071 3683 2125 χειροτο-

2105 2144 2286 2198 νείτω.
2329 2145 2390 2198 Ὀ
2417 2145 2476 2198 δέ
2521 2144 2834 2214 ἐπιτρέπων
2875 2145 3114 2217 διακόνῳ
3146 2148 3384 2214 γυναῖκα
3419 2147 3562 2214 μετὰ
3587 2147 3684 2219 τὴν

2105 2236 2441 2307 χειροτονίαν
2500 2235 2721 2296 λαϐεῖν.
2777 2236 2878 2306 τῆς
2940 2240 3247 2306 ἐπισκοπῆς
3311 2237 3680 2295 ἐκϐαλλέσθω.

2108 2325 2486 2399 Πρεσϐύτερος
2528 2326 2618 2392 δέ,
2666 2327 2700 2399 ἢ
2735 2326 3010 2393 διάκονος,
3055 2328 3089 2398 ἢ
3119 2327 3507 2393 ὐποδιάκονος,
3550 2329 3686 2398 μετὰ

2105 2419 2206 2490 τὴν
2256 2419 2594 2490 χειροτονίαν
2639 2418 2872 2489 γαμῶν,
2927 2419 3252 2474 ἐκϐάλλεται
3301 2419 3398 2474 τοῦ
3454 2421 3680 2492 κλήρου.

2105 2510 2234 2574 Τοῖς
2267 2511 2550 2581 κληρικοῖς
2593 2510 2988 2582 ἐπιτέτραπται
3017 2510 3284 2581 νομίμους
3321 2513 3470 2582 ἔχειν
3506 2529 3683 2581 γαμε-

2105 2603 2224 2666 τάς.
2248 2601 2313 2656 0i
2344 2601 2544 2672 ψάλται
2571 2602 2667 2656 καὶ
2690 2603 2740 2656 οἱ
2776 2601 3123 2672 ἀναγνῶσται
3149 2603 3411 2658 δύνανται
3436 2605 3682 2674 νομίμως

2107 2696 2328 2764 γαμεῖν.
2356 2694 2420 2747 Οἱ
2451 2693 2507 2747 δὲ
2552 2693 2932 2756 ὑποδιάκονοι,
2969 2694 3064 2747 καὶ
3100 2694 3372 2756 διάκονοι,
3425 2696 3521 2748 καὶ
3553 2713 3680 2765 πρε-

2109 2785 2392 2856 σϐύτεροι,
2443 2783 2699 2850 καθάπαξ
2751 2785 3106 2840 κεκώλυνται.
3157 2784 3324 2839 Ὅθεν
3375 2787 3585 2840 τούτων
3630 2789 3676 2841 ei

2107 2877 2272 2950 γάμῳ
2299 2880 2746 2948 κοινωνήσαντες,
2774 2876 3098 2931 ἐκπίπτουσι
3119 2878 3219 2946 τῆς
3247 2879 3571 2948 ἱερωσύνης.

2685 3057 2863 3126 Ὄρος
2899 3055 3112 3126 γάμου.

508 3151 915 3208 Matrimonium
963 3152 1074 3224 (ὅ)
1123 3161 1212 3210 est
1251 3153 1568 3223 conjunctio
1614 3154 1784 3211 maris
1825 3164 1880 3210 et
1925 3154 2006 3211 fe-

2178 3153 2360 3223 Γάμος
2407 3151 2554 3204 ἐστὶν
2591 3150 2783 3220 ἀνδρὸς
2823 3149 2918 3203 καὶ
2971 3149 3234 3218 γυναικὸς
3268 3150 3556 3220 συνάφεια,
3589 3150 3682 3202 καὶ

421 3244 616 3324 ‘rninte,
647 3253 702 3298 et
733 3245 914 3300 omnis
944 3245 1069 3300 vita:
1105 3244 1468 3310 consortium,
1498 3243 1668 3300 divini
1700 3253 1756 3300 et
1782 3246 2007 3301 humani

430 3335 574 3404 juris
605 3335 1036 3391 communicatio
1068 3355 1082 3392 :
1113 3337 1230 3393 sive
1258 3351 1355 3408 per
1389 3335 1856 3403 benedictionem,
1895 3337 2009 3393 sive

433 3443 532 3498 per
563 3429 1001 3492 coronationem,
1032 3429 1148 3484 sive
1177 3444 1278 3500 per
1323 3429 1751 3484 instrumentum
1782 3438 2008 3484 contra-

437 3519 620 3574 hatur.
652 3520 784 3585 Quae
813 3530 992 3574 autem
1023 3526 1229 3589 praeter
1264 3519 1430 3575 hosce
1463 3518 1656 3574 modos
1686 3518 1827 3574 facta
1857 3527 2008 3584 sunt,

435 3625 539 3680 pro
567 3626 679 3664 non
720 3611 1018 3665 contractis
1048 3609 1342 3665 habentur.
1378 3607 1674 3681 Legitimas
1716 3617 1897 3666 autem
1930 3610 2008 3682 (4)

434 3701 662 3770 nuptias
703 3700 847 3755 inter
881 3716 942 3756 se
981 3699 1213 3755 Romani
1253 3699 1608 3762 contrahunt,
1638 3715 1761 3756 cum
1791 3714 1854 3756 ea
1889 3715 2010 3757 ser-

431 3801 586 3856 vant,
625 3807 746 3860 qua!
785 3791 994 3861 legibus
1020 3791 1087 3846 de
1121 3791 1327 3863 nuptiis
1359 3801 1629 3862 praecepta
1667 3802 1813 3848 sunt.
1839 3791 2012 3862 Opor-

435 3889 514 3935 tet
555 3891 737 3935 autem
797 3895 982 3936 mares
1037 3880 1258 3951 quidem
1299 3894 1426 3937 esse
1468 3881 1736 3950 puberes,
1781 3881 2009 3939 feminas

435 3987 568 4028 vero
623 3973 723 4026 viri
773 3981 1046 4042 potentes,
1110 3974 1216 4028 hoc
1261 3981 1366 4038 est,
1397 3973 1524 4029 illos
1569 3973 1833 4029 excedere
1862 3973 2011 4030 deci-

434 4079 584 4119 mum
617 4072 873 4134 quartum
909 4079 1136 4128 annum,
1171 4063 1272 4119 has
1305 4062 1544 4133 majores
1569 4079 1692 4120 esse
1718 4064 2008 4120 duodecim

434 4157 618 4209 annis.
658 4155 780 4209 ΙΙωο
814 4163 1000 4210 autem
1031 4155 1288 4219 dicimus,
1314 4155 1430 4211 sive
1463 4161 1644 4225 patres
1676 4155 2009 4212 familiarum

435 4249 571 4311 sint,
611 4249 730 4306 sive
763 4248 857 4302 lilii
887 4246 1215 4303 familiarum
1258 4248 1320 4313 ii,
1366 4249 1461 4319 qui
1499 4258 1697 4305 coeunt
1732 4250 1785 4304 in
1821 4250 2010 4305 matri-

436 4340 681 4394 monium
729 4339 830 4411 (ὅ).
879 4339 1096 4408 Nuptiae
1149 4353 1259 4394 non
1308 4339 1468 4405 ﬁunt,
1509 4339 1614 4396 nisi
1659 4340 2010 4395 consentiant

2111 3245 2493 3316 συγκλήρωσις
2522 3243 2704 3314 πάσης
2734 3243 2899 3310 ζωῆς,
2942 3241 3088 3294 θείου
3115 3247 3178 3294 τε
3207 3241 3301 3294 καὶ
3340 3241 3681 3309 ἀνθρωπίνου

2106 3337 2316 3391 δικαίου
2354 3335 2628 3398 κοινωνία,
2660 3335 2769 3387 εἴτε
2806 3333 2873 3386 δι’
2916 3332 3188 3401 εὐλογίας,
3219 3333 3328 3386 εἴτε
3369 3333 3458 3386 διὰ
3489 3349 3685 3400 στεφα-

2109 3429 2381 3500 νώματος,
2421 3427 2454 3498 ἢ
2493 3427 2580 3480 διὰ
2623 3425 2974 3495 συμϐολαίου.
3011 3423 3094 3477 Τὰ
3123 3425 3182 3478 δὲ
3211 3425 3365 3493 παρὰ
3390 3425 3564 3478 ταῦτα
3592 3441 3688 3493 γε·

2109 3523 2346 3592 νόμενα,
2394 3519 2470 3582 ὡς
2513 3519 2587 3589 μὴ
2620 3519 2882 3587 γεγονότα
2931 3515 3258 3586 λογίζονται.
3307 3518 3600 3587 Ἐννόμους
3630 3518 3688 3570 δὲ

2110 3616 2323 3687 γάμους
2355 3612 2558 3684 μεταξὺ
2583 3610 2830 3680 ἀλλήλων
2867 3607 3158 3663 συνιστῶσι
3200 3609 3465 3676 Ῥωμαῖοι
3486 3649 3503 3673 ,
3528 3609 3688 3680 ἡνίκα

2108 3707 2178 3762 τὰ
2206 3706 2334 3778 περὶ
2361 3705 2472 3759 τῶν
2504 3704 2700 3774 γάμων
2729 3703 2842 3765 τοῖς
2864 3701 3050 3770 νόμοις
3081 3701 3488 3771 διηγορευμένα
3519 3700 3689 3769 φυλά-

2111 3800 2281 3868 ξουσι.
2311 3799 2402 3850 Δεῖ
2417 3795 2473 3850 δὲ
2495 3796 2622 3857 τοὺς
2649 3794 2748 3864 μὲν
2780 3793 3018 3864 ἄρρενας
3040 3791 3279 3862 ἐφήϐους
3309 3787 3476 3854 εἶναι,
3506 3792 3606 3853 τὰς
3631 3792 3689 3844 δὲ

2111 3890 2330 3963 θηλείας
2362 3888 2553 3960 ἀνδρὸς
2599 3885 2875 3948 δεκτικὰς.
2915 3885 3176 3938 Τουτέστι
3219 3884 3346 3946 τοὺς
3385 3883 3488 3953 μὲν
3520 3883 3693 3952 ὑπερ-

2112 3981 2400 4049 ϐεϐηκέναι
2424 3979 2516 4032 τὸν
2545 3978 2606 4031 ιδ’
2651 3977 2873 4047 χρόνον,
2907 3975 3007 4036 τὰς
3037 3973 3094 4027 δέ
3140 3972 3359 4044 μείζους
3396 3969 3540 4027 εἶναι
3579 3973 3691 4026 τῶν

2110 4072 2317 4127 δώδεκα
2360 4067 2641 4123 ἐνιαυτῶν.
2684 4066 2869 4120 Ταῦτα
2899 4064 2956 4118 δὲ
3002 4064 3235 4134 λέγομεν
3282 4064 3394 4116 εἴτε
3436 4064 3690 4129 αὐτεξού-

2113 4181 2246 4229 σιοι,
2271 4163 2381 4216 εἴτε
2412 4157 2722 4225 ὑπεξούσιοί
2748 4159 2906 4221 εἰσιν,
2939 4157 2988 4210 οἱ
3023 4155 3162 4226 πρὸς
3185 4155 3368 4223 γάμον
3395 4155 3692 4218 συνιόντες.

2111 4258 2188 4311 Οὐ
2217 4256 2427 4325 γίνεται
2470 4253 2668 4322 γάμος,
2701 4251 2750 4304 εί
2791 4248 2867 4320 μὴ
2904 4247 3310 4302 συναινὲσουσιν
3335 4247 3384 4300 oi
3421 4247 3695 4300 συναπτό-

2117 4365 2288 4421 μενοι,
2328 4347 2424 4401 καὶ
2461 4347 2508 4399 oi
2539 4346 2753 4415 ἔχοντες
2796 4341 2996 4404 αὐτοὺς
3024 4339 3406 4404 ὑπεξουσίους.
3443 4340 3552 4392 Τὸν
3590 4342 3695 4407 γά-

436 4437 545 4483 tam
596 4429 654 4496 ii,
695 4431 790 4500 qui
833 4431 1186 4500 copulantur,
1228 4443 1392 4499 quam
1441 4431 1534 4502 qni
1580 4447 1675 4488 eos
1707 4431 1912 4488 habent
1953 4432 2006 4486 in

2118 4460 2246 4513 μον,
2277 4441 2337 4494 οὐ
2387 4439 2448 4492 τδ
2491 4436 2924 4507 συγκαθευδῆσαι
2969 4433 3219 4504 ἀλλήλοις
3252 4433 3346 4487 τὸν
3387 4431 3562 4501 ἄνδρα
3601 4431 3699 4483 καὶ

436 4527 734 4592 potestate.
777 4521 1010 4591 Nuptias
1035 4535 1145 4575 non
1177 4521 1282 4576 viri
1320 4538 1442 4578 cum
1482 4525 1711 4580 muliere
1747 4525 2006 4580 concubi-

2113 4509 2212 4604 τὴν
2241 4533 2480 4602 γυναῖκα
2518 4528 2850 4598 συνίστησιν,
2882 4525 2996 4580 ἀλλ’
3027 4527 3061 4595 ἡ
3095 4525 3309 4594 γαμικὴ
3339 4523 3526 4576 αὐτῶν
3572 4538 3701 4575 συν.

437 4622 527 4667 tus
562 4613 663 4682 (6),
692 4611 790 4668 sed
830 4611 1251 4668 matrimonialis
1289 4628 1478 4669 eorum
1511 4630 1814 4672 consensus
1861 4615 2012 4672 facit.

437 4700 612 4758 Filius
678 4707 1058 4774 emancipatus
1126 4705 1204 4776 (7)
1261 4705 1477 4776 plenam
1537 4721 1705 4778 agens
1755 4714 2014 4774 aetatem,

438 4795 603 4850 etiam
647 4796 770 4850 sine
819 4812 1094 4853 consensu
1134 4799 1308 4870 patris
1345 4813 1570 4853 uxorem
1607 4799 1777 4855 ducit.
1808 4800 2015 4857 Luctus

438 4889 852 4944 ascendentium
891 4904 998 4944 non
1054 4889 1282 4961 impedit
1331 4891 1552 4962 nuptias
1594 4905 1784 4947 earum
1826 4909 2016 4964 perso-

439 4993 656 5043 narum,
680 4995 801 5048 quae
827 4981 1032 5052 lugent.
1072 4980 1176 5047 Qui
1215 4982 1347 5036 vivit
1401 4983 1453 5037 in
1486 4983 1735 5038 castitate
1771 4983 1868 5055 (8),
1904 5001 2013 5042 non

438 5080 670 5143 cogatur
721 5089 751 5128 a
802 5083 956 5145 patre
991 5090 1095 5132 suo
1138 5073 1467 5132 contrahere
1508 5078 1750 5148 nuptias,
1793 5081 2012 5138 tametsi

2116 4625 2344 4686 αίνεσις.
2391 4622 2454 4676 '0
2503 4617 2850 4684 αὖτεξούσιος
2893 4615 3110 4670 τελείαν
3139 4613 3290 4683 ἄγων
3319 4613 3422 4684 τὴν
3456 4612 3695 4683 ἡλικίαν,

2115 4717 2212 4771 κα)⁵
2251 4714 2422 4786 χωρὶς
2457 4712 2557 4780 τῆς
2586 4708 2678 4764 τοῦ
2709 4707 2919 4778 πατρὸς
2961 4704 3327 4768 συναινέσεως
3380 4705 3572 4773 γαμεῖ.
3619 4701 3702 4754 Τὰ

2118 4808 2287 4879 πένθη
2339 4805 2451 4860 τῶν
2505 4803 2801 4868 ἀνιόντων,
2836 4800 2937 4856 οὐκ
2979 4797 3261 4871 ἐμποδίζει
3307 4798 3440 4860 τοὺς
3483 4795 3702 4866 γάμους

2117 4901 2226 4956 τῶν
2269 4895 2608 4952 πενθούντων
2633 4895 2966 4963 προσώπων.
3013 4891 3103 4945 Ἐν
3141 4887 3468 4960 σωφροσύνῃ
3496 4886 3701 4954 διάγων

2127 4992 2202 5065 μὴ
2231 4987 2624 5060 ἀναγκαζέσθω
2658 4985 2796 5056 πρὸς
2823 4983 3004 5055 γάμον
3037 4980 3215 5036 ἐλθεῖν
3241 4984 3397 5050 παρὰ
3428 4977 3525 5032 τοῦ
3568 4978 3700 5030 ἰδίου

2121 5083 2364 5156 πατρὸς,
2407 5079 2512 5134 κᾶν
2551 5074 2874 5144 ὕπεξούσιος
3005 5071 3214 5146 Μηδεὶς
3261 5067 3542 5143 μυστικῶς
3576 5083 3700 5120 στε-

1754 5187 1990 5248 VARUS
2024 5193 2422 5253 LECTIONES.

550 5274 593 5308 ¹⁰
626 5275 846 5340 διετίας.

1946 5365 2176 5429 NOTAE.

511 5461 590 5532 (Ι)
614 5459 836 5517 Novella
869 5461 923 5514 3.

520 5535 616 5602 (ι’)
643 5534 725 5587 Al.
761 5531 1047 5602 biennium.

511 5596 842 5671 (‘2)7Novella
884 5598 1092 5671 iustin.
1136 5596 1260 5660 125,
1287 5612 1338 5651 c.
1379 5598 1464 5671 ῌ,

518 5666 596 5744 (5)
630 5675 666 5728 l.
703 5675 752 5726 i.
786 5673 846 5725 υ.
881 5668 951 5722 De
972 5669 1064 5722 rit.
1119 5676 1267 5738 nupt.
1312 5678 1364 5722 ct
1403 5668 1430 5738 §
1492 5667 1515 5720 1
1556 5666 1728 5722 lnstit.
1756 5667 1827 5722 De
1875 5677 2016 5738 part.

437 5755 636 5805 υοιειι.

439 5805 449 5824 ⁸
513 5818 587 5885 (ι)
623 5811 856 5886 §lustit.
893 5809 963 5863 De
993 5819 1144 5879 mept.

2193 5463 2268 5531 (5)
2307 5464 2346 5518 l.
2375 5464 2430 5518 2.
2459 5465 2520 5518 D.
2548 5462 2624 5517 De
2646 5464 2739 5517 rit.
2767 5472 2917 5532 nupt.

2217 5534 2272 5601 6)
2309 5535 2342 5588 Ι.
2371 5535 2462 5589 50.
2489 5534 2551 5588 D.
2584 5534 2664 5588 De
2692 5534 2934 5601 reg.jur.

2216 5599 2268 5670 7)
2303 5605 2336 5657 Ι.
2363 5603 2456 5658 25.
2501 5605 2564 5658 1).
2597 5604 2674 5658 De
2704 5599 2795 5656 rit.
2818 5599 2979 5672 inupt.
3031 5610 3085 5658 et
3117 5602 3154 5656 Ι.
3188 5599 3292 5671 3.§
3345 5599 3406 5655 Si
3437 5603 3700 5672 emancip.

2119 5674 2182 5730 D.
2229 5675 2303 5728 De
2332 5674 2453 5729 bon.
2476 5689 2618 5743 post.
2651 5686 2791 5728 cont.
2822 5675 2929 5729 tab.

2191 5745 2268 5815 (8)
2303 5747 2338 5800 I.
2368 5747 2452 5812 li,
2481 5747 2538 5800 In
2577 5745 2754 5815 princ.
2785 5743 2843 5796 υ.
2860 5744 2932 5800 De
2966 5744 3046 5798 his
3077 5743 3169 5814 qui
3190 5753 3302 5797 not.
3330 5743 3527 5812 infant.
