3882 6584
227 388 349 455 1253

1483 384 1752 447 GR/ECO
1787 384 2196 449 ROMANUM.

3314 388 3454 458 1254

221 499 487 578 φανούσθω
507 537 522 562 ,
577 495 714 551 ἀλλᾶ
757 495 1043 567 παρόντων
1085 493 1362 550 πλειόνων.
1418 495 1478 548 '0
1525 496 1583 550 δέ
1621 497 1766 550 τούτι

1888 497 2271 553 ﬁliusfamilias
2333 498 2424 554 sit.
2491 497 2660 554 Nemo
2702 507 2918 555 secreto
2978 507 3307 565 coronetur,
3357 501 3455 558 sed

219 591 637 661 κατατολμήσας,
661 588 906 660 τιμωρίᾳ
928 587 1361 659 σωφρονιζέσθω.
1398 589 1656 658 Δηλονότι
1683 592 1777 646 καὶ

217 686 302 744 τού
340 684 522 756 ἱερέως
574 682 632 734 ἐν
677 684 791 746 τοῖς
845 681 1152 753 άπρεπέσιν
1205 681 1398 735 ἑαυτὸν
1447 682 1775 752 παρεμϐάλ-

229 793 409 839 ιοντος,
451 776 549 837 τὰς
585 772 742 838 ἀξίας
794 772 1026 836 εὐθύνας
1076 773 1582 844 εἱσπραττομένου,
1634 776 1776 831 κατά

216 871 303 943 τὴν
330 868 432 921 τῶν
463 866 932 938 ἐκκλησιαστικιῖΝ
981 864 1224 920 κανόνων
1258 864 1526 930 διάταξιν.
1574 868 1778 936 Κωφδς

217 961 302 1015 καὶ
344 957 557 1024 ἀλαλος,
601 959 696 1012 καὶ
723 957 958 1026 τυφλὸς,
1005 959 1101 1012 καὶ
1128 959 1327 1030 γαμεῖν
1355 955 1642 1026 δύνανται,
1681 963 1778 1016 καὶ

217 1054 333 1124 περὶ
361 1049 580 1122 προικδς
608 1050 905 1120 ἐνέχονται.

213 1229 343 1299 Περὶ
401 1225 772 1304 arripitur)“:
832 1228 1162 1304 τριγάμων,
1218 1233 1318 1304 καί
1368 1235 1770 1304 πολυγάμων,

569 1297 808 1367 ἀνδρῶν
840 1297 904 1352 τῖε
935 1297 1035 1354 πάι
1069 1301 1388 1370 γυναικῶν.

287 1414 342 1467 '0
370 1412 593 1474 δέκατος
625 1412 856 1481 ἕϐδομος
886 1413 995 1466 τῶν
1027 1413 1197 1483 ἁγίων
1228 1416 1542 1470 ἀποστόλων
1569 1419 1771 1482 κανὼν,

220 1505 274 1558 '0
292 1502 408 1558 δυσὶ
435 1503 656 1573 γάμοις,
704 1505 858 1575 φησι,
895 1506 1034 1575 μετά
1066 1505 1128 1559 τδ
1168 1505 1452 1577 βάπτισμα
1481 1509 1772 1580 ὁμιλήσας,

209 1597 238 1667 ἢ
275 1594 498 1666 πορνείᾳ
532 1594 868 1666 περιπεσὼν,
905 1595 966 1648 ού
1013 1596 1238 1658 δύναται
1278 1591 1421 1653 εἶναι
1453 1597 1772 1663 ἐπίσκοπος,

207 1687 237 1757 ἢ
270 1685 654 1756 πρεσϐύτερος,
685 1685 717 1757 ἢ
751 1687 1018 1752 διάκονος,
1051 1687 1082 1758 ἢ
1113 1687 1248 1753 ὅλως
1276 1687 1372 1742 τοῦ
1421 1688 1568 1760 ἱεροῦ
1601 1708 1773 1744 κατα-

1881 590 2135 657 pluribus
2187 590 2566 661 praesentibus.
2611 591 2714 658 Qui
2763 600 2943 648 autem
2992 591 3159 648 fuerit
3189 609 3356 650 ausus
3400 595 3456 650 id

1879 680 2083 744 facere,
2116 697 2276 751 paena
2309 684 2608 751 castigator
2646 683 2726 754 (9)
2768 702 2781 738 :
2821 684 2894 738 ita
2926 683 3162 748 scilicet,
3195 693 3255 739 ut
3290 685 3452 740 etiam

1877 780 1908 821 a
1953 759 2262 832 sacerdote,
2308 771 2400 840 qui
2435 772 2601 827 rebus
2641 773 2952 827 inhonestis
2991 781 3164 828 semet
3206 775 3456 845 interpo-

1877 861 2072 927 suerit,
2109 861 2273 932 digna
2318 865 2586 934 supplicia
2628 867 2940 935 exigantur,
2978 865 3133 934 juxta
3180 882 3454 922 canonum

1876 954 2382 1011 ecclesiasticorum
2437 957 2908 1014 constitutionem.
2958 959 3194 1024 Surdus,
3229 967 3284 1013 et
3333 974 3457 1016 mu-

1877 1052 1988 1109 tus,
2025 1056 2080 1100 et
2119 1061 2321 1111 caecus,
2357 1048 2576 1119 nuptias
2605 1051 2932 1105 contrahere
2957 1060 3211 1122 possunt,
3234 1058 3287 1105 et
3309 1050 3454 1107 d0tis

1879 1138 2104 1193 nomine
2137 1147 2415 1194 tenentur.

1883 1240 1954 1294 De
1984 1242 2728 1323 contrahentibussecundas,
2764 1252 2982 1323 tertias,
3008 1253 3185 1320 plures
3216 1255 3454 1323 nuptias;

2252 1325 2360 1367 tam
2390 1316 2533 1379 ciris,
2567 1335 2725 1388 quant
2757 1316 3086 1376 mulieribus.

1949 1404 2182 1459 Canonis
2213 1422 2323 1460 xvu
2344 1419 2654 1464 sanctorum
2683 1413 3054 1481 apostolorum
3083 1415 3244 1469 verba
3269 1425 3398 1470 sunt
3433 1433 3449 1469 :

1875 1496 1977 1562 Qui
2027 1499 2274 1570 geminas
2334 1510 2457 1571 post
2507 1503 2840 1572 baptismum
2891 1507 3162 1562 contraxit
3209 1510 3450 1578 nuptias,

1874 1590 1962 1644 vel
1993 1589 2046 1644 in
2083 1593 2474 1649 scortationem
2511 1594 2700 1664 lapsus
2731 1606 2838 1661 est,
2882 1612 2988 1650 non
3023 1608 3204 1667 potest
3231 1600 3451 1670 episco-

1878 1694 1976 1748 pus
2006 1695 2150 1744 esse,
2193 1681 2276 1736 vel
2317 1684 2626 1754 presbyter,
2656 1686 2736 1738 vel
2779 1686 3070 1750 diaconus,
3110 1688 3197 1743 vel
3227 1689 3453 1746 omnino

205 1779 375 1845 λόγου.
414 1775 481 1831 Ἢ
525 1777 635 1850 γὰρ
671 1778 832 1850 χάρις
863 1779 958 1833 τοῦ
1007 1781 1276 1849 παναγίου
1307 1781 1648 1852 Πνεύματος,
1692 1783 1766 1856 τῷ

1877 1774 2021 1828 sacri
2093 1776 2379 1832 consortii.
2424 1775 2560 1831 Nam
2618 1790 2908 1849 p05tquam
2987 1778 3226 1849 Spiritus
3275 1783 3452 1838 sancti

203 1868 289 1923 τοῦ
342 1869 484 1922 θείου
535 1869 916 1940 βαπτίσματος
961 1872 1276 1942 μυστηρίῳ.
1314 1871 1392 1942 τῷ
1442 1850 1580 1944 μήτε
1627 1850 1766 1944 λόγίίδ

1873 1864 2046 1932 gratia
2088 1881 2182 1934 per
2228 1867 2371 1924 sacri
2404 1868 2750 1938 baptismatis
2785 1872 3130 1942 mysterium,
3168 1873 3314 1942 quod
3350 1888 3452 1928 nec

202 1959 362 2032 ῥητῷ,
399 1962 537 2031 μήτε
573 1959 648 2031 νῷ
697 1961 1052 2035 καταληπτῷ,
1093 1963 1294 2026 παντὸς
1337 1963 1508 2035 ῥύπου
1540 1965 1633 2020 τὸν
1680 1965 1772 2037 βα-

201 2052 526 2124 πτισάμενον
556 2052 936 2118 ἀποπλύνασα,
959 2055 1056 2110 καὶ
1092 2057 1268 2125 φωτὸς
1293 2057 1539 2112 δεκτικὸν
1559 2059 1770 2129 ἀποφή-

199 2162 358 2208 νασα,
395 2145 459 2198 ού
506 2145 708 2200 κωλύει
755 2146 943 2200 λοιπὸν
977 2147 1072 2202 καὶ
1098 2147 1176 2219 τῷ
1215 2148 1442 2221 καθαρῷ
1483 2151 1624 2220 φωτὶ
1667 2150 1768 2221 τῆς

199 2235 490 2308 ἱερωσύνης
528 2235 717 2290 τοῦτον
749 2237 1306 2309 καταφαιδρύνεσθαι.
1338 2239 1496 2296 Μετὰ
1531 2241 1590 2294 δέ
1619 2257 1683 2310 γε
1707 2241 1768 2295 τὸ

197 2327 328 2381 θεῖον
369 2325 596 2399 λουτρὸν
621 2368 636 2390 ,
675 2329 861 2382 οὐκέτι
917 2329 1048 2402 περὶ
1079 2331 1366 2402 ἁμαρτιῶν
1413 2330 1765 2387 ὑπολείπεται

195 2418 377 2483 θυσία,
417 2414 512 2472 οἷα
551 2419 644 2472 καὶ
675 2419 977 2493 ἱερωσύνην
1006 2422 1356 2494 χαρίσασθαι.
1404 2422 1511 2476 Τοῦ
1545 2425 1767 2490 κανόνος

192 2508 372 2563 τούτου
403 2509 504 2562 καὶ
547 2511 574 2562 ό
621 2510 797 2580 μέγας
837 2511 1118 2584 μέμνηται
1167 2512 1449 2577 Βασίλειος
1481 2514 1542 2567 ἐν
1581 2514 1660 2585 τῷ
1699 2515 1766 2586 ιβ’

193 2601 349 2656 αὑτοῦ
383 2603 575 2656 κανόνι
595 2639 613 2666 ,
644 2603 785 2666 Τοὺς
814 2603 1113 2675 διγάμους,
1167 2604 1374 2674 λέγων,
1427 2607 1711 2672 παντελῶς
1737 2609 1766 2661 ὁ

191 2693 364 2750 κανὼν
396 2694 504 2763 τῆς
536 2694 678 2748 κατά
709 2694 808 2763 τὴν
846 2695 1037 2765 κλῆσιν
1066 2695 1368 2767 ὑπηρεσίας
1399 2696 1724 2752 ἀπέκλεισεν
1745 2713 1762 2728 ·

187 2785 369 2840 τοῦτον
398 2785 469 2854 δὴ
499 2785 699 2853 λέγων.
743 2783 802 2838 '0
838 2785 895 2840 δὲ
923 2786 1280 2850 ἀποστολικὸς
1312 2793 1382 2858 ιη’
1405 2803 1419 2815 ·
1451 2787 1586 2840 Οὐδὲ
1613 2790 1641 2841 ό
1673 2789 1765 2859 χή-

191 2895 284 2948 ραν
320 2878 530 2947 λαϐὼν,
565 2877 600 2948 ἢ
650 2877 1063 2948 ἐκϐεϐλημένην
1093 2878 1228 2950 πρὸς
1282 2879 1376 2932 τοῦ
1418 2881 1620 2933 οἰκείου
1667 2882 1763 2934 ἀν-

185 2969 339 3039 δρὸς,
381 2968 414 3038 ἦ
473 2969 720 3038 ὲταῖραν,
753 2967 786 3035 ἦ
826 2967 1050 3034 οἰκέτιν,
1095 2968 1128 3039 ἢ
1167 2967 1278 3022 τῶν
1306 2969 1400 3021 ἐπὶ
1433 2971 1663 3040 σκηνῆς,
1705 2973 1762 3026 αἶ

183 3059 256 3130 τῷ
286 3058 544 3129 ἁσέμνως
589 3058 780 3127 βιῶναι
823 3059 886 3111 ού
921 3060 1266 3122 πιστεύονται
1314 3066 1634 3133 σωφρονεῖν,
1680 3063 1764 3116 δύο

1869 1954 2054 2009 verbis
2080 1956 2336 2026 exprimi,
2363 1973 2464 2011 nec
2495 1959 2701 2029 percipi
2737 1970 2920 2017 mente
2943 1970 3142 2032 potest,
3174 1965 3243 2018 ab
3269 1966 3452 2020 omni-

1871 2042 1975 2100 bus
2021 2047 2278 2104 sordibus
2325 2049 2462 2104 eluit
2503 2065 2650 2112 eum,
2693 2053 2785 2121 qui
2833 2051 3166 2122 baptizatur,
3211 2063 3265 2110 et
3310 2056 3453 2112 lucis

1847 2148 2132 2216 capacem
2175 2136 2328 2203 fecit,
2396 2140 2530 2195 nihil
2575 2141 2811 2212 amplius
2864 2143 3256 2215 impedimento
3326 2155 3448 2215 est,

1868 2226 2167 2293 quominus
2212 2227 2357 2283 tdetn
2393 2231 2558 2284 etiam
2592 2247 2728 2302 pura
2757 2234 3050 2289 sacerdotii
3089 2236 3212 2292 luce
3236 2238 3451 2294 exhila-

1869 2325 2043 2372 retur.
2080 2317 2282 2374 Verum
2330 2330 2453 2390 post
2497 2338 2720 2379 sacrum
2769 2326 2905 2381 illud
2957 2328 3260 2398 lavacrum,
3297 2331 3452 2387 nulla

1869 2426 1968 2480 pro
2016 2412 2258 2479 peccatis
2304 2415 2512 2480 reliqua
2561 2424 2647 2470 est
2691 2419 2892 2484 hostia,
2926 2437 3050 2490 quae
3079 2423 3450 2480 sacerdotium

1869 2504 2053 2572 largiri
2098 2507 2294 2576 possit.
2341 2507 2518 2576 Hujus
2567 2512 2795 2566 canonis
2849 2493 3016 2568 etiam
3075 2528 3307 2584 magnus
3359 2514 3454 2570 ille

1867 2593 2104 2651 Basilius
2137 2597 2386 2652 meminit
2421 2599 2475 2652 in
2505 2615 2580 2654 xu
2608 2615 2820 2656 canone
2845 2617 2966 2667 suo,
2997 2618 3125 2658 cum
3159 2603 3238 2658 ait
3265 2623 3279 2659 :
3312 2604 3444 2669 Eos,

1865 2687 1957 2756 qui
2005 2689 2277 2742 secundas
2309 2699 2634 2747 contraxere
2668 2695 2912 2762 nuptias,
2949 2695 3179 2751 omnino
3205 2711 3383 2751 canon
3418 2713 3451 2752 a

1869 2780 2182 2835 ministerio
2211 2783 2522 2838 vocationis
2563 2785 2823 2852 exclusit,
2855 2787 3056 2854 quibus
3088 2788 3270 2842 verbis
3306 2788 3452 2844 hunc

1866 2873 2044 2925 innuit
2075 2887 2368 2928 canonem.
2398 2873 2665 2930 Caeterum
2705 2891 2838 2931 xvnt
2865 2892 3041 2932 canon
3072 2879 3448 2949 apostolorum

1864 2961 1940 3016 ait
1971 2965 2001 3014 :‘
2019 2962 2128 3016 Nec
2181 2964 2272 3032 qui
2309 2967 2526 3018 viduam
2560 2964 2737 3028 duxit,
2797 2966 2880 3021 vel
2927 2967 3156 3036 eiet-tam
3193 2982 3222 3021 a
3254 2969 3451 3024 marito

1865 3068 1985 3116 suo,
2026 3054 2109 3107 vel
2150 3055 2522 3118 meretricem,
2570 3056 2650 3110 vel
2688 3071 2923 3122 servam,
2959 3059 3042 3112 vel
3095 3059 3334 3128 aliquam
3380 3075 3449 3115 ex

185 3167 336 3204 ναται
369 3147 514 3202 εἶναι
557 3149 878 3214 ἐπίσκοπος,
921 3149 955 3219 ἢ
984 3151 1380 3223 πρεσϐύτερος,
1417 3154 1450 3223 ἢ
1498 3154 1637 3218 ὅλως
1667 3155 1760 3208 τοῦ

1872 3143 1957 3208 iis,
2003 3160 2123 3212 qua:
2167 3153 2342 3198 artem
2385 3145 2654 3201 ludicram
2701 3157 2983 3212 exercent,
3025 3164 3090 3203 ac
3137 3159 3450 3217 pr0pterea,

186 3241 405 3313 κλήρου.
443 3241 570 3303 Τοῖς
619 3241 742 3294 δυσὶ
785 3241 999 3306 τούτοις
1028 3244 1409 3308 ἀποστολικοῖς
1454 3247 1640 3300 κανόσι
1673 3248 1768 3302 καὶ

182 3335 210 3387 ό
235 3334 416 3405 τρίτος
448 3334 550 3405 τῆς
581 3334 749 3405 ἕκτης
781 3335 999 3390 συνόδου
1037 3335 1216 3390 κανών
1239 3337 1308 3369 ⁵⁸·
1343 3337 1552 3408 Μηδεὶς
1582 3340 1764 3394 δευτε-

186 3429 527 3498 ρογαμήσας,
559 3426 974 3499 χειῳτονείσθω
1000 3428 1397 3502 πρεσϐύτερος,
1425 3431 1458 3502 ἢ
1491 3430 1764 3500 διάκονος,

187 3519 320 3590 μήτε
354 3520 464 3592 μὴν
491 3520 542 3573 εί
579 3520 801 3589 γυναικὶ
833 3523 1074 3574 συνοικεῖ
1101 3520 1192 3574 τὸν
1236 3521 1368 3575 ἴδιον
1402 3522 1570 3593 ἄνδρα
1604 3541 1767 3579 κατα-

182 3612 433 3683 λιπούσῃ,
475 3614 618 3682 μήτε
663 3614 712 3666 εί
753 3613 1040 3684 παλλακὴν
1067 3614 1203 3686 ἔχει,
1235 3615 1350 3669 ἀλλ’
1378 3616 1412 3686 ἢ
1460 3619 1589 3687 μιᾶς
1622 3619 1765 3690 ἀνὴρ

181 3706 474 3776 γενόμενος
534 3706 811 3776 σώφρονος
858 3707 954 3760 καὶ
986 3709 1050 3761 ἐκ
1092 3707 1413 3778 παρθενίας.
1465 3709 1524 3762 [il
1572 3709 1629 3762 δέ
1678 3727 1765 3774 τις

180 3797 426 3867 γαμετὴν
479 3797 514 3867 ἢ
565 3795 850 3868 παλλακὴν
903 3798 1250 3866 εἰσαγάγοιτο
1295 3800 1545 3869 φανερῶς
1589 3799 1623 3872 ἢ
1667 3799 1769 3853 λα-

180 3886 423 3956 θραίως,
453 3887 660 3952 εὐθέως
704 3887 806 3958 τῆς
858 3889 1010 3958 ἱερᾶς
1054 3889 1372 3944 ἐκπιπτέτω
1413 3889 1642 3957 τάξεως,
1670 3891 1765 3945 καὶ

182 3977 395 4050 ἰδιώτης
444 3978 610 4033 ἔστω.
658 3981 722 4034 Ἤ
772 3979 829 4032 δὲ
872 3979 1206 4051 ὀγδοηκοστή
1249 3982 1292 4014 ⁸³
1327 3979 1546 4046 ἔννατος
1581 3980 1766 4052 Νεαρά

178 4067 445 4139 βασιλέως
492 4071 724 4136 Λέοντος
754 4071 849 4126 τοῦ
881 4072 1079 4143 Σοφοῦ,
1109 4073 1234 4137 τοὺς
1263 4073 1632 4144 διγαμοῦντας
1655 4073 1764 4129 τῶν

175 4161 459 4235 κληρικῶν
493 4165 632 4235 μήτε
657 4163 752 4218 τοῦ
783 4165 1062 4235 σχήματος
1083 4163 1498 4236 ἀλλοτριοῢσθαι
1526 4165 1762 4232 κελεύει,

176 4259 316 4327 μήτε
362 4258 468 4329 τῆς
521 4259 584 4312 ἐκ
626 4257 721 4312 τοῦ
770 4259 1016 4330 βήματος
1059 4259 1385 4331 ὑπηρεσίας.
1435 4261 1574 4330 Φησὶ
1613 4259 1760 4332 γάρ·

172 4349 288 4402 Οὐκ
343 4349 730 4422 ἀποδεχόμεθα
792 4354 893 4423 τῆς
947 4354 1329 4424 προαιρέσεως
1385 4353 1476 4407 τὸν
1532 4352 1763 4408 παλαιὸν

170 4441 502 4514 νομοθέτην,
541 4442 600 4506 δς
639 4441 889 4514 βούλεται
925 4443 1318 4516 πρεσϐύτερον,
1351 4444 1385 4516 ἢ
1429 4443 1696 4510 διάκονον,
1725 4445 1760 4516 ἢ

1872 3235 2018 3304 quod
2053 3251 2242 3305 parum
2265 3237 2492 3292 honeste
2516 3239 2724 3304 vivant,
2754 3254 2866 3294 non
2891 3241 3196 3295 creduntur
3215 3258 3337 3298 esse
3361 3258 3454 3297 ca-

1873 3339 1990 3393 etae,
2013 3339 2192 3399 potest
2212 3329 2506 3400 episcopus
2523 3333 2768 3398 esse,vel
2788 3333 3093 3405 presbyter,
3123 3337 3205 3390 vel
3221 3337 3452 3392 omnino

1871 3423 2201 3478 clericorum
2240 3423 2293 3477 in
2325 3425 2631 3480 consortio.
2667 3425 2804 3480 Cum
2849 3426 3069 3482 duobus
3101 3427 3252 3482 hisce
3283 3443 3456 3483 cano-

1875 3515 2036 3570 nibus
2071 3515 2392 3586 apostolicis
2419 3516 2583 3571 etiam
2613 3516 2812 3572 tertius
2841 3527 3011 3572 sexta:
3045 3518 3241 3589 synodi
3271 3534 3453 3575 canon

1872 3609 2170 3676 consentit,
2197 3607 2360 3677 cujus
2385 3608 2499 3664 htec
2525 3609 2688 3664 verba
2715 3617 2845 3664 sunt
2866 3627 2880 3664 :
2900 3609 3093 3675 Nemo,
3124 3613 3216 3680 qui
3249 3628 3454 3668 secun-

1870 3700 1969 3754 das
2011 3699 2209 3753 adierit
2262 3701 2504 3770 nuptias,
2533 3699 2816 3756 ordinator
2854 3702 3164 3773 presbyter,
3193 3711 3288 3756 aut
3331 3704 3454 3759 dia-

1871 3805 2046 3844 conus
2085 3805 2099 3842 :
2139 3807 2240 3844 nec
2283 3791 2328 3845 si
2379 3791 2664 3846 mulierem
2713 3791 2911 3846 habeat
2959 3793 3014 3846 in
3066 3795 3452 3863 contubernio,

1870 3897 1992 3951 qua:
2038 3880 2215 3935 virum
2269 3897 2428 3936 suum
2483 3883 2792 3952 reliquerit,
2839 3898 2944 3938 nec
2985 3884 3030 3940 si
3087 3887 3454 3941 concubinam

1868 3972 2070 4038 habeat
2100 3989 2115 4026 :
2141 3972 2240 4028 sed
2288 3974 2554 4027 duntaxat
2601 3974 2668 4040 ls,
2717 3975 2814 4044 qui
2848 3975 2930 4029 vir
2962 3984 3045 4031 est
3083 3978 3250 4031 unius
3289 3987 3455 4034 caste

1871 4065 2139 4128 mulieris,
2180 4071 2236 4120 et
2265 4080 2426 4135 quam
2462 4065 2734 4136 virginem
2765 4067 3000 4122 duxerit.
3042 4066 3140 4124 Sin
3175 4070 3454 4140 quispiam

1870 4156 2093 4212 duxerit
2121 4157 2476 4212 matrimonio
2505 4158 2660 4230 prius
2687 4158 3022 4228 copulatam,
3059 4160 3146 4217 vel
3185 4162 3452 4218 concubi-

1872 4263 2022 4311 nam,
2066 4248 2186 4305 sive
2225 4246 2543 4312 manifesto,
2579 4247 2698 4303 sive
2729 4248 2895 4312 clam,
2926 4249 3217 4306 confestim
3259 4251 3452 4307 ordine

1871 4355 2028 4396 sacro
2075 4339 2330 4404 excidat,“
2356 4348 2408 4394 et
2449 4340 2718 4409 privatam
2761 4339 2929 4394 vitam
2976 4350 3119 4411 aget.
3155 4342 3456 4414 Septuage-

1873 4433 2010 4488 sima
2033 4449 2166 4489 vero
2197 4443 2249 4489 et
2273 4447 2417 4487 nona
2449 4432 2675 4489 Novella
2703 4433 2971 4505 principis
2998 4433 3219 4502 Leonis,
3250 4451 3457 4508 cogno-

173 4530 542 4589 ύποδιάκονον
569 4574 584 4601 ,
617 4533 757 4606 μετὰ
799 4534 898 4606 τὴν
932 4536 1020 4588 ἐπ’
1054 4535 1203 4607 αὐτῷ
1255 4536 1596 4607 χειροθεσίαν
1643 4554 1764 4590 συν·

1875 4525 2022 4580 mine
2082 4523 2360 4596 Sapientis
2418 4525 2554 4596 (10),
2607 4526 2841 4582 clericos
2892 4527 3168 4583 secundas
3229 4530 3452 4599 nuptias

169 4623 421 4691 αφθέντα
467 4628 710 4694 γυναικὶ,
761 4625 1042 4688 παντελῶς
1072 4626 1167 4680 τοῦ
1195 4626 1439 4681 τοιούτου
1474 4627 1765 4693 ὑπεξίστα-

169 4713 295 4770 σθαι
324 4719 641 4788 σχήματος,
676 4719 774 4772 καί⁸
797 4717 936 4789 πρὸς
957 4717 1048 4772 τὸν
1073 4717 1258 4772 λαῖκδν
1291 4717 1405 4789 βίον
1432 4719 1764 4789 ἐπαναστρέ-

166 4809 392 4877 φεσθαι,
427 4811 570 4865 ἀλλὰ
612 4812 930 4882 ἀκυροῦμεν
972 4811 1033 4866 τὸ
1061 4811 1269 4881 δόγμα·
1308 4811 1638 4882 θεσπίζομεν
1680 4812 1761 4877 δέ,

169 4901 310 4974 μόνῃ
375 4905 448 4975 τῇ
505 4903 856 4976 ὑποχωρήσει
902 4903 1000 4975 τῆς
1034 4903 1281 4968 τάξεως,
1323 4903 1409 4974 ἐφ’
1509 4903 1614 4974 πρὸ
1666 4901 1762 4956 τοῦ

163 4995 354 5065 γάμου
381 4996 742 5067 ἐγνωρίζετο,
773 4995 1063 5067 ἀρκεῖσθαι
1093 4994 1193 5067 τὴν
1220 4995 1380 5064 δίκην
1405 4995 1592 5057 αὐτοῖς
1621 5010 1636 5025 ·
1666 4993 1762 5048 τοῦ

161 5080 218 5134 δὲ
257 5081 539 5154 κληρικοῦ
591 5084 875 5155 σχήματος
903 5085 1002 5138 καὶ
1037 5082 1140 5155 τῆς
1173 5081 1343 5152 ἄλλης
1369 5083 1490 5145 ταῖς
1535 5079 1761 5153 Ἐκκλη-

161 5170 309 5236 σίαις
338 5172 656 5244 ὑπηρεσίας
685 5173 1050 5242 ἐφάπτεσθαι,
1082 5173 1182 5226 οὐκ
1212 5171 1471 5242 ἀθέμιτον
1493 5171 1563 5228 ²¹.

1873 4617 2266 4675 contrahentes
2315 4633 2415 4674 nec
2460 4617 2708 4675 habitum
2757 4619 3012 4676 amittere
3063 4620 3294 4689 debere,
3349 4637 3455 4678 nec

1871 4705 2212 4764 iunctionem
2245 4709 2664 4775 sacerdotalem,
2698 4709 2969 4781 praecipit.
2997 4710 3138 4767 Sunt
3163 4713 3309 4769 enim
3341 4714 3456 4770 haec

1872 4799 2019 4856 illius
2047 4801 2212 4856 verba
2240 4819 2255 4855 :
2279 4800 2397 4856 Non
2429 4802 2726 4871 probamus
2759 4803 3089 4875 legislatoris
3119 4807 3456 4879 veteris(ll)

1870 4891 2213 4959 institutum,
2249 4892 2344 4962 qui
2393 4892 2529 4957 vult,
2565 4903 2625 4948 ut
2667 4895 2978 4966 presbyter,
3025 4907 3123 4952 aut
3165 4898 3455 4968 diaconus,

1872 4993 1968 5039 aut
2012 4984 2410 5052 subdiaconus,
2447 4985 2542 5056 qui
2585 4995 2709 5056 post
2751 4987 2951 5042 factam
2997 5004 3195 5046 manus
3227 4991 3459 5061 imposi-

1871 5076 2074 5132 tionem
2123 5091 2248 5132 cum
2298 5077 2529 5132 muliere
2571 5079 2864 5148 c0pu|atus
2897 5079 3084 5144 fuerit.
3129 5097 3354 5152 prorsus
3385 5083 3456 5137 ab

1870 5170 1977 5226 hoc
2007 5171 2196 5227 habitu
2239 5173 2481 5237 recedat,
2517 5180 2571 5228 et
2608 5172 2674 5228 ad
2705 5173 2870 5229 vitam
2897 5173 3164 5244 plebeiam
3204 5184 3451 5230 reverta-

161 5274 252 5320 tur
295 5285 310 5321 :
359 5268 464 5323 sed
509 5268 792 5325 decretum
830 5270 933 5326 hoc
971 5269 1326 5341 abrogamus,
1368 5276 1534 5340 atque
1592 5266 1900 5334 sancimus,
1945 5267 2025 5321 uti
2072 5266 2342 5322 duntaxat
2371 5267 2454 5323 eis
2489 5282 2590 5338 pro
2651 5283 2818 5339 paena
2881 5268 3112 5324 sufﬁciat
3171 5267 3291 5335 ejus
3363 5283 3456 5323 or-

1474 5381 1705 5438 VARUE
1755 5380 2134 5437 LECTIONES

425 5481 452 5531 ἱ
469 5479 716 5549 διγάμων
747 5479 1078 5550 ἱερωμένων.

1191 5479 1237 5512 ⁹⁰
1266 5477 1364 5548 τῆς
1392 5477 1557 5548 ἕκτης
1587 5477 1805 5530 συνόδου
1853 5477 2068 5547 συνᾴδει
2094 5473 2295 5548 κανών.

2405 5475 2449 5506 ²¹
2474 5471 2879 5543 ἑϐδομηκοστή.
2978 5473 3025 5543 ’ξ
3064 5471 3228 5542 ἄλλης
3260 5473 3316 5524 ἐν
3339 5475 3458 5526 ταῖς

234 5481 276 5514 ¹⁹
307 5497 381 5533 πε
425 5481 716 5549 ὶδιγάμων
747 5481 1078 5550 ἱερωμένων.
1191 5481 1237 5512 ⁹⁰
1266 5481 1364 5548 τῆς
1392 5481 1557 5545 ἕκτης
1587 5481 1805 5530 συνόδου
1853 5481 2068 5547 συνᾴδει
2094 5481 2295 5528 κανών.
2405 5481 2449 5506 ²¹
2474 5481 2879 5557 ἑϐδομηκοστὴ.
2978 5481 3025 5504 "
3064 5481 3228 5558 apri];
3260 5481 3349 5524 ἐν’

153 5497 496 5614 ἐκκλησίειις
555 5549 903 5620 ὑπηρεσίαις,
970 5544 1039 5619 ἧς
1071 5547 1414 5620 ἐφάπτεσθαι
1447 5547 1547 5600 οὐκ
1581 5549 1863 5617 ἀθέμιτον,
1895 5549 1970 5616 μὴ
2005 5545 2320 5600 παντάπασι
2349 5544 2450 5616 τὴν
2479 5544 2832 5616 ἀλλοτρίωσιν
2861 5542 3349 5607 καταδικαζεσθαι.

1688 5637 1920 5694 NOTAE.

221 5741 312 5813 (9)
354 5738 461 5813 Eae
485 5736 678 5813 Basilii
713 5735 950 5813 Novellze
977 5741 1129 5813 sunt.
1155 5799 1180 5813 Δ
1210 5799 1228 5813 ¹
1311 5801 1341 5813 ν.
1390 5800 1402 5813 ο
1487 5800 1498 5811 .
1644 5800 1655 5812 .
1703 5801 1712 5811 .

226 5799 242 5874 ἰ
259 5799 349 5880 10)
373 5808 600 5864 Novella
619 5808 833 5875 79,quae
847 5805 1129 5860 Novellum
1151 5799 1183 5856 6
1203 5799 1502 5857 Justiniani
1517 5800 1763 5872 corrigit.

1950 5729 2062 5800 (ll)
2087 5727 2202 5783 Hoc
2219 5738 2323 5792 est,
2354 5727 2670 5786 Iustiniani.
2705 5725 2883 5783 Locus
2908 5736 2994 5784 est
3016 5726 3235 5784 Novella
3258 5726 3309 5796 6,
3333 5725 3459 5784 Ca:-

1876 5809 2045 5854 trrum
2078 5801 2123 5853 si
2147 5801 2288 5867 quis.
