3990 6564
460 371 609 445 1255

1763 372 1797 432 J
1806 371 1903 432 US
1934 371 2377 436 CANONICUM

3581 379 3728 443 1256

460 486 610 543 diuis
642 480 844 547 cessio,
878 479 1068 552 quoin
1096 478 1291 537 ordine
1316 486 1442 536 ante
1474 487 1788 536 contractas
1814 483 2037 552 nuptias
2076 484 2576 553 conspiciebantur.
2653 485 2733 541 Ad
2786 486 3005 543 habitus
3055 496 3238 543 autem
3288 485 3582 551 clericalis,
3664 491 3726 542 et

459 576 687 645 reliquae
743 574 1043 632 [unctionis
1091 573 1145 628 in
1197 571 1461 629 Ecclesiis
1509 572 1894 643 privationem,
1939 588 2050 631 non
2089 578 2316 633 omnino
2353 576 2817 645 condemnentur,
2898 587 3174 648 quatenus
3214 588 3274 633 ut
3337 591 3461 635 eam
3499 576 3704 634 obeant

459 669 548 725 fas
589 669 775 725 fuerit.

582 785 663 840 De
687 784 841 841 laici:
872 783 944 838 ad
973 782 1232 837 secundas
1264 786 1478 855 nuptias
1514 786 1928 842 transeuntibus.

530 898 826 953 Enimvero
849 896 1068 952 divinus
1090 898 1181 952 ille
1198 897 1494 968 Apostolus
1507 899 1684 956 viduis
1701 898 2035 971 junioribus,

462 997 519 1041 ut
574 989 777 1042 alteras
813 987 878 1040 ad
912 986 1134 1056 nuptias
1165 994 1467 1055 transeant,
1518 987 1790 1058 siquidem
1842 990 1915 1044 ita
1944 1005 2041 1045 ve-

459 1079 582 1142 lint,
646 1077 938 1147 permisit:
980 1092 1166 1130 earum
1199 1084 1410 1133 naturae
1443 1078 1812 1135 lubricitatem
1872 1080 2037 1136 inte!—

459 1168 657 1240 ligeus.
708 1167 883 1221 Divini
913 1182 1044 1224 vero
1076 1166 1268 1225 Patres
1315 1170 1477 1224 etiam
1509 1171 1680 1237 viros,
1710 1172 1804 1243 qui
1833 1188 2037 1228 secun-

458 1262 556 1314 das
578 1258 797 1329 nuptias
825 1258 1111 1327 eligerent,
1138 1259 1363 1314 minime
1394 1262 1655 1331 putabant
1686 1262 2034 1328 inhibendos,

461 1350 909 1421 quandoquidem
979 1350 1226 1407 libidinis
1293 1352 1533 1408 carnalis
1592 1353 1852 1424 impetum
1926 1369 2038 1410 non

458 1444 808 1514 ignorabant.
854 1442 970 1499 Non
1004 1453 1185 1499 tamen
1217 1445 1319 1499 hoc
1376 1444 1600 1516 impune
1647 1445 1763 1501 fieri
1812 1446 2039 1517 permit-

459 1538 669 1591 tebant.
719 1535 929 1606 Quippe
982 1536 1146 1605 primi
1197 1538 1429 1592 canonis
1482 1535 1675 1608 synodi
1715 1534 2039 1591 Laodicena:

458 1629 572 1682 iure
620 1628 785 1681 verba
814 1635 943 1683 sunt
969 1645 983 1682 :
1022 1627 1125 1694 Qui
1150 1627 1389 1696 legitime
1420 1628 1691 1683 secundas
1722 1628 1788 1682 ad
1815 1628 2037 1697 nuptias

459 1719 816 1781 transierunt,
844 1718 936 1771 ubi
980 1733 1073 1786 per
1099 1720 1354 1789 exiguum
1392 1718 1660 1787 temporis
1693 1718 1931 1788 spatium
1952 1717 2039 1773 in-

460 1811 799 1874 ιειοιιεεενὶι,
859 1824 922 1864 ac
993 1811 1246 1878 precibus
1311 1818 1365 1864 et
1417 1810 1643 1880 jejuniis
1700 1812 2034 1876 vacaverint,

458 1898 847 1950 communione
878 1912 971 1966 per
998 1897 1392 1968 indulgentiam
1428 1900 1699 1957 fruantur.
1728 1900 1824 1955 Sin
1859 1901 2033 1972 prius,

460 2003 622 2058 quam
662 1988 933 2055 legitimas
990 1991 1382 2045 contraherent
1416 1991 1651 2060 nuptias,
1693 1992 2037 2051 clandestino

462 2079 756 2135 concubitu
788 2080 1040 2143 coierint,
1089 2083 1252 2134 etiam
1284 2082 1585 2150 puniantur
1610 2097 1711 2138 ceu
1744 2085 2037 2141 scortatio-

2580 787 2720 856 Περι
2747 785 3010 856 διγάμων
3033 784 3282 841 lamina

2226 898 2367 954 Ἀλλ’
2396 901 2425 952 ό
2464 899 2565 969 μὲν
2595 898 2735 962 θεῖος
2776 896 3097 962 ’Δπόστολος
3127 896 3227 961 τὰς
3255 897 3525 968 νεωτέρας
3549 897 3728 969 χήρας

2140 990 2341 1061 γάμοις
2372 982 2530 1052 αὖθις
2589 987 2971 1060 προσομιλεῖν,
3023 989 3071 1040 εί
3116 986 3412 1057 βούλοιντο,
3479 983 3728 1057 συνεχὼ-

2145 1095 2310 1150 ρησεν
2348 1091 2364 1107 ⁸
2418 1077 2480 1131 τὸ
2526 1076 2804 1131 εὐόλισθον
2833 1075 2936 1148 τῆς
2963 1075 3182 1147 φύσεως
3229 1076 3603 1147 ὑπειδόμενος.
3657 1077 3726 1130 οι

2138 1171 2195 1225 δὲ
2234 1169 2369 1224 θεῖοι
2397 1170 2643 1242 Πατέρες
2673 1169 2771 1223 καὶ⁵
2799 1168 2910 1223 τῶν
2940 1168 3149 1239 ἀνδρῶν
3168 1169 3297 1233 τοὺς
3343 1168 3598 1240 διγαμεῖν
3630 1171 3723 1223 αξ-

2142 1262 2464 1335 ρουμὲνους,
2496 1260 2670 1333 ᾤοντο
2689 1260 2803 1314 δεῖν
2834 1260 2896 1314 οὐ
2924 1260 3000 1332 μὴ
3029 1258 3281 1324 κωλύειν,
3320 1258 3417 1313 τοῦ
3452 1257 3724 1331 σαρκικοῦ

2140 1353 2486 1424 φρονήματος
2535 1352 2611 1422 μὴ
2663 1349 2987 1420 ἀγνοοῦντες
3036 1348 3137 1421 τὴν
3193 1350 3585 1405 ἐπανάστασιν.
3642 1350 3723 1405 Οὐ

2141 1444 2250 1516 μὴν
2275 1445 2684 1515 ἀνεπιτιμήτως
2721 1442 2912 1496 εἴασαν
2950 1441 3116 1513 ἔχειν.
3146 1441 3287 1512 Φησὶ
3321 1441 3431 1513 γὰρ
3451 1444 3480 1495 ό
3502 1441 3724 1513 πρῶτος

2140 1534 2239 1604 τῆς
2264 1535 2324 1587 ἐν
2358 1532 2651 1604 Λαοδικείᾳ
2676 1529 2897 1610 συνόόου
2939 1528 3118 1584 κανών
3148 1546 3164 1562 ο
3197 1530 3261 1583 Oi
3314 1527 3567 1598 νομίμως
3597 1526 3722 1581 δευ-

2137 1628 2319 1698 τέροις
2338 1627 2698 1699 ὁμιλήσαντες
2726 1626 2953 1696 γάμοις,
2989 1623 3174 1693 ὀλίγου
3194 1622 3263 1676 δι’
3283 1620 3661 1684 ὲππεύσαντος
3671 1619 3722 1652 ﬂ

2136 1717 2355 1789 χρόνου,
2401 1716 2496 1770 καί⁹
2531 1718 2653 1780 ταῖς
2699 1715 2888 1786 εὐχαῖς
2921 1714 3016 1768 καὶ
3044 1714 3166 1776 ταῖς
3217 1710 3490 1782 νηστείαις
3522 1708 3722 1781 σχολάο

2144 1827 2359 1873 σαντες,
2412 1810 2512 1881 τῆς
2543 1809 2829 1873 κοινωνίας
2882 1807 3025 1862 κατὰ
3072 1809 3410 1880 συγγνώμην
3442 1806 3724 1860 άπολαυέο

2141 1904 2374 1959 σθωσαν.
2399 1903 2466 1958 Εί
2489 1902 2547 1957 δὲ
2570 1902 2699 1973 πρὶν
2721 1904 2791 1956 τά
2817 1901 2913 1956 τοῦ
2932 1903 3165 1974 νομίμου
3196 1903 3376 1974 γάμου
3396 1899 3724 1955 τελέσασθαι

2138 1994 2379 2067 λαθραίᾳ
2431 1992 2575 2065 μίξει
2642 1994 2927 2064 συνῆλθον,
2986 1994 3082 2048 καὶ
3144 1994 3220 2058 ὡς
3280 1990 3727 2064 πεπορνευκότες

2138 2083 2603 2157 ὲπιτιμάσθωσαν.
2641 2083 2700 2138 Ὀ
2716 2084 2771 2138 δὲ
2799 2083 2971 2155 μέγας
2990 2082 3268 2147 Βασίλειος
3289 2085 3346 2138 ὲν
3376 2081 3452 2154 τῷ
3469 2081 3727 2154 τετάρτῳ

462 2171 548 2224 nis
579 2172 678 2225 rei.
732 2173 957 2237 Magnus
987 2180 1168 2225 autem
1204 2172 1294 2227 ille
1325 2171 1564 2228 Basilius
1613 2175 1667 2229 in
1714 2184 1914 2246 quarto
1944 2192 2034 2232 ca-

2145 2178 2314 2233 αὑτοῦ
2367 2177 2577 2242 κανόνι,
2612 2177 2676 2230 Oi
2714 2177 2831 2247 μὲν,
2874 2177 3060 2247 φησιν,
3116 2176 3205 2229 ἐπ’
3235 2176 3478 2230 ἐνιαυτὸν
3506 2174 3625 2240 ἕνα,
3668 2170 3725 2225 oi

460 2275 604 2314 none
654 2275 756 2315 suo
814 2277 827 2312 :
887 2259 1143 2325 Quidam,
1200 2261 1397 2330 inquit,
1454 2263 1522 2317 ad
1579 2277 1781 2319 annum
1844 2281 2034 2333 unum,

460 2351 682 2421 quidam
714 2352 779 2405 ad
821 2350 958 2406 duos
1004 2360 1193 2406 arcent
1245 2369 1370 2408 eum
1430 2370 1461 2409 a
1515 2358 1906 2416 communione
1942 2376 2023 2416 sa-

460 2459 573 2509 cra,
608 2446 700 2515 qui
733 2446 1005 2499 secundas
1053 2448 1271 2514 nuptias
1301 2449 1596 2508 contrahit.
1629 2450 1795 2519 Idem,
1828 2468 2038 2511 canone

458 2549 548 2589 ιιι
580 2553 594 2588 :
640 2533 834 2600 Vidua,
876 2534 1073 2604 inquit,
1112 2537 1157 2592 si
1200 2539 1464 2608 proximis
1489 2544 1806 2610 parentibus
1827 2554 2034 2612 careat,

460 2627 623 2679 etiam
660 2625 728 2677 ad
766 2627 1037 2682 secundas
1066 2629 1335 2684 arbitratu
1362 2646 1463 2687 suo
1497 2635 1713 2704 nuptias
1746 2639 2037 2696 convolare

461 2734 569 2772 non
601 2719 939 2787 prohibetur.
993 2718 1125 2775 Nam
1184 2724 1431 2792 Apostoli
1467 2728 1629 2782 verba
1665 2736 1795 2784 sunt
1830 2729 1925 2785 :Si
1955 2733 2038 2787 vir

460 2820 713 2865 mertuus
773 2799 956 2876 fuerit,
988 2811 1158 2867 libera
1192 2820 1311 2878 est,
1338 2824 1398 2869 ut
1436 2817 1486 2871 ei
1551 2818 1740 2885 nubat,
1772 2821 1859 2875 cui
1895 2824 2031 2877 vult.

459 2898 724 2953 Parentes
785 2911 968 2953 autem
1019 2901 1151 2968 vivi,
1228 2918 1461 2972 quorum
1517 2914 1600 2961 est
1641 2908 1697 2962 in
1745 2917 2033 2980 potestate,

459 2992 506 3044 si
565 3004 671 3044 non
726 2992 1127 3058 consenserint,
1210 2995 1524 3063 nuptiarum
1588 3000 2033 3068 coniunctionem

459 3079 719 3136 dirimere
750 3089 1003 3150 possunt.
1033 3082 1243 3153 Quippe
1267 3085 1348 3139 lex
1373 3087 1577 3159 ait(i‘2)
1613 3107 1628 3147 :
1678 3089 2033 3162 Emancipata

462 3172 641 3225 minor
681 3175 839 3226 annis
869 3188 975 3226 xxv
1001 3215 1015 3237 ,
1063 3177 1332 3232 secundas
1363 3179 1428 3233 ad
1458 3181 1678 3250 nuptias
1710 3186 2030 3252 transitura,

462 3262 529 3317 de
558 3262 730 3332 patris
780 3266 1050 3320 Sententia
1082 3270 1269 3322 nubat.
1322 3267 1517 3325 Mulier
1546 3272 1706 3328 vidua
1739 3275 1871 3345 (ιε’)
1894 3285 2032 3331 lem-

460 3368 561 3422 pus
592 3356 772 3409 luctus
794 3366 1117 3426 exspectare
1141 3362 1373 3430 cogitur,
1403 3372 1623 3430 propter
1653 3365 2026 3422 confusionem

458 3445 705 3510 seminis,
745 3446 975 3515 quodin
1022 3449 1144 3504 viro
1172 3450 1351 3504 locum
1384 3466 1494 3506 non
1535 3453 1717 3510 habet.
1749 3454 1882 3523 Quae
1901 3474 2029 3514 vero

459 3536 709 3606 nupserit
763 3546 889 3590 ante
955 3553 1119 3603 quam
1189 3542 1496 3610 completus
1554 3543 1717 3600 fuerit
1774 3562 1949 3604 anuus
2002 3563 2036 3605 ι

463 3638 634 3683 tnorte
656 3628 865 3691 mariti,
898 3636 952 3682 et
987 3628 1209 3685 infamia
1226 3640 1468 3699 notatur,
1502 3649 1602 3690 nec
1634 3639 1779 3693 ultra
1817 3640 2034 3695 tertiam

461 3718 1043 3775 facultatum‘suarum
1084 3730 1291 3791 partem
1347 3724 1501 3780 alteri
1554 3729 1752 3785 marito
1829 3731 2037 3788 donare

457 3817 657 3881 potest,
688 3812 770 3866 vel
806 3812 861 3868 in
908 3821 1238 3869 testamento
1293 3817 1620 3888 relinquere,
1656 3836 1779 3877 cum
1833 3824 2035 3883 liberos

458 3901 668 3956 scilicet
723 3904 910 3958 nullos
955 3904 1115 3958 habet
1159 3922 1173 3956 :
1212 3921 1312 3961 nee
1337 3906 1455 3977 ipsa
1489 3909 1786 3981 quidquam
1811 3913 2035 3971 habebit

458 4005 526 4045 ex
552 3991 887 4061 haereditate,
922 3994 1007 4049 vel
1034 3995 1231 4065 legato,
1268 3998 1352 4053 vel
1410 4000 1605 4057 mortis
1665 4017 1830 4060 causa
1868 4006 2037 4062 dona-

458 4087 641 4135 tione:
670 4080 764 4136 sed
800 4083 1076 4153 accipiunt
1105 4085 1221 4140 haec
1252 4086 1400 4143 illius
1444 4087 1564 4143 haec
1618 4091 1880 4159 heredes,
1939 4096 2034 4167 qui

462 4183 525 4224 ea
579 4171 820 4241 reliquit.
855 4171 910 4227 Si
940 4175 1074 4244 quid
1108 4178 1272 4231 etiam
1334 4180 1556 4250 reliquit
1604 4184 1651 4240 ei
1689 4188 1839 4255 prior
1865 4191 2034 4245 mari-

463 4269 574 4327 tus,
604 4279 790 4320 secum
825 4267 1029 4335 gradus
1076 4269 1264 4323 decem
1329 4286 1581 4341 personae
1634 4280 1877 4349 capiunt,
1931 4283 2034 4339 hoc

456 4363 566 4419 est,
598 4358 959 4414 ascendentes
986 4369 1040 4414 et
1106 4359 1521 4432 descendentes,
1573 4380 1625 4424 et
1655 4373 1745 4439 qui
1798 4382 1927 4429 sunt
1966 4390 2029 4430 ex

455 4454 791 4515 transverso,
827 4466 1001 4521 usque
1054 4451 1121 4505 ad
1158 4452 1459 4510 secundum
1510 4460 1761 4529 gradum.
1809 4465 1892 4518 Ab
1948 4467 2033 4520 in-

454 4544 652 4628 testato
683 4550 888 4602 autem,
932 4542 1173 4598 haeredes
1201 4556 1558 4616 cognatorum
1587 4552 1827 4623 ipsorum
1857 4572 2032 4628 usque

457 4627 526 4683 ad
563 4630 782 4685 tertium
831 4633 1101 4688 duntaxat
1146 4638 1395 4705 gradum.
1437 4641 1581 4707 Quin
1656 4645 1821 4700 etiam
1882 4627 2030 4704 omni

457 4720 728 4791 dignitate
782 4725 1053 4793 privatur,
1080 4735 1133 4781 et
1170 4728 1258 4793 iis,
1307 4746 1430 4800 quae
1471 4749 1500 4787 a
1544 4737 1742 4791 marito
1762 4738 1930 4808 priori
1962 4742 2029 4796 ad

2136 2268 2183 2322 δ’
2214 2269 2307 2321 ἐπὶ
2353 2267 2448 2321 δύο
2498 2270 2600 2337 τῆς
2641 2267 2792 2338 ἱερᾶς
2841 2268 3087 2339 εἴργουσι
3119 2265 3405 2328 κοινωνίας
3429 2262 3518 2319 τὸν
3555 2261 3728 2331 διγαο

2140 2360 2367 2431 μοῦντα.
2410 2361 2499 2413 Ἐν
2539 2359 2595 2413 δὲ
2633 2358 2711 2429 τῷ
2741 2366 2847 2429 μα’,
2887 2358 2953 2411 Ἥ
2981 2359 3147 2430 χήρα,
3176 2357 3364 2428 φησιν,
3394 2356 3442 2409 εί
3481 2356 3579 2409 καὶ
3600 2353 3723 2407 τῶν

2137 2451 2421 2522 inpos-exth
2453 2451 2656 2519 γονέων
2690 2450 2995 2520 ἀφῄρηται,
3018 2449 3113 2502 καὶ
3141 2450 3223 2513 είς
3251 2445 3501 2519 δεύτερον
3531 2444 3722 2499 ἐλθεῖν

2138 2542 2482 2614 αὐθαιρέτως
2523 2540 2584 2595 οὐ
2614 2540 2919 2595 κεκώλυται
2953 2539 3308 2593 συνοικέσιον.
3338 2537 3473 2607 1ινησὶ
3521 2537 3644 2607 γάρ
3690 2536 3721 2590 ό

2137 2632 2478 2696 Ἀπόστολος·
2517 2631 2645 2686 Ἐὰν
2674 2632 2731 2685 δὲ
2763 2631 3008 2704 ἀποθάνῃ
3040 2632 3069 2685 ό
3092 2630 3255 2702 ἀνὴρ,
3279 2628 3534 2698 ἐλευθέρα
3567 2629 3717 2691 ἐστὶ,

2135 2719 2180 2795 ᾧ
2210 2725 2380 2791 θέλει,
2414 2723 2752 2798 γαμηθῆναι.
2807 2724 3017 2788 Ζῶντες
3052 2724 3109 2778 δὲ
3151 2724 3202 2776 οἱ
3248 2724 3445 2792 γονεῖς,
3488 2714 3565 2776 ὧν
3606 2721 3720 2774 ὑπ-

2137 2817 2378 2883 εξούσιος
2401 2816 2535 2873 οὖσα
2566 2820 2848 2889 τυγχάνει,
2885 2818 2979 2871 καὶ
3012 2815 3087 2889 μὴ
3132 2815 3561 2882 συναινέσαντες,
3588 2814 3717 2868 δια-

2139 2911 2347 2963 σπᾶσαι
2375 2907 2626 2963 δύνανται
2648 2908 2744 2980 τὴν
2768 2907 2863 2962 τοῦ
2893 2907 3074 2980 γάμου
3096 2909 3409 2976 συνάφειαν.
3440 2904 3583 2977 Φησὶ
3602 2905 3717 2976 γὰρ

2135 3001 2164 3049 ὁ
2187 3002 2351 3070 νόμος
2374 3016 2389 3032 ”
2440 3000 2508 3054 Ἠ
2536 3000 2771 3055 ἐλάττων
2799 3001 2910 3054 τῶν
2940 2997 3021 3053 κε’
3070 3000 3334 3054 ἐνιαυτῶν
3386 2998 3712 3066 αὑτεξουσία

2141 3092 2413 3165 μέλλουσα
2458 3093 2902 3165 δευτερογαμεῖν,
2957 3090 3153 3163 γνώμῃ
3198 3090 3294 3143 τοῦ
3338 3089 3540 3160 πατρὸς
3603 3105 3713 3157 γαο

2141 3183 2370 3256 μείσθω.
2409 3185 2475 3237 Ἥ
2504 3189 2652 3256 χήρα
2678 3185 2814 3255 γυνὴ
2845 3181 3220 3252 ἀναγκάζεται
3259 3183 3442 3252 μεῖναι
3466 3181 3557 3233 τὸν
3580 3180 3718 3233 πένο

2141 3278 2191 3332 θι
2202 3293 2301 3349 μον
2332 3277 2527 3348 χρόνον
2551 3275 2642 3329 διὰ
2670 3275 2770 3347 τὴν
2794 3268 3059 3344 σύγχθσιν
3088 3275 3189 3344 τῆς
3227 3275 3413 3343 γονῆς,
3446 3273 3587 3344 ὅπερ
3616 3273 3715 3326 επὶ

2141 3369 2235 3424 τοῦ
2278 3368 2468 3440 ἀνδρὸς
2513 3367 2613 3421 οὐκ
2651 3366 2787 3421 ἔστι.
2835 3366 3152 3437 Γαμηθεῖσα
3187 3364 3245 3417 δὲ
3279 3364 3443 3433 πρινὴ
3487 3363 3715 3434 πληρω-

2142 3463 2301 3533 θῆναι
2338 3460 2430 3513 τὸν
2464 3459 2603 3531 μετὰ
2646 3457 2875 3512 θάνατον
2919 3456 3015 3510 τοῦ
3049 3455 3243 3527 ἀνδρὸς
3288 3454 3553 3515 ἐνιαυτὸν,
3592 3455 3717 3507 duo

2141 3549 2358 3622 μοῦται,
2392 3548 2489 3603 καὶ
2519 3548 2581 3601 οὐ
2611 3547 2834 3601 δύναται
2862 3546 3024 3624 πλέον
3062 3544 3158 3600 τοῦ
3190 3547 3375 3617 τρίτου
3395 3546 3493 3615 τῆς
3522 3542 3716 3605 οὐσίας

2134 3643 2304 3715 αὐτῆς
2327 3642 2527 3696 διδόναι
2557 3638 2635 3710 τῷ
2660 3638 2900 3711 δευτέρῳ
2927 3636 3106 3708 ἀνδρὶ,
3129 3635 3164 3707 ἢ
3195 3637 3253 3691 ἑν
3279 3635 3513 3707 διαθήκῃ
3540 3649 3716 3689 κατα-

2134 3737 2334 3804 λιπεῖν,
2365 3736 2455 3789 ὅτε
2495 3733 2692 3798 παῖδας
2719 3732 2922 3804 δηλαδὴ
2944 3732 3047 3787 οὐκ
3076 3731 3211 3803 ἕχει.
3245 3731 3343 3784 καὶ
3386 3730 3528 3799 αὑτὴ
3559 3726 3716 3782 obob

2133 3830 2247 3898 ἔξει
2272 3827 2379 3882 ἀπὸ
2412 3825 2795 3897 κληρονομίας,
2835 3822 2870 3897 ἧ
2899 3823 3162 3894 ληγάτου,
3196 3822 3229 3893 ἢ
3254 3823 3458 3893 μόρτις
3487 3821 3711 3884 nativa,

2134 3920 2305 3993 ἤγουν
2331 3916 2703 3972 ὲπιτελευτίου
2718 3917 2928 3987 δωρεᾶς
2951 3932 2966 3947 ο
2988 3914 3124 3969 ἀλλὰ
3143 3916 3315 3967 ταῦτα
3341 3912 3712 3983 λαμϐάνουσιν

2134 4013 2183 4066 oi
2215 4010 2544 4083 κληρονόμοι
2569 4009 2664 4063 τοῦ
2688 4008 3098 4072 καταλιπόντος.
3123 4006 3235 4060 Καὶ
3264 4005 3389 4060 εἴτι
3416 4004 3713 4059 κατέλιπεν

2134 4105 2273 4177 αὐτῇ
2301 4106 2329 4156 ό
2361 4102 2579 4173 πρῶτος
2614 4101 2776 4173 ἀνὴρ,
2825 4100 3162 4172 λαμϐάνουσι
3207 4099 3349 4152 κατὰ
3384 4095 3597 4168 βαθμὸν
3643 4096 3711 4149 τὰ

2132 4194 2266 4251 δέκα
2297 4194 2588 4266 πρόσωπα,
2639 4192 2945 4257 τουτέστιν,
2980 4191 3225 4254 ἀνιόντες
3274 4190 3372 4244 καὶ
3407 4189 3708 4253 κατιόντες,

2134 4287 2231 4342 καὶ
2262 4289 2326 4341 ὲκ
2362 4286 2594 4356 πλαγίου
2630 4285 2793 4357 μέχρι
2835 4284 3089 4357 δευτέρου
3140 4281 3376 4354 βαθμοῦ.
3419 4282 3510 4349 Ἐξ
3552 4281 3707 4336 ἀδια-

2134 4380 2291 4434 θέτου
2323 4379 2400 4445 δὲ,
2436 4378 2767 4450 κληρονόμοι
2819 4376 2930 4431 τῶν
2972 4375 3254 4446 συγγενῶν
3310 4375 3494 4428 αὐτῶν
3548 4374 3708 4444 μέχρι

2131 4470 2316 4539 τρίτου
2341 4468 2504 4539 μόνου
2540 4466 2774 4538 βαθμοῦ.
2809 4468 2971 4520 Ἀλλὰ
3003 4470 3096 4522 καλ⁵
3153 4467 3339 4535 πάσης
3392 4464 3553 4531 ἀξίας
3587 4480 3708 4519 στε-

2135 4562 2332 4632 ρεῖται,
2356 4559 2454 4613 καὶ
2489 4559 2601 4613 τῶν
2631 4558 2738 4613 ὑπὸ
2766 4557 2861 4612 τοῦ
2889 4558 2935 4590 ⁸⁸
2965 4557 3185 4631 πρώτου
3209 4558 3399 4628 ἀνδρὸς
3430 4559 3513 4620 είς
3542 4556 3709 4626 αὐτὴν

2131 4651 2395 4706 ἐλθόντων
2433 4653 2707 4723 προφάσει
2732 4651 3044 4724 μνήστρων,
3076 4649 3277 4722 ἦκατὰ
3312 4648 3572 4721 βούλησιν
3609 4648 3704 4704 ur}

2133 4738 2584 4814 τελευτήσαντος.
2622 4744 2781 4798 Κατὰ
2811 4742 3067 4797 κέλευσιν
3094 4741 3153 4795 δὲ
3186 4740 3454 4811 βασιλέως
3483 4741 3705 4795 δύναται

459 4826 579 4868 eam
615 4827 978 4883 pervenerunt
1017 4834 1085 4873 ex
1114 4833 1283 4876 causa
1307 4826 1669 4894 sponsalium,
1706 4832 1795 4886 vel
1820 4847 2026 4888 secun-

2139 4835 2270 4907 γυνὴ
2305 4836 2362 4889 ἐν
2388 4835 2466 4907 τῷ
2496 4834 2747 4906 πενθίμῳ
2774 4835 2951 4906 χρόνῳ
2979 4833 3233 4905 δεύτερον
3259 4833 3496 4905 νυμφίον
3538 4833 3701 4903 ἑαυτῇ

458 4903 587 4958 dum
637 4907 972 4963 voluntatem
1006 4909 1304 4969 defunctis.
1351 4915 1624 4987 Principis
1650 4929 1835 4975 autem
1863 4922 2025 4993 jussu

2139 4903 2473 4996 ἐπεισάγειν.
2518 4926 2585 4981 Ἥ
2628 4903 2686 4980 δὲ
2719 4903 2961 4980 τεκοῦσα
2985 4927 3043 4981 ὲν
3071 4903 3151 4997 τῷ
3185 4903 3441 4997 πενθίμῳ
3503 4926 3699 4997 χρόνῳ,

456 5002 636 5064 potest
661 4997 853 5052 mulier
908 5000 1049 5054 intra
1109 5012 1340 5075 tempus
1402 5006 1587 5064 luctus
1634 5011 1864 5067 alterum
1921 5015 2025 5071 sibi

2139 5021 2476 5091 παραχρῆμα
2504 5017 2730 5073 δύναται
2753 5019 3092 5090 γαμηθῆναι.
3119 5018 3311 5083 Οὐδεὶς
3337 5018 3565 5074 δύναται
3600 5017 3701 5072 ὑπὸ

455 5092 1019 5184 sponsmninducere.
1042 5096 1174 5163 Quae
1196 5108 1411 5169 partum
1441 5103 1611 5160 edidit
1640 5106 1782 5162 intra
1804 5117 2019 5180 tempus

2139 5112 2228 5184 τὴν
2262 5114 2540 5168 πολιτείαν
2592 5112 2669 5167 ὢν
2704 5112 2816 5167 τῶν
2881 5112 3171 5184 Ῥωμαίων
3223 5112 3319 5166 δύο
3346 5111 3600 5183 γαμετάς
3641 5114 3697 5165 ὲν

454 5179 636 5236 luctus
666 5182 802 5252 (l5),
843 5184 1030 5239 statim
1089 5197 1318 5259 nuptum
1371 5204 1431 5246 se
1463 5192 1739 5252 collocare
1787 5179 1965 5268 potest
2000 5218 2015 5253 :

2139 5179 2310 5276 ιαυτῷ
2339 5204 2503 5274 ἔχειν.
2545 5203 2604 5259 '0
2644 5203 2740 5259 δύο
2777 5179 3024 5277 γαμετάς
3077 5206 3136 5260 ὲν
3193 5179 3379 5274 ταυτῷ
3409 5179 3567 5275 έχων,
3603 5220 3697 5256 τυ-

1702 5331 1933 5392 ‘VARIAS
1965 5336 2370 5397 LECTIONES.

522 5403 569 5436 ³³
591 5404 1032 5474 διῖππεύσαντος.
1110 5410 1156 5444 ⁸⁸
1185 5411 1293 5466 ἀπὸ
1323 5412 1446 5471 τοῦ.

1962 5536 2196 5600 ΝΟΤᾸΕ.

519 5643 692 5719 (ίὲλὶ.
723 5645 809 5703 i8.
838 5647 898 5719 C_.
933 5648 1002 5719 De
1028 5660 1179 5719 nupt.

450 5715 726 5852 ea},
764 5719 848 5772 Η.
878 5717 935 5772 D.
966 5718 1037 5773 De
1072 5715 1151 5776 his
1178 5721 1267 5792 qui
1289 5728 1399 5780 not.
1432 5715 1622 5794 infant.
1655 5725 1883 5786 Novella
1915 5728 2009 5798 22,

2122 5664 2313 5804 “[93?
2361 5668 2400 5722 l.
2460 5670 2543 5724 Η.
2594 5670 2621 5741 §
2680 5670 3019 5746 Pomponius.
3066 5675 3128 5735 ί).
3188 5676 3265 5732 De
3306 5679 3389 5732 his
3446 5680 3535 5749 qui
3580 5693 3688 5735 nor.

3155 6298 3976 6564 ΝΛ
