3990 6558
185 452 327 519 1257

1464 445 2177 510 GRZECO-BOMANUM.

3293 438 3429 507 1258

181 564 423 630 πτέσθω,
478 558 883 631 ὲκδιωκομένης
940 558 1044 629 τῆς
1104 558 1435 614 ἐπεισάκτου
1492 558 1753 624 γυναικὸς

1881 554 2027 611 temo
2055 554 2191 629 (l4),
2219 554 2313 626 qui
2369 553 2471 610 sub
2519 552 2889 609 Romanorum
2919 550 3126 609 ditione
3147 554 3242 621 sit,
3270 554 3432 612 binas

184 656 328 727 μετὰ
385 653 494 708 τῶν
527 652 831 724 τεχθέντων
881 652 939 718 ἐξ
990 651 1158 720 αὐτῆς
1194 650 1425 707 παίδων.
1487 651 1546 705 Ὀ
1582 650 1756 720 μέγας

181 743 461 805 Βασίλειος
509 744 568 796 ἐν
591 742 668 812 τῷ
701 739 742 795 δ’
774 742 978 808 κανόνι,
1027 742 1147 795 Ἐπὶ
1174 739 1285 794 τῶν
1311 741 1595 813 τρι-γάμων
1630 756 1755 792 συν-

184 837 396 906 ήθειαν,
432 835 589 904 φησι,
624 832 1019 904 κατελάϐομεν,
1054 831 1379 898 πενταετίας
1403 831 1708 905 άφορισμόν
1741 847 1756 864 ·

183 926 277 980 τοῦ
304 928 484 998 γάμου
506 926 707 998 δηλαδὴ
743 925 818 996 μὴ
846 925 1251 997 διασπωμένου.
1298 924 1539 981 Καλοῦσι
1579 924 1637 978 δὲ
1666 924 1759 979 τὸν

183 1018 428 1072 τοιοῦτον
459 1018 642 1071 οὐκέτι
673 1018 871 1087 γάμον,
933 1016 1068 1070 ἀλλὰ
1115 1016 1485 1087 πολυγαμίαν.
1541 1016 1760 1071 Μᾶλλον

183 1111 239 1164 δὲ
301 1109 560 1180 πορνείαν
606 1108 1040 1179 κεκολασμένην,
1097 1107 1346 1162 τουτέστι
1382 1109 1458 1179 μὴ
1509 1109 1763 1178 διακεχυ-

188 1200 380 1269 μένην,
404 1200 542 1254 ἀλλὰ
570 1200 1035 1271 συνεσταλμένην,
1059 1200 1154 1253 καὶ
1196 1200 1255 1254 ὲν
1292 1201 1392 1271 μιᾷ
1424 1215 1765 1272 περιγραφο-

188 1294 362 1364 μένην
394 1292 634 1360 γυναικί.
685 1292 777 1345 Διὸ
831 1292 927 1346 καὶ
954 1293 983 1345 ό
1029 1290 1237 1362 Κύριος
1283 1293 1351 1363 τῇ
1405 1290 1760 1362 Σαμαρείτιδι

186 1388 349 1441 πέντε
373 1386 571 1458 ἄνδρας
590 1385 949 1457 διαμειψάσῃ,
982 1387 1079 1439 Ὃν
1110 1385 1225 1451 νῦν,
1249 1385 1439 1454 φησιν,
1465 1384 1631 1455 ἔχεις,
1659 1384 1760 1438 οὐκ

183 1477 301 1531 ἔστι
334 1494 431 1531 σου
456 1478 620 1549 ἁνήρ.
671 1478 760 1542 Ὦς
789 1478 891 1532 οὐκ
937 1478 1085 1531 ἐστιν
1116 1477 1271 1544 ἄξιον
1302 1477 1414 1531 τῶν
1456 1477 1764 1545 ὑπερεκπε-

187 1571 392 1624 σόντων
423 1569 518 1622 τοῦ
549 1568 767 1639 μετρίου
797 1568 899 1638 τῆς
929 1568 1210 1639 διγαμίας,
1241 1567 1320 1638 τῷ
1344 1566 1438 1621 τοῦ
1496 1566 1689 1638 ἀνδρὸς
1726 1566 1760 1636 ἢ

184 1663 284 1731 τῆς
315 1661 578 1729 γυναικὸς
620 1660 906 1715 καλεῖσθαι
936 1663 1310 1732 προσρήματι.
1352 1662 1445 1713 Δεῖ
1475 1659 1554 1723 δὲ,
1602 1660 1760 1730 φησὶ,

188 1752 263 1821 μὴ
294 1751 479 1820 πάντη
500 1752 724 1815 τούτους
778 1750 1070 1822 ἀπείργειν
1116 1754 1215 1823 τῆς
1257 1751 1604 1823 Ἐκκλησίας,
1646 1750 1763 1806 ἀλλ,

186 1844 243 1895 έν
271 1845 388 1906 τοῖς
414 1844 604 1907 τόποις
633 1844 816 1913 μόνοις
841 1844 952 1899 τῶν
976 1844 1368 1916 ἀκροωμένων,
1394 1847 1492 1899 καὶ
1514 1863 1766 1900 συνιστα-

1863 663 2063 706 uxores
2111 648 2300 704 eodem
2362 655 2607 718 tempore
2651 654 2829 718 potest
2879 644 3100 703 habere.
3157 647 3261 715 Qui
3295 649 3435 708 duas

1860 754 2062 796 uxores
2084 740 2273 797 eodem
2304 740 2467 795 habet
2503 748 2747 809 tempore
2798 738 2933 810 (l5),
2984 738 3343 797 verberator:
3375 748 3430 799 et

1863 833 2261 905 superinducta
2293 833 2489 889 mulier
2522 832 2737 903 ejicitor
2771 846 2878 886 una
2927 846 3052 887 cum
3104 833 3251 889 natis
3280 848 3345 889 ex
3368 848 3435 891 ea

1864 926 2073 983 liberis.
2140 927 2374 997 Magnus
2410 925 2500 981 ille
2552 925 2787 981 Basilius
2841 925 2895 979 in
2936 933 3135 995 quarto
3165 940 3379 982 canone
3413 943 3431 982 :

1864 1016 2347 1082 Consuetudinem,
2425 1016 2626 1087 inquit,
2691 1016 2746 1072 in
2802 1014 3257 1073 contrahentibus
3325 1010 3455 1073 ter.

1866 1106 1975 1161 tias
2048 1107 2270 1177 nuptias
2327 1106 2664 1177 accepimus,
2726 1105 2782 1161 in
2814 1106 3216 1177 quinquiennio
3254 1121 3438 1178 segre-

1866 1207 2063 1268 gentur
2118 1215 2133 1253 :
2176 1199 2249 1254 ita
2283 1206 2489 1266 tamen,
2536 1206 2595 1255 ut
2630 1202 2811 1271 ipsum
2855 1199 3269 1254 matrimonium
3327 1215 3441 1256 non

1866 1291 2182 1347 dirimatur.
2268 1291 2475 1348 Vocant
2554 1301 2737 1349 autem
2832 1293 2933 1348 has
3022 1308 3134 1348 non
3206 1294 3440 1363 amplius

1866 1386 2109 1455 nuptias,
2167 1387 2261 1443 sed
2310 1388 2622 1457 nuptiarum
2663 1386 3060 1457 pluralitatem,
3122 1386 3233 1441 imo
3291 1402 3438 1443 scor-

1866 1477 2128 1532 tationem
2191 1479 2524 1542 coercitam,
2585 1477 2689 1533 hoc
2754 1485 2871 1544 est,
2936 1492 3048 1533 non
3110 1477 3221 1533 late
3275 1477 3440 1533 ditiu-

1866 1584 2007 1634 sam,
2054 1572 2149 1626 sed
2173 1578 2531 1638 contractam,
2600 1578 2655 1626 et
2729 1585 2852 1641 quas
2919 1569 2975 1625 in
3044 1585 3152 1625 una
3215 1570 3445 1627 muliere

1867 1658 2363 1714 circumscribitur.
2395 1660 2607 1715 Idcirco
2645 1658 2913 1716 Dominus
2943 1659 3107 1715 etiam
3155 1659 3223 1715 ad
3245 1661 3445 1716 mulie-

1866 1763 1984 1804 rem
2042 1749 2189 1804 illam
2272 1750 2702 1818 Samaritanam,
2776 1766 2896 1822 quae
2962 1751 3110 1807 viros
3179 1752 3442 1823 quinque,

1869 1855 2036 1894 unum
2078 1849 2205 1912 post
2232 1843 2424 1909 alium,
2488 1844 2799 1899 habuerat:
2842 1841 3016 1909 Quem
3049 1857 3199 1899 nunc
3253 1843 3445 1908 habes,

189 1932 369 2001 μένων
425 1933 745 2005 μετρεῖσθαι
781 1933 997 1998 τούτοις
1046 1914 1147 2007 τὴν
1172 1914 1519 2006 καταδίκην,
1555 1937 1614 1989 ού
1656 1937 1762 2007 μὴν

1881 1922 2073 2013 inquit,
2107 1951 2219 1992 non
2252 1937 2349 1992 tibi
2396 1937 2630 1991 maritus
2685 1943 2791 1991 est.
2850 1936 3001 1991 Adeo
3074 1950 3184 1990 non
3227 1949 3444 2005 aquum

186 2021 284 2074 καὶ
319 2020 433 2075 τῶν
467 2022 934 2094 προσκλαιόντων.
975 2022 1136 2078 Ἀλλά
1200 2026 1295 2079 καὶ
1330 2022 1486 2090 αὖθις
1507 2029 1566 2081 ὲν
1588 2027 1665 2098 τῷ
1697 2034 1763 2094 ν’,

187 2112 505 2184 Τριγαμίας
532 2113 716 2184 νόμος,
754 2114 940 2185 φησὶν,
974 2115 1077 2170 οὐκ
1109 2114 1278 2181 ἔστιν,
1311 2118 1767 2190 ὲκκλησιαστικδς

186 2204 412 2276 δηλαδή.
444 2206 525 2260 Τά
555 2207 742 2277 μέντοι
774 2207 1019 2274 τοιαῦτα,
1069 2204 1158 2264 οἷα
1203 2209 1352 2281 ρύπη
1394 2211 1492 2281 τῆς
1534 2210 1766 2281 Ἐκκλη-

190 2296 313 2360 σίας
339 2297 583 2368 ὁρῶμεν.
608 2298 908 2369 Δημοσίαις
940 2299 997 2352 δὲ
1032 2300 1350 2365 καταδίκαις
1375 2302 1475 2372 οὐχ
1529 2300 1769 2355 ὑποϐάλ-

187 2384 378 2457 λομεν,
407 2386 485 2450 ὡς
514 2387 614 2457 τῆς
640 2389 939 2460 ἀνειμένης
990 2390 1249 2461 πορνείας
1301 2393 1659 2464 αἱρετώτερα.
1692 2394 1768 2448 Ού

189 2479 299 2548 γάρ
328 2478 770 2550 καταδικάζομεν
799 2482 898 2553 τὴν
933 2484 1155 2555 πρᾶξιν,
1187 2483 1328 2538 ὥστε
1378 2484 1475 2539 καὶ
1505 2485 1766 2558 διασπᾷν*

192 2575 333 2625 κατὰ
351 2571 413 2626 δὲ
432 2572 525 2626 τὸν
566 2572 771 2628 αὐτίκα
805 2575 1181 2647 ῥηθησόμενον
1195 2580 1293 2647 τῆς
1313 2577 1561 2643 ὲνώσεως
1582 2580 1769 2651 τόμον,

193 2662 286 2716 καὶ
317 2663 419 2736 τὴν
445 2664 729 2737 διαστολὴν
770 2669 865 2721 καὶ
893 2668 1073 2739 ψῆφον
1098 2669 1287 2734 αὑτοῦ,
1332 2670 1558 2733 τούτους
1625 2670 1775 2742 δεχό-

198 2753 357 2821 μεθα.
400 2754 461 2809 '0
511 2756 570 2809 δὲ
625 2757 725 2827 τῆς
782 2757 1061 2828 θεολογίας
1117 2759 1407 2833 ἐπώνυμος
1441 2762 1538 2816 καὶ
1599 2762 1776 2833 μέγας

195 2847 519 2918 Γρηγόριος,
553 2848 628 2903 Τὸ
669 2849 908 2921 πρῶτον,
953 2853 1109 2922 φησὶ,
1143 2854 1477 2908 συνοικέσιον
1500 2854 1685 2925 νόμος,
1715 2855 1777 2910 τὸ

194 2937 451 3010 δεύτερον
496 2940 868 3013 συγχώρησις,
913 2944 974 2997 τὸ
1006 2944 1192 3015 τρίτον
1235 2946 1575 3019 παρανομία.
1615 2947 1691 3001 Τὸ
1734 2945 1775 3001 δ’

196 3029 337 3101 ὑπὲρ
368 3029 554 3098 τοῦτο,
580 3034 846 3107 χοιρώδης
895 3036 1031 3108 βίος,
1091 3038 1215 3092 οὐδὲ
1262 3038 1436 3093 πολλὰ
1489 3039 1629 3110 έχων
1680 3039 1779 3110 τῆς

196 3124 397 3188 κακίας
431 3125 499 3180 τά
525 3128 970 3199 παραδείγματα.
1025 3130 1085 3184 Ὀ
1126 3130 1183 3184 δὲ
1232 3131 1334 3201 τῆς
1385 3134 1444 3185 ὲν
1472 3132 1779 3186 Νεοκαισα-

1868 2039 1974 2098 est,
2018 2040 2077 2087 ιιι
2103 2030 2195 2103 qui
2222 2029 2365 2084 ultra
2422 2026 2856 2083 mediocritatem
2916 2025 3285 2081 secundarum
3339 2040 3450 2081 nu-

1869 2123 2106 2194 ptiarum
2138 2118 2383 2192 prolapsi
2414 2125 2565 2181 sunt,
2619 2116 2846 2172 nomine
2878 2115 3059 2170 mariti
3126 2116 3210 2172 vel
3256 2116 3447 2174 uxoris

1872 2214 2234 2285 appellentur.
2275 2210 2503 2283 Oportet
2559 2217 2765 2275 autem,
2820 2208 3020 2279 inquit,
3074 2221 3183 2264 non
3215 2223 3448 2279 prorsus

1872 2304 1973 2361 bos
2003 2319 2192 2362 arcere
2243 2304 2313 2359 ab
2370 2301 2636 2364 Ecclesia,
2698 2300 2792 2356 sed
2821 2301 2896 2355 ita
2924 2300 3161 2372 mitigari
3228 2314 3447 2372 pinnam

1873 2410 2088 2463 eorum,
2166 2402 2229 2450 ut
2285 2395 2340 2450 in
2403 2392 2542 2448 locis
2609 2388 2956 2447 audientium
3036 2390 3327 2455 duntaxat,
3395 2399 3453 2448 et

1875 2503 1982 2544 una
2008 2487 2289 2551 stantium,
2344 2485 2685 2550 consistant;
2722 2499 2829 2539 non
2880 2483 3044 2538 etiam
3077 2498 3292 2550 eorum,
3350 2483 3449 2555 qui

1874 2579 2108 2652 plorant.
2166 2579 2385 2635 Rursus
2414 2576 2595 2648 inquit
2626 2574 2680 2630 in
2713 2590 2929 2632 canone
2963 2574 3448 2648 quinquagesimo.

1876 2672 1953 2729 De
2017 2669 2196 2726 tertiis
2251 2667 2461 2740 nuptiis
2531 2666 2679 2722 nulla
2725 2665 2811 2721 lex
2849 2672 2955 2732 est,
2984 2663 3243 2722 videlicet
3269 2664 3453 2721 eccle-

1877 2760 2124 2818 siastica.
2189 2757 2459 2814 Nimirum
2532 2756 2805 2826 ejusmodi
2872 2763 3132 2825 tanquam
3194 2754 3458 2812 Eccleslo

1879 2854 2072 2910 sordes
2115 2852 2416 2907 intuemur.
2494 2847 2739 2905 Publicis
2762 2855 2942 2904 autem
2976 2849 3156 2918 pmnis
3182 2862 3294 2903 non
3325 2846 3459 2904 sub-

1874 2946 2122 3019 iicimus,
2157 2944 2326 3001 veluti
2376 2957 2498 3015 quae
2542 2940 2712 2997 libera
2761 2940 3093 2996 scortatione
3138 2940 3314 3013 magis
3347 2940 3461 2997 sint

1878 3036 2158 3109 optabilia.
2188 3034 2310 3090 Non
2359 3034 2507 3090 enim
2563 3046 2678 3087 rem
2724 3032 2800 3086 ita
2848 3030 3198 3098 damnamus,
3234 3038 3295 3086 ut
3336 3044 3464 3085 ma-

1881 3128 2200 3184 trimonium
2242 3128 2421 3198 ipsum
2455 3124 2835 3181 dirimamus:
2887 3123 2983 3180 sed
3030 3123 3186 3194 juxta
3247 3130 3457 3178 tomum

201 3215 321 3287 ρείᾳ
355 3218 580 3271 συνόδου
644 3219 826 3291 τρίτος
877 3219 1079 3286 κανὼν,
1138 3221 1278 3293 Περὶ
1311 3221 1420 3275 τῶν
1473 3222 1773 3287 πλείστοις,

1883 3223 2125 3284 unionis,
2152 3236 2313 3291 quem
2351 3234 2476 3274 mox
2509 3234 2698 3274 sumus
2751 3216 3079 3288 exposituri,
3135 3225 3191 3272 et
3258 3216 3463 3271 distin-

200 3308 353 3377 φησι,
386 3308 591 3380 γάμοις
626 3312 1057 3383 περιπεσόντων,
1081 3312 1157 3376 ὡς
1206 3312 1301 3367 καὶ⁵
1351 3313 1453 3383 τῆς
1481 3312 1779 3383 τριγαμίας

201 3401 486 3469 προελθεῖν
552 3402 840 3474 παρετέρω
859 3406 927 3472 ’⁸,
987 3406 1016 3457 ό
1074 3404 1172 3475 μὲν
1230 3403 1535 3478 ὡρισμένος
1587 3405 1779 3476 χρόνος

203 3482 400 3563 σαφὴς,
433 3494 466 3563 ἢ
509 3496 601 3547 καὶ
635 3496 878 3565 ἀτεχνῶς
902 3497 1142 3569 ἀσαφὴς,
1170 3499 1242 3568 μή
1275 3515 1418 3561 τινος
1445 3497 1553 3551 τῶν
1583 3498 1781 3551 παλαις

202 3584 373 3654 τέρων
408 3587 774 3659 δηλώσαντος.
815 3591 883 3643 Ἦ
920 3590 975 3643 δὲ
1022 3591 1204 3655 πίστις
1231 3593 1326 3644 καὶ
1380 3593 1414 3660 ἡ
1464 3590 1780 3661 ἀναστροφὴ

200 3674 307 3730 τῶν
367 3680 783 3749 μετανοούντων
845 3682 1167 3752 συντέμνειν
1229 3680 1338 3735 οἶδε
1403 3682 1493 3735 τὸν
1565 3684 1778 3753 χρόνον,

203 3768 384 3835 φησιν.

202 3864 402 3919 riensis
452 3879 466 3916 :

1885 3313 2124 3369 ctionem
2187 3321 2351 3383 atque
2427 3310 2753 3366 sententiam
2805 3308 2950 3379 ejus.
3023 3308 3188 3365 basce
3242 3307 3465 3378 nuptias

1898 3404 2266 3459 admittimus.
2305 3401 2533 3474 Magnus
2560 3407 2742 3456 autem
2776 3399 2867 3456 ille
2913 3398 3233 3469 Gregorius,
3260 3414 3468 3470 cogno-

1885 3497 2035 3553 mine
2082 3493 2703 3567 TbeolognszPrimum
2758 3491 3072 3564 coniugium
3100 3492 3210 3559 lex,
3262 3489 3464 3561 inquit,

1891 3591 2122 3643 alterum
2173 3588 2484 3659 permissio,
2539 3587 2764 3642 tertium
2807 3585 2943 3656 legis
3010 3584 3254 3641 violatio.
3309 3582 3470 3651 Quod

1889 3679 2031 3735 ultra
2069 3682 2192 3746 hoc,
2240 3680 2466 3751 porcina
2498 3680 2610 3735 vita
2640 3686 2747 3744 est,
2789 3691 2897 3734 noc
2932 3677 3106 3732 multa
3131 3677 3250 3731 vitii
3302 3677 3469 3733 habet

1890 3774 2159 3843 exempta.
2219 3773 2410 3828 Canon
2441 3784 2621 3826 autem
2664 3771 2860 3826 tertius
2916 3768 3139 3849 concilii
3177 3765 3468 3823 Neocaesa-
3548 3824 3557 3842 ,

526 3863 599 3919 De
663 3866 752 3932 iis,
795 3867 897 3934 ait,
944 3866 1034 3936 qui
1091 3868 1278 3938 plures
1325 3869 1400 3922 ita
1454 3880 1777 3924 contraxere
1816 3870 2059 3940 nuptias,
2095 3871 2344 3925 utetiam
2375 3870 2519 3924 ultra
2563 3868 2759 3925 tertias
2827 3867 3103 3938 progressi
3171 3866 3306 3931 sint,
3369 3864 3471 3921 de.

205 3953 421 4011 linitum
460 3966 675 4028 tempus
723 3959 884 4028 plane
946 3969 1182 4025 constat,
1235 3959 1319 4014 vel
1361 3961 1544 4029 potius
1598 3963 1864 4016 incertum
1897 3971 2152 4029 est,cum
2215 3976 2244 4017 a
2310 3963 2529 4018 nemine
2592 3960 2945 4029 antiquorum
3012 3958 3085 4012 sit
3146 3956 3467 4014 indicatum.

204 4047 363 4109 Fides
419 4061 624 4121 autem,
675 4066 727 4112 et
772 4056 1121 4112 conversatio
1184 4056 1564 4127 paenitentiam
1616 4058 1918 4128 agentium,
1972 4068 2185 4130 tempus
2216 4059 2396 4130 ipsum
2438 4056 2726 4113 imminere
2753 4054 2914 4118 solet,
2946 4051 3149 4124 inquit.

376 4216 381 4221 ν
457 4195 600 4265 Περὶ
639 4194 743 4251 τοῦ
787 4197 976 4266 νόμου
1015 4196 1060 4228 ³⁸
1087 4194 1197 4266 τῆς
1242 4195 1534 4263 ἐνώσεως.

277 4310 420 4382 Ἤδη
447 4309 546 4381 μὲν
567 4306 662 4364 οὖν
694 4313 807 4374 τοῖς
834 4309 1084 4375 παλαιοῖς
1122 4310 1308 4381 νόμοις
1336 4314 1483 4382 τρεῖς
1514 4311 1785 4380 ὲπεγινώ-

212 4416 401 4456 σκοντο
429 4402 620 4473 γάμοι.
668 4400 727 4456 Ὀ
750 4402 807 4456 δὲ
838 4402 1093 4473 βασιλεὺς
1136 4403 1290 4456 Λέων
1315 4404 1344 4455 ό
1379 4403 1548 4473 Σοφδς
1583 4404 1678 4458 καὶ⁵
1705 4407 1786 4467 είς

211 4493 470 4566 τέταρτον
522 4494 695 4548 ἐλθὼν
749 4496 1108 4562 συνοικέσιον,
1160 4496 1454 4567 ἀφορισμῷ
1505 4498 1659 4567 παρὰ
1690 4497 1785 4552 τοῦ

2412 4199 2490 4253 De
2529 4205 2667 4253 tomo
2708 4193 2938 4251 unionis.

1964 4314 2259 4371 Enimvero
2304 4313 2502 4385 priscis
2553 4310 2768 4384 legibus
2820 4306 2980 4364 trina:
3030 4311 3474 4375 agnosceoaatur

1896 4409 2122 4479 nuptiae.
2176 4405 2283 4463 Sed
2326 4406 2627 4477 imperator
2675 4401 2809 4468 Leo,
2844 4398 3172 4471 cognomine
3217 4395 3471 4467 Sapiens,

1895 4514 2020 4554 cum
2051 4498 2120 4554 ad
2154 4505 2410 4569 quartum
2444 4510 2663 4568 quoque
2698 4490 3114 4549 matrimonium
3149 4501 3475 4560 progressus

214 4584 555 4654 πατριάρχου
598 4583 869 4639 Νικολάου
922 4584 1337 4656 καθυπεϐλήθη.
1364 4580 1439 4639 Ob
1484 4586 1577 4639 ml.
1617 4586 1773 4640 έδεῖτσ

1897 4599 2064 4656 esset,
2086 4588 2484 4663 segregrationi
2506 4588 2788 4659 subjectus
2815 4585 2918 4640 fuit
2940 4597 2970 4637 a
2986 4582 3215 4638 Nicolao
3248 4581 3479 4679 patriar-

216 4672 242 4722 ὁ
270 4672 529 4743 βασιλεὺς
589 4674 817 4745 λυθῆναι
871 4674 967 4728 τοῦ
1016 4674 1239 4745 δεσμοῦ.
1289 4676 1377 4739 Ὠς
1420 4676 1464 4730 δ’
1494 4673 1702 4740 ἐκεῖνος
1729 4678 1792 4732 τὸ

218 4766 481 4835 παράπαν
514 4764 870 4837 ἀδυσώπητος
895 4763 1100 4838 ἦν,τῆς
1130 4766 1461 4838 Ἐκκλησίας
1483 4767 1672 4823 τοῦτον
1700 4771 1792 4822 ὲκο

216 4854 424 4923 ϐάλλει,
462 4859 559 4912 καὶ
596 4858 687 4913 τὸν
727 4857 1008 4927 Εὐθύμιον
1049 4859 1344 4928 σύγγελλον
1378 4862 1421 4893 ³⁷
1448 4861 1617 4933 ἄνδρα
1649 4862 1793 4933 ἱερὸν

218 4950 630 5021 προχειρίζεται
654 4952 1024 5023 πατριάρχην,
1048 4951 1107 5015 ὃς
1129 4952 1222 5006 καὶ
1251 4952 1343 5006 τὸν
1361 4953 1584 5023 βασιλέα
1602 4954 1794 5008 θεσπί-

218 5059 307 5097 σαι
334 5046 685 5117 βουλόμενον,
726 5046 823 5099 καὶ
847 5046 1012 5117 μέχρι
1052 5045 1447 5116 τοῦπετάρτου
1483 5046 1664 5117 γάμου
1687 5064 1795 5101 πα-

220 5138 561 5205 ρατείνεσθαι
610 5144 724 5201 τοῖς
766 5137 1116 5208 βουλομένοις
1164 5137 1233 5192 τά
1257 5138 1591 5201 συνοικέσια,
1641 5137 1793 5209 πάσῃ

221 5231 423 5301 σπουδῇ
457 5228 806 5293 διεκώλυσεν,
839 5229 939 5299 οὐχ
969 5230 1118 5294 ὅπως
1144 5230 1242 5299 τὴν
1275 5228 1674 5299 τετραγαμίαν,
1700 5229 1795 5283 άλ-

220 5316 288 5374 λὰ
319 5323 417 5378 καὶ
449 5323 550 5393 τὴν
610 5321 917 5392 τριγαμίαν
985 5320 1246 5391 ἀθέμιτον
1297 5316 1440 5374 εῖναι
1500 5320 1640 5390 μετὰ
1684 5318 1794 5373 τῶν

1898 4682 2001 4737 cba
2035 4699 2049 4737 :
2083 4698 2243 4752 quem
2268 4680 2467 4737 deinde
2499 4680 2726 4750 rogabat
2747 4677 3027 4749 princeps,
3052 4682 3110 4729 ut
3135 4687 3204 4731 eo
3233 4672 3473 4742 vinculo,

1897 4787 1957 4828 se
2007 4772 2286 4827 liberaret.
2328 4770 2461 4826 Cum
2491 4770 2582 4826 ille
2634 4782 2862 4838 prorsus
2893 4772 3041 4822 esset
3090 4763 3474 4827 inexorabilis.

1900 4863 2176 4919 hominem
2229 4861 2376 4931 ejicit
2438 4868 2593 4916 extra
2655 4857 2973 4921 Ecclesiam,
3021 4865 3078 4910 et
3123 4854 3475 4941 Euthymi‘um

1899 4956 2237 5029 syncellum,
2291 4956 2471 5010 virum
2531 4960 2822 5019 sanctum,
2868 4948 3238 5022 patriarcbam
3287 4947 3471 5005 facit:

1899 5050 1992 5120 qui
2047 5064 2171 5105 cum
2219 5048 2517 5120 imperator
2563 5045 2776 5102 sancire
2823 5042 3036 5110 vellet,
3076 5049 3137 5096 ut
3186 5042 3353 5097 etiam
3404 5039 3473 5093 ad

1902 5144 2131 5208 quartas
2157 5151 2332 5207 usque
2359 5136 2580 5207 nuptias
2606 5132 3032 5190 extenderentur
3064 5131 3133 5185 ab
3161 5131 3230 5186 iis
3277 5126 3474 5183 matri-

1904 5227 2108 5294 monia,
2138 5228 2338 5299 quibus
2381 5227 2458 5282 ita
2491 5226 2724 5291 luberet,
2760 5240 2883 5281 eum
2916 5222 3064 5280 omni
3118 5219 3300 5276 studio
3334 5217 3478 5272 inhi-

1904 5318 2044 5385 buit,
2095 5318 2370 5375 amrmans
2423 5334 2548 5375 cum
2599 5317 2847 5389 pluribus
2893 5312 3260 5387 pontificibus,
3309 5307 3477 5366 etiam

1512 5481 1743 5537 VARIAS
1780 5483 2184 5542 LECTIONES.

287 5597 334 5635 "
362 5601 702 5673 περαιτέρω.
777 5599 821 5630 ’⁸
847 5597 1038 5667 τόμου.
1114 5599 1160 5629 ’⁸
1200 5596 1525 5665 σύγκελλον.

1763 5712 2000 5769 ΝΟΤᾸΕ.

296 5832 405 5902 (14)
442 5833 481 5886 l.
509 5833 567 5887 9..
598 5831 659 5885 C.
691 5831 767 5885 De
790 5830 971 5902 in_c_est.
1001 5831 1259 5902 etinrit.
1293 5839 1442 5902 nupt.

295 5898 406 5975 (l5)
439 5903 791 5961 Correctitrl.
823 5900 959 5954 Eum
993 5901 1080 5970 qui
1127 5900 1284 5955 duas.
1318 5901 1379 5955 C.
1409 5899 1475 5955 ad
1504 5900 1541 5954 l.
1570 5898 1681 5955 Jul.
1714 5899 1790 5955 Dc
1817 5899 1993 5954 adull.

546 6002 816 6060 PATROL.
864 5998 982 6056 Gn.
1024 5995 1229 6056 CXlX.

2968 5952 3118 6047 to
