3990 6594
546 451 684 515 1359

1842 447 1977 508 JUS
2015 444 2454 507 CANONICUM

3668 441 3806 505 1210

549 564 736 618 tertias
794 558 1037 630 nuptias,
1090 556 1289 614 nedum
1374 565 1623 628 quartas,
1691 555 1918 613 illicitas
1977 572 2118 613 esse.

2229 555 2493 609 πλειόνων
2519 552 2823 626 ἀρχιερέων
2851 553 3272 627 διατεινόμενος.
3305 553 3405 609 Διά
3429 550 3494 625 δὴ
3510 550 3680 609 τοῦτο
3710 554 3805 608 καὶ

547 652 915 719 Quamobrem
1006 648 1299 706 discidium
1387 649 1600 705 exstitit
1699 650 1753 704 in
1845 647 2112 704 Ecclesia.

544 758 721 816 eaque
749 741 949 800 seditio
975 739 1192 795 duravit
1241 755 1417 811 usque
1444 739 1514 794 ad
1548 739 1837 810 imperium
1874 738 1968 793 lilii
1995 738 2116 808 ejus

543 832 887 893 Constantini
933 832 1045 887 nati
1087 831 1141 886 in
1185 829 1487 902 Porphyra,
1546 838 1601 886 et
1650 830 1901 894 Romani,
1951 829 2115 899 hujus

546 925 746 982 soceri.
798 923 917 990 Quo
972 933 1214 990 tempore
1269 921 1583 990 publicatus
1630 926 1716 974 est
1775 925 1981 982 tomus,
2020 915 2113 985 qui

543 1000 770 1073 unionis
794 1014 1017 1077 dicitur,
1050 1020 1105 1067 et
1146 1012 1240 1082 qui
1285 1010 1473 1074 tradit,
1522 1009 1765 1078 quando,
1820 1015 1874 1062 et
1914 1008 2114 1076 quibus

538 1111 717 1167 tertia:
753 1107 955 1178 nuptis:
983 1106 1357 1175 permittendae
1388 1103 1516 1167 sint,
1546 1101 1893 1156 liberioribus
1926 1113 2117 1154 amna.

546 1205 680 1258 tium
738 1199 1062 1256 libidinibus
1107 1198 1384 1269 egregium
1435 1198 1649 1253 frenum
1701 1198 2009 1264 imponens.
2066 1191 2117 1246 ls

548 1304 729 1348 tomus
766 1306 950 1348 mense
992 1289 1139 1345 Julio
1183 1289 1479 1360 quotannis
1527 1290 1581 1343 in
1630 1287 1863 1342 amboue
1894 1285 2114 1357 legitur,

542 1392 597 1439 et
627 1383 693 1438 ad
727 1381 885 1438 ﬁnem
928 1382 1041 1437 hac
1076 1381 1240 1436 verba
1290 1381 1573 1436 continet:
1607 1380 1734 1445 Eos,
1779 1379 1871 1448 qui
1914 1392 2115 1431 annum

542 1475 1021 1545 quadragesimum
1074 1473 1391 1543 attigerunt,
1452 1480 1506 1526 et
1555 1470 1745 1526 tertias
1781 1468 1848 1523 ad
1897 1469 2119 1537 nuptias

543 1581 668 1622 sese
717 1564 1039 1637 projiciunt,
1068 1564 1238 1619 veluti
1288 1564 1379 1633 qui
1417 1561 1678 1617 Ecclesiae
1708 1562 1821 1617 sint
1862 1559 2119 1630 inquina-

548 1669 746 1720 menta,
805 1656 1187 1729 quinquennio
1242 1655 1650 1717 communionis
1697 1661 1947 1708 exsortes
1998 1666 2120 1706 esse

545 1750 743 1804 debere
769 1748 1085 1813 sancimus;
1116 1762 1287 1817 eoque
1311 1754 1557 1815 tempore
1581 1744 1915 1813 exspirante,
1950 1746 2119 1799 semel

546 1842 599 1893 in
651 1853 797 1894 anno
852 1838 920 1892 ad
979 1837 1420 1893 communionem
1474 1836 1758 1900 accedere,
1822 1823 2119 1888 venerabili

545 1931 805 1988 salutaris
833 1930 1118 1986 Paschalis
1157 1930 1265 1996 die,
1297 1929 1508 2000 jejunio
1538 1928 1682 1983 diem
1717 1926 1868 1981 illum
1917 1939 2119 1995 przece-
2152 1923 2192 1978 Β

542 2025 728 2090 dente,
783 2030 1049 2095 quantum
1115 2023 1235 2093 ejus
1288 2022 1405 2077 ﬁeri
1466 2029 1647 2093 potest
1694 2028 1866 2077 semet
1913 2035 2119 2091 expur-

542 2129 754 2189 gantes.
803 2116 1073 2171 Sacerdos
1118 2123 1325 2181 autem,
1354 2116 1447 2187 qui
1502 2122 1697 2185 praeter
1746 2114 1824 2179 id,
1874 2115 2019 2184 quod
2087 2129 2116 2167 a

544 2213 702 2268 nobis
730 2220 811 2266 est
843 2219 1129 2283 statutum,
1166 2208 1229 2264 ad
1267 2223 1480 2264 sacram
1527 2209 1766 2277 aliquam
1800 2209 2121 2278 praeceptio-

542 2322 665 2362 nem
695 2320 790 2360 eos
825 2305 987 2359 audet
1008 2301 1318 2365 admittere,
1352 2301 1419 2357 de
1450 2302 1619 2372 gradu
1654 2315 1756 2356 suo
1780 2301 2118 2371 periclitabi-

545 2406 654 2451 tur.
682 2393 806 2449 Haec
834 2400 1015 2449 autem
1046 2392 1306 2456 dicimus,
1340 2404 1464 2443 cum
1499 2388 1634 2442 nulli
1667 2395 1795 2443 sunt
1834 2387 1917 2441 eis
1960 2385 2117 2441 liberi

546 2489 824 2557 prioribus
868 2502 935 2542 ex
989 2484 1218 2555 nuptiis.
1254 2482 1351 2537 Sin
1391 2490 1598 2548 autem,
1653 2481 1875 2535 tertium
1931 2480 2120 2534 matri-

546 2580 788 2634 monium
824 2577 904 2633 eis
948 2591 1053 2630 non
1105 2575 1470 2646 permittetur.
1516 2571 1671 2638 Quod
1707 2571 1755 2628 si
1783 2573 1907 2647 quis
1942 2585 2119 2626 annos

547 2671 769 2739 triginta
801 2679 983 2735 natus,
1029 2678 1083 2724 et
1114 2666 1358 2721 haeredes
1390 2680 1457 2720 ex
1503 2664 1781 2735 prioribus
1843 2663 2118 2732 conjugiis

545 2763 775 2826 habens,
797 2759 1157 2816 nihilominus
1188 2758 1258 2813 ob
1287 2756 1526 2812 carnalis
1573 2756 1819 2813 libidinis
1853 2757 2121 2826 intempe-

545 2854 779 2907 rantiam
845 2851 1019 2907 tertia:
1064 2850 1354 2921 copulatus
1409 2847 1565 2902 uxori
1618 2846 1786 2902 fuerit
1832 2846 2118 2902 :triennio

544 2941 947 2997 communionis
974 2956 1169 2997 exsors
1201 2947 1337 2995 esto.
1363 2940 1542 3010 Atque
1573 2941 1645 2993 ita
1670 2938 1930 3009 deinceps
1950 2945 2032 2993 ter
2062 2938 2117 2991 in

544 3049 688 3090 anno
709 3034 991 3106 percipiat,
1010 3033 1101 3089 die
1121 3032 1377 3089 videlicet
1394 3031 1636 3103 paschali
1670 3032 2118 3098 resurrectionis,

542 3137 596 3184 et
647 3130 701 3184 in
758 3126 1158 3184 obilormitione
1212 3125 1575 3181 immaculata;
1628 3124 1894 3196 Deiparze,
1945 3131 1999 3179 et
2062 3124 2117 3177 in

546 3224 684 3276 festo
714 3220 1079 3276 natalitiorum
1108 3217 1325 3275 Domini
1360 3235 1373 3272 :
1408 3233 1531 3274 cum
1554 3216 1765 3288 jejuuia
1793 3216 1912 3272 dies
1952 3216 2147 3271 bosce'

544 3312 909 3383 prrecedentia
942 3311 1202 3382 majorem
1230 3317 1436 3381 partem
1452 3311 1738 3366 exstincta'
1758 3309 1812 3363 in
1833 3308 1953 3379 ipso
1982 3307 2121 3363 labis

546 3406 861 3473 abstergere
915 3402 1234 3456 credantur.
1283 3399 1383 3455 Sin
1441 3398 1629 3455 liberis
1677 3407 1850 3465 caret,
1907 3400 2120 3455 veniam

547 3491 987 3562 impetrat,quod
1019 3491 1318 3547 liberorum
1351 3490 1816 3561 procreandorum
1850 3490 2123 3547 desiderio

544 3594 734 3637 tertius
780 3582 1052 3653 optagerit
1107 3582 1365 3651 nuptias;
1411 3589 1782 3650 consuetaque
1828 3594 1989 3649 poena
2035 3594 2122 3634 re-

546 3676 781 3729 medium
806 3675 857 3731 ei
892 3673 1265 3737 adhibebitur,
1307 3682 1367 3727 ut
1398 3672 1579 3728 tribus
1622 3672 1784 3728 anuis
1820 3686 1850 3726 a
1878 3686 2122 3726 commu-

546 3772 707 3822 nione
746 3774 1015 3823 arceatur.
1062 3764 1335 3822 Caeterum
1374 3766 1626 3820 eruditus
1655 3764 1743 3820 ille
1783 3765 1839 3819 in
1867 3762 2121 3818 omnibus

547 3862 820 3924 ίςειςιιιυε,
885 3857 1224 3928 octogesimo
1290 3870 1501 3912 canone
1558 3869 1660 3910 suo
1723 3872 1738 3908 :
1796 3851 2122 3924 Nuptiarum

545 3954 933 4022 piuralilalem,
993 3950 1194 4020 inquit,
1231 3949 1437 4004 silentii
1467 3946 1701 4018 caligine
1726 3944 1921 4001 Patres
1951 3943 2122 3999 obve-

545 4048 742 4105 larunt,
798 4041 962 4097 veluti
1018 4040 1320 4104 bestialem,
1367 4047 1421 4093 et
1470 4039 1705 4093 alienam
1763 4037 1831 4091 ab
1880 4035 2121 4091 humana

540 4131 962 4188 consuetudine.
1014 4128 1185 4185 Nobis
1232 4140 1412 4185 autem
1472 4128 1540 4183 ad
1591 4131 1834 4183 animum
1894 4127 2120 4191 accidit,

544 4228 641 4279 hoc
678 4236 779 4288 est,
825 4222 1039 4277 videtur
1079 4228 1135 4277 et
1187 4220 1364 4291 placet
1411 4219 1623 4290 judicio
1675 4228 1889 4285 nostro,
1946 4217 2121 4290 magis

544 4328 681 4371 hanc
726 4315 1123 4390 castigandam,
1165 4328 1329 4384 quam
1382 4315 1559 4383 ipsam
1610 4314 2019 4368 seortationem.
2054 4310 2121 4365 Et

542 4409 857 4478 nuptiarum
914 4406 1198 4478 pluralitas
1253 4411 1360 4469 est,
1408 4419 1516 4458 non
1574 4420 1696 4459 cum
1755 4403 1944 4459 multis
1996 4416 2123 4473 pro-

543 4505 751 4556 miscue
809 4513 923 4554 rem
978 4497 1199 4561 habere,
1248 4496 1342 4551 sed
1389 4493 1641 4550 eumdem
1686 4496 1870 4564 plures
1918 4509 2119 4549 uxores

537 4595 760 4652 dueere,
792 4590 919 4644 licet
966 4602 1075 4642 non
1129 4601 1237 4640 una
1266 4594 1321 4641 et
1355 4588 1544 4641 eadem
1579 4586 1717 4641 vice.
1750 4585 1884 4639 Nam
1910 4584 2117 4654 nuptis)

2223 649 2426 719 σχίσμα
2456 648 2586 717 περὶ
2606 648 2706 719 τὴν
2747 649 3078 719 Ἐκκλησίαν
3151 649 3415 715 ἐγεγόνει,
3448 648 3545 700 καὶ
3590 647 3666 699 τὰ
3705 646 3804 716 τῆς

2221 740 2532 802 συστάσεως
2557 738 2602 771 ¹⁸
2627 738 2787 809 μέχρι
2815 742 2914 810 τῆς
2950 739 3251 810 βασιλείας
3308 738 3404 792 τοῦ
3464 738 3585 792 υίοῦ
3633 738 3804 794 αὐτοῦ

2219 831 2633 886 Κωνσταντίνου
2676 830 2771 885 τοῦ
2808 826 3350 903 Πορφυρογεννήτου,
3375 832 3468 886 καὶ
3512 832 3802 902 Ῥωμανοῦ

2217 921 2312 977 τοῦ
2340 922 2604 993 πενθεροῦ
2665 924 2860 976 τούτου
2902 924 3181 995 διήρκεσε.
3220 924 3330 977 Καὶ
3374 925 3689 995 τηνικαῦτα
3719 924 3802 988 ἐξ·

2220 1012 2423 1082 ηνέχθη
2454 1013 2640 1080 τόμος,
2670 1013 2699 1065 ό
2727 1011 3022 1083 λεγόμενος
3057 1015 3157 1082 τῆς
3188 1013 3460 1078 ένώσεως,
3488 1013 3802 1083 διαλαμϐά-

2220 1121 2327 1158 νων
2354 1103 2485 1157 πότε
2514 1104 2609 1157 καὶ
2629 1103 2740 1157 τίσι
2762 1105 2854 1159 τδν
2882 1105 3065 1176 τρίτον
3090 1104 3173 1158 δεῖ
3202 1106 3381 1174 γάμον
3421 1106 3798 1173 παραχωρεῖν,

2217 1197 2339 1260 ταῖς
2369 1196 2682 1266 ἀνειμέναις
2716 1196 2828 1251 τῶν
2846 1197 3100 1268 ἐρώντων
3134 1197 3461 1268 ἐπιθυμίαις
3501 1200 3569 1251 ex
3600 1196 3798 1249 πολλοῦ

2219 1287 2313 1342 τοῦ
2353 1289 2636 1359 περιόντος
2681 1289 2949 1355 ἐπιτιθεὶς
3015 1290 3253 1361 χαλινὸν,
3283 1289 3342 1354 ὃς
3395 1290 3492 1343 καὶ
3537 1289 3684 1341 κατὰ
3709 1288 3798 1340 τὸν

2220 1380 2441 1434 Ἰούλιον
2476 1381 2620 1452 μῆνα
2649 1383 2880 1453 έτησίως
2922 1383 3010 1436 ἐπ’
3039 1382 3292 1451 άμϐωνος
3332 1382 3797 1449 ἀναγινώσκεται.

2221 1474 2365 1545 Πρδς
2392 1473 2526 1543 γοῦν
2560 1474 2637 1543 τῷ
2657 1475 2821 1539 τέλει,
2854 1474 3027 1529 ταῦτά
3061 1492 3194 1544 φησι
3219 1490 3235 1505 ο
3262 1473 3400 1537 Τοὺς
3429 1475 3509 1537 είς
3527 1473 3651 1536 ἔτος
3674 1474 3803 1524 ἀνα-

2220 1568 2524 1638 ϐεϐηκότας
2562 1569 3019 1638 τεσσαρακοστὸν,
3063 1566 3319 1636 καὶπρὸς
3355 1565 3540 1636 τρίτον
3566 1561 3799 1625 ἑαυτοὺς

2222 1661 2615 1733 ἐπιρίπτοντας
2642 1660 2841 1730 γάμον,
2867 1656 2955 1713 οἶα
2984 1659 3132 1730 ρύπη
3170 1658 3271 1727 τῆς
3306 1657 3638 1728 Ἐκκλησίας
3668 1670 3801 1722 τυγ-

2221 1752 2505 1823 χάνοντας,
2544 1758 2709 1823 μέχρι
2730 1750 3051 1814 πενταετίας
3076 1750 3478 1819 ἀκοινωνήτους
3506 1743 3656 1801 εἶναι
3712 1745 3801 1801 θι-

2226 1843 2513 1915 σπίζομεν,
2552 1850 2647 1900 καὶ
2674 1843 2772 1896 τοῦ
2801 1842 3059 1896 τοσούτου
3088 1841 3283 1912 χρόνου
3309 1842 3617 1912 ἐξήκοντος,
3654 1838 3807 1904 ἅπαξ

2221 1934 2313 1990 τοῦ
2341 1935 2496 2000 ἔτους
2526 1938 2592 2006 τῇ
2641 1934 2898 2006 κοινωνίᾳ
2940 1934 3248 2004 προσιέναι,
3296 1932 3438 1986 κατά
3475 1932 3576 2002 τὴν
3630 1931 3803 1984 σεϐά-

2222 2042 2381 2097 σμιον
2399 2026 2492 2080 τοῦ
2528 2025 2797 2096 σωτηρίου
2824 2026 3015 2095 Πάσχα
3049 2026 3286 2095 ἡμέραν,
3335 2023 3394 2076 ὲν
3437 2026 3499 2093 τῇ
3534 2023 3647 2092 πρὸ
3673 2021 3805 2074 ταύο

2219 2135 2317 2188 της
2337 2118 2563 2188 νηστεία
2595 2118 2717 2171 καθ’
2751 2119 2875 2172 ὅσον
2908 2112 3019 2171 οἷόν
3059 2133 3119 2169 τε
3159 2115 3633 2186 ἀποκαθαίροντες
3678 2117 3806 2167 tau-

2219 2208 2366 2273 τούς.
2414 2208 2471 2263 Ὀ
2500 2208 2558 2261 δὲ
2586 2207 2798 2278 τολμῶν
2834 2209 3010 2278 ἱερεὺς
3042 2207 3190 2277 παρὰ
3244 2206 3334 2259 τὸν
3370 2205 3806 2274 διατεταγμένον

2218 2302 2343 2371 ὅρον
2381 2302 2734 2372 μεταλὴψεως
2759 2301 2907 2365 θείας
2936 2301 3080 2362 τινὸς
3127 2300 3348 2363 τούτους
3376 2300 3630 2363 ἀξιῶσαι,
3674 2300 3807 2366 περὶ

2218 2395 2310 2448 τὸν
2341 2396 2472 2448 tam
2503 2394 2838 2448 κινδυνεύσει
2864 2393 3091 2464 βαθμόν.
3124 2391 3312 2446 Ταῦτα
3342 2391 3397 2444 δέ
3424 2408 3627 2460 φαμεν,
3669 2391 3806 2443 ὅταν

2223 2487 2298 2557 μὴ
2327 2486 2488 2539 τέκνα
2543 2486 2756 2549 τούτοις
2790 2486 2855 2538 ἐκ
2899 2484 3009 2539 τῶν
3060 2485 3342 2556 προτέρων
3374 2483 3568 2554 γάμων
3602 2485 3804 2553 παρῇ·

2223 2580 2272 2632 εί
2308 2578 2355 2632 δ’
2382 2574 2497 2642 οὖν,
2529 2578 2924 2649 ἀσυγχώρητος
2950 2578 3131 2639 αὐτοῖς
3157 2578 3308 2630 ἔσται
3343 2578 3699 2647 ἠτριγαμία.
3744 2574 3805 2627 Ei

2218 2668 2275 2722 δέ
2298 2687 2380 2732 τις
2411 2668 2836 2740 τριακοντούτης
2860 2668 2957 2733 ὣν,
2982 2668 3188 2724 καὶτοῦ
3219 2668 3406 2737 γένους
3427 2668 3567 2738 ἔχων
3588 2670 3660 2720 ἐκ
3695 2667 3804 2720 τῶν

2221 2761 2549 2830 φθασάντων
2574 2761 2770 2831 γάμων
2803 2759 3075 2830 διαδοχὴν,
3105 2761 3256 2828 ὅμως
3283 2776 3347 2828 γε
3373 2758 3478 2830 μὴν
3503 2758 3594 2811 διὰ
3619 2759 3687 2811 τὸ
3705 2757 3805 2826 τῆς

2222 2851 2494 2923 σαρκικῆς
2520 2850 2817 2919 ἐπιθυμίας
2842 2851 3142 2904 ἀκόλαστον
3175 2851 3337 2924 τρίτῃ
3362 2849 3664 2918 συναιρθείη
3707 2866 3802 2917 γυ-

2220 2943 2393 3009 ναικὶ,
2431 2943 2524 2997 ἐπὶ
2559 2943 2879 3015 τετραετίαν
2918 2943 3281 3012 ἀκοινώνητος
3318 2941 3477 2996 ἔστω.
3514 2938 3631 2993 Εἶθ’
3655 2941 3804 2994 οὕτω

2219 3034 2343 3105 τρὶς
2388 3034 2481 3087 τοῦ
2529 3032 2779 3087 ἐνιαυτοῦ
2834 3033 3318 3105 μεταλαμϐανέτω,
3350 3031 3406 3085 ἐν
3452 3035 3517 3103 τῇ
3555 3032 3801 3085 ἀναστα-

2224 3126 2371 3197 σίμῳ
2403 3127 2588 3198 ἡμέρᾳ
2612 3126 2710 3180 τοῦ
2740 3125 2952 3197 Πάσχα,
2981 3127 3041 3179 έν
3063 3129 3129 3197 τῇ
3162 3126 3419 3196 κοιμήσει
3448 3126 3549 3195 τῆς
3587 3125 3801 3196 ἀκράν-

2221 3236 2316 3274 του
2341 3219 2627 3285 Θεοτόκου,
2655 3219 2748 3273 καὶ
2760 3219 2817 3272 ὲν
2838 3222 2904 3289 τῇ
2930 3218 3220 3287 γενεθλίων
3247 3218 3340 3271 τοῦ
3363 3218 3575 3287 Κυρίου
3591 3218 3760 3288 ἑορτῇ
3783 3231 3799 3244 ⁸

2216 3307 2330 3366 τῶν
2362 3312 2468 3384 πρὸ
2496 3311 2703 3366 τούτων
2727 3312 2998 3383 νηστειῶν
3046 3312 3107 3365 τὸ
3140 3311 3388 3365 πλεῖστον
3418 3310 3520 3380 τῆς
3547 3312 3803 3364 ἐκτακεί-

2223 3421 2322 3476 σης
2362 3404 2514 3475 αὐτῷ
2548 3404 2767 3475 κηλίδος
2804 3407 3149 3476 ἀποσμήχειν
3182 3406 3614 3476 πιστευομένων.
3640 3404 3711 3458 Et
3741 3404 3800 3458 εδ

2221 3498 2389 3561 ἄπαις
2419 3497 2495 3550 ὢν
2518 3497 2799 3569 τυγχάνει,
2843 3498 3178 3570 συγγνώμην
3215 3497 3486 3563 ἀξιοῦται,
3512 3497 3583 3551 δι’
3611 3497 3801 3567 ἔφεσιν

2225 3589 2577 3655 παιδοποιίας
2627 3591 2720 3645 τὸν
2772 3592 2958 3663 τρίτον
2994 3592 3170 3661 γάμον
3221 3588 3571 3662 αίρούμενος,
3598 3592 3695 3644 καὶ
3721 3591 3798 3660 τῷ

2224 3682 2448 3755 συνήθει
2487 3683 2752 3755 ἐπιτιμίῳ
2782 3683 3276 3755 θεραπευθήσεται,
3299 3683 3393 3735 ἐπὶ
3410 3683 3561 3752 τρισὶ
3585 3683 3797 3752 χρόνοις

2219 3771 2319 3841 τῆς
2356 3772 2647 3836 κοινωνίας
2703 3773 3044 3845 είργόμενος.
3088 3773 3149 3827 '0
3180 3771 3236 3825 δὲ
3287 3773 3467 3826 πάντα
3497 3773 3661 3840 σοφὸς
3691 3772 3796 3825 Ba-

2223 3864 2424 3928 σίλειος
2460 3868 2520 3919 έν
2545 3865 2625 3937 τῷ
2650 3871 2703 3919 π’
2731 3866 2952 3920 κανόνι·
3003 3865 3117 3936 Τὴν
3150 3866 3499 3936 πολυγαμίαν
3535 3867 3587 3918 oi
3620 3864 3794 3919 Πατέ-

2223 3974 2338 4027 ρες.
2375 3959 2530 4027 φησὶ,
2585 3957 2668 4031 τῷ
2714 3958 2819 4027 τῆς
2874 3958 3113 4028 ἀφασίας
3171 3957 3555 4029 συνεκάλυψαν
3595 3958 3792 4022 σκότει,

2232 4043 2321 4102 οἷα
2352 4048 2603 4119 κτηνώδη
2631 4050 2725 4104 καὶ
2750 4051 2850 4121 τῆς
2874 4050 3221 4122 ἀνθρωπίνης
3250 4053 3577 4104 ἀπεοικυῖαν
3601 4051 3794 4116 διαγω-

2219 4142 2345 4213 γῆς.
2388 4142 2553 4210 Ἡμῖν
2591 4142 2649 4195 δὲ
2678 4138 3033 4212 παρίσταται.
3067 4143 3187 4215 ητοι
3215 4142 3365 4195 δοκεῖ
3403 4143 3497 4195 καὶ
3522 4143 3786 4212 κρῖνεται,

2221 4234 2443 4305 πλέονῆ
2474 4234 2572 4303 τὴν
2611 4236 2869 4302 πορνείαν
2916 4235 3119 4304 ταύτην
3167 4234 3513 4299 κολάζεσθαι.
3552 4236 3793 4303 Πολυγα-

2222 4326 2322 4397 μία
2350 4326 2407 4380 δέ
2455 4328 2708 4393 ἐστιν,οὐ
2754 4327 2815 4381 τὸ
2858 4328 3081 4390 πολλαῖς
3121 4327 3432 4399 ἀδιαφόρως
3478 4328 3789 4398 μίγνυσθαι,

2220 4416 2359 4472 ἀλλὰ
2385 4415 2587 4481 πολλὰς
2614 4418 2920 4486 ἀγαγέσθαι
2950 4420 3041 4472 τδν
3079 4421 3263 4484 αὑτὸν,
3305 4420 3463 4473 είκαὶ
3488 4422 3561 4491 μὴ
3579 4421 3788 4491 ἀθρόον.

2219 4507 2404 4577 Γάμος
2427 4508 2559 4578 γὰρ,
2586 4510 2648 4560 οὐ
2675 4508 2738 4562 τὸ
2784 4511 3005 4578 γυναικὶ
3057 4510 3446 4581 συμφθαρῆναι
3496 4511 3658 4579 μόνον
3705 4512 3792 4565 ἐπὶ

2224 4596 2728 4668 καταχυδαιοτέραν
2761 4598 3062 4663 διάλεκτον,
3083 4598 3220 4651 ἀλλὰ
3261 4600 3457 4670 ἀνδρὸς
3496 4603 3590 4653 καὶ
3607 4618 3788 4669 γυναι-

542 4698 646 4733 uon
714 4683 922 4730 tantum
980 4686 1109 4730 sunt
1156 4674 1479 4729 concubitus
1526 4688 1652 4728 cum
1708 4673 1935 4727 muliere
1980 4672 2114 4744 (16),

2230 4686 2325 4750 κός
2360 4687 2623 4756 συνάφεια
2657 4690 2751 4763 καὶ
2812 4692 3192 4759 συγκληρωσις
3249 4691 3345 4744 τοῦ
3404 4692 3521 4762 βίου
3570 4695 3783 4757 παντὸς,

541 4778 681 4824 seut
719 4768 912 4839 vulgus
948 4767 1228 4821 hominum
1282 4764 1427 4833 loqui
1464 4764 1625 4828 solet,
1658 4763 1753 4819 sed
1787 4764 2112 4835 conjunctio

2223 4775 2368 4829 θείου
2412 4793 2472 4830 τε
2538 4780 2632 4830 καὶ
2667 4780 3010 4849 ἀνθρωπίνου
3067 4781 3279 4834 δικαίου
3326 4784 3605 4849 κοινωνία,
3635 4785 3707 4848 ώς
3740 4786 3786 4838 oi

525 4862 706 4917 gnaris
737 4867 791 4910 et
821 4855 1055 4919 feminae,
1085 4862 1144 4909 et
1173 4855 1353 4909 omnis
1386 4854 1512 4909 vitae
1543 4855 1910 4921 consortium,
1937 4855 2109 4910 divini

648 4948 871 5002 humani
921 4950 1064 5018 juris
1127 4948 1576 5012 communicatio,
1653 4932 2112 5018 quemadmodum

542 5054 683 5106 ιιτριιει
735 5036 979 5091 tradunt.
1032 5036 1148 5092 Non
1191 5037 1335 5094 enim
1397 5054 1463 5093 ex
1536 5037 1930 5106 conjunctione
1974 5040 2113 5094 dun-

546 5140 691 5182 taxat
717 5141 1108 5199 agnoscuntur,
1166 5146 1352 5185 verum
1399 5131 1564 5185 etiam
1619 5146 1686 5186 ex
1733 5131 1953 5186 illorum
1985 5131 2115 5187 affe-

546 5224 744 5283 ctante,
790 5221 881 5290 qui
914 5231 1332 5278 contraxerunt.
1369 5222 1510 5276 Dicit
1563 5231 1743 5277 autem
1794 5224 2108 5295 nuptiarum

550 5313 912 5377 ξιίιίιὶὶίίιίὶίθίη
943 5327 972 5364 a
1009 5309 1267 5366 Patribus
1309 5312 1525 5369 silentio
1576 5315 1935 5385 praeteritam,
1984 5311 2115 5382 quia

548 5394 733 5457 Iarmis
769 5401 989 5470 quidem
1021 5401 1246 5472 nuptias
1268 5402 1353 5459 lex
1385 5404 1634 5475 agnoscit
1669 5423 1682 5460 :
1718 5415 1773 5461 at
1801 5410 2118 5466 earumdem

2220 4868 2375 4936 νόμοι
2427 4868 2859 4938 διαγορεύουσιν.
2890 4873 2966 4924 Οὐ
3014 4874 3124 4942 γὰρ
3174 4874 3283 4929 ἀπὸ
3334 4875 3507 4945 μόνης
3551 4877 3651 4945 τῆς
3676 4894 3786 4930 sua»

2222 4960 2419 5026 α’ρείας
2441 4958 2792 5028 γινώσκεται,
2821 4962 2958 5015 ἀλλά
2988 4965 3083 5017 καὶ
3117 4964 3225 5017 ἀπὸ
3239 4965 3341 5034 τῆς
3365 4966 3661 5030 διαθέσεως
3685 4965 3782 5020 τῶν

2223 5050 2689 5115 συναλλαξάντων.
2731 5054 3238 5126 ’Λποσεσιωπῆσθαι
3273 5056 3330 5109 δέ
3377 5074 3512 5128 φησι
3540 5061 3651 5120 τοῖς
3685 5058 3784 5111 ﬂ:-

2222 5144 2439 5213 τράσιν,
2472 5145 2554 5197 ὅτι
2585 5147 2617 5216 ὴ
2651 5145 2750 5216 μὲν
2775 5147 3046 5217 τριγαμία
3066 5149 3144 5218 τῷ
3162 5149 3313 5220 νόμῳ
3331 5151 3779 5218 ὲπιγινώσκεταιο

2222 5238 2255 5305 ἡ
2280 5237 2338 5289 δὲ
2370 5237 2686 5307 πολυγαμία
2722 5240 2816 5292 καὶ
2865 5243 2976 5302 τοῖς
3024 5242 3231 5311 νόμοις,
3278 5243 3375 5296 καὶ
3412 5246 3529 5306 τοῖς
3577 5242 3781 5296 κανόσιν

2223 5327 2539 5398 ἀπείρηται.
2577 5331 2690 5383 Πᾶν
2722 5331 2830 5401 γάρ
2863 5331 3241 5402 συνάλλαγμα,
3272 5335 3399 5397 τοὺς
3441 5335 3602 5404 ὅρους
3632 5334 3782 5404 ὕπερ-

2193 5404 2199 5411 .
2227 5417 2408 5470 ϐαῖνον
2429 5419 2528 5488 τῆς
2544 5419 2861 5491 τριγαμίας,
2884 5422 3091 5490 πολνγα
3101 5423 3199 5492 μία
3235 5423 3426 5493 σαφῶς
3448 5422 3780 5493 ὀνομάζεται.

1845 5573 2074 5631 ΧἈΒΙᾹΞ
2126 5577 2531 5639 LECTIONES.

620 5654 662 5681 θ’
688 5656 949 5719 στάσεως.

624 5870 723 5935 ta};-
762 5869 793 5921 Ι.
833 5867 878 5922 l.
912 5868 973 5924 Β.
1000 5870 1071 5927 De
1093 5871 1182 5928 rit.
1209 5882 1359 5942 nupt.

2058 5783 2292 5845 NOTAE.
