3882 6584
183 354 302 422 2201

1411 350 1679 414 nemo
1714 310 2124 415 Rosianum.

3252 355 3390 429 1262

172 463 269 520 Καὶ
291 458 381 526 τῆς
410 453 657 525 πορνείας
679 454 735 508 δὲ
764 454 954 526 εἴρηκε
999 453 1236 525 χείρονα,
1263 454 1409 526 μάλα
1456 455 1693 518 είκότως.

1814 454 2105 522 pluralitas
2138 461 2250 509 tum
2295 453 2526 527 legibus,
2576 464 2690 514 tum
2737 459 3042 520 canonibus
3069 471 3156 523 est
3200 465 3391 537 prohi-

181 554 234 608 '0
261 550 351 622 μὲν
369 546 479 617 γὰρ
503 545 805 616 πορνεύων,
833 548 913 610 είς
954 547 1147 603 ἑαυτὸν
1186 541 1346 618 μόνον
1367 545 1466 618 τὴν
1495 547 1710 602 ἀδικίαν

1816 544 1950 600 bita.
2024 544 2218 602 Omnis
2262 547 2408 601 enim
2470 556 2790 609 contractus
2835 554 3254 614 matrimonialis
3294 558 3385 632 qui

175 642 515 715 περιίστησιν,
549 639 727 693 ἑκοντὶ
748 639 826 710 τῷ
855 639 1115 712 βαράθρῳ
1139 641 1239 710 τῆς
1262 639 1554 704 ἀκολασίας
1585 641 1693 694 seu

1817 641 2102 694 tertiarum
2191 641 2505 711 nuptiarum
2580 644 2715 701 lines
2788 647 3010 713 transit,
3073 653 3385 722 nuptiarum

165 734 247 787 τὸν
285 727 636 800 ὲπιρῥίπτων.
680 726 738 780 '0
762 727 819 780 δὲ
872 728 1129 801 τέταρτον
1171 730 1204 800 ἦ
1237 729 1486 800 πέμπτον
1530 731 1709 800 γάμον

164 824 305 894 δῆθεν
328 818 501 890 ἑαυτῷ
545 819 905 887 συναλλάξας,
940 826 1288 897 κατορχεῖται
1332 823 1432 894 μὲν
1462 823 1571 877 τῶν
1602 842 1711 877 κω-

164 919 375 973 λυόντων
406 914 591 968 τοῦτον
622 914 783 970 θείων
814 917 1076 980 κανόνων,
1107 917 1284 971 ἀδικεῖ
1315 918 1373 972 δὲ
1413 918 1538 981 τοὺς
1578 934 1709 987 γνη-

164 1011 294 1072 σίους
326 1005 489 1061 αὐτοῦ
545 1007 761 1072 παῖδας,
809 1009 1203 1079 παρασπείρων
1252 1008 1461 1071 τούτοις
1491 1009 1584 1062 καὶ
1615 1009 1707 1063 νό·

161 1102 293 1163 θους.
318 1098 406 1150 Διὸ
432 1098 521 1150 καὶ
552 1096 687 1168 μετὰ
709 1100 809 1169 τὴν
848 1101 949 1168 τῆς
989 1100 1334 1171 παρανομίας
1363 1101 1703 1172 ἀπαλλαγὴν,

160 1188 244 1243 καὶ
277 1185 372 1255 τὴν
392 1185 620 1256 γνησίαν
662 1186 1068 1258 ἐξομολόγησιν,
1116 1191 1208 1242 καὶ
1237 1189 1398 1243 πλέον
1434 1191 1545 1243 τῶν
1573 1208 1706 1264 πορς

159 1277 448 1332 νευσάντων
484 1276 816 1331 εὐθύνεσθαι¹
835 1278 994 1345 ἀξιοῖ.
1015 1280 1153 1342 Τοὺς
1177 1279 1275 1350 μὲν
1300 1282 1409 1355 γὰρ
1436 1282 1515 1344 είς
1533 1283 1705 1336 ἑπταο

95 1425 98 1428 ,
155 1369 307 1432 ετίαν,
336 1367 551 1434 τούτους
574 1369 631 1422 δὲ
684 1371 763 1433 είς
811 1370 958 1424 ὀκτὼ
1012 1373 1328 1441 παρατείνει
1374 1374 1619 1445 χρόνους,
1651 1378 1703 1431 εί

152 1458 380 1530 ἀκριϐῶς
402 1459 492 1511 τὸν
523 1459 648 1513 νοῦν
687 1461 1011 1533 ὲπιστήσαις
1037 1465 1151 1525 τοῖς
1191 1465 1284 1517 τοῦ
1336 1465 1489 1532 ἁγίου
1517 1465 1705 1520 θεσπί-

153 1566 357 1620 σμασιν.
397 1550 460 1602 Εί
490 1550 598 1618 γὰρ
633 1552 742 1605 τῶν
772 1553 865 1606 δύο
890 1555 1069 1607 τόπων
1097 1556 1195 1624 τῆς
1220 1559 1510 1626 μετανοίας
1545 1559 1704 1628 μόνον

153 1641 418 1711 μνησθεὶς,
448 1642 721 1715 τέσσαρας
748 1646 805 1699 ὲν
855 1646 1041 1710 αὐτοῖς
1089 1646 1317 1701 διελθεῖν
1349 1649 1517 1720 ὥρισε
1580 1653 1704 1721 χρό·

148 1748 283 1794 νους,
334 1728 479 1802 ἦπου
532 1734 629 1787 καὶ
670 1736 729 1787 ἐν
770 1738 884 1799 τοῖς
917 1736 1066 1790 δυσὶν
1101 1740 1329 1807 ἑτέροις,
1357 1740 1449 1804 οὓς
1489 1745 1704 1812 παρῆκε

144 1823 225 1875 διὰ
254 1824 654 1894 συντομίαν,ὠς
682 1826 909 1898 δήλους,¹
933 1829 1159 1899 ἑτέρους
1188 1832 1269 1885 δεῖ
1291 1834 1564 1902 τέσσαρας
1623 1836 1702 1889 διο

143 1916 359 1981 αγαγεῖν
395 1916 501 1985 πρὸ
535 1918 632 1985 τῆς
655 1919 763 1971 τῶν
811 1920 1171 1990 ἁγιασμὰτων
1229 1924 1519 1992 μεθέξεως.
1564 1928 1621 1980 '0
1647 1928 1703 1981 δὲ

142 2001 290 2070 νόμος
316 2004 513 2073 φησίν·
535 2007 717 2059 Ἔστω
753 2003 844 2062 οὖν
882 2010 1040 2062 τοῦτο
1088 2012 1221 2063 πᾶσι
1280 2013 1595 2084 κατάδηλον,
1628 2015 1703 2082 ὡς

143 2094 195 2146 εί
210 2111 290 2156 τις
314 2094 606 2166 τολμήσειε
639 2099 775 2169 πρὸς
794 2102 1055 2171 τέταρτον
1078 2102 1278 2171 γάμον,
1308 2104 1400 2157 τὸν
1438 2106 1499 2158 ού
1526 2107 1703 2176 γάμον

140 2184 319 2245 ἐλθεῖν,
348 2187 407 2238 ού
445 2188 609 2255 μόνον
648 2189 764 2243 ἀντ’
816 2191 1028 2254 οὐδενὸς
1060 2195 1087 2245 ό
1116 2194 1362 2257 τοιοῦτος
1410 2194 1703 2267 νομιζόμε-

138 2291 218 2337 νος
249 2275 629 2348 λογισθήσεται
650 2280 847 2350 γάμος,
874 2282 991 2335 ἀλλ’
1022 2283 1144 2336 οὐδὲ
1189 2286 1237 2337 oi
1278 2284 1337 2350 ἐξ
1378 2287 1555 2339 αὑτοῦ
1609 2304 1696 2340 τε-

136 2365 344 2436 χθέντες
372 2369 588 2440 γνήσιοι
617 2370 1033 2442 λογισθήσονται
1055 2376 1266 2440 παῖδες,
1295 2377 1388 2430 καὶ
1419 2380 1537 2440 ταῖς
1573 2395 1695 2431 ποι-

134 2459 241 2519 ναῖς
273 2457 326 2510 δὲ
362 2458 476 2513 τῶν
520 2462 944 2533 μεμολυσμένων
993 2469 1060 2538 τῇ
1113 2468 1339 2539 πορνείᾳ
1384 2468 1695 2539 ὑποϐληθῆ-

134 2563 306 2601 σονται
333 2550 382 2601 οί
426 2550 687 2620 τοιοῦτοι,
720 2556 816 2608 ἀπ’
875 2555 1121 2627 ἀλλήλων
1170 2557 1434 2630 πρότερον
1489 2559 1694 2631 διαιρε-

133 2636 324 2701 θέντες.

1814 730 2103 801 pluralitas
2132 730 2274 785 haud
2308 732 2478 787 dubio
2504 732 2727 789 dicitur.
2763 735 3021 791 Eamdem
3055 743 3387 800 scortatione

1812 821 2052 892 pejorem
2094 839 2201 879 non
2232 824 2331 880 abs
2358 840 2416 879 re
2446 830 2842 896 pronuntiavit.
2886 829 3021 886 Nam
3051 833 3143 903 qui
3177 844 3388 890 scorta-

1809 925 1922 980 tur,
1961 916 2016 971 in
2052 932 2112 973 se
2149 918 2326 975 solum
2366 919 2581 978 facinus
2604 922 2706 978 hoc
2737 925 2999 991 admittit,
3028 927 3156 983 dum
3192 938 3386 999 sponte

1812 1022 1913 1063 sua
1945 1017 2116 1063 semet
2148 1009 2202 1063 in
2229 1011 2542 1080 voraginem
2574 1013 3009 1085 intemperantiae
3042 1018 3383 1090 prtecipitut:

1810 1100 1904 1170 qui
1934 1114 2062 1155 vero
2087 1110 2312 1171 quartas
2341 1111 2435 1157 aut
2462 1104 2705 1175 .quintas
2753 1112 3093 1165 contraxerit
3139 1111 3363 1181 nuptias

1808 1192 1857 1248 is
1883 1198 2136 1246 etsacros
2163 1208 2425 1253 canones.
2453 1195 2545 1263 qui
2575 1210 2669 1250 eas
2704 1197 3021 1266 prohibent,
3053 1201 3341 1270 proculcat
3366 1240 3380 1263 ,

1807 1289 1863 1336 et
1892 1295 2183 1351 germanos
2213 1297 2346 1337 suos
2374 1283 2573 1340 liberos
2594 1284 2756 1341 allicit
2787 1287 3010 1357 injuria,
3037 1289 3166 1344 dum
3193 1301 3384 1360 praeter

1808 1388 1903 1428 eos
1931 1375 2093 1429 etiam
2133 1376 2354 1446 spurios
2401 1386 2669 1448 procreat.
2707 1378 3001 1451 Pmpterea
3038 1392 3162 1452 post
3208 1383 3386 1456 ipsius

1810 1464 2075 1522 facinoris
2108 1467 2488 1532 omissionem,
2528 1476 2581 1523 et
2608 1486 2790 1525 veram
2824 1472 3247 1537 confessionem,
3269 1477 3381 1530 vult

1805 1556 1969 1611 etiam
2005 1560 2248 1627 'gravitts
2309 1562 2459 1630 ipsos
2521 1563 2742 1631 puniri,
2795 1579 2961 1633 quam
3013 1566 3103 1636 qui
3154 1570 3382 1625 scortati

1809 1647 2035 1703 fuerint.
2069 1649 2165 1705 llis
2192 1650 2336 1704 enim
2371 1653 2865 1722 septennium,illis
2894 1670 3067 1712 annos
3098 1667 3219 1712 octo
3249 1674 3384 1715 con-

1808 1739 1986 1794 stituit
2015 1756 2029 1805 ;
2073 1738 2115 1793 si
2150 1749 2407 1795 accurate
2431 1751 2664 1797 mentem
2696 1743 2750 1797 in
2778 1759 2861 1809 ea,
2905 1761 3027 1815 qua:
3056 1748 3138 1800 vir
3159 1758 3383 1806 sanctus

1809 1832 2019 1897 statuit,
2062 1831 2335 1887 detixcris.
2361 1833 2495 1888 Nam
2521 1836 2564 1890 si
2590 1835 2821 1892 duorum
2852 1837 3116 1894 duntaxat
3139 1841 3383 1898 locorum

1809 1921 2144 1991 paenitentiae
2186 1925 2463 1979 mentione
2518 1924 2682 1992 facta,
2715 1937 2959 1998 quatuor
2998 1930 3054 1986 in
3096 1932 3178 1988 eis
3208 1949 3383 1995 annos

1808 2012 2086 2081 praeterire
2119 2013 2317 2068 debere
2345 2015 2593 2073 deliniit:
2630 2020 2853 2074 omnino
2888 2021 2940 2075 in
2974 2022 3188 2079 duobus
3217 2025 3379 2081 etiam

1808 2102 1953 2167 aliis,
1995 2119 2136 2173 quos
2165 2106 2472 2175 compendii
2497 2123 2660 2165 causa
2691 2112 2855 2166 veluti
2892 2113 3212 2172 manifestos
3241 2116 3381 2171 omi-

1808 2192 1899 2257 sit,
1947 2194 2040 2247 alii
2084 2206 2323 2264 quatuor
2369 2198 2496 2251 anni
2522 2208 2683 2254 erunt
2724 2202 2971 2273 exigendi
3022 2214 3147 2261 ante
3195 2221 3381 2262 sacra-

1803 2295 2109 2341 mentorum
2158 2290 2582 2360 perceptionem.
2629 2291 2790 2364 Legis
2828 2302 3006 2349 autem
3056 2296 3171 2352 haec
3216 2300 3379 2356 verba

1802 2386 1969 2435 sunt:
2010 2375 2291 2434 Universis
2359 2381 2707 2438 matiifestum
2754 2392 2895 2449 esto,
2956 2385 3102 2457 quod
3153 2388 3200 2442 si
3254 2387 3378 2458 quis

1803 2484 1972 2526 ausus
2032 2468 2196 2525 fuerit
2251 2470 2316 2525 ad
2353 2482 2577 2541 quartas
2627 2475 2920 2531 convolare
2974 2477 3217 2546 nuptias,
3258 2494 3378 2547 quae

1801 2560 2004 2629 nuptiae
2030 2575 2138 2614 non
2185 2569 2337 2627 sunt,
2372 2576 2479 2615 non
2515 2565 2675 2619 modo
2712 2563 3044 2630 futurum,nt
3073 2583 3151 2622 eae
3176 2568 3380 2636 nuntia

1798 2666 1897 2721 pro
1942 2650 2106 2707 nullis
2146 2652 2452 2708 habeantur
2485 2676 2499 2710 :
2534 2653 2628 2712 sed
2657 2671 2722 2712 ne
2750 2657 2907 2713 liberi
2934 2650 3152 2728 quidem
3185 2674 3250 2715 ex
3296 2660 3379 2718 eis

132 2733 410 2799 orocreati,
461 2749 561 2804 pro
613 2736 868 2807 legitimis
899 2739 1209 2812 ducantur;
1250 2746 1494 2817 adeoque
1521 2743 1698 2817 poenis
1746 2742 1907 2800 etiam
1941 2742 2269 2816 pollutarum
2318 2746 2651 2803 scortatione
2684 2749 2819 2807 tales
2869 2750 3250 2821 subjicientur,
3282 2750 3377 2812 ubi

130 2817 351 2884 primum
397 2837 429 2876 a
474 2838 532 2879 se
568 2825 795 2882 invicem
827 2829 1081 2902 dirempti
1124 2833 1345 2890 fuerint.

127 2932 255 3020 Περὶ
291 2933 522 3020 τῆς-,εις
545 2937 827 3020 deut/spor
861 2942 1058 3020 τᾴμωί
1090 2946 1291 3002 ἐλθεῖν
1311 2949 1694 3020 βουλομένης

186 3007 602 3124 ἵναικρςοξέν
660 3007 983 3095 ἀποδημίᾲ.
1028 3015 1066 3084 ἢ
1096 3007 1377 3085 στρατείᾳ
1421 3007 1526 3075 τοῧ
1583 3007 1694 3076 dit.-

222 3074 329 3124 οὸο
363 3092 563 3124 αυτπι·
583 3078 1024 3124 (immanes-ni,-

215 3074 329 3140 φὺς
363 3076 563 3145 αὐτῆς
583 3074 1045 3150 ἀφανισθὲνὶος.

202 3188 259 3242 '0
274 3186 474 3242 λα’τοῦ
502 3190 736 3261 μεγάλου
769 3194 1049 3249 Βασιλείου
1081 3200 1284 3257 κανών.
1315 3203 1380 3255 Ἥ
1403 3204 1690 3277 ἀναχωρή-

132 3296 336 3345 σαντος,
352 3285 515 3352 φησὶ,
537 3283 632 3337 τοῦ
653 3284 864 3355 ἀνδρὸς,
890 3290 984 3340 καὶ
1005 3291 1242 3357 ἀφανοῦς
1261 3292 1433 3359 ὄντος,
1451 3297 1523 3367 μὴ
1554 3297 1691 3351 ἀνα-

126 3371 344 3441 μείνασα
389 3372 491 3444 τὴν
536 3374 814 3442 ἐπάνοδον,
852 3379 981 3447 μήτ’
1020 3376 1087 3434 αὖ
1133 3382 1272 3452 πρὸς
1299 3385 1409 3438 τῶν
1446 3386 1691 3456 ἀκριϐῶς

122 3463 185 3513 τὲι
230 3461 355 3514 κατ’
382 3461 431 3493 ¹⁹
462 3463 644 3516 αὐτῶν
688 3466 1007 3533 ἐγνωκότων
1062 3471 1310 3540 μαθοῦσα
1369 3476 1418 3527 εί
1474 3476 1691 3548 ἀληθῶς

119 3552 417 3623 ἐτεθνήκει,
452 3556 549 3609 καὶ
583 3560 906 3630 γαμουμένη
959 3561 1148 3633 ἑτέρῳ,
1185 3564 1260 3634 τῷ
1309 3567 1407 3636 τῆς
1446 3568 1687 3638 μοιχείας

116 3638 352 3709 ἐνέχεται
377 3644 640 3714 κρίματι.
679 3645 737 3698 ’0
767 3646 823 3699 δὲ
854 3647 1019 3712 λςάί
1060 3651 1170 3703 τῶν
1198 3652 1290 3705 ἐπὶ
1319 3657 1529 3726 μακρὸν
1553 3658 1691 3713 ἁπο-

115 3730 433 3802 δημούντων
453 3739 803 3805 στρατιωτῶν
816 3740 1079 3806 σύνευνοι,
1107 3743 1184 3814 τῷ
1211 3746 1381 3816 αὐτῷ,
1406 3750 1564 3816 φησὶ,
1590 3750 1689 3819 τῆς

116 3825 361 3894 μοιχείας
389 3827 703 3895 ἐγκλήματι
734 3832 1181 3900 περιπίπτουσιν.
1218 3838 1442 3906 Ἔχουσι
1483 3838 1539 3891 δέ
1566 3856 1689 3894 τινα

114 3916 475 3989 συγγνώμην,
533 3920 613 3992 τῷ
667 3922 726 3974 ὲν
756 3925 933 3995 χρόνῳ
983 3925 1216 3981 θανάτου
1245 3930 1331 3982 ἀεὶ
1359 3932 1483 3994 τοὺς
1520 3947 1687 4001 στρα-

108 4006 304 4071 τιῶτας
332 4009 773 4079 ὑποπτεύεσθαι,
804 4013 900 4069 ἅτε
948 4017 1076 4087 περὶ
1118 4019 1411 4091 πολέμους,
1452 4024 1548 4075 καὶ
1576 4041 1688 4077 κιν-

107 4093 316 4164 δύνους,
348 4102 449 4153 καὶ
480 4103 700 4173 σφαγὰς
723 4108 1251 4178 ἀναστρεφομένους.
1274 4112 1399 4174 Τοῖς
1422 4113 1541 4166 δυσὶ
1568 4114 1689 4168 τού-

107 4201 215 4250 τοις
248 4189 344 4242 τοῦ
371 4192 620 4261 μεγάλου
650 4196 839 4249 κανόσι
869 4201 962 4251 καὶ
994 4200 1027 4268 ἡ
1063 4198 1117 4265 ς’
1152 4201 1369 4264 σύνοδος
1392 4203 1687 4274 ἀρεσθεῖσα

112 4277 469 4348 ἐνενηκοστὸν
512 4285 696 4354 τρίτον
735 4287 933 4341 κανόνα
973 4290 1173 4361 ἑαυτῆς
1216 4294 1529 4364 ἐποιήσατο,
1589 4298 1685 4351 αύ-

104 4368 212 4430 τοῖς
234 4372 352 4431 τοῖς
377 4373 551 4425 αὐτοῦ
578 4377 784 4445 ῥήμασι
811 4381 1158 4451 χρησαμένη,
1187 4384 1278 4435 καὶ
1301 4386 1682 4458 προστίθησιν,
1718 4431 1760 4484 D

104 4454 172 4484 Δ.-
188 4458 460 4484 ἰ’---ηι---
548 4467 560 4484 ι
590 4482 641 4484 ,Α
789 4467 803 4484 ο
940 4471 952 4484 ο
1044 4472 1068 4482 -
1262 4475 1273 4484 .
1365 4477 1376 4484 .
1467 4478 1486 4484 -
1585 4480 1595 4484 -

100 4454 172 4519 οὓς
188 4458 525 4530 Ἐπανήκων
541 4467 567 4516 ό
582 4467 914 4539 στρατιώτης
935 4471 997 4523 ἐκ
1010 4472 1109 4540 τῆς
1125 4475 1342 4544 χρονίας
1353 4454 1682 4549 ἀποδημίας,

100 4547 148 4601 εί
177 4548 508 4625 βουληθείη,
538 4555 767 4626 λήψεται
804 4559 903 4632 τὴν
935 4562 1070 4616 ίδίαν
1118 4569 1357 4633 γυναῖκα
1380 4582 1393 4598 ⁸
1432 4547 1682 4637 συγγνώ-

100 4656 173 4709 μη
203 4642 262 4695 δὲ
310 4645 411 4697 καὶ
443 4647 617 4719 ταύτῃ
651 4651 745 4703 καὶ
761 4650 839 4720 τῷ
865 4654 1113 4725 νομίμως
1138 4658 1462 4724 συναφθέντι
1483 4660 1683 4715 δίδοται

94 4728 268 4799 ἀνδρί.
300 4735 381 4787 Οὐ
416 4736 531 4809 γὰρ
556 4739 940 4809 ἐπιτιμῶνται,
992 4746 1081 4798 διὰ
1108 4746 1209 4816 τὴν
1253 4748 1497 4815 ἄγνοιαν.
1540 4750 1600 4803 Ἡ
1624 4751 1683 4805 δὲ

91 4821 185 4874 τοῦ
222 4824 301 4895 μὴ
322 4825 489 4889 δντος
524 4830 882 4899 στρατιώτου,
914 4835 1303 4905 ἀσύγγνωστος
1336 4840 1411 4909 μὴ
1449 4840 1681 4912 ἀναμεί-

90 4928 226 4966 νασα
250 4916 353 4987 τὴν
379 4918 665 4974 ἐπάνοδον.
697 4922 760 4975 Εί
813 4924 870 4978 δὲ
922 4926 1018 4996 οὐχ
1066 4929 1302 4999 αἱρεῖται
1347 4932 1379 5001 ἠ
1410 4931 1547 5003 γυνὴ
1580 4933 1678 5003 τὴν

88 5005 229 5071 μετὰ
258 5008 360 5060 τοῦ
395 5010 795 5077 ἐπανελθόντος
823 5020 1157 5086 στρατιώτου
1205 5022 1531 5092 συμϐίωσιν,
1556 5024 1677 5079 οὐδὲ

85 5094 177 5145 τοῦ
206 5095 481 5169 δευτέρου
518 5102 707 5173 ἀνδρὸς
740 5107 835 5159 κα).
887 5107 1184 5183 βουλομένη
1217 5117 1486 5168 συνοικεῖν
1511 5115 1677 5186 ὲαθή-

83 5198 260 5274 σεται.
300 5188 368 5241 Εί
399 5189 516 5259 γὰρ
547 5190 838 5268 βουληθείη
863 5198 1002 5263 ὅλως
1031 5202 1170 5270 μετά
1210 5202 1309 5274 τὴν
1331 5204 1541 5259 ἐκείνου
1575 5208 1677 5259 ὲπ-

85 5272 297 5342 ἀνοῖον,
342 5280 397 5331 εί
429 5282 531 5333 καὶ
588 5282 662 5354 μὴ
698 5286 983 5357 προσίεται
1035 5290 1260 5363 ταύτην,
1291 5292 1370 5346 ἔτι
1403 5298 1673 5349 συνοικεῖν

79 5364 157 5433 τῷ
180 5364 468 5441 ὰύτέρῳ,
503 5371 578 5435 ὡς
602 5376 852 5447 μοιχαλὶς
893 5381 1359 5453 τιμωρηθήσεται,
1398 5386 1494 5438 καὶ
1526 5387 1554 5439 ὁ
1577 5387 1675 5455 γά·

84 5472 184 5523 μος
217 5459 434 5515 αὐτίκα
466 5462 948 5535 διασπασθήσεται.
989 5472 1236 5539 Ἑκείνοις
1281 5476 1391 5548 γὰρ
1419 5479 1672 5546 συγγνώ-

1804 2943 1883 2999 De
1914 2945 2130 3022 muliere
2185 2946 2442 3022 secundas
2477 2950 2547 3002 ad
2602 2952 2814 3021 nuptias
2871 2956 3101 3011 transire
3147 2956 3370 3022 volente,

1870 3016 2025 3099 cujus
2059 3019 2285 3098 maritus
2331 3020 2385 3072 iu
2430 3016 2869 3092 peregrinatione,
2911 3028 2989 3081 vel
3044 3016 3373 3099 expeditione

1718 3093 1763 3153 ε
1862 3085 2152 3141 interierit.

1874 3194 2062 3252 Canon
2103 3213 2235 3253 xxxi
2294 3198 2480 3256 Basilii
2538 3207 2716 3273 magni
2767 3222 2782 3260 :
2828 3202 3044 3273 Mulier,
3097 3208 3194 3278 ait,
3250 3224 3372 3280 qua

1796 3288 1996 3342 marito
2050 3305 2274 3361 peregre.
2328 3291 2593 3361 proiecto,
2625 3310 2725 3350 nec
2773 3295 2951 3352 adhuc
2998 3311 3370 3373 compareute,

1791 3382 2027 3437 reditum
2072 3382 2192 3452 ejus
2243 3399 2353 3438 non
2404 3389 2845 3457 exspectaverit;
2890 3407 2992 3448 nec
3030 3394 3099 3450 ab
3141 3395 3227 3463 iis,
3272 3396 3369 3470 qui

1790 3471 1911 3541 ejus
1956 3472 2174 3543 negotia
2221 3481 2426 3529 norunt
2477 3486 2731 3535 accurate
2760 3519 2776 3544 ,
2831 3496 2959 3537 vere
3007 3498 3075 3538 ne
3122 3492 3369 3546 mortqu

1790 3564 1865 3620 sit
1902 3603 1919 3627 ,
1978 3565 2366 3634 intellexerit;
2438 3576 2603 3639 atque
2685 3571 2760 3627 ita
2845 3575 3099 3645 nupserit
3172 3578 3366 3646 alteri,

1791 3655 2046 3712 adulterii
2119 3656 2331 3725 judicio
2412 3668 2649 3717 tenetur.
2728 3661 2864 3719 item
2926 3681 3102 3723 canon
3177 3683 3365 3728 xxxvi.

1790 3746 2001 3804 Uxores
2050 3748 2285 3804 militum
2320 3751 2513 3820 procul
2558 3752 2748 3823 aliquo
2786 3756 3279 3826 proﬁciscentium,
3309 3759 3367 3817 in

1789 3839 1932 3895 idem
1974 3840 2231 3897 adulterii
2258 3842 2462 3898 crimen
2489 3844 2739 3900 incidunt
2769 3861 2787 3904 :
2815 3848 2910 3902 sed
2944 3849 3158 3905 veniam
3182 3856 3367 3908 tamen

1789 3931 2024 4000 aliquam
2058 3938 2347 4001 propterea
2402 3944 2702 3997 merentur,
2734 3936 2884 4006 quod
2927 3953 3145 4009 semper
3176 3941 3366 3998 existi-

1790 4029 2007 4075 mentur
2038 4024 2093 4075 in
2126 4022 2361 4078 articulo
2398 4026 2592 4080 mortis
2638 4040 2761 4082 esse
2809 4027 3035 4093 milites,
3070 4029 3239 4087 veluti
3268 4032 3362 4100 qui

1788 4106 1844 4160 in
1896 4108 2127 4177 praeliis,
2186 4118 2242 4165 et
2298 4111 2580 4181 periculis,
2640 4121 2696 4169 et
2759 4117 3001 4174 caedibus
3051 4129 3359 4179 versentur.

1789 4195 2013 4253 Duobus
2064 4199 2215 4255 hisce
2260 4199 2446 4255 Basilii
2496 4205 2802 4261 canonibus
2850 4210 3158 4263 assentiens
3196 4211 3359 4266 etiam

1787 4293 1937 4338 sexta
1985 4286 2247 4357 synodus,
2306 4302 2436 4342 xcut
2487 4303 2753 4344 canonem
2803 4306 2961 4346 suum
3016 4292 3167 4358 fecit,
3227 4295 3362 4366 ipsis

1787 4372 1907 4441 ejus
1950 4374 2130 4429 verbis
2177 4390 2296 4441 usa,
2350 4385 2404 4429 et
2453 4377 2652 4433 deinde
2701 4379 2968 4450 adjiciens
2999 4397 3015 4437 :
3047 4381 3223 4449 Miles,
3266 4389 3361 4455 qui

1789 4480 1854 4517 ex
1914 4465 2176 4519 diuturna
2245 4465 2588 4537 proiectione
2638 4470 2949 4543 revertitur,
3004 4473 3049 4527 si
3104 4476 3359 4545 voluerit,

1792 4567 2018 4607 morem
2072 4568 2229 4609 suam
2285 4556 2530 4625 recipiet.
2561 4555 2732 4613 Venia
2774 4574 2902 4616 vero
2957 4570 3065 4616 tam
3103 4564 3205 4637 ipsi
3240 4581 3362 4623 mu-

1787 4643 1928 4708 lieri,
1958 4659 2123 4712 quam
2180 4645 2297 4698 viro
2349 4646 2588 4717 legitime
2633 4664 2756 4705 cum
2793 4665 2853 4706 ea
2890 4655 3141 4723 copulato
3177 4656 3356 4717 datur.

1787 4738 1901 4791 Non
1937 4740 2081 4794 enim
2136 4743 2466 4810 puniuntur,
2508 4757 2733 4816 propter
2776 4748 3166 4817 ignorantiam.
3226 4752 3360 4823 Ejus

1788 4836 1970 4883 autem
2039 4846 2198 4896 uxor,
2243 4832 2336 4902 qui
2397 4850 2503 4888 non
2542 4846 2626 4890 est
2655 4838 2830 4902 miles,
2877 4839 2923 4894 si
2970 4840 3205 4896 reditum
3247 4858 3359 4901 non

1783 4922 2200 4988 exspectaverit,
2258 4925 2472 4978 veniam
2518 4939 2630 4980 non
2667 4926 2938 4996 impetrat.
2971 4928 3126 4995 Quod
3157 4931 3204 4987 si
3238 4948 3360 4990 mu-

1782 5005 1883 5060 lier
1930 5008 2136 5063 reversi
2206 5010 2397 5067 militis
2452 5014 2875 5072 contubernium
2929 5021 3200 5091 repudiet,
3256 5038 3356 5078 nec

1781 5094 1941 5149 alteri
1990 5098 2221 5163 marito,
2282 5100 2409 5155 licet
2457 5102 2512 5155 id
2562 5114 2818 5175 expetat,
2868 5110 3184 5165 cohabitare
3228 5127 3352 5181 per—

1786 5187 2052 5244 mittetur.
2109 5188 2245 5244 Nam
2297 5191 2343 5246 si
2392 5193 2624 5249 voluerit
2670 5199 2900 5254 omnino
2948 5210 3070 5271 post
3121 5204 3353 5257 reditum

1783 5278 2013 5345 militis,
2066 5280 2192 5335 licet
2241 5296 2361 5337 eam
2408 5299 2517 5340 non
2578 5287 2873 5356 admittat,
2942 5294 3119 5348 adhuc
3170 5305 3351 5353 tamen

1783 5368 2101 5426 cohabitare
2132 5374 2375 5428 secundo
2418 5376 2649 5443 marito,
2684 5387 2935 5449 tanquam
2966 5382 3208 5439 adultera
3252 5400 3354 5455 pu.

1783 5459 1988 5524 nietur,
2044 5472 2096 5515 et
2150 5463 2557 5521 matrimonium
2607 5469 2789 5522 statim
2854 5469 3159 5528 dirimatur.
3214 5474 3345 5534 Nam

1376 5653 1460 5708 VA
1472 5654 1606 5709 Rl/E
1658 5656 2059 5721 LECTIONES.

146 5734 197 5768 ”
233 5736 366 5790 κατ’
397 5736 590 5791 αὐτόν.
670 5734 677 5739 ’
