3990 6594
542 418 691 482 71203

1850 420 1881 481 Ι
1889 420 1984 481 US
2012 417 2451 481 CANONICUM

3673 421 3805 488 1264

544 533 670 589 illas
738 529 1034 601 impetrare
1102 527 1317 584 veniam
1388 526 1613 584 tradunt
1688 526 1920 596 Patres,
1998 546 2120 603 quae

2230 546 2339 603 μης
2372 525 2657 594 ἀξιοῦσθαι
2682 543 2849 596 φασιν
2876 526 2922 580 oi
2951 526 3218 598 Πατέρες,
3277 529 3378 596 τὰς
3431 530 3669 604 ἑτοίμως
3703 536 3809 604 ἀφ.

547 628 794 693 prompte
846 617 1091 675 secundo
1157 633 1188 672 a
1256 618 1608 675 matrimonio
1684 620 1994 685 discedunt,
2069 633 2121 678 et

542 720 829 784 peccatum
860 727 927 767 ex
960 710 1270 782 ignorantia
1304 710 1608 782 profectum
1645 726 1751 766 non
1770 713 2076 783 approbant
2103 728 2117 767 :

545 820 654 861 non
684 819 805 876 qua:
844 810 1170 875 repugnant,
1218 811 1275 859 et
1323 802 1571 859 adulterii
1621 806 1904 874 proposito
1950 806 2122 860 inhae-

542 905 689 956 rent.
724 897 782 953 Si
812 898 969 953 miles
1016 897 1072 952 in
1103 894 1452 967 expeditione
1492 897 1654 968 degat
1687 897 1827 969 (i7),
1868 898 1970 954 hoc
2012 906 2117 964 est,

544 992 600 1048 in
632 992 749 1048 utili
776 990 995 1063 publice
1023 998 1313 1061 apparatu,
1347 997 1701 1061 quotcunque
1747 989 1960 1045 tandem
1989 990 2119 1045 anni

542 1084 781 1147 fuerint,
832 1095 972 1136 uxor
1023 1080 1142 1151 ejus
1187 1080 1462 1137 hominem
1515 1087 1797 1151 exspectet
1829 1120 1845 1144 ,
1896 1081 2119 1137 tametsi

543 1176 720 1231 nullas
768 1174 836 1229 ab
877 1188 943 1229 eo
980 1174 1193 1229 litteras
1227 1173 1522 1244 acceperit.
1560 1170 1714 1238 Quod
1741 1172 1787 1227 si
1815 1171 1981 1226 etiam
2021 1173 2117 1228 de-

542 1268 794 1321 functum
834 1266 1050 1330 audiat,
1081 1281 1150 1320 ne
1188 1264 1261 1319 ita
1292 1263 1512 1335 quidem
1561 1265 1744 1321 statim
1793 1265 1983 1319 nnbat.
2021 1265 2116 1320 Sin

544 1371 742 1430 praeter
771 1368 1035 1414 statutum
1072 1358 1174 1412 hoc
1208 1359 1478 1428 nupserit,
1517 1368 1626 1412 tam
1660 1358 1798 1428 ipsa,
1827 1372 1990 1428 quam
2020 1357 2115 1428 qui

539 1468 658 1505 eam
706 1451 886 1517 duxit,
929 1463 1189 1519 tanquam
1237 1449 1468 1503 adulleri
1502 1450 1823 1519 puniuntur.
1868 1447 2024 1516 Quod
2068 1448 2114 1503 si

540 1542 830 1611 probatum
883 1537 1067 1602 fuerit,
1098 1554 1193 1594 eos
1247 1540 1339 1610 qni
1390 1538 1458 1594 de
1506 1551 1677 1594 morte
1736 1538 2113 1609 deposuerint,

542 1634 821 1700 mentitos,
847 1641 1298 1689 exauctorantur.
1322 1630 1387 1685 Et
1419 1631 1512 1703 qui
1549 1646 1802 1687 reversus
1825 1638 1904 1685 est
1937 1631 2113 1697 miles,

540 1722 817 1776 licentiam
857 1719 1020 1775 habet
1051 1735 1304 1786 uxorem,
1340 1720 1385 1774 si
1431 1720 1579 1787 velit,
1603 1735 1758 1774 suam
1795 1720 2113 1790 recipiendi.

542 1815 615 1869 De
643 1813 873 1882 captivis
913 1821 1096 1868 autem
1144 1810 1360 1869 novella
1399 1811 1621 1879 Leonis,
1652 1812 1977 1883 cognomine
2010 1810 2116 1868 Sa-

543 1906 741 1970 pientis
800 1903 941 1977 (tB),
1002 1903 1225 1970 sancit;
1305 1903 1714 1958 matrimonium
1804 1920 1869 1958 ex
1949 1887 2191 1977 causaB

541 1996 873 2067 raptivitatis
929 2013 1038 2051 non
1086 1996 1272 2051 solvi:
1316 2012 1413 2051 nec
1464 1997 1516 2051 ei
1572 1996 1738 2066 parti,
1775 2012 1895 2067 quae
1946 1997 2117 2052 libera

532 2089 827 2155 manserit,
888 2089 1090 2155 licere;
1154 2095 1213 2141 ut
1277 2087 1510 2143 alterum
1562 2087 1633 2141 ad
1704 2088 2117 2144 matrimonium

543 2178 817 2245 tespiciat.
842 2178 997 2244 Quod
1029 2176 1075 2230 si
1098 2175 1269 2231 etiam
1298 2176 1391 2231 alii
1438 2192 1498 2232 se
1529 2175 1899 2246 conjunxerit,
1946 2177 2118 2234 licen-

541 2273 672 2324 tiam
738 2270 939 2325 habere
998 2277 1205 2338 partem
1271 2282 1416 2334 eam,
1459 2284 1577 2338 quae
1632 2284 1852 2326 reversa
1912 2270 1986 2326 sit
2051 2285 2118 2327 ex

538 2359 878 2429 captivitate,
910 2358 1216 2413 membrum
1262 2372 1423 2412 suum
1472 2356 1785 2427 revocandi,
1815 2366 1870 2415 et
1919 2373 2119 2416 secun-

538 2453 669 2504 dum
703 2449 1109 2502 matrimonium
1141 2448 1451 2505 dirimendi.

544 2561 696 2624 Quod
727 2559 1014 2630 presbyter,
1037 2562 1123 2629 qui
1142 2560 1339 2628 nuptiis
1366 2560 1626 2616 benedixit
1653 2562 1879 2617 alterum
1901 2571 2118 2618 contra-

595 2634 765 2685 hentis
797 2630 1219 2694 matrimonium,
1241 2646 1356 2684 cum
1372 2646 1431 2687 eo
1455 2634 1722 2687 convivari
1739 2650 1841 2688 non
1865 2632 2071 2688 debeat.

616 2721 800 2775 Canon
865 2718 1086 2774 concilii
1150 2716 1616 2775 Neocaesariensis
1686 2722 1951 2792 septimus
2008 2736 2117 2778 non

544 2820 698 2881 pn.at
733 2811 930 2865 debere
961 2811 1337 2879 presbyterum
1367 2812 1597 2880 nuptiali
1637 2812 1939 2867 secundum
1982 2829 2117 2869 eon-

540 2905 816 2959 trahentis
856 2903 1271 2957 matrimonium
1317 2905 1567 2962 conviv'ro
1623 2905 1909 2962 interesse.
1946 2905 2117 2973 Quem

544 2998 690 3054 enim
738 2994 1133 3068 objurgaturus
1184 3002 1289 3060 est,
1320 3004 1376 3050 et
1424 2994 1491 3050 ad
1524 2996 1655 3052 anni
1680 2997 1917 3067 spatium
1962 3013 2119 3053 sacra

544 3089 873 3143 exclusurus
960 3086 1347 3157 perceptione,
1411 3100 1538 3140 cum
1594 3102 1660 3142 eo
1716 3088 1942 3158 quinam
2004 3086 2121 3143 ﬁeri

540 3190 745 3256 potest,
793 3180 1040 3255 ejusdem
1087 3188 1148 3235 ut
1206 3190 1337 3239 tunc
1385 3196 1591 3237 mensa
1644 3182 1716 3237 sit
1762 3196 2017 3249 consors,
2067 3190 2120 3238 et

2227 3183 2320 3237 καὶ
2345 3182 2490 3239 κατὰ
2512 3182 2673 3237 τοῦτο
2706 3183 2889 3238 δοκεῖν
2924 3182 3003 3256 τῷ
3052 3187 3325 3257 γινομένῳ
3384 3189 3801 3259 συμπράττεινς
3902 3212 3905 3213 ν

542 3274 857 3347 opinionem
891 3270 961 3327 de
991 3285 1051 3327 se
1086 3270 1346 3341 praebeat,
1374 3273 1529 3346 quasi
1550 3273 1847 3345 participes
1874 3274 1947 3330 sit
1977 3273 2120 3343 ejus,

543 3367 688 3441 quod
740 3368 966 3438 agitur?
1012 3364 1146 3424 Post
1195 3366 1416 3437 nuptias
1470 3375 1652 3421 tamen
1689 3363 1834 3422 vesci
1883 3381 2009 3425 cum
2057 3381 2124 3423 eo

538 3477 657 3517 non
686 3460 1093 3532 prohibebitur.

545 3575 902 3639 Christianos,
929 3576 1018 3645 qui
1046 3574 1114 3628 ad
1136 3576 1358 3655 nuptias
1386 3584 1532 3640 eunt,
1557 3590 1660 3629 non
1688 3573 1872 3629 debere
1901 3575 2123 3631 ludicris

1139 3654 1363 3709 intentos
1391 3660 1521 3698 esse.

614 3758 803 3816 Canon
884 3758 1202 3816 Laodiceam
1262 3759 1461 3831 synodi
1534 3774 1631 3814 LIII
1714 3760 2008 3831 praecipit,
2065 3770 2124 3814 ut

542 3850 863 3918 Christiani,
916 3851 1012 3921 qui
1070 3859 1203 3906 eunt
1254 3850 1323 3905 ιιι
1368 3851 1590 3921 nuptias
1641 3852 1963 3921 gravitatem
2019 3852 2124 3908 sibi

541 3949 960 4005 convenientem
992 3958 1247 4014 servent,
1278 3957 1333 4004 et
1368 3948 1716 4015 saltantibus,
1748 3959 1846 4005 aut
1879 3950 2123 4006 ludicras

542 4059 631 4099 res
671 4044 987 4114 agentibus,
1013 4041 1258 4097 animum
1294 4057 1402 4097 non
1438 4044 1752 4098 advertant.
1785 4041 1943 4110 Quod
1982 4058 2126 4113 prte-

544 4143 764 4206 ceptum
789 4134 1021 4190 canonis
1048 4134 1215 4204 hujus
1255 4134 1416 4190 modo
1454 4135 1759 4205 neglectum
1780 4135 1945 4205 jacet.

543 4246 621 4302 De
656 4245 945 4319 virginibus
996 4253 1192 4316 prater
1236 4254 1513 4368 ῗανῖῃέιιηι
1550 4263 1768 4302 suorum
1800 4249 2123 4303 voluntatem

1170 4332 1241 4368 nu
1279 4332 1339 4368 en
1368 4333 1386 4368 ι
1426 4332 1505 4368 us.

1170 4332 1505 4370 ηαοεηιιυιιε.

614 4408 805 4472 Canon
840 4407 1030 4464 Basilii
1085 4406 1267 4476 magni
1326 4420 1553 4474 xxxvnt,
1600 4408 1806 4477 puellas
1854 4409 1997 4465 ﬁlias
2039 4410 2119 4465 t‘a-

544 4502 845 4564 miliarum,
873 4516 997 4568 qua:
1040 4506 1241 4568 prater
1271 4498 1605 4555 voluntatem
1638 4510 1856 4570 patrum
1894 4517 2120 4558 suorum

544 4593 770 4647 amasiis
805 4597 979 4645 semet
1015 4590 1071 4643 in
1108 4589 1446 4644 matrimonii
1499 4592 1840 4648 consortium
1881 4593 2122 4650 tradide-

543 4681 679 4746 rint,
709 4690 967 4749 tanquam
1015 4678 1334 4734 meretrices
1369 4678 1549 4748 punit.
1581 4678 1639 4735 Si
1688 4687 1893 4748 tamen,
1920 4681 2121 4753 inquit,

544 4771 885 4828 reconciliati
938 4785 1062 4827 cum
1093 4772 1174 4827 eis
1226 4780 1481 4842 parentes
1526 4769 1746 4839 iuerint,
1795 4781 1849 4829 et
1888 4773 2121 4830 ﬁliarum

544 4880 669 4919 cum
702 4865 910 4920 amasio
933 4872 988 4918 et
1011 4872 1321 4935 stupratore
1354 4879 1456 4921 suo
1489 4864 1880 4921 commercium
1926 4867 2125 4935 proba-

546 4961 746 5021 verint,
800 4956 946 5024 quod
982 4957 1051 5011 ab
1084 4956 1243 5010 initio
1265 4965 1458 5010 contra
1495 4956 1640 5026 leges
1662 4956 1845 5022 ﬁebat,
1866 4958 2124 5029 deinceps

544 5056 830 5119 parentum
856 5060 1129 5101 consensu
1160 5046 1357 5117 corrigi
1381 5056 1435 5101 et
1453 5047 1633 5101 sanari
1659 5046 1891 5101 videtur.
1916 5048 2123 5105 Nihilo-

543 5138 729 5193 minus
773 5136 938 5192 etiam
974 5136 1076 5191 hoc
1135 5136 1300 5192 modo
1339 5147 1561 5207 propter
1614 5137 1911 5192 admissum
1970 5143 2122 5208 prius

542 5228 783 5294 facinus,
816 5227 1009 5283 saltem
1049 5237 1170 5297 post
1220 5228 1540 5293 triennium,
1584 5229 1841 5298 precibus
1890 5229 2123 5286 interve-

546 5321 843 5384 nientibus,
895 5319 1333 5373 communionem
1376 5321 1763 5389 impetrabunt.
1823 5320 2116 5377 Enimvero

456 5418 461 5423 ’
536 5428 677 5471 .tunc
714 5411 979 5483 temporis
1024 5412 1227 5482 nuptiae
1282 5414 1401 5467 solo
1456 5428 1730 5469 consensu
1760 5415 2000 5469 coibant.
2052 5418 2119 5468 At

2231 620 2525 691 ισταμένας
2579 619 2673 672 τοῦ
2728 618 2983 689 δευτέρου
3035 620 3397 688 συνοικεσίου,
3448 624 3546 677 καὶ
3604 625 3689 698 τῷ
3752 627 3809 693 ἐξ

2229 711 2455 780 ἀγνοίας
2491 711 2566 783 μὴ
2611 710 3005 782 συντιθεμένας
3051 711 3436 784 ἁμαρτήματι,
3474 717 3538 769 οὐ
3571 716 3685 789 μὴν
3711 718 3806 783 τὰς

2224 803 2647 871 ἀνθισταμένας,
2667 801 2760 855 καὶ
2779 801 2877 872 τὴν
2903 803 3148 874 μοιχείαν
3173 806 3642 876 προαιρουμένας.
3694 808 3810 862 Εὰν

2226 896 2565 969 στρατιώτης
2595 898 2654 951 ἐν
2721 896 2983 968 ὲξπεδίτῳ
3027 897 3211 970 διάγῃ,
3258 897 3428 967 ἧγουν
3456 899 3515 952 ὲν
3542 898 3807 969 δημωφε-

2222 989 2306 1042 λεῖ
2345 987 2858 1058 κατασκευάσματι,
2875 989 3052 1065 ,ὅσους
3076 990 3278 1061 δήποτε
3309 994 3619 1058 ἐνιαυτοὺς,
3642 1011 3806 1065 περι-

2225 1081 2434 1152 μενέτω
2458 1080 2648 1133 τοῦτον
2678 1080 2711 1147 ἡ
2736 1063 2902 1135 abso?)
2925 1079 3161 1153 γαμετὴ,
3187 1082 3294 1136 κᾶν
3319 1085 3369 1137 εί
3393 1082 3471 1156 μὴ
3495 1063 3803 1157 γράμματα

2221 1169 2440 1235 ἐδέξατο
2466 1169 2596 1242 παρ’
2617 1170 2805 1224 αὑτοῦ.
2839 1171 2901 1224 Ei
2937 1171 2994 1224 δὲ
3014 1171 3109 1224 καὶ
3132 1170 3533 1245 τελευτήσαντα
3555 1176 3804 1240 πύθοιτο,

2225 1260 2350 1333 μηδ’
2369 1260 2542 1325 οὕτως
2593 1260 2798 1325 εὐθέως
2823 1261 3129 1333 γαμείσθω.
3159 1263 3223 1316 Εί
3252 1254 3311 1317 δὲ
3351 1266 3504 1336 παρά
3522 1267 3617 1320 τὸν
3637 1284 3807 1340 προσ-

2220 1350 2501 1421 διορισμὸν
2531 1348 2809 1420 γαμηθείη
2846 1348 3058 1416 τοῦτον,
3110 1349 3206 1403 καὶ
3238 1349 3403 1427 αὐτῇ,
3441 1353 3537 1407 καὶ
3570 1353 3601 1407 ὁ
3623 1352 3807 1409 λαὸὼν

2222 1442 2411 1514 αὐτὴν,
2436 1441 2512 1506 ὡς
2539 1441 2721 1512 μοιχοὶ
2742 1441 3136 1514 τιμωροῦνται.
3167 1442 3227 1495 Et
3259 1442 3317 1497 δὲ
3354 1444 3404 1497 οἱ
3437 1446 3805 1518 καταθέμενοι

2222 1532 2594 1604 ἀποδειχθεῖεν
2624 1532 2985 1602 ψευσάμενοι,
3016 1533 3535 1607 ἀποστρατεύονται.
3561 1538 3671 1591 Καὶ
3692 1538 3806 1609 ἔχει

2221 1623 2407 1678 ἄδειαν
2434 1625 2463 1678 ὁ
2493 1622 2813 1679 ἐπανελθὼν
2860 1624 3225 1695 στρατιώτης,
3248 1626 3349 1699 τὴν
3410 1628 3546 1683 ἰδίαν
3591 1628 3802 1698 λαϐεῖν,

2221 1719 2271 1772 εί
2302 1718 2568 1789 βούλοιτο,
2610 1717 2883 1788 γαμετήν.
2914 1717 3054 1788 Περὶ
3079 1718 3143 1772 δὲ
3171 1718 3534 1790 αἰχμαλώτων
3567 1722 3603 1795 ἡ
3632 1724 3805 1794 νεαρὰ

2221 1810 2453 1873 Λέοντος
2478 1807 2572 1863 τοῦ
2598 1807 2794 1878 Σοφοῦ,
2831 1807 2910 1879 μὴ
2934 1807 3159 1863 λύεσθαι
3187 1808 3485 1881 διορίζεται
3523 1812 3798 1885 προφάσει

2219 1900 2323 1970 τῆς
2354 1899 2731 1971 αἰχμαλωσίας
2765 1899 2966 1971 γάμον,
3005 1900 3142 1973 μηδὲ
3177 1900 3255 1973 τῷ
3294 1902 3567 1976 ἐλευθέρῳ
3609 1921 3808 1978 συντη-

2221 1992 2446 2065 ρηθέντι
2481 1995 2638 2066 μέρει
2674 1993 2880 2062 ἐξεῖναι
2908 1993 3049 2066 πρὸς
3079 1994 3270 2067 ἕτερον
3312 1995 3529 2051 ἀπιδεῖν
3559 1997 3806 2052 συνοικέ-

2220 2100 2354 2138 σιον.
2384 2082 2448 2136 Et
2470 2083 2529 2137 δὲ
2557 2085 2651 2139 καὶ
2684 2084 2980 2158 συναφθείη
3004 2085 3197 2158 ἑτέρῳ,
3217 2086 3404 2143 ἄδειαν
3433 2089 3550 2160 ἔχει
3575 2090 3636 2143 τδ
3659 2091 3805 2144 Om-

2220 2173 2459 2245 στρέψαν
2499 2176 2664 2249 μέρος
2701 2178 2768 2233 ὲκ
2791 2176 2890 2249 τῆς
2917 2177 3321 2250 αίχμαλωσίας,
3357 2178 3419 2233 τὸ
3437 2182 3640 2235 οἰκεῖον
3659 2183 3803 2237 ἀνα-

2219 2267 2499 2323 καλεῖσθαι
2561 2270 2742 2340 μέὶος,
2804 2270 2899 2324 καὶ
2954 2269 3047 2325 τὸν
3119 2268 3378 2341 δεύτερον
3447 2273 3630 2342 γάμον
3685 2273 3806 2328 δια-

2223 2376 2391 2431 σπᾳν.

2221 2563 2343 2617 Ὅτι
2373 2565 2446 2617 οὐ
2508 2561 2603 2616 δεῖ
2650 2562 2732 2628 τῷ
2784 2563 3139 2633 διγαμοῦντι
3183 2565 3627 2625 συνεστιᾶσθαι
3686 2567 3799 2625 τὸν

2530 2632 3007 2703 ίερολογήσαντα
3035 2638 3469 2706 πρεσϐύτερον.

2302 2726 2361 2781 ’0
2385 2725 2611 2796 ἕϐδομος
2672 2725 2772 2797 τῆς
2826 2724 2884 2779 ὲν
2913 2726 3318 2802 Νεοκαισαρείᾳ
3343 2730 3567 2786 συνόδου
3599 2730 3796 2797 κανών,

2220 2817 2595 2889 πρεσδύτερον
2661 2817 2722 2871 ὲν
2779 2816 2857 2887 τῷ
2912 2818 3077 2890 γάμῳ
3126 2818 3223 2874 τοῦ
3267 2820 3802 2894 δευτερογαμοῦντος

2221 2907 2507 2963 ἔσθιᾶσθαι
2541 2908 2588 2941 ⁸ο
2618 2907 2719 2962 οὐκ
2740 2907 2916 2963 οἴεται
2942 2909 3074 2966 δεῖν.
3108 2912 3205 2966 Ὃν
3225 2912 3335 2982 γὰρ
3366 2914 3638 2986 ἐπιτιμᾷν
3670 2917 3801 2986 μὲλ-
3918 2960 3925 2968 .

2219 2999 2324 3066 λει,
2360 3000 2456 3055 καὶ
2492 3001 2580 3054 ἐπ’
2611 2999 2862 3055 ἐνιαυτὸν
2885 3002 2986 3072 τῆς
3013 3000 3165 3068 θείας
3186 3002 3396 3074 εἴργειν
3419 3005 3800 3078 μεταλήψεως,

2223 3092 2340 3156 πῶς
2367 3085 2481 3147 οἷόν
2508 3108 2568 3145 τε
2598 3093 2877 3148 κοινωνεῖν
2928 3092 3103 3164 τούτῳ
3148 3094 3429 3166 τραπέζης
3474 3098 3801 3169 τηνικαῦτα,

2223 3274 2382 3330 Μετὰ
2405 3274 2592 3346 μέντοι
2620 3274 2714 3330 τὸν
2742 3274 2942 3347 γάμον,
2990 3275 3139 3349 αὐτῷ
3187 3278 3494 3333 συνεσθίειν
3533 3282 3598 3335 οὐ
3628 3282 3805 3336 κωλυ-

2224 3367 2472 3439 θήσεται.

2225 3573 2354 3627 Ὅτι
2382 3573 2525 3642 τοὺς
2543 3575 2631 3640 εις
2661 3573 2857 3644 νόμον
2881 3576 3171 3643 ἀπιόντας
3192 3576 3591 3646 Χριστιανοὺς
3620 3579 3694 3633 οὐ
3714 3575 3811 3631 δεῖ

2651 3646 2950 3716 παιγνίοις
2991 3646 3342 3717 προσέχειν.

2311 3758 2369 3813 '0
2400 3760 2768 3829 πεντηκοστὸς
2813 3760 2996 3831 τρίτος
3043 3761 3143 3829 τῆς
3188 3759 3246 3812 ὲν
3269 3759 3562 3831 Λαοδικείᾳ
3594 3758 3804 3813 κελεύει

2226 3849 2438 3918 κανὼν,
2459 3852 2590 3914 τοὺς
2633 3854 2716 3917 είς
2766 3854 2946 3924 γάμον
2986 3853 3254 3915 ἀπιόντας
3282 3852 3650 3922 Χριστιανοὺς
3698 3855 3798 3923 τῆς

2226 3943 2616 4014 προσηκούσης
2643 3944 2831 4008 αὐτοῖς
2874 3943 3278 3997 ἀντιποιεῖσθαι
3327 3943 3680 4013 σεμνάιητος,
3706 3944 3803 3996 καὶ

2227 4031 2303 4103 μὴ
2332 4034 2448 4096 τοῖς
2464 4033 2820 4105 ὀρχουμένοις
2844 4034 2878 4106 ἢ
2916 4034 3174 4099 παίζουσι
3204 4034 3504 4106 προσέχειν
3528 4034 3624 4091 τὸν
3654 4033 3800 4089 νοῦν.

2236 4120 2539 4193 Ἢμέληται
2585 4123 2644 4177 δὲ
2675 4123 2841 4179 τανῦν
2863 4125 2932 4178 τὰ
2965 4125 3191 4188 κανόνος
3209 4124 3426 4178 τούτου.

2224 4231 2365 4301 Περὶ
2399 4232 2521 4286 τῶν
2551 4235 2945 4320 γαμουμένων
2970 4235 3287 4320 σξαρᾷένων
3313 4235 3625 4320 γυναικῶν
3645 4237 3804 4307 παρὰ

2525 4306 2771 4380 γνώμην
2796 4306 2916 4360 τῶν
2963 4308 3207 4359 οἰκείων
3237 4306 3485 4376 γονέων.

2303 4417 2365 4472 ’0
2404 4418 2728 4490 τριακοστὸς
2774 4418 2958 4487 δγδοος
2991 4417 3084 4473 τοῦ
3135 4419 3372 4489 μεγάλου
3400 4419 3687 4474 Βασιλείου
3708 4437 3807 4473 κα-

2226 4509 2333 4564 νὼν
2364 4510 2464 4576 τὰς
2519 4509 2851 4578 ὑπεξουσίας
2888 4510 3080 4582 κόρας,
3116 4511 3173 4564 αἶ
3235 4511 3389 4583 παρὰ
3436 4511 3669 4583 γνώμην
3695 4512 3806 4566 τῶν

2230 4601 2376 4657 ίδίων
2408 4602 2665 4674 πατέρων
2692 4604 2809 4666 τοῖς
2837 4603 3097 4673 ἐρασταῖς
3146 4602 3229 4666 είς
3285 4603 3470 4673 γάμου
3521 4604 3808 4657 κοινωνίαν

2227 4692 2596 4748 ἑκδεδώκασιν
2653 4690 2876 4759 ἑαυτὰς,
2916 4692 2995 4757 ὡς
3045 4692 3253 4766 πόρνας
3311 4693 3693 4759 καταδικάζει.
3739 4694 3804 4747 Ri

2231 4786 2438 4854 μέντοι,
2487 4784 2644 4857 φησὶ,
2711 4784 3051 4852 διαλλαγεῖεν
3098 4785 3294 4849 αὐταῖς
3351 4786 3403 4839 οί
3454 4789 3655 4854 γονεῖς,
3706 4786 3803 4838 καὶ

2232 4876 2371 4946 μετὰ
2396 4877 2440 4911 ³³
2470 4877 2571 4949 τὴν
2595 4875 2689 4930 τοῦ
2722 4876 2955 4950 ἐραστοῦ
2982 4875 3077 4930 καὶ
3126 4876 3372 4948 φθορέως
3408 4877 3593 4931 αὐτῶν
3628 4877 3803 4933 συνοί-

2229 4982 2391 5036 κησιν
2418 4966 2832 5032 καταδέξαιντσ,
2868 4967 2930 5021 τὸ
2956 4967 3015 5033 ἐξ
3038 4967 3217 5038 ἀρχῆς
3240 4968 3574 5038 παράνομον
3598 4970 3663 5038 τῇ
3692 4965 3799 5019 τῶν

2229 5057 2430 5125 γονέων
2456 5056 2683 5128 ὕστερον
2704 5059 3009 5113 συναινέσει
3036 5059 3185 5113 δοκεῖ
3206 5059 3481 5131 θεραπεύε
3491 5059 3635 5115 σθαι.
3659 5059 3800 5129 Πλὴν

2230 5150 2324 5202 καὶ
2362 5149 2505 5203 οὕτω
2558 5167 2620 5219 γε
2680 5150 2769 5204 διὰ
2820 5151 2920 5223 τὴν
2962 5152 3240 5225 προτέραν
3289 5151 3643 5224 παρανομίαν
3668 5152 3801 5224 μετὰ

2230 5241 2358 5311 τρία
2402 5241 2496 5312 ἐτη
2549 5243 2648 5312 τῆς
2698 5243 2985 5308 κοινωνίας
3054 5242 3333 5310 αίτοῦντες
3386 5244 3798 5313 ἁξιωθήσονται,

2246 5331 2407 5385 Ἀλλὰ
2446 5335 2568 5384 τότε
2625 5333 2723 5403 μὲν
2773 5336 3081 5389 συναινέσει
3123 5337 3259 5408 μόνῃ
3313 5337 3550 5407 ὁγὰμος
3596 5336 3799 5389 ῖστατο.

2240 5421 2357 5491 Ἐφ’
2387 5424 2547 5494 ἡμῶν
2603 5425 2660 5478 δὲ
2708 5426 2808 5480 οὐκ
2867 5427 2935 5481 ἂν
2985 5428 3214 5499 συσταίη
3262 5428 3436 5502 χωρὶς
3484 5425 3800 5501 ῖερολογὶσις-

1838 5554 2067 5609 V'AlilrE
2107 5555 2509 5614 LECTIONES.

616 5639 668 5678 ”
685 5639 987 5698 ἑστιᾶσθαι.
1099 5642 1141 5673 ³⁸
1178 5644 1271 5695 καὶ
1294 5642 1390 5713 τὴν
1424 5642 1558 5711 μετὰ
1578 5643 1691 5696 τοῦ.

610 5849 731 5922 ,(17)
760 5849 982 5907 Novella
1020 5852 1139 5919 117,
1178 5868 1299 5924 cap.
1336 5853 1421 5907 ii.

2097 5762 2326 5818 NOTAS.
3706 5774 3735 5799 κ

2297 5861 2405 5929 (l8)
2430 5858 2649 5915 Novella
2675 5861 2762 5916 55.
