3882 6626
465 523 483 584 ι
498 518 598 581 Ξιῑτ

1752 522 1891 586 JUS
1925 522 2371 588 CANONICUM

3578 516 3705 585 1263

459 644 625 687 tiatur
657 633 723 697 is,
759 631 852 701 qui
898 626 1115 702 propria
1145 646 1340 688 sanare
1378 632 1605 689 vulnera
1631 633 1832 699 debet,
1866 648 2029 704 neque

2141 652 2248 689 των
2282 637 2342 689 οὐ
2376 635 2598 706 μέτεστι
2626 634 2715 688 διὰ
2742 634 2804 687 τὸ
2830 634 3112 703 ἀνόμημα,
3139 633 3187 685 εί
3219 632 3313 687 καὶ
3336 631 3477 686 κατά
3493 632 3707 699 ἄγνοιαν

458 726 735 798 privatim,
802 738 979 794 neque
1004 724 1224 795 publice
1265 725 1563 783 convenire
1606 726 1758 782 dicit.
1813 729 1882 781 At
1939 727 2033 798 qui

455 825 676 889 propter
711 815 1011 874 admissum
1037 815 1496 889 facinusipsemet
1524 819 1718 876 horum
1747 821 2024 891 particeps

454 923 578 967 esse
644 908 853 981 nequit,
922 909 1049 964 licet
1105 925 1200 980 per
1279 911 1644 983 ignorantiam
1692 912 1894 968 factum
1940 915 2031 978 sit,

457 1017 696 1072 quonam
772 999 938 1057 modo
998 1004 1410 1060 communicare
1459 1020 1584 1060 cum
1644 1005 1751 1060 alio
1816 1004 2038 1076 possit?

455 1092 611 1158 Quod
674 1106 806 1148 sane
858 1093 905 1149 si
975 1108 1161 1148 verum
1215 1105 1320 1161 est,
1378 1096 1550 1151 multo
1604 1096 1788 1151 minus
1834 1111 2034 1166 corpus

457 1184 677 1241 Detnini
735 1184 1053 1243 distribttet.
1109 1184 1255 1243 Satis
1310 1189 1455 1242 enim
1507 1203 1703 1258 magna
1764 1188 1879 1243 haec
1931 1188 2032 1256 ipsi

451 1276 608 1331 venia
652 1284 735 1333 est
774 1285 998 1347 propter
1032 1277 1435 1347 ignorantiam,
1467 1280 1614 1351 quod
1658 1296 1765 1335 non
1807 1280 2033 1350 punitus

452 1369 547 1433 sit,
581 1368 691 1423 imo
716 1368 878 1423 etiam
915 1368 1192 1424 cathedrae
1232 1370 1305 1427 sit
1345 1372 1525 1427 adhuc
1555 1372 1847 1442 particeps.
1875 1371 2030 1426 llune

451 1466 631 1511 autem
689 1473 956 1513 canonetn
1020 1459 1226 1530 optime
1290 1460 1706 1531 pronuntiatum
1779 1460 2031 1514 arbitrati

451 1548 627 1601 sant-ti
652 1544 849 1602 Patres
877 1549 1073 1619 synodi
1104 1559 1288 1613 sextze,
1322 1550 1647 1620 vigesimum
1678 1557 1893 1605 sextum
1927 1548 2030 1603 sibi

450 1635 719 1703 fecerunt,
764 1638 1019 1709 ipsistnet
1050 1640 1170 1707 ejus
1213 1642 1397 1697 verbis
1453 1643 1562 1707 usi,
1595 1642 1700 1697 hoc
1747 1642 2028 1708 duntaxat,

450 1727 685 1797 adjecto,
754 1730 898 1799 quod
957 1730 1226 1786 incestum
1289 1732 1560 1803 ejusmodi
1620 1734 2029 1790 matrimonium

451 1820 594 1875 baud
619 1821 785 1877 dubie
817 1822 1184 1878 dirimendum
1210 1826 1302 1889 sit,
1340 1841 1439 1880 nec
1489 1825 1936 1896 permittendum,
1970 1832 2031 1879 ut

452 1910 564 1965 ullo
597 1912 758 1968 modo
808 1912 894 1967 vir
910 1928 975 1969 ea
1017 1912 1254 1976 fruatur.
1292 1924 1520 1986 propter
1543 1931 1707 1985 quam
1742 1914 2024 1972 iunctione

2134 730 2346 799 γέγονε,
2376 728 2489 792 πῶς
2527 723 2681 790 οὗτος
2733 726 2908 797 ἑτέρῳ
2958 722 3213 796 δυνηθείη
3258 721 3621 794 μεταδοῦναις
3651 722 3706 777 El

2134 821 2189 874 δὲ
2214 819 2391 883 τοῦτο,
2423 820 2583 891 σχολῇ
2616 820 2667 888 γ’
2692 818 2758 872 ἂν
2779 817 2841 872 τὺ
2878 816 3041 887 σῶμα
3078 814 3173 869 τοῦ
3202 815 3407 886 Κυρίου
3447 814 3707 884 διανεμεῖ.

2146 910 2472 982 Ἀποχρῶσα
2519 911 2628 981 γὰρ
2660 908 2812 980 αύτῷ
2871 907 3173 979 συγγνώμη
3205 907 3295 961 διὰ
3330 907 3431 978 τὴν
3460 907 3703 975 ἄγνοιαν,

2135 1001 2198 1055 τὸ
2232 1001 2308 1072 μὴ
2339 1000 2739 1071 ἐπιτιμηθῆναι
2778 999 2917 1054 ἀλλά
2947 1001 3045 1052 καὶ
3097 1002 3199 1069 τῆς
3233 997 3512 1069 καθέδρας
3551 995 3708 1051 είσέτι

2137 1094 2413 1166 μετέχειν.
2440 1094 2544 1146 Τὸν
2584 1094 2640 1147 δὲ
2676 1093 2883 1147 κανόνα
2920 1091 3113 1145 τοῦτον
3148 1091 3208 1145 ἐν
3252 1090 3422 1143 καλοῦ
3452 1089 3620 1161 μοίρᾳ
3646 1089 3705 1161 τῇ

2135 1183 2327 1256 πρώτῃ
2356 1184 2615 1255 λεχθῆναι
2644 1182 2965 1253 νομίσαντες
3007 1182 3058 1235 οἱ
3090 1182 3187 1252 τῆς
3236 1178 3297 1245 ς’
3322 1179 3547 1234 συνόδου
3589 1178 3706 1233 θεῖοι

2141 1275 2386 1346 Πατέρες
2440 1274 2689 1328 εἰκοστὸν
2727 1274 2886 1327 ἓκτον
2928 1274 3140 1337 ἑαυτοῖς
3171 1271 3568 1341 πεποιήκασιν,
3619 1269 3707 1322 a6-

2132 1371 2254 1431 ταῖς
2275 1369 2395 1431 ταῖς
2412 1366 2576 1421 αὑτοῦ
2595 1369 2935 1437 χρησάμενοι
2952 1364 3156 1428 λέξεσι,
3178 1362 3516 1433 προσθέντες
3538 1357 3705 1431 μόνον,

2135 1460 2213 1524 ὡς
2265 1460 2293 1513 ό
2349 1457 2593 1521 τοιοῦτος
2649 1458 2887 1527 ἅθεσμος
2923 1454 3103 1526 γάμος
3132 1453 3421 1524 προδήλως
3462 1448 3707 1520 διαλυθή-

2138 1568 2314 1617 σεται,
2361 1552 2457 1605 καὶ
2507 1550 2764 1621 οὐδαμῶς
2802 1548 2831 1599 ὁ
2869 1548 3010 1619 ἀνὴρ
3060 1544 3357 1617 μετουσίαν
3415 1543 3534 1609 ἕξει
3584 1541 3709 1612 πρὸς

2132 1644 2254 1715 τὴν,
2287 1642 2442 1713 δι’ἥν
2467 1642 2747 1712 τῆς-ἱερᾶς
2787 1640 3069 1710 ἐνεργείας
3119 1636 3411 1705 ἐστέρηται
3439 1650 3454 1665 ·
3519 1635 3568 1686 εί
3610 1633 3709 1703 γὰρ

2090 1769 2098 1778 -
2137 1735 2212 1807 μὴ
2254 1733 2616 1803 διασπασθείη
2651 1732 2714 1786 τὸ
2751 1731 2990 1802 ἄθεσμον
3043 1729 3400 1790 συνοικέσιον,
3453 1724 3581 1778 οὔτε
3618 1722 3711 1793 τήν

2134 1826 2407 1897 καθέδραν
2430 1823 2562 1890 ἕξει,
2593 1823 2730 1877 ἀλλὰ
2751 1824 2845 1876 καὶ
2867 1823 2964 1891 τῆς
2986 1820 3316 1890 Ἐκκλησίας
3345 1815 3709 1886 ἐξωσθήτεται

2138 1916 2279 1986 μετά
2317 1915 2419 1985 τῆς
2472 1913 2804 1984 παρανόμως
2865 1909 3014 1982 αὐτῷ
3058 1908 3423 1981 μιγνυμένης,
3484 1919 3580 1958 και
3627 1901 3708 1956 διὰ

450 2017 607 2058 sacra
649 2004 895 2074 privatus
934 2005 1025 2060 sit.
1070 2005 1280 2076 Quippe
1335 2007 1381 2062 si
1415 2009 1826 2062 matrimonium
1869 2009 2024 2064 ince-

2139 2006 2234 2076 τῆς
2261 2005 2368 2059 τῶν
2402 2005 2682 2076 ἀρχόντων
2720 2002 2973 2069 ἐξουσίας
3017 2001 3045 2054 ὁ
3076 2000 3255 2070 γάμος
3309 1996 3705 2066 διαλυθήσεται.

449 2103 594 2151 stum
619 2111 730 2150 non
763 2098 926 2153 fuerit
954 2098 1303 2167 diremptum,
1325 2114 1501 2169 neque
1522 2099 1839 2156 cathedram
1856 2100 2026 2156 habe-

451 2183 555 2252 bit,
611 2191 777 2255 atque
821 2188 988 2241 etiam
1024 2188 1328 2257 expelletur
1375 2205 1441 2242 ex
1496 2189 1728 2244 ecclesia
1780 2204 1907 2245 cum
1964 2205 2027 2244 ea

2152 2096 2212 2150 '0
2236 2097 2345 2167 γὰρ
2368 2096 2509 2166 μετά
2538 2094 2638 2168 τὴν
2668 2095 2970 2164 ἐπίγνωσιν
3026 2092 3307 2163 ἐπιμένων
3336 2092 3403 2160 τῇ
3450 2084 3706 2157 ἁμαρτίᾳ,

2136 2188 2212 2252 ὡς
2235 2189 2572 2259 αίμομίκτης
2610 2187 2851 2259 ἀτεχνῶς
2881 2185 3354 2257 τιμωρηθήσεται.

448 2294 683 2349 quacum
737 2278 943 2334 nefarie
977 2280 1309 2340 concubuit:
1342 2289 1397 2337 et
1447 2282 1776 2338 auctoritate
1839 2282 2261 2354 magistratuum
2296 2282 2500 2352 nuptiae
2551 2280 2853 2337 solventur.
2919 2279 3055 2334 Nam
3123 2276 3217 2349 qui
3303 2284 3430 2347 post
3494 2271 3705 2342 agnitio-

446 2387 572 2429 nem
605 2374 660 2430 in
697 2382 920 2446 peccato
952 2382 1283 2443 perseverat,
1323 2374 1467 2430 haud
1530 2375 1698 2432 dubie
1748 2383 2008 2449 tanquam
2050 2377 2274 2450 proprio
2297 2376 2551 2447 sanguini
2584 2390 2644 2432 se
2681 2376 2921 2431 miscens
2945 2374 3219 2444 punietur.

593 2488 703 2545 ‘De
737 2488 890 2544 laici:
920 2490 1143 2545 incestas
1170 2489 1851 2562 contrahentibusuuptias.

519 2605 761 2679 Epistula
813 2606 1000 2666 Basilii
1036 2611 1216 2681 magni
1272 2610 1342 2666 ad
1371 2610 1667 2667 Diodorum
1696 2612 2029 2671 Tarsensem

445 2702 787 2772 episcopum,
803 2700 953 2755 omni
968 2701 1234 2771 sapientia
1256 2703 1410 2771 plena
1432 2711 1539 2763 est.
1561 2713 1615 2758 et
1637 2706 1887 2759 susoaria
1909 2718 2035 2761 ora-

449 2801 632 2846 torum
667 2800 785 2846 arte
832 2802 1051 2846 ornata.
1115 2790 1339 2847 Tractat
1396 2801 1577 2847 autem
1616 2808 1703 2855 ea,
1766 2810 1886 2864 quae
1931 2810 2030 2866 per

448 2881 544 2937 Dei
578 2881 807 2951 gratiam
834 2881 1102 2937 hodierno
1127 2879 1216 2937 die
1255 2883 1389 2937 nulli
1437 2883 1648 2938 homini
1705 2884 2026 2942 Christiano

446 2974 502 3026 In
536 2980 773 3026 mentem
824 2970 1079 3026 veniunt.
1144 2969 1358 3042 Quippe
1407 2970 1684 3027 Diodorus
1716 2974 2024 3044 aquopiam

447 3062 843 3133 interrogatus,
872 3072 1054 3132 posset
1079 3080 1144 3119 ne
1196 3062 1457 3118 defuncta
1503 3080 1672 3122 uxore
1700 3080 1827 3130 sua,
1867 3081 2017 3121 soro-

452 3173 563 3211 rcm
610 3155 730 3227 ejus
756 3157 810 3210 in
841 3158 1252 3212 matrimonium
1303 3157 1554 3227 accipere
1588 3197 1601 3223 ,
1668 3174 1766 3229 per
1819 3159 2030 3215 litteras

451 3248 829 3318 responderat,
906 3247 959 3302 id
1018 3248 1241 3302 minime
1301 3248 1608 3318 prohiberi?
1647 3251 1781 3304 Cum
1847 3260 2027 3305 autem

456 3357 689 3412 magnus
726 3341 817 3396 ille
853 3338 1017 3396 Pater
1046 3340 1283 3397 Basilius
1314 3342 1587 3411 ejusmodi
1622 3346 1838 3412 nuptias
1887 3354 2030 3396 veta-

449 3444 555 3499 ret,
585 3433 767 3488 oblata
817 3443 902 3489 est
937 3434 1214 3502 eiscripla
1280 3435 1396 3488 haec
1444 3433 1665 3487 Diodori
1734 3437 2026 3489 sententia.

2391 2495 2532 2566 Περὶ
2556 2492 2787 2551 ,ιατλιῶν
2818 2491 3438 2575 ἀθεμιτοταμούντων.
3474 2526 3477 2527 ν

2219 2610 2283 2665 Ἦ
2319 2609 2378 2666 δέ
2406 2609 2542 2681 πρὸς
2569 2610 2833 2681 Διόδωρον
2882 2607 2973 2662 τὸν
3012 2605 3317 2660 ἐπίσκοπον
3345 2600 3565 2673 Ταρσοῦ
3609 2597 3695 2654 τοῦ

2135 2702 2375 2773 μεγάλου
2411 2701 2691 2755 Βασιλείου
2719 2700 3004 2770 ἐπιστολὴ,
3039 2698 3222 2768 πάσης
3261 2695 3362 2767 μὲν
3394 2692 3590 2761 σοφίας
3615 2707 3701 2744 πε-

2142 2794 2451 2866 πλήρωται,
2501 2793 2606 2848 καὶ
2651 2795 2912 2865 ῥητορικῇ
2958 2789 3339 2861 περιηνθισται
3370 2785 3699 2853 πιθανότητι.

2132 2884 2520 2948 ’Λνασκευάζει
2544 2882 2625 2949 δὲ,
2654 2884 2790 2936 ἅττα
2811 2882 2989 2945 οὐδεὶς
3022 2881 3099 2943 είς
3116 2878 3161 2910 ³⁸
3181 2879 3426 2931 διάνοιαν
3441 2873 3705 2944 ἀνθρώπῳ

2132 2974 2441 3047 Χριστιανῷ
2467 2979 2533 3048 τῇ
2563 2973 2656 3029 τοῦ
2688 2975 2821 3027 Θεοῦ
2850 2975 3034 3045 χάριτι
3065 2974 3170 3040 τὴν
3199 2972 3441 3040 τήμερον
3469 2967 3704 3036 ἔρχεται.

2144 3068 2475 3139 Ἐρωτηθεὶς
2508 3066 2617 3137 γὰρ
2644 3066 2782 3137 πρός
2805 3081 2954 3129 τινος
2985 3067 3013 3119 ὁ
3061 3064 3351 3134 Διόδωρος,
3401 3063 3451 3112 εί
3495 3058 3711 3110 δύναιτο

2132 3159 2229 3226 τῆς
2252 3159 2509 3226 γυναικὸς
2542 3156 2709 3212 αὑτοῦ
2759 3156 3031 3225 θανούσης
3077 3154 3176 3226 τὴν
3205 3152 3427 3222 ἐκείνης
3475 3148 3707 3218 ἀδελφήν

2138 3250 2445 3317 ἀγαγέσθαι
2516 3250 2654 3319 πρὸς
2724 3248 2926 3318 γάμον,
2995 3247 3335 3319 ἀπεκρίνατο
3399 3243 3710 3314 ἐγγράφως.

2136 3341 2297 3393 τοῦτο
2329 3340 2403 3412 μὴ
2431 3340 2758 3394 κωλύεσθαι.
2783 3339 2872 3410 Τῷ
2907 3342 2964 3393 δὲ
2986 3340 3207 3410 μεγάλῳ
3239 3339 3416 3407 Πατρὶ
3449 3333 3711 3401 Βασιλεξῳ

2137 3434 2227 3485 τὸν
2247 3432 2485 3485 τοιοῦτον
2504 3432 2906 3503 ἀπαγορεύοντι
2928 3433 3091 3500 νόμον
3109 3432 3176 3496 ⁸⁸,
3203 3432 3237 3501 ἡ
3262 3428 3357 3481 τοῦ
3371 3426 3648 3496 Θεοδώρου
3667 3424 3710 3455 ⁸⁷

450 3525 623 3592 Quam
662 3541 787 3581 cum
837 3540 897 3581 se
928 3526 1168 3594 graviter
1203 3526 1541 3594 molesteque
1576 3525 1716 3581 ferre
1774 3526 1854 3578 vir
1895 3542 2024 3580 san-

2139 3523 2403 3591 έγγραφος
2460 3523 2737 3592 ἀπόυασις
2799 3522 3187 3594 ἐμφανίζεται.
3250 3519 3432 3587 Ὑπὲρ
3485 3514 3555 3587 ἧς
3613 3515 3711 3568 καὶ

456 3627 584 3672 eius
632 3615 985 3678 ostendisset,
1018 3613 1306 3684 epistolam
1357 3614 1495 3667 hanc
1525 3629 1718 3684 magna
1773 3613 2029 3669 refertam

450 3706 685 3761 utilitate
700 3705 1010 3775 composuit
1031 3745 1046 3769 ,
1091 3719 1198 3774 qua
1224 3720 1335 3758 non
1364 3704 1461 3757 bas
1481 3713 1720 3769 tantum,
1747 3705 1841 3760 sed
1865 3707 2031 3760 etiam

452 3813 645 3855 omnes
702 3796 920 3851 illicitas
978 3797 1201 3867 nuptias
1241 3798 1456 3852 evertit.
1524 3797 1736 3867 Quippe
1795 3799 2030 3866 generali

454 3890 824 3963 appellatione
884 3886 1215 3960 impuritatis
1273 3905 1425 3955 usus,
1479 3903 1668 3943 omnes
1719 3884 2031 3954 bujusmodi

446 3981 669 4056 nuptias
701 3982 937 4037 breviter
959 3989 1044 4035 est
1066 3981 1404 4050 complexus.
1448 3980 1718 4035 Caeterum
1749 3982 2033 4035 incanone

447 4088 578 4129 xxttt
606 4091 621 4129 :
649 4073 723 4128 De
753 4073 842 4137 iis,
867 4073 964 4136 ait,
1004 4071 1098 4141 qui
1139 4072 1278 4126 duas
1326 4085 1546 4125 sorores
1583 4074 1811 4136 ducunt,
1869 4072 2031 4140 quale

454 4166 528 4219 sit
575 4145 829 4219 nostrum
861 4162 1176 4233 judicium;
1241 4179 1306 4217 ex
1363 4163 1592 4233 epistola
1636 4179 1733 4233 per
1779 4163 1967 4228 brevi,‘
2002 4176 2032 4216 a

450 4255 610 4310 nobis
633 4255 859 4317 dictata,
905 4255 1062 4322 cujus
1086 4255 1397 4323 exemplum
1432 4255 1750 4309 reverentiae
1784 4263 1891 4309 tua:
1929 4254 2032 4309 mi-

450 4348 648 4414 simus,
690 4355 837 4402 reete
882 4348 1169 4415 intelliges.
1206 4345 1421 4412 Quibus
1477 4348 1529 4400 in
1586 4347 1769 4403 verbis
1795 4344 1938 4401 banc
1961 4346 2027 4400 ad

453 4438 753 4493 Diodorum
785 4439 1019 4509 epistola
1064 4438 1356 4507 signiﬁcat,
1384 4452 1547 4508 quam
1603 4437 1779 4507 ipsam
1812 4452 2032 4507 quoque

360 4534 375 4542 "
452 4529 523 4584 ad
560 4540 808 4584 sanctum
846 4528 1281 4598 Amphilochium
1315 4530 1485 4585 misit.
1532 4527 1598 4583 Et
1627 4544 1780 4593 vero,
1832 4530 2030 4600 inquit,

452 4617 539 4672 sui
585 4618 679 4687 qui
708 4616 896 4672 fratris
942 4632 1173 4673 uxorem
1230 4619 1470 4683 duxerit,
1506 4631 1615 4673 non
1641 4620 1797 4690 prius
1850 4623 2032 4690 paeni-

454 4714 638 4764 tentia).
673 4710 828 4763 locus
863 4708 1105 4775 dabitur,
1142 4726 1307 4781 quam
1339 4709 1407 4765 ab
1436 4725 1498 4765 ea
1527 4710 1831 4766 diverterit.
1857 4710 2032 4781 Hujus

451 4802 695 4871 epistola:
719 4802 1205 4874 quinquagesimus
1217 4802 1378 4858 etiam
1394 4811 1623 4873 quartus
1653 4804 1843 4874 synodi
1867 4815 2033 4859 sextae.

454 4908 629 4950 canon
659 4897 929 4960 meminit,
975 4911 1099 4952 cum
1145 4896 1220 4949 ait
1261 4912 1278 4952 :
1309 4893 1548 4950 Tametsi
1585 4910 1787 4964 paucas
1817 4911 1880 4948 ex
1902 4910 2029 4964 pro-
2058 4869 2110 4928 D

457 4984 651 5041 bibitis
684 4987 893 5057 nuptiis
919 4988 1002 5043 vir
1037 4996 1265 5043 sanctus
1293 4987 1791 5048 enumeraserit,et
1815 4987 2034 5042 silentio

454 5079 768 5147 complures
792 5095 980 5135 earum
1027 5077 1376 5149 praeterierit,
1434 5090 1500 5130 ne
1531 5090 1684 5129 suam
1726 5078 2028 5131 orationem

452 5170 701 5238 profanis
726 5171 1007 5228 vocabulis
1038 5169 1368 5234 sordidarct,
1403 5183 1499 5238 per
1523 5168 1831 5237 generalem
1892 5169 2033 5221 dun-

451 5270 608 5317 tasat
639 5264 980 5336 itnpuritatis
1010 5261 1426 5333 appellationem
1490 5260 1716 5316 nefariis
1772 5264 2031 5316 omnibus

452 5354 659 5424 nuptiis
681 5355 939 5410 indicatis
971 5369 984 5404 :
1024 5368 1125 5407 nos
1191 5360 1374 5404 tamen
1407 5345 1695 5406 deﬁnimus
1731 5367 1880 5414 eum,
1932 5354 2025 5422 qui

452 5457 576 5501 cum
608 5448 942 5504 consobrina
984 5460 1082 5501 sua
1118 5446 1339 5514 nuptias
1367 5444 1664 5509 contrahit,
1705 5446 1786 5500 vel
1819 5454 2026 5515 patrem

455 5547 511 5595 et
560 5540 731 5596 lilium
764 5556 887 5598 cum
920 5551 1094 5594 matre
1127 5552 1189 5591 ac
1242 5536 1375 5601 ﬁlia,
1410 5537 1490 5591 vel
1522 5545 1730 5607 patrem
1767 5549 1822 5594 et
1857 5538 2025 5593 filium

455 5648 584 5690 eum
640 5635 856 5691 duabus
888 5634 1192 5698 sororibus,
1241 5630 1484 5686 velduos
1509 5630 1707 5689 fratres
1742 5649 1869 5688 cum
1896 5634 2029 5689 dua-

455 5724 563 5783 bus
611 5729 918 5790 sororibus.
967 5728 1068 5783 sub
1092 5740 1356 5781 canonem
1392 5724 1663 5794 septennii
1705 5727 1921 5794 cadere;
1951 5728 2029 5782 sic

2135 3615 2533 3684 δεινοπαθήσας
2572 3617 2600 3668 ὁ
2665 3616 2838 3683 ἅγιος,
2898 3615 2998 3685 τὴν
3033 3613 3234 3683 πολλῆς
3304 3610 3578 3679 ὠφελείας
3628 3608 3714 3676 γέ·

2139 3721 2346 3774 μουσαν
2379 3705 2638 3771 συνέταξε
2669 3706 2877 3774 ταύτην
2942 3704 3257 3773 ἐπιστολὴν,
3306 3701 3383 3771 μὴ
3424 3700 3587 3770 μόνον
3623 3696 3712 3750 τὸν

2136 3795 2399 3858 τοιοῦτον,
2451 3794 2587 3849 ἀλλὰ
2624 3797 2721 3849 καὶ
2767 3797 2946 3849 πάντα
3011 3796 3255 3865 ἄθεσμον
3305 3792 3715 3861 ἀνατρέπουσαν

2136 3884 2332 3956 γάμον.
2374 3884 2464 3958 Τῷ
2484 3890 2593 3958 γὰρ
2626 3887 2828 3957 γενικῷ
2850 3887 3197 3959 χρησάμενος
3231 3886 3329 3955 τῆς
3372 3882 3715 3953 ἀκαθαρσίας

2136 3979 2380 4047 ὀνόματι.
2417 3978 2639 4042 τούτους
2668 3978 2915 4041 ἅπαντας
2952 3975 3386 4046 ὲμπεριείληφεν
3419 3975 3478 4025 ἐν
3505 3972 3712 4041 βραχεῖ.

2149 4072 2238 4124 Ἐν
2271 4071 2326 4125 δέ
2353 4072 2431 4142 τῷ
2464 4070 2557 4139 κγ’
2574 4071 2780 4137 κανόνι,
2815 4071 2951 4141 Περὶ
2978 4069 3089 4122 τῶν
3120 4068 3234 4133 δύο,
3272 4069 3460 4137 φησῖν,
3490 4064 3719 4131 ἀδελφὰς

2138 4161 2467 4233 γαμούντων
2500 4163 2647 4226 ὅπως
2704 4162 2903 4233 ἔχομεν
2939 4162 3199 4232 κρίσεως,
3258 4160 3369 4213 ἀπὸ
3415 4156 3513 4209 τοῦ
3554 4160 3720 4210 ἐκπε-

2137 4256 2463 4326 φωνημένου
2527 4257 2659 4326 ἡμῖν
2707 4254 3093 4318 ἐπιστολιδίου,
3144 4247 3205 4307 οὗ
3266 4252 3328 4305 τὺ
3388 4251 3723 4319 ἀντῐγραφον

2137 4347 2564 4416 ἀπεστάλκαμέν
2581 4364 2674 4401 σου
2697 4350 2762 4419 τῇ
2788 4346 3067 4417 εὐλαϐείᾳ,
3086 4345 3143 4398 εὖ
3164 4344 3310 4415 μάλα
3329 4343 3453 4414 εἴση
3479 4359 3496 4374 ο
3518 4341 3723 4406 ταύτην

2137 4441 2203 4512 δὴ
2230 4440 2404 4509 λέγων
2427 4439 2528 4509 τὴν
2559 4440 2694 4511 πρὸς
2720 4438 2987 4510 Διόδωρον
3029 4437 3346 4507 ἐπιστολὴν,
3369 4436 3436 4507 ἣν
3469 4436 3564 4487 καὶ
3589 4435 3724 4503 πρὸς

2136 4533 2229 4587 τὸν
2283 4534 2444 4601 ἅγιον
2484 4532 2779 4602 πέπομφεν
2841 4530 3213 4601 Ἀμφιλόχιον.
3245 4526 3340 4598 Τῷ
3374 4527 3431 4579 δὲ
3479 4525 3724 4587 λαϐόντι,

2138 4625 2294 4693 φησὶ,
2321 4621 2418 4676 τοῦ
2452 4623 2583 4675 ίδίου
2615 4621 2846 4691 ἀδελφοῦ
2890 4622 2990 4689 τὴν
3020 4620 3280 4689 γυναῖκα,
3336 4618 3401 4671 οὐ
3455 4616 3725 4686 πρότερον

2137 4716 2304 4778 τόπος
2329 4716 2622 4786 μετανοίας
2642 4714 2955 4784 δοθήσεται,
2995 4713 3124 4784 πρὶν
3158 4711 3225 4765 ἂν
3254 4710 3467 4778 ταύτης
3488 4709 3722 4775 ἀποστῇ.

2138 4806 2359 4877 Ταύτης
2389 4809 2488 4877 τῆς
2511 4806 2802 4873 ἐπιστολῆς
2833 4805 2930 4859 καὶ
2960 4805 2989 4857 ὀ
3023 4802 3094 4857 νδ¹
3138 4802 3241 4872 τῆς
3291 4801 3467 4872 ἕκτης
3501 4797 3723 4851 συνόδου

2139 4897 2320 4954 κανὼν
2351 4899 2649 4969 μέμνηται,
2707 4897 2800 4950 καί
2845 4913 3009 4966 φησιν
3040 4912 3054 4926 ·
3090 4895 3151 4947 Ei
3210 4894 3308 4947 καὶ
3345 4892 3567 4959 ὀλίγους
3616 4889 3723 4941 τῶι

2139 4994 2530 5063 ἀπειρημένων
2562 4990 2759 5061 γάμων
2789 4991 2817 5042 ὁ
2854 4990 3011 5057 ἆγιος
3041 4985 3417 5057 ήριθμήσατο,
3455 4984 3639 5050 σιωπῇ
3672 4979 3725 5031 δὲ

2139 5085 2265 5147 τοὺς
2295 5084 2491 5147 πλέους
2523 5083 2731 5136 τούτων
2782 5080 3163 5151 παρέδραμεν,
3204 5079 3291 5130 ῐνα
3332 5076 3405 5145 μὴ
3429 5077 3520 5128 τὸν
3562 5074 3728 5139 λόγον

2140 5174 2505 5249 καταρυπάνῃ
2536 5176 2645 5235 τοῖς
2687 5172 2936 5244 βεϐήλοις
2961 5173 3205 5241 ὀνόμασι,
3234 5170 3303 5237 τῇ
3350 5169 3452 5235 τῆς
3476 5162 3731 5231 ἀκαθαρ-

2142 5267 2263 5327 σίας
2314 5267 2477 5336 μόνον
2528 5268 2721 5337 γενικῇ
2779 5264 3127 5334 προσηγορίᾳ
3186 5261 3316 5320 τοὺς
3370 5256 3736 5327 παρανόμους

2140 5358 2463 5427 σύμπαντας
2495 5357 2781 5422 ὑποδείξας
2816 5356 3046 5426 γάμους.
3088 5352 3229 5408 Ἀλλ’
3257 5352 3423 5422 ἡμεῖς
3443 5348 3735 5416 ὁρίζομεν,

2139 5452 2229 5502 τὸν
2267 5453 2333 5519 τῇ
2370 5450 2549 5519 οἰκεία
2592 5448 2860 5519 ἐξαδέλφη
2896 5446 3150 5516 γαμικῶς
3210 5440 3662 5509 συναπτόμενον,
3707 5438 3740 5505 ἦ

2142 5542 2352 5611 πατέρα
2389 5540 2484 5594 καὶ
2513 5540 2627 5593 υἱὸν
2658 5540 2850 5611 μητρὶ,
2881 5538 2977 5590 καὶ
2997 5535 3251 5607 θυγατρὶ,
3284 5532 3319 5604 ἤ
3345 5531 3440 5586 δύο
3466 5531 3744 5600 ἀδελφαῖς

2143 5632 2359 5703 πατέρα
2402 5632 2498 5684 καὶ
2534 5630 2670 5695 υἱὸν,
2727 5630 2760 5699 ἢ
2798 5627 3061 5696 ἀδελφοὺς
3130 5624 3228 5678 δύο
3248 5623 3407 5676 δυσὶν
3440 5620 3745 5689 ἁδελυςναῖς,

2138 5723 2243 5778 ὑπὸ
2261 5726 2353 5777 τὸν
2373 5724 2473 5794 τῆς
2504 5723 2799 5785 ἐπταετὲας
2817 5722 3043 5775 πίπτειν
3059 5719 3283 5783 κανόνα,
3316 5714 3746 5787 ἀφισταμένους

1746 5862 1877 5915 VAR
1890 5864 1976 5918 LF.
2021 5864 2214 5924 LECT:
2227 5869 2423 5923 ONES.

529 5953 570 5985 ”
601 5953 736 6009 ἆττα
766 5956 880 6008 οὐδὲ
908 5958 1007 6020 εἰς.
1122 5957 1164 5988 ⁸⁸
1198 5957 1391 6027 γάμον.
1510 5955 1553 5986 ³⁸
1593 5955 1878 6026 Διοδώρου.
