3882 6578
156 418 282 487 ῙΞ69

1394 418 1661 479 GR/ECO
1694 415 1951 477 ROMAN
1964 418 2098 483 UM.

3244 413 3393 479 1370

155 531 410 600 πρότερον
458 522 554 576 τοῦ
605 526 928 594 παρανόμου
962 525 1351 579 συνοικεσίου.
1395 527 1452 581 '0
1498 527 1556 580 δὲ
1607 525 1700 579 τοῦ

1809 534 2009 592 tamen,
2077 536 2209 581 uta
2273 525 2483 582 nefario
2553 526 2808 595 conjugio
2867 525 3019 595 prius
3071 526 3375 582 discedam.

156 624 379 700 μεγάλου
410 619 685 675 Βασιλείου
727 619 803 687 ξιῗ
844 622 942 689 τὴν
980 620 1367 691 ἀδελφομιξίαν
1397 624 1477 686 είς
1526 621 1700 675 εἴκοσι

152 712 381 792 χρόνους,
403 713 478 775 ὡς
495 712 587 766 καὶ
606 712 697 766 τὸν
722 713 882 782 φόνον
898 714 964 778 ⁸⁸,
995 712 1095 783 τῆς
1113 715 1400 779 κοινωνίας
1428 715 1697 769 ἐκϐάλλει.

163 807 282 864 ’0δέ
311 823 372 875 γε
401 801 502 874 ξη’,
542 804 606 857 Ἦ
627 804 727 873 τῆς
758 804 1136 875 ἀπειρημένης
1167 807 1322 873 φησι,
1380 806 1702 874 συγγενείας

153 901 274 973 πρὸς
302 899 475 968 γάμον
513 898 775 960 σύστασις
803 898 853 951 εί
900 897 1204 968 φωραθείη,
1238 897 1308 951 τά
1355 898 1461 951 τῶν
1497 899 1703 969 μοιχῶν

151 992 387 1062 ἐπιτίμια
413 990 646 1056 δέξεται.
684 990 864 1061 Ἀπερ
895 989 1058 1054 εἰσὶν,
1086 991 1120 1060 ἡ
1148 991 1229 1054 είς
1260 988 1319 1043 ιε’
1347 993 1574 1060 χρόνους
1605 992 1704 1060 τῆς

146 1082 411 1145 κοινωνίας
439 1080 719 1154 στέρησις,
787 1082 1053 1153 πρότερον
1103 1084 1198 1137 τοῦ
1245 1085 1426 1156 γάμου
1459 1084 1703 1138 διασπωυ

147 1173 321 1243 μένου.

220 1260 277 1314 '0
291 1260 346 1314 δὲ
373 1258 466 1325 οε’,
503 1260 564 1314 '0
591 1261 792 1332 ἀδελφῇ
819 1262 924 1333 ἰδίᾳ
951 1260 1015 1316 ὲκ
1039 1264 1246 1335 πατρὸς
1271 1265 1304 1337 ἢ
1334 1265 1539 1336 μητρὸς
1564 1282 1704 1337 συμ-

148 1349 402 1424 μιανθείς,
436 1349 533 1402 καὶ
564 1348 660 1402 τοῦ
691 1350 842 1404 οἴκου
875 1352 974 1422 τῆς
1012 1357 1321 1425 προσευχῆς
1363 1354 1701 1421 ἐξωθείσθω,

144 1442 329 1514 φησὶν,
361 1440 465 1504 ἕως
499 1439 566 1496 ἂν
602 1442 712 1496 ἀπὸ
739 1446 805 1515 τῇ
838 1445 935 1515 τῆς
960 1446 1004 1479 ³⁸
1038 1445 1297 1516 ἀθεμίτου
1330 1450 1426 1500 καὶ
1464 1447 1706 1518 παρανό-

145 1550 239 1605 μου
277 1532 493 1603 μίξεως.
538 1533 940 1607 Ἀποσχόμενος
968 1536 1024 1590 δὲ
1046 1578 1061 1603 ,
1104 1537 1200 1591 καὶ
1234 1537 1401 1604 ἀξίως
1438 1539 1704 1610 μετανοή-

142 1639 252 1688 σας,
283 1623 420 1692 μετά
440 1622 647 1677 δώδεκα
678 1623 771 1697 ἔτη
796 1626 898 1697 τῆς
926 1627 1079 1692 θείας
1099 1628 1370 1694 ἀξιούσθω
1396 1629 1703 1693 κοινωνίας.

150 1714 205 1769 ’0
229 1713 283 1767 δὲ
323 1710 438 1784 aq"
480 1715 543 1767 Οἱ
580 1714 674 1769 δύο
722 1716 959 1786 ἀδελφὰς
995 1719 1075 1782 εἰς
1113 1720 1449 1774 συνοικέσιον
1488 1719 1704 1788 λαμϐά-

1804 619 1989 673 Cauon
2039 629 2217 674 autem
2277 635 2417 674 XLVII
2473 617 2658 674 Basilii
2698 616 2878 686 magni
2936 615 3230 680 hominem,
3282 617 3386 687 qu'r

1806 727 1930 765 cum
1967 725 2163 764 sorore
2186 725 2285 764 sua
2325 725 2438 764 rem
2499 708 2777 773 habuerit,
2819 706 2873 760 in
2934 721 3108 760 annos
3167 705 3377 776 viginti,

1805 803 1949 858 sicut
1977 813 2033 857 et
2085 802 2439 867 homicidam,
2478 818 2508 855 a
2541 799 2933 856 communione
2995 797 3191 868 rejicit.
3243 798 3376 852 Item

1805 910 1967 950 vant
2002 910 2179 949 canon
2214 910 2228 946 :
2272 892 2328 946 Si
2377 892 2778 963 deprehensum
2815 889 3005 953 fuerit,
3039 890 3239 959 inquit,
3268 903 3383 943 nia-

1806 983 2125 1037 liimonium
2146 981 2399 1038 contrahi
2426 996 2494 1035 ex
2514 981 2847 1052 cognatione
2874 979 3172 1050 prohibita,
3207 992 3383 1048 pinna:

1805 1076 2173 1130 adulterorum
2201 1072 2608 1144 irrogabuntur.

1878 1255 2010 1322 Quae
2058 1253 2277 1326 quidem
2324 1259 2475 1317 sunt,
2508 1265 2539 1306 a
2579 1248 2968 1306 communione
3001 1246 3068 1302 ad
3103 1264 3171 1301 xv
3210 1260 3385 1301 annos

1803 1348 2053 1404 exclusio
2089 1385 2104 1411 ,
2181 1344 2534 1400 matrimonio
2606 1343 2762 1414 prius
2830 1342 3123 1412 dirempto.
3193 1341 3388 1395 Canon‘

1808 1456 1935 1498 vero
1985 1456 2125 1496 uxv
2168 1439 2242 1492 ait
2274 1457 2287 1493 :
2317 1436 2421 1504 Qui
2467 1451 2588 1492 eum
2631 1448 2823 1491 sorore
2868 1450 2991 1500 sua,
3024 1434 3213 1488 eodem
3255 1439 3389 1485 nata

1808 1543 1962 1605 patre
2005 1531 2089 1586 vel
2133 1540 2327 1593 matre,
2360 1543 2483 1584 sese
2517 1528 2748 1597 polluit,
2788 1528 2955 1581 etiam
2996 1535 3147 1580 extra
3194 1537 3396 1593 preca-

1809 1625 1972 1680 tionis
2021 1623 2192 1679 eadem
2245 1621 2555 1692 expellitor,
2597 1620 2794 1690 inquit,
2843 1619 3021 1673 donec
3067 1618 3135 1672 ab
3172 1618 3386 1671 incesto

1806 1724 1859 1772 et
1910 1714 2119 1769 nefario
2156 1712 2450 1770 concubitu
2499 1712 2842 1767 discesserit.
2875 1711 3010 1765 Cum
3058 1719 3239 1763 autem
3283 1710 3384 1761 ab-

139 1820 339 1869 νοντες,
389 1806 438 1856 εί
492 1806 587 1859 καὶ
638 1807 782 1860 κατὰ
824 1807 1115 1879 διαφόρους
1153 1810 1411 1881 χρόνους,
1462 1810 1599 1881 μετά
1644 1810 1704 1864 τὸ

1809 1807 2086 1869 stinuerit,
2133 1814 2184 1860 et
2232 1813 2382 1860 recte
2426 1804 2804 1874 paenitentiam
2845 1802 3052 1872 egerit;
3094 1801 3381 1854 duodecim

135 1895 530 1965 διασπασθῆναι
563 1898 652 1951 τὸν
685 1898 947 1968 ἀθέμιτον
974 1901 1181 1972 γάμον,
1214 1901 1290 1973 τῷ
1318 1904 1415 1973 τῆς
1458 1904 1700 1973 μοιχείας

135 1988 442 2044 ὑπόκεινται
477 1989 729 2061 κρίματι.
777 1990 834 2045 '0
853 1992 911 2045 δὲ
940 1990 1045 2058 ος¹⁶
1087 1993 1147 2048 '0
1169 1995 1329 2059 αὐτὸς
1357 1994 1516 2060 ἔστω,
1546 1995 1702 2067 φησὶ,

135 2079 295 2145 τύπος
328 2082 426 2134 καὶ
463 2082 594 2152 περὶ
629 2084 737 2138 τῶν
779 2083 879 2147 τὰς
912 2084 1131 2154 νύμφας
1176 2087 1355 2141 αὐτῶν
1401 2088 1707 2157 λαμϐανόν-

133 2190 252 2228 των.
292 2172 351 2226 '0
379 2172 437 2225 δὲ
463 2173 541 2226 οθ¹
563 2189 578 2204 ο
610 2176 720 2230 Καὶ
748 2177 797 2229 oi
816 2178 936 2239 ταῖς
969 2181 1238 2248 μητρυαῖς
1270 2179 1449 2234 αὐτῶν
1482 2182 1704 2250 ἐπιμαι-

134 2263 339 2333 νόμενοι
359 2263 426 2330 ⁸ο,
456 2264 541 2335 ’τῷ
570 2268 757 2320 κανόνι
789 2268 1129 2335 ὑπόκεινται,
1233 2272 1327 2325 καὶ
1350 2272 1401 2325 oi
1427 2275 1547 2336 ταῖς
1575 2274 1705 2326 ἑαυ-

134 2357 233 2410 τῶν
264 2354 524 2424 ἀδελφαῖς
556 2360 1030 2430 συμμιαινόμενοι.
1075 2362 1135 2415 Ὀ
1176 2362 1231 2415 δὲ
1261 2364 1360 2433 τῆς
1389 2366 1448 2417 ὲν
1474 2365 1708 2420 Νεοκαι-

135 2450 323 2521 σαρεία
348 2450 568 2504 συνόδου
602 2450 668 2520 β’,
700 2451 797 2504 σὺν
827 2451 979 2505 δυσὶν
1020 2453 1269 2522 ἀδελφοῖς
1306 2457 1707 2528 γεγαμημένην

133 2540 451 2604 ἐξωθεῖσθαι
477 2542 580 2611 τῆς
618 2542 942 2613 Ἐκκλησίας
968 2544 1074 2608 ἓως
1100 2544 1332 2601 θανάτου
1364 2547 1594 2610 κελεύει,
1630 2550 1705 2623 μὴ

133 2633 458 2704 πειθομένην
486 2634 647 2688 λῦσαι
681 2636 883 2706 δηλαδὴ
918 2637 1010 2690 τὸν
1040 2639 1242 2710 γάμον.
1269 2641 1431 2712 Νόσῳ
1463 2642 1519 2697 δὲ
1549 2661 1705 2712 περι-

131 2722 366 2779 πεσοῦσα
397 2727 468 2796 τῇ
504 2724 736 2779 θάνατον
762 2726 1086 2799 ἀπειλούσῃ,
1122 2730 1171 2782 εί
1210 2731 1608 2801 ἐπαγγέλλεται
1632 2733 1706 2797 ὡς

130 2813 358 2884 ραϊσασα
390 2814 549 2869 λύσει
582 2817 674 2869 τὸν
717 2817 932 2887 γάμον,
974 2820 1367 2893 προσδέχεσθαι
1421 2825 1500 2888 είς
1543 2825 1703 2896 μετά-

128 2920 288 2959 νοιαν.
322 2904 385 2957 Εί
437 2905 494 2959 δὲ
526 2908 621 2960 καὶ
662 2907 760 2978 τὴν
788 2913 1024 2977 γυναῖκα
1057 2912 1377 2984 τελευτῆσαι
1420 2918 1661 2988 συμϐαίη
1687 2961 1702 2984 ,

129 2993 158 3065 ἢ
189 2996 280 3048 καὶ
311 2997 408 3049 τὸν
439 2997 607 3068 ἄνδρα
627 3038 642 3062 ,
682 2999 763 3053 ἔτι
790 3004 857 3073 τῇ
886 3003 1109 3078 τοιαύτῃ
1144 3009 1460 3080 παρανομίᾳ
1495 3009 1703 3082 ὲνισχηο

131 3084 350 3152 μένους,
399 3086 672 3157 δυσχερὴς
723 3092 756 3160 ἡ
812 3091 1072 3159 μετάνοια
1122 3093 1202 3164 τῷ
1259 3097 1697 3167 περιλειφθέντι·

1809 1899 1967 1953 annis
2021 1899 2262 1963 exactis,
2325 1898 2772 1952 communionem
2834 1909 3046 1951 sacram
3111 1894 3387 1960 impetret.

1807 1994 1993 2048 szon
2028 2007 2231 2046 Lxxvnt
2264 2008 2278 2047 :
2308 1990 2412 2058 Qui
2443 1991 2583 2046 duas
2622 2006 2842 2046 sorores
2875 1991 2928 2045 in
2970 1990 3382 2044 matrimonium

1808 2085 2107 2155 accipiunt,
2139 2085 2269 2139 licet
2308 2084 2543 2140 diversis
2573 2084 2930 2155 temporibus.
2973 2090 3263 2152 postquam
3300 2082 3385 2161 di:

1810 2187 2034 2247 remptae
2072 2175 2278 2232 fuerint
2319 2176 2547 2231 incestae
2601 2178 2839 2246 nuptiae,
2883 2175 3134 2231 adulterii
3176 2174 3385 2242 judicio

1809 2274 2083 2321 tenentur.
2116 2265 2307 2320 Canon
2348 2281 2511 2319 Lxxvt
2555 2282 2572 2322 :
2619 2265 2841 2329 Eadem,
2888 2264 3085 2334 inquit,
3138 2265 3278 2317 ratio
3313 2263 3385 2317 sit

1807 2359 1971 2413 etiam
2016 2358 2071 2411 in
2122 2359 2211 2423 iis,
2254 2358 2347 2427 qui
2395 2373 2568 2413 nurus
2613 2372 2742 2413 suas
2784 2358 2993 2412 ducunt
3035 2372 3253 2412 uxores.
3281 2355 3386 2409 Ca-

1807 2466 1919 2506 non
1958 2465 2126 2504 um:
2171 2468 2187 2505 :
2233 2448 2411 2503 Etiam
2446 2449 2505 2512 ii,
2538 2449 2630 2516 qui
2667 2464 2790 2505 cum
2823 2449 3080 2504 novercis
3108 2449 3227 2504 suis
3265 2462 3399 2502 sese

1807 2542 2079 2615 polluunt,
2114 2526 2328 2596 canone
2374 2549 2631 2595 tenentur
2662 2541 2882 2605 eodem,
2914 2555 3024 2611 quo
3065 2550 3118 2595 et
3180 2541 3256 2593 illi
3292 2542 3383 2610 qui

1806 2647 1932 2688 cum
1980 2632 2099 2687 suis
2142 2644 2264 2685 sese
2308 2630 2595 2685 sororibus
2641 2630 2955 2699 inquinant.
2995 2627 3229 2683 Concilii
3257 2643 3387 2683 vero

1805 2721 2267 2778 Neocaesariensis
2323 2735 2500 2774 canon
2577 2720 2853 2774 secundus
2912 2718 3195 2773 mulierem
3261 2734 3391 2771 eum

1806 2814 2024 2870 duobus
2054 2820 2278 2881 nuptam
2323 2810 2587 2865 fratribus
2620 2825 2794 2879 usque
2829 2808 2898 2863 ad
2930 2818 3156 2864 mortem
3191 2810 3386 2879 expelli

1807 2902 2055 2957 Ecclesia
2085 2901 2261 2972 jubet,
2293 2900 2338 2955 si
2369 2915 2562 2971 parere
2588 2901 2798 2955 scilicet
2826 2900 2962 2955 nolit
2994 2901 3049 2956 in
3081 2898 3389 2954 dirimendo

1806 2994 2180 3048 matrimonio.
2233 2991 2289 3047 Si
2345 3000 2526 3047 tamen
2573 2993 2626 3046 in
2678 2993 2929 3046 morbum
2976 2992 3250 3055 inciderit,
3296 2997 3386 3060 qui

1808 3092 2038 3137 mortem
2090 3083 2417 3147 minitetur,
2474 3098 2539 3137 ac
2594 3084 2920 3152 polliceatur
2965 3097 3044 3146 se,
3098 3096 3393 3153 postquam

128 3171 563 3246 ὲλέγμταίγάρ,
595 3177 669 3241 ὡς
710 3179 811 3232 οὐκ
843 3179 909 3233 ἂν
933 3182 1148 3252 ἀπέστη
1187 3184 1288 3254 τῆς
1319 3187 1610 3256 ἁμαρτίας,
1652 3189 1700 3242 εί

1809 3171 2168 3235 convaluerit,
2205 3172 2431 3241 nuptias
2482 3172 2921 3242 diremptura'm,
2992 3174 3387 3228 admittendam
3484 3234 3490 3239 I

126 3263 203 3316 ἔτι
233 3266 435 3335 περιῆν
471 3267 534 3319 τὸ
578 3268 944 3339 ἀποιχόμενον
982 3271 1296 3341 πρόσωπον.
1340 3276 1398 3327 'O
1424 3275 1480 3327 δὲ
1516 3276 1615 3344 τῆς
1645 3278 1702 3331 ὲν

137 3354 377 3427 ’Ᾱγκύρᾳ
430 3356 508 3411 κε’
567 3358 754 3423 ίδικῶς
801 3362 929 3430 περί
982 3378 1129 3425 τινος
1170 3364 1588 3436 ἐκπεφώνηται,
1645 3368 1704 3433 ὃς

125 3446 287 3519 κόρην
324 3449 429 3517 μέν
460 3466 582 3502 τινα
614 3453 1045 3520 ἐμνηστεύσατο,
1082 3457 1146 3525 τῇ
1174 3456 1232 3509 δὲ
1261 3458 1467 3531 ταύτης
1503 3459 1700 3531 ἀδελφῇ

126 3537 501 3610 συμφθαρεῖς,
555 3540 833 3611 ἐγκύμονα
883 3544 1196 3613 ἐποιήσατο.
1245 3548 1399 3600 Μετά
1444 3530 1502 3601 δὲ
1545 3530 1705 3604 τοῦτο

124 3626 397 3697 γήμαντος
441 3630 608 3684 αὐτοῦ
640 3634 739 3699 τὴν
786 3634 1052 3705 μνηστὴν,
1093 3637 1125 3706 ἡ
1163 3635 1429 3706 φθαρεῖσα
1459 3639 1564 3692 ὑπὸ
1605 3640 1706 3711 τῆς

123 3716 295 3788 λύπης
329 3721 641 3792 ἀπήγξατο.
688 3723 825 3787 Τοὺς
875 3720 969 3780 οὖν
1020 3728 1328 3793 συνειδότας
1368 3730 1706 3801 ἐψηφίσαντο

122 3810 169 3862 οἱ
207 3811 456 3882 Πατέρες
480 3815 578 3866 ἐπὶ
602 3815 739 3867 δέκα
766 3816 860 3884 ἔτη
890 3816 964 3888 μὴ
998 3820 1358 3889 κοινωνῆσαι·
1403 3823 1705 3888 συνειδότες

120 3899 173 3953 δέ
202 3905 363 3969 εἰσιν,
391 3906 448 3958 οἱ
477 3907 924 3976 συμπράξαντες,
958 3910 1018 3962 ού
1052 3909 1159 3981 μὴν
1187 3913 1235 3964 οἱ
1272 3913 1488 3983 ἔχοντες
1513 3916 1705 3980 ἁπλῶς

120 3994 354 4065 εῐδησιν,
389 3998 490 4051 καὶ
528 3998 772 4053 κωλῦσαι
827 4000 901 4072 μὴ
951 4001 1276 4072 δυνάμενον
1329 4006 1423 4058 ἐπὶ
1456 4008 1565 4079 γὰρ
1596 4008 1706 4064 τῶν

120 4085 397 4157 ἀθεμίτων
433 4091 687 4160 πράξεων
720 4092 819 4164 οὐχ
862 4089 1028 4166 ἦττον
1073 4097 1124 4148 οἱ
1171 4097 1563 4168 συνεργοῦντες
1595 4100 1705 4155 τῶν

120 4178 441 4253 αύτουργῶν
488 4184 880 4254 τιμωροῦνται.
945 4185 1006 4240 '0
1061 4188 1118 4242 δὲ
1172 4187 1242 4243 ια’
1292 4189 1389 4243 τοῦ
1439 4192 1704 4262 Τιμοθέου

129 4268 548 4343 ’Δλεξανδρείας
586 4276 712 4339 τοὺς
756 4278 1055 4349 κληρικοὺς
1098 4280 1313 4334 κελεύει
1373 4282 1447 4353 μὴ
1488 4285 1705 4339 ἀπιέναι

120 4362 496 4435 καλουμένους
518 4368 601 4430 είς
620 4369 828 4439 γάμον,
856 4372 906 4424 εί
927 4371 1181 4426 πύθοιντό
1204 4368 1343 4441 εἶναι
1368 4376 1704 4447 παράνομον,

118 4455 281 4527 εὐχῆς
329 4458 497 4529 χάριν
548 4462 645 4514 καὶ
690 4465 1031 4535 προσφορᾶς.
1083 4463 1285 4518 Πολλοῦ
1329 4482 1393 4533 γε
1460 4467 1542 4520 δεῖ
1585 4467 1707 4537 μεθ’

1806 3278 1927 3317 esse
1974 3259 2043 3315 ad
2090 3263 2492 3330 paenitentiam.
2537 3262 2693 3329 Quod
2746 3265 2793 3317 si
2837 3264 2917 3319 vel
2959 3265 3268 3328 mulierem,
3307 3270 3387 3318 vel

1805 3356 2008 3421 virum,
2051 3356 2208 3410 obire
2258 3367 2485 3411 mortem
2533 3357 2840 3428 contingat,
2895 3358 3024 3411 dum
3071 3359 3249 3413 adhuc
3295 3361 3387 3413 tuli

1805 3447 2054 3501 facinore
2109 3456 2238 3502 sunt
2290 3446 2579 3516 implicati,
2644 3447 2877 3502 diﬂieilis
2924 3450 3244 3517 pceuitentia
3294 3462 3391 3502 su-

1807 3539 2027 3610 perstiti
2069 3554 2317 3609 personae
2356 3539 2703 3610 relinquitur.
2750 3540 3016 3610 Arguitur
3044 3544 3211 3602 enim,
3246 3544 3389 3611 quoi

1805 3646 1834 3685 a
1873 3641 2098 3702 peccato
2126 3633 2439 3687 discessura
2497 3649 2604 3685 non
2646 3633 2828 3697 fuerit,
2884 3633 2929 3688 si
2979 3635 3155 3687 adhuc
3201 3650 3393 3705 seper-

1805 3732 1919 3777 stes
1993 3731 2139 3776 esset
2188 3736 2417 3790 persona
2462 3723 2745 3776 defuncta.
2818 3723 3007 3777 Canon
3058 3731 3237 3778 autem
3286 3742 3399 3780 xxv

1805 3811 2108 3881 Ancyranre
2151 3809 2347 3880 synodi
2379 3809 2447 3863 de
2490 3812 2724 3879 quodam
2773 3814 3124 3881 peculiariter
3151 3825 3233 3869 est
3266 3830 3391 3885 pro-

1807 3902 2115 3966 nuntiatus,
2160 3901 2253 3969 qui
2293 3901 2528 3971 puellam
2576 3903 2681 3956 sibi
2741 3904 3035 3973 quamdam
3080 3906 3392 3974 desponde-

1805 4000 1922 4060 rat,
1979 4003 2034 4050 et
2090 4011 2130 4048 ι’(
2153 4005 2339 4064 postea
2394 4008 2522 4049 eum
2566 3995 2686 4063 ejus
2732 4010 2927 4050 sorore
2983 3996 3188 4060 habita,
3248 4013 3393 4067 pra:-

1804 4095 2061 4159 gnantem
2126 4086 2267 4140 banc
2346 4083 2567 4141 fecerat.
2628 4085 2835 4141 Deinde
2909 4088 3201 4143 celebratis
3259 4105 3383 4143 cum

1805 4194 2009 4251 sponsa
2040 4180 2267 4248 nuptiis,
2299 4188 2543 4248 stuprata
2595 4193 2755 4234 soror
2804 4181 2971 4233 animi
3006 4180 3197 4235 dolore
3246 4191 3397 4236 mnta

1808 4275 2004 4342 laqueo
2051 4272 2216 4325 vitam
2276 4272 2509 4325 finierat.
2549 4269 2738 4341 Itaque
2775 4274 3029 4328 conscios
3094 4274 3146 4326 in
3214 4289 3391 4330 annos

1807 4365 1996 4421 decem
2036 4364 2306 4419 arcendos
2338 4378 2367 4416 a
2403 4365 2812 4425 communione,
2840 4363 3031 4420 Patres
3056 4375 3387 4422 statuerunt.

1810 4457 2031 4513 Conscii
2093 4442 2226 4512 vero
2270 4464 2420 4522 sunt,
2472 4457 2732 4511 lacinoris
2781 4458 3092 4527 participes,
3142 4474 3250 4513 non
3296 4460 3395 4529 qui

120 4544 427 4616 ἱερολογίας
447 4548 738 4617 ζευγνύναι
763 4552 890 4614 τοὺς
910 4551 1054 4605 οὕτω
1080 4553 1258 4622 γῆμαι
1278 4554 1700 4625 προελομένους,

1817 4550 2141 4618 simpliciter
2198 4549 2274 4604 rei
2341 4548 2592 4603 notitiam
2643 4549 2957 4618 habebant,
3002 4559 3057 4606 et
3105 4553 3393 4622 prohibere

115 4637 202 4690 ἵνα
233 4638 310 4709 μὴ
333 4639 652 4711 ἀλλοτρίαις
683 4644 1088 4714 κοινωνήσωσιν
1121 4646 1442 4715 ἁμαρτίαις.
1484 4646 1542 4699 ’0
1572 4648 1704 4701 ἀθέ-

118 4745 273 4797 μιτος
303 4732 370 4785 οὺ
412 4731 732 4802 βεϐαιοῦται
759 4735 961 4803 γάμος.
991 4736 1090 4789 Διά
1121 4736 1281 4789 τοῦτο
1306 4736 1402 4791 ἐὰν
1437 4737 1543 4809 πρὸ
1575 4755 1708 4793 κατ-

114 4824 348 4892 ηγορίας
407 4825 575 4897 λυθῇ,
617 4831 1006 4898 ’συγχωρεῖται
1051 4831 1301 4900 ήποινή.
1347 4830 1473 4883 Ἐπὶ
1523 4833 1617 4884 τοῦ
1648 4834 1707 4887 ἐν

110 4913 311 4987 ἀγνοίᾳ
353 4918 655 4987 γενομένου
706 4919 965 4990 ἀθεμίτου
994 4922 1209 4989 γάμου,
1244 4922 1430 4975 δίδωσι
1463 4924 1707 4992 συγγνώ-

115 5022 224 5075 μην
252 5008 357 5060 καὶ
393 5009 428 5079 ἡ
471 5009 793 5085 Ἐκκλησία,
822 5013 917 5065 καὶ
942 5014 975 5082 ἡ
1007 5013 1382 5084 ἐπανόρθωσις
1403 5013 1499 5067 τοῦ
1527 5017 1710 5085 ἀμαρ-

112 5097 390 5169 τήματος.
433 5101 545 5154 Καὶ
580 5080 836 5172 μάλιστα,
874 5105 925 5157 εί
955 5080 1028 5176 μή
1061 5122 1148 5159 πω
1170 5080 1214 5136 ίί
1245 5106 1345 5176 τῆς
1369 5106 1536 5159 αὑτοῦ
1567 5080 1707 5160 κατι

109 5178 422 5261 ηγόρησεν.
456 5194 521 5247 Οἱ
549 5194 905 5266 αίμομίκται,
943 5198 1053 5250 εῖτε
1104 5199 1282 5266 γονεῖς
1325 5198 1462 5269 πρὸς
1500 5200 1705 5263 τέκνα,

113 5281 149 5354 ἢ
180 5281 357 5336 τέκνα
388 5284 528 5354 πρὸς
558 5290 756 5356 γονεῖς,
789 5288 823 5357 ἢ
855 5288 1077 5359 ἀδελφοὶ
1107 5290 1244 5361 πρὸς
1273 5290 1528 5359 ἀδελφὰς,
1563 5290 1706 5359 ξίφει

108 5374 604 5443 τιμωρείσθωσαν.
653 5379 716 5431 Oi
750 5378 808 5431 δὲ
833 5378 973 5433 κατά
1006 5379 1175 5450 ἀλλην
1220 5381 1543 5450 συγγένειαν
1571 5382 1706 5453 πρὸς

111 5463 392 5536 ἀλλήλους
444 5467 945 5540 συμφθειρόμενοι,
975 5472 1222 5525 τουτέστι
1258 5471 1442 5544 πατὴρ
1488 5472 1567 5535 είς
1608 5488 1708 5540 γυ-

1814 4659 1924 4697 non
1974 4649 2248 4711 poterant.
2290 4640 2427 4695 Nam
2469 4643 2521 4695 in
2556 4642 2779 4696 nefariis
2810 4643 3119 4699 actionibus
3148 4658 3254 4699 non
3286 4645 3392 4698 mi-

1813 4751 1920 4791 nus
1946 4735 2046 4796 illi,
2076 4735 2168 4805 qui
2202 4734 2404 4788 factum
2435 4734 2719 4802 adjuvant,
2750 4751 2913 4804 quatn
2941 4737 3032 4805 qui
3061 4736 3179 4804 ejus
3207 4745 3401 4790 aucto-

1813 4843 1905 4884 res
1954 4835 2106 4889 sunt,
2136 4827 2459 4894 puniuntur.
2494 4827 2685 4881 Cauon
2738 4843 2868 4881 vero
2918 4828 3245 4881 lllldCt‘llllus
3306 4827 3396 4880 Ti-

1820 4920 2025 4974 mothei
2074 4918 2431 4973 Alexandrini
2478 4919 2719 4989 episcopi
2769 4921 3034 4989 praecipit,
3086 4932 3145 4974 ut
3187 4921 3392 4981 clerici,

1818 5026 1939 5067 eum
1972 5010 2292 5072 invitantur,
2330 5008 2554 5062 minime
2588 5010 2807 5078 nuptias
2838 5011 3056 5071 adeant,
3085 5014 3127 5066 si
3160 5012 3400 5064 nefarias

1816 5116 1941 5157 esse
1975 5106 2330 5169 cognoscant,
2378 5113 2601 5169 precum
2630 5110 2686 5154 et
2712 5100 3007 5157 oblationis
3037 5117 3222 5156 causa.
3249 5100 3394 5154 Tan-

1814 5204 1931 5250 tum
1983 5196 2172 5258 abest,
2222 5200 2281 5245 ut
2328 5191 2472 5246 votis
2518 5193 2693 5248 sacris
2753 5192 3250 5248 intervenientibus
3300 5204 3395 5246 eos

1814 5285 2148 5359 conjungere
2192 5283 2431 5338 debeant
2472 5284 2608 5356 (20),
2657 5284 2751 5354 qui
2803 5285 3022 5354 nuptias
3079 5283 3392 5351 huiusmodi

1816 5376 2147 5431 contrahere
2174 5375 2397 5439 volunt,
2429 5389 2500 5429 ne
2536 5375 2830 5445 participes
2865 5375 3167 5429 alienormn
3203 5388 3395 5443 pecca-

1820 5479 2000 5541 torum
2036 5465 2187 5523 ﬂant.
2214 5466 2484 5523 lncestum
2518 5465 2927 5521 matrimonium
2956 5480 3064 5523 non
3097 5464 3398 5522 continua—

1398 5581 1627 5635 νΑιιιΑε
1668 5578 2069 5636 LECTIONES.

186 5744 191 5747 _
221 5672 273 5707 ⁸⁸
295 5673 491 5743 φονέα.
570 5674 614 5706 ³⁹
640 5674 830 5744 ἀπωθῇ
862 5677 980 5746 τῆς.
1057 5676 1101 5706 δ”
1127 5675 1584 5745 ὲ-τιμιαινόμενοι.

1665 5677 1704 5706 δι
1752 5678 1797 5727 εί
1826 5674 1897 5743 μή
1940 5692 2022 5727 πω
2058 5674 2174 5738 τάς.

1682 5771 1912 5828 ΝΟΤλΕ.

183 5864 308 5937 (20)
341 5864 381 5919 l.
438 5865 527 5920 58.
579 5863 606 5935 §
645 5863 791 5920 Idem
836 5864 1082 5920 I’Jliom’.
1126 5865 1185 5920 D.
1240 5865 1303 5921 all
1343 5866 1379 5922 ι.
1424 5864 1537 5921 Jul.
1568 5864 1636 5919 De
1667 5864 1836 5918 adsit.
