3990 6578
426 383 560 448 1271

1687 393 1824 452 JUS
1865 394 2306 454 CANONICUNI

3528 383 3682 444 1:272

429 521 538 564 tur.
587 507 821 576 Ideoque
870 507 916 563 si
972 520 1098 566 ante
1146 515 1555 570 acrusationem
1601 519 1839 571 solutum
1888 521 1997 582 sit.

2127 525 2265 574 ναῖκα
2301 523 2448 582 υίοῦ,
2487 522 2517 590 ἢ
2554 521 2664 582 υίὸς
2697 521 2774 581 είς
2813 521 3046 585 γυναῖκα
3082 517 3316 587 πατρὸς,
3369 516 3537 586 ἡγουν
3586 533 3702 585 μη⁹

429 618 588 673 ρωιιο
642 602 956 658 remittitur.
1006 602 1060 659 In
1100 606 1303 675 nuptiis
1347 606 1568 662 incestis
1615 625 1709 671 per
1742 612 1997 680 ignoran-

427 698 558 751 tiam
607 699 932 764 contractis,
979 699 1187 752 veniam
1236 699 1328 753 dat
1369 707 1477 753 tam
1522 702 1787 764 Ecclesia,
1833 720 2030 773 quam-

430 791 635 862 peccati
677 793 963 846 correctio.
997 792 1330 857 Praesertim,
1362 795 1406 846 si
1443 808 1540 848 nec
1583 795 1711 849 dum
1753 798 1876 865 quis
1907 812 2000 852 eas

433 883 733 937 accusavit.
773 883 875 948 Qui
925 900 984 938 se
1031 884 1252 953 proprio
1298 887 1546 955 sanguini
1590 889 1814 942 miscent
1863 889 2000 956 (il),

436 975 552 1029 sive
579 982 833 1043 parentes
859 989 981 1028 cum
1022 974 1230 1041 liberis,
1268 976 1380 1030 sive
1412 977 1565 1032 liberi
1599 995 1724 1033 cum
1765 980 2005 1048 parenti-

437 1065 559 1128 bus,
596 1064 678 1117 vel
725 1063 922 1118 fratres
961 1079 1084 1117 cum
1131 1065 1439 1129 sororibus,
1473 1067 1653 1137 gladio
1686 1069 2001 1138 puniuntor.

434 1153 539 1220 Qui
576 1163 755 1209 autem
793 1172 861 1210 cx
894 1156 1002 1210 alio
1032 1158 1376 1228 cognationis
1423 1160 1592 1230 gradu
1639 1159 1868 1214 invicem
1902 1163 2002 1215 sibi

435 1257 686 1316 Stuprum
750 1247 1055 1311 intulerint,
1093 1249 1257 1303 veluti
1299 1259 1451 1318 pater
1499 1251 1682 1316 nurui,
1732 1252 1814 1305 vel
1866 1251 2008 1307 ﬁlius

442 1339 595 1393 uxori
647 1341 838 1409 patris.
881 1341 981 1395 hoc
1013 1349 1117 1404 est,
1160 1356 1430 1406 novercae,
1463 1343 1548 1398 vel
1579 1343 1807 1400 vitricus
1841 1345 2008 1413 privi-

441 1444 580 1498 gnae,
642 1428 725 1482 vel
793 1428 963 1484 frater
1020 1430 1177 1484 uxori
1240 1430 1447 1497 fratris,
1502 1434 1582 1488 vel
1639 1444 1866 1504 patruus
1919 1445 2012 1488 aut

440 1521 746 1575 avunculus
814 1519 937 1575 tilia:
1003 1520 1190 1579 fratris
1247 1531 1340 1576 aut
1400 1525 1642 1585 sororis.
1707 1526 1790 1579 vel
1867 1526 2011 1583 filius

439 1610 624 1668 fratris
654 1621 748 1666 aut
805 1613 1036 1680 sororis,
1099 1615 1277 1669 amitae
1311 1615 1394 1669 vel
1420 1624 1743 1682 materteraz,
1787 1621 1869 1672 vel
1919 1619 2012 1689 qui

437 1703 650 1758 duabus
731 1705 1038 1772 sororibus,
1109 1715 1203 1760 aut
1277 1707 1436 1760 matri
1520 1715 1761 1763 externae
1815 1725 1880 1764 ac
1951 1710 2016 1764 il-

439 1793 546 1848 lius
603 1793 724 1851 ﬁliae
771 1796 951 1851 sciens
1019 1797 1093 1850 ita
1172 1812 1231 1852 se
1277 1798 1518 1863 miscet;
1582 1799 1668 1855 his
1721 1800 1904 1867 simul,
1963 1810 2017 1856 et

2102 613 2312 679 τρυιὶιν,
2351 612 2381 678 ἧ
2415 610 2667 678 πατρῳὸς
2699 612 2774 671 εἰς
2809 609 3117 677 προγονὴν,
3155 608 3186 676 ἢ
3215 605 3443 672 ἀδελφὸς
3472 608 3554 667 εἰς
3590 623 3696 672 γυο

2104 705 2263 754 ναῖκα
2316 701 2564 768 ἁδελροῦ,
2613 703 2646 770 ἢ
2698 701 2836 763 θεῖος
2888 701 2967 761 εἰς
3005 698 3251 766 ἀνεψιὰν,
3288 698 3322 768 ἦ
3353 697 3576 765 ἀνεψιὸς
3609 698 3699 759 εις

2106 792 2254 844 θείαν
2276 832 2290 854 ,
2323 791 2354 861 ἢ
2404 794 2482 852 εἰς
2519 791 2612 844 δύο
2643 790 2908 859 ἀδελφὰς,
2958 789 2991 859 ἢ
3035 791 3116 850 είς
3153 788 3366 858 μητέρα
3398 788 3560 856 ξένην
3590 787 3697 840 καὶ

2106 884 2204 950 τὴν
2234 883 2404 949 αὐτῆς
2439 883 2734 954 θυγατέρα,
2768 884 2861 935 καὶ
2908 884 2966 935 ὲν
3004 882 3207 950 είδήσει
3234 874 3382 933 οὗτοι
3410 880 3456 911 ⁶¹
3498 879 3698 948 μιγνύ-

2112 993 2297 1044 μενοι,
2335 977 2661 1046 τυπτόμενοι
2718 975 3252 1046 ρινοκοπείσθωςαν,
3287 973 3446 1027 αὐτοί
3493 991 3553 1025 τε
3597 975 3700 1026 καὶ

2112 1067 2199 1131 αἷς
2235 1069 2669 1140 συνεφθάρησαν.
2722 1071 2782 1122 Oi
2829 1069 2966 1138 πρὸς
2994 1068 3173 1136 γάμον
3212 1066 3617 1135 συναπτόμενοι
3662 1065 3697 1132 ἢ

2111 1161 2284 1224 ἄλλως
2337 1162 2612 1232 σαρκικῶς
2667 1160 3129 1230 συμφθειρόμενοι
3169 1158 3471 1225 ὲξὰδελφοι,
3508 1158 3605 1208 καὶ
3645 1155 3698 1206 οῖ

2114 1251 2173 1316 ἐξ
2205 1251 2384 1304 αὐτῶν
2411 1255 2717 1322 τικτόμενοι
2754 1251 2943 1312 παῖδες
2973 1251 3066 1303 καὶ
3102 1250 3281 1318 μόνον,
3309 1250 3342 1318 ἢ
3384 1249 3481 1300 καὶ
3508 1246 3699 1315 πατὴρ

2115 1347 2208 1398 καὶ
2248 1346 2360 1408 υἱὸς
2393 1345 2530 1416 πρὸς
2582 1345 2793 1415 μητέρα
2839 1340 3143 1415 [εἰσιόντες]
3176 1342 3268 1392 καὶ
3298 1341 3602 1409 θυγατέρα,
3654 1339 3689 1410 ἢ

2114 1437 2207 1490 δύο
2246 1437 2464 1506 ἀδελφοὶ
2515 1438 2594 1499 είς
2629 1437 2722 1490 δύο
2765 1436 3035 1503 ἀδελφὰς,
3085 1434 3117 1504 ἦ
3167 1432 3259 1484 δύο
3292 1431 3518 1496 ἀδελφοὶ
3557 1429 3700 1500 προς

2122 1531 2335 1599 μητέρα
2366 1532 2458 1583 καὶ
2505 1531 2784 1600 θυγατέρα
2807 1568 2821 1590 ,
2857 1529 2993 1599 πρὸς
3024 1527 3104 1597 τῷ
3133 1523 3398 1594 χωρισμῷ
3450 1523 3545 1576 καὶ
3605 1539 3700 1572 τυ·

2120 1621 2460 1676 πτέσθωσαν.
2503 1622 2562 1676 '0
2613 1625 2679 1690 τῇ
2716 1621 2821 1688 ἰδίᾳ.
2873 1615 3206 1686 συντέκνῳῆ
3243 1614 3468 1680 ὀνόματι
3511 1611 3699 1678 γάμου

2121 1712 2476 1782 μιγνύμενος,
2504 1713 2538 1783 ἢ
2571 1714 2666 1766 καὶ
2695 1712 2870 1774 ἄλλως
2907 1708 3180 1778 λαθραίως
3217 1703 3702 1773 συμπλεκόμενος.

2120 1805 2235 1875 ἃμα
2265 1808 2330 1874 τῇ
2363 1805 2498 1874 αὐτῇ
2535 1801 2952 1876 ῥινοκοπείσθω.
2979 1802 3041 1853 Εἰ
3071 1799 3128 1852 δὲ
3155 1797 3424 1865 ὕπανδρος
3458 1793 3572 1862 εἴη,
3605 1793 3704 1845 καὶ

441 1884 782 1953 mulieribus,
849 1902 986 1958 quas
1061 1895 1404 1959 stuprarunt,
1479 1891 1800 1956 verberatis,
1856 1908 2019 1948 nares

2127 1896 2508 1949 τυπτέσθωσαν
2539 1896 2670 1964 πρὸς
2699 1895 2895 1963 τούτῳ.

440 1975 836 2032 abscinduntor
897 1979 1033 2047 ('22).
1094 1977 1195 2045 Qui
1262 1981 1618 2033 matrimonio
1684 1983 2116 2053 coniunguntur,
2188 1987 2268 2038 vel
2344 1987 2503 2040 aliter
2583 1985 2873 2052 complexu
2957 1981 3143 2036 carnis
3229 1993 3352 2034 sese
3435 1965 3706 2043 stupran‘

440 2069 742 2139 patrueles,
782 2079 836 2126 et
881 2087 943 2126 ex
977 2072 1057 2128 eis
1110 2073 1360 2142 prognati
1411 2075 1565 2129 liberi
1612 2075 1906 2143 duntaxat,
1966 2079 2047 2132 vel
2113 2090 2266 2149 pater
2299 2088 2354 2135 et
2401 2080 2542 2134 filius
2575 2094 2700 2134 cum
2737 2085 2913 2134 matre
2951 2091 3013 2130 ac
3049 2075 3178 2138 lilia,
3211 2075 3294 2126 vel
3342 2070 3452 2124 duo
3495 2068 3706 2121 fratres

440 2179 564 2216 cum
597 2163 809 2219 duabus
847 2164 1152 2229 sororibus,
1196 2166 1279 2219 vel
1309 2165 1418 2220 duo
1450 2165 1647 2223 fratres
1677 2183 1802 2223 cum
1839 2180 2013 2224 matre
2057 2187 2118 2224 ac
2145 2173 2487 2241 tilia,pra:ler
2509 2171 2912 2240 separationem
2933 2169 3096 2220 etiam
3153 2165 3507 2220 verberantor
3560 2159 3705 2226 (Ξό).

441 2255 542 2322 Qui
590 2269 714 2309 cum
749 2269 847 2311 sua
895 2264 1195 2310 commatre
1236 2257 1318 2310 vel
1368 2258 1586 2312 nomine
1627 2260 1889 2330 coniugii,
1935 2261 2012 2315 vel
2051 2261 2216 2315 etiam
2257 2263 2416 2316 aliter
2455 2261 2595 2316 clam
2637 2276 2752 2316 rem
2801 2261 2982 2323 habet,
3031 2270 3138 2310 una
3216 2268 3339 2307 cum
3391 2267 3453 2306 ea
3533 2265 3707 2303 nares

441 2347 676 2402 amittat.
705 2345 860 2412 Quod
909 2346 956 2403 si
1004 2356 1303 2403 commatcr
1357 2350 1512 2404 alteri
1559 2350 1676 2404 viro
1724 2363 1891 2422 nupta
1931 2355 2020 2418 sit,
2063 2355 2167 2411 hoc
2198 2357 2363 2410 etiam
2392 2356 2627 2424 amplius
2663 2356 3032 2410 verberautor.

444 2459 520 2514 De
539 2459 619 2515 his
653 2461 741 2531 qui
761 2462 1100 2518 matrimonio
1121 2463 1224 2518 sibi
1247 2463 1494 2518 cooulant
1516 2463 1622 2518 Deo
1643 2475 2000 2518 consecratas.

520 2619 707 2673 Canon
745 2628 956 2689 quarta:
1000 2621 1192 2692 synodi
1237 2622 1483 2677 decimus
1516 2631 1702 2678 sextus
1731 2625 1826 2686 ait,
1856 2624 2018 2691 virgi-

447 2725 595 2775 nem,
627 2726 746 2780 quae
773 2710 1003 2767 Domino
1042 2711 1150 2768 Deo
1176 2728 1235 2768 se
1257 2713 1543 2774 dicaverit,
1569 2713 1863 2783 itidemque
1886 2716 2018 2768 suti-

449 2803 675 2864 tarium,
707 2816 815 2857 non
846 2803 1048 2858 habere
1071 2804 1347 2859 licentiam
1382 2805 1742 2859 contralteudi
1778 2805 2014 2874 nuptias.

446 2891 606 2959 Quod
634 2895 680 2948 si
713 2893 985 2964 promissa
1035 2894 1311 2960 violarint,
1349 2909 1380 2948 a
1417 2895 1802 2950 communione
1862 2910 2019 2948 sacra

450 2988 833 3059 segregandos.
863 2987 1103 3060 Tempus
1146 2998 1328 3046 autem
1376 2992 1710 3062 paenitentiae
1752 2991 2018 3058 ipsorum,

452 3080 558 3135 loci
592 3080 883 3150 episcOpus
908 3095 1004 3150 pro
1026 3081 1295 3150 cujusque
1317 3081 1682 3152 dispositione
1705 3083 2020 3136 constituet.

451 3173 586 3230 Nam
610 3185 662 3229 et
685 3172 980 3244 Gregorius
1011 3174 1102 3228 ille
1132 3173 1439 3243 Thoologus
1461 3174 1536 3226 ait
1564 3190 1578 3228 :
1612 3173 1668 3227 Si
1699 3173 2023 3242 sponsiones

454 3281 586 3337 erga
647 3264 898 3321 homines
957 3264 1130 3322 factas
1189 3264 1367 3321 firmat
1420 3265 1564 3320 Deus
1617 3265 2020 3329 interveniens,

2130 2467 2266 2535 Περὶ
2302 2465 2421 2520 τῶν
2456 2465 2555 2520 ἐπὶ
2587 2463 2750 2533 γάμῳ
2789 2461 3218 2531 ,λαμϐανόντων
3253 2457 3332 2521 τῷ
3368 2452 3490 2518 Θεῷ
3534 2454 3704 2520 ἀφίει

2765 2536 3058 2602 ρωμένας.

2209 2631 2268 2680 ⁸0
2321 2636 2395 2693 ις’
2443 2629 2541 2697 τῆς
2592 2627 2632 2680 δ’
2691 2625 2909 2678 συνόδου
2976 2621 3154 2674 κανὼν
3206 2616 3473 2688 παρθένον
3536 2615 3711 2682 φησὶν

2134 2721 2430 2775 ἀναθεῖσαν
2466 2717 2667 2788 ἑαυτὴν
2701 2715 2778 2786 τῷ
2814 2714 3058 2783 Δεσπότῃ
3088 2710 3244 2781 Θεῷ,
3294 2707 3556 2765 ὡσαύτως
3607 2705 3709 2757 καὶ

2131 2811 2466 2882 μονάζοντα,
2529 2809 2604 2880 μὴ
2652 2807 2851 2872 ἐξεῖναι
2900 2805 3065 2874 γάμῳ
3114 2799 3504 2871 προσομιλεῖν⁸
3556 2799 3605 2847 εξ
3650 2793 3712 2847 δὲ

2130 2903 2435 2972 παραϐαῖεν
2461 2901 2531 2954 τὰ
2577 2897 2995 2970 ὡμολογημένα,
3027 2895 3123 2963 τῆς
3161 2891 3312 2952 θείας
3342 2884 3708 2957 ἀφορίζεσθαι

2130 2996 2432 3057 κοινωνίας.
2490 2992 2590 3046 Τὸν
2643 2992 2699 3045 δὲ
2749 2990 2941 3062 χρόνον
2985 2987 3083 3055 τῆς
3127 2983 3304 3037 αὐτῶν
3355 2978 3646 3050 μετανοίας
3678 2978 3709 3028 ὁ

2130 3088 2273 3142 κατὰ
2316 3089 2480 3140 τόπον
2519 3085 2816 3146 ἐπίσκοπος
2847 3081 2982 3150 πρὸς
3019 3077 3257 3131 διάθεσιν
3290 3073 3524 3126 ἑκάστου
3560 3071 3710 3122 obto-

2130 3185 2379 3254 νομήσει,
2405 3182 2544 3252 Φησὶ
2572 3180 2681 3249 γὰρ
2704 3179 2799 3231 καὶ
2823 3179 2856 3247 ή
2885 3174 3136 3240 θεολόγος
3169 3169 3476 3241 Γρηγορίου
3507 3165 3664 3234 φωνή
3688 3179 3704 3192 ’

2085 3264 2091 3269 ’
2133 3277 2194 3328 El
2216 3275 2324 3344 γὰρ
2353 3275 2449 3336 τὰς
2485 3271 2620 3344 πρὸς
2649 3267 2968 3340 ἀνθρώπους
2998 3264 3287 3331 ὁμολογίας
3319 3257 3545 3330 ὲμπεδοῖ
3573 3255 3710 3317 Θεὸς

454 3367 719 3429 quantum
760 3360 1062 3430 periculum
1101 3359 1285 3421 fuerit,
1315 3360 1361 3416 si
1410 3367 1718 3429 pactorum,
1749 3374 1870 3429 qua:
1907 3373 2021 3412 cum

2139 3368 2300 3436 μέσος
2329 3361 2728 3435 παραληφθεὶς,
2762 3359 2924 3420 πόσος
2947 3360 2974 3409 ὁ
3002 3356 3246 3414 κίνδυνος
3270 3345 3344 3404 ὧν
3374 3349 3511 3419 πρὸς
3546 3344 3712 3399 αὐτὸν

455 3453 577 3522 ipso
616 3449 729 3507 Deo
771 3450 1024 3515 fecimus,
1071 3452 1364 3507 violatores
1407 3451 1792 3505 inveniamur?
1834 3449 2023 3504 Canon

460 3551 640 3596 autem
671 3555 746 3605 iv,
776 3541 968 3610 synodi
995 3549 1183 3603 sextae,
1215 3557 1364 3605 eum,
1393 3542 1485 3611 qui
1514 3557 1638 3596 cum
1669 3540 1895 3595 muliere
1920 3540 2030 3594 Deo

457 3639 780 3686 consecrata
810 3632 940 3693 coit.
973 3636 1091 3686 sive
1121 3632 1330 3688 scilicet
1362 3633 1450 3687 illa
1493 3634 1565 3688 sit
1594 3633 1768 3704 virgo,
1797 3635 1912 3689 sive
1951 3635 2028 3686 vi-

461 3723 592 3786 dua,
621 3722 840 3780 abdicat
873 3723 1073 3787 officio,
1101 3724 1147 3779 si
1180 3724 1254 3780 sit
1294 3725 1560 3790 clericus;
1592 3725 1678 3780 sin
1709 3725 1905 3788 laicus,
1948 3742 2032 3778 re»

462 3815 623 3885 legat.
672 3813 782 3871 Lex
817 3815 1036 3886 quidem
1068 3817 1230 3873 aliam
1259 3833 1473 3888 pmnam
1514 3817 1725 3888 inﬂigit.
1763 3816 2029 3872 Caeterum

461 3919 584 3975 qua:
615 3919 763 3960 nunc
795 3905 996 3961 dicturi
1027 3921 1217 3963 sumus
1249 3923 1315 3962 ex
1347 3909 1704 3978 sequentibus
1745 3907 1833 3962 hic
1876 3922 2033 3962 cano-

464 3998 651 4064 nibus,
681 3998 756 4053 ita
788 3999 1007 4070 quidem
1038 3999 1318 4055 damnavit
1347 4017 1523 4056 rerum
1553 3999 1900 4065 vicissitudo,
1925 4015 2030 4052 non

462 4089 698 4160 amplius
728 4099 787 4143 ut
829 4091 884 4144 in
919 4105 1020 4146 usu
1059 4091 1200 4156 sint,
1231 4090 1326 4146 sed
1356 4100 1700 4161 exponantur
1729 4101 1931 4145 tamen.
1968 4107 2032 4144 xv

463 4196 641 4237 canon
675 4180 867 4253 synodi
907 4190 1116 4252 quarta:
1148 4201 1162 4236 :
1194 4181 1314 4238 Non
1341 4183 1647 4245 ordinatur,
1684 4183 1880 4253 inquit,
1914 4200 2034 4236 mu-

465 4273 562 4328 lict
596 4274 906 4329 diaconissa
951 4274 1100 4344 prius
1138 4290 1300 4345 quam
1334 4277 1399 4330 ad
1438 4291 1638 4329 annum
1684 4276 2034 4344 quadragesi-

467 4385 614 4423 mum
653 4369 981 4438 pervenerit.
1017 4367 1149 4434 Qua:
1178 4383 1307 4422 vero
1331 4375 1449 4436 post
1481 4369 1876 4422 ordinationem
1907 4382 2036 4422 con-

469 4459 691 4516 tumelia
728 4461 961 4529 gratiam
1010 4460 1252 4514 divinam
1294 4457 1556 4522 an‘ecerit,
1589 4468 1642 4513 et
1679 4459 1886 4528 nUptiis
1918 4475 2038 4514 sese

469 4553 758 4608 tradiderit
795 4571 811 4611 :
845 4562 953 4606 tam
995 4551 1109 4621 ipsa
1147 4552 1452 4620 percutitur
1479 4551 1851 4613 anathemate,
1875 4566 2036 4618 quam

467 4647 561 4716 qui
593 4646 765 4716 stupri
801 4658 926 4699 cum
965 4657 1028 4698 ea
1069 4641 1522 4697 consuetudinem
1561 4641 1769 4695 habuit.
1807 4641 2036 4695 Basilius

469 4753 702 4808 magnus
746 4738 801 4792 in
853 4751 1065 4791 canone
1099 4751 1222 4790 xxiv
1252 4753 1266 4790 :
1304 4732 1480 4795 Licet,
1517 4733 1712 4804 inquit,
1745 4735 1858 4787 viro
1894 4733 2036 4788 facto

471 4831 632 4886 viduo
663 4830 812 4886 nulla
853 4831 936 4886 lex
973 4829 1261 4895 incumbit,
1289 4843 1411 4898 quae
1441 4826 1709 4882 secundas
1739 4826 1788 4880 ei
1817 4828 2036 4895 nuptias

469 4922 776 4995 prohibeat,
842 4931 1066 4991 excepta
1109 4920 1376 4975 duntaxat
1425 4933 1586 4988 pmna
1634 4917 1972 4988 digamorum
2019 4937 2032 4970 :

469 5023 652 5068 tamen
695 5026 814 5067 eam
859 5013 1167 5077 mulierem,
1217 5027 1337 5082 quae
1369 5010 1654 5066 viduarum
1702 5011 1756 5063 in
1789 5009 2035 5063 ordinem

469 5114 747 5178 cooptata,
797 5107 1051 5175 deinceps
1097 5105 1378 5175 nupserit,
1425 5103 1699 5158 vitandam
1744 5104 2038 5172 Apostolus

470 5198 683 5263 statuit,
719 5211 820 5254 nec
845 5195 1095 5252 alendam
1130 5195 1198 5250 ab
1227 5195 1491 5251 Ecclesia.

543 5291 835 5364 Sexaginta
865 5303 992 5346 vero
1039 5303 1304 5345 annorum
1335 5287 1552 5354 mulier,
1588 5288 1633 5343 si
1666 5288 1935 5343 secundas
1966 5285 2035 5339 ad

2134 3457 2371 3527 ἐθέμεθα
2423 3456 2512 3509 τὸν
2565 3453 2700 3506 Θεὸν
2756 3449 3075 3520 συνθηκῶν,
3126 3445 3333 3499 τούτων
3381 3439 3713 3512 ⁸ἰε-,ιραὸἀτιις

2132 3547 2520 3620 εὐρίσκεσθαι;
2570 3546 2628 3598 Ὀ
2687 3543 2742 3596 δὲ
2783 3542 2822 3594 δ’
2860 3541 2958 3609 τῆς
3008 3537 3060 3603 ς’
3097 3536 3312 3590 συνόδου
3353 3534 3446 3588 τὸν
3489 3531 3713 3599 γυναικὶ

2139 3644 2466 3712 μιγνύμενον
2517 3634 2873 3708 ἀφιερωμὲνῃ
2921 3631 3075 3700 Θεῷ,
3132 3628 3242 3681 εἴτε
3289 3624 3558 3696 παρθένος
3622 3621 3710 3690 εἴη

2133 3733 2366 3802 δηλαδὴ,
2403 3731 2510 3783 είτε
2565 3731 2747 3799 χήρα,
2793 3724 3056 3795 κληρικὸν
3109 3721 3208 3790 μὲν
3256 3718 3386 3770 ὄντα
3420 3713 3708 3781 καθαιρεῖ,

2134 3826 2319 3878 hibe
2347 3825 2402 3876 δὲ
2427 3824 2699 3892 ἀφορίζει.
2738 3818 2947 3881 ’Ἄλλως
2972 3817 3029 3869 δὲ
3063 3817 3090 3867 ὁ
3120 3813 3282 3881 νόμος
3319 3807 3562 3870 κολάζει.
3588 3805 3711 3857 τῶν

2140 3919 2323 3988 μέντοι
2376 3919 2486 3979 τοῖς
2524 3915 2652 3981 ἑξῆς
2705 3909 3095 3983 ῥηθησομένων
3145 3905 3387 3963 κανόσιν,
3439 3897 3711 3968 ἀπραξίαν

2142 4013 2236 4080 μὲν
2276 4013 2308 4080 ἠ
2343 4010 2450 4063 τῶν
2483 4006 2824 4078 πραγμάτων
2855 3999 3265 4070 κατεψηφίσατο
3303 3992 3595 4065 μεταδο).ὴ,
3622 3989 3709 4080 1e-

2139 4079 2318 4167 γὲσθω
2367 4117 2429 4167 γε
2485 4101 2613 4168 μήν.
2671 4098 2738 4149 '0
2772 4094 2833 4148 ιε’
2875 4093 2973 4161 τῆς
3007 4089 3046 4144 δ’
3082 4088 3298 4142 συνόδου
3351 4083 3567 4146 κανὼν,
3617 4079 3712 4149 Μὴ

2137 4191 2568 4262 χειροτονείσθω,
2598 4189 2754 4258 φησὶ,
2785 4184 2922 4255 γυνὴ
2960 4183 3224 4246 διάκονος,
3255 4179 3384 4248 πρὶν
3414 4179 3493 4238 είς
3517 4190 3711 4227 τεσσα-

2142 4283 2404 4356 ρακοστὸν
2445 4281 2612 4350 αὐτὴν
2641 4280 2798 4348 ἥκειν
2829 4275 3041 4346 χρόνον.
3073 4273 3183 4341 Τὴν
3207 4271 3265 4323 δὲ
3304 4268 3443 4338 μετὰ
3468 4267 3566 4334 τὴν
3595 4281 3710 4333 χειο

2144 4378 2385 4448 ροτονίαν
2425 4376 2504 4438 είς
2537 4375 2637 4443 τὴν
2692 4372 2847 4425 θείαν
2876 4367 3176 4438 ὑδρίσασαν
3208 4364 3391 4434 χάριν,
3429 4359 3520 4411 καὶ
3548 4358 3712 4426 γάμῳ

2142 4470 2338 4538 ἑαυτὴν
2386 4465 2699 4529 ἐπιδοῦσαν,
2729 4462 2936 4533 ταύτην
2977 4477 3036 4512 τε
3071 4451 3588 4524 ἀναθεματίζεσθαι,
3623 4451 3712 4500 καὶ

2142 4559 2232 4610 τὸν
2271 4537 2406 4627 αὐτῇ
2463 4553 2872 4625 συμφθαρὲντα.
2924 4550 2982 4602 ’0
3014 4548 3071 4600 δὲ
3111 4547 3282 4615 μέγας
3327 4537 3606 4600 Βασίλειος
3656 4538 3712 4588 ἐν

2065 4677 2117 4736 D
2143 4646 2221 4713 τῷ
2245 4645 2320 4697 κδ’
2354 4643 2561 4707 κανόνι,
2585 4643 2646 4693 Εἰ
2679 4642 2774 4694 καὶ
2800 4640 2976 4708 ἀνδρὶ,
2997 4637 3150 4706 φησὶ,
3181 4631 3512 4706 χηρεύσαντι
3542 4627 3714 4686 οὐδεὶς

2143 4739 2414 4790 ἐπίκειται
2451 4736 2634 4804 νόμος,
2668 4735 2696 4786 ό
2735 4731 2961 4785 κωλύων
2990 4727 3436 4797 δευτερογαμεῖν,
3471 4723 3522 4774 εἰ
3555 4719 3627 4790 μὴ
3655 4718 3712 4769 τὸ

2143 4830 2252 4882 τῶν
2282 4829 2529 4898 διγάμων
2556 4827 2829 4897 ἐπιτίμιον
2863 4824 3054 4894 μόνον’
3089 4821 3224 4875 ἁλλά
3254 4835 3316 4886 γε
3350 4817 3449 4884 τὴν
3482 4814 3558 4883 τῷ
3584 4811 3710 4878 τάγ-

2149 4939 2280 4990 ματι
2332 4921 2439 4974 τῶν
2493 4919 2679 4990 χηρῶν
2733 4918 3127 4984 καταλεγεῖσαν
3176 4913 3436 4980 γυναῖκα,
3491 4905 3713 4972 ὕστερον

2146 5013 2497 5082 γαμουμένην
2523 5010 2736 5080 ἔκρινεν
2765 5011 2793 5062 ό
2853 5005 3176 5068 ’Λπόστολος
3214 4998 3585 5074 παρορᾶσθαι,
3623 4994 3713 5047 καὶ

2149 5105 2223 5174 μὴ
2252 5102 2548 5173 τρέφεσθαι
2584 5102 2734 5172 παρὰ
2758 5101 2856 5170 τῆς
2899 5096 3244 5167 Ἐκκλησίαςο

2225 5286 2288 5336 'Il
2339 5286 2519 5354 μέντοι
2574 5279 2962 5349 ἑξηκοντούτης
2998 5278 3045 5330 εἰ
3100 5271 3534 5345 πρδςόεύτερον
3583 5268 3711 5320 ἁπο-

1747 5443 1982 5500 VARUE
2026 5439 2430 5496 LECTIONES.

580 5536 626 5572 ⁸³
660 5537 854 5601 οὕτως.

1977 5646 2204 5707 ΝΟΤΛῖ.

548 5747 660 5817 (21)
690 5747 910 5800 Basilic.
947 5745 1037 5799 lib.
1075 5760 1162 5807 ιτ,
1202 5745 1287 5799 tit.
1345 5741 1596 5817 57,__cap.
1641 5743 1728 5799 69.
1790 5760 1854 5799 ex
1899 5745 2031 5813 imp.

474 5814 709 5888 alicujus
733 5817 1052 5874 recentioris
1076 5814 1577 5870 constitutionibus.

2215 5741 2324 5809 (se)
2376 5739 2508 5794 Dicti
2538 5740 2630 5790 lib.
2661 5749 2712 5790 et
2746 5739 2827 5792 tit.
2864 5727 2979 5807 cap.
3014 5736 3098 5789 7o.

2222 5813 2330 5881 (‘23)
2356 5812 2486 5880 Cap.
2507 5810 2568 5861 τι
2597 5809 2732 5864 ibid.
