3990 6574
285 400 424 470 1273
453 438 459 444 ρ

1571 418 1615 477 G
1626 417 1837 478 R/ECO
1849 416 2274 481 ~ROMANUM.

3408 413 3549 479 1274

282 516 483 570 κλίνειε
518 520 721 597 γάμον,
755 521 852 592 τῆς
886 524 1172 589 κοινωνίας
1220 527 1733 599 ἀποκλεισθήσεται,
1768 528 1864 598 μέ-

1975 533 2190 601 nuptias
2215 533 2495 600 respiciat.
2533 528 2859 586 excludetur
2884 542 2913 582 a
2941 528 3347 591 communione,
3375 527 3551 582 donec

282 627 406 681 χρις
439 610 509 665 ἂν
538 612 636 665 τοῦ
670 614 874 679 πάθους
915 616 1151 687 ἀποστῇ,
1185 618 1246 670 τὸ
1273 620 1463 686 ἐναγὲς
1494 621 1683 674 τούτου
1713 621 1873 692 μισή-

286 717 431 757 σασα
465 705 563 757 καὶ
600 706 930 779 ἀκάθαρτον.
968 708 1031 761 Et
1060 711 1243 779 μέντοι
1280 711 1384 782 πρὸ
1412 712 1674 781 ἐξήκοντά
1708 729 1872 782 φησιν

282 794 421 847 ἐτῶν
468 798 597 860 ταῖς
628 797 827 867 χήραις
871 799 1040 869 αὐτὴν
1082 801 1480 873 ἁριθμήσομεν,
1516 805 1783 876 ἡμέτερον
1813 807 1874 860 τὸ

283 881 573 954 ἔγκλημα,
630 888 690 940 ού
729 887 824 941 τοῦ
853 891 1098 956 γυναίου.
1135 892 1196 945 Οί
1244 896 1365 958 ταῖς
1415 894 1794 964 μοναξούσαις,
1838 898 1870 970 ἢ

283 977 401 1037 ταῖς
434 974 744 1045 διακόνοις,
777 979 809 1050 ἥ
848 983 968 1044 ταῖς
1006 984 1331 1055 ἁσκητρίαις
1375 986 1870 1054 ὲνασελγαίνοντες,

280 1065 356 1131 ὡς
388 1070 475 1133 εἰς
522 1069 624 1141 τὴν
672 1071 889 1145 νύμφην
937 1076 1171 1146 Χριστοῦ
1211 1077 1307 1146 τὴν
1350 1079 1677 1148 Ἐκκλησίαν
1718 1081 1872 1151 ὑδρί-

281 1157 513 1227 ζοντες,
577 1166 1074 1233 ρινοκοπείσθωσαν
1125 1169 1279 1223 αὐτοί
1333 1187 1430 1236 τε,
1481 1171 1577 1225 καὶ
1627 1165 1716 1235 αἷς
1779 1167 1870 1226 οῦ-

279 1267 362 1304 τοι
419 1254 864 1325 συνεφθάρησαν.
916 1259 980 1312 Αἱ
1032 1260 1506 1331 χειροτονούμεναι
1542 1261 1781 1316 διάκονοι
1820 1263 1870 1317 εί

279 1341 622 1415 τολμήσαιεν
669 1347 1043 1419 καταισχῦναι.
1065 1350 1161 1422 τὴν
1206 1353 1562 1423 χειροτονίαν,
1602 1372 1872 1426 προσομι-

280 1434 477 1491 λοῦσαι
501 1438 667 1511 γάμῳ
698 1440 733 1511 ἢ
777 1441 909 1513 ἄλλῃ
961 1442 1078 1513 βίου
1138 1445 1302 1516 πορίᾳ
1330 1445 1395 1511 ⁸³,
1442 1446 1674 1502 οανάτοῡ
1707 1447 1869 1519 γενή-

282 1545 472 1582 σονται
498 1529 697 1601 ἔνοχοι,
727 1533 962 1598 καὶτοῖς
999 1535 1179 1590 αὐτῶν
1224 1539 1630 1609 μοναστηρίοις,
1666 1539 1699 1610 ἢ
1750 1542 1869 1603 ταῖς

279 1620 469 1675 αὐτῶν
501 1622 824 1694 ἐκκλησίαις
870 1629 925 1680 al
970 1628 1150 1682 αὐτῶν
1192 1630 1503 1698 περιουσίαι
1540 1612 1868 1703 προσκυρω-

280 1712 585 1782 θήσονταν
615 1717 662 1769 οἱ
708 1717 764 1770 δὲ
814 1720 991 1789 γῆμαι
1042 1721 1135 1773 καὶ
1176 1720 1396 1792 φθεῖραι
1446 1722 1618 1786 αὑτὰς
1660 1722 1869 1786 τολμή-

280 1821 503 1871 σαντες,
534 1807 827 1862 ὑπεύθυνοί
868 1811 973 1863 είσι
1010 1810 1175 1883 ξίφει,
1216 1813 1313 1866 καὶ
1339 1813 1438 1885 τὴν
1470 1813 1658 1868 οὐσίαν
1687 1813 1867 1870 αὐτῶν

277 1895 339 1949 τὸ
368 1896 637 1969 δημόσιον
664 1899 916 1972 λήψεται.

426 2101 564 2156 Ὀτι
598 2104 670 2159 οὐ
701 2103 798 2158 δεῖ
830 2103 1058 2185 γάμους
1090 2104 1537 2185 συναλλάττειν
1575 2107 1724 2176 μετὰ

915 2178 1245 2245 αἱρετικῶν.

363 2262 426 2318 Ὃ
453 2265 559 2335 μὲν
590 2264 652 2320 ιδ’
680 2268 778 2337 τῆς
808 2267 852 2322 δ’
895 2268 1116 2323 συνόδου
1153 2268 1334 2323 κανὼν
1375 2270 1692 2340 ὁρθοδόξους
1732 2270 1868 2342 κλη-
1913 2322 1924 2333 ,

279 2359 474 2427 ρικοὺς
500 2360 811 2429 αίρετικαῖς
847 2360 1216 2416 συνάπτεσθαι
1251 2363 1465 2431 γυναιξὶ
1504 2363 1685 2432 πάντη
1703 2362 1867 2416 ἀπεί-

281 2463 443 2518 ρηκε.
464 2449 589 2503 Ἱῖῶν
625 2450 683 2503 δὲ
704 2451 807 2521 ἠδη
851 2453 1244 2522 συνῳκηκότων
1269 2453 1390 2517 τοὺς
1418 2455 1617 2517 παῖδας
1638 2457 1705 2525 τῇ
1736 2454 1868 2508 καθ-

279 2536 441 2611 ολικῇ
487 2541 787 2613 Ἐκκλησία
821 2542 1034 2599 κελεύει
1070 2544 1464 2615 προσάγεσθαι.
1507 2546 1619 2600 Καὶ
1667 2548 1715 2599 εί
1769 2546 1870 2616 μὲν

278 2631 390 2695 ὑπὸ
419 2633 719 2704 αίρετικῶν
745 2634 936 2704 ἔτυχον
965 2635 1381 2708 βαπτισάμενοι.
1405 2634 1480 2692 ὧν
1501 2640 1561 2691 τὸ
1587 2638 1869 2709 βάπτισμα

279 2724 397 2787 τοῖς
441 2723 616 2793 ὑγιῶς
649 2726 942 2798 φρονοῦσιν
997 2727 1331 2799 ἀπόϐλητον.
1375 2729 1583 2785 ἄνωθεν
1615 2730 1871 2801 βαπτίζε-

284 2810 434 2866 σθαι’
473 2815 525 2867 εί
569 2814 614 2868 δ’
637 2814 748 2881 οὖν,
782 2817 930 2889 μόνῳ
958 2816 1034 2888 τῷ
1068 2814 1196 2889 θέίῳ
1232 2820 1480 2892 χρίεσθαι
1509 2821 1685 2893 μύρῳ.
1720 2823 1783 2875 Εἰ
1811 2824 1869 2876 δὲ

287 2904 458 2975 μήπω
489 2904 866 2977 βαπτίσματος
892 2909 1148 2979 σφραγῖδι
1174 2912 1640 2980 ὲνεσημάνθησαν,
1669 2912 1867 2982 μηκέτι

285 2992 393 3061 ὑπὸ
415 2996 715 3066 αίρετικῶν
745 2997 1129 3067 βαπτίζεσθα’.
1181 3000 1342 3055 Ἀλλὰ
1373 3003 1480 3070 μὴν
1529 3003 1665 3073 μηδὲ
1696 3020 1862 3074 γαμι·⁵

284 3082 399 3146 κῶς
444 3085 740 3140 συνάπτειν
778 3087 1002 3152 τούτους
1047 3091 1364 3160 αἱρετικοίς,
1405 3092 1545 3161 μήτε
1592 3092 1696 3164 μὴν
1732 3094 1868 3148 Ἰου-

281 3172 484 3242 δαίοις,
519 3174 647 3247 μηθ’
680 3176 962 3247 Ἕλλησιν.
1014 3179 1337 3248 Αίρετικοὺς
1376 3180 1474 3249 μὲν
1501 3182 1626 3245 τοὺς
1651 3182 1712 3235 τὸ
1745 3183 1867 3236 καθ’

284 3264 434 3333 ἡμᾶς
465 3265 788 3336 δεχομένους
830 3270 1335 3341 μυστήριονκλέγω,
1368 3270 1426 3324 ἐν
1461 3289 1570 3325 τισι
1596 3272 1653 3325 δὲ
1696 3274 1866 3343 σφαλ-
1899 3260 1940 3315 (ἶ

282 3353 550 3427 λομένους
595 3361 709 3424 τοῖς
748 3361 1071 3431 ὀρθοδόξοις.
1121 3362 1409 3427 Ἰουδαίους
1455 3364 1533 3429 δὲ,
1580 3367 1706 3429 τοὺς
1752 3384 1871 3436 χρι-

285 3450 612 3515 στοκτόνους
632 3466 646 3480 ·
676 3452 769 3506 καὶ
793 3453 1086 3523 Ἕλληνας,
1112 3455 1235 3520 τοὺς
1265 3456 1582 3526 περιφανῶς
1608 3457 1871 3522 ἀπίστους

283 3546 381 3594 καὶ
412 3542 807 3615 εἰδωλομανίαν
836 3546 1148 3612 νοσοῦντας.
1183 3549 1246 3603 Εί
1284 3549 1329 3602 δ’
1365 3549 1494 3614 ἴσως
1524 3552 1554 3604 ὁ
1596 3551 1871 3621 αἱρετικὺς

284 3631 318 3701 ἢ
348 3635 377 3685 ό
424 3633 656 3701 ἄπιστος
700 3639 990 3692 συνθέσθαι
1041 3644 1107 3709 τῇ
1158 3641 1424 3713 ὀρθοδόξῳ
1472 3643 1869 3712 ἐπαγγέλλεται

285 3724 495 3791 πίστει,
517 3728 579 3781 τὸ
611 3729 712 3800 μὲν
733 3731 1108 3803 συνάλλαγμα,
1150 3735 1307 3804 φησι,
1361 3735 1722 3802 προδαινέτω,
1758 3737 1871 3806 ἠδέ

279 3831 343 3879 γε
375 3819 650 3885 συνάφεια
699 3820 1113 3891 ύπερτιθέσθω,
1150 3824 1346 3897 μέχρις
1389 3822 1456 3877 ἂν
1503 3826 1597 3878 καὶ
1644 3825 1712 3879 τὰ
1772 3826 1871 3893 τῆς

280 3908 621 3977 ἐπαγγελίας
665 3909 847 3979 ἔργοις
897 3912 1191 3984 βεϐαιωθῇ.
1246 3913 1433 3969 Ταῦτα
1479 3915 1575 3969 καὶ
1617 3914 1724 3969 τῶν
1755 3917 1869 3970 Λα-

278 3999 448 4055 τίνων
481 4005 655 4056 ποιεῖν
687 4003 1108 4081 εἰσπράττονται
1136 4008 1184 4059 οἱ
1220 4006 1535 4078 ὀρθοδὸξους
1566 4007 1869 4077 ἀγαγέσθαι

282 4096 552 4160 γυναῖκας
588 4095 929 4166 αἱρούμενοι.
968 4098 1031 4150 Οί
1065 4097 1123 4152 δὲ
1169 4098 1246 4169 μὴ
1287 4097 1602 4169 πειθόμενοι
1632 4100 1868 4166 τούτοις,

284 4188 594 4250 κανονικοῖς
647 4188 947 4258 ἐπιτιμίοις
987 4189 1341 4249 ὑπόκεινταιο
1380 4191 1476 4246 σὺν
1509 4194 1575 4263 τῇ
1624 4191 1871 4247 διαλύσει

286 4276 396 4347 γὰρ
420 4276 519 4329 τοῦ
552 4277 733 4349 γάμου
781 4281 878 4333 καὶ
913 4283 1280 4351 ὲπιτιμῶνται
1315 4284 1364 4334 οἱ
1413 4282 1868 4353 παραϐαίνοντες.

292 4368 353 4424 ’0
385 4370 446 4425 δὲ
483 4372 583 4442 τῆς
618 4372 676 4425 ὲν
706 4372 1001 4443 Λαοδικείᾳ
1029 4374 1278 4442 δέκατος,
1304 4376 1379 4429 Οὐ
1407 4376 1506 4444 δεῖ,
1559 4377 1710 4448 φησι,
1743 4379 1870 4441 τοὺς

283 4463 382 4529 τῆς
412 4460 745 4531 Ἐκκλησίας
777 4463 1087 4534 ἀδιαφόρως
1118 4466 1253 4536 πρὸς
1276 4468 1564 4520 κοινωνίαν
1591 4468 1770 4537 γάμου
1804 4468 1871 4522 τὰ

285 4552 496 4607 ἑαυτῶν
525 4553 694 4608 τέκνα
740 4556 1034 4611 συνάπτειν
1077 4559 1403 4629 αἱρητικοῖς.
1448 4560 1508 4611 ὐ
1554 4559 1611 4613 δὲ
1645 4566 1729 4613 κα¹
1773 4560 1869 4631 τῆς

286 4646 343 4698 ὲν
405 4644 740 4719 Καρθαγένῃ
799 4647 1022 4702 συνόδου
1093 4648 1161 4703 τὰ
1212 4649 1379 4703 τέκνα
1433 4651 1542 4705 τῶν
1590 4650 1869 4722 κληρικῶν

287 4734 561 4801 ὲθνικοῐς,
618 4739 787 4808 ἧγουν
838 4739 1127 4805 ἀπίστοις,
1184 4741 1217 4811 ἢ
1269 4743 1569 4813 αίρετικοίς
1616 4746 1871 4815 γαμικῶς

287 4828 624 4899 ἀπαγορεύει
656 4831 1045 4891 συνάπτεσθαι.
1106 4836 1165 4890 Ὀ
1198 4838 1255 4891 δὲ
1290 4837 1541 4908 δεύτερος
1573 4844 1673 4912 τῆς
1705 4842 1871 4911 ἕκτης

289 4921 512 4974 συνόδου
575 4920 720 4976 οὕτω
783 4924 924 4979 κατὰ
989 4927 1138 4997 ῥῆμα
1198 4928 1482 4996 θεσπίζει·
1523 4933 1617 5003 Μὴ
1668 4932 1871 4999 ἐξέστω

287 5012 571 5082 δρθόδοξον
641 5014 809 5086 ἄνδρα
875 5017 1126 5089 αἱρετικῇ
1181 5022 1550 5078 συνάπτεσθαι
1611 5025 1864 5093 γυναικί’

295 5104 433 5175 μήτε
474 5107 582 5175 μὴν
614 5108 879 5181 αἱρετικῷ
906 5109 1061 5180 ἀνδρί
1090 5117 1326 5180 γυναῖκα
1360 5114 1640 5185 ὀρθόδοξον
1672 5116 1870 5181 συζεύ-

291 5198 547 5264 γνυσθαι.
585 5200 725 5254 Ἀλλ’
767 5204 816 5256 εί
847 5207 942 5257 καὶ
969 5206 1167 5277 φανείη
1201 5225 1255 5260 τι
1284 5208 1528 5264 τοιοῦτον
1577 5211 1683 5264 ὑπό
1724 5229 1870 5277 τινος

294 5289 400 5342 τῶν
433 5292 690 5348 ἁπάντων
734 5298 1046 5368 γενόμενον,
1101 5300 1306 5371 ἄκυρον
1355 5302 1609 5371 ἡγεῖσθαι
1654 5303 1747 5357 τὸν
1770 5306 1844 5373 γά

296 5399 417 5451 μον,
445 5387 542 5437 καὶ
571 5385 632 5439 τὸ
662 5388 901 5461 ἄθεσμον
925 5391 1238 5447 διαλύεσθαι
1277 5394 1631 5451 συνοικέσιον.
1664 5396 1739 5451 Οὐ
1762 5396 1867 5468 γὰρ

194 5518 199 5523 .
292 5474 398 5547 χρὴ
444 5478 513 5531 τὰ
545 5478 755 5550 ἄμικτα
806 5484 1091 5553 μιγνύναι,
1133 5487 1251 5540 οὐδὲ
1289 5486 1366 5557 τῷ
1409 5489 1669 5560 προόἀτῳ
1706 5490 1872 5544 λύκον

291 5568 730 5640 συμπλέκεσθαι,
762 5577 856 5631 καὶ
887 5580 953 5649 τῇ
986 5579 1080 5632 τοῦ
1133 5579 1370 5651 Χριστοῦ
1407 5580 1586 5652 μερίδι
1625 5581 1715 5633 τὸν
1753 5580 1863 5633 τῶν

1977 623 2046 677 ab
2074 623 2177 676 huc
2199 624 2331 677 vitio
2355 630 2527 678 semel
2557 621 2908 683 abstinuerit,
2933 618 3209 688 piaculum
3239 628 3293 673 et
3317 618 3550 689 impuri-

1976 722 2142 769 tatem
2178 715 2296 784 ejus
2323 722 2630 771 exsecrata.
2658 712 2815 779 Quod
2864 712 2910 766 si
2947 711 3268 781 nosmetipsi
3302 720 3429 765 ante
3454 726 3553 765 an-

1977 820 2103 860 num
2140 806 2540 876 sexagesimum
2575 807 2720 862 inter
2752 803 2944 858 viduas
2997 817 3116 856 eam
3146 802 3500 858 retulerimus
3533 818 3550 869 ;

1976 898 2183 954 crimen
2212 907 2463 952 nostrum
2501 905 2608 964 est,
2643 913 2751 951 non
2805 895 3165 951 mulierculas.
3208 894 3311 960 Qui
3365 895 3556 950 solita-

1974 989 2112 1043 riam
2152 991 2314 1045 vitam
2350 988 2662 1058 agentibus,
2697 995 2790 1042 aut
2814 986 3171 1052 diaconissis,
3212 992 3307 1039 aut
3335 986 3555 1055 pietatis

1975 1080 2236 1135 exercitia
2271 1080 2639 1136 tractantibus
2665 1089 2919 1148 stuprum
2951 1078 3280 1142 intulerint;
3320 1078 3469 1131 velut
3495 1078 3552 1131 in

1976 1171 2282 1228 Ecclesiam
2325 1173 2438 1236 Dei,
2481 1188 2605 1242 qua:
2646 1171 2855 1226 Christi
2889 1186 3094 1240 sponsa
3153 1178 3260 1235 est,
3327 1169 3552 1235 injurii;

1977 1270 2086 1318 tam
2116 1264 2344 1320 naribus
2377 1265 2480 1333 ipsi
2510 1265 2821 1334 priventur,
2849 1279 3014 1331 quam
3047 1276 3168 1332 qua:
3206 1262 3386 1331 stupri
3416 1275 3555 1315 con-

1975 1356 2321 1411 suetudinem
2361 1371 2487 1411 cum
2539 1356 2621 1411 eis
2660 1355 2977 1410 habuerint.
3032 1353 3392 1416 Diaconissae,
3433 1366 3556 1422 qua)

1973 1448 2323 1517 ordinantur,
2358 1449 2402 1503 si
2427 1463 2577 1504 ausae
2608 1447 2813 1503 fuerint
2847 1447 3249 1501 ordinationem
3287 1445 3353 1500 de
3382 1445 3555 1499 hone-

1975 1550 2142 1605 stare,
2180 1541 2260 1595 vel
2296 1540 2731 1606 matrimonium,
2797 1539 2883 1593 vel
2943 1536 3091 1591 aliud
3148 1536 3253 1592 iter
3294 1536 3420 1590 vitae
3478 1549 3557 1589 se-

1973 1632 2196 1695 ctando,
2234 1634 2430 1687 mortis
2461 1648 2567 1687 reae
2636 1632 2790 1695 fient,
2846 1638 2901 1686 et
2933 1630 3287 1685 monasteriis
3341 1641 3553 1691 earum,

1973 1725 2061 1780 vel
2109 1741 2295 1780 earum
2348 1725 2621 1790 ecclesiis,
2692 1724 2981 1779 facultates
3038 1722 3382 1777 addicentur.
3449 1718 3556 1786 Qui

1974 1827 2163 1874 autem
2217 1818 2368 1889 ipsas
2405 1834 2603 1873 uxores
2655 1817 2880 1878 ducere,
2922 1815 3007 1870 vel
3044 1826 3295 1884 stuprare
3346 1810 3555 1865 fuerint

1894 1912 1943 1971 B
1972 1912 2129 1970 ausi:
2165 1910 2330 1983 gladii
2366 1925 2580 1980 pinnam
2615 1916 2920 1970 merentur,
2957 1913 3014 1962 et
3043 1905 3339 1960 facultates
3361 1914 3552 1959 eorum

1970 2006 2138 2062 ﬁscus
2181 2004 2437 2076 accipiet.

2043 2118 2277 2189 Nuptias
2325 2134 2445 2171 cum
2488 2115 2750 2171 hwreticis
2784 2131 2885 2168 non
2911 2130 3025 2168 esse
3074 2110 3481 2166 contrahendas.

2041 2268 2230 2325 Canon
2255 2285 2309 2323 tv
2341 2267 2536 2339 synodi
2566 2277 2775 2337 quartae
2804 2271 2972 2330 vetat,
3013 2278 3114 2319 nec
3146 2263 3332 2319 clerici
3366 2261 3556 2317 ortho-

1970 2363 2100 2418 doxi
2132 2378 2259 2417 cum
2302 2361 2628 2415 mulieribus
2666 2346 2950 2413 hazréticis
2988 2358 3100 2410 ullo
3145 2355 3309 2409 modo
3360 2355 3556 2408 matri-

1970 2458 2156 2513 monia
2185 2456 2537 2511 contrahant.
2582 2454 2787 2508 Eorum
2829 2469 2962 2507 vero
3017 2453 3246 2512 liberos,
3302 2450 3395 2519 qui
3439 2450 3589 2519 jam.

1970 2550 2163 2605 eodem
2199 2548 2254 2602 in
2285 2548 2652 2602 contubernio
2681 2546 2942 2609 vixerint,
2994 2543 3062 2598 ad
3124 2542 3421 2599 Ecclesiam
3471 2555 3559 2594 ca-

1971 2640 2233 2695 tholicam
2276 2638 2475 2694 adduci
2502 2638 2680 2708 jubet.
2718 2637 2798 2690 Ac
2831 2636 2879 2691 si
2919 2635 3140 2705 quidem
3172 2633 3240 2687 ab
3280 2631 3559 2687 haereticis

1969 2733 2082 2804 jam
2123 2731 2391 2802 baptisati
2453 2730 2679 2795 fuerint,
2733 2743 2965 2798 quorum
3025 2725 3314 2797 baptisma
3363 2739 3553 2779 sanam

1972 2823 2304 2879 sententiam
2330 2822 2691 2893 sequentibus
2717 2819 3007 2889 rejiculum
3034 2823 3140 2882 est,
3169 2815 3350 2871 denuo
3375 2815 3557 2883 baptio

1972 2915 2082 2970 sari
2121 2917 2247 2971 :sin
2277 2923 2487 2978 autem,
2546 2921 2829 2981 unguento
2875 2923 3034 2964 sacro
3080 2909 3348 2963 duntaxat
3399 2905 3553 2977 ungi.

1971 3007 2128 3074 Quod
2174 3008 2217 3061 si
2273 3005 2508 3062 necdum
2543 3005 2724 3074 sigillo
2775 3001 3127 3072 baptismatis
3171 2999 3395 3071 signati,
3443 3014 3553 3052 non

1973 3100 2213 3167 amplius
2243 3100 2311 3153 ab
2343 3098 2620 3154 haereticis
2648 3112 2745 3153 eos
2792 3095 3152 3164 baptisandos
3206 3108 3353 3148 esse.
3408 3092 3553 3159 Quin

1974 3193 2135 3245 etiam
2183 3208 2250 3243 ne
2282 3190 2538 3260 conjugis
2571 3189 2791 3259 quidem
2828 3187 2931 3240 hos
2987 3185 3319 3240 contrahere
3349 3184 3553 3237 debere

1975 3296 2098 3335 cum
2139 3282 2435 3343 luereticis,
2468 3296 2571 3335 nec
2605 3294 2730 3333 cum
2752 3276 2982 3339 Judmis,
3018 3290 3119 3330 nec
3150 3290 3275 3329 cum
3301 3272 3551 3343 paganis.

1973 3372 2272 3428 [hereticos
2299 3373 2534 3443 appello,
2568 3371 2661 3442 qui
2691 3371 2812 3425 fidei
2847 3377 3050 3424 nostra!
3081 3366 3404 3439 mysterium
3432 3362 3556 3431 qui-

1974 3469 2095 3521 dem
2150 3468 2562 3537 amplectuntur
2599 3485 2613 3521 :
2656 3465 2751 3521 sed
2783 3465 2837 3518 in
2874 3461 3203 3534 quihusdam
3245 3460 3317 3514 ab
3368 3458 3561 3537 ortho-

1972 3558 2134 3614 doxis
2164 3561 2422 3613 aberrant
2457 3557 2960 3622 :Jndmos,Christl
2995 3554 3295 3626 parricidas
3338 3568 3351 3606 ε
3385 3563 3557 3621 paga-

1972 3666 2096 3712 nos,
2128 3650 2221 3719 qui
2253 3651 2550 3705 manifesto
2577 3656 2708 3704 sunt
2749 3647 3041 3711 increduli,
3065 3653 3119 3700 et
3148 3644 3204 3699 in
3240 3658 3373 3697 sane
3405 3641 3556 3693 cultu

1975 3743 2247 3799 idolorum
2286 3741 2496 3796 infecti.
2548 3740 2706 3806 Quod
2742 3740 2787 3795 si
2823 3738 2964 3793 forte
3001 3738 3085 3791 vel
3123 3737 3436 3795 hmreticus,
3467 3732 3557 3784 Vel

1972 3838 2289 3893 incredulus
2323 3833 2620 3903 qniSpiam,
2667 3831 2733 3885 ad
2773 3831 2932 3884 fidem
2967 3827 3330 3882 orthodoxam
3367 3837 3557 3877 acces-

1972 3944 2161 3982 surum
2197 3943 2259 3983 se
2282 3925 2647 3996 polliceatur;
2684 3921 2800 3991 ipse
2827 3919 3073 3990 quidem,
3105 3915 3305 3985 inquit,
3338 3922 3559 3967 contra-

1972 4031 2095 4075 ctus
2126 4020 2390 4091 procedat
2423 4036 2436 4072 :
2473 4014 2569 4071 sed
2601 4013 2882 4084 copulatio
2916 4008 3336 4065 matrimonialis
3386 4005 3556 4061 tantis

1974 4129 2071 4183 per
2099 4112 2441 4172 extrahatur,
2484 4108 2660 4162 donec
2711 4106 2994 4177 praamissa
3031 4103 3193 4159 factis
3233 4100 3554 4155 confirmata

1976 4204 2157 4260 fuerit.
2189 4203 2232 4256 A
2261 4201 2472 4255 Latinis
2513 4199 2704 4262 etiam,
2743 4206 2800 4251 ut
2829 4196 3017 4251 eadem
3047 4194 3161 4249 haec
3197 4191 3421 4254 faciant,
3458 4204 3560 4244 ειη

1974 4294 2180 4362 igitur;
2213 4292 2261 4348 si
2291 4293 2411 4361 qni.
2441 4305 2631 4345 eorum
2696 4287 3038 4342 orthodoxae
3099 4298 3305 4338 uxores
3353 4283 3557 4334 ducere

1978 4387 2170 4440 velint.
2230 4382 2334 4450 Qui
2379 4391 2564 4437 autem
2622 4381 2707 4435 his
2754 4394 2863 4434 non
2921 4377 3323 4445 obtemperant,
3375 4372 3557 4442 pmnis

1976 4475 2259 4531 canonicis
2296 4472 2520 4526 obnoxii
2555 4478 2705 4525 sunt.
2768 4469 2904 4523 Nam
2968 4473 3168 4537 prater
3220 4463 3556 4519 solutionem

1977 4566 2338 4632 matrimonii,
2363 4563 2659 4618 violatores
2688 4561 2852 4617 etiam
2876 4560 3205 4630 puniuntur.
3241 4555 3559 4609 Laodicenze

1974 4677 2103 4717 vero
2154 4661 2349 4733 synodi
2385 4659 2637 4715 decimus
2669 4673 2889 4713 canon:
2922 4656 3184 4711 Ecclesiae
3240 4660 3557 4716 consortes,

1975 4754 2175 4824 inquit,
2234 4751 2617 4807 indifferenter
2657 4751 2862 4805 liberos
2924 4763 3059 4803 suos
3104 4746 3172 4801 ad
3221 4743 3557 4800 matrimonii

1975 4845 2298 4902 societatem
2329 4840 2765 4898 cumhmreticis
2823 4840 3091 4909 copulare
3150 4854 3258 4893 non
3317 4844 3551 4908 oportet.

1973 4940 2163 4992 tlanon
2200 4952 2289 4990 χχι
2323 4935 2544 4990 concilii
2584 4932 3081 5005 Carthaginiensis,
3107 4947 3174 4986 ne
3202 4931 3361 4987 liberi
3393 4928 3558 4985 cleri-

1972 5045 2162 5086 corum
2195 5044 2318 5082 cum
2347 5027 2596 5097 paganis,
2624 5026 2728 5080 hoc
2744 5032 2853 5088 est,
2888 5023 3225 5087 inﬁdelibus,
3256 5031 3351 5077 aut
3381 5022 3560 5075 Insere-

1971 5125 2098 5179 ticis
2131 5121 2467 5176 matrimonii
2498 5120 2617 5191 lege
2652 5118 3091 5187 coniungantur,
3131 5115 3411 5186 prohibet.
3456 5111 3558 5166 Se-

1973 5213 2184 5269 cundas
2216 5219 2397 5266 autem
2428 5220 2594 5266 sexta:
2617 5206 2834 5279 synodi,
2867 5208 2948 5263 sic
2973 5207 3039 5262 ad
3070 5206 3294 5262 verbum
3325 5202 3549 5258 sancit:

1974 5304 2092 5359 Non
2130 5303 2212 5359 fas
2243 5302 2338 5369 sit,
2373 5309 2432 5355 ut
2462 5315 2588 5356 cum
2616 5300 2879 5355 haeretica
2916 5296 3267 5354 muliere-vir
3291 5292 3556 5349 orthodoc

1976 5415 2080 5454 xus
2116 5394 2532 5451 matrimonium
2584 5402 2744 5449 coeat
2792 5409 2806 5447 :
2862 5406 2965 5446 nec
3013 5399 3074 5445 ut
3126 5389 3386 5443 haeretico
3435 5385 3555 5438 viro

1977 5490 2173 5544 mulier
2214 5486 2522 5543 orthodoxa
2554 5486 2746 5540 nnbat.
2783 5483 2923 5547 lmo,
2964 5482 3012 5538 si
3043 5482 3224 5536 visum
3260 5477 3427 5533 fuerit
3452 5473 3555 5530 ali-

1973 5581 2100 5651 quid
2136 5578 2447 5649 hujusmodi
2489 5595 2518 5633 a
2546 5592 2878 5650 quocunque
2901 5574 3126 5641 factum,
3150 5572 3317 5628 irrita:
3340 5568 3552 5623 ducan-

1588 5762 1822 5817 VARUE
1861 5758 2268 5816 LECTIONES.

363 5842 409 5921 θ’
433 5846 652 5920 πορείᾳ.
