3882 6592
364 412 505 484 1275

1650 416 1787 477 JUS
1824 413 2267 474 CANONICUM

3485 411 3586 473 127

365 541 458 587 tur
483 528 705 600 nuptiae,
728 536 784 583 et
809 527 1082 585 nefarium
1127 527 1536 584 matrimonium
1570 528 1932 584 distrahatur.

2047 526 2383 599 Ξμαρτωλῶν
2442 525 2664 597 κλῆρον.
2721 524 2817 576 Ἀν
2872 522 2931 575 δὲ
2982 520 3201 593 παραϐῇ
3234 539 3331 584 τιςμ
3372 523 3443 577 τὰ
3489 513 3627 600 παρ’

367 623 579 692 Quippe
603 638 709 675 non
731 622 1009 677 miscenda
1033 621 1252 677 misceri
1271 636 1377 675 non
1401 622 1620 686 debent,
1653 638 1753 678 nec
1777 624 1938 690 lupus

365 728 490 768 cum
515 712 727 767 ovicula
760 711 1123 783 copulandus,
1159 726 1260 765 nec
1289 725 1413 765 cum
1453 713 1704 782 portione
1729 712 1939 766 Christi

369 820 492 859 sors
538 814 912 872 peccatorum.
967 801 1023 855 Si
1060 801 1186 870 quis
1222 811 1402 854 autem
1450 817 1480 856 a
1518 802 1678 857 nobis
1717 802 1939 857 deﬁnita

370 904 747 965 transgressus
786 895 971 957 fuerit,
998 903 1333 963 segregator.
1385 894 1599 964 Quippe
1650 896 1697 951 si
1739 910 1938 949 secun-

371 990 498 1043 dum
561 991 730 1058 legem
788 988 1003 1041 civilem
1049 987 1184 1054 (24),
1226 989 1633 1041 matrimonium
1685 988 1942 1042 delinitur

371 1094 495 1133 esse
526 1081 761 1133 societas
793 1088 847 1131 et
865 1079 1207 1132 consortium
1239 1079 1409 1132 divini
1435 1093 1497 1131 ac
1522 1079 1744 1132 humani
1777 1079 1941 1147 juris,

369 1170 649 1238 quomodo
680 1170 994 1223 consentire
1022 1178 1227 1238 queant
1264 1168 1409 1221 inter
1438 1184 1520 1234 se,
1554 1170 1644 1238 qui
1674 1170 1742 1223 de
1765 1174 1943 1224 maxi-

370 1261 475 1314 mis
506 1261 670 1313 animi
701 1259 966 1312 dissident
1021 1258 1270 1313 aﬁ‘ectu?
1322 1261 1418 1329 qui
1470 1262 1744 1314 contraria
1798 1263 1942 1315 circa

310 1346 319 1359 ’
370 1349 531 1403 ﬁdem
569 1350 853 1404 sentiunt?
889 1349 1233 1420 Quapropter
1260 1353 1424 1405 etiam
1455 1359 1577 1420 post
1606 1349 1799 1406 nefarii
1826 1367 1942 1406 ma-

373 1443 616 1496 trimonii
677 1443 1038 1511 diremptura.
1110 1453 1549 1513 transgressores
1608 1444 1723 1498 vult
1786 1459 1942 1514 paena

370 1534 787 1603 segregatiouis,
813 1534 972 1587 allici.
1003 1533 1065 1586 Et
1098 1533 1215 1588 haec
1242 1536 1460 1603 quidem
1494 1536 1558 1589 de
1589 1534 1678 1598 iis,
1717 1536 1808 1603 qui
1831 1536 1941 1603 jam

372 1627 725 1679 matrimonio
756 1626 1000 1695 capulati
1033 1634 1184 1690 sunt,
1220 1641 1325 1678 una
1356 1635 1512 1695 parte
1552 1627 1789 1681 decretis
1830 1628 1938 1680 ha:~

372 1718 562 1771 reticis
591 1718 832 1783 addicta,
884 1719 1053 1771 altera
1088 1728 1291 1772 rectam
1322 1718 1482 1772 ﬁdem
1515 1721 1752 1774 colente.
1787 1718 1941 1783 Quod

370 1809 416 1863 si
455 1817 686 1877 utraque
711 1823 859 1877 pars,
894 1810 1095 1878 inquit,
1121 1825 1241 1863 cum
1283 1810 1352 1864 ab
1387 1810 1545 1864 initio
1566 1812 1777 1866 toirent
1804 1819 1859 1865 et
1891 1814 1942 1865 in

372 1901 812 1965 matrimonium,
856 1903 926 1955 ab
948 1904 1383 1956 orthodoxorum
1413 1903 1591 1956 aliena
1625 1912 1770 1957 cmtu
1788 1911 1941 1970 erat;

370 1993 570 2046 deinde
599 2008 703 2045 una
738 1995 1022 2047 veritatem
1068 1994 1310 2062 agnovit,
1363 1994 1530 2047 altera
1560 1995 1803 2050 tenebris
1839 1995 1943 2049 im-

371 2082 589 2151 pietatis
619 2082 799 2135 adhuc
830 2083 1103 2137 serviente
1140 2100 1153 2137 :
1187 2100 1295 2137 non
1330 2095 1618 2154 propterea
1659 2087 1944 2140 matrimo-

370 2172 521 2226 nium
554 2173 908 2235 dissolvetur,
943 2175 1405 2243 quemadmodum
1438 2177 1491 2229 in
1523 2178 1751 2245 epistola
1770 2181 1943 2248 prima

370 2262 437 2315 ad
465 2262 785 2317 Corinthios
818 2281 1050 2333 magnus
1087 2265 1176 2318 ille
1222 2264 1425 2320 Paulus
1479 2270 1691 2323 statuit.
1730 2269 1945 2340 Quippe

368 2356 412 2406 si
443 2353 618 2408 ﬁdelis
650 2370 788 2409 uxor
819 2372 943 2409 cum
975 2357 1178 2411 inﬁdeli
1221 2359 1424 2411 marito
1448 2359 1771 2415 cohabitare
1791 2363 1941 2425 velit,

368 2442 452 2496 vel
478 2458 509 2497 e
537 2448 839 2509 contrario,
878 2445 960 2498 vir
994 2446 1167 2501 ﬁdelis
1198 2462 1322 2503 cum
1350 2448 1553 2503 inﬁdeli
1587 2452 1850 2514 muliere;
1878 2468 1945 2506 ne

368 2535 773 2591 distrahuntur.
806 2536 1018 2606 Quippe
1049 2537 1428 2594 sanctiﬁcatus
1456 2550 1538 2595 est
1570 2543 1801 2597 maritus
1825 2543 1947 2597 inﬁ-

370 2625 511 2681 delis
542 2627 596 2680 in
625 2628 877 2693 muliere,
903 2643 965 2681 ac
1001 2631 1119 2684 vice
1170 2645 1348 2684 versa.
1394 2632 1530 2687 Vide
1579 2642 1785 2699 tamen,
1835 2652 1945 2705 quo

370 2728 534 2789 pacto
564 2718 784 2772 divinus
817 2719 905 2774 hic
945 2721 1241 2790 Apostolus
1281 2725 1434 2792 quasi
1472 2726 1944 2784 condescensione

372 2810 607 2879 quadam
663 2819 847 2865 utens.
872 2810 940 2866 ‘Si
975 2828 1103 2881 pars
1140 2813 1337 2880 ﬁdelis,
1364 2817 1562 2885 inquit,
1601 2818 1804 2873 inﬁdeli
1851 2835 1946 2875 co-

367 2900 619 2956 habitare
637 2904 784 2957 velit.
817 2902 937 2969 Quo
966 2904 1044 2967 ﬁt,
1073 2906 1195 2960 utsi
1226 2907 1548 2964 cohabitare
1579 2913 1947 2978 nolit,matri-

370 2995 614 3047 monium
691 2995 810 3049 sine
874 2996 1041 3050 dubio
1103 2999 1423 3052 solvendum
1482 3002 1574 3055 sit.
1642 3001 1945 3059 Persuasus

374 3092 556 3137 autem
592 3084 707 3152 ipse
738 3101 858 3139 sum
890 3086 1005 3142 haec
1038 3086 1209 3143 fuisse
1236 3091 1517 3161 principii,
1544 3101 1598 3145 et
1621 3096 1776 3162 quasi
1829 3097 1943 3164 pri-

2042 620 2198 692 ἡμῶν
2219 617 2532 690 ὁρισθέντα,
2561 614 2928 685 ἀφοριζέσθω.
2949 613 3013 667 Εἰ
3043 613 3152 683 γὰρ
3180 614 3323 667 κατὰ
3348 615 3443 669 τὸν
3473 618 3622 671 πολι.

2040 713 2194 766 τικὸν
2216 714 2379 782 νόμον
2416 711 2594 780 γάμος
2618 709 2861 779 ὁρίζεται
2892 706 3147 759 κοινωνία
3171 707 3263 760 καὶ
3290 707 3617 773 συγκλήρωο

2043 822 2127 865 σις
2152 803 2297 858 θείου
2318 821 2378 855 τε
2402 805 2497 857 καὶ
2515 800 2860 871 ἀνθρωπίνου
2877 800 3108 865 δικαίου,
3128 802 3245 865 πῶς
3271 801 3338 855 ἂν
3356 803 3621 871 συμϐαῖεν

2042 893 2296 960 ἀλλήλοις
2323 894 2374 946 οἱ
2402 894 2530 963 περὶ
2568 893 2634 945 τὰ
2673 892 2844 963 μείζω
2872 893 3255 964 διαφερόμενοι
3283 895 3348 964 τῇ
3379 894 3479 963 τῆς
3516 894 3621 963 ψυ-

2043 986 2145 1056 χῆς
2174 985 2448 1047 διαθέσει,
2478 985 2739 1039 τάναντία
2764 984 3090 1055 φρονοῦντες
3117 985 3376 1056 περὶοτὴν
3403 985 3618 1052 πίστινς

2043 1076 2136 1129 Διὸ
2183 1076 2278 1129 καὶ
2329 1076 2468 1145 μετὰ
2526 1077 2625 1145 τὴν
2658 1074 2812 1128 λύσιν
2845 1075 2940 1128 τοῦ
2982 1076 3245 1145 ἀθεμίτου
3290 1078 3496 1143 γάμου,
3532 1078 3625 1128 κςιὶ⁵

2044 1164 2401 1237 ἀφορίζεσθαι
2427 1165 2554 1228 τοὺς
2591 1165 3032 1236 παραϐαίνοντας
3071 1164 3248 1228 ἀξιοῖο
3286 1162 3425 1215 ἀλλὰ
3454 1161 3623 1215 ταῦτα

2047 1260 2148 1330 μὲν
2178 1260 2307 1329 περὶ
2336 1257 2449 1312 τῶν
2470 1258 2727 1328 γαμικῶς
2755 1258 2815 1311 τὸ
2849 1256 2947 1310 νῦν
2992 1250 3133 1310 εἶναι
3178 1255 3621 1324 συναπτομένων,

2045 1352 2139 1404 καὶ
2169 1349 2265 1404 τοῦ
2301 1330 2400 1420 μὲν
2446 1350 2567 1412 ὲνδς
2615 1349 2816 1419 μέρους
2853 1349 3154 1418 αἱρετικοῖς
3195 1345 3621 1415 προσανέχοντος

2044 1441 2298 1513 δόγμασι,
2331 1442 2565 1512 θατέρου
2592 1442 2647 1495 δὲ
2677 1442 2746 1495 τὰ
2773 1442 2870 1505 τῆς
2906 1440 3076 1512 ὀρθῆς
3110 1439 3509 1511 πρεσϐεύοντος
3538 1437 3623 1489 πί-

2050 1554 2241 1599 στεως.
2266 1539 2329 1591 Εἱ
2356 1537 2410 1590 δὲ
2437 1538 2530 1591 καὶ
2555 1538 2724 1605 ἄμφω
2753 1537 2821 1589 τὰ
2849 1538 3013 1606 μέρη,
3037 1536 3224 1604 φησὶν,
3247 1534 3337 1588 ὅτε
3374 1532 3626 1604 γαμικῶς
3670 1518 3675 1523 ’

2049 1626 2309 1695 συνῆλθον
2334 1626 2396 1679 τὸ
2415 1628 2671 1697 ὲξαρχῆς,
2690 1627 2787 1694 τῆς
2807 1627 2915 1678 τῶν
2941 1624 3241 1694 ὀρθοὸόξων
3262 1624 3625 1695 ὴλλοτρξωντο

2051 1720 2266 1789 μοίρας,
2300 1715 2419 1771 εἶτα
2460 1721 2521 1771 τὸ
2558 1718 2659 1788 μὲν
2694 1719 2909 1784 ἐπέγνω
2941 1718 3041 1786 τὴν
3068 1718 3353 1789 ἀλήθειαν,
3398 1716 3623 1784 θάτερον

2047 1813 2101 1865 δὲ
2130 1813 2207 1881 τῷ
2231 1811 2418 1882 σκοπῷ
2453 1811 2552 1880 τῆς
2580 1811 2836 1874 ἀσεϐεἰας
2876 1811 3042 1864 εἰσέτι
3082 1809 3347 1873 δουλεύει,
3388 1809 3449 1860 οὐ
3479 1808 3625 1877 παρὰ

2046 1904 2207 1957 τοῦτο
2241 1903 2302 1957 τὸ
2333 1902 2671 1956 συνοικέσιον
2713 1902 3123 1971 διαλυθήσεται.
3169 1902 3259 1964 ὀς
3288 1903 3348 1954 ὲν
3392 1904 3459 1971 τῇ
3496 1901 3625 1971 πρὸς

2048 1995 2372 2065 Κορινθίους
2428 1992 2622 2067 πρώτῃ
2672 1995 2702 2047 6
2740 1994 2912 2064 μέγας
2944 1991 3242 2063 διορίζεται
3281 1991 3533 2053 Παῦλοςο
3576 1992 3623 2043 εί

2046 2089 2155 2158 γὰρ
2218 2088 2456 2157 αἱρεῖται
2516 2084 2596 2155 τῷ
2648 2085 2865 2157 ἀπίστῳ
2922 2087 3190 2138 συνοικεῖν
3235 2083 3270 2153 ἠ
3319 2084 3529 2151 πιστὴ,
3588 2081 3620 2151 ἦ

2046 2176 2354 2231 τούναντίον
2413 2177 2442 2229 6
2495 2175 2686 2234 πιστὸς
2721 2176 2787 2245 τῇ
2849 2174 3084 2241 ἀπίστῳ,
3138 2172 3213 2243 μὴ
3267 2169 3620 2242 χωριζέσθω’

2047 2270 2309 2338 ἡγίασται
2339 2265 2449 2335 γὰρ
2478 2267 2507 2318 6
2534 2265 2767 2328 ἄπιστος
2805 2263 2945 2334 ἀνὴρ
2977 2264 3035 2315 ὲν
3060 2265 3127 2333 τῇ
3164 2262 3410 2331 γυναικὶ,
3450 2261 3542 2314 καὶ
3564 2260 3621 2313 τὸ

1990 2370 2002 2383 ⁸
2047 2358 2304 2428 ἔμπαλιν.
2354 2358 2502 2427 Πλὴν
2541 2356 2645 2426 δρα
2697 2356 2844 2417 ὅπως
2886 2357 2980 2407 καὶ
3028 2356 3056 2407 6
3103 2355 3246 2416 θεῖος
3303 2352 3622 2413 Ἀπὸστολος

2049 2443 2455 2512 συγκαταϐἀσει
2485 2442 2788 2513 χρώμενος,
2816 2443 2878 2495 El
2899 2445 3155 2514 αἱρεῖται,
3174 2443 3329 2512 φησὶ,
3361 2443 3420 2494 τὸ
3440 2443 3620 2494 πιστὸν

2050 2538 2211 2607 μέρος
2254 2538 2523 2588 συνοικεῖν
2562 2534 2640 2603 τῷ
2692 2535 2929 2603 ἀπίστῳ.
2965 2533 3124 2585 Ὥστε
3171 2535 3218 2585 εἰ
3257 2532 3332 2602 μὴ
3368 2534 3621 2601 αἱρεῖται,

2048 2627 2433 2696 ἀναμφιϐόλως
2466 2629 2495 2680 6
2524 2626 2702 2696 γάμος
2748 2624 3065 2696 λυθήσεται.
3106 2626 3423 2692 Πέπεισμαι
3471 2622 3517 2675 δ’
3546 2623 3623 2676 ὅτι

2047 2720 2146 2789 τῆς
2179 2721 2353 2789 ἀρχῆς
2385 2716 2454 2787 ἦν
2484 2717 2682 2780 ταῦτα,
2712 2719 2807 2771 καὶ
2838 2718 2948 2770 τῶν
3003 2716 3303 2787 προοιμίων
3331 2714 3427 2768 τοῦ
3459 2713 3625 2783 κηρύ-

2046 2829 2276 2881 γματος.
2316 2812 2390 2865 Τὸ
2420 2811 2477 2864 δὲ
2515 2811 2757 2880 σήμερον
2786 2809 2929 2879 ἔχον,
2963 2809 3083 2870 πῶς
3111 2802 3224 2861 οἷόν
3252 2824 3310 2860 τε
3350 2806 3619 2868 Ἰουδαῖον,

2046 2908 2078 2977 ἦ
2126 2907 2425 2975 Ἀγαρηνὸν
2453 2906 2821 2975 βαπτισθέντα
2874 2906 3142 2957 συνοικεῖν
3184 2901 3264 2953 ἔτι
3297 2902 3364 2969 τῇ
3398 2900 3626 2951 ἀϐαπτί-

2049 3015 2178 3067 στῳ,
2208 3000 2241 3071 ἢ
2272 2998 2370 3067 τὴν
2402 2996 2815 3068 βαπτισαμένην
2839 2996 2917 3065 τῷ
2945 2996 3018 3066 μὴ
3047 2993 3442 3056 πιστεύσαντες
3473 2989 3625 3042 lith

2046 3088 2110 3158 δὴ
2149 3089 2245 3141 καὶ
2274 3089 2365 3140 ἐπὶ
2409 3087 2503 3140 τοῦ
2542 3088 2881 3157 πατριάρχου
2915 3087 3109 3155 γέγονε
3156 3084 3439 3137 Θεοδότου.
3472 3084 3627 3134 Bum-

369 3177 707 3230 mordiormn
762 3178 1190 3246 praedicationis.
1226 3180 1552 3237 Hodieruam
1586 3201 1716 3238 vero
1745 3185 1939 3240 faciem

2049 3182 2230 3245 νάτωρ
2252 3181 2360 3249 γὰρ
2389 3179 2662 3248 βασιλικὸς
2686 3177 3022 3247 βαπτισθεὶς,
3045 3174 3432 3247 πατριαρχικῷ
3451 3173 3625 3242 γρὰμο

368 3279 553 3320 rerum
585 3268 732 3335 quod
765 3270 987 3329 attinet,
1041 3271 1135 3338 qui
1186 3272 1299 3325 ﬁeri
1340 3282 1541 3340 potest.
1596 3285 1652 3329 ut
1692 3275 1942 3341 Judzeus,

365 3360 449 3413 vel
478 3361 760 3428 Agarenns
789 3362 1115 3430 baptizatus,
1149 3379 1270 3417 cum
1306 3380 1414 3419 non
1456 3367 1732 3436 baptizata
1780 3385 1948 3425 uxore

368 3454 608 3519 amplius
645 3454 873 3518 habitet,
908 3456 993 3508 vel
1018 3455 1293 3524 baptizata
1335 3474 1459 3511 cum
1507 3475 1596 3523 eo,
1640 3460 1733 3528 qui
1788 3462 1945 3516 ﬁdem

367 3534 611 3598 nostram
656 3559 760 3598 non
801 3553 884 3598 est
928 3547 1256 3615 amplexus?
1285 3547 1453 3612 Quale
1487 3552 1742 3617 quiddam
1775 3555 1947 3620 patri-

368 3634 549 3687 archa:
587 3632 857 3687 Theodoti
889 3644 1136 3705 tempore
1175 3639 1425 3708 contigit.
1464 3638 1596 3695 Nam
1630 3643 1949 3697 buccinator

368 3725 591 3793 quidam
625 3728 1011 3794 imperaturius
1067 3729 1401 3797 baptizatus,
1452 3736 1658 3800 scripto
1709 3737 1948 3803 patriar-

369 3816 508 3868 chali
544 3827 838 3884 separatus
869 3817 975 3870 fuit
1030 3818 1100 3872 ab
1153 3833 1343 3883 uxore,
1391 3836 1512 3890 qua:
1564 3838 1672 3876 non
1735 3826 1949 3879 volebat

369 3909 749 3977 obtemperare
777 3911 999 3972 marito,
1036 3913 1267 3965 multum
1296 3928 1416 3966 eam
1463 3914 1797 3979 obsecranti,
1836 3919 1950 3987 pie-

369 4003 501 4065 tatis
535 4009 590 4052 ιιι
626 4000 1025 4068 professionem
1074 4003 1519 4070 amplecteretur.
1589 4006 1778 4061 Canon
1825 4024 1950 4065 vero

368 4105 497 4145 xxxi
536 4091 857 4149 Laodicenis
882 4095 1074 4164 synodi
1111 4112 1126 4149 :
1164 4093 1282 4149 Non
1309 4106 1545 4166 oportet,
1578 4099 1773 4170 inquit,
1799 4102 1949 4156 omni

370 4198 493 4235 cum
538 4183 797 4237 hazretieo
831 4185 1242 4239 matrimonium
1277 4189 1628 4253 contrahere,
1671 4205 1773 4246 nec
1809 4191 1949 4248 ﬁlios

367 4273 456 4327 vel
487 4272 628 4329 ﬁlias
663 4284 889 4345 nuptum
922 4280 1230 4344 collocare,
1266 4286 1595 4346 metuentes,
1622 4296 1689 4336 ne
1723 4297 1948 4350 pravam

371 4364 616 4435 ipsorum
669 4372 994 4424 sententiam
1046 4372 1400 4426 addiseamus
1437 4388 1451 4425 :
1490 4371 1584 4427 sed
1638 4374 1711 4429 ita
1763 4378 1947 4444 potius

369 4472 485 4512 rem
513 4473 761 4525 agemus,
792 4462 838 4517 si
877 4462 1122 4518 futurum
1154 4463 1537 4533 polliceantur,
1562 4475 1618 4519 ut
1648 4466 1947 4523 Christiani

2052 3289 2182 3337 ματι
2206 3270 2429 3339 διεζύγη
2456 3269 2555 3336 τῆς
2587 3269 2842 3336 γυναικὸς
2877 3268 2952 3337 μὴ
2981 3267 3313 3335 πειθομένης
3342 3265 3422 3332 τῷ
3450 3263 3622 3331 ἀνδρὶ,

2050 3380 2091 3414 π
2108 3363 2223 3415 an
2257 3360 2663 3428 παρακαλοῦντι
2688 3361 2755 3412 τὰ
2780 3361 2879 3429 τῆς
2902 3358 3184 3419 εὐσεϐείας
3216 3356 3456 3410 ἑλέσθαι.
3487 3355 3547 3407 Ὀ
3570 3353 3627 3405 δὲ

2047 3454 2146 3521 τῆς
2180 3456 2237 3506 ἐν
2281 3452 2569 3518 Λαοδικείᾳ.
2626 3450 2727 3515 λα’,
2761 3452 2836 3503 Οὐ
2876 3452 2989 3514 δεῖ,
3036 3450 3204 3516 φησι,
3256 3448 3394 3518 πρξς
3452 3444 3631 3499 πάντα

2050 3547 2328 3618 αἱρετικὸν
2386 3545 2688 3614 ἐπιγαμίαν
2741 3545 2936 3605 ποιεῖν,
2979 3541 3101 3595 οὐδὲ
3145 3540 3292 3603 υἱοὺς
3348 3539 3548 3591 διδόναι
3593 3535 3625 3605 ἦ
3706 3552 3713 3557 ί

2052 3640 2381 3709 θυγατέρας,
2423 3638 2535 3690 δέει
2586 3635 2685 3689 τοῦ
2745 3637 2817 3705 μὴ
2875 3635 2973 3705 τὴν
3026 3635 3251 3686 ἐκείνων
3306 3628 3627 3693 κακοδοξίαν

2053 3730 2390 3802 μεταμαθεῖν
2412 3745 2426 3759 ο
2464 3729 2601 3782 ἀλλὰ
2626 3728 2826 3799 μᾶλλον
2856 3726 3177 3798 λαμϐάνειν,
3204 3723 3319 3786 είγε
3346 3721 3621 3789 ἐπαγγέλ-

2050 3823 2194 3876 λειεν
2247 3822 2309 3874 τὸ
2354 3824 2660 3893 χριστιανοὶ
2706 3820 2980 3888 γενέσθαι.
3029 3819 3103 3871 T6
3128 3818 3205 3879 δὲ,
3239 3818 3314 3870 Οὐ
3369 3816 3452 3868 δεῖ
3482 3814 3620 3883 πρὸς

2051 3915 2229 3967 πάντα
2280 3914 2591 3982 αἱρετικὸν,
2632 3912 2756 3966 ἀντὶ
2804 3909 2921 3974 τοῦ,
2952 3910 3088 3980 πρὸς
3133 3908 3348 3961 οὐδένα.
3401 3906 3624 3974 Ἰδίωμα

2053 4006 2162 4078 γάρ
2189 4006 2306 4058 ἐστι
2334 4004 2630 4076 Γραφικδν,
2683 4003 2759 4067 ὼς
2787 4002 2870 4067 τὸ,
2925 4003 3018 4069 Μὴ
3047 3999 3237 4068 φοϐοῦ,
3282 4000 3414 4051 ὅταν
3465 3997 3631 4049 πλου-

2050 4100 2191 4169 τήσῃ
2225 4096 2536 4166 ἄνθρωπος.
2571 4096 2697 4149 ὀτι
2724 4094 2825 4148 οὐκ
2847 4146 2851 4153 ,
2872 4096 2931 4147 ἐν
2954 4092 3035 4163 τῷ
3068 4091 3436 4160 ἀποθνήσκειν
3465 4087 3628 4141 αὑτὸν

2050 4189 2279 4259 λήψεται
2304 4186 2376 4240 τὰ
2402 4187 2604 4240 πάντα.
2636 4185 2712 4238 Οὐ
2747 4185 2857 4256 γὰρ
2886 4178 3005 4243 οἶόν
3024 4199 3083 4237 τε
3130 4182 3225 4236 καί
3256 4198 3381 4234 τινα
3413 4179 3621 4232 λαϐεῖν.

2049 4284 2163 4339 Καὶ
2181 4281 2416 4352 ἀλλαχοῦ
2437 4298 2451 4313 ·
2481 4281 2574 4350 Μὴ
2601 4280 2708 4350 γὰρ
2737 4279 2980 4349 ματαίως
3010 4276 3244 4338 ἔκτισας
3260 4276 3466 4336 πάντας
3502 4272 3631 4333 τοὺς

2051 4377 2202 4439 υἱοὺς
2227 4376 2336 4428 τῶν
2385 4373 2730 4444 ἁνθρώπωνς
2756 4371 2830 4425 υύ
2858 4372 2967 4440 γάρ
2993 4370 3100 4421 εἱσι
3147 4369 3243 4421 κιιὶ⁵
3284 4368 3337 4420 οἱ
3385 4364 3627 4436 ματαίως

2051 4468 2385 4531 κτισθέντες.
2417 4465 2637 4528 ’Λσεϐὲς
2655 4464 2765 4533 γὰρ
2795 4462 2956 4515 τοῦτο
2992 4460 3257 4530 νομίζειν.
3283 4460 3375 4528 Mi;
3406 4457 3624 4525 λαμϐα-

371 4548 523 4605 ﬁant.
562 4552 716 4618 Quod
751 4554 839 4608 hic
868 4557 1088 4619 dicitur,
1120 4529 1235 4610 Non
1259 4565 1474 4623 oportet
1503 4560 1651 4614 omni
1680 4574 1803 4613 cum
1836 4562 1944 4617 lue-

2052 4563 2193 4615 νέτω
2248 4560 2500 4621 Ἰουδαῖος
2542 4553 2894 4627 Χριστιανὴν,
2942 4554 3081 4621 μήτε
3112 4549 3441 4620 Χριστιανὸς
3497 4549 3627 4600 Ἰουο

372 4642 565 4708 retico,
593 4647 929 4700 tantumdem
961 4656 1067 4710 est,
1100 4662 1164 4701 ac
1199 4649 1244 4702 si
1269 4648 1448 4713 dicas,
1479 4647 1639 4703 Nullo
1679 4665 1802 4704 cum
1838 4655 1944 4707 luc-

2051 4653 2232 4716 δαίαν,
2266 4653 2406 4722 μήτε
2464 4647 2742 4721 αἱρετικδς
2785 4647 2879 4699 καὶ
2912 4644 3195 4713 ἀλλότριος
3244 4643 3343 4710 τῆς
3388 4641 3629 4701 πίστεως

372 4734 565 4789 retico.
624 4734 926 4790 Peculiaris
977 4738 1125 4791 enim
1183 4739 1296 4792 haec
1326 4739 1628 4809 Scriptura:
1662 4757 1833 4798 sacrte
1868 4745 1944 4798 lo-

2052 4743 2197 4797 κατά
2242 4760 2365 4795 τινα
2400 4741 2676 4813 πρόφασιν
2705 4737 3055 4809 Χριστιανοῖς
3100 4736 3235 4806 πρὸς
3264 4735 3448 4805 γάμον
3502 4748 3629 4784 ow-

370 4827 572 4895 quendi
603 4831 745 4882 ratio
788 4837 894 4891 est,
950 4829 1098 4883 velut
1130 4831 1184 4884 in
1221 4833 1323 4885 hoc
1356 4851 1370 4886 :
1403 4832 1558 4887 Absit
1587 4848 1617 4886 a
1654 4842 1705 4889 te
1733 4848 1934 4903 metus,
2056 4838 2339 4892 απτέσθω.

371 4936 495 4973 eum
528 4920 690 4976 homo
743 4922 898 4977 dives
955 4924 1050 4978 sit.
1084 4923 1223 4989 Quia
1259 4942 1382 4979 cum
1415 4928 1666 4995 moritur,
1736 4946 1845 4986 non
1917 4934 2129 4990 auferet
2183 4934 2387 4987 omnia.
2429 4932 2641 5003 Quippe
2701 4933 2816 4988 ﬁeri
2875 4948 2983 4987 non
3036 4938 3235 5000 potest,
3294 4933 3354 4980 ιιι
3416 4924 3634 4978 auferat

371 5012 575 5079 aliqua.
621 5012 747 5065 Item
789 5010 942 5065 alibi.
1004 5011 1121 5067 Non
1176 5015 1320 5069 enim
1385 5016 1589 5072 frustra
1645 5021 1948 5077 condidisti
1988 5040 2183 5079 omnes
2218 5025 2358 5079 ﬁlios
2430 5026 2735 5082 hominum.
2789 5025 3000 5095 Quippe
3050 5040 3156 5078 non
3212 5025 3376 5077 etiam
3455 5018 3630 5085 aliqui

371 5109 525 5167 sunt,
609 5102 702 5171 qui
734 5101 936 5156 frustra
975 5103 1086 5157 sint
1112 5105 1337 5160 conditi.
1369 5104 1501 5161 Nam
1534 5108 1758 5177 impium
1796 5109 1981 5180 fuerit,
2022 5115 2127 5168 hoc
2168 5114 2505 5169 existimare.
2563 5114 2784 5169 Iudaeus
2833 5117 3198 5169 Christianam
3266 5128 3375 5166 non
3461 5111 3638 5162 ducat

370 5211 620 5264 uxorem,
655 5213 754 5253 nec
779 5196 1126 5256 Christianus
1175 5200 1417 5257 Judmam
1449 5220 1464 5269 ;
1512 5219 1613 5257 nec
1647 5207 1935 5264 haereticus
1972 5220 2027 5264 et
2053 5211 2269 5268 alienus
2300 5224 2330 5263 a
2364 5210 2469 5265 ﬁde
2511 5224 2634 5264 cum
2675 5208 3007 5265 Christianis
3032 5225 3098 5263 ex
3165 5208 3276 5262 ulla
3333 5204 3638 5261 occasione

376 5292 789 5352 matrimonium
829 5294 1117 5349 contrahat
1144 5296 1279 5366 (25).

568 5383 769 5448 Quibus
792 5399 857 5439 ea:
882 5388 1054 5440 causis
1075 5388 1475 5461 matrimonium
1496 5386 1753 5442 solvatur.

2283 5390 2347 5446 '0
2371 5386 2560 5461 νόμος
2585 5390 2654 5444 ἐκ
2680 5388 2869 5442 ποιων
2896 5386 3103 5440 αἰτιῶν
3128 5385 3416 5439 λύεταιδδ.

444 5476 520 5532 De
574 5477 905 5531 matrimonii
962 5450 1235 5535 solutione
1276 5478 1461 5533 multis
1488 5480 1540 5533 in
1569 5480 1705 5536 locis
1763 5483 1944 5537 inultm

2122 5484 2259 5555 Περὶ
2285 5450 2390 5554 τῆς
2413 5450 2521 5536 τιῦν
2536 5450 2742 5553 ’γάμων
2761 5480 3056 5542 διαλύσεως
3080 5481 3139 5532 ἐν
3163 5477 3378 5540 πολλοῖς
3395 5477 3589 5538 τόποις
3612 5475 3643 5530 6

1664 5590 1894 5645 VARl.-'E
1928 5593 2328 5665 LECTIONES.

448 5680 493 5715 “
516 5682 574 5736 αἱ
602 5682 795 5746 αἰτίαι,
820 5684 886 5737 δι’
919 5685 981 5747 5t;
1014 5684 1306 5755 χωρίζεται
1335 5685 1367 5755 ἠ
1393 5684 1529 5756 γυνὴ
1564 5686 1657 5741 τοῦ
1694 5687 1908 5756 ἀνδρός.

1858 5783 1919 5837 ΝΫ
1936 5780 2085 5835 νΤίΕ.

455 5874 568 5946 ('23)
596 5876 629 5930 Ι.
672 5875 717 5931 ί.
754 5876 814 5931 D.
854 5876 926 5930 De
964 5877 1031 5929 rit
1066 5884 1214 5946 uupt.
2141 5872 2249 5943 (25)
2281 5872 2313 5925 ι.
2340 5872 2391 5928 6.
2421 5873 2480 5928 (ᾇ.
2518 5871 2592 5926 De
2618 5871 2818 5927 lttdtt't's
2852 5879 2899 5925 el
2932 5870 3095 5927 ca‘lic.
