3990 6568
310 434 447 506 ῙΞῖἸ

1577 446 1845 506 ΟΒίΕΟΟ
1878 445 2285 507 ROMANUM.

3427 439 3448 504 ἰ
3461 441 3569 505 278

308 549 480 614 πολὺς
517 550 738 618 διέξεισι
791 553 975 625 νόμος.
1029 552 1400 625 Τελικώτερον
1442 555 1498 608 δὲ
1532 558 1563 626 ἡ
1605 556 1881 609 Ἰουστινι-

2013 572 2133 623 rges
2148 566 2401 610 tractant.
2420 553 2524 610 Sed
2542 553 2840 624 perfectius
2854 551 3079 609 Novella
3096 550 3428 617 Justiniana,
3447 570 3568 623 qua:

306 642 485 706 άνειος
514 642 701 714 νεαρὰ,
730 645 909 715 ῥητῶς
937 645 1034 708 τὰς
1078 644 1260 709 αἰτίας
1291 644 1637 715 ὲκτιθεμένη,
1669 646 1735 699 δι’
1765 644 1832 708 ἀς
1853 649 1879 699 ὁ

306 734 447 806 ἀνὴρ
504 735 537 807 η
589 736 788 806 ἡγυνὴ
848 736 1132 808 ρεπούδιον
1177 737 1400 791 δύναται
1442 737 1701 806 πέμπειν,
1762 738 1880 802 ἦτοι

306 826 637 880 ἀποστάσιον
666 826 744 897 τῷ
775 827 1052 899 ὁμοζύγῳ,
1105 830 1201 883 καί⁵
1252 829 1352 899 τὴν
1402 833 1601 898 προῖκα
1640 830 1880 899 ἀποκερ-

303 913 527 981 δαίνειν,
570 918 978 990 φυλαττομένης
1002 920 1103 990 τῆς
1141 921 1229 973 ἐπ’
1257 921 1392 991 αὐτῇ
1439 904 1755 983 δεσποτείας
1770 924 1883 984 τοῖς

307 1009 373 1062 ὲκ
397 1008 493 1061 τοῦ
524 1011 691 1063 αὐτοῦ
742 1011 921 1081 γάμου
975 1016 1185 1078 παισὶν,
1223 1014 1254 1083 ἢ
1299 1013 1505 1066 παίδων
1545 1013 1645 1067 οὐκ
1692 1013 1882 1079 ὄντων,

218 1139 227 1147 .
306 1101 603 1155 ἀπολαύειν
629 1104 722 1156 καὶ
747 1106 846 1174 τῆς
867 1105 1182 1167 δεσποτείας
1212 1105 1273 1159 τὸ
1302 1106 1544 1160 ἀναίτιον
1572 1106 1882 1177 πρόσωπον.

306 1194 368 1247 Εἰ
401 1194 508 1264 γὰρ
541 1196 634 1248 καὶ
672 1196 973 1260 πάλαιτοῖς
1003 1197 1312 1268 ἀνθρώποις
1368 1198 1496 1268 ἐξῆν
1544 1200 1637 1251 καὶ
1665 1199 1730 1251 ἐκ
1779 1197 1887 1250 τῶν

308 1284 556 1339 παλαιῶν
590 1288 771 1357 νόμων
793 1289 885 1341 καὶ
935 1289 993 1355 ἐξ
1020 1288 1177 1353 ἔθους
1211 1276 1425 1360 μακροῦ
1452 1289 1710 1351 ἀναιτίως
1739 1288 1887 1341 λύειν

306 1376 745 1443 τάοσυνοικέσια,
773 1378 914 1433 ὥστε
957 1380 1137 1449 λέγειν
1167 1381 1258 1434 τὸν
1289 1381 1457 1450 ἄνδρα
1483 1383 1548 1450 τῇ
1596 1380 1765 1451 ὁμοζύ
1779 1397 1852 1451 τῳ
1872 1394 1884 1408 ⁸

306 1470 522 1536 Γύναι,
549 1472 770 1540 πρᾶττε
817 1473 889 1526 τὰ
932 1472 1014 1529 σά
1035 1489 1049 1504 ·
1086 1474 1181 1527 καὶ
1202 1474 1404 1544 ταύτην
1431 1472 1656 1543 ἐκείνῳσ
1688 1473 1886 1539 Ἀνερ,

306 1561 528 1630 πρᾶττε
564 1563 637 1616 τὰ
664 1563 768 1617 σά.
816 1564 972 1618 mea
1004 1564 1068 1637 δὴ
1095 1565 1190 1618 καὶ
1217 1567 1330 1627 τοῖς
1354 1563 1462 1616 τῶν
1498 1562 1767 1649 Ἐϐραίων
1798 1564 1890 1615 ἀν-

305 1652 463 1724 δράσι
495 1655 661 1709 πάλαι
685 1655 1093 1727 νενομοθέτητο,
1131 1655 1337 1727 βιδλίον
1377 1656 1619 1726 πέμπειν
1649 1656 1892 1707 ἀποστα-

309 1746 425 1799 σίου
473 1749 540 1818 τῇ
593 1748 846 1815 γυναικί⁶
904 1749 1041 1802 ἀλλά
1097 1748 1255 1801 τονῦν
1308 1744 1469 1812 εἶναι,
1521 1745 1680 1800 τοῦτο
1720 1743 1892 1816 ιπαρά

306 1839 653 1911 Χριστιανοίς
686 1840 978 1911 ἀνῄρηται.
1023 1841 1208 1894 Αἰτίαι
1230 1841 1287 1894 δὲ
1330 1841 1467 1911 πρὸς
1503 1841 1609 1892 τῶν
1646 1837 1890 1892 εὐσεϐῶν

1983 651 2184 705 diserte
2208 663 2406 702 causas
2438 630 2659 717 exponit
2684 645 2917 717 (26-29).
2958 644 3028 698 ob
3054 658 3188 714 quas
3216 645 3444 697 tnaritus
3472 651 3569 696 ant

1985 757 2120 796 uxor
2152 741 2439 810 repudium
2472 739 2690 809 coniugi
2712 744 2927 793 mittere
2956 743 3159 807 potest,
3186 750 3250 788 ac
3278 735 3455 788 dotem
3490 735 3574 789 lu-

1984 833 2151 894 crari,
2197 835 2529 901 proprietate
2583 840 2765 884 tamen
2801 830 2921 899 ejus
2986 826 3261 897 susceptis
3287 843 3353 880 ex
3378 825 3568 879 eodem

1986 925 2336 978 matrimonio
2376 923 2563 978 liberis
2589 924 2767 986 salva;
2793 922 2873 976 vel
2907 921 3094 974 liberis
3136 920 3300 973 nullis
3325 921 3568 973 existen-

1987 1015 2157 1077 tibus,
2183 1028 2379 1082 expers
2406 1014 2582 1082 culpzc
2606 1029 2834 1083 persona
2861 1014 3196 1084 proprietate
3219 1029 3439 1083 quoque
3462 1001 3567 1065 frui

1989 1112 2188 1172 potest.
2236 1102 2369 1157 Nam
2398 1103 2525 1156 olim
2557 1104 2682 1156 licet
2709 1105 3033 1160 mortalibus
3088 1105 3419 1173 pertnissum
3452 1109 3572 1156 erat

1989 1200 2099 1247 tam
2148 1209 2213 1248 ex
2249 1196 2449 1264 priscis
2491 1196 2724 1265 legibus.
2762 1211 2925 1265 quam
2961 1196 3121 1265 longa
3154 1195 3573 1258 consttetudine,

1990 1286 2337 1340 matrimonia
2371 1289 2593 1357 impune
2627 1288 2859 1349 solvere,
2895 1289 2974 1341 uti
3009 1289 3220 1342 scilicet
3246 1288 3328 1341 vir
3353 1285 3575 1357 conjngi

1990 1377 2193 1432 diceret
2214 1377 2326 1449 (30)
2349 1399 2359 1431 :
2389 1377 2557 1444 Uxor,
2579 1389 2698 1433 tua:
2718 1380 2829 1447 ipsa
2850 1396 2928 1433 res
2947 1379 3199 1450 tibiagito
3217 1395 3236 1432 :
3255 1394 3317 1433 ac
3335 1378 3575 1433 vicissim

1994 1469 2107 1522 lucc
2140 1468 2249 1522 illi:
2284 1469 2449 1534 Tuas,
2476 1476 2700 1535 marite,
2741 1469 2834 1525 tibi
2870 1471 3013 1538 agito
3040 1485 3059 1524 :
3112 1471 3575 1540 quemadmodum

1993 1558 2136 1630 apud
2190 1559 2448 1618 ilebrmos
2511 1564 2674 1617 etiam
2704 1562 2834 1617 oli'u
2860 1562 2979 1632 lege
3026 1572 3303 1632 receptum
3337 1573 3493 1631 erat,
3518 1571 3579 1617 ut

2002 1652 2161 1706 uxori
2194 1652 2436 1708 libellqu
2465 1655 2678 1724 repudii
2731 1656 2967 1709 maritus
2991 1656 3230 1709 mitteret
3256 1675 3269 1711 :
3294 1667 3475 1710 tamen
3510 1667 3568 1709 ut

1996 1759 2143 1798 nunc
2171 1756 2503 1814 comparatae
2538 1760 2627 1799 res
2678 1755 2828 1811 sunt,
2878 1747 3020 1815 apud
3078 1746 3422 1801 Christianos
3476 1747 3580 1801 hoc

1997 1834 2318 1903 abrogatum
2360 1846 2460 1890 est.
2507 1835 2697 1891 Causa:
2734 1851 2865 1890 vero
2892 1837 3219 1891 nominatim
3249 1850 3582 1893 enumerata:

304 1906 643 2002 ἠρίθμηνται
668 1906 933 2003 βασιλέων
955 1933 1237 2003 ὀνομαστὶ,
1261 1933 1329 1986 δι’
1369 1906 1435 1997 ἀς
1467 1932 1559 1986 καὶ
1592 1932 1760 2002 μόνας
1794 1931 1884 1985 τὸν

2013 1934 2124 1979 sunt
2156 1927 2427 1996 religiosis
2459 1929 2884 1997 imperatoribus
2911 1930 2981 1985 ob
3021 1946 3158 2000 quas
3192 1931 3338 1986 solas
3380 1932 3570 1984 matri-

305 2026 482 2094 γάμον
513 2023 690 2091 ἔξεστι
719 2024 978 2090 διαλύειν,
1007 2024 1103 2079 καὶ
1152 2027 1279 2096 μιᾶς
1319 2023 1448 2078 ἄνευ
1487 2024 1732 2091 ἐκείνων,
1758 2022 1883 2077 ἀοέ-

311 2132 465 2186 μιτον
486 2115 738 2188 διασπᾷν.

376 2212 448 2260 α’.
480 2207 589 2260 Καὶ
612 2209 639 2259 ὁ
662 2209 761 2276 μὲν
794 2206 932 2277 ἀνὴρ
969 2206 1174 2277 πέμπει
1208 2207 1491 2276 ρεπουδιον
1517 2206 1584 2276 τῇ
1632 2204 1881 2274 γυναικὶ,

310 2299 402 2353 καὶ
429 2298 530 2368 τὴν
557 2302 758 2368 προῖκα
816 2299 1022 2369 ταύτης
1058 2298 1465 2369 ἀποκερδαίνει,
1515 2298 1591 2361 ὡς
1639 2299 1883 2372 εἴρηται,

306 2391 397 2445 διὰ
425 2391 521 2453 τάς
551 2391 731 2456 αἰτίας
750 2391 975 2456 ταύτας.

381 2484 448 2555 β’.
490 2485 554 2538 Εἰ
578 2484 784 2539 σύνοιδέ
824 2502 976 2548 τινας
1013 2486 1046 2556 ή
1079 2485 1217 2554 γυνὴ
1263 2487 1330 2556 τῇ
1376 2484 1620 2556 βασιλεία
1671 2485 1890 2540 ἐπιδου-

309 2575 586 2645 λιύοντας,
618 2579 713 2632 καὶ
741 2576 819 2648 τῷ
850 2576 964 2648 ἰδίῳ
1005 2577 1080 2648 μὴ
1104 2576 1449 2645 ἐφανέρωσεν
1480 2576 1654 2648 ἀνδρί.

378 2729 451 2800 γ’.
477 2729 541 2785 Εἰ
564 2729 871 2802 κατηγορία
901 2728 1146 2801 μοιχείας
1179 2732 1323 2784 κατὰ
1380 2732 1483 2800 τῆς
1511 2734 1769 2799 γυναικὸς
1800 2733 1892 2801 γέο

311 2839 477 2887 νοιτο,
518 2824 612 2876 καὶ
643 2821 786 2875 κατά
813 2822 940 2884 τοὺς
968 2823 1170 2890 νόμους
1200 2819 1565 2891 ἀπλεγχοείη
1600 2823 1892 2895 μοιχευθῆ-

310 2932 400 2969 ναι
446 2915 640 2985 αὑτήν.

379 3009 445 3062 δ’.
483 3008 609 3061 Ἐἀν
629 3006 928 3078 οίῳδήποτε
949 3005 1137 3077 τρόπῳ
1157 3007 1222 3075 τῇ
1259 3003 1371 3076 ζωῇ
1403 3005 1499 3060 τοῦ
1541 3008 1733 3079 ἀνδρὸς
1765 3011 1892 3063 ἔπι-

312 3097 598 3169 δουλεύσῃ,
627 3097 658 3167 ἢ
691 3097 873 3160 ἄλλοις
901 3096 1060 3151 τοῦτο
1112 3100 1328 3150 ποιοῦσι
1386 3100 1673 3164 συνειδεῖα,
1717 3100 1895 3173 τούτῳ

306 3191 391 3262 μὴ
419 3208 550 3262 φανε
561 3189 731 3261 ρὼσῃ.

1990 2018 2233 2072 monium
2253 2019 2608 2076 solverelicet
2627 2059 2642 2086 ,
2675 2035 2798 2075 cum
2821 2021 3030 2091 absque
3051 2023 3243 2077 barum
3278 2038 3409 2089 una,
3429 2023 3584 2077 ncia-

1985 2110 2127 2164 rittm
2162 2109 2234 2163 sit
2260 2109 2466 2165 dirimi.
2998 2160 3003 2165 .

2059 2205 2111 2261 1.
2139 2206 2219 2261 Ac
2263 2204 2496 2258 tnaritus
2535 2200 2753 2272 quidem
2786 2203 2940 2258 uxori
2979 2203 3267 2275 repudium
3311 2204 3497 2269 mittit,
3531 2213 3586 2260 et

1989 2297 2167 2355 dotem
2225 2297 2347 2369 ejus
2380 2297 2649 2363 lucratur,
2698 2294 2775 2349 uti
2800 2294 3007 2350 dictum
3052 2304 3161 2363 est.
3212 2305 3435 2368 propter
3482 2297 3582 2360 has

1989 2405 2219 2447 causas:

1996 2488 2004 2496 ‘
2060 2481 2096 2536 2
2134 2481 2188 2537 Si
2208 2481 2409 2552 quibus
2439 2478 2702 2535 adversus
2734 2479 3071 2549 maiestatem
3098 2479 3366 2550 principis
3387 2479 3587 2534 ineun-

1993 2573 2404 2633 tibusconsilia
2438 2574 2638 2629 mulier
2664 2573 2887 2629 conscia
2942 2573 3035 2637 sit,
3067 2573 3230 2644 idque
3258 2573 3459 2628 marito
3486 2586 3589 2627 suo

1992 2680 2102 2722 non
2135 2665 2477 2736 patefecerit.

2063 2756 2119 2812 3.
2151 2756 2209 2812 Si
2254 2755 2506 2810 adulterii
2542 2756 2739 2811 mulier
2791 2765 3069 2822 accusata,
3095 2760 3149 2809 et
3179 2753 3484 2811 secundum
3514 2752 3585 2809 le-

1998 2864 2094 2921 ges
2125 2848 2380 2904 adulterii
2411 2850 2669 2903 convicta
2698 2848 2896 2903 fuerit.

2065 3002 2122 3059 4.
2139 3001 2195 3057 Si
2212 3016 2543 3072 quocunque
2581 3000 2746 3054 modo
2770 2999 2892 3055 vita:
2912 3000 3092 3054 mariti
3118 2999 3279 3053 fuerit
3302 2998 3583 3064 insidiata,

1997 3093 2079 3148 vel
2110 3108 2233 3147 cum
2273 3093 2396 3146 aliis
2429 3093 2481 3146 id
2517 3092 2873 3146 molientibus
2923 3099 3066 3146 esset
3104 3092 3351 3155 conscia,
3378 3092 3577 3147 marito

2001 3200 2107 3239 non
2138 3182 2478 3254 patefecerit.

384 3249 446 3341 τί
479 3249 607 3340 Ἐἀν
628 3249 854 3357 ἀνδράσι
890 3284 1063 3349 ξένοις
1092 3285 1245 3355 παρὰ
1299 3286 1526 3357 γνώμην
1576 3286 1671 3340 τοῦ
1703 3287 1892 3358 ἀνδρὸς

2071 3277 2126 3331 5.
2174 3275 2229 3330 Si
2260 3283 2449 3329 contra
2488 3274 2674 3327 mariti
2709 3274 3051 3328 voluntatem
3083 3287 3207 3327 cum
3238 3270 3374 3326 viris
3397 3279 3583 3326 extra-

315 3378 679 3449 συμποσιάξει
715 3377 747 3448 ἢ
781 3376 1120 3430 συλλούεται.

386 3477 461 3538 ς’.
487 3472 620 3525 Ἐὰν
654 3470 759 3537 ἔξω
782 3468 876 3522 τοῦ
907 3470 1057 3522 οἴκου
1088 3468 1223 3539 μένῃ
1254 3468 1406 3536 παρά
1434 3468 1659 3538 γνώμην
1680 3468 1774 3521 τοῦ
1804 3469 1898 3522 ἀν-

312 3564 460 3636 δρύς.
494 3563 556 3615 ΕΞ
592 3563 664 3632 μή
697 3540 800 3613 που
858 3560 1021 3630 τυχδν
1070 3562 1222 3629 παρὰ
1249 3562 1362 3623 τοῖς
1407 3560 1559 3622 ἰδίοις
1610 3560 1860 3624 γονεῦσιν
1882 3577 1895 3591 ο

314 3654 349 3726 ἢ
399 3654 561 3717 αὐτὸς
590 3654 758 3724 χωρὶς
787 3651 896 3704 τῶν
924 3651 1231 3721 εἰρημένων
1259 3650 1446 3703 αἰτιῶν
1497 3650 1770 3726 ὲξωθήσῃ,
1806 3656 1899 3706 καὶ

318 3746 521 3815 γονέων
575 3746 712 3815 αὐτῇ
768 3744 843 3816 μὴ
886 3744 1261 3813 ὑπαρχόντων,
1295 3742 1400 3806 ἔξω
1439 3743 1536 3812 τὴν
1578 3744 1747 3797 νύκτα
1781 3745 1898 3798 δια-

317 3838 539 3909 ϐιϐάσῃ.

387 3927 454 3996 ζ’.
474 3928 598 3982 Ἐὰν
624 3928 888 3988 ἱππικοῖς,
914 3924 947 3996 ἢ
980 3916 1248 3993 Θεάτροις,
1276 3923 1309 3994 ἢ
1340 3924 1620 3996 κυνηγίοις
1646 3924 1692 3958 ⁸⁵
1723 3942 1903 3997 παρα.

318 4022 545 4092 γένηται
576 4020 669 4072 ἐπὶ
712 4017 789 4089 τῷ
832 4016 1132 4087 θεωρῆσαι,
1174 4014 1558 4086 ἀγνοοῦντοςῆ
1599 4015 1901 4081 κωλύοντος

318 4118 412 4172 τοῦ
443 4116 660 4187 ἀνδρός.

387 4207 465 4261 Τὸ
503 4208 689 4278 μέντοι
749 4205 1024 4277 Γραφικδν
1067 4202 1131 4256 τὸ
1166 4201 1345 4270 λέγον,
1409 4201 1484 4271 μὴ
1550 4189 1903 4273 ἐπιστρέφειν

246 4358 249 4361 ,
319 4304 420 4374 τὴν
451 4301 826 4373 μοιχευθεῖσαν
850 4298 987 4368 πρὸς
1013 4296 1104 4349 τὸν
1143 4292 1343 4362 ἑαυτῆς
1405 4293 1594 4364 ἄνδρα,
1644 4295 1773 4362 περὶ
1804 4295 1901 4347 ἀν-

319 4397 444 4467 δρὸς
472 4396 602 4459 νόει,
638 4394 713 4464 μὴ
749 4393 995 4455 θέλοντος
1027 4387 1391 4444 ἀναλαϐέσθαι
1425 4388 1649 4456 ταύτην.
1697 4387 1756 4439 Εἰ
1791 4387 1902 4457 γὰρ

321 4491 596 4559 συγχωρεῖ
620 4489 680 4541 τὸ
706 4487 958 4558 ἔγκλημα
985 4486 1014 4538 δ
1034 4487 1195 4555 ἀνὴρ,
1229 4484 1522 4543 ἀκωλύτως
1541 4482 1713 4550 αὐτὴν
1744 4480 1901 4543 ἐντὸς

2001 3367 2120 3423 neis
2150 3374 2447 3437 contpotet,
2480 3376 2569 3419 aut
2596 3366 2759 3420 lavet.
3482 3427 3485 3430 ν

2073 3458 2125 3513 6.
2156 3460 2213 3513 St
2238 3467 2432 3512 contra
2466 3458 2646 3511 mariti
2676 3456 3012 3511 voluntatem
3041 3463 3194 3510 extra
3222 3454 3443 3509 domum
3472 3467 3594 3507 ma-

2002 3561 2151 3615 tteat,
2184 3551 2285 3605 nisi
2330 3550 2467 3603 forte
2497 3549 2640 3617 apud
2671 3564 2801 3603 suos
2825 3557 3114 3617 parentes,
3153 3546 3234 3601 vel
3261 3546 3330 3599 ab
3364 3547 3596 3615 ipsomet

2002 3648 2210 3714 absque
2238 3645 2426 3697 causis
2451 3642 2713 3697 indicatis
2746 3641 2997 3709 expulsa,
3037 3639 3360 3707 parentibus
3381 3640 3430 3692 ei
3470 3636 3597 3693 nul-

2004 3739 2071 3793 lis
2097 3736 2519 3798 exsistentibus,
2563 3735 2698 3788 foris
2722 3743 2937 3787 noctem
2964 3732 3313 3799 transegerit.

2070 3919 2124 3974 7.
2150 3919 2205 3974 Si
2239 3917 2305 3972 ad
2335 3918 2633 3975 circenses.
2655 3915 2739 3969 vel
2765 3912 3098 3983 spectacula,
3124 3910 3204 3964 vel
3240 3924 3457 3965 arenam
3482 3907 3596 3978 (5i)

2005 4018 2231 4073 accedat
2265 4013 2546 4086 spectandi
2588 4025 2777 4076 causa,
2835 4009 3124 4079 ignorante
3157 4005 3238 4060 vel
3276 4004 3598 4076 prohibente

2005 4111 2223 4165 marito.

2073 4202 2348 4257 Caeterum
2424 4197 2722 4268 Scriptura:
2746 4195 2953 4250 dictum
2997 4192 3152 4257 illud,
3193 4205 3303 4260 quo
3338 4189 3596 4249 traditur,

2005 4294 2273 4351 adulterio
2332 4291 2592 4363 pollutam
2634 4288 2698 4342 ad
2758 4286 3017 4339 maritum
3053 4299 3211 4337 suum
3272 4297 3379 4335 non
3416 4279 3598 4333 redire

2005 4387 2072 4441 de
2106 4385 2303 4438 marito
2358 4380 2621 4449 iutellige,
2680 4378 2768 4447 qui
2811 4392 2933 4429 eam
2980 4389 3090 4428 non
3141 4374 3257 4425 Vult
3327 4371 3594 4438 recipere.

2007 4477 2219 4547 Quippe
2253 4475 2297 4529 si
2335 4473 2565 4527 maritus
2615 4471 2823 4525 crimen
2851 4467 3148 4529 condonat,
3181 4464 3316 4517 citra
3351 4460 3602 4530 probibi-o

321 4554 527 4644 διετίας
550 4554 942 4649 ἀναλαμϐάνει,
971 4577 1112 4631 κατὰ
1138 4579 1236 4653 τὴν
1272 4574 1650 4629 Ἰουστινιανοῦ
1671 4573 1892 4644 νεαρὰν,

2013 4573 2210 4625 tionem
2241 4569 2384 4622 intra
2425 4565 2708 4618 biennium
2742 4578 2859 4617 eam
2897 4558 3129 4628 recipit,
3171 4554 3471 4611 secundum
3496 4567 3599 4608 no-

324 4675 417 4732 καὶ
446 4675 675 4736 Λέοντος
704 4671 800 4725 τοῦ
842 4668 1037 4740 Σοφοῦ.

409 4770 474 4825 Ἠ
498 4770 555 4823 δὲ
592 4769 730 4838 γυνὴ
755 4765 964 4835 πέμπει
1003 4760 1286 4833 ρεπούδιον
1313 4758 1392 4830 τῷ
1430 4757 1605 4830 ἀνδρὶ,
1660 4757 1749 4811 διὰ
1804 4756 1905 4819 τὰς

324 4864 503 4927 αἰτίας
557 4863 783 4922 ταύτας,
827 4857 1099 4926 δυναμένη
1150 4852 1438 4908 ἀναλαϐεῖν
1481 4853 1581 4921 τήν
1610 4868 1669 4903 τε
1704 4851 1906 4917 ἑαυτῆς

328 4959 550 5030 προῖκα,
580 4954 676 5007 καὶ
702 4951 797 5021 τὴν
824 4948 1053 5009 διὰτοὺς
1083 4946 1296 5015 γάμους
1325 4943 1534 5013 δωρεὰν
1561 4940 1656 4992 τοῦ
1685 4939 1900 5009 ἀνδρὸς,

328 5047 529 5116 ὁμοίοις
561 5049 671 5106 τοῖς
700 5040 857 5094 παισί
888 5036 1305 5108 φυλαττομένης
1350 5035 1448 5102 τῆς
1483 5033 1577 5084 ἐπὶ
1618 5033 1684 5098 τῇ
1727 5030 1907 5100 δωρεᾷ

298 5156 303 5157 ’
326 5139 666 5205 δεσποτείας,
696 5134 952 5207 ἢπαίδων
972 5132 1072 5185 οὐκ
1099 5129 1292 5193 ὄντων,
1310 5126 1455 5196 ἔχειν
1485 5124 1581 5177 καὶ
1607 5124 1706 5193 τὴν
1735 5124 1904 5192 αὐτῆς

324 5233 663 5288 δεσποτείαν.

406 5322 471 5381 α’.
497 5324 624 5378 Ἐάν
657 5340 708 5376 τι
740 5319 882 5375 κατά
914 5318 1012 5388 τῆς
1043 5316 1322 5388 βασιλείας
1352 5315 1385 5383 ἢ
1415 5311 1579 5375 αὐτὸς
1612 5307 1908 5380 βουλεύση-

2011 4664 2205 4718 vellant
2264 4656 2733 4727 1ιιειίηῑοηί(52),
2785 4663 2839 4707 et
2900 4651 3265 4705 Lcunisillitts
3303 4646 3599 4717 sapientis.

2101 4753 2250 4810 Uxor
2279 4761 2458 4807 autem
2499 4750 2698 4804 marito
2729 4744 3018 4815 repudium
3057 4744 3221 4795 tnittit
3252 4751 3473 4809 prepter
3501 4738 3600 4791 bas

2011 4863 2212 4904 causas
2233 4886 2246 4908 ,
2288 4861 2412 4899 cum
2441 4852 2493 4896 et
2526 4840 2707 4896 dotem
2770 4853 2927 4891 suam
2949 4876 2964 4900 ,
3026 4843 3077 4889 et
3110 4834 3459 4887 donationem
3497 4829 3600 4882 viri

2011 4949 2231 5011 propter
2261 4939 2479 5006 nuptias
2505 4975 2519 4996 .
2560 4935 2805 5001 recipere
2842 4929 3055 4998 possit,
3108 4926 3294 4980 liberis
3327 4915 3625 4976 consimi-'

2014 5035 2135 5087 liter
2174 5031 2227 5085 in
2266 5029 2562 5083 donatione
2601 5022 2979 5080 conservanda
3033 5019 3277 5072 dominio
3312 5017 3427 5071 sive
3467 5027 3599 5083 pro-

2013 5129 2243 5196 prietztte
2266 5165 2278 5184 ,
2305 5124 2388 5176 vel
2422 5120 2614 5174 liberis
2645 5133 2753 5172 non
2820 5113 3163 5171 exstantibus
3184 5150 3199 5175 ,
3225 5110 3388 5163 etiam
3420 5102 3601 5161 domi-

2018 5220 2166 5272 nium
2197 5217 2317 5283 ejus
2350 5215 2571 5268 habere.

2092 5311 2143 5365 t.
2219 5309 2276 5362 Si
2331 5307 2595 5361 adversus
2658 5301 3000 5373 maiestatem
3066 5294 3332 5367 principis
3364 5289 3447 5346 vel
3480 5287 3605 5359 ipse

1624 5448 1859 5504 VARI/ii
1897 5446 2302 5504 LECTIONES.

431 5561 481 5596 ⁸⁸
504 5559 776 5628 κυνήγιον
801 5556 952 5625 λέγει
981 5553 1167 5620 τόπον,
1194 5550 1322 5605 ἔνθα
1346 5549 1407 5604 τὸ
1434 5546 1664 5601 παλαιὸν
1694 5546 2114 5616 ἐθηριομάχουν.

1831 5641 2063 5699 NOTAE.

404 5748 619 5820 (ΞΘ-⁸29)
650 5740 872 5805 Novella
899 5762 1068 5807 cxvu,
1096 5758 1215 5814 cap.
1243 5741 1298 5797 8.

403 5825 515 5891 (30)
551 5824 587 5876 Ι.
616 5822 670 5875 Ξ.
696 5821 753 5874 [).
783 5820 855 5873 De
873 5820 1065 5891 divort.
1197 5886 1207 5891 Δ
1559 5882 1569 5891 _
1816 5878 1846 5891 μ

404 5879 511 5963 {Sili
542 5894 776 5948 Arenam
811 5898 967 5945 vocat
998 5890 1173 5941 locum
1197 5886 1250 5941 in
1279 5900 1386 5954 quo
1411 5898 1535 5940 cum
1559 5879 1749 5937 bestiis
1778 5879 1907 5933 olim

2025 5735 2362 5807 pugnabant.

2084 5792 2207 5877 (δε)
2240 5803 2460 5859 Novella
2493 5800 2612 5854 ist.
2638 5813 2689 5854 ο.
2720 5796 2807 5865 to,
2841 5792 3234 5867 §.tduiteram.
