3882 6590
355 403 494 468 1279

1666 412 1803 473 JUS
1831 409 2275 476 CANONICUM

3472 415 3620 483 1280

347 518 479 588 quid
511 515 730 570 molitus
759 515 958 580 fuerit,
991 520 1071 573 vel
1121 521 1397 591 aliquibus
1428 519 1781 575 molientibus
1815 521 1932 590 ipse

2043 539 2150 586 ται,
2182 524 2213 594 ἢ
2256 524 2411 577 τοῦτό
2438 541 2547 578 τισι
2577 525 2989 598 βουλευομένοις
3034 526 3315 593 συνειδὼς,
3349 527 3427 597 μὴ
3460 545 3624 596 pave-

346 612 627 674 conscius,
666 612 715 664 id
744 602 981 682 principi
1029 629 1135 667 non
1206 613 1525 683 palati-ierit
1585 613 1666 667 vel
1698 628 1793 683 per
1834 628 1928 677 se,

337 701 436 771 ,vel
465 717 560 770 per
595 717 988 772 quamcunque
1028 718 1345 772 personam.

423 791 478 845 2.
511 791 566 847 Si
597 809 929 865 quocunque
963 794 1126 847 modo
1162 795 1286 848 vitm
1318 793 1570 865 conjugis
1641 792 1933 850 insidiatus

334 867 537 939 't‘uerit.

421 977 476 1034 5.
520 975 576 1031 Si
603 975 879 1047 pudicitiae
931 976 1182 1045 conjugis
1224 976 1452 1033 insidias
1510 984 1766 1045 struens,
1808 976 1934 1032 aliis

335 1046 472 1123 .eatn
508 1046 865 1139 stuprandam
891 1068 1106 1124 tradere
1139 1078 1371 1125 conatus
1433 1068 1622 1125 fuerit.

420 1249 475 1304 4.
498 1249 554 1303 Si
588 1250 838 1316 maritus,
873 1264 1045 1306 uxore
1062 1249 1319 1307 adulterii
1350 1261 1633 1320 accusata,
1678 1268 1792 1308 rem
1825 1266 1933 1308 non

350 1341 517 1411 proba
528 1342 683 1396 verit.

422 1433 475 1487 5.
528 1431 582 1486 Si
648 1434 753 1488 alia
784 1449 909 1489 eum
957 1435 1187 1491 muliere
1225 1448 1385 1492 coeat
1426 1437 1479 1493 in
1525 1437 1715 1492 eadem
1749 1436 1933 1504 domo,

351 1524 438 1580 vel
465 1525 652 1579 eadem
686 1525 910 1580 civitate
938 1567 953 1588 ,
987 1541 1052 1580 ac
1101 1530 1346 1584 monitus
1377 1530 1444 1584 ab
1486 1544 1692 1594 uxore,
1727 1529 1814 1583 vel
1843 1544 1937 1599 pa-

351 1613 600 1670 rentibus
632 1615 750 1685 ejus
771 1656 786 1681 ,
829 1614 914 1670 vel
938 1615 1135 1686 quovis
1156 1616 1264 1671 alio
1285 1657 1300 1682 ,
1343 1633 1453 1673 non
1486 1618 1618 1673 velit
1645 1616 1929 1673 abstineri.

423 1790 484 1849 In
521 1793 610 1850 his
634 1809 741 1849 non
771 1796 948 1850 solum
984 1798 1333 1852 donationem
1350 1805 1477 1853 aute
1508 1799 1730 1867 nuptias
1762 1797 1932 1851 mari-

2038 615 2188 687 ρῦσῃ
2243 620 2307 686 τῇ
2361 616 2606 690 βασιλείᾳ
2660 621 2690 693 ἢ
2731 622 2796 672 δι’
2844 620 3131 691 summi)
3178 620 3247 673 δι’
3303 620 3623 689 εἶθ’-δδήποτε

2038 706 2354 776 προσώπου.

2109 798 2176 866 β’.
2224 798 2348 852 Ἐἀν
2386 802 2690 873 οἱῳδήποτε
2720 801 2908 873 τρόπῳ
2963 800 3330 876 ἐπιϐουλεύσῃ
3376 804 3445 874 τῇ
3507 802 3619 875 ζωῇ

2037 890 2134 960 τῆς
2166 892 2444 957 γυναικός.

2107 988 2177 1050 γ’.
2222 983 2350 1037 Ἐὰν
2372 986 2436 1055 τῇ
2462 984 2559 1053 τῆς
2587 985 2844 1053 γυναικὸς
2870 988 3195 1059 σωφροσύνῃ
3224 986 3615 1057 ἐπιϐουλεύων,

2037 1073 2217 1137 ἄλλοις
2253 1074 2422 1146 αὐτὴν
2472 1079 2552 1139 εἰς
2584 1076 2648 1129 τὸ
2715 1077 3071 1148 μοιχευθῆναι
3124 1079 3454 1149 ἐπιχειρήσῃ
3493 1098 3623 1151 προ-

2036 1165 2242 1222 δοῦναι.

2107 1257 2168 1310 δ’.
2217 1257 2345 1312 Ἐὰν
2365 1263 2751 1334 κατηγορήσας
2784 1261 2956 1334 αὐτῆς
2986 1263 3016 1316 ὁ
3059 1262 3201 1336 ἀνὴρ
3250 1264 3344 1318 ἐπὶ
3386 1265 3623 1336 μοιχεία,

2042 1349 2114 1420 μὴ
2151 1350 2427 1422 ἀποδείξῃ.

2108 1441 2172 1498 ε’.
2214 1443 2338 1496 Ἐὰν
2372 1444 2536 1516 ἑτέρᾳ
2576 1446 2992 1519 συνεισέρχηται
3022 1448 3248 1517 γυναικὶ
3279 1448 3337 1501 ὲν
3374 1448 3458 1518 τῷ
3478 1449 3624 1519 αὐτῷ

2036 1535 2226 1608 οἴκῳῆ
2260 1540 2326 1609 τῇ
2361 1537 2499 1608 αὐτῇ
2525 1538 2696 1604 πόλει,
2731 1541 2824 1593 καὶ
2870 1539 3242 1610 ὑπομνησθεὶς
3288 1540 3420 1611 παρ’
3456 1540 3624 1608 αὐτῆς

2038 1627 2070 1699 ἢ
2095 1628 2204 1681 τῶν
2228 1628 2430 1698 γονέων
2454 1631 2646 1702 αὐτῆς,
2678 1631 2711 1702 ἢ
2737 1631 2804 1687 δι’
2855 1632 3182 1705 οἱουδήτινος
3235 1633 3455 1703 ἑτέρου,
3489 1634 3623 1685 ἀπο-

2040 1719 2262 1789 σχέσθαι
2291 1721 2364 1788 μὴ
2390 1720 2668 1792 βούληται.

2122 1811 2244 1864 Ἐπὶ
2271 1812 2480 1875 τούτοις
2514 1814 2589 1884 μὴ
2620 1814 2780 1883 μόνον
2828 1814 2930 1885 τὴν
2986 1816 3094 1886 πρὸ
3130 1816 3310 1885 γάμου
3355 1814 3567 1885 δωρεὰν
3593 1816 3621 1867 δ

350 1894 438 1943 tus
468 1887 586 1942 loco
619 1887 1041 1957 pmnaaamittit,
1072 1904 1261 1942 verum
1294 1887 1461 1943 etiam
1487 1891 1745 1943 trientem
1784 1890 1886 1944 reli
1908 1920 1922 1930 ο

2043 1901 2173 1973 ἀνὴρ
2200 1869 2526 1974 ζημιοῦται,’
2547 1869 2684 1959 ἀλλὰ
2708 1908 2805 1960 καὶ
2848 1869 3043 1978 ἕτερον
3070 1869 3252 1978 τρίτον
3280 1907 3346 1959 ὲκ
3388 1869 3489 1975 si];
3531 1907 3621 1961 ἄλο

346 1992 580 2047 quarum
629 1977 804 2046 ipsius
838 1976 1157 2032 facultatum
1211 1996 1225 2045 ;
1263 1987 1627 2049 prmterquam
1670 1983 1813 2050 quod
1838 1998 1931 2037 eas

346 2083 569 2137 quoque
610 2083 800 2138 pinnas
831 2069 1086 2135 sustinet,
1150 2085 1289 2140 quas
1316 2071 1431 2140 ipsa
1467 2073 1663 2126 mulier
1694 2084 1815 2129 erat
1848 2074 1930 2126 la-

343 2164 491 2221 tura,
519 2158 564 2214 si
589 2159 948 2215 condemnata
983 2160 1198 2217 fuisset.
1234 2161 1355 2217 Non
1391 2170 1571 2219 tamen
1610 2176 1702 2219 aut
1728 2166 1925 2220 mulier

346 2247 615 2302 arbitratu
647 2262 748 2303 suo
784 2247 1060 2317 divertere
1099 2259 1277 2322 potest
1312 2267 1342 2305 a
1385 2253 1605 2321 marito,-
1634 2262 1728 2309 aut
1762 2255 1931 2309 mari-

345 2346 435 2394 tus
463 2339 532 2393 ab
562 2339 701 2409 ipsa,
734 2340 855 2396 sine
878 2340 1091 2411 judicio
1123 2351 1177 2399 et
1207 2345 1484 2399 sententia
1519 2345 1767 2415 judicum
1795 2363 1809 2401 :
1840 2346 1926 2401 di-

341 2442 515 2486 versa:
542 2427 838 2485 Iustiniani
911 2430 1150 2489 Novella:
1197 2443 1466 2491 statuunt.
1524 2437 1604 2491 Ac
1644 2447 1927 2507 propterea

341 2518 435 2588 qui
466 2518 617 2573 ducit
674 2535 898 2576 uxorem
964 2537 1072 2577 non
1127 2524 1199 2578 ita
1221 2524 1568 2597 diremptam,
1600 2528 1928 2583 adulterium

340 2611 658 2665 committit.

339 2721 549 2780 Salutio
608 2727 1086 2805 mqtrimoniicitrq
1107 2747 1336 2799 paruam,
1379 2734 1545 2805 deque
1576 2740 1927 2795 matrimonio

554 2798 695 2865 quod
713 2798 1113 2854 exercitationis
1137 2806 1240 2871 piae
1267 2798 1430 2859 cerusa
1457 2798 1710 2865 solvitur.

409 2884 631 2956 Absque
665 2902 827 2958 paena
878 2891 1287 2949 matrimonium
1324 2896 1561 2953 solvitur
1593 2901 1729 2971 (53),
1792 2920 1918 2960 cum

339 2974 532 3048 elapso
564 2977 823 3045 triennio,
888 2982 1119 3038 maritus
1156 2997 1280 3039 cum
1338 3001 1511 3044 uxore
1533 2991 1683 3047 coire
1714 2995 1922 3064 nequit,

337 3065 469 3124 licet
519 3068 638 3139 ipse
692 3071 987 3128 divortium
1050 3074 1165 3133 ﬁeri
1218 3079 1400 3136 nolit:
1434 3092 1695 3140 manente
1759 3103 1925 3157 penes

2035 1994 2132 2064 λης
2176 1995 2341 2049 αὑτοῦ
2380 1997 2704 2068 περιουσίας
2730 2038 2745 2059 .
2797 2001 2890 2052 καὶ
2938 2000 3038 2059 τάς
3075 1999 3353 2071 τιμωρίας
3392 1998 3619 2067 ἀφίστα-

2033 2104 2124 2140 ται
2149 2087 2214 2151 ⁸⁸,
2234 2087 2299 2151 ἃς
2322 2088 2546 2158 ἔμελλεν
2579 2092 2611 2161 ή
2636 2090 2773 2161 γυνὴ
2794 2089 3289 2160 καταδικαζομένη.
3318 2090 3466 2159 Πλὴν
3498 2090 3617 2143 οὔτε

2034 2181 2066 2249 ή
2105 2181 2242 2249 γυνὴ
2288 2181 2605 2252 αὑτονόμως
2654 2183 2963 2254 ἀναχωρεῖν
2996 2182 3224 2236 δύναται
3274 2181 3370 2235 τοῦ
3404 2181 3615 2251 ἀνδρὸς,

2032 2271 2156 2325 οὕτε
2176 2267 2331 2337 οὗτος
2357 2274 2592 2344 ἐκείνης,
2641 2276 2810 2346 χωρὶς
2851 2275 3089 2346 κρίσεως
3133 2277 3230 2329 καὶ
3272 2274 3461 2344 ψήφου
3513 2274 3616 2328 τῶν

2032 2364 2339 2418 δικαστῶν’
2376 2366 2452 2429 ὡς
2504 2366 2755 2439 διάφοροι
2808 2367 2969 2420 τοῦτο
3020 2365 3373 2433 θεσπίζουσιί
3402 2365 3618 2419 Ἰουστι-

2033 2455 2215 2508 νιανοῦ
2252 2456 2463 2528 νεαραί.
2499 2456 2596 2510 Διά
2622 2457 2783 2512 τοῦτο
2813 2461 2840 2513 ὁ
2871 2458 3129 2531 γαμήσας
3178 2459 3280 2528 τὴν
3318 2456 3397 2528 μὴ
3449 2455 3617 2522 οὕτως

2031 2548 2411 2614 ἀπολυθεῖσαν,
2448 2550 2730 2620 μοιχᾶται.

2044 2750 2234 2817 Λύσις
2270 2751 2462 2820 γάμου
2505 2728 2770 2821 ἀζήμιος,
2804 2752 2900 2806 καὶ
2931 2751 3065 2821 περὶ
3100 2750 3209 2806 τοῦ
3244 2750 3321 2805 δι’
3349 2751 3617 2821 ἄσκησιν

2514 2820 2821 2891 λυομένου
2860 2820 3048 2892 γάμου
3083 2823 3147 2874 ⁸⁷.

2111 2911 2385 2983 Ἀξημίως
2439 2913 2495 2966 δὲ
2537 2912 2724 2967 λύεται
2767 2914 2967 2985 γάμος,
3035 2914 3124 2967 ὅτε
3173 2916 3419 2986 τριετίας
3475 2934 3611 2985 παρ-

2028 3002 2287 3073 ελθούσης
2329 3004 2359 3057 ὁ
2399 3003 2536 3074 ἀνὴρ
2561 3004 2661 3075 ούχ
2711 2998 2821 3066 οἶός
2870 3021 2931 3056 τε
2977 3004 3062 3074 εἴη
3110 3006 3351 3059 συνιέναι
3392 3009 3459 3076 τῇ
3515 3022 3614 3073 γα·-

2031 3098 2201 3165 μετῇο
2260 3096 2309 3147 εἰ
2357 3095 2453 3149 καὶ
2515 3094 2680 3159 αὐτὸς
2719 3096 2820 3166 τὴν
2868 3096 3141 3161 διάζευξιν
3195 3099 3295 3168 οὐχ
3353 3099 3611 3168 αἱρεῖται,

337 3160 518 3216 virum
552 3161 851 3219 donatione
882 3174 1009 3219 ante
1032 3169 1275 3237 nuptias,
1343 3187 1446 3227 nec
1479 3176 1777 3245 quidquam
1800 3195 1925 3235 sua-

2043 3160 2301 3256 μενούσης
2334 3186 2483 3254 παρά
2509 3186 2585 3255 τῷ
2614 3160 2787 3257 ἀνδρὶ-
2800 3191 2901 3257 τῆς
2930 3187 3036 3258 πρὸ
3068 3160 3162 3241 τού
3181 3160 3361 3259 γάμου
3381 3160 3612 3259 δωρεᾶς,

335 3266 462 3307 tum
495 3269 676 3308 rerum
737 3270 912 3325 pana:
946 3257 1067 3313 loco
1106 3260 1411 3317 amittente.
1451 3263 1696 3320 Solvitur
1747 3270 1913 3325 etiam

338 3345 775 3413 matrimonium,
811 3362 935 3402 cum
962 3349 1073 3420 (5.4)
1108 3350 1277 3406 altera
1312 3369 1437 3420 pars
1467 3359 1733 3413 exercitio
1763 3376 1923 3417 sacro

337 3436 405 3491 de
423 3436 594 3504 dedit,
647 3440 721 3502 ad
755 3440 893 3495 viam
936 3443 1214 3499 meliorem
1250 3448 1549 3511 transiens,
1582 3458 1637 3505 et
1670 3453 1835 3507 vitam
1868 3454 1922 3509 in

337 3528 577 3596 puritate
613 3530 913 3600 degendam
953 3535 1182 3606 eligens.
1225 3536 1378 3592 Tunc
1405 3540 1550 3593 enim
1589 3549 1697 3595 tam
1724 3544 1920 3609 virum,

337 3633 500 3690 quam
530 3621 835 3685 mulierem,
861 3623 925 3677 ad
962 3626 1312 3694 prmelariora
1339 3643 1399 3684 se
1423 3631 1821 3699 conferentem,
1846 3637 1928 3692 di-

337 3705 582 3759 vertendi
602 3715 920 3776 potestatem
940 3710 1141 3767 habere
1149 3713 1411 3783 jubemus
1429 3756 1443 3780 ,
1466 3718 1665 3790 exiguo
1684 3724 1922 3792 quodam

336 3793 569 3851 deserta:
593 3798 735 3867 parti
770 3799 967 3856 solatio
999 3802 1216 3858 relicto.

407 3964 683 4041 Quidquid
741 3971 890 4028 enim
953 3977 1341 4036 contrahentes
1402 3984 1546 4053 pacti
1610 3996 1759 4053 sunt,
1799 3997 1922 4044 uta

337 4068 513 4115 morte
548 4060 703 4116 lucro
740 4064 966 4120 alterius
998 4066 1254 4136 cederet;
1292 4070 1344 4124 id
1377 4071 1580 4129 habere
1613 4087 1830 4147 oportet
1853 4081 1922 4136 ab

335 4152 505 4207 altero
536 4153 837 4223 desertum,
875 4159 990 4214 sive
1020 4161 1122 4226 vir,
1162 4163 1277 4218 sive
1312 4165 1509 4220 mulier
1536 4169 1607 4224 sit
1650 4186 1664 4226 :
1701 4173 1922 4241 quando

334 4249 388 4298 et
415 4244 553 4313 ipse,
583 4258 850 4317 quantum
902 4251 1123 4321 quidem
1184 4254 1376 4310 attinet
1407 4258 1721 4329 conjugem,
1781 4265 1920 4320 mori

332 4334 589 4407 videtur;
620 4341 855 4397 alterum
889 4344 995 4399 iter
1024 4345 1146 4400 vitae
1179 4362 1302 4401 cum
1337 4350 1511 4407 altero
1543 4364 1916 4414 commutans.

333 4424 545 4484 Etenim
576 4438 802 4489 tonsura
834 4444 981 4490 recte
1038 4438 1095 4490 tit
1118 4438 1281 4492 etiam
1319 4441 1585 4500 alterutro
1622 4448 1917 4519 conjugum

2035 3278 2204 3348 μηδὲν
2231 3278 2447 3331 οἴκοθεν
2477 3279 2848 3349 ζημιουμένῳ.
2880 3278 3087 3333 Λύεται
3117 3282 3293 3351 γάμος
3336 3282 3430 3335 καὶ
3483 3285 3610 3336 ὅταν

2031 3370 2263 3440 ἄσκησιν
2293 3369 2518 3439 θάτερον
2543 3369 2731 3439 ἕληται
2760 3369 2868 3423 τῶν
2895 3370 3101 3442 μερῶν,
3133 3372 3271 3441 πρὸς
3292 3370 3394 3440 τὴν
3422 3374 3516 3425 ἐπὶ
3548 3373 3614 3425 τά

2030 3462 2263 3532 κρείττω
2321 3462 2645 3531 μεταϐαῖνον
2702 3462 2841 3526 ὁδὸν,
2892 3464 2988 3516 καὶ
3043 3464 3205 3517 cev“
3236 3463 3449 3532 ἀμείνω
3493 3463 3605 3534 βίον

1990 3552 2375 3623 αἱρούμενον.
2424 3552 2739 3623 Τηνικαῦτα
2790 3552 2902 3624 γὰρ
2929 3553 3251 3623 κελεύομεν.
3297 3554 3617 3625 παρρησίαν

2028 3638 2171 3696 εἶναι
2201 3644 2294 3696 καὶ
2329 3643 2483 3712 ἀνδρὶ
2513 3642 2609 3696 καὶ
2640 3646 2883 3710 γυναικὶ,
2913 3642 3051 3714 πρὸς
3080 3645 3153 3696 τὰ
3177 3644 3372 3715 βελτίω
3402 3644 3447 3675 ⁸⁸
3487 3643 3613 3713 μεθο

2026 3734 2338 3802 ισταμένου,
2405 3732 2647 3787 διαλύειν
2698 3732 2762 3787 τὸ
2818 3736 3178 3799 συωικὲσιον,
3245 3736 3388 3805 μετά
3472 3752 3613 3798 τινος

2028 3824 2285 3895 βραχείας
2320 3825 2836 3897 ὑπολιμπανομένης
2868 3826 2946 3897 τῷ
2964 3827 3458 3898 καταλελειμμένῳ
3497 3844 3607 3881 παι

2030 3914 2323 3984 ραμυθίας.

2099 4006 2279 4075 Ὅπερ
2305 4006 2414 4077 γὰρ
2444 4006 2512 4060 ἂν
2537 4008 2954 4077 συμφωνήσειεν
2981 4008 3035 4077 οι
3066 4007 3478 4078 συμϐάλλοντες
3508 4007 3612 4061 ἀπὸ

2027 4097 2283 4167 τελευτῆς
2330 4099 2589 4166 γενέσθαι
2634 4099 2846 4170 κέρδος,
2888 4099 3047 4154 τοῦτο
3090 4100 3235 4170 ἔχειν
3272 4100 3356 4153 δεῖ
3384 4101 3475 4153 τὸν
3523 4116 3612 4153 κα-

2027 4189 2460 4267 ταλελειμμένον
2498 4190 2650 4261 παρά
2687 4191 2943 4261 θατέρου,
2988 4192 3102 4245 εἴτε
3133 4193 3301 4263 ἀνὴρ,
3339 4193 3451 4245 εἴτε
3475 4192 3610 4261 γυνὴ

2026 4281 2383 4351 καθεστήκοι.
2428 4282 2521 4335 Διὸ
2544 4283 2589 4314 ⁵⁰
2618 4281 2715 4335 καὶ⁴
2748 4276 2926 4349 οὗτος,
2955 4284 3084 4352 τόγε
3118 4285 3212 4337 ἐπὶ
3243 4282 3323 4353 τῷ
3362 4285 3612 4354 συνοική-

2026 4389 2201 4436 σαντι,
2257 4372 2406 4426 δοκεῖ
2461 4372 2739 4444 τελευτᾷν,
2808 4375 3003 4445 ἑτέραν
3065 4374 3182 4429 ἀνθ’
3243 4374 3438 4446 ἐτέρας
3492 4374 3609 4444 βίον

2023 4463 2249 4532 πορείαν
2297 4463 2573 4534 ἐλόμενος.
2636 4464 2702 4518 Ἥ
2730 4465 2837 4538 γὰρ
2885 4466 3195 4537 ἁπόκαρσις
3245 4466 3341 4520 καὶ
3383 4465 3609 4531 ἄκοντος

333 4518 526 4577 invito.
563 4521 808 4581 Dicimus
833 4528 1019 4594 etiam,
1061 4528 1202 4585 bona
1225 4533 1400 4602 gratia
1450 4535 1566 4590 ﬁeri
1592 4518 1915 4595 divortium.

2043 4518 2262 4626 θατέρου
2305 4518 2414 4611 τῶν
2450 4518 3283 4628 ὀμϐξύγωέγίνεταιἀσέραλσῶς.
3460 4518 3609 4626 λέγοιῖ

331 4609 572 4668 Persona
600 4632 819 4688 quoque
850 4618 1112 4676 derelicta
1151 4612 1328 4691 potest
1352 4626 1497 4680 aliud
1530 4628 1596 4681 ad
1624 4630 1917 4686 matrimo-

331 4703 483 4759 nium
513 4709 797 4764 accedere.
820 4707 924 4765 Sed
958 4712 1060 4767 hoc
1084 4716 1236 4770 uxori
1269 4717 1512 4787 episc0pi
1540 4719 1778 4777 ordinati
1806 4739 1917 4779 non

329 4803 417 4850 est
448 4796 660 4851 datum.
697 4797 932 4871 Ideoque
968 4817 1092 4857 cum
1131 4805 1252 4873 ejus
1285 4820 1561 4861 consensu
1604 4808 1722 4865 ﬁeri
1761 4813 1916 4867 ordi-

330 4888 607 4943 nationem
626 4899 862 4959 oportet,
876 4902 1040 4964 atque
1064 4896 1138 4948 ita
1160 4895 1313 4965 sequi
1337 4906 1620 4953 tonsuram
1640 4901 1758 4972 ejus
1777 4905 1914 4961 citra

329 4980 755 5039 recusationem.
812 4984 1056 5041 Solvitur
1102 4987 1263 5040 etiam
1320 4990 1729 5048 matrimonium
1762 4996 1916 5069 (35),

327 5083 455 5126 cum
520 5074 750 5132 maritus
835 5085 929 5131 aut
998 5094 1139 5132 uxor
1203 5079 1256 5133 in
1323 5081 1693 5149 captivitatem
1753 5103 1916 5147 vene-

328 5161 435 5230 rit,
472 5178 537 5220 ac
569 5181 666 5236 per
689 5168 1129 5239 quinquennium
1163 5185 1271 5225 non
1299 5184 1531 5238 constet,
1559 5192 1689 5231 num
1726 5180 1904 5237 vivat.

330 5249 391 5308 Si
424 5270 550 5312 vero
572 5267 771 5328 praeter
802 5266 1059 5326 statutas,
1089 5261 1287 5334 inquit,
1315 5279 1343 5317 a
1374 5266 1531 5320 nobis
1561 5284 1758 5325 causas
1779 5274 1907 5331 ausi

2026 4664 2145 4717 μεν,
2194 4646 2375 4718 ἀγαθῇ
2423 4649 2607 4718 χάριτι
2650 4650 2752 4719 τὴν
2800 4648 3074 4717 διάζευξιν
3104 4649 3382 4719 γίνεσθαι.
3418 4650 3529 4703 Καὶ
3546 4650 3606 4703 τὸ

2022 4737 2370 4807 περιλειφθὲν
2399 4738 2693 4807 πρόσωπον
2714 4737 2938 4793 δύναται
2958 4740 3096 4811 πρὸς
3121 4739 3315 4813 ἑτέραν
3343 4740 3603 4808 συζυγίαν

2022 4828 2219 4885 ἐλθεῖν.
2264 4830 2425 4885 Ἀλλά
2480 4835 2546 4903 τῇ
2612 4832 2707 4886 τοῦ
2760 4833 3241 4906 χειροτονηθέντας
3303 4834 3603 4887 ἐπισκόπου

2022 4922 2242 4987 γυναικὶ
2270 4920 2429 4974 τοῦτο
2470 4923 2533 4975 ού
2562 4922 2791 4978 δέδοται.
2824 4925 2937 4978 Καὶ
2965 4924 3053 4977 διὰ
3100 4925 3261 4977 τοῦτο
3294 4924 3435 4995 μετά
3479 4940 3604 4979 συν-

2022 5012 2282 5076 αινέσεως
2336 5014 2506 5083 αὐτῆς
2546 5014 2629 5067 δεῖ
2678 5014 2927 5083 γίνεσθαι
2973 5016 3074 5087 τὴν
3109 5017 3472 5087 χειροτονίαν,
3512 5016 3604 5068 καὶ

2018 5103 2193 5169 οὓτως
2231 5106 2624 5161 ἐπακολουθεῖν
2663 5108 3062 5179 ἀπαραιτήτως
3091 5107 3192 5178 τὴν
3221 5108 3429 5177 ταύτης
3463 5109 3603 5161 ἀπό·

2022 5214 2240 5266 καρσιν.
2275 5197 2476 5251 Λύεται
2506 5199 2684 5269 γάμος
2721 5200 2818 5253 καὶ
2843 5200 2971 5254 ὅταν
2997 5200 3350 5271 αἰχμάλωτος
3376 5200 3604 5271 γένηται

2020 5284 2049 5337 ὁ
2082 5284 2244 5357 ἀνὴρ,
2282 5286 2316 5357 ἢ
2370 5288 2400 5357 ή
2453 5289 2589 5356 γυνή
2622 5302 2636 5318 ⁶
2686 5286 2883 5359 ἄδηλον
2931 5286 2991 5342 ὃν
3032 5289 3126 5341 ἐπὶ
3169 5294 3519 5351 πενταετίαν,
3550 5288 3602 5341 εί

1650 5402 1886 5465 νΑηιλΕ
1922 5413 2326 5475 LEC'I’IONES.

398 5504 442 5536 “
470 5506 785 5575 ὑφίσταται.

324 5570 371 5607 ⁸³
397 5570 550 5633 διότι.

895 5509 939 5541 ⁵⁷
977 5512 1031 5565 αἱ
1058 5496 1251 5581 αἰτίαι,
1287 5513 1356 5569 δι’
1384 5513 1450 5579 ἃς
1482 5516 1782 5588 χωρίζεται
1823 5522 1850 5575 ό
1896 5528 2037 5600 ἀνὴρ
2074 5531 2176 5601 τῆς
2207 5533 2485 5597 γυναικός.

2548 5544 2565 5554 ·
2600 5533 2644 5564 ⁸⁸
2687 5535 2744 5586 ἐν
2776 5535 2991 5607 ἁγνείᾳ.
3108 5535 3151 5566 δ’
3194 5534 3604 5617 μεθισταμένῳ.

1844 5706 2077 5768 NOTAE.

393 5779 507 5854 (ζῆ)
540 5780 758 5854 Novella
791 5784 882 5844 Ἡ.
919 5801 1038 5854 cap.
1069 5787 1120 5839 6.

391 5852 505 5921 (5i)
543 5852 604 5906 Ι).
634 5855 810 5909 novel.
844 5870 893 5908 ε.
923 5852 1012 5911 50.

2085 5802 2197 5873 (55)
2232 5803 2289 5857 D.
2323 5806 2498 5861 notel.
2522 5804 2611 5871 22,
2648 5821 2770 5875 cap.
2812 5807 2863 5862 7.
