3990 6574
330 405 348 468 i
367 406 464 469 281
1618 392 2320 456 GRAECO'ROMANUM.
3443 384 3580 448 1282

325 516 416 587 ζῇ.
453 515 515 566 Εἰ
547 511 602 566 δὲ
641 506 792 580 παρά
835 507 933 571 τὰς
981 506 1070 576 ὑφ’
1111 505 1292 578 ἡμῶν,
1349 504 1504 576 φησὶ,
1540 503 1901 574 διωρισμένας

2011 499 2230 569 quidam
2298 497 2499 551 fuerint
2557 494 2968 549 matrimonium
3029 495 3280 551 solvere:
3319 496 3583 568 jubemus

324 586 502 667 a'l'cta;
551 597 882 672 τολμήσουσί
946 614 1089 662 τινες
1141 596 1378 650 διαλύειν
1426 596 1516 648 τὸν
1563 595 1760 662 γάμον,
1803 610 1895 645 κε-

2008 589 2272 659 siquidcm
2310 589 2545 642 habeant
2568 586 2963 642 descendentes
2987 587 3068 640 vel
3091 603 3154 642 ex
3180 589 3285 643 hoc
3330 588 3472 658 ipso,
3497 589 3584 644 vel

324 694 575 763 λεύομεν,
609 693 658 743 εί
689 691 786 760 μὲν
817 686 1110 750 κατιόντας
1136 685 1309 756 ἔχοιεν
1335 684 1442 736 εἴτε
1475 684 1534 747 ἐξ
1571 681 1759 746 αὑτοῦ,
1791 682 1900 732 εἴτε

2005 697 2063 735 ex
2092 681 2198 733 alio
2218 680 2586 745 matrimonio,
2612 679 2754 734 utiis
2773 681 3015 748 ipsorum
3051 677 3334 733 facultates
3358 680 3581 744 dentur,

325 786 388 852 ἒξ
414 784 574 840 ἄλλου
608 782 809 852 γάμου,
829 780 926 843 τὰς
958 779 1138 832 αὐτῶν
1161 778 1351 839 οὐσίας
1373 775 1603 838 ἐκείνοις
1632 772 1897 834 δίδοσθαι,

2010 780 2057 824 et
2096 771 2149 823 in
2177 770 2579 824 monasterium
2619 770 2817 839 ipsi....
2855 785 2920 824 ex
2980 770 3227 839 ipsorum
3292 771 3451 826 bonis
3483 771 3586 825 tri-

328 879 424 932 καὶ
453 877 648 937 αὐτοὺς
673 876 752 936 είς
787 870 1147 943 μοναστήριον
1169 868 1428 939 (56)....η
1457 864 1694 919 δίδοσθαι
1718 866 1782 916 ὲκ
1802 863 1902 931 τῆς

2011 863 2259 916 buantur.
2294 860 2390 915 Sin
2455 861 2846 917 descendentes
2905 863 3089 917 nullos
3146 863 3405 943 habeant,
3457 866 3587 923 util

324 968 513 1031 οὐσίας
561 942 890 1021 αὑτῶν.ίΕί
941 963 998 1016 δὲ
1056 961 1131 1032 μὴ
1182 960 1355 1030 ἐχοιεν
1406 959 1716 1020 κατιόντας,
1766 955 1900 1007 ἀλλά

2008 955 2216 1007 tertiam
2237 953 2505 1007 bonorum
2530 963 2736 1022 partem
2757 963 3192 1024 consequantur,
3226 955 3272 1010 si
3323 942 3584 1012 solutioni

326 1061 599 1121 ἀνιόντας,
638 1056 864 1118 τούτους
888 1055 948 1108 τὸ
978 1055 1158 1124 τρίτον
1182 1053 1348 1122 μέρος
1375 1051 1474 1118 τῆς
1507 1047 1691 1110 οὐσίας
1721 1047 1902 1100 αὐτῶν

2011 1045 2331 1099 matrimonii
2356 1060 2464 1102 non
2487 1047 2886 1101 consenserint.
2907 1045 3064 1114 Quod
3087 1049 3129 1102 si
3151 1064 3252 1102 nec
3279 1049 3587 1106 ascenden-

329 1151 656 1220 λαμϐάνειν,
693 1149 742 1200 εί
779 1146 853 1216 μὴ
903 1149 970 1216 τῇ
1021 1144 1174 1196 λύσει
1225 1141 1317 1196 τοῦ
1359 1141 1540 1210 γάμου
1579 1138 1896 1209 συνῄνεσαν.

2004 1144 2106 1203 tes,
2132 1153 2233 1192 nec
2257 1137 2652 1193 descendentes
2682 1149 2928 1195 exstent:
2949 1141 3210 1211 jubemus
3231 1143 3414 1196 omnia
3440 1144 3580 1198 bona

335 1245 399 1296 Ei
429 1243 484 1295 δὲ
516 1243 650 1312 μήτε
674 1239 939 1298 ἀνιόντες,
974 1235 1109 1305 μήτε
1145 1234 1422 1295 κατιόντες
1444 1227 1574 1295 εἷεν,
1607 1229 1901 1297 κελεύομεν

2008 1231 2372 1292 monasteriis,
2399 1231 2452 1284 in
2479 1246 2599 1299 quae
2623 1231 2867 1286 conclusi
2903 1231 3127 1296 fuerint,
3156 1234 3410 1288 attribui.
3437 1233 3584 1299 Quin

330 1337 514 1386 πᾶσαν
557 1332 656 1400 τὴν
684 1328 872 1383 οὐσίαν
916 1328 1029 1390 τοῖς
1064 1325 1469 1394 μοναστηρίοις,
1499 1317 1578 1384 οἷς
1610 1320 1903 1390 ἐνεϐλήθη-

2013 1323 2166 1376 etiam
2197 1327 2312 1376 hzec
2375 1323 2738 1376 instrumenta
2791 1324 2999 1378 nefaria
3046 1326 3425 1388 conﬁcientes,
3457 1325 3589 1380 sub-

333 1443 454 1491 σαν,
485 1423 744 1477 δίδοσθαι.
777 1421 936 1474 Ἀλλά
957 1421 1048 1473 καὶ
1071 1420 1197 1480 τοὺς
1221 1419 1289 1470 τὰ
1318 1417 1540 1469 τοιαῦτα
1560 1414 1903 1474 συντιθέντας

2013 1414 2091 1479 iici
2125 1414 2298 1483 pinnis
2332 1415 2729 1484 corporalibus,
2755 1422 2810 1469 et
2844 1416 2898 1470 in
2938 1417 3188 1471 exsilium
3230 1406 3379 1472 mitti
3399 1417 3589 1487 praeci-

332 1516 569 1585 ἀθέμιτα
625 1513 929 1582 συμϐόλαια
996 1508 1286 1578 κελεύομεν
1350 1510 1468 1570 ταῖς
1508 1507 1587 1568 είς
1637 1505 1697 1558 τὸ
1744 1504 1905 1571 σῶμα

2010 1507 2203 1576 pimus.
2229 1507 2324 1560 Sin
2377 1516 2554 1560 autem
2588 1507 2646 1573 ii,
2673 1507 2768 1578 qui
2828 1509 3122 1563 divortium
3175 1509 3353 1565 facere
3403 1510 3586 1565 conati

333 1610 550 1670 ποιναῖς
594 1603 1018 1659 ὑποϐάλλεσθαι.
1057 1603 1169 1656 Καὶ
1198 1602 1278 1664 είς
1303 1599 1519 1670 εξορίαν
1566 1596 1901 1667 πέμπεσθαι.

2005 1597 2249 1660 fuerunt,
2308 1613 2503 1653 rursus
2527 1599 2582 1652 in
2637 1600 3045 1654 matrimonium
3102 1600 3251 1655 coire
3304 1602 3581 1656 voluerint

335 1697 399 1751 Εί
425 1698 482 1752 δὲ
507 1699 555 1750 οί
581 1697 671 1750 τὸν
697 1698 877 1767 γάμον
908 1694 1056 1748 λύειν
1101 1694 1551 1763 ἐπιχειρήσαντες
1595 1689 1906 1760 βουληθεῖεν

2011 1695 2299 1756 antequam
2336 1689 2392 1742 in
2421 1691 2750 1744 monasteria
2802 1691 2957 1746 missi
3009 1691 3139 1757 sint,
3189 1691 3240 1745 id
3283 1691 3477 1760 agendi
3525 1694 3587 1745 li-

333 1788 496 1842 πάλιν
546 1789 761 1850 ἑαυτοῖς
812 1785 1109 1851 συνελθεῖν,
1165 1784 1294 1852 πρὶν
1325 1783 1390 1836 ἂν
1435 1780 1753 1851 ὲμϐληθῶσι
1793 1796 1904 1861 ὀμο-

2012 1781 2240 1835 centiam
2297 1780 2431 1850 ipsis
2476 1781 2848 1846 concedimus,
2872 1790 2926 1836 et
2969 1783 3254 1852 praedictas
3289 1799 3478 1853 poenas
3507 1785 3588 1839 eis

334 1880 671 1951 ναστηρίοις,
716 1878 870 1932 ἄδεια
901 1876 1112 1938 τούτοις
1150 1843 1350 1928 δίδοται
1406 1875 1536 1943 παρ’
1578 1872 1758 1942 ἡμῶν,
1793 1857 1904 1924 ’καὶ

2014 1873 2359 1956 remittimus,
2399 1875 2644 1944 adeoque
2679 1873 2970 1930 facultates
3017 1890 3145 1930 suas
3168 1876 3405 1930 retinere
3437 1885 3590 1946 pote-

331 1972 430 2034 τὰς
457 1971 863 2041 προειρημένας
903 1968 1092 2030 ποινάς
1124 1964 1516 2036 συγχωροῦμεν
1573 1965 1778 2026 αὐτοῖς,
1814 1963 1905 2014 καὶ

2012 1970 2155 2015 runt.
2189 1963 2258 2015 At
2293 1977 2400 2015 una
2449 1976 2684 2032 persona
2707 1964 3118 2018 matrimonium
3173 1979 3431 2018 revocare
3491 1979 3588 2018 vo-

334 2063 434 2124 τὰς
467 2062 600 2125 ἰδίας
651 2061 794 2130 ἔχειν
831 2059 1171 2133 περιουσίας.
1203 2056 1309 2110 Τοῦ
1367 2057 1409 2110 δ’
1446 2056 1561 2118 ἐνὸς
1610 2054 1903 2124 προσώπου

2011 2054 2172 2118 lente,
2214 2054 2259 2109 si
2318 2053 2488 2107 altera
2518 2068 2736 2124 quoque
2771 2069 3006 2124 persona
3069 2069 3176 2108 non
3205 2055 3587 2120 consenserit,

336 2153 657 2225 βουλομένου
705 2154 792 2207 τὸν
840 2153 1016 2222 γάμον
1059 2148 1519 2215 ἀνακαλέσασθαι,
1553 2148 1602 2200 εί
1653 2148 1725 2217 μη
1781 2163 1905 2201 συν-

2013 2146 2271 2201 adversus
2297 2161 2414 2199 eam
2441 2161 2614 2216 poena:
2645 2155 2775 2200 ratae
2805 2147 2932 2213 sint,
2965 2162 3086 2218 qua:
3111 2149 3311 2202 renuit.
3339 2147 3465 2202 Haec
3489 2162 3589 2202 au-

335 2245 567 2298 αινέσειε
611 2244 706 2298 καὶ
751 2244 812 2297 τὸ
857 2243 1066 2315 ἕτερον,
1111 2241 1254 2294 κατά
1294 2240 1388 2292 τοῦ
1457 2239 1532 2310 μὴ
1580 2238 1906 2309 βουλομένου

2013 2247 2118 2293 tem
2149 2237 2261 2292 ﬁeri
2311 2237 2568 2306 jubemus
2620 2237 3021 2293 interveniente
3082 2237 3424 2307 providentia
3455 2238 3589 2293 reli-

341 2340 564 2406 κρατεῖν
611 2339 708 2400 τάς
751 2338 961 2400 ποινάς.
1003 2334 1191 2390 Ταῦτα
1231 2335 1287 2387 δὲ
1336 2332 1635 2402 κελεύομεν
1663 2331 1908 2399 γίνεσθαι

2011 2329 2442 2400 giosissimorum
2478 2330 2887 2400 episc0porum.
2925 2331 3079 2396 Quod
3117 2333 3161 2384 si
3215 2347 3314 2401 per
3353 2329 3587 2386 con'seu-

340 2429 604 2484 καὶκατὰ
650 2431 907 2500 πρόνοιαν
937 2428 1046 2480 τῶν
1089 2426 1523 2495 θεοφιλεστάτων
1570 2425 1906 2479 ἐπισκόπων.

2016 2435 2132 2475 sum
2164 2420 2452 2490 utriusque
2484 2422 2654 2490 partis
2673 2421 2755 2476 vel
2783 2437 2968 2476 amore
3005 2422 3280 2490 pudicitiae
3311 2422 3592 2477 matrimo-

339 2520 402 2572 Εί
429 2520 485 2572 δὲ
515 2521 656 2574 κατὰ
681 2521 984 2574 συναίνεσιν
1010 2519 1334 2589 ἀμφοτέρων
1366 2517 1472 2568 τῶν
1497 2515 1700 2584 μερῶν,
1726 2514 1758 2585 ἢ
1791 2513 1909 2566 κατ’

2017 2515 2161 2566 nium
2195 2513 2434 2566 solutum
2496 2511 2660 2566 fuerit
2685 2530 2698 2566 :
2720 2511 3000 2581 jubemus,
3062 2520 3119 2565 ut
3151 2513 3333 2568 statim
3363 2505 3593 2589 utraqpe

337 2611 516 2679 Epona
564 2612 916 2684 σωφροσύνης
955 2580 1144 2679 λυθέίῆ
1192 2580 1388 2680 γάμος,
1428 2580 1723 2678 κελεύομεν
1747 2580 1910 2670 εύθὺς

2014 2619 2139 2673 pars
2161 2605 2226 2656 ad
2255 2604 2424 2657 vitam
2487 2580 2787 2659 solitariam
2819 2604 3066 2668 accedat,
3098 2603 3171 2657 ita
3223 2604 3443 2674 quidem
3478 2580 3588 2660 uia

339 2704 577 2772 ἑκάτερα
641 2702 708 2755 τά
746 2703 885 2772 μέρη
931 2699 1337 2771 προσέρχεσθαι
1384 2697 1462 2767 τῷ
1509 2699 1735 2768 μονήρει
1787 2698 1909 2767 βίῳ,

2014 2699 2190 2768 poenis
2212 2698 2484 2752 immunes
2512 2707 2786 2752 maneant.
2813 2697 2968 2764 Quod
2993 2699 3038 2752 si
3057 2699 3180 2768 quis
3204 2715 3393 2754 eormn
3417 2701 3496 2755 vel
3519 2699 3590 2755 ad

339 2793 593 2862 ἀζημίων
637 2791 881 2862 δηλονότι
931 2790 1351 2859 φυλαττομένων
1396 2788 1595 2842 αὐτῶν.
1649 2789 1708 2840 Ei
1738 2788 1795 2840 δέ
1829 2805 1912 2850 τις

2019 2791 2150 2844 alias
2180 2790 2400 2860 nuptias
2451 2790 2778 2854 convolarit,
2807 2790 2890 2844 vel
2945 2791 2998 2843 in
3051 2799 3424 2860 paupertatem
3457 2793 3595 2847 inci-

339 2886 542 2940 τούτων
573 2885 606 2957 ἢ
651 2885 814 2956 γάμῳ
850 2881 1158 2954 προσέλθοι,
1188 2883 1222 2954 ἢ
1271 2881 1432 2952 πενίᾳ
1473 2879 1780 2952 περιπέσοι,
1813 2879 1912 2949 τὴν

2018 2883 2206 2936 derit:
2255 2881 2439 2936 omnia
2495 2880 2734 2948 ipsorum
2788 2879 2928 2934 bona
2964 2880 3122 2936 liberi
3155 2881 3449 2951 accipient.
3499 2882 3594 2939 Sin

342 2979 521 3034 πᾶσαν
549 2974 716 3030 αὑτοῦ
760 2975 1079 3047 περιουσίαν
1108 2975 1156 3026 οἱ
1201 2973 1388 3036 παῖδες
1429 2972 1724 3043 λήψονται·
1764 2973 1813 3024 εί
1855 2972 1912 3024 δὲ

2021 2973 2168 3028 liberi
2199 2973 2332 3027 nulli
2379 2980 2622 3038 exstent,
2655 2973 2820 3028 ﬁscus
2840 2972 3116 3027 succedet.
3158 2971 3426 3028 Czeterum
3466 2988 3597 3031 thx

341 3070 536 3133 παῖδας
563 3071 664 3122 ούκ
684 3067 819 3139 ἔχει,
847 3069 910 3122 τὸ
929 3067 1186 3138 δημόσιον
1216 3067 1378 3120 αὐτὸν
1400 3065 1720 3131 διαδέξεται.
1755 3065 1812 3119 Ὀ
1839 3062 1912 3129 ξθ⁹

2017 3066 2200 3121 Basilii
2249 3066 2430 3135 magni
2499 3080 2733 3121 canon:
2807 3065 2866 3120 Si
2937 3065 3151 3128 lector,
3212 3066 3422 3136 inquit,
3470 3082 3593 3121 cum

340 3159 435 3213 τοῦ
493 3161 728 3230 μεγάλου
793 3159 1078 3212 Βασιλείου
1151 3155 1350 3210 κανών·
1427 3157 1488 3209 El
1536 3156 1910 3225 ἀναγνώστης,

2023 3158 2287 3228 desponsa
2315 3157 2418 3211 sibi
2442 3156 2667 3212 muliere
2693 3163 2819 3212 ante
2845 3157 3149 3211 celebratas
3187 3157 3410 3226 nuptias
3449 3157 3599 3213 coie-

342 3252 499 3321 φησὶ,
553 3253 620 3322 τῇ
677 3250 843 3304 αὐτοῦ
907 3249 1364 3322 μεμνηστευμένῃ
1419 3247 1526 3318 πρὸ
1579 3247 1674 3300 τοῦ
1731 3247 1910 3315 γάμου

2023 3252 2108 3318 rit,
2131 3251 2292 3305 etiam
2319 3248 2431 3319 ipsa
2457 3249 2836 3304 consentiente
2861 3289 2876 3315 ,
2900 3249 2966 3304 ad
2996 3247 3126 3303 anni
3157 3248 3390 3318 spatium
3410 3262 3599 3320 segre-

346 3341 592 3413 μιχθείη,
652 3341 911 3410 κάκείνης
969 3340 1128 3394 τοῦτο
1186 3339 1467 3409 ἑλομένης,
1525 3337 1611 3391 ἐπ’
1669 3337 1912 3391 ἐνιαυτὸν

2022 3351 2195 3412 gatur,
2224 3352 2276 3395 et
2297 3341 2364 3394 ad
2400 3340 2623 3396 lectoris
2674 3340 2892 3410 quidem
2932 3355 3134 3394 munus
3167 3341 3330 3405 redit,
3352 3340 3446 3395 sed
3479 3355 3598 3394 ma-

341 3433 732 3504 ἀφοριζόμενος
765 3435 843 3495 είς
896 3432 958 3484 τὸ
991 3429 1388 3498 ἀναγινώσκειν
1413 3431 1573 3484 πάλιν
1607 3430 1910 3496 ἐπάνεισιν,

2013 3433 2185 3504 jorem
2214 3433 2278 3486 ad
2312 3431 2538 3502 gradum
2566 3446 2674 3486 non
2696 3431 3030 3501 provehitur.
3060 3431 3154 3485 Sin
3190 3432 3399 3501 absque
3425 3446 3589 3501 spon-

343 3527 422 3590 είς
455 3527 676 3595 μείζονα
712 3526 786 3596 μὴ
818 3523 1146 3595 προκόπτων
1175 3522 1404 3593 βαθμόν.
1434 3523 1494 3574 Εἰ
1522 3521 1579 3574 δὲ
1617 3521 1914 3590 μνηστείας

2019 3525 2225 3580 salibus
2255 3538 2379 3577 cum
2409 3522 2632 3578 muliere
2648 3523 3099 3577 consuetudinem
3126 3523 3344 3588 habeat,
3379 3523 3595 3579 tametsi

343 3620 514 3689 χωρὶς
547 3617 790 3671 συνέλθοι
844 3615 1086 3683 γυναικὶ,
1144 3615 1242 3669 καὶ
1290 3615 1338 3667 εἰ
1396 3613 1580 3666 λαϐεῖν
1623 3613 1793 3682 αὐτὴν
1836 3615 1915 3675 είς

2023 3616 2158 3672 forte
2186 3616 2368 3670 verbis
2397 3625 2444 3670 et
2473 3615 2828 3684 signiticarit,
2868 3630 2929 3670 se
2964 3615 3112 3670 illam
3138 3614 3434 3670 ducturum
3460 3629 3599 3670 uxo-

344 3713 578 3776 γυναῖκα
622 3709 811 3777 λόγους
858 3709 988 3770 ῐσως
1021 3707 1138 3776 μετ’
1177 3707 1348 3774 αὐτῆς
1398 3706 1653 3768 ἐποιεῖτο,
1689 3707 1785 3758 καὶ
1819 3704 1916 3770 τῆς

2022 3725 2125 3763 retr.
2152 3727 2165 3762 :
2202 3711 2364 3763 etiam
2393 3707 2700 3762 ministerio
2727 3708 2944 3762 lectoris
2965 3707 3190 3762 excidit.
3224 3707 3377 3773 Quod
3412 3708 3456 3761 si
3493 3706 3598 3762 mi-

344 3802 440 3854 τοῦ
474 3802 825 3869 ἀναγνώστου
863 3801 1166 3869 ὑπηρεσίας
1208 3799 1481 3852 ἐκπίπτει.
1524 3798 1587 3848 Et
1621 3797 1676 3848 δὲ
1709 3796 1916 3866 ὑπηρέ-

2027 3802 2190 3855 nister
2217 3800 2332 3854 sive
2351 3800 2617 3853 diaconus
2656 3799 2760 3852 hoc
2790 3799 2961 3852 altero
2989 3799 3124 3852 vitio
3149 3799 3462 3867 deliquerit,
3495 3798 3603 3852 mi-

344 3907 443 3960 της
476 3891 592 3961 ἢτοι
637 3890 986 3951 ὑποδιάκονος
1034 3887 1110 3958 τῷ
1144 3887 1382 3956 δευτέρῳ
1415 3886 1578 3938 πάθει
1614 3885 1791 3953 ἁλοίη,
1817 3885 1918 3952 τῆς

2025 3891 2246 3947 nisterio
2269 3905 2369 3946 suo
2425 3904 2654 3958 prorsus
2677 3889 2917 3958 eiicitur.
2969 3887 3159 3945 Nonus
3215 3898 3396 3944 autem
3434 3899 3601 3945 sexta:

347 3981 652 4051 ὑπηρεσίας
676 3979 996 4034 ἐκϐάλλεται
1026 3977 1244 4040 τελέως.
1291 3979 1348 4030 '0
1390 3977 1445 4029 δὲ
1479 3975 1698 4039 ἕννατος
1730 3978 1828 4046 τῆς
1863 3981 1916 4038 ς’

2020 3985 2210 4055 synodi
2241 3999 2416 4038 canon
2451 3999 2600 4048 eum,
2635 3985 2727 4052 qui
2749 3983 2906 4038 alteri
2947 3981 3280 4052 desponsam
3315 3983 3368 4036 in
3403 3983 3595 4036 matri-

349 4074 589 4138 συνόδου,
643 4073 734 4126 τὸν
793 4074 872 4135 εἰς
919 4071 1097 4139 γάμου
1157 4069 1444 4122 κοινωνίαν
1495 4069 1764 4138 ἀγόμενον
1816 4067 1917 4136 τὴν

2021 4076 2187 4130 monii
2231 4075 2570 4129 consortium
2627 4073 2870 4138 asciscit,
2907 4073 3084 4127 adhuc
3144 4072 3236 4126 illo
3272 4072 3592 4142 superstite,

349 4167 522 4238 ἑτέρῳ
581 4166 1090 4234 μεμνηστευμένην,
1152 4161 1232 4214 ἔτι
1288 4161 1382 4214 τοῦ
1439 4160 1917 4231 μνηστευσαμένου

2021 4166 2114 4237 qui
2147 4165 2422 4235 sponsalia
2453 4164 2760 4228 contraxit;
2813 4162 3030 4217 crimini
3064 4161 3317 4215 adulterii
3350 4161 3595 4231 subjicit.

355 4261 654 4328 περιόντος,
681 4259 792 4320 τοῖς
823 4257 919 4325 τῆς
945 4255 1187 4325 μοιχείας
1216 4253 1508 4305 ὑποϐάλλει
1555 4252 1915 4322 ἐγκλήμασιν.

2023 4259 2176 4326 Quod
2211 4258 2254 4312 si
2279 4273 2383 4311 non
2429 4257 2765 4310 matrimonii
2797 4257 2932 4326 lege,
2986 4255 3079 4309 sed
3111 4253 3410 4309 scortando
3469 4268 3594 4308 cum

351 4351 412 4402 Ei
443 4350 501 4403 δὲ
547 4349 621 4419 μὴ
655 4349 929 4417 γαμικῶς,
981 4347 1116 4400 ἀλλά
1165 4343 1440 4414 πορνικῶς
1487 4345 1625 4413 μετά
1665 4341 1918 4412 τοιαύτης

2023 4350 2116 4404 tali
2168 4349 2436 4419 quispiam
2487 4364 2600 4403 rem
2636 4347 2922 4409 habuerit,
2983 4352 3099 4400 tum
3164 4344 3282 4414 ipse
3336 4351 3596 4412 tanquam

350 4459 432 4501 τις
471 4438 840 4510 συμφθαρείη,
887 4437 982 4491 καὶ
1029 4430 1182 4498 οὗτος
1234 4435 1310 4497 ὡς
1349 4435 1532 4504 μοιχὸς
1571 4435 1917 4504 τιμωρεῖται,

2026 4441 2259 4503 adulter,
2289 4448 2403 4495 tum
2435 4442 2630 4494 mulier
2657 4448 2714 4494 ut
2772 4439 3018 4492 adultera
3042 4436 3300 4506 punitur:
3324 4436 3418 4506 qui
3471 4450 3600 4494 vero

350 4533 444 4585 καὶ
461 4534 494 4600 ἡ
522 4531 660 4599 γυνὴ
687 4530 760 4593 ὡς
787 4527 1053 4599 μοιχαλίς.
1087 4528 1144 4580 '0
1162 4526 1221 4580 δὲ
1237 4525 1335 4597 τὴν
1369 4525 1664 4596 μνηστείαν
1690 4523 1918 4593 ἀγνοῶν,

2029 4531 2304 4604 sponsalia
2330 4531 2603 4588 celebrata
2631 4529 2935 4603 ignorabat,
2991 4538 3252 4598 tanquam
3306 4533 3599 4582 scortator.

350 4623 424 4687 ὼς
454 4625 670 4694 πόρνος.
2283 4639 2288 4643 ·

878 4755 1014 4823 Περί
1041 4753 1394 4824 μνηστείας.

2584 4751 2662 4806 De
2681 4750 3037 4820 spatiantibus.

425 4870 534 4938 Τὴν
567 4870 676 4938 γὰρ
708 4865 1000 4938 μνηστείαν
1043 4868 1091 4920 oi
1135 4864 1422 4936 νομοθέται
1455 4861 1744 4935 ὁρίζονται,
1785 4865 1922 4933 μνῆ-

2100 4864 2389 4935 Sponsalia
2427 4863 2540 4935 (57)
2582 4878 2818 4933 namque
2860 4861 3002 4931 juris
3043 4869 3298 4916 auctores
3319 4859 3604 4926 deﬁciunt,

361 4979 467 5032 μην
517 4960 611 5013 καὶ
641 4956 977 5027 ἐπαγγελίαν
1021 4955 1130 5008 τῶν
1179 4954 1480 5024 μελλόντων
1513 4955 1724 5024 γάμων.
1759 4955 1866 5006 Καὶ
1895 4957 1922 5007 ὁ

2023 4955 2352 5011 mentionem
2373 4961 2425 5008 et
2448 4953 2863 5022 promissionem
2914 4952 3220 5006 futurarum
3255 4952 3599 5021 nuptiarum.

358 5055 456 5124 μὲν
495 5051 786 5113 Μωσαῖκδς
825 5049 987 5118 νόμος
1019 5047 1094 5109 ὼς
1124 5047 1301 5116 γάμον
1330 5045 1427 5116 τὴν
1464 5045 1756 5115 μνηστείαν
1806 5046 1919 5096 ὲλο-

2021 5051 2099 5102 Ac
2133 5048 2216 5101 lex
2247 5047 2464 5116 quidem
2503 5045 2738 5100 Mosaica
2774 5043 3106 5098 matrimonii
3147 5043 3267 5097 loco
3319 5043 3596 5111 Sponsalia

358 5144 556 5211 γίζετο.
604 5143 713 5195 Καὶ
763 5143 794 5194 ὁ
831 5141 932 5211 τὴν
961 5140 1104 5208 ἄλλῳ
1142 5134 1626 5208 μεμνηστευμένην
1657 5135 1914 5204 φθείρων,

2028 5141 2271 5195 habebat.
2320 5140 2382 5194 Et
2441 5140 2534 5209 qui
2590 5138 2914 5206 desponsam
2982 5137 3138 5193 alteri
3188 5135 3434 5200 vitiabat,
3482 5143 3604 5189 tan-

353 5236 428 5300 ὠς
466 5235 649 5305 μοιχὸς
679 5230 987 5295 ἐκολάζετο.
1027 5231 1136 5282 Καὶ
1173 5228 1358 5297 ἐπειδὴ
1397 5227 1464 5280 τά
1493 5229 1590 5297 τῆς
1627 5227 1918 5297 μνηστείας

2026 5248 2182 5303 quam
2212 5231 2428 5286 adulter
2451 5231 2798 5301 puniebatur.
2823 5231 3172 5300 Sponsalium
3200 5241 3422 5298 quoque
3454 5234 3602 5298 sym-

353 5331 536 5392 αὐτοῖς
575 5327 911 5396 συνήρμοττε
953 5321 1220 5391 σύμϐολα,
1261 5320 1354 5372 καί⁵
1381 5322 1612 5388 γυναῖκα
1656 5320 1752 5390 τὴν
1785 5337 1920 5387 μνη-

2024 5325 2164 5378 bolis
2223 5323 2384 5386 datis,
2420 5336 2621 5392 sponsa
2676 5336 2873 5376 nomen
2900 5321 3087 5375 uxoris
3139 5317 3459 5385 accipiebat.
3486 5313 3600 5368 llu-

358 5422 488 5491 στὴν
539 5417 957 5490 προσαγορεύει.
1024 5413 1381 5466 Ἐταπείνωσε
1429 5412 1556 5481 γὰρ,
1614 5413 1767 5482 φησὶ,
1821 5412 1921 5480 τὴν

2024 5415 2276 5482 miliavit,
2315 5416 2516 5486 inquit,
2586 5430 2812 5469 uxorem
2880 5412 3149 5484 proximi:
3179 5410 3283 5467 hoc
3315 5419 3418 5477 est,
3446 5423 3600 5480 spor-

1859 5579 2088 5639 norm.
3010 5558 3035 5585 '

432 5699 541 5771 (56)
573 5699 663 5754 Sic
701 5698 964 5771 restitue:
1015 5696 1098 5771 είςΔ
1130 5673 1916 5771 μοναστήριον.ἐμϐάλλεσθαι,

1178 5693 1508 5771 ννειιστήριον⁵
1529 5691 1916 5771 ἐμϐάλλεσθαι,
2026 5707 2252 5771 quatuor
2285 5714 2346 5750 ex
2371 5697 2621 5771 ipsorum,
2649 5701 2754 5746 etc.

356 5761 453 5828 καί
486 5761 597 5832 τοῖς
637 5769 1015 5837 μοναστηρὶοις
1045 5766 1314 5839 τέσσαρας
1353 5763 1573 5830 ούγκίας
1601 5762 1833 5839 δίδοσθαι

1353 5763 1573 5830 οὺγκίας
1601 5762 1833 5839 δίδοσθαι
1859 5766 1921 5839 ἐκ
2038 5761 2048 5769 ”
2100 5767 2211 5839 (57)
2251 5771 2284 5821 I.
2315 5769 2335 5820 t
2373 5761 2434 5822 ι).
2466 5765 2538 5818 De
2566 5761 2922 5831 sponsalibus.

357 5847 478 5913 τῆς,
510 5845 600 5893 καὶ
629 5834 808 5910 ἕτερα·
832 5834 927 5906 ἐρεῖ
954 5835 1386 5902 conjiciantur,et
1407 5834 1734 5887 monasteriis
1755 5837 1920 5887 uncia:
