3990 6578
450 389 591 455 1283
1755 390 1788 451 Ι
1800 391 1893 451 US
1929 392 2019 450 CA

2134 387 2377 450 NICUM
3567 384 3703 449 ιεδι

442 520 558 559 ειη)
603 504 778 574 ipsius
801 501 1193 577 devirgmavit.
1233 503 1324 558 Sic
1385 515 1440 558 et
1474 503 1562 558 illa
1612 513 1804 558 sancta
1836 500 2022 571 Virgo,

2132 504 2368 572 γυναῖκα
2445 503 2538 557 τοῦ
2599 503 2852 574 πλησίον,
2923 503 3090 573 ήγουν
3155 503 3575 573 διεπαρθένευσε
3606 504 3705 574 τὴν

439 592 663 666 Josephi
690 596 836 650 dicta
879 596 980 651 fuit
1004 611 1161 651 uxor.
1216 592 1294 651 Ne
1321 594 1584 657 verearis,
1645 593 1847 662 inquit,
1876 593 2026 646 acci-

441 701 571 756 pere
608 687 832 742 Mariam
863 704 1088 742 uxorem
1112 694 1283 741 luam.
1312 684 1579 740 Caaternm
1611 685 1751 753 apud
1781 699 1879 736 nos
1897 684 2027 737 olim

440 794 652 840 eorum,
678 780 769 849 qtti
800 780 1019 834 coibant
1057 779 1112 832 in
1144 777 1579 837 matrimonium,
1605 775 1888 846 sponsalia
1925 790 2023 845 per

439 874 688 925 osculum
725 869 834 943 (38)
865 880 918 926 et
948 872 1168 925 arrham
1202 869 1595 940 procedebant.
1637 869 1713 922 Ac
1745 868 1945 922 licebat
1966 882 2030 921 ea

440 962 678 1024 solvere,
706 963 759 1015 si
793 960 1005 1028 adjecta
1051 976 1209 1031 paena
1243 970 1619 1029 prmstaretur.
1650 958 1905 1013 Nondum
1929 975 2031 1014 au-

439 1057 549 1106 tem
571 1051 767 1107 solutis
790 1054 1157 1123 sponsalibus,
1193 1051 1334 1106 haud
1351 1051 1450 1106 abs
1480 1067 1537 1106 re
1570 1061 1831 1120 tanquam
1871 1051 2030 1105 adul-

439 1151 521 1197 ter
578 1143 1066 1210 condemnabatur,
1120 1145 1214 1214 qtti
1277 1158 1535 1214 sponsam
1568 1142 1799 1197 alterius
1830 1143 2028 1197 matri-

439 1233 626 1287 monio
658 1234 762 1289 sibi
817 1236 1133 1304 copulabat,
1158 1235 1617 1305 quemadmodum
1674 1249 1848 1289 canon
1882 1234 2029 1289 indi-

436 1332 596 1378 catus
658 1324 870 1378 statuit.
899 1324 1112 1380 Nedum
1170 1325 1257 1379 nbi
1292 1340 1396 1380 nec
1426 1326 1704 1394 sponsalia
1750 1340 2033 1396 processe-

436 1422 587 1479 runt,
632 1429 732 1470 nec
778 1415 1031 1470 osculum
1081 1417 1328 1472 arrhaave
1348 1416 1499 1471 datio
1553 1424 1742 1472 secuta
1780 1423 1886 1482 est,
1932 1415 2031 1472 sed

437 1505 710 1560 nudorum
762 1505 1071 1572 duntaxat,
1140 1515 1199 1561 ut
1260 1506 1522 1575 appellari
1576 1506 1776 1568 solent,
1838 1506 2031 1560 verbo-

436 1607 561 1648 rum
594 1594 819 1650 vincula
852 1636 867 1660 ,
901 1596 1042 1651 licet
1075 1596 1215 1653 alius
1244 1611 1363 1652 eam
1395 1612 1620 1652 uxorem
1660 1597 1846 1659 ducat,
1878 1596 2033 1651 adul-

436 1685 562 1736 terii
599 1686 830 1739 crimine
852 1702 962 1742 non
1025 1697 1263 1743 tenetur.
1319 1688 1588 1743 Caeterum
1624 1704 1690 1744 ex
1748 1689 2027 1758 publicata

438 1774 714 1841 posterius
753 1775 965 1829 novella
1020 1775 1265 1846 religiosi
1308 1777 1576 1847 principis
1621 1776 1798 1831 Alexii
1863 1777 2029 1833 Com-

2131 595 2323 649 τούτου
2366 595 2633 666 μνηστήν.
2674 594 2834 649 Οὕτω
2876 594 2972 648 καὶ
3009 596 3043 665 ἡ
3073 594 3204 663 ἁγία
3233 595 3532 665 Παρθένος,
3565 595 3705 665 γυνὴ

2129 686 2225 744 τοῦ
2279 689 2477 758 Ἰωσὴφ
2524 688 2884 759 ἐχρημάτισε.
2920 686 3012 759 Μὴ
3057 686 3300 758 φοϐηθῇς
3350 686 3485 757 γὰρ,
3538 687 3698 756 φησὶ,

2132 780 2468 852 παραλαϐεῖν
2497 781 2733 852 Μαριὰμ
2769 779 2871 850 τὴν
2906 779 3142 848 γυναῖκα
3169 797 3285 834 σου.
3319 780 3457 849 Παρ’
3484 780 3622 850 ἡμῖν
3647 779 3708 835 δὲ

2132 872 2326 944 πρώην
2356 872 2458 943 μὲν
2478 871 2744 943 φιλήματι
2760 873 2870 924 τῶν
2891 872 3316 941 συναπτομένων
3340 872 3436 924 καὶ
3456 870 3706 942 ἁραϐὦνι

2133 963 2463 1036 προύϐαινεν
2493 965 2525 1034 η
2570 961 2860 1033 μνὶστιία.
2893 962 3004 1016 Καὶ
3027 963 3158 1033 ἐξῆν
3188 961 3393 1032 ταύτην
3413 960 3588 1025 λύειν,
3610 960 3711 1030 τῆς

2133 1056 2327 1125 ποινῆς
2363 1054 2459 1108 τοῦ
2504 1053 2811 1126 προστίμου
2851 1053 3256 1126 παρεχομένης.
3299 1054 3484 1125 Mam
3521 1051 3582 1105 δὲ
3608 1053 3711 1120 τῆς

2135 1147 2435 1219 μνηστείας
2484 1145 2762 1217 λυθείσης,
2816 1145 3046 1210 είκότως
3098 1146 3175 1210 ὠς
3228 1144 3417 1216 μοιχὸς
3465 1146 3496 1199 ό
3545 1144 3708 1215 sint“

2130 1241 2367 1309 γυναῖκα
2414 1238 2709 1309 λαμϐάνων
2765 1238 3036 1309 ἐκρίνετο,
3093 1236 3171 1300 ὡς
3210 1237 3241 1289 ὁ
3295 1236 3487 1307 ῥηθεὶς
3528 1234 3710 1289 κανὼν

2129 1332 2447 1405 διορίζεται.
2498 1333 2674 1384 Ὅπου
2723 1330 2779 1384 δὲ
2817 1329 2943 1385 οὔτε
2988 1330 3255 1401 μνηστεία
3289 1328 3530 1400 προῦϐη,
3579 1324 3709 1381 οὔτε

2133 1428 2363 1497 φίλημα,
2397 1423 2520 1478 οὐτε
2547 1424 2697 1488 δόσις
2730 1424 3049 1495 ἁρῤαϐὦνος
3087 1422 3522 1494 ἐπηκολούθησε,
3557 1419 3709 1492 μόνοι

2131 1519 2188 1573 δὲ
2210 1519 2259 1572 oi
2294 1518 2580 1587 λεγόμενοι
2606 1517 2697 1571 διὰ
2723 1514 2899 1586 ψιλῶν
2934 1516 3283 1587 γραμμάτων
3299 1516 3345 1547 ⁸⁹
3366 1513 3583 1582 δεσμοὶ,
3605 1512 3710 1566 κᾶν

2130 1611 2320 1681 ἔτερος
2350 1608 2491 1681 λάϐῃ
2535 1608 2633 1679 τὴν
2680 1609 2941 1677 γυναῖκα,
2972 1605 3051 1677 τῷ
3090 1606 3191 1676 τῆς
3231 1605 3478 1675 μοιχείας
3512 1604 3711 1673 ὲγκλήο

2135 1719 2266 1774 ματι
2289 1702 2388 1772 οὐχ
2429 1700 2715 1754 ὑπόκειται
2736 1716 2749 1729 ο
2784 1698 2891 1752 ἀπὸ
2923 1697 2981 1750 δὲ
3011 1697 3108 1768 τῆς
3138 1696 3518 1767 ἐξενεχθείσης
3551 1694 3680 1748 ὐστε

2136 1811 2228 1865 ρον
2274 1794 2478 1864 νεαρᾶς
2523 1791 2619 1846 τοῦ
2675 1790 2936 1853 εὐσεϐοῦς
2993 1789 3258 1860 βασιλέως
3326 1788 3570 1852 Ἀλεξίου
3616 1785 3709 1840 τοῦ

434 1865 584 1927 noni,
653 1881 799 1921 anno
835 1881 960 1923 veto
989 1883 1214 1935 IDJCII,
1256 1871 1649 1939 propemodum
1708 1885 1805 1940 par
1836 1870 1919 1925 vis
1945 1878 2022 1925 est

2136 1859 2424 1958 Κομνηνοῦ
2458 1885 2601 1939 κατὰ
2645 1884 2706 1938 τδ
2734 1882 2908 1954 ςφῇβ¹
2953 1859 3094 1948 ἔτος,
3139 1882 3210 1936 τὰ
3250 1882 3343 1936 ῖσα
3373 1881 3601 1935 δύναται
3634 1876 3710 1950 τῷ

436 1956 774 2023 sponsalinm
808 1968 858 2010 et
920 1958 1203 2027 plenarum
1259 1962 1606 2027 nuptiarum,
1643 1976 1766 2015 cum
1801 1967 1856 2016 et
1907 1962 2023 2031 ipsa

435 2046 691 2114 precibus
731 2048 906 2102 sacris
962 2049 1457 2105 intervenientibus
1487 2052 1868 2120 perliciantur,
1921 2066 2023 2107 nee

438 2135 562 2193 aliis
594 2137 769 2192 modis
800 2139 1106 2201 solvantur,
1127 2155 1294 2209 quam
1322 2142 1526 2211 quibus
1556 2141 1859 2212 perlectum
1888 2158 2024 2213 quo-

437 2242 545 2296 que
577 2228 986 2285 matrimonium
1027 2232 1323 2287 dirimitur.
1382 2232 1524 2287 Sunt
1553 2235 1698 2288 enim
1758 2234 1873 2290 haec
1903 2236 2023 2303 ejus

441 2319 602 2373 verba
625 2334 640 2372 :

439 2398 661 2466 Novella
691 2411 1024 2483 imperatoris
1077 2414 1251 2469 ΛίθωΞὶ
1278 2414 1529 2472 Conmeni
1558 2416 1624 2471 de
1650 2415 2013 2486 sponsalibus.

508 2573 794 2643 Sponsalia
836 2591 963 2630 vera
996 2579 1207 2633 sancita
1271 2587 1401 2633 sunt
1433 2594 1464 2634 a
1520 2579 1699 2646 nobis,
1757 2597 2020 2654 quaecun-

436 2678 543 2732 que
569 2679 691 2717 cum
748 2664 1129 2720 benedictione
1194 2683 1373 2733 sacra,
1433 2677 1486 2723 et
1540 2678 1807 2726 statutoa
1861 2674 2022 2730 nobis

439 2760 684 2825 tempore
746 2771 840 2826 per
904 2768 1023 2811 acta
1084 2766 1413 2814 noscuntur.
1460 2759 1660 2827 Aptum
1729 2776 1859 2816 vero
1911 2772 2020 2819 tam

437 2844 808 2914 sponsalibus,
835 2861 1000 2915 quam
1036 2848 1244 2918 nuptiis
1300 2857 1518 2918 tempus
1569 2847 1752 2916 fuerit,
1811 2850 2010 2908 femina

436 2936 656 3005 quidem
696 2936 1080 2993 duodecimum
1140 2949 1508 3010 transgressa,
1557 2942 1799 2997 masculo
1839 2951 2020 3000 autem

435 3024 706 3081 decimum
726 3036 780 3082 et
801 3038 1058 3099 quartum
1082 3044 1285 3084 annum
1304 3031 1621 3087 excedente.
1656 3030 1783 3087 Post
1803 3048 2021 3088 sacrum

434 3125 571 3166 vero
592 3127 813 3182 precum
842 3131 1084 3180 carmen,
1118 3125 1172 3170 (ξι
1199 3127 1516 3173 consuetam
1538 3119 1715 3175 al'l'hIB
1740 3130 1902 3193 atque
1932 3138 2024 3179 οεο

435 3200 547 3257 culi
591 3203 1051 3271 observationem,
1109 3210 1311 3278 exiguo
1342 3211 1425 3265 vel
1482 3212 1644 3266 etiam
1683 3212 2027 3284 longiusculo
2054 3214 2096 3272 C

436 3294 614 3362 Spatio
648 3298 909 3366 temporis
944 3298 1255 3368 interjecto,
1292 3310 1451 3371 prout
1501 3302 1637 3372 ipsis
1691 3306 2027 3362 contrahen-

433 3381 774 3441 tibusvisum
793 3386 979 3454 fuerit,
1012 3389 1147 3445 citra
1171 3391 1573 3446 recusationem
1593 3392 1860 3464 legitimas
1881 3411 2024 3465 quo-

435 3488 543 3545 que
571 3479 794 3546 nuptias
820 3478 1117 3535 succedere
1135 3480 1417 3550 jnbemus,
1463 3498 1565 3538 nec
1585 3484 1749 3538 simul
1784 3485 2029 3544 incidere

438 3581 608 3619 unum
667 3583 810 3638 saepe
845 3569 988 3625 diem
1021 3578 1075 3625 et
1142 3571 1355 3625 horam.
1416 3571 1571 3640 Quod
1610 3576 1677 3642 si,
1710 3577 2026 3649 priusquam

435 3663 704 3713 statutum
745 3673 777 3713 a
817 3659 975 3716 nobis
1000 3663 1264 3731 temporis
1321 3664 1631 3733 appetierit,
1682 3674 1737 3721 et
1764 3667 2025 3724 indicatis

434 3749 913 3807 observationibus
934 3768 1041 3807 non
1089 3755 1371 3819 adhibitis,
1400 3757 1675 3824 sponsalia
1732 3757 1877 3813 facta
1914 3759 2029 3815 lue-

434 3839 564 3903 rint,
597 3849 651 3897 et
688 3842 1054 3899 instrumenta
1084 3885 1099 3911 ,
1152 3859 1496 3915 nequaquam
1536 3845 1649 3900 haec
1698 3863 1824 3902 vera
1856 3864 2024 3918 spon-

433 3932 572 3987 salia
602 3932 684 3986 vel
721 3948 864 3999 esse,
899 3934 983 3989 vel
1043 3936 1305 4006 appellari
1349 3935 1568 4001 debere,
1604 3939 1817 3992 tametsi
1850 3954 2026 4009 pinum

429 4019 588 4076 luitio
616 4023 688 4078 sit
720 4024 951 4093 adjecta.
988 4024 1119 4079 Nam
1151 4041 1273 4095 qua;
1305 4028 1522 4095 proprie
1559 4035 1687 4082 sunt
1716 4030 2022 4099 sponsalia,

432 4126 720 4182 pmnarum
759 4113 1198 4182 prmstationibus
1246 4129 1354 4168 non
1419 4113 1727 4177 solventur,
1791 4115 2024 4179 quando

430 4216 500 4256 ne
519 4202 737 4272 quidem
770 4203 1236 4270 instrumentisin
1268 4214 1549 4274 posterum
1592 4205 2009 4261 adseribentur:

432 4308 557 4349 cum
619 4309 714 4364 per
737 4310 835 4350 eas
886 4296 1097 4350 nullum
1137 4294 1494 4365 sponsalibus
1532 4296 1700 4349 robur
1763 4298 2010 4360 accedat,

431 4382 528 4439 sed
580 4399 676 4454 per
733 4384 1130 4439 invocationem
1167 4382 1300 4440 Dei:
1359 4384 1667 4454 cujusmodi
1728 4386 2011 4455 sponsalia

432 4489 664 4545 prm-sus
706 4476 1114 4531 indissoittbilia
1177 4482 1422 4538 manent,
1471 4491 1533 4529 ex
1595 4475 1704 4529 illis
1757 4477 2023 4531 duntaxat

2131 1980 2321 2049 τελείῳ
2354 1981 2520 2050 γάμῳ
2543 1978 2728 2051 σχεδὸν
2758 1979 2791 2049 ἡ
2830 1978 3115 2049 μνηστεία,
3144 1976 3241 2031 ἆτε
3271 1975 3410 2047 μετὰ
3434 1976 3588 2043 ἱερᾶς
3615 1974 3710 2028 καὶ

2133 2072 2272 2144 αὕτη
2303 2072 2605 2141 τελουμένη
2640 2071 2827 2142 εὐχῆς,
2875 2070 2967 2124 καὶ
3000 2070 3177 2133 ἄλλως
3204 2069 3264 2122 οὐ
3297 2068 3509 2137 λύεται,
3554 2068 3604 2119 εί
3635 2064 3710 2135 μὴ

2132 2165 2251 2221 καθ’
2288 2166 2382 2232 οὓς
2402 2168 2641 2238 τρόπους
2679 2167 2774 2220 καὶ
2806 2164 2869 2219 τὸ
2899 2165 3105 2219 τέλειον
3125 2163 3425 2218 διασπᾶται
3462 2160 3708 2216 συνοικὲο

2132 2277 2247 2315 σιον
2268 2278 2283 2291 ·
2318 2262 2451 2331 φησὶ
2482 2261 2613 2332 γάρ·

2130 2442 2331 2514 Νεαρὰ
2381 2442 2490 2498 τοῦ
2530 2441 2841 2514 ,βασιλέως
2899 2441 3176 2514 Ἀλεξίου
3231 2440 3339 2495 τοῦ
3389 2438 3709 2508 Κομνηνοῦ

2662 2512 2797 2581 περὶ
2814 2513 3172 2582 μνηστείας.

2202 2606 2510 2676 Μνηστεῖαι
2557 2605 2689 2676 παρ’
2728 2604 2886 2675 ἡμῶν
2915 2602 3277 2674 ἐτυπώθησαν
3309 2602 3556 2673 ἀληθεῖς.
3586 2603 3707 2656 ὅσαι

2133 2699 2275 2768 μετὰ
2305 2698 2403 2768 τῆς
2450 2697 2603 2767 ἱερᾶς
2645 2695 2897 2763 εὐλογίας
2932 2696 3030 2749 καὶ
3070 2696 3213 2773 iter}
3261 2693 3354 2747 τὸν
3401 2695 3709 2765 ὡρισμένον

2129 2792 2263 2862 ἡμῖν
2289 2789 2482 2860 καιρὸν
2514 2787 2852 2842 τελεσθεῖσαι
2889 2786 3271 2858 γνωρίζονται.
3334 2785 3622 2856 Ἁρμόδιος
3663 2783 3712 2838 δ’

2130 2883 2197 2937 ἂν
2224 2883 2310 2953 εῖη
2346 2881 2643 2954 μνηστείας
2665 2883 2758 2936 καὶ
2785 2882 2969 2954 γάμου
2991 2881 3206 2952 καιρὸς,
3238 2881 3338 2950 τῆς
3357 2878 3460 2949 μὲν
3485 2877 3709 2948 θηλείας

2130 2975 2224 3028 τδν
2249 2974 2558 3043 δωδεκαετῆ
2588 2972 2781 3045 χρόνον
2811 2969 3227 3042 διατρεχούσης,
3262 2968 3358 3022 τοῦ
3391 2968 3449 3021 δὲ
3479 2968 3710 3041 ἇρρενος

2132 3067 2223 3121 τὸν
2269 3065 2332 3120 ιδ’
2360 3064 2760 3137 διαμείϐοντος.
2791 3065 2949 3120 Μετὰ
2975 3064 3032 3118 δὲ
3069 3064 3172 3133 τὴν
3205 3062 3359 3134 ἱερὰν
3392 3060 3504 3115 τῶν
3533 3058 3710 3131 εὐχῶν

2132 3157 2371 3230 ἐπῳδὴν,
2418 3156 2517 3212 καὶ
2552 3156 2653 3228 τὴν
2701 3156 2905 3227 συνήθη
2956 3154 3051 3209 τοῦ
3102 3153 3422 3228 ἀρραϐῶνας
3472 3151 3572 3206 καὶ
3614 3150 3708 3205 τοῦ

2131 3249 2439 3321 φιλήματος
2484 3251 2890 3321 παρατήρησιν,
2939 3247 3192 3319 βραχέος,
3242 3247 3278 3316 ἢ
3325 3246 3420 3299 καὶ
3461 3244 3708 3307 πλείονος

2131 3341 2325 3413 καιροῦ
2367 3340 2759 3405 διαλείποντος,
2796 3339 2874 3403 ὡς
2923 3339 2990 3394 ἂν
3029 3337 3202 3402 δόξειε
3245 3338 3358 3401 τοῖς
3407 3334 3709 3390 συναλλάτ-

2131 3451 2342 3497 τουσιν,
2392 3435 2782 3505 ἀπαραιτήτως
2824 3432 2919 3486 καὶ
2952 3432 3048 3485 τὸν
3092 3430 3319 3501 εννομον
3346 3429 3529 3500 γάμον
3569 3445 3710 3497 προ-

2129 3524 2340 3580 ϐαίνειν
2360 3524 2678 3594 κελεύομεν,
2693 3524 2789 3578 καὶ
2810 3524 2886 3596 μὴ
2902 3521 3047 3577 κατὰ
3061 3521 3229 3576 ταυτὸ
3249 3519 3571 3589 συμϐαίνειν
3584 3518 3631 3552 ³³
3647 3519 3706 3571 ἐν

2131 3621 2314 3693 ἡμέρᾳ
2357 3621 2458 3691 μιᾷ
2486 3619 2751 3683 πολλάκις
2792 3618 2890 3672 καὶ
2918 3616 3061 3690 ὥρᾳ.
3096 3617 3159 3670 El
3201 3615 3258 3669 δὲ
3289 3616 3419 3689 πρὶν
3447 3614 3542 3669 τὸν
3577 3611 3707 3684 παρ’

2129 3711 2288 3783 ἡμῶν
2328 3713 2619 3784 ὁρισθέντα
2666 3710 2959 3781 ἐπιστῆναι
3004 3709 3220 3782 καιρὸν,
3256 3709 3353 3762 καὶ
3384 3707 3498 3779 τῶν
3550 3707 3705 3777 εἰρη-

2133 3805 2313 3875 μένων
2379 3804 2455 3875 μὴ
2509 3806 2820 3875 γενομένων
2883 3804 3349 3875 παρατηρήσεων,
3415 3803 3706 3874 μνηστεῖαι

2128 3896 2499 3969 προϐήσονται
2569 3897 2663 3951 καὶ
2737 3895 3064 3967 συμϐόλαια,
3132 3893 3337 3958 ταύτας
3407 3893 3707 3964 μνηστείας

2126 3989 2348 4057 ἀληθεῖς
2394 3988 2528 4059 μηδὲ
2568 3984 2705 4041 εἶναι
2734 3987 2871 4058 μηδὲ
2907 3986 3293 4058 ὀνομάζεσθαι,
3325 3989 3377 4039 εί
3408 3987 3504 4038 καὶ
3533 4000 3703 4057 προσ-

2125 4081 2286 4150 τίμου
2322 4082 2481 4151 ποινὴ
2531 4080 2851 4151 πρόσκειται
2881 4096 2896 4111 ⁶
2932 4081 2990 4134 ai
3015 4081 3122 4150 γὰρ
3151 4079 3359 4150 κυρίως
3413 4081 3702 4148 μνηστεῖαι

2122 4174 2185 4227 οὐ
2238 4174 2558 4245 προστίμων
2600 4172 2929 4243 λυθήσονται
2979 4171 3211 4235 δόσεσιν,
3252 4170 3401 4243 ἅπερ
3438 4170 3562 4223 οὐδὲ
3591 4173 3703 4233 τοῖς

2128 4266 2476 4336 συμϐολαίοις
2519 4266 2580 4318 τὸ
2629 4264 2818 4317 λοιπὸν
2879 4264 3364 4334 ὲγγραφήσονται·
3426 4262 3509 4316 ὅτι
3566 4260 3704 4331 μηδὲ

2125 4361 2259 4429 παρ’
2295 4359 2474 4413 αὐτῶν
2524 4358 2579 4411 αί
2633 4359 2922 4427 μνηστεῖαι
2974 4354 3360 4422 κρατύνονται,
3415 4353 3552 4407 ἀλλᾶ
3611 4350 3701 4406 διὰ

2125 4452 2226 4521 τῆς
2253 4451 2348 4504 τοῦ
2379 4449 2514 4503 Θεοῦ
2548 4448 2912 4518 ἐπικλήσεως,
2942 4448 3107 4517 αἴπερ
3131 4446 3226 4500 καὶ
3254 4447 3440 4501 ἄλυτοι
3472 4445 3533 4498 τὸ
3556 4460 3701 4515 παρ-

432 4531 618 4621 eausis
660 4565 988 4629 dirimenda,
1022 4564 1223 4633 quibus
1257 4565 1525 4633 etnuptiae
1549 4564 1858 4641 solvuntur.
1884 4565 2022 4630 Quia

2131 4542 2271 4596 ἁπαν
2330 4543 2574 4613 μένουσι,
2623 4542 2813 4610 μόναις
2859 4539 3120 4609 λυόμεναι
3166 4540 3287 4601 ταῖς
3334 4538 3560 4601 αἰτίαις,
3612 4531 3699 4599 αἷς

430 4671 585 4719 vero,
614 4655 915 4711 secundum
942 4656 1176 4726 priscam
1197 4656 1374 4726 legum
1395 4655 1873 4722 consuetudinem,
1896 4666 2020 4727 post

433 4762 637 4800 annum
690 4747 882 4816 puella:
906 4748 1197 4817 Septimum
1233 4763 1342 4802 non
1373 4755 1520 4801 recte
1574 4748 1849 4817 sponsalia
1882 4763 2015 4817 pro-

431 4837 699 4894 cedebant
731 4838 876 4909 (natn
907 4838 1074 4894 libere
1114 4838 1315 4908 singuli
1346 4836 1417 4892 ad
1450 4838 1812 4908 desponsatas
1857 4854 2022 4893 acce-

434 4930 651 4995 dentes,
684 4946 781 5001 per
807 4932 1065 4986 intuitum
1093 4935 1443 4994 continuum,
1471 4939 1523 4985 et
1550 4932 1857 4986 libertatem
1881 4946 2015 4986 con-

430 5023 783 5085 versationis,
813 5022 987 5093 ipsam
1014 5024 1217 5079 amoris
1238 5022 1514 5077 ﬂammam
1543 5022 1720 5092 magis
1749 5024 2020 5078 accende-

435 5114 615 5184 bant).
650 5114 703 5170 in
728 5114 831 5170 hoc
854 5129 1073 5184 quoque
1119 5116 1435 5180 statuimus,
1474 5122 1534 5168 ut
1557 5129 1678 5183 quae
1709 5127 1855 5168 anno
1884 5128 2015 5169 con-

436 5199 771 5255 traltentium
828 5198 1082 5265 septimo,
1138 5216 1312 5269 usque
1346 5200 1414 5256 ad
1446 5216 1537 5255 xlv
1563 5200 1646 5256 vel
1703 5216 1782 5255 xu
1837 5203 2016 5258 aetatis

434 5303 627 5344 eorum
676 5304 902 5353 annum,
934 5288 1091 5359 quasi
1148 5289 1252 5345 sub
1279 5289 1452 5344 forma
1498 5291 1838 5360 sponsalinm
1886 5288 2024 5345 liunt

436 5379 841 5448 instrumenta;
903 5394 1127 5451 prorsus
1192 5380 1562 5451 legitimorum
1626 5381 2019 5452 ﬁrmorumqne

2128 4637 2221 4687 καὶ
2248 4635 2299 4687 οἱ
2323 4635 2516 4703 γάμοι.
2557 4632 2711 4684 Ἐπεὶ
2736 4632 2791 4684 δὲ
2820 4630 2967 4684 κατὰ
2993 4630 3089 4701 τὴν
3123 4629 3363 4683 παλαιὰν
3385 4629 3495 4681 τῶν
3519 4629 3699 4698 νόμων

2137 4725 2431 4793 συνήθειαν
2481 4722 2621 4793 μετὰ
2648 4722 2740 4774 τὸν
2786 4721 3024 4790 ἑπταετῆ
3067 4720 3258 4792 χρόνον
3296 4723 3398 4791 τῆς
3441 4720 3612 4789 κόρης
3636 4718 3697 4771 οὔ

2133 4814 2315 4878 καλῶς
2339 4815 2394 4867 αἱ
2423 4815 2711 4885 μνηστεῖαι
2746 4812 3077 4884 προύϐαινον
3114 4811 3310 4885 (ἀδεῶς
3342 4811 3452 4880 γὰρ
3481 4812 3574 4863 ἐπὶ
3604 4811 3698 4879 τῆς

2131 4908 2572 4978 μνηστευομένης
2590 4907 2636 4938 ³⁸
2668 4905 3045 4977 εἰσερχόμενοι
3073 4903 3330 4968 ἕκαστος,
3379 4906 3445 4973 τῇ
3494 4904 3703 4971 συνεχεῖ

2128 4999 2228 5069 θέᾳ
2273 5001 2366 5053 καὶ
2414 4999 2490 5068 τῷ
2533 4997 2826 5068 ἐλευθερίῳ
2858 4997 2957 5067 τῆς
3001 4995 3219 5064 ὁμιλίας
3267 4994 3330 5047 τὸ
3358 4994 3450 5047 τοῦ
3501 4994 3700 5062 ἔρωτος

2123 5097 2454 5166 φλεγμαῖνον
2490 5092 2932 5164 προσανέκαιον),
2982 5091 3144 5161 ἡμεῖς
3179 5089 3274 5142 καὶ
3316 5087 3474 5141 τοῦτο
3510 5084 3695 5139 θεσπί-

2124 5191 2313 5258 ζομεν,
2348 5188 2416 5241 τὰ
2446 5187 2547 5254 μὲν
2575 5185 2718 5239 κατὰ
2754 5182 2844 5237 τὸν
2871 5182 3113 5251 ἑπταετῆ
3143 5182 3253 5235 τῶν
3284 5177 3699 5248 συμϐαλλόντων

2122 5281 2316 5355 χρόνον
2344 5279 2472 5351 ἄχρι
2516 5277 2610 5332 τοῦ
2649 5275 2708 5331 ιδ’
2757 5276 2790 5346 ἢ
2835 5274 2899 5344 ιβ’
2924 5275 3024 5346 τῆς
3068 5274 3290 5345 ἡλικίας
3330 5272 3525 5343 χρόνου
3555 5270 3695 5339 γινόο

2135 5394 2271 5448 μενα
2299 5376 2375 5439 ὡς
2406 5377 2464 5428 ὲν
2509 5373 2669 5444 τύπῳ
2713 5370 3011 5444 μνηστείας
3055 5368 3379 5441 συμϐόλαια,
3428 5366 3507 5441 μὴ
3549 5362 3699 5429 τάξιν

1773 5514 2010 5572 VARUS
2038 5511 2442 5569 LECTIUNES.

503 5612 545 5644 "
579 5614 609 5665 ὀ
638 5613 830 5683 αὐτὴν.
905 5612 1252 5685 ³¹ρημάτων.
1328 5612 1374 5643 ⁸³
1403 5611 1762 5683 συμπῖπτειν.
1839 5611 1887 5645 ⁸⁵
1912 5613 2010 5675 τὰς
2051 5608 2518 5681 μνηστευομένας.

1938 5704 2167 5760 NOTAE.

514 5799 626 5874 (58)
664 5800 698 5854 l.
728 5799 814 5855 10.
838 5797 901 5855 C.
932 5798 1008 5853 De
1031 5800 1216 5856 donat.
1251 5811 1374 5857 ante
1400 5810 1549 5869 nupt.
