3990 6578
321 383 455 449 1ίῖξηῦ

1595 380 2303 441 ϐΒᾸΞΟΟ-ΒΟΜΑΝΠΜ.

3422 366 3558 430 1936

317 496 451 557 ὅλως
475 489 698 564 ἐννόμου
718 487 1013 561 μνηστείας
1041 487 1135 543 καὶ
1155 486 1435 558 ἀσφαλοῦς
1459 486 1869 557 ἀποφέρεσθαι·

2008 486 2317 556 monsalium
2356 484 2531 539 locum
2565 496 2672 536 non
2704 481 3008 543 obtineant,
3043 478 3136 535 Sed
3201 484 3407 533 tantum
3444 475 3556 529 vel-

319 583 434 639 ἀλλ’
462 583 538 646 ὡς
563 580 934 653 ὲπερωτήσεις
971 579 1132 650 μόνον
1163 578 1576 649 ἠσφαλισμένας
1604 576 1883 649 κρίνεσθαί

321 678 384 729 τε
436 672 535 728 καὶ
567 672 813 741 ἐνεργεῖν
857 669 999 724 κατά
1047 670 1109 723 τὸ
1158 669 1280 732 ἔθος
1326 669 1439 722 τῶν
1472 668 1645 724 ἀλλων
1696 667 1886 720 συναλ-

315 764 610 834 λαγμάτων
635 779 651 795 ο
681 764 931 835 ἐνεργεῖν
972 762 1028 816 δὲ
1058 761 1151 815 τὸν
1184 761 1416 815 παλαιὸν
1463 760 1625 830 νόμον
1664 759 1756 813 τὸν
1794 758 1887 811 ἐπὶ

315 859 387 928 τῇ
435 854 701 925 μνηστείᾳ
750 851 1159 922 ὲκφωνηθέντα,
1212 851 1271 905 ιν
1320 851 1435 913 τοῖς
1482 846 1887 918 κεκωλυμένοις

319 945 632 1021 προσώποις
702 944 1048 1016 εἰσέρχεσθαι
1140 943 1232 996 ἐπὶ
1292 942 1391 1013 τὴν
1453 941 1887 1010 ἀποξευχθεῖσαν

322 1037 584 1110 μνηστὴν,
614 1037 701 1090 διά
747 1036 811 1089 τὸ
849 1035 1163 1104 περιούσιον
1203 1033 1303 1102 τῆς
1353 1034 1505 1103 παρά
1540 1033 1888 1103 Χριστιανοῖς

317 1128 812 1203 ὲμπολιτευομένης
844 1125 1256 1188 καταστάσεως.
1285 1125 1348 1177 Ei
1378 1125 1488 1194 γάρ
1521 1125 1614 1177 καὶ
1641 1122 1717 1195 μὴ
1752 1139 1891 1192 μνη-

320 1223 477 1277 στεία
521 1221 639 1275 ἐστὶ
678 1218 822 1272 κατά
854 1218 916 1271 τὸ
969 1217 1194 1288 ἀκριϐὲς
1224 1215 1444 1286 ἐντελὴς
1491 1214 1552 1268 τὸ
1583 1217 1887 1285 γινόμενον,

318 1315 435 1371 ἀλλ’
483 1314 566 1366 ὅτι.
611 1312 813 1366 σκοπὸν
866 1309 1012 1381 ἔχειν
1065 1308 1363 1379 μνηστείας
1397 1307 1568 1371 δοκεῖ,
1603 1309 1695 1359 καὶ
1724 1306 1923 1377 θεμέ-·

316 1406 432 1469 λιος
473 1405 653 1475 γάμου
702 1402 953 1456 ἐντεῦθεν
1012 1399 1544 1472 προκαταϐάλλεται,
1593 1398 1775 1461 καλῶς
1825 1396 1892 1452 ἂν

320 1494 435 1563 ἔχοι
484 1494 554 1546 τὰ
593 1492 954 1562 κεκωλυμένα
997 1490 1074 1561 τῷ
1112 1490 1263 1560 νόμῳ
1303 1490 1572 1558 πρόσωπα
1614 1488 1709 1540 καὶ
1736 1485 1892 1550 αὖθις

321 1585 650 1651 κωλύεσθαι,
718 1585 816 1638 καὶ
877 1583 1083 1655 μηδένα
1138 1584 1217 1645 είς
1284 1581 1520 1650 γυναῖκα
1572 1579 1888 1648 λαμϐάνειν,

319 1677 387 1749 ἢν
414 1678 444 1730 6
489 1674 714 1739 παλαιὸς
760 1674 922 1743 νόμος
972 1672 1214 1743 μνηστήν
1251 1687 1399 1733 τινος
1433 1670 1759 1741 γενομένην,
1791 1668 1891 1740 τῆς

326 1765 617 1835 μνηστείας
648 1761 921 1834 λυομένης
947 1762 1047 1814 οὐκ
1085 1761 1297 1830 ἀφῆκεν
1332 1758 1503 1829 ἑτέρῳ
1536 1758 1678 1812 κατά
1711 1756 1891 1829 γάμον

324 1857 708 1929 συνέρχεσθαι.

676 1968 812 2038 Περὶ
839 1967 1177 2039 μνηστείας
1211 1963 1546 2034 κληρικῶν.

408 2081 625 2151 Ἀμέλει
676 2082 774 2133 καὶ
826 2079 927 2132 οὐκ
971 2077 1182 2147 ἐφεῖταί
1227 2094 1333 2130 τινι
1380 2076 1489 2131 τῶν
1516 2074 1613 2129 τοῦ
1649 2073 1891 2145 βήματος

328 2172 544 2242 θανάτῳ
593 2171 627 2241 ἢ
704 2168 837 2241 άλλῃ
896 2169 1048 2240 αίτίᾳ
1108 2167 1211 2236 τῆς
1263 2166 1472 2230 οἰκείας
1525 2163 1896 2235 διαζευχθέντι

333 2267 576 2335 μνηστῆς
625 2263 733 2331 πρὸ
773 2260 871 2315 τοῦ
916 2260 1121 2330 γάμου,
1171 2260 1336 2331 ἑτέρα
1386 2257 1754 2313 συνάπτεσθαι
1799 2272 1897 2322 γυ·

327 2357 499 2412 ναικί.
560 2355 618 2407 'U
673 2357 784 2425 γὰρ
844 2353 1206 2423 πεποιηκέναι
1265 2351 1424 2406 τοῦτο
1478 2350 1773 2421 φωραθεὶς,
1822 2348 1897 2413 ὡς

330 2447 809 2516 δευτερογαμήσας
849 2444 1214 2515 καθαιρεῖται.
1245 2444 1353 2496 Καὶ
1383 2446 1410 2497 6
1459 2440 1714 2512 ἐμπεσὼν
1739 2440 1820 2504 εἷς
1848 2457 1900 2492 τι

329 2537 572 2592 τοιοῦτον
632 2534 1006 2604 ἀναγνώστης,
1082 2536 1163 2597 είς
1222 2533 1413 2604 ἕτερον
1472 2533 1534 2586 ού
1599 2532 1901 2601 προκόπτει

333 2630 561 2701 βαθμόν.
608 2629 671 2681 Ei
714 2629 771 2681 δὲ
813 2626 1118 2690 ἀσύστατός
1149 2628 1360 2697 ἑστινή
1402 2624 1690 2696 μνηστεία,
1724 2626 1771 2677 εί
1804 2622 1903 2693 μὲν

336 2722 400 2774 τὸ
454 2717 831 2788 κατεγγυηθὲν
886 2718 1182 2790 πρόσωπον
1228 2717 1307 2787 τῷ
1350 2717 1558 2770 θέλοντι
1591 2715 1902 2787 ἱερωθῆναι,

334 2812 428 2866 τὸν
471 2813 633 2865 ἕκτον
675 2810 918 2882 ὑπερέϐη
961 2811 1173 2880 χρόνον,
1203 2811 1263 2863 ού
1296 2809 1830 2881 παραχωρηοήσεται
1876 2808 1906 2860 6

339 2902 824 2972 μνηστευσάμενος
889 2901 1056 2971 ἑτέρᾳ.
1121 2899 1462 2969 συναφθῆναι
1518 2900 1760 2968 γυναικὶ,
1812 2898 1906 2952 καὶ

336 2994 509 3058 οὕτως
559 2992 876 3064 ίερωοῆναι.
921 2993 1162 3063 Δίγαμος
1202 2992 1312 3063 γὰρ
1360 2990 1636 3059 λογίζεται
1677 2990 1765 3044 διὰ
1806 2990 1907 3064 τὴν

337 3083 654 3151 ἐπιθυμίαν,
678 3099 756 3151 τῳ
803 3082 1061 3153 δεκτικὴν
1086 3082 1288 3155 ἔρωτος
1317 3081 1456 3139 εἶναι
1480 3083 1782 3150 τηνικαῦτα
1808 3062 1908 3152 τίἶν

1916 1844 1965 1904 Β

1987 580 2063 632 ιιιί
2109 579 2440 632 οιιιιῐὶιιιιιιιθε
2463 574 2841 644 stipulationes
2890 571 3218 634 habeantur,
3266 577 3322 624 et
3359 582 3560 621 secun-

1985 671 2112 722 dum
2152 671 2381 722 aliorum
2404 673 2747 722 contractum
2800 662 3248 717 consuetudinem
3279 660 3556 730 obligent:

1985 758 2150 812 veteri
2192 759 2323 827 lege,
2357 755 2574 835 qutelde
2592 755 2939 824 sponsalibus
2963 759 3047 807 est.
3072 750 3347 820 publicata
3393 748 3564 802 robur

1960 851 2039 931 {in
2095 850 2416 904 iislmbente
2479 847 2751 917 personis,
2812 844 3014 913 quibus
3065 856 3190 895 cum
3253 837 3559 907 repudiata.

1987 954 2187 1010 sponsa
2234 938 2287 991 in
2316 936 2719 990 matrimonium
2754 935 2905 988 coire
2965 931 3302 1002 prohibitum
3341 937 3445 992 est,
3476 926 3563 980 id-

1987 1048 2094 1101 que
2124 1038 2343 1101 propter
2363 1031 2481 1099 ejus
2511 1038 2709 1090 statns,
2728 1028 2818 1096 qui
2845 1024 2987 1095 apud
3027 1024 3371 1078 Christianos
3396 1020 3562 1089 viget,

1989 1126 2408 1179 incrementum.
2444 1119 2596 1174 Licet
2636 1120 2780 1172 enim
2818 1116 3005 1172 subtili
3061 1115 3274 1168 ratione
3316 1126 3422 1165 non
3454 1111 3567 1163 sint

1990 1217 2104 1271 hmc
2136 1213 2372 1283 perfecta
2399 1212 2698 1282 sponsalia,
2752 1208 3086 1276 tamenquia
3138 1204 3477 1275 Sponsalium
3508 1203 3567 1256 ti-

1993 1322 2112 1361 nem
2166 1305 2365 1359 habere
2402 1305 2674 1365 videntur,
2715 1310 2768 1355 et
2801 1300 3114 1369 nuptiarum
3176 1298 3305 1351 hinc
3372 1294 3570 1349 {liuida-

1992 1399 2234 1447 mentum
2271 1390 2510 1460 ponitur,
2544 1403 2650 1441 non
2692 1388 2789 1440 abs
2821 1401 2880 1438 re
2913 1386 3200 1454 prohibita:
3253 1398 3347 1451 per
3398 1383 3568 1449 legem

1990 1502 2236 1559 persome
2271 1499 2464 1539 rursus
2494 1479 2938 1550 impedimentum
2977 1477 3275 1538 habebunt,
3301 1489 3399 1529 nec
3422 1472 3574 1541 quis-

1994 1594 2155 1650 quam
2182 1592 2302 1631 eam
2328 1588 2550 1630 uxorem
2574 1572 2758 1632 ducet,
2782 1585 2941 1641 quam
2974 1568 3155 1639 prisca
3195 1568 3277 1621 lex
3308 1579 3568 1635 sponsam

1994 1670 2228 1739 alicujus
2259 1667 2481 1731 factam,
2550 1664 2747 1719 solutis
2808 1661 3160 1732 Sponsalibns
3196 1659 3250 1714 in
3285 1656 3573 1713 matrimo-

1997 1760 2143 1815 nium
2174 1773 2300 1814 cum
2331 1757 2504 1811 altero
2536 1755 2684 1809 coire
2713 1768 2821 1807 non
2848 1750 3114 1823 permisit.

2417 1960 2495 2015 De
2517 1959 2822 2014 οιένὶεονιιιιι
2851 1953 3204 2024 sponsalibus.

2071 2078 2214 2132 Sane
2232 2090 2338 2130 non
2363 2073 2697 2144 permittitur
2712 2070 2875 2124 alicui
2892 2069 3208 2136 dignitatem
3236 2061 3576 2119 ecclesiasti-

2000 2186 2116 2226 cam
2153 2171 2385 2241 gerenti,
2407 2166 2501 2236 qui
2526 2164 2720 2219 mortis
2743 2162 3041 2216 alteriusve
3064 2172 3248 2213 causze
3267 2157 3576 2211 interventu

1998 2266 2284 2331 separatus
2333 2256 2457 2310 sita
2513 2267 2717 2323 sponsa
2748 2266 2846 2305 sua
2875 2257 3002 2303 ante
3064 2247 3305 2316 nuptias,
3376 2244 3580 2298 utalia

2001 2368 2125 2408 cum
2147 2350 2370 2405 muliere
2431 2347 2738 2417 copuletur.
2796 2340 2927 2396 Nam
2959 2340 3052 2410 qui
3119 2340 3223 2393 hoc
3267 2337 3463 2392 iecisse
3485 2335 3583 2391 de-

2002 2444 2305 2517 prehensus
2351 2439 2538 2501 fuerit,
2611 2446 2872 2505 tanquam
2897 2429 3139 2488 secundo
3195 2429 3436 2499 illigatus
3466 2441 3583 2481 ma-

2003 2534 2288 2598 trimonio,
2341 2530 2654 2601 deponitur.
2685 2526 2884 2582 Lector
2917 2524 3104 2587 etiam,
3146 2522 3240 2591 qui
3273 2521 3381 2575 tale
3416 2518 3583 2588 quid-

2003 2642 2166 2699 quam
2223 2623 2476 2686 incurrit,
2500 2621 2568 2675 ad
2628 2621 2793 2672 alium
2829 2616 3058 2687 gradqu
3087 2628 3192 2667 non
3240 2612 3580 2682 provehitur.

2004 2716 2160 2785 Quod
2199 2717 2244 2771 si
2292 2722 2551 2770 constare
2581 2711 2860 2782 sponsalia
2891 2724 2999 2763 non
3031 2716 3285 2778 possunt,
3308 2704 3583 2772 siquidem

2005 2821 2060 2867 et
2087 2810 2361 2885 desponsa
2411 2818 2666 2876 persona,
2719 2801 2812 2872 qui
2849 2797 3110 2855 sacerdos
3134 2795 3250 2850 ﬁeri
3315 2794 3451 2853 vult,
3478 2807 3578 2845 an-

2008 2881 2145 2958 num“
2167 2908 2380 2955 sextum
2424 2895 2604 2952 aetatis
2637 2893 2918 2956 excessit,
2965 2904 3076 2944 non
3128 2886 3476 2957 permittetur
3508 2881 3583 2946 ei,

2008 2995 2102 3066 qui
2134 3008 2253 3048 eam
2285 2990 2390 3047 sibi
2422 2985 2737 3057 despondit,
2774 2991 2834 3037 ut
2865 2982 2972 3036 alia
2999 2993 3123 3036 cum
3153 2977 3384 3033 muliere
3412 2988 3581 3043 copu-

2009 3064 2169 3149 letur,
2200 3089 2364 3152 atque
2379 3082 2453 3134 ita
2470 3076 2728 3133 sacerdos
2755 3075 2865 3129 liat.
2888 3071 3022 3127 Nam
3043 3072 3296 3140 digamus
3318 3081 3440 3122 esse
3468 3064 3576 3119 du-

339 3181 599 3245 γυνατκα.
628 3173 695 3228 Et
742 3174 800 3227 δὲ
828 3173 1007 3244 ἥττων
1034 3172 1151 3251 τῶν
1180 3171 1238 3238 ἓξ
1265 3174 1472 3245 χρόνων
1506 3167 1575 3243 ἦν
1602 3171 1662 3224 τὸ
1702 3188 1903 3240 κατεγ-

2008 3177 2171 3244 citur,
2204 3174 2414 3229 ratione
2451 3166 2911 3238 concupiscentia:
2930 3203 2945 3228 ,
2990 3177 3115 3218 cum
3145 3162 3247 3214 hac
3274 3168 3433 3214 aetate
3462 3172 3588 3212 mu-

341 3265 542 3338 γυηθὲν
572 3264 722 3333 αύτῷ
751 3263 1069 3334 πρόσωπον,
1092 3264 1181 3317 ὅτε
1209 3265 1242 3334 ἡ
1271 3264 1530 3333 ἀθέτησις
1554 3261 1662 3315 τῶν
1686 3260 1910 3331 συμφώ-

341 3375 448 3411 νων
495 3356 729 3425 ὲγίνετο,
772 3353 997 3408 δύναται
1024 3354 1053 3406 6
1084 3353 1327 3418 τοιοῦτος
1360 3355 1456 3408 καὶ
1483 3353 1651 3423 ἑτέρᾳ
1692 3352 1913 3421 γυναικὶ

342 3444 684 3516 συζευχθεὶς,
718 3443 1017 3507 ἀκωλύτως
1049 3445 1129 3506 είς
1176 3442 1475 3515 ἱερωσύνην
1516 3441 1708 3495 ἐλθεῖν.
1739 3439 1912 3493 Τοῦτο

340 3538 400 3594 δὲ
464 3539 556 3590 ἐπὶ
603 3537 809 3592 λαῖκῶν
866 3536 926 3589 οὐ
980 3537 1191 3607 κρατεῖ.
1254 3536 1463 3598 Μόνους
1517 3534 1626 3605 γὰρ
1658 3532 1781 3593 τοὺς
1817 3531 1911 3584 τοῦ

345 3629 611 3702 βήματος,
667 3630 795 3700 μιᾶς
853 3628 1137 3698 γυναικὸς,
1194 3629 1288 3681 καὶ
1343 3626 1545 3697 ταύτης
1603 3624 1900 3695 παρθένου,

341 3719 542 3793 ἄνδρας
573 3715 713 3774 εἶναι
741 3722 840 3774 δεῖ.
884 3713 989 3775 Οἷα
1012 3719 1106 3773 καὶ
1142 3718 1343 3782 αὐτοὺς
1368 3718 1589 3780 πάντως
1615 3718 1682 3787 τῇ
1708 3714 1914 3787 παρθε-

343 3814 433 3885 νίᾳ
463 3812 568 3884 πρὸ
589 3812 782 3865 τούτου
814 3811 1269 3881 σεμνυνομένους.
1301 3809 1527 3872 Τελείας
1563 3808 1620 3861 δὲ
1653 3809 1750 3878 τῆς
1781 3824 1916 3878 μνη-

345 3904 527 3966 στείας
567 3902 753 3972 οὖα-ης,
798 3903 893 3956 καὶ
936 3903 985 3954 εί
1042 3901 1150 3973 πρὸ
1194 3901 1288 3954 τοῦ
1322 3902 1666 3970 συμμιγῆναι
1696 3900 1763 3968 τῇ
1815 3916 1915 3968 με·

350 3994 738 4068 μνηπευμένη
768 3994 860 4046 τον
889 3992 1082 4063 ἀνδρα,
1109 3993 1327 4062 Θανάτῳ
1352 3991 1555 4060 ταύτης
1583 3990 1914 4055 διέζευκται,

344 4088 513 4142 οὐδὲὸ
535 4087 722 4149 λαῖκὺς
753 4085 939 4140 λαϐεῖν
969 4085 1193 4139 δύναται
1218 4084 1251 4156 ἢ
1284 4083 1584 4153 ὲξαδέλφην
1622 4081 1847 4153 ταύτης,
1880 4081 1914 4152 ἢ

346 4179 533 4248 ἕτερον
566 4179 859 4249 πρόσωπον
903 4176 967 4229 ἐκ
1013 4174 1109 4228 τοῦ
1155 4175 1323 4242 νόμου
1375 4172 1793 4241 κεκωλυμένων.
1841 4172 1917 4224 Ού

348 4269 460 4341 γὰρ
485 4272 518 4340 η
553 4269 842 4337 συνάφεια,
879 4267 996 4321 ἀλλ’
1027 4268 1061 4337 η
1108 4266 1207 4336 τῆς
1232 4266 1401 4335 εὐχῆς
1428 4263 1617 4333 τελετὴ
1650 4265 1794 4316 ποιεῖ
1820 4262 1920 4330 τὴν

351 4358 644 4431 μνηστείαν
689 4360 763 4423 ὡς
812 4359 990 4430 γάμον
1035 4356 1366 4425 λογίζεσθαι.
1415 4356 1477 4408 Εἰ
1546 4355 1727 4426 μέντοι
1804 4353 1916 4424 πρὸ

348 4454 561 4517 τελείας
614 4450 1027 4523 ἱεροτελεστίας,
1081 4450 1249 4520 μόνης
1305 4448 1364 4501 δὲ
1417 4445 1712 4518 μνηστείας
1784 4462 1904 4498 env-

2011 3269 2111 3324 lier
2136 3266 2341 3323 amoris
2370 3279 2542 3334 capax
2592 3262 2685 3318 sit.
2716 3260 2785 3314 At
2807 3273 2937 3314 vero
2959 3257 3006 3312 si
3064 3256 3243 3309 minor
3277 3269 3374 3308 sex
3427 3251 3588 3307 annis
3632 3284 3645 3309 κ

2011 3360 2082 3414 sit
2112 3370 2341 3429 persona
2369 3355 2663 3425 desponsa,
2689 3365 2798 3422 quo
2849 3358 3091 3418 tempore
3114 3352 3273 3415 pacta
3309 3341 3587 3413 sponsalia

2010 3446 2379 3503 reddebantur
2420 3444 2600 3508 irrita,
2635 3449 2814 3513 potest
2836 3440 2961 3494 talis
2982 3439 3149 3494 etiam
3186 3435 3293 3490 alia
3318 3448 3445 3488 cum
3473 3447 3594 3487 mu.

2013 3537 2144 3593 liere
2165 3535 2476 3606 copulatus,
2503 3532 2723 3588 nomine
2739 3529 3062 3601 prohibente
3079 3524 3389 3582 sacerdotio
3401 3520 3590 3592 fungi.

2016 3631 2122 3688 Sed
2148 3632 2253 3686 hoc
2292 3630 2349 3686 in
2380 3629 2539 3685 laieis
2563 3629 2744 3684 locum
2771 3640 2881 3681 non
2915 3623 3098 3679 habet.
3141 3621 3419 3676 Duntaxat
3446 3617 3592 3671 enim

2014 3721 2391 3779 ecclesiastica
2414 3721 2468 3775 in
2495 3720 2763 3790 dignitate
2780 3715 3113 3772 constitutos
3137 3712 3303 3768 unius
3322 3708 3594 3770 mulieris,

2014 3826 2069 3871 et
2092 3813 2323 3885 virginis
2340 3812 2584 3882 quidem,
2629 3808 2855 3862 maritos
2883 3820 3009 3861 esse
3035 3810 3284 3872 oportet:
3299 3808 3355 3855 et
3377 3813 3501 3854 cum
3540 3806 3596 3852 et

2015 3906 2119 3977 ipsi
2159 3902 2384 3959 omnino
2413 3908 2540 3956 ante
2600 3898 3012 3955 matrimonium
3059 3901 3401 3948 contractum
3430 3890 3596 3957 virgi-

2017 3976 2209 4051 nitatis
2256 3990 2420 4047 laude
2479 3987 2705 4061 gloriari
2754 3986 3013 4041 debeant.
3049 3982 3317 4038 Caeterum
3352 3976 3442 4032 ubi
3475 3990 3598 4043 per-

2018 4087 2159 4143 fecta
2204 4093 2334 4139 sunt
2359 4081 2657 4153 sponsalia,
2687 4080 2816 4134 licet
2876 4086 3166 4144 antequam
3201 4085 3325 4126 cum
3359 4068 3599 4135 despon-

2020 4186 2135 4231 sata
2164 4174 2271 4230 sibi
2297 4174 2377 4227 vir
2405 4180 2581 4232 coeat,
2613 4184 2707 4239 per
2733 4175 2961 4222 mortem
2986 4163 3052 4217 ab
3077 4176 3140 4216 ea
3162 4160 3464 4225 diremptus
3483 4153 3598 4206 lue-

2020 4267 2112 4331 rit,
2154 4281 2222 4320 ne
2257 4264 2430 4319 laicus
2473 4259 2690 4331 quidem
2743 4257 2944 4313 ducere
2980 4258 3157 4324 potest
3202 4248 3283 4303 vel
3311 4241 3600 4300 consobri-

2022 4372 2146 4410 nam
2177 4354 2318 4423 ejus,
2358 4354 2444 4407 vel
2499 4351 2662 4404 aliam
2713 4360 2999 4418 personam
3072 4342 3188 4412 lege
3245 4335 3597 4408 prohibitam.

2021 4446 2139 4501 Non
2169 4447 2314 4501 enim
2344 4443 2459 4514 ipsa
2506 4439 2846 4509 eonjuuctio,
2878 4436 2973 4491 sed
3006 4447 3126 4504 qua:
3184 4443 3406 4499 precum
3432 4426 3601 4478 inter-

351 4512 679 4611 tﬂauévv'qg,‘
703 4542 794 4595 τὶν
841 4512 1094 4610 νυμφίον’
1118 4542 1185 4610 τῇ
1204 4512 1216 4518 ⁷
1242 4512 1480 4608 πενθερᾷ
1510 4512 1903 4606 ⁷συμφθιιρῐτινιίιι

2021 4547 2184 4594 ventu
2213 4536 2270 4591 ﬁt
2297 4512 2661 4598 consecratio,
2709 4528 2978 4601 sponsalia
3018 4538 3117 4595 pro
3150 4519 3355 4588 nuptiis
3408 4512 3600 4570 haberi

355 4629 576 4698 συνέϐη,
615 4628 647 4700 ἢ
681 4627 853 4700 ἑτέρῳ
893 4627 1201 4697 συγγενικῷ
1240 4628 1516 4696 προσώπῳ
1541 4624 1638 4693 τῆς
1680 4624 1919 4693 μνηστῆς

352 4722 542 4787 αὑτοῦ,
579 4720 954 4791 κωλυθήσεται
989 4720 1018 4772 6
1048 4722 1246 4789 γάμος.
1280 4718 1355 4772 Οὐ
1384 4717 1494 4786 γάρ
1521 4714 1740 4784 Θεμιτὸν
1764 4713 1924 4782 αἱμο-

353 4816 537 4889 μιξίαν
596 4816 1070 4884 ποιήσαντας......
1102 4811 1241 4879 Φησὶ
1271 4808 1381 4879 γὰρ
1421 4806 1450 4859 ὁ
1490 4806 1677 4875 νόμοςο
1720 4802 1801 4855 Τά
1831 4802 1923 4868 ἐξ·

2027 4627 2177 4681 facit.
2208 4625 2497 4679 Enimvero
2528 4622 2575 4678 si
2607 4632 2732 4676 ante
2756 4619 3046 4689 perfectam
3070 4612 3377 4681 nuptiarum
3401 4618 3602 4660 conse-

2026 4714 2704 4791 crationem,sponsalibus
2754 4709 3021 4764 duntaxat
3066 4701 3386 4761 contractis,
3432 4710 3599 4765 spon-

2028 4820 2147 4860 sum
2180 4819 2301 4859 cum
2334 4819 2494 4857 socru
2521 4801 2695 4871 stupri
2751 4795 3206 4853 consuetudinem
3236 4790 3437 4845 habere
3467 4801 3600 4840 cnn-

356 4910 529 4980 αρχῆς
567 4908 784 4980 βέϐαια,
836 4909 900 4959 ἐκ
951 4906 1059 4958 τῶν
1094 4903 1603 4975 ἑπισυμϐαινόντων
1646 4898 1746 4952 οὐκ
1792 4897 1903 4950 ἀκυι

2031 4895 2233 4965 tigerit,
2266 4895 2348 4949 vel
2370 4909 2494 4949 cum
2522 4893 2627 4945 alia
2683 4904 2899 4960 sponsae
2930 4901 3045 4942 sua:
3088 4890 3320 4953 cognata
3344 4890 3595 4946 persona,

358 5000 597 5072 ροῦνται.

2031 4986 2440 5041 matrimonium
2464 4983 2752 5038 vetabitur.
2782 4980 2902 5035 Non
2940 4978 3083 5034 enim
3113 4974 3196 5029 fas
3236 4981 3340 5035 est,
3397 4981 3458 5024 ut
3507 4966 3601 5035 qui

355 5097 727 5151 commiserint
797 5094 1063 5149 incestum
1236 5088 1393 5159 Legis
1471 5086 1616 5143 enim
1685 5084 1847 5138 verba
1900 5089 2030 5136 sunt
2055 5079 2230 5151 (39):
2275 5077 2407 5145 Quae
2438 5078 2508 5133 ab
2541 5075 2700 5130 initio
2721 5074 2926 5137 valent,
2993 5085 3060 5126 ex
3096 5076 3221 5139 post
3273 5063 3435 5120 lactis
3495 5074 3606 5117 non

358 5187 727 5246 inﬁrmantur.

528 5304 599 5358 Δί
633 5302 834 5364 uittas,
870 5298 944 5354 δι’
975 5296 1048 5364 ἃς
1107 5295 1316 5351 λύεται
1344 5293 1380 5363 ἡ
1417 5290 1739 5363 μνηστεία.

427 5416 628 5472 Δύεται
649 5415 706 5469 δὲ
737 5417 771 5487 η
796 5413 1060 5487 μνηστεία
1084 5411 1273 5481 ὥσπερ
1305 5408 1355 5463 oi
1383 5407 1572 5478 γάμοι,
1595 5403 1663 5460 δι’
1686 5403 1928 5475 εὐπροσ-

359 5512 543 5575 ώπους
571 5508 774 5570 ταύτας
810 5507 1012 5570 αἰτίαςθ

2205 5282 2416 5349 Caune,
2447 5288 2657 5351 propter
2684 5293 2814 5345 quas
2849 5273 3120 5344 sponsalia
3165 5269 3460 5325 solvuntur.

2098 5397 2383 5470 Sponsalia
2404 5395 2709 5464 nuptiarum
2745 5405 2894 5447 more
2920 5388 3225 5449 solvuntur,
3258 5390 3480 5456 propter
3504 5377 3614 5439 h0-

2038 5499 2225 5549 nestas
2260 5492 2423 5545 hasce
2453 5502 2672 5545 causas.

1855 5664 2064 5721 NOTAE
2075 5704 2088 5719 .

431 5777 543 5847 (39)
567 5777 607 5831 Ι.
641 5774 730 5831 29.
753 5782 808 5830 et
837 5772 899 5828 D.
939 5770 1013 5826 De
1039 5769 1281 5841 reg.jur.
1310 5768 1348 5823 1.
1379 5768 1482 5834 Qui
1512 5783 1542 5821 a
1569 5761 1825 5837 qualibet.
1860 5758 1920 5813 ι).
1967 5757 2039 5813 De
2065 5756 2309 5811 centrali.
2351 5761 2511 5823 empt.
2546 5758 2599 5807 et
2633 5750 2667 5804 l.
2699 5747 2753 5804 5'
2798 5746 2859 5802 υ.
2894 5745 2967 5799 De
2982 5752 3123 5798 auct.
3155 5750 3259 5799 tut.
