3882 6574
385 401 526 465 1287

1668 395 1802 455 JUS
1838 391 2284 453 CANONICUM

3497 378 3636 443 1288

450 516 500 569 1.
528 511 583 568 Si
619 519 877 569 constare
924 513 1225 581 sponsalia,
1286 519 1542 579 tanquam
1607 508 1819 570 illicita,
1853 522 1943 560 ue-

2124 508 2192 554 a'.
2229 502 2291 554 Et
2325 500 2702 563 ἀνυπόστατός
2747 499 2896 553 ἐστιν
2926 498 2958 567 ἡ
3000 493 3263 566 μνηστεία
3300 489 3397 547 καὶ
3441 489 3637 560 ἀθέμι-

378 614 619 675 queant,
678 614 905 675 propter
960 612 1175 658 :etatem
1243 615 1537 671 puerorum
1599 598 1955 668 impuberem.

446 695 504 749 2.
529 695 583 749 Si
615 696 811 751 mulier
848 704 1061 750 uterum
1091 710 1158 750 ex
1177 694 1357 749 alieno
1417 691 1626 748 semine
1675 705 1864 762 gerere
1893 689 1962 745 sit

379 785 741 856 deprehensa.

449 879 503 935 5.
538 878 668 934 Item
698 874 921 950 propter
963 892 1157 933 novam
1226 875 1518 947 quamdam
1550 883 1598 931 et
1621 873 1959 945 incognitam

379 971 719 1043 religionem,
744 987 807 1024 ac
834 971 1147 1041 dogmatum
1184 970 1574 1024 diversitatem.

450 1065 609 1121 LVel
631 1073 851 1135 propter
875 1078 1088 1117 morum
1127 1062 1537 1132 turpitudinem.

450 1154 506 1209 5.
537 1152 633 1207 Vel
666 1162 891 1221 propter
917 1151 1275 1204 mutationem
1300 1157 1497 1204 status.

446 1244 502 1301 6.
538 1243 635 1299 Vel
691 1252 912 1312 pr0pter
951 1243 1268 1297 dilationem
1321 1241 1633 1310 nuptiarum
1669 1239 1807 1293 ultra
1826 1251 1963 1307 qua-

381 1337 711 1402 driennium,
753 1351 875 1406 qua:
905 1334 1259 1405 probabiliex
1288 1347 1454 1387 causa
1481 1330 1620 1385 facta
1656 1338 1760 1396 est,
1795 1345 1962 1401 prop-

381 1436 465 1481 ter
495 1427 744 1480 morbum
798 1432 927 1495 puta
989 1422 1333 1486 diuturnum,
1368 1422 1449 1475 vel
1508 1430 1738 1474 mortem
1772 1435 1964 1490 paren-

380 1526 518 1583 tum,
555 1518 635 1570 vel
673 1518 927 1585 capitalia
986 1515 1238 1578 crimina,
1265 1514 1345 1567 vel
1394 1513 1748 1582 longinquam
1802 1526 1960 1581 pere-

381 1609 774 1679 grinationem,
811 1623 875 1662 ex
912 1607 1242 1660 necessitate
1273 1615 1608 1673 susceptam.

452 1700 506 1757 7.
525 1699 791 1757 Praeterea
810 1702 856 1756 si
884 1702 1159 1771 sponsalia
1182 1700 1322 1753 facta
1340 1700 1449 1754 sint
1476 1715 1569 1769 per
1585 1699 1690 1752 vim
1715 1697 1963 1768 praesidis

381 1791 697 1861 provincue,
732 1800 837 1844 tam
872 1790 1070 1861 puella,
1119 1803 1284 1859 quam
1336 1788 1656 1858 parentibus
1687 1788 1808 1855 ejus
1852 1802 1960 1841 non

382 1883 876 1938 consentientibus.

453 1973 505 2027 8.
548 1974 635 2026 Vel
659 1981 880 2041 propter
910 1986 1093 2027 veram
1124 1977 1431 2034 tonsuram,
1478 1974 1533 2023 et
1566 1968 1854 2024 transitum
1891 1970 1958 2023 ad

383 2064 559 2131 vitam.
574 2065 897 2117 solitariam.
1042 2070 1045 2073 ’

453 2151 506 2205 9.
541 2150 633 2204 Vel
658 2152 800 2220 quod
835 2150 1032 2220 aliquis
1074 2150 1164 2202 iiut
1194 2150 1438 2205 decurio.

457 2242 543 2296 10.
584 2242 677 2296 Vel
734 2241 880 2311 quod
906 2241 1139 2310 alicujus
1195 2246 1335 2296 bona
1374 2243 1507 2296 ﬁsco
1547 2241 1656 2295 sint
1702 2240 1960 2307 obnoxia,

382 2337 467 2389 vel
490 2336 632 2404 quod
669 2336 785 2404 ipse
820 2334 912 2387 alii
944 2334 1183 2403 cuipiam
1211 2333 1477 2389 functioni
1507 2333 1778 2403 obligatus
1812 2333 1964 2388 inve-

385 2426 588 2480 niatur.

452 2518 586 2571 Cum
619 2517 789 2587 igitur
815 2518 1020 2588 aliquid
1053 2532 1117 2573 ex
1148 2517 1301 2573 bisce
1337 2532 1482 2573 nunc
1503 2518 1840 2573 enumeratis
1871 2532 1970 2573 co-

385 2609 717 2681 pulationem
746 2611 940 2665 factam
973 2625 1081 2665 non
1100 2610 1328 2675 dirimit,
1352 2611 1446 2681 qui
1474 2610 1861 2680 desponsatam
1886 2613 1966 2665 al-

386 2702 490 2757 teri
541 2703 713 2769 ducit,
746 2704 925 2757 adhuc
975 2718 1041 2758 eo
1068 2703 1384 2774 superstite,
1425 2703 1520 2774 qui
1577 2704 1968 2775 desponsavit,

389 2794 659 2850 adulterio
695 2812 753 2850 se
784 2798 997 2866 polluit.

459 2887 745 2959 Sponsalia
786 2898 911 2944 sunt
955 2889 1163 2946 mentio
1218 2899 1272 2946 et
1320 2890 1616 2962 promissio
1656 2889 1968 2946 futurarum

386 2980 725 3051 nuptiarum.
745 2981 874 3034 Tam
895 2996 990 3050 per
1008 2982 1334 3052 scripturam
1355 2983 1490 3052 (40),
1512 2997 1676 3053 quam
1691 2985 1812 3039 sine
1832 2984 1972 3039 scri-

386 3077 549 3142 ptura
562 3071 841 3140 sponsalia
867 3074 1294 3127 contrahuntur.
1319 3073 1381 3126 Et
1393 3074 1806 3129 constituuntur
1821 3076 1969 3128 nudo

2064 610 2175 655 τος,
2204 592 2292 646 διὰ
2321 593 2381 645 τδ
2410 592 2667 663 ἁνήλικον
2697 590 2804 643 τῶν
2833 590 3066 642 παίδων.

2139 682 2203 753 β’.
2263 684 2325 737 Εἰ
2378 682 2704 753 ὲγγάστριος
2761 682 2819 748 ἐξ
2864 678 3169 752 ’ἀλλοτρίων
3216 678 3554 750 σπερμάτων
3602 679 3638 749 ἡ

2064 776 2202 844 γυνὴ
2234 773 2577 843 πεφώραται.

2137 865 2223 935 γ⁹.’
2249 866 2451 921 Λύεται
2484 867 2578 920 καὶ
2609 865 2697 918 διά
2737 863 3066 933 καινοτάτην
3102 862 3406 936 Θρησκείαν
3437 861 3635 932 ἀγνοη·

2065 958 2271 1021 θεῖσαν,
2301 960 2394 1011 καὶ
2427 959 2714 1027 δογμάτων
2732 956 3031 1026 διαφοράν.

2135 1048 2197 1103 δ’.
2233 1051 2299 1101 Ἥ
2336 1049 2426 1102 διὰ
2454 1049 2673 1119 τρόπων
2704 1049 3062 1118 αἰσχρότητα.

2136 1139 2197 1195 ε’.
2236 1142 2306 1193 Ἢ
2335 1140 2505 1212 τύχης
2536 1140 2862 1211 ἐναλλαγήν.

2142 1241 2217 1300 ς’.
2259 1236 2329 1287 Ἦ
2383 1234 2473 1287 διὰ
2520 1233 2714 1304 γάμων
2757 1232 3052 1304 ὑπέρθεσιν
3108 1230 3251 1301 ὑπὲρ
3296 1228 3637 1300 τετραετίαν,

2071 1328 2145 1399 μὴ
2187 1326 2249 1393 ἐξ
2298 1328 2521 1397 εὐλόγου
2579 1326 2901 1381 ἑκταϐεἶσαν
2949 1326 3143 1389 αἰτίας,
3197 1324 3289 1378 διά
3325 1324 3485 1376 νόσον
3514 1323 3641 1386 ἴσως

2065 1419 2309 1490 χρονίαν,
2368 1419 2399 1490 ἢ
2460 1419 2693 1473 θάνατον
2742 1418 2970 1487 γονέων,
3026 1417 3060 1488 ἢ
3110 1414 3386 1484 κεφαλικά
3443 1411 3641 1482 ἐγκλή-

2069 1530 2238 1584 ματα.
2289 1512 2323 1583 ἢ
2381 1514 2601 1585 μακρὰν
2655 1512 2996 1582 ἀποδημίαν,
3074 1510 3135 1575 ἐξ
3188 1510 3441 1577 ἀνάγκης
3492 1522 3640 1573 γενο-

2071 1602 2262 1673 μένην.

2142 1694 2210 1756 ζ.’
2248 1695 2368 1747 Ἔτι
2405 1694 2463 1748 δὲ
2494 1695 2582 1748 διὰ
2619 1693 2741 1763 βίαν
2780 1693 3037 1764 ἄρχοντος
3085 1692 3353 1763 ἐπαρχίας
3376 1692 3480 1761 τῆς
3512 1708 3642 1763 μνη-ο

2069 1785 2251 1850 στείας
2296 1786 2617 1857 γενομένης,
2649 1787 2749 1857 τῆς
2806 1803 2867 1839 τε
2919 1784 3089 1853 κόρης
3130 1785 3229 1838 καὶ
3288 1783 3403 1836 τῶν
3437 1784 3638 1851 γονέων

2066 1879 2236 1948 αὐτῆς
2277 1880 2350 1949 μὴ
2388 1879 2803 1933 συναινούντων.
3496 1866 3537 1913 κ’

2141 1975 2211 2036 η’.
2262 1968 2331 2020 Ἢ
2365 1966 2432 2019 δι’
2464 1968 2771 2037 ἀπόκαρσιν
2833 1965 3033 2038 ἀληθῆ,
3069 1966 3167 2021 καὶ
3216 1965 3316 2037 την
3367 1963 3507 2037 πρὸς
3549 1963 3639 2019 τὸν

2067 2062 2276 2132 μονήρη
2298 2060 2413 2130 βίον
2440 2059 2759 2128 μετάϐασιν.

2135 2151 2199 2205 0'.
2237 2152 2307 2203 Ἦ
2335 2150 2397 2203 τὸ
2424 2146 2564 2204 εἷναι
2591 2149 2907 2220 βουλευτήν.

2138 2248 2191 2297 ι’.
2223 2242 2291 2295 Ἢ
2324 2241 2413 2295 διὰ
2461 2242 2523 2295 τὸ
2577 2241 2902 2295 ἀποκεῖσθαι
2954 2241 3004 2274 ⁸⁸
3053 2239 3133 2311 τῷ
3164 2238 3413 2310 δημοσίῳ
3434 2236 3532 2309 τὴν
3555 2240 3646 2292 ούδ

2069 2335 2190 2389 σίαν
2221 2333 2415 2401 αύτοῦί
2444 2334 2479 2407 ἢ
2505 2334 2651 2405 ἄλλῳ
2670 2333 3096 2405 λειτουργήματι
3118 2332 3304 2402 ἔνοχον
3329 2328 3642 2401 εὑρεθῆναι.
3734 2354 3747 2369 κ

2140 2522 2361 2577 Τούτων
2400 2518 2492 2577 οὖν
2520 2522 2632 2576 τῶν
2676 2518 3151 2591 ἀπηριθμημὲνων
3177 2517 3328 2580 τινος
3379 2515 3482 2586 τὴν
3512 2513 3645 2569 ἐνω-

2072 2630 2157 2670 σιν
2206 2617 2280 2687 μὴ
2328 2616 2739 2687 διαστήσαντος,
2798 2614 2828 2666 ὁ
2856 2612 2955 2683 τὴν
2998 2612 3173 2684 ἑτέρῳ
3214 2607 3646 2679 μνηπευθεῖσαν

2072 2708 2358 2779 ἀγόμενος,
2386 2708 2466 2761 ἔτι
2484 2706 2577 2761 τοῦ
2613 2706 3091 2777 μνηστευσαμένου
3123 2704 3347 2769 ζῶντος,
3372 2703 3652 2775 μοιχᾶται,

2147 2894 2425 2964 Μνηστεία
2468 2892 2588 2945 ἐστὶ
2627 2892 2813 2962 μνήμη
2867 2887 2963 2943 καὶ
3000 2887 3303 2957 επαγγελία
3350 2886 3464 2940 τῶν
3518 2887 3645 2957 μελ-

2074 2988 2272 3041 λόντων
2297 2986 2511 3054 γάμων.
2531 2985 2641 3038 Καὶ
2665 2983 2959 3054 ἐγγράφως
2990 2982 3086 3034 καὶ
3098 2979 3365 3052 ἀγράφως
3390 2978 3653 3049 μνηστεία

2074 3080 2301 3145 γίνεται.
2335 3079 2442 3131 Καὶ
2464 3077 2594 3146 ψιλῇ
2621 3074 2924 3128 συναινέσει
2954 3072 3295 3135 συνίσταται,
3321 3070 3418 3123 καὶ
3447 3068 3651 3139 μεταξὺ

387 3177 684 3226 consensu,
720 3162 896 3217 Etiam
916 3162 1061 3217 inter
1090 3167 1345 3218 absentes
1363 3162 1499 3234 (4|).
1537 3163 1746 3219 Contra
1773 3166 1963 3220 volun-

2092 3173 2344 3225 ἱπόντων.
2382 3169 2537 3240 Παρὰ
2571 3168 2801 3237 γνώμην
2840 3167 2939 3236 τῆς
2978 3163 3226 3237 ὀρφανῆς
3277 3166 3307 3216 ὁ
3362 3163 3655 3234 ἐπίτροπος

388 3261 555 3309 tatem
595 3255 814 3323 pupillae
842 3262 989 3308 tutor
1007 3255 1285 3325 sponsalia
1339 3271 1449 3309 non
1492 3256 1799 3323 constituit,
1867 3273 1967 3313 nec

389 3343 531 3399 facta
562 3346 832 3400 dissolvit.
866 3343 1039 3400 Furor
1075 3347 1595 3417 impeditsponsalia
1623 3348 1756 3418 (ιε).
1805 3348 1910 3404 Sed
1925 3352 1973 3405 si

372 3442 579 3510 postea
602 3440 997 3510 supervenerit,
1032 3441 1334 3495 constituta
1354 3455 1461 3495 non
1490 3441 1670 3495 solvit.
1697 3441 1803 3507 Qui
1834 3457 1970 3496 cou-

390 3546 612 3589 sensum
628 3532 874 3601 praebent
903 3533 957 3585 in
990 3534 1190 3602 nuptiis
1209 3547 1396 3586 eorum
1419 3547 1721 3589 consensus
1742 3534 1794 3587 in
1814 3550 1971 3604 spon-

392 3623 600 3679 salibus
643 3638 860 3695 quoque
891 3625 1188 3695 requiritur
1214 3625 1356 3696 (45).
1379 3626 1701 3682 Consentire
1733 3642 1860 3684 vero
1881 3627 1976 3682 de-

393 3716 542 3780 bent,
567 3715 669 3784 ipsi
708 3715 1116 3781 contrahentes,
1141 3725 1193 3771 et
1226 3724 1481 3787 parentes
1510 3732 1723 3774 eorum.
1752 3719 1817 3773 Et
1840 3734 1974 3773 conc

392 3806 602 3859 sentire
634 3805 907 3872 videntur,
927 3808 1019 3876 qui
1041 3807 1324 3862 evidenter
1340 3808 1457 3862 sive
1476 3807 1678 3864 diserte
1706 3825 1810 3865 non
1839 3825 1975 3865 con-

392 3896 870 3951 tradicunt.Tnnc
920 3910 1099 3952 autem
1141 3898 1260 3963 lilii,
1320 3899 1441 3955 illia:
1472 3900 1707 3956 familias
1758 3911 1977 3957 contra-

393 3989 577 4045 dicere
629 3990 892 4045 duntaxat
931 4000 1161 4061 possunt
1189 3992 1326 4064 (Μ),
1358 4008 1482 4048 cum
1536 3994 1779 4049 moribus
1828 3995 1976 4050 indi-

393 4096 528 4151 gnos
569 4090 622 4136 et
657 4091 843 4151 turpes
876 4084 957 4138 eis
988 4099 1223 4153 sponsos
1252 4094 1511 4155 parentes
1544 4086 1773 4155 eligunt.
1812 4087 1869 4142 Si
1890 4098 1977 4142 ta-

394 4174 473 4228 les
497 4183 676 4229 autem
745 4189 854 4229 nou
915 4176 1044 4239 sint,
1105 4177 1198 4246 qui
1238 4178 1321 4232 eis
1376 4178 1805 4247 despondentur,
1855 4180 1979 4238 licet

393 4264 715 4322 exheredari
747 4283 807 4323 se
827 4267 985 4323 liberi
1031 4269 1245 4336 malint,
1321 4269 1586 4325 duntaxat
1646 4282 1704 4326 ut
1753 4287 1861 4327 non
1894 4288 1981 4344 pa-

2075 3263 2137 3314 οὐ
2170 3262 2488 3333 συνίστησιν
2527 3260 2664 3332 αὐτῇ
2696 3260 3013 3330 μνηστείαν,
3045 3257 3169 3311 οὔτε
3201 3255 3408 3311 διαλύει
3438 3256 3539 3326 τὴν
3565 3272 3657 3323 γε·

2075 3353 2327 3423 νομένην.
2369 3353 2433 3405 Ἦ
2494 3352 2659 3423 μανία
2696 3348 2979 3421 ἐμποδίζει
3007 3349 3107 3420 τὴν
3144 3348 3467 3418 μνηστείαν.
3505 3348 3657 3402 Ἐπι-

2076 3445 2342 3514 γενομένη
2381 3443 2458 3509 δὲ,
2495 3444 2556 3495 οὗ
2593 3442 2710 3496 λύει
2754 3441 2853 3512 τὴν
2903 3442 3201 3494 συστᾶσαν.
3251 3439 3317 3491 (η
3352 3436 3660 3492 συναινοῦν-

2075 3552 2167 3599 τες
2196 3535 2272 3605 τῷ
2305 3536 2487 3606 γάμῳ.
2528 3535 2622 3587 καὶ
2675 3534 2741 3603 τῇ
2794 3530 3059 3602 μνηστείᾳ
3097 3528 3430 3584 συναινοῦσι,
3467 3529 3661 3582 Συναιρ

2076 3628 2227 3681 νοῦσι
2277 3628 2357 3688 δὲ.
2406 3628 2455 3679 οί
2517 3625 2936 3695 συναπτόμενοι,
2991 3624 3089 3678 καὶ
3116 3626 3164 3677 οί
3213 3621 3422 3676 τούτων
3454 3624 3658 3689 γονεῖς.

2079 3720 2328 3773 Συναινεῖ
2369 3718 2424 3772 δὲ
2474 3716 2723 3771 δοκοῦσιν
2781 3718 2831 3768 οί
2882 3716 2956 3787 μὴ
3009 3716 3192 3787 ῥητῶς
3256 3715 3656 3781 ἀντιλέγοντες.

2078 3811 2217 3866 Τότε
2286 3810 2343 3863 δὲ
2380 3810 2540 3880 μόνον
2590 3808 2892 3877 ἀντιλέγειν
2929 3808 3183 3861 δύνανται
3238 3809 3287 3860 oi
3318 3806 3658 3871 ύπεξούσιοι,

2077 3899 2166 3952 ὅτε
2192 3902 2303 3962 τοῖς
2341 3899 2562 3970 τρόποις
2589 3898 2844 3963 ἀναξίους
2874 3899 2969 3952 καὶ
3000 3901 3261 3969 αἰσχροὺς
3291 3899 3480 3961 αὐτοῖς
3528 3917 3660 3969 pen;

2082 3992 2359 4045 στεύονται
2402 3993 2451 4045 οί
2514 3995 2711 4060 γονεῖς.
2773 3991 3045 4045 Τοιούτων
3092 3992 3148 4045 δὲ
3213 3992 3288 4062 μὴ
3327 3991 3505 4045 ὄντων
3552 3991 3664 4044 τῶν

2084 4086 2555 4156 μνηστευομένων,
2581 4085 2686 4138 κᾶν
2717 4086 2764 4137 εί
2797 4083 3143 4154 ἀποκλήρους
3182 4084 3409 4147 ἑαυτοὺς
3436 4083 3664 4153 αίροῦν-

2078 4195 2170 4232 ται
2210 4179 2284 4233 τὰ
2325 4178 2492 4231 τέκνα
2521 4180 2715 4243 ποιεῖν,
2755 4178 2918 4247 μόνον
2942 4177 3030 4231 ἵνα
3061 4178 3134 4248 μὴ
3162 4177 3263 4246 τὴν
3294 4176 3401 4229 τῶν
3429 4177 3664 4243 γονέων,

2080 4270 2217 4324 ἀλλά
2251 4271 2348 4338 τὴν
2376 4268 2581 4322 οἰκείαν
2623 4267 3021 4339 ὲκπληρὼσωσι
3071 4267 3310 4337 Θέλησιν,
3368 4266 3669 4335 ἀνίσχυρον

394 4367 633 4421 rentum,
662 4358 755 4414 sed
783 4374 895 4414 sua:
924 4359 1189 4416 voluntati
1214 4361 1555 4417 satisfaciant
1579 4380 1592 4428 ;
1623 4364 1847 4419 omnino
1869 4380 1967 4418 non

2092 4358 2222 4416 εἶναι
2254 4362 2431 4415 αὐτῶν
2452 4360 2784 4429 Θεσπίζομεν
2817 4360 3109 4424 διαπαντὸς
3160 4360 3221 4413 τὸ
3273 4358 3543 4429 βούλημα.
3580 4356 3671 4408 Τὰ

393 4448 575 4505 valere
616 4444 897 4506 sancimus
951 4467 1141 4507 eorum
1177 4452 1510 4509 institutum.
1545 4453 1679 4508 Nam
1706 4456 1967 4524 cupidita-

2092 4455 2190 4525 γὰρ
2224 4454 2315 4508 ἐπὶ
2334 4457 2397 4524 τῇ
2433 4453 2539 4526 ίδῖᾳ
2564 4456 2913 4524 καταστροφῇ
2960 4452 3052 4506 καὶ
3088 4450 3335 4522 ἀπωλείᾳ
3381 4451 3494 4502 τῶν
3520 4448 3665 4501 νέων

394 4548 479 4596 tes
503 4542 786 4611 juvenum,
816 4542 884 4597 ad
914 4542 1184 4598 excidium
1214 4552 1269 4600 ct
1338 4546 1617 4601 interitum
1688 4519 1967 4615 proprium

2092 4519 2396 4617 ippﬂpara,
2425 4519 2587 4599 παντὶ
2617 4519 2801 4615 τρόπῴ
2837 4519 3068 4597 κωλύειν
3105 4545 3154 4596 οί
3206 4519 3365 4612 νόμοι
3412 4540 3671 4610 ἐγνώκα-

394 4631 706 4695 tendentes,
731 4634 880 4687 omni
932 4634 1092 4690 modo
1122 4637 1456 4692 coercendas
1484 4653 1623 4702 esse,
1679 4636 1823 4707 leges
1846 4640 1967 4708 ipsa

2092 4656 2185 4691 τιν.
2238 4637 2630 4709 Διχυνοούντων
2657 4637 2711 4690 δὲ
2740 4637 2850 4689 τῶν
2870 4635 3073 4705 γονέων
3100 4635 3227 4703 περὶ
3256 4633 3357 4703 τῆς
3405 4633 3670 4702 ἐκλογῆς,

394 4732 646 4779 statuunt
668 4723 801 4795 (45).
828 4723 1295 4782 ὐἱεερηιίθιιιὶὺυε
1330 4736 1509 4782 autem
1568 4730 1891 4797 parentibus
1919 4731 1967 4786 in

2092 4732 2233 4802 Βῆλον
2266 4732 2345 4783 ὅτι
2379 4733 2411 4800 ἡ
2445 4730 2537 4783 τοῦ
2565 4730 2769 4801 πατρὸς
2806 4727 2999 4799 γνώμη
3048 4728 3259 4798 κρατεῖ.
3282 4725 3676 4795 Διχονοοῦντος

395 4813 685 4879 electione,
710 4814 1058 4870 manifestum
1080 4824 1162 4870 est
1189 4817 1359 4885 patris
1378 4817 1556 4871 valere
1577 4817 1866 4887 judicium.
1894 4818 1967 4875 Fi-

2092 4824 2171 4879 τοῦ
2203 4824 2545 4890 ύπεξουσίου,
2576 4825 2635 4877 ού
2658 4824 2866 4891 γίνεται
2901 4821 3189 4892 μνηστεία,
3212 4821 3438 4887 ὀνόματι
3471 4818 3673 4872 αὐτοῦ.

396 4905 473 4961 lio
500 4905 738 4962 familias
768 4908 1146 4972 dissentiente,
1176 4908 1451 4975 sponsalia
1470 4911 1689 4966 nomine
1715 4912 1834 4981 ejus
1863 4929 1967 4968 non

2092 4917 2150 4969 ’0
2204 4918 2387 4987 πατὴρ
2436 4917 2535 4984 τῆς
2587 4915 2912 4978 ὑπεξουσίας
2972 4914 3195 4967 δύναται
3239 4912 3485 4966 διαλύειν
3560 4913 3676 4982 τὴν

395 4999 537 5054 ilum
570 4999 704 5072 (46).
736 4998 896 5055 Pater
947 4997 1314 5055 tiliael'amilias
1347 5001 1622 5070 sponsalia
1673 5003 1967 5063 dissolvere

2092 5009 2401 5079 μνηστείαν,
2431 5010 2490 5060 οὐ
2530 5008 2634 5078 μὴν
2661 5008 2875 5077 καὶτῆς
2902 5007 3277 5072 αὐτεξουσίας.
3320 5007 3385 5058 'H
3422 5002 3488 5057 τὸ
3516 5005 3679 5071 γινό-

394 5098 594 5161 potcst,
615 5106 724 5147 non
744 5094 910 5147 etiam
938 5093 1290 5163 emancipatae
1326 5093 1458 5164 (47).
1513 5094 1646 5160 Qua:
1686 5098 1830 5166 quod
1857 5101 1967 5170 agi-

2092 5117 2245 5171 μενον
2274 5100 2505 5153 δοκοῦσα
2540 5102 2700 5162 νοεῖν,
2737 5098 2919 5162 καλῶς
2956 5098 3352 5169 μνηστεύεται·
3381 5093 3681 5148 τουτέστιν

1683 5233 1917 5292 VARUE
1969 5238 2379 5295 LECTIONES.

464 5324 510 5356 ⁸⁸
539 5322 882 5382 ὑποκεῖσθαι.

1899 5452 2134 5513 NOTAE.

2154 5574 2264 5642 (ιι)
2294 5572 2330 5625 ι.
2368 5570 2447 5642 te.
2474 5569 2539 5642 ι).
2567 5569 2695 5624 eod.

2158 5633 2268 5715 (45)
2295 5644 2335 5715 ΑΙ.
2481 5640 2543 5715 lu
2581 5642 2753 5715 princ.
2780 5633 2841 5691 C.
2874 5636 2949 5715 Due
2976 5644 3126 5708 nupt.

2157 5707 2267 5785 (frti)
2293 5713 2329 5785 l_.
2572 5707 2983 5785 Dc_sponsalib.

2160 5778 2273 5856 (ιη
2300 5783 2337 5837 ι.
2374 5782 2457 5837 l0.
2492 5778 2552 5834 υ.
2573 5781 2695 5835 eod.

470 5565 583 5636 (60)
604 5566 644 5619 1.
668 5566 720 5620 1.
746 5565 812 5620 1).
847 5565 921 5619 De
937 5566 1296 5633 sponsalibus.

468 5637 581 5709 (ἀί)
616 5638 653 5692 l.
676 5637 727 5690 7.
772 5637 904 5709 F.0d.
930 5648 980 5692 et
1014 5637 1052 5690 Ι.
1086 5639 1139 5692 4.
1176 5639 1238 5692 υ.
1274 5638 1509 5709 Depign.

472 5708 583 5774 (4‘2)
613 5709 649 5761 l.
678 5709 733 5763 4.
765 5708 897 5762 Eod.

472 5779 583 5845 (4⁵5)
608 5778 645 5833 l.
668 5779 720 5833 9.
758 5778 816 5832 D.
842 5776 917 5833 De
941 5778 1029 5832 rit.
1052 5789 1197 5848 uupt.
1234 5781 1285 5835 5.
1308 5780 1368 5838 (ἶ.
1399 5778 1476 5833 De
1496 5787 1643 5848 nupt.
1665 5778 1774 5835 etl.
1804 5779 1885 5833 Π.
1913 5777 1977 5832 Ι).

403 5846 478 5900 De
502 5863 678 5914 spons.
