3882 6602
193 413 323 482 1289

1435 407 2142 472 GRIECO-ROMANUM.

3287 423 3423 488 1390

189 533 220 605 ὴ
244 529 315 601 μὴ
343 528 480 585 οὖσα
504 529 684 602 ἥττων
729 529 838 585 τῶν
876 527 1020 584 ἑπτὰ
1055 525 1219 581 ἐτῶν.
1245 525 1310 581 Εί
1368 526 1618 597 μέντοιγε
1649 523 1748 594 τῆς

1859 529 1961 586 tur,
1986 521 2286 597 intelligere
2345 527 2590 596 videtur;
2622 537 2772 588 recte
2820 533 3095 602 sponsalia
3151 543 3432 596 contrahit

191 619 478 691 μνηστείας
521 621 898 692 γεγενημένης
941 617 1148 673 ἔσωθεν
1203 615 1301 672 τοῦ
1341 618 1758 688 τρισκαιδεκαε-

186 708 306 772 ’.τοῦς
326 708 543 779 χρόνου,
567 709 903 780 τολμήσαιεν
939 725 1086 772 τινες
1105 709 1219 772 τοῖς
1257 708 1759 779 μνηστευσαμένοις

189 803 219 872 ἢ
245 799 340 869 τὴν
364 799 666 872 λεγομένην
711 800 1022 872 εὐλόγησιν,
1064 800 1100 874 ἢ
1128 798 1190 853 τὸ
1251 800 1582 872 στεφάνωμα
1602 817 1760 874 περι-

192 891 376 956 θεῖναι,
401 889 478 952 ὡς
504 889 612 943 τῶν
636 890 797 944 θείων
823 890 1004 962 νόμων
1026 889 1340 961 παραϐάται
1369 892 1754 963 γεγενημένοι,

189 982 380 1036 αὐτίκα
409 981 509 1054 τὴν
542 983 642 1053 μὲν
683 982 1050 1051 προελθοῦσαν
1085 983 1381 1055 μνηστείαν
1432 985 1548 1054 ἅμα
1579 987 1645 1055 τῇ
1673 984 1758 1038 δο-

187 1075 352 1144 κούσῃ
391 1073 660 1144 συναφείᾳ
701 1073 1036 1139 διαλύεσθαι,
1078 1075 1173 1128 καὶ
1210 1076 1278 1128 τὰ
1313 1075 1444 1147 παρ’
1490 1077 1756 1148 Δἑκατέρου

186 1165 274 1220 τοῦ
305 1159 505 1235 μέρους
543 1169 600 1218 ἐν
629 1168 696 1237 τῇ
735 1168 1002 1239 μνηστείᾳ
1035 1167 1418 1238 συμϐληθέντα
1455 1169 1753 1241 πρόστιμα,

187 1254 279 1310 τοῦ
310 1255 666 1326 τολμήματος
692 1255 899 1326 ζημίαν
924 1257 1229 1328 ὑπέχοντας
1259 1258 1336 1330 τῷ
1367 1259 1459 1313 τοῦ
1497 1259 1755 1331 δημοσίου

184 1346 592 1417 εἰσκομίζεσθαι
647 1348 826 1419 μέρει.
873 1349 1026 1418 Μηδὲ
1075 1349 1170 1402 τοῦ
1205 1349 1515 1420 τολμῶντος
1565 1351 1756 1421 ίερέως

182 1439 273 1492 ἐπὶ
294 1442 359 1510 τῇ
395 1439 624 1510 τοιαύτῃ
644 1441 901 1510 παρεῖναι
921 1439 1119 1512 πράξει
1150 1441 1448 1496 ἀνευθύνου
1483 1443 1756 1516 καθεστη-

183 1533 358 1597 κότος,
389 1531 525 1586 άλλὰ
568 1535 635 1602 τῇ
669 1532 946 1604 αὐστηρίξι
993 1533 1104 1587 τῶν
1161 1533 1325 1604 ἱερῶν
1391 1533 1754 1606 ὑποκειμένου

180 1624 380 1695 νόμων.
436 1623 495 1678 Ὀ
532 1623 1012 1695 μνηστευσάμενος
1058 1624 1227 1696 κόρην
1272 1624 1498 1698 ἔφηϐον,
1549 1627 1644 1680 καὶ
1679 1627 1754 1699 μὴ

185 1715 555 1787 συμφωνήσας
578 1715 773 1788 χρόνον
810 1719 869 1770 ἐν
892 1719 958 1788 τῇ
997 1719 1284 1789 μνηστείᾳ,
1311 1718 1520 1788 ὀφείλει
1549 1719 1756 1792 ταύτην

176 1810 226 1863 εί
267 1808 370 1880 μὲν
399 1809 458 1861 ὲν
480 1810 548 1880 τῇ
593 1807 733 1879 αὐτῇ
765 1793 1004 1880 ἐπαρχία
1024 1810 1228 1879 διάγει,
1263 1810 1398 1865 εἴσω
1424 1809 1628 1876 διετίας
1655 1829 1754 1880 γαο

181 1903 339 1970 μεῖνε
386 1901 435 1954 εί
463 1900 520 1954 δ’
555 1902 615 1954 ὲν
660 1901 922 1972 ἀπουσίᾳ,
943 1900 1075 1955 εἴσω
1101 1901 1366 1973 τριετίας.
1395 1903 1459 1957 Εί
1499 1903 1557 1957 δὲ
1580 1905 1752 1976 ὑπέρ-

176 1994 338 2062 θηται
365 1991 534 2062 χωρὶς
565 1992 788 2062 εὐλόγου
831 1993 1034 2057 αίτίας,
1069 1993 1293 2048 δύναται
1337 1995 1371 2064 ἡ
1407 1995 1546 2069 κόρη
1578 1996 1753 2068 ἑτέρῳ

176 2081 568 2137 συνάπτεσθαι.
598 2083 674 2136 Οὐ
705 2084 815 2154 χρὴ
847 2084 974 2147 τοὺς
1003 2083 1272 2154 ἄρχοντας
1313 2085 1374 2150 se
1421 2086 1640 2160 ἐκείνης
1653 2087 1754 2158 τῆς

174 2173 464 2245 ἓπαρχὶας,
503 2169 570 2246 ἦς
617 2173 867 2243 ἄρχουσι,
925 2175 1346 2246 μνηστεύεσθαι.
1398 2177 1462 2230 Εἰ
1503 2178 1558 2232 δὲ
1593 2178 1754 2233 τοῦτο

176 2265 518 2334 ποιήσουσιν,
550 2263 731 2329 ἔξεστι
752 2268 818 2336 τῇ
846 2266 986 2338 κόρη
1015 2267 1110 2322 καὶ
1143 2270 1257 2332 τοῖς
1277 2268 1528 2335 γονεῦσιν
1559 2271 1752 2342 αὐτῆς,

172 2357 207 2429 ἢ
235 2355 580 2427 ἐπιτρόποις,
622 2357 655 2428 ἢ
680 2358 1034 2429 κουράτορσι,
1063 2361 1450 2428 παραιτεῖσθαι
1469 2362 1560 2415 τὸν
1576 2362 1755 2433 γάμον

175 2450 273 2505 καὶ
297 2451 606 2520 κερδαίνειν
627 2451 753 2514 τοὺς
776 2451 1125 2524 ἀρραϐῶνας.
1171 2451 1280 2506 Τοῦ
1303 2453 1468 2508 αὐτοῦ
1492 2457 1756 2528 κρατοῦν-

168 2560 262 2608 τος
303 2545 404 2597 καὶ
430 2544 525 2596 έπὶ
554 2543 666 2597 τῶν
704 2545 860 2611 υἱῶν,
893 2547 988 2600 καὶ
1023 2545 1286 2613 ἐγγόνων,
1318 2548 1412 2600 καὶ
1453 2549 1752 2618 συγγενῶν,

173 2637 267 2688 καὶ
302 2635 670 2706 δομεστίκων,
705 2636 804 2689 καὶ
845 2636 1248 2708 συγκαθέδρων,
1279 2638 1376 2692 καὶ
1416 2638 1511 2693 ἐπὶ
1540 2639 1756 2695 πάντων

168 2726 229 2779 ὲν
255 2727 325 2794 τῇ
353 2724 507 2790 τάξει
555 2724 651 2779 καὶ
695 2727 803 2780 τῶν
833 2727 1053 2782 οἰκείων
1087 2729 1274 2794 αὑτοῦ,
1305 2729 1400 2785 ἐὰν
1428 2731 1570 2786 κατὰ
1601 2747 1758 2786 σπου-

166 2817 266 2886 δὴν
283 2816 385 2870 τοῦ
403 2817 662 2888 ἄρχοντος
685 2819 1148 2889 ἑμνηστεύσαντο.
1179 2814 1238 2874 Et
1278 2823 1465 2893 μέντοι
1491 2826 1587 2878 καὶ
1615 2825 1755 2894 μετὰ

163 2904 264 2978 τὴν
299 2906 480 2978 ἀρχὴν
507 2905 758 2977 βούλεται
787 2909 820 2979 ὴ
847 2908 984 2980 κόρη
1015 2909 1358 2980 ωναφθῆναι
1383 2912 1554 2984 αὐτῷ,
1576 2915 1753 2987 ερρω-

163 3001 312 3053 me
353 2999 555 3070 γάμος.
630 3001 950 3071 Σημείωσαι
1007 2996 1124 3068 οὖν,
1170 3002 1254 3056 ὅτι
1274 3004 1393 3058 τότε
1437 3005 1638 3060 κωλύει
1695 3007 1756 3061 τὸ

163 3090 537 3160 συνάλλαγμα
561 3093 590 3144 ό
616 3075 804 3161 νόμος,
835 3091 926 3145 ὅτε
967 3091 1030 3145 τὸ
1062 3092 1316 3162 όφφίκιον
1357 3096 1385 3148 ό
1423 3094 1606 3166 ἄρχων
1635 3083 1770 3153 διαέ

158 3181 434 3252 χειρίζει,
460 3182 553 3236 καὶ
583 3181 810 3237 δύναται
845 3179 1241 3276 φοϐερὸςμεῐναι
1265 3187 1378 3276 τοῖς
1408 3187 1628 3256 γονεῦσι
1654 3193 1752 3260 τῆς
1779 3217 1822 3276 c

160 3273 368 3344 κόρης,
400 3274 559 3328 Ὥστε
589 3272 705 3344 εἴγε
735 3275 919 3345 ἄρχων
956 3274 1055 3344 μὲν
1083 3271 1174 3347 ἦν,
1212 3276 1314 3330 οὐκ
1345 3273 1414 3348 ἦν
1456 3278 1512 3332 δὲ
1567 3281 1752 3345 ἱκανὸς

158 3365 488 3435 ἐκφοϐῆσαι
540 3366 670 3430 τοὺς
717 3367 896 3436 γονεῖς
923 3367 1025 3436 τῆς
1048 3367 1239 3437 κόρης,
1297 3368 1356 3420 οὐ
1390 3369 1751 3443 κεκώλυταιὴ

159 3454 470 3528 μνηστεία.
1415 3455 1422 3464 ’

153 3641 309 3711 Περὶ
372 3639 492 3696 τῶν
537 3641 645 3708 τὰς
692 3639 844 3713 ιδίας
899 3641 1189 3711 γυναῖκας
1232 3643 1527 3713 προφάσει
1567 3648 1751 3701 εὐλα-

465 3713 626 3778 ϐείας
676 3711 1097 3766 ἐκϐαλλόντων
1145 3711 1470 3782 κληρυὲῶν.

245 3805 314 3860 Ὀ
341 3803 387 3858 ε’
435 3804 546 3858 τῶν
590 3802 761 3872 ἁγίων
795 3802 1108 3857 ἀποστόλων
1163 3804 1340 3859 κανὼν
1389 3805 1748 3880 έπίσκοπονή

151 3900 554 3972 πρεσϐύτερον
597 3898 630 3969 ἢ
681 3897 930 3952 διάκονον
977 3897 1074 3968 τὴν
1131 3885 1327 3952 ἑαυτοῦ
1361 3903 1593 3968 γυναῖκα
1615 3917 1749 3974 προ-

150 3993 336 4062 φάσει
383 3991 674 4054 εὐλαϐείας
733 3989 1065 4045 ἐκϐάλλοντα
1105 3990 1378 4062 ἀφορίζει,
1445 3995 1638 4064 μέχρις
1685 3995 1752 4049 ἂν

144 4083 324 4149 αὖθις
364 4082 778 4156 προσλάϐηται·
806 4081 1137 4151 ἐπιμένοντα
1161 4082 1238 4146 δὲ,
1269 4082 1542 4155 καθαιρεῖ.
1583 4086 1754 4142 Τοῦτο

145 4178 270 4248 γὰρ
296 4178 407 4230 καὶ
431 4175 462 4228 ὁ
491 4173 696 4246 Κύριος
745 4174 805 4226 ἑν
831 4176 944 4237 τοῖς
988 4173 1342 4243 Εὑαγγελίοις
1365 4175 1645 4242 δθέσπισε,
1675 4177 1750 4248 μὴ

141 4269 378 4336 ἐξεῖναι
415 4285 526 4323 τινι
554 4266 632 4339 τῷ
670 4266 886 4338 παλαιῷ
927 4271 1249 4338 προσέχοντι
1301 4269 1472 4340 νόμῳ,
1505 4271 1596 4324 ὅτε
1630 4271 1752 4342 βού-

142 4362 311 4414 λοιτο
340 4360 450 4430 τὴν
493 4357 630 4412 ίδίαν
657 4357 942 4411 εκϐάλλειν
989 4359 1246 4425 γυναῖκα,
1292 4359 1466 4430 χωρὶς
1516 4361 1749 4434 ἀπειρη-

143 4453 346 4525 μένης
393 4451 595 4514 αἰτίας.
629 4449 815 4503 Ἕοικε
839 4449 950 4517 γάρ
977 4449 1069 4503 τὸν
1101 4449 1280 4520 γάμον
1317 4449 1642 4518 διαϐάλλειν,
1674 4453 1751 4516 ὼς

1861 610 1998 702 (48),
2023 613 2124 670 hoc
2149 624 2250 683 est,
2279 627 2490 689 septem
2532 621 2713 680 anuis.
2756 621 3047 682 Enimvero
3091 628 3140 685 si
3165 634 3440 702 sponsali-

1858 701 1960 759 bus
1985 703 2142 760 l‘actis
2171 705 2308 762 intra
2336 707 2633 777 decimum,
2663 714 2888 768 tertium
2916 731 3140 785 annum,
3168 701 3285 777 ausi
3313 725 3438 793 qui-

1859 793 1983 848 dam
2000 795 2559 869 fuerintdesponsalis
2578 803 2660 858 vel
2681 804 3141 874 benedictionem,
3155 827 3319 882 quam
3338 829 3404 868 vo
3418 845 3436 856 -

1860 897 2009 954 cant,
2045 889 2128 943 vel
2154 905 2414 946 coronam
2444 893 2707 963 impertiri
2740 910 2754 950 :
2782 911 2903 951 cum
2924 914 3210 956 sacrarum
3257 904 3434 975 legum

1860 985 2295 1050 transgressores
2347 982 2474 1039 iacti
2510 985 2641 1051 sint,
2670 988 2857 1042 statim
2893 999 3180 1048 contracta
3207 1009 3439 1065 sponsa-

1859 1067 1951 1130 lia.
1983 1086 2106 1126 cum
2153 1089 2214 1128 ea
2262 1077 2666 1144 conjunctione,
2723 1095 2844 1150 qua:
2895 1085 3130 1152 speciem
3169 1085 3439 1142 duntaxat

1859 1161 2102 1231 aliquam
2131 1165 2316 1231 habet,
2350 1169 2754 1239 dissolveutur;
2797 1183 2850 1228 et
2898 1175 2967 1230 ab
2990 1185 3221 1248 utraque
3284 1189 3439 1250 parte

1859 1256 2086 1312 collatas
2148 1257 2202 1312 in
2236 1260 2608 1329 sponsalibus,
2639 1277 2854 1334 poenas,
2907 1265 3172 1326 facinoris
3213 1271 3439 1328 admissi

1858 1358 2028 1400 causa
2086 1345 2360 1416 jacturam
2419 1349 2563 1406 hanc
2592 1353 2929 1410 sustinentes
2967 1357 3097 1412 ﬁsco
3151 1358 3436 1416 inferent:
3487 1407 3492 1412 .

1859 1451 1928 1491 ne
1951 1438 2235 1494 sacerdote
2251 1439 2495 1512 quidem,
2521 1443 2616 1512 qui
2652 1443 2747 1498 tali
2780 1460 2949 1501 ausus
2976 1449 3143 1504 fuerit
3175 1450 3440 1509 interesse

1859 1533 2026 1595 actui,
2057 1540 2210 1588 extra
2239 1533 2457 1604 culpam
2505 1538 2850 1606 constituto;
2891 1541 2985 1595 sed
3031 1542 3208 1609 legum
3249 1560 3440 1601 sacra-

1859 1634 1977 1673 rum
2014 1622 2292 1677 severitati
2350 1624 2712 1694 subjicienda.
2767 1627 2868 1694 Qui
2900 1631 3132 1699 puellam
3198 1633 3438 1690 adultam

1857 1709 1961 1764 sibi
1984 1710 2421 1783 desponditG‘J),
2443 1724 2774 1786 nectempus
2799 1717 2853 1772 in
2868 1722 3218 1789 sponsalibus
3237 1727 3442 1782 consti-

1857 1801 1961 1855 tuit
1987 1837 2001 1865 ,
2039 1801 2260 1870 nuptias
2289 1803 2538 1874 exsequi,
2573 1805 2620 1861 si
2651 1805 2841 1862 eadem
2868 1810 2921 1863 in
2950 1813 3233 1880 provincia
3267 1815 3436 1888 degit,

1856 1891 1998 1944 intra
2014 1889 2296 1946 biennium
2312 1891 2502 1949 debet:
2523 1895 2606 1950 sin
2625 1896 2823 1953 absens
2839 1909 2941 1966 est,
2962 1900 3102 1956 intra
3121 1903 3438 1964 triennimn.

1857 1980 2010 2046 Quod
2055 1982 2099 2036 si
2118 1980 2300 2037 facere
2336 1984 2706 2053 supersederit
2733 1987 2941 2058 absque
2976 1991 3242 2059 probabili
3275 2010 3440 2054 causa

1855 2073 2011 2128 alteri
2082 2075 2262 2144 puella
2291 2075 2551 2146 conjungi
2604 2087 2804 2148 potest.
2830 2080 3098 2140 Prasides
3119 2091 3193 2141 -in
3219 2103 3282 2144 ea
3314 2105 3442 2160 pro-

1855 2165 2034 2220 vincia
2060 2165 2192 2237 (50),
2222 2181 2388 2236 quam
2420 2167 2877 2238 administrarint,
2909 2178 3186 2245 sponsalia
3213 2194 3436 2238 contra—

1857 2256 1987 2312 here
2015 2272 2126 2311 non
2163 2257 2384 2314 debent.
2418 2259 2477 2313 Si
2527 2276 2656 2316 vero
2685 2263 2735 2316 id
2771 2265 3023 2329 fecerint.
3059 2269 3184 2327 licet
3214 2276 3432 2344 puellae,

1856 2363 1921 2404 ac
1960 2349 2280 2418 parentibus
2313 2350 2562 2420 ejus,aut
2598 2355 2888 2424 tutoribus,
2942 2369 3036 2416 aut
3069 2369 3436 2430 curatoribus,

1857 2438 2159 2495 detrectare
2215 2441 2647 2508 matrimonium,
2708 2455 2763 2501 et
2816 2450 3011 2506 arrhas
3054 2453 3253 2511 lucrari
3293 2474 3437 2514 :eo«

1858 2532 1976 2586 dem
2033 2533 2211 2587 locum
2242 2532 2501 2590 habituro
2535 2544 2588 2590 et
2660 2537 2714 2592 in
2746 2540 2898 2606 llliis,
2932 2553 2988 2598 et
3036 2549 3345 2618 nepotibus,
3383 2564 3441 2608 et

1857 2621 2204 2692 propinquis,
2232 2629 2288 2674 et
2319 2622 2655 2691 domesticis,
2681 2636 2735 2682 et
2755 2635 3152 2703 assessoribus,
3187 2645 3242 2694 et
3262 2643 3441 2697 omni-

1856 2713 1980 2780 bus,
2005 2714 2098 2784 qui
2125 2715 2384 2784 suntejns
2409 2717 2770 2786 apparitores,
2812 2729 2866 2777 et
2897 2727 3230 2800 participes:
3260 2735 3442 2805 siqui-

1857 2805 1980 2860 dem
2029 2819 2196 2875 opera
2247 2807 2496 2876 praesidis
2564 2813 2842 2880 sponsalia
2902 2829 3319 2880 contraxerunt.
3374 2827 3434 2884 Si

1859 2906 2042 2954 tamen
2069 2899 2117 2952 ei
2154 2900 2354 2969 puella,
2389 2909 2679 2972 postquam
2722 2907 3038 2976 magistratu
3069 2913 3286 2986 abierit,
3335 2936 3437 2976 uu-

1857 2993 1986 3048 bere
2014 2991 2149 3058 vult;
2179 2993 2586 3048 matrimonium
2621 3005 2798 3054 ratum
2829 3010 2932 3058 est.
2971 3003 3160 3076 itaque
3195 3013 3439 3086 notabis,

1854 3083 1999 3154 quod
2076 3093 2205 3139 tunc
2233 3093 2572 3141 contractum
2622 3087 2768 3146 hunc
2795 3091 2879 3147 lex
2939 3097 3246 3166 prohibeat,
3311 3083 3437 3162 cum

1856 3177 2037 3232 adlmc
2091 3191 2294 3246 praeses
2341 3176 2578 3233 oﬂicium
2604 3180 2977 3250 administrat,
3011 3195 3066 3243 et
3116 3195 3436 3260 parentibus

1859 3268 2049 3340 puella:
2079 3267 2441 3324 formidabilis
2480 3285 2602 3326 esse
2626 3282 2804 3342 petest
2834 3293 2849 3330 :
2890 3274 3010 3342 Quo
3032 3279 3110 3348 iit,
3141 3289 3198 3335 ut
3224 3286 3268 3339 si
3299 3301 3442 3356 prta-

1856 3375 1944 3415 ιιι-ε
1983 3358 2201 3430 quidem
2229 3368 2368 3426 erat,
2394 3361 2489 3416 sed
2543 3364 2681 3418 satis
2714 3365 2913 3420 virium
2945 3383 3053 3424 non
3111 3371 3346 3432 habebat
3370 3378 3440 3434 ad

1857 3453 2190 3508 territandos
2215 3451 2410 3522 puellae
2453 3463 2750 3526 parentes,
2821 3462 3102 3528 sponsalia
3150 3481 3258 3522 non
3320 3469 3441 3528 fue-

1854 3546 1966 3599 rint
1994 3545 2291 3614 prohibita.

1855 3637 1933 3691 Dc
1971 3637 2175 3692 clericis
2227 3651 2418 3694 uxores
2467 3651 2898 3763 suaswprwtcxtu
2926 3647 3432 3725 religionisejicien-

2570 3723 2608 3763 ιι
2646 3729 2729 3763 us.

2570 3723 2729 3768 tibus.

1923 3804 2111 3859 Canon
2156 3812 2474 3859 sanctorum
2530 3807 2902 3875 apostolorum
2965 3813 3188 3882 quintus
3219 3818 3438 3888 episco-

1855 3910 2008 3965 pum,
2052 3895 2136 3951 vel
2166 3895 2568 3967 presbyterum,
2601 3898 2683 3966 vel
2734 3897 3026 3957 diaconum
3078 3907 3173 3976 qui
3203 3925 3431 3968 uxorem

1854 4001 2008 4041 suam
2035 3994 2300 4058 praetextu
2330 3986 2608 4058 religionis
2628 3988 2798 4056 ejicit,
2825 3991 3094 4063 tantisper
3141 4012 3429 4073 segregat,
3472 3995 3478 4008 ’

1853 4080 2027 4135 donec
2047 4094 2165 4135 eam
2194 4079 2261 4134 ad
2285 4095 2342 4136 se
2361 4080 2662 4150 receperit:
2691 4093 3132 4152 perseverantem
3152 4105 3304 4160 vero,
3333 4100 3432 4152 de-

1855 4169 2034 4240 ponit.
2072 4169 2340 4224 Dominus
2357 4170 2522 4225 etiam
2545 4171 2600 4225 in
2619 4168 2931 4243 Evangeliis
2948 4179 3201 4246 saucivit,
3227 4197 3336 4239 non
3363 4186 3433 4240 li-

1853 4275 1982 4317 cere
2027 4261 2189 4316 alieui
2221 4261 2418 4332 priscae
2472 4261 2576 4332 legi
2608 4262 3029 4336 obtemperanti,
3093 4279 3152 4326 ut
3214 4287 3316 4343 pro
3366 4275 3435 4332 li-

1854 4354 1970 4410 bitu
1989 4367 2091 4410 suo
2121 4368 2346 4409 uxorem
2409 4367 2566 4409 suam
2593 4355 2802 4426 ejiciat,
2855 4356 3062 4429 absque
3080 4375 3247 4419 causa
3295 4363 3432 4438 legis

1853 4446 2149 4503 interdicto
2185 4445 2598 4517 comprehensa.
2628 4445 2838 4518 Quippe
2865 4450 3273 4509 matrimonium
3321 4436 3442 4514 eri!

139 4543 494 4613 ἀκάθαρτον
542 4539 603 4594 ὃν
625 4539 687 4594 τδ
729 4540 978 4611 νομίμως
1015 4539 1329 4610 μίγνυσθαι.
1361 4542 1554 4612 Τίμιον
1575 4543 1632 4596 δὲ
1661 4543 1752 4596 τὸν

1859 4538 2056 4593 minari
2085 4537 2320 4604 videtur,
2355 4537 2516 4608 quasi
2538 4537 2719 4593 coitus
2747 4537 3023 4609 lcgitlmus
3075 4542 3322 4612 quadam
3357 4549 3432 4604 sit

136 4635 352 4706 γάμον
390 4635 426 4704 ἡ
453 4633 644 4704 Γραῳὴ
685 4633 1024 4703 ἀπεφήνατο,
1053 4631 1152 4686 καὶ
1187 4633 1288 4704 τὴν
1329 4633 1518 4705 κοίτην
1545 4634 1748 4705 ἀμίαν-

130 4743 263 4782 τον.
298 4725 522 4782 Τούτου
549 4724 646 4780 καὶ
682 4726 712 4778 ό
755 4725 982 4787 δέκατος
1013 4724 1197 4795 τρίτος
1213 4724 1312 4794 τῆς
1343 4723 1508 4794 ἕκτης
1530 4724 1751 4799 συνόδου

124 4818 346 4876 κανὼν
389 4819 576 4882 αὐτοῖς
604 4819 812 4889 ῥήμασι
839 4819 1128 4889 μέμνηται,
1170 4817 1297 4871 ἄνευ
1343 4816 1445 4886 τῆς
1482 4817 1576 4870 τοῦ
1629 4819 1750 4872 ἐπι-

125 4913 382 4967 σκόπου
421 4908 765 4980 προσθήκης.
819 4907 966 4978 Αὕτη
1038 4907 1148 4978 γὰρ
1201 4909 1235 4980 ἠ
1285 4906 1502 4971 σύνοδος
1556 4907 1748 4980 πρώτη

121 5006 271 5067 ταῖς
309 5002 598 5070 γαμεταῖς
626 4999 1034 5054 άποτάττεσθαι
1087 5000 1214 5064 τοὺς
1244 5000 1578 5064 έπισκόπους
1631 5000 1750 5054 ἐθέ-

122 5112 396 5151 σπισεν.

115 5189 295 5260 Περὶ
372 5183 500 5239 τῶν
567 5187 677 5252 τὰς
731 5182 1264 5310 [adiungit-cauae
1327 5184 1752 5241 ἐκϐαλλόντων

885 5270 1094 5311 αῑκων.

212 5355 288 5412 '0
335 5351 413 5405 δὲ
460 5348 820 5413 ἀποστολικὸς
876 5352 988 5419 μη’,
1035 5347 1129 5401 τὸν
1189 5346 1522 5404 ἐκϐάλλοντα
1564 5348 1750 5405 λαῖκὸν

119 5445 516 5521 παραλόγως
556 5442 657 5514 τὴν
701 5439 897 5496 ἑαυτοῦ
947 5438 1185 5509 γυναῖκα
1241 5441 1334 5494 καὶ
1374 5441 1567 5514 ἑτέραν
1609 5446 1746 5514 λαμ.

109 5543 439 5605 ϐάνοντα,
492 5537 588 5591 καὶ
632 5534 724 5589 τὸν
767 5531 1197 5603 ὑποποιούμενον
1247 5531 1347 5604 τὴν
1388 5535 1518 5606 παρ’
1579 5534 1741 5589 ἄλλου

1855 4629 2165 4698 impnritas.
2195 4627 2555 4686 Honorabiles
2577 4638 2758 4686 autem
2788 4631 3009 4700 nuptias
3060 4647 3184 4690 esse
3237 4636 3428 4708 Scrip~

1854 4727 1976 4773 tura
1997 4720 2318 4789 pronuntiat
2335 4757 2352 4784 ,
2371 4727 2425 4774 et
2452 4719 2649 4774 lectum
2670 4720 3039 4790 impollutum.
3065 4722 3240 4795 Hujus
3257 4729 3426 4785 etiam

1855 4814 2102 4868 decimus
2134 4812 2324 4868 tertius
2347 4819 2514 4867 sextae
2564 4813 2759 4883 synodi
2809 4829 2986 4870 canon
3018 4816 3266 4886 ipsismet
3300 4835 3427 4878 ver-

1856 4905 1938 4962 bis
1969 4905 2240 4972 meminit,
2295 4903 2503 4973 absque
2529 4913 2709 4960 tamen
2736 4906 2888 4962 vocis
2944 4906 3190 4980 episc0pi
3247 4913 3433 4983 adjec-

1855 4997 2023 5052 tione.
2056 4995 2184 5052 Haec
2213 4998 2357 5051 enim
2390 4995 2634 5066 synodus
2658 4994 2834 5066 prima
2862 4996 2984 5063 fuit,
3009 5015 3133 5070 qua:
3165 5003 3424 5068 sancivit,

1851 5097 1911 5143 ut
1935 5090 2200 5145 uxoribus
2230 5091 2346 5145 suis
2365 5089 2608 5160 episcopi
2633 5090 3031 5147 renuntiarent.

2108 5183 2178 5238 De
2208 5182 2361 5236 laici:
2400 5197 2588 5236 uxores
2649 5196 2775 5236 suas
2798 5183 3146 5253 ejicientibus.

1919 5341 2106 5396 Canon
2142 5339 2530 5412 apostolorum.
2560 5355 2690 5395 xvut
2725 5339 2946 5408 laicum,
2983 5343 3076 5415 qui
3109 5351 3308 5415 preter
3336 5361 3427 5402 ra-

1853 5435 2057 5490 tionem
2088 5432 2239 5503 ejicit
2285 5446 2511 5486 uxorem
2535 5443 2789 5499 suam,et
2817 5432 2978 5487 aliam
3012 5434 3184 5505 ducit,
3204 5437 3298 5510 qui
3338 5436 3427 5499 vel

1855 5529 2120 5604 pertrahit
2143 5527 2211 5583 ad
2243 5542 2304 5583 se
2358 5523 2596 5580 divortio
2617 5534 2924 5595 separatam
2957 5525 3027 5583 ab
3048 5527 3179 5600 alio,
3205 5545 3316 5590 non
3339 5545 3429 5590 se-

1678 5668 1914 5726 ΝΟΤΑΕ.
1957 5729 1960 5732 .

182 5768 337 5842 (48)
668 5763 802 5842 Eod.

177 5835 331 5918 (49)
378 5837 535 5894 132.
569 5839 632 5892 C.
669 5836 742 5891 De
764 5835 999 5905 spomal.

458 5930 728 5991 PATBOL.
761 5929 879 5991 Gn.
925 5927 1158 5991 CXIX.

1936 5765 2046 5838 (50)
2079 5766 2114 5820 l.
2158 5763 2261 5820 Uu.
2291 5763 2354 5820 C.
2382 5763 2440 5819 Si
2466 5769 2593 5816 rect.
2629 5760 2865 5829 proriuc.

2966 5928 3042 5988 41
