3882 6570
377 352 514 422 1295

1652 365 1686 425 J
1694 365 1790 426 US
1827 365 2272 427 CANONICUM

3488 361 3633 429 1206

374 460 548 531 pedtri
564 459 861 525 ordinatio,
885 468 1000 516 tum
1021 463 1186 520 etiam
1212 471 1438 523 tonsura
1472 478 1703 538 poterat.
1741 470 1942 527 Verum

2081 473 2166 526 ἐον
2197 471 2293 526 καὶ
2326 473 2391 542 τῇ
2438 470 2746 542 ἀποκάρσει
2777 471 2878 542 τὴν
2906 471 3180 539 διάζευξιν
3209 471 3636 544 βεϐαιώσασθαι.

377 559 665 623 postquam
727 553 956 624 ipsamet
993 554 1047 610 in
1090 556 1490 615 ordinationem
1524 563 1823 628 consensit,
1856 580 1953 619 ne.

378 659 532 700 ccsse
552 654 634 700 est
662 661 758 716 per
786 654 1067 703 tonsuram
1104 650 1398 707 divortium
1430 651 1803 708 conﬁrmetur.
1841 653 1952 709 Hac

379 735 448 790 de
486 753 543 792 re
575 747 808 793 tractam
851 740 951 795 fuit
982 751 1224 812 tempore
1255 743 1466 813 imperii
1504 744 1696 799 lsaacii
1742 745 1955 815 Angeli,

380 827 560 882 tribus
593 830 925 900 patriarchis
974 832 1028 886 in
1061 834 1294 889 concilio
1348 837 1732 906 prazsentihus,
1788 837 1956 891 nimi-

381 936 500 973 rum
535 917 863 988 Uuiversali,
896 934 949 978 et
986 924 1330 980 Antiocltcno
1351 966 1366 992 ,
1398 937 1449 982 et
1481 928 1954 999 lerosolymitano,

382 1019 578 1080 prreter
616 1014 1067 1084 metropolitanos
1095 1015 1208 1072 l'ere
1239 1034 1303 1072 st.
1340 1036 1351 1070 :
1389 1017 1483 1088 qui
1517 1019 1739 1072 decreto
1772 1017 1956 1072 sanci-

382 1113 599 1166 verunt.
623 1107 758 1184 citra
793 1108 1190 1163 recusationem
1217 1109 1428 1163 tonderi
1453 1109 1652 1164 debere
1676 1109 1955 1163 mulierem

383 1197 625 1268 episcopi
658 1199 923 1266 ordinati,
955 1201 1312 1271 synodalibus
1364 1201 1418 1255 id
1461 1201 1660 1257 litteris
1718 1201 1958 1271 comple-

383 1297 594 1346 ctentes
622 1299 675 1344 et
701 1293 1113 1347 contirmantes.
1144 1291 1284 1347 Hinc
1318 1293 1602 1362 probatur,
1633 1307 1734 1348 nec
1771 1307 1958 1347 sacer-

384 1381 572 1436 dotum
599 1383 861 1439 uxoribus
892 1383 974 1440 fas
1006 1399 1151 1452 esse,
1201 1385 1478 1442 secundas
1522 1394 1581 1440 ut
1631 1386 1960 1440 contrahant

384 1473 627 1544 nuptias.

388 1588 583 1644 Debere
625 1590 925 1647 sacerdotes
957 1591 1020 1644 ab
1053 1591 1308 1645 uxoribus
1349 1592 1458 1645 suis
1511 1591 1805 1658 abstinere,
1839 1605 1960 1645 cum
1990 1634 1994 1638 .

837 1677 994 1716 sacra
1048 1663 1335 1716 tractaturi
1364 1671 1508 1716 sunt.

457 1859 648 1915 Canon
699 1861 894 1932 synodi
962 1859 1438 1931 Carthaginiensis
1493 1863 1707 1930 tertius,
1765 1862 1962 1918 debere

389 1951 523 2006 dicit
572 1966 688 2014 eos,
720 1953 813 2022 qui
845 1967 1045 2006 munus
1105 1953 1446 2008 sacerdotale
1492 1955 1672 2008 sortiti
1727 1955 1856 2019 sint,
1910 1963 1964 2010 et

388 2061 620 2115 semper,
664 2054 716 2101 et
777 2045 830 2100 in
889 2045 1144 2100 outnibus
1175 2045 1590 2111 continentiam,
1632 2046 1962 2113 castitatem,

389 2150 604 2190 omnem
643 2135 806 2190 aliam
831 2134 1067 2206 denique
1108 2137 1360 2190 virtutem
1387 2136 1605 2202 colere;
1649 2144 1709 2190 ut
1753 2137 1871 2206 puri
1897 2135 1963 2190 ad

391 2241 586 2294 purum
614 2226 957 2291 accedentes,
975 2237 1223 2279 v0torum
1249 2240 1472 2280 suorum
1497 2235 1778 2295 compotes
1811 2224 1962 2290 ﬁant,

392 2319 493 2387 ipsi
529 2317 857 2374 mediatores
891 2319 1031 2373 inter
1067 2317 1234 2373 Deum
1268 2327 1320 2373 et
1351 2317 1604 2372 homines
1642 2319 1720 2372 sic
1754 2318 1965 2373 consti-

391 2411 516 2476 tuti,
550 2419 610 2466 ttt
660 2411 788 2466 dum
849 2410 1314 2466 internuntiorum
1358 2425 1485 2480 erga
1541 2410 1706 2464 Deum
1741 2423 1967 2464 munere

395 2505 717 2574 funguntur,
775 2503 1102 2558 mortalibus
1162 2518 1284 2557 eum
1342 2502 1626 2572 (quantum
1676 2501 1794 2571 ejus
1851 2499 1966 2555 ﬁeri

393 2601 590 2666 potest)
628 2595 927 2666 propitium
957 2595 1210 2660 reddant,
1240 2603 1294 2649 et
1331 2593 1535 2647 mundo
1570 2607 1758 2663 pacem
1796 2606 1966 2661 expo-

392 2697 569 2746 SCant.
609 2691 662 2743 lu
693 2689 884 2759 primis
927 2703 1058 2744 vero
1090 2688 1356 2742 invitante
1389 2687 1542 2756 ipsos
1575 2687 1789 2741 ratione
1833 2695 1971 2739 tern-

392 2784 543 2856 poris
573 2783 637 2838 ad
669 2796 954 2838 sacrorum
1001 2781 1382 2836 tractationem
1447 2788 1501 2835 et
1562 2779 1968 2849 perceptionem

393 2875 804 2947 mysteriorum,
838 2889 963 2929 cum
997 2888 1190 2943 reapse
1220 2871 1533 2927 castitatem
1566 2881 1825 2941 praestare
1874 2870 1969 2925 de-

395 2969 582 3031 beant,
626 2968 788 3022 etiam
821 2966 890 3021 ab
925 2981 1158 3020 uxorum
1190 2977 1415 3020 suarum
1451 2961 1849 3017 consuetudine
1883 2975 1973 3015 se-

395 3070 504 3117 met
535 3059 872 3115 abstineant.
903 3056 1125 3112 Tcrtius
1160 3065 1342 3111 autem
1373 3069 1551 3110 canon
1588 3053 1766 3108 sancti
1819 3066 1971 3105 mar-

396 3155 530 3224 tyris
586 3150 828 3222 Dionysii
891 3149 1135 3218 episcOpi
1206 3145 1585 3210 Alexandrini,
1653 3143 1968 3199 sacerdotes

396 3245 619 3302 sibimet
639 3243 774 3315 ipsis
802 3242 1028 3298 idoneos
1045 3241 1137 3296 dat
1162 3239 1396 3311 judices,
1429 3254 1552 3293 cum
1578 3238 1643 3292 ad
1675 3233 1969 3292 reverenda

395 3345 527 3393 sunt
569 3335 847 3392 accessuri
885 3332 1148 3405 mysteria
1177 3369 1192 3396 ,
1232 3331 1348 3386 suis
1377 3337 1435 3384 ut
1478 3329 1547 3384 ab
1573 3327 1839 3383 uxoribus
1874 3325 1977 3380 ab-

398 3431 678 3492 stineant,
744 3443 810 3482 ex
871 3423 1149 3480 communi
1197 3431 1379 3478 tamen
1433 3435 1729 3484 consensu,
1785 3433 1982 3473 secun-

397 3523 528 3575 dum
592 3521 822 3576 verbum
879 3519 981 3574 hoc
1046 3518 1194 3572 illius
1247 3514 1428 3584 magni
1491 3511 1644 3566 Pauli
1700 3507 1981 3565 :Maritus

401 3613 684 3682 proprium
730 3625 938 3682 corpus
966 3623 1078 3664 non
1111 3609 1276 3663 habet
1315 3606 1370 3660 in
1426 3611 1696 3676 potestate
1745 3608 1800 3656 et
1861 3612 1983 3670 quat

394 3714 720 3778 sequuntur.

400 3803 478 3857 De
501 3799 808 3856 [tabentibus
832 3800 884 3853 in
911 3797 1254 3852 contubernio
1281 3794 1530 3850 mulieres
1557 3801 1836 3848 extraneas
1867 3791 1978 3860 epi-

891 3869 1085 3939 scopis,
1113 3877 1204 3922 aut
1248 3866 1479 3921 clericis.

472 3989 658 4043 Canou
693 3984 852 4057 primi
877 3983 1099 4040 concilii
1131 3981 1344 4044 tertius,
1404 3979 1746 4050 episcopum,
1776 3978 1858 4033 vel
1891 3977 1984 4032 ali-

401 4095 565 4152 quem
598 4095 664 4134 ex
696 4078 866 4142 clero,
923 4090 1035 4130 non
1089 4072 1292 4128 debere
1330 4080 1486 4142 putat
1516 4071 1569 4126 itt
1618 4069 1983 4125 contubernio

405 4171 686 4227 mulierem
733 4180 1049 4226 extraneam
1091 4167 1313 4222 habere.
1368 4163 1481 4220 Nisi
1541 4162 1682 4218 forte
1727 4172 1980 4227 matrem,

405 4263 487 4319 vel
519 4276 790 4326 sororem,
827 4263 910 4316 vel
939 4258 1186 4321 amitam,
1220 4256 1301 4311 vel
1351 4270 1446 4311 eas
1491 4254 1755 4309 duntaxat
1790 4267 1983 4325 perso-

404 4371 526 4420 nas,
571 4370 694 4425 qua
739 4353 809 4407 ab
838 4351 986 4406 omni
1028 4347 1348 4419 suspicione
1399 4347 1590 4404 liberae
1621 4353 1770 4402 sunt.
1815 4345 1985 4400 Vocat

405 4456 591 4502 autem
622 4454 880 4502 externas
936 4442 1020 4498 vel
1051 4440 1480 4499 introductitias,
1514 4452 1634 4508 quae
1664 4436 1981 4491 cohabitare

2072 563 2366 634 Ἐζήτηται
2393 563 2449 616 δὲ
2481 563 2553 618 τά
2584 564 2716 635 περὶ
2743 565 2932 618 τούτου
2972 564 3070 618 καὶ
3102 564 3198 618 ἐπὶ
3222 569 3321 636 τῆς
3354 566 3638 636 βασιλείας

2069 654 2342 708 ἰσαακίου
2393 653 2488 708 τοῦ
2549 655 2848 723 Ἀγγελου,
2896 654 3006 708 τῶν
3059 657 3227 727 τριῶν
3279 659 3639 729 πατριαρχῶν

2059 745 2536 816 συνεδριαζόντων,
2557 746 2651 799 τοῦ
2679 745 3100 815 Οἰκουμενικοῦ,
3139 745 3236 799 τοῦ
3277 748 3637 818 ’Δντιοχείας,

2056 837 2271 891 καὶτοῦ
2313 837 2726 910 Ἱεροσολύμων,
2761 838 2857 890 καὶ
2895 838 3310 907 μητροπολιτῶν
3335 840 3472 892 ὡσεὶ
3513 857 3639 892 τεσ-

2059 931 2392 1000 σαράκοντα,
2424 930 2473 984 οῖ
2512 930 2606 982 καὶ
2652 930 3013 1000 ἐψηφίσαντο,
3055 930 3454 1001 ἀπαραιτήτως
3491 930 3641 999 ὀφεί-

2055 1021 2170 1076 λειν
2191 1023 2589 1093 ἀποκείρασθαι
2610 1023 2710 1095 τὴν
2726 1023 2820 1077 τοῦ
2846 1025 3320 1095 χειροτονηθέντας
3338 1025 3639 1078 ἐπισκόπου

2058 1116 2320 1182 γυναῖκα,
2365 1115 2670 1178 συνοδικοῖς
2715 1115 3012 1186 γράμμασι
3057 1115 3218 1169 τοῦτο
3251 1117 3642 1187 σημειωσάμε·

2059 1223 2139 1258 νοι
2173 1205 2542 1274 κυρώσαντες.
2585 1207 2866 1262 Ἐντεῦθεν
2897 1208 3198 1272 δείκνυται,
3240 1209 3376 1278 μηδὲ
3401 1209 3503 1272 τάς
3533 1209 3639 1262 τῶν

2061 1298 2252 1368 ἰερέων
2278 1302 2541 1368 γυναῖκας
2565 1299 2787 1370 θεμιτὸν
2815 1296 2956 1354 εἶναι
2980 1300 3431 1372 δευτερογαμεῖν.

2065 1615 2190 1670 Ὀτι
2237 1613 2356 1669 τῶν
2405 1617 2567 1670 ἰδίων
2609 1614 2911 1686 γυναικῶν
2953 1615 3044 1668 δεῖ
3088 1615 3233 1681 τοὺς
3289 1615 3646 1685 ίερωμένοιτ

2129 1687 2586 1755 ἐγκρατεύεσθαι
2613 1723 2627 1749 ,
2675 1687 2774 1740 ὅτε
2818 1687 2890 1740 τὰ
2935 1686 3074 1755 ἅγια
3129 1686 3644 1755 μεταχειρίζεσθαι

2127 1757 2489 1826 μέλλουσιν.

2145 1867 2205 1922 Ὀ
2238 1865 2286 1937 γ’
2332 1868 2433 1937 τῆς
2473 1867 2532 1920 ὲν
2578 1866 2909 1939 Καρθαγένῃ
2970 1867 3193 1922 συνόδου
3253 1865 3474 1930 κανὼν,
3522 1865 3648 1928 τοὺς

2067 1959 2315 2030 ἱερᾶσθαι
2376 1958 2640 2029 λαχόντας
2701 1959 2869 2028 φησὶν
2918 1957 3008 2012 ἀεὶ
3067 1959 3169 2027 μὲν
3227 1961 3322 2011 καὶ
3371 1959 3432 2011 ἐν
3481 1959 3651 2011 πᾶσιν

2064 2053 2394 2122 ἐγκράτειαν
2417 2053 2510 2105 καὶ
2534 2052 2890 2121 σωφροσύνην
2914 2051 3009 2104 καὶ
3036 2053 3218 2104 πᾶσαν
3251 2050 3424 2120 ἄλλην
3444 2048 3646 2120 ἀρετὴν

2069 2146 2316 2217 μετιέναι
2344 2145 2444 2209 δεῖ,
2476 2145 2624 2206 ὅπως
2665 2142 2895 2214 καθαροὶ
2926 2142 3004 2212 τῷ
3044 2140 3268 2210 καθαρῷ
3309 2141 3648 2205 προσιόντες,

2064 2239 2174 2293 τῶν
2211 2238 2532 2307 αἰτημάτων
2581 2236 3018 2305 ἐπιτυγχάνοιεν,
3079 2233 3296 2304 μεσίται
3327 2230 3468 2284 θεοῦ
3510 2247 3648 2302 χρη-

2071 2329 2387 2401 ματίζοντες
2420 2330 2514 2382 καὶ
2547 2327 2873 2398 ἀνθρώπων.
2913 2327 3076 2379 Ὥστε
3127 2323 3652 2393 διαπρεσϐευόμενοι

2070 2423 2205 2492 πρὸς
2238 2421 2332 2475 τὸν
2366 2421 2521 2483 Θεὸν,
2549 2420 2760 2482 τούτοις
2793 2420 3002 2470 ἐκεῖνον
3025 2415 3099 2478 ὡς
3127 2415 3349 2483 ἐφικτὸν
3372 2411 3653 2479 ἐξιλάσκε-

2071 2513 2216 2576 σθαι,
2252 2514 2346 2565 καὶ¹
2383 2515 2611 2583 εἰρήνην
2642 2511 2720 2580 τῷ
2749 2511 2944 2580 κόσμῳ
2970 2507 3265 2562 αἰτεῖσθαι.
3300 2505 3417 2573 Ούχ
3447 2506 3652 2572 ἥκιστα

2067 2606 2124 2659 δὲ
2158 2606 2251 2658 τοῦ
2285 2603 2479 2674 καιροῦ
2504 2603 2795 2665 καλοῦντος
2827 2601 3027 2661 αὐτοὺς
3057 2600 3195 2669 πρὸς
3222 2597 3324 2667 τὴν
3353 2596 3466 2648 τῶν
3494 2593 3650 2646 θείων

2072 2695 2460 2768 μεταχείρησίν
2489 2712 2548 2748 τε
2571 2696 2664 2746 καὶ
2692 2691 2995 2763 μετάληψιν
3029 2689 3370 2759 μυστηρίων,
3411 2687 3560 2756 ἔργῳ
3586 2687 3653 2737 τά

2068 2787 2167 2856 τῆς
2205 2786 2558 2856 σωφροσύνης
2582 2784 2920 2854 ὀφείλοντας,
2950 2782 3088 2836 ἀλλά
3113 2780 3212 2834 καὶ
3235 2779 3338 2848 τῆς
3365 2777 3476 2831 τῶν
3507 2777 3652 2828 ἰδίων

2069 2880 2348 2948 γυναικῶν
2376 2877 2594 2946 ὁμιλίας
2641 2874 2947 2946 ἀπέχεσθαι
2980 2874 3108 2944 χρή.
3152 2871 3215 2924 ⁸0
3240 2870 3298 2923 δὲ
3340 2868 3528 2940 τρίτος
3559 2866 3652 2919 τοῦ

2073 2969 2469 3043 ἰερομάρτυρος
2516 2969 2794 3022 Διονυσίου
2859 2963 3293 3035 ’Δλεξανδρείας,
3346 2958 3652 3031 ἀρκοῦντας

2071 3060 2324 3132 ἔφίστησί
2365 3077 2548 3129 σφισιν
2581 3061 2764 3122 αὐτοῖς
2797 3057 2924 3117 τοὺς
2977 3055 3310 3125 ίερωμένους
3347 3049 3650 3118 διαιτητὰς,

2070 3153 2235 3220 ἡνίκα
2271 3153 2657 3221 τοῖςφρικτοίς
2687 3149 2974 3220 προσιέναι
3008 3146 3262 3216 μέλλουσι
3307 3141 3652 3213 μυστηρίοις.

2077 3244 2378 3316 ἀπέχεσθαι
2412 3244 2512 3313 μὲν
2541 3242 2652 3296 τῶν
2687 3242 2833 3296 ἰδίων
2868 3237 3165 3308 γυναικῶν,
3197 3236 3334 3289 ἀλλά
3377 3236 3442 3288 ὲκ
3467 3232 3653 3298 κοινῆς

2082 3335 2426 3405 συμφωνίας,
2459 3333 2600 3388 κατά
2631 3333 2732 3403 την
2760 3330 2854 3385 τοῦ
2901 3330 3139 3400 μεγάλου
3177 3326 3395 3381 Παύλου
3446 3322 3654 3394 φωνὴί.

2079 3428 2162 3480 ὅτι
2188 3429 2217 3479 ό
2245 3428 2384 3498 ἀνὴρ
2410 3425 2504 3480 τοῦ
2540 3425 2670 3478 ἰδίου
2701 3423 2950 3494 σώματος
2981 3420 3082 3475 οὐκ
3120 3415 3557 3486 ὲξουσιάζει,κα“ι
3587 3413 3656 3464 τὰ

2079 3520 2226 3592 ἑξῆς.

2083 3796 2220 3867 Περί
2239 3793 2356 3849 τῶν
2367 3791 2658 3862 γυναῖκας
2677 3784 3116 3867 συζειαὰκτους
3131 3778 3398 3848 ἐχόντων·
3415 3773 3662 3828 ἐπισκό-

2595 3876 2724 3913 πων
2753 3859 2790 3925 ἦ
2820 3859 3144 3923 κληρικῶν.

2169 3981 2228 4034 '0
2258 3978 2435 4051 τρίτος
2463 3977 2562 4046 τῆς
2591 3971 2813 4046 πρώτης
2848 3971 3070 4025 συνόδου
3099 3968 3315 4033 κανὼν,
3359 3965 3662 4018 ἐπίσκοπον

2082 4075 2118 4144 ἦ
2147 4090 2268 4126 τινα
2290 4071 2399 4124 τῶν
2439 4069 2536 4123 τοῦ
2582 4067 2786 4138 κλήρου
2828 4065 3182 4118 συνείσακτον
3213 4060 3358 4129 ἔχειν
3399 4057 3661 4124 γυναῖκα,

2084 4142 2184 4217 οὐκ
2230 4161 2402 4216 οίεται
2433 4159 2571 4213 δεῖν’
2622 4158 2669 4210 εἰ
2702 4154 2778 4226 μὴ
2823 4155 2931 4226 ἄρα
2976 4152 3221 4224 μητέρα,
3253 4149 3284 4218 ἢ
3317 4146 3586 4215 ἀδελφῂν,
3626 4142 3662 4214 ἢ

2086 4253 2258 4315 θείαν,
2289 4252 2322 4321 ἢ
2353 4251 2390 4306 ἃ
2422 4252 2558 4320 μόνα
2586 4248 2854 4320 πρόσωπα
2910 4246 3093 4298 πᾶσαν
3125 4242 3495 4311 διαπέφευγεν
3527 4239 3667 4289 iit-too

2085 4339 2234 4416 ψίαν.
2264 4343 2659 4405 Συνεισάκτους
2690 4340 2747 4394 δέ
2781 4355 2938 4410 φησι,
2983 4335 3081 4400 τὰς
3101 4335 3361 4404 ὲλομένας
3391 4332 3667 4384 συνοικεῖν

2088 4435 2325 4509 ἱερεῦσιν
2359 4434 2602 4502 ἀζύγοις,
2649 4429 2748 4494 τάς
2791 4428 2930 4499 πρὸς
2972 4427 3070 4490 τὰς
3104 4423 3412 4493 ἀναγκαίας
3471 4422 3665 4490 χρείας

407 4556 531 4596 cum
566 4540 884 4611 expertibus
913 4535 1156 4606 coujugii
1194 4532 1578 4588 sacerdotibus
1605 4529 1972 4600 eligunt,dum

2089 4528 2269 4588 αὐτοῖς
2321 4521 2766 4592 διακονουμένας.
2832 4518 2897 4573 '0
2939 4518 2998 4571 δὲ
3044 4516 3144 4584 τῆς
3194 4517 3252 4566 ὲν
3304 4513 3553 4580 Ἀγκύρῃ⁵
3601 4510 3667 4611 ιϐ’

408 4640 464 4692 in
491 4634 602 4690 illis
643 4647 867 4704 operam
900 4645 1058 4686 suam
1085 4629 1168 4684 eis
1182 4626 1464 4694 exhibent,
1495 4639 1618 4695 qua:
1639 4621 1983 4678 necessarios

410 4730 476 4785 ad
497 4743 630 4784 usus
653 4735 922 4796 spectant.
949 4723 1138 4779 Canon
1161 4735 1292 4776 vero
1320 4735 1416 4774 xu
1444 4718 1746 4788 Ancyrana:
1763 4712 1982 4784 synodi,

411 4821 677 4877 mulieres
705 4819 946 4889 virgines
978 4815 1046 4870 ad
1082 4813 1350 4886 quosdam
1385 4810 1668 4872 accedere,
1721 4817 1982 4874 tanquam

411 4914 635 4976 fratres,
666 4919 833 4966 vetat.
867 4908 1178 4965 Secundum
1211 4906 1332 4969 hos,
1364 4916 1562 4973 magna
1604 4899 1794 4954 isthatc
1854 4897 1982 4952 tuba

414 5007 682 5066 veritatis,
719 4985 949 5071 ma'ﬁnus
981 5003 1072 5056 ille
1095 4999 1351 5059 Basilius,
1388 4993 1455 5048 ad
1489 4993 1808 5062 Gregorium
1835 5005 1987 5059 pres—

338 5167 349 5176 _
412 5099 658 5170 byterum
689 5095 917 5166 epistola
971 5092 1162 5154 missa,
1213 5087 1405 5157 majori
1435 5101 1558 5140 cum
1590 5081 1985 5152 iucrepationis

414 5189 760 5245 vehementia
796 5185 969 5256 tangit
1003 5199 1152 5246 eum,
1197 5180 1290 5250 qui
1342 5178 1466 5234 huic
1507 5192 1567 5234 se.
1624 5175 1757 5230 vitio
1812 5175 1982 5229 dedit.

416 5278 602 5350 Neque
632 5279 792 5350 primi
827 5291 952 5341 nos,
975 5274 1171 5344 inquit,
1204 5285 1381 5340 neque
1413 5269 1511 5325 soli
1531 5269 1847 5332 statuimus,
1877 5281 1984 5321 non

417 5373 619 5429 debere
669 5371 927 5426 mulieres
976 5367 1220 5422 virorum
1279 5377 1402 5418 esse
1447 5359 1856 5416 contubernio:
1893 5357 1987 5414 sed

419 5464 824 5536 promulgatum
849 5458 1104 5515 asanctis
1134 5455 1392 5510 Patribus
1420 5454 1629 5509 nostris
1662 5453 1716 5507 in
1749 5451 1987 5507 concilio

416 5554 639 5611 Nicarno
673 5555 940 5608 candhem
972 5548 1160 5617 legito,
1211 5545 1304 5615 qui
1357 5542 1647 5599 manifesto
1679 5541 1986 5614 prohibuit,

420 5661 494 5703 ne
519 5647 628 5700 sint
660 5643 920 5698 mulieres
974 5636 1366 5694 introductitite
1420 5635 1503 5691 vel
1564 5642 1874 5690 extraneae.
1923 5631 1990 5688 Et

420 5735 716 5794 cmlibatus
741 5731 1064 5803 dignitatem
1098 5743 1162 5783 ac
1193 5728 1594 5785 venerationem
1627 5727 1684 5782 in
1720 5727 1824 5782 hoc
1853 5741 1989 5781 cou-

425 5831 639 5896 sistere,
675 5827 754 5883 uti
785 5827 910 5899 quis
933 5839 963 5882 a
985 5826 1267 5882 consortio
1293 5821 1547 5882 muliebri
1581 5828 1869 5892 separatus
1896 5821 1986 5877 sit.

2085 4617 2388 4689 παρθένους
2437 4617 2705 4682 γυναῖκας
2763 4609 2965 4665 κωλύει
3013 4604 3367 4677 συνέρχεσθαί
3413 4619 3559 4655 τισιν
3590 4599 3672 4663 ὡς

2083 4708 2353 4777 ἀδελφοῖς.
2395 4707 2520 4761 Ἐπὶ
2547 4705 2782 4769 τούτοις,
2811 4705 2846 4774 ἡ
2875 4701 3086 4772 μεγάλη
3110 4699 3212 4769 τῆς
3245 4695 3507 4765 ἀληθείας
3536 4695 3672 4747 σάλο

2086 4799 2218 4870 πιγξ
2247 4802 2275 4853 ό
2309 4800 2480 4870 μέγας
2516 4799 2819 4862 Βασίλειος,
2867 4791 3159 4862 ἐπιστολὴν
3189 4788 3326 4861 πρός
3359 4805 3486 4841 τινα
3514 4787 3668 4856 Γρη-

2085 4895 2268 4962 γόριον
2337 4890 2708 4961 πρεσϐύτερον
2789 4887 3051 4957 πέμψας,
3122 4880 3670 4951 ἐπιπληκτικὼτερον

2085 4985 2278 5038 τούτου
2313 4982 2669 5044 καθάπτεται,
2688 4979 2764 5050 τῷ
2791 4979 3017 5048 τοιούτῳ
3046 4975 3440 5048 προανέχοντος
3478 4972 3668 5025 πάθει.

2088 5075 2226 5132 υΰτε
2258 5076 2467 5146 πρῶτοι
2495 5075 2625 5145 γάρ,
2663 5072 2847 5143 φησὶν,
2883 5071 3008 5124 οὔτε
3046 5071 3197 5139 μόνοι
3226 5064 3674 5135 νενομοθετήκαο

2092 5185 2212 5240 μεν,
2240 5171 2506 5236 γυναῖκας
2535 5166 2762 5236 ἀνδράσι
2804 5164 2879 5234 μὴ
2911 5163 3198 5225 συνοικεῖν,
3229 5159 3345 5212 ἀλλ’
3385 5159 3675 5225 ἀνάγνωθι

2087 5262 2180 5315 τὸν
2217 5260 2568 5330 ἐξενεχθέντα
2615 5259 2815 5312 κανόνα
2845 5255 2996 5325 παρά
3046 5253 3154 5306 τῶν
3185 5252 3356 5319 ἀγίων
3397 5251 3678 5319 Πατέρων

2090 5355 2268 5428 ἡμῶν,
2287 5356 2344 5407 ἐν
2357 5356 2420 5423 τῇ
2444 5351 2645 5421 συνόδῳ
2669 5348 2921 5411 Νικαίας,
2939 5347 3001 5411 ὃς
3022 5343 3272 5416 φανερῶς
3291 5343 3677 5413 ἀπηγόρευσε,

2092 5446 2480 5506 συνεισάκτους
2510 5443 2584 5512 μὴ
2617 5437 2780 5496 εἶναι.
2841 5437 3106 5507 ’Δγαμίαν
3143 5435 3197 5488 δὲ
3227 5435 3284 5487 ὲν
3313 5432 3496 5502 τούτῳ
3528 5431 3678 5500 ἔχειν

2091 5539 2182 5594 τὸν
2213 5537 2431 5606 σεμνὸν,
2472 5536 2530 5588 ὲν
2558 5533 2634 5604 τῷ
2674 5530 3005 5602 κεχωρίσθαι
3037 5528 3137 5597 τῆς
3174 5525 3312 5598 μετά
3337 5524 3452 5577 τῶν
3479 5540 3683 5591 γυναι-

2090 5632 2203 5685 κῶν
2235 5629 2532 5700 διαγωγῆς.
2593 5627 2683 5690 Ὡς
2725 5626 2820 5679 ἐὰν
2868 5620 3336 5690 ἐπαγγελλόμενός
3366 5633 3454 5680 τις
3500 5615 3681 5684 αὐτὴν

2089 5720 2168 5791 τῷ
2199 5723 2444 5792 ὀνόματι,
2470 5719 2616 5791 ἔργῳ
2634 5717 2703 5770 τὰ
2725 5714 2832 5770 τῶν
2851 5714 3067 5785 γυναιξὶ
3085 5709 3486 5766 συνοικούντων
3518 5709 3677 5776 ποιῇ,

2092 5813 2250 5887 δῆλός
2305 5815 2442 5882 ἐστι,
2507 5811 2570 5869 τὸ
2622 5809 2722 5880 μὲν
2761 5807 2863 5876 τῆς
2907 5806 3206 5874 παρθενίας
3265 5800 3466 5871 σεμνδν
3506 5800 3570 5852 ἐν
3614 5800 3678 5866 τῇ
