3990 6572
267 439 406 504 129⁸1

1535 446 2237 512 GRAECO-ROMANUM.

2511 412 2634 476 ,ἦν

3391 445 3531 512 Ῑὲθϐ

263 555 625 629 προσηγορία
677 554 912 622 διώκων,
954 555 1055 610 τοῦ
1081 524 1288 612 δὲκαθ’
1330 558 1524 629 ἡδονὴν
1570 562 1852 629 ἀπρεποῦς

1960 567 2170 635 Quippe
2189 565 2235 620 si
2269 563 2392 635 quis
2421 579 2546 620 eum
2575 564 2743 620 verbo
2769 574 2924 621 tenus
2956 563 3306 636 promittens,
3339 579 3530 635 reapse

267 646 342 719 μὴ
373 646 765 716 ἀφιστάμενος.
797 645 934 700 Οὔτε
964 647 1073 718 γὰρ
1101 648 1191 702 τὸν
1236 649 1604 722 ἑϐδομήκοντα
1634 653 1728 723 ἔτη
1763 672 1855 723 γε-

261 739 464 807 γονότα
503 738 765 822 πείθομαι
805 740 1071 810 ἐμπαθῶς
1114 745 1338 808 γυναικὶ
1391 749 1694 812 συνοικεῖν,
1728 746 1851 801 οὗτε

263 831 340 894 ὡς
372 831 469 884 ἐπὶ
495 833 765 905 γενομένῃ
786 834 894 886 τινὶ
919 834 1107 906 ἀτόπῳ
1136 835 1334 905 πράξει
1365 837 1667 909 ὼρίσαμεν,
1695 839 1730 893 ὃ.
1762 841 1856 893 ml.

263 926 578 997 ὡρίσαμεν·
605 927 720 980 ἀλλ’
748 929 870 981 ἐπεὶ
904 929 1259 1002 ἐδιδάχθημεν
1289 933 1441 1004 παρά
1473 935 1566 987 τοῦ
1598 934 1856 990 ’Δποστό-

267 1019 386 1083 λου,
427 1021 505 1091 μὴ
533 1021 739 1074 τιθέναι
791 1021 1129 1092 πρόσκομμα
1160 1024 1236 1094 τῷ
1269 1025 1484 1096 ἀδελφῷ
1510 1028 1590 1090 εἰς
1623 1026 1853 1080 σκάνδα-

266 1111 378 1165 λον.
412 1112 652 1182 Οἴδαμεν
680 1112 736 1164 δὲ
766 1151 781 1175 ,
813 1112 894 1166 ὅτι
937 1114 1087 1184 παρά
1131 1133 1295 1168 τινων
1342 1117 1512 1184 ὑγιῶς
1567 1118 1854 1188 γινόμενον

263 1202 449 1266 ἀλὶοις
477 1203 700 1277 ἀφορμὴ
720 1207 855 1279 πρὸς
885 1207 1159 1277 ἁμαρτίαν
1184 1208 1438 1278 ὑπάρξει.
1463 1209 1668 1263 Τούτου
1694 1209 1854 1262 ’ἑνεκα

261 1295 729 1367 προσετάξαμεν,
797 1299 1058 1368 ἑπόμενοι
1109 1301 1174 1366 τῆ
1227 1299 1473 1370 διαγωγῇ
1524 1300 1637 1353 τῶν
1682 1302 1853 1368 ἁγίων

264 1385 572 1454 Πατέρων,
641 1389 980 1458 χωρισθῆναί
1033 1406 1094 1442 σε
1141 1390 1236 1442 τοῦ
1299 1393 1546 1458 γυναίου.
1615 1393 1853 1446 Ἔκϐαλε

219 1518 223 1522 ν
259 1478 446 1532 τοίνυν
474 1479 645 1550 αὐτὴν
690 1481 798 1535 ἀπὸ
827 1481 921 1534 τοῦ
952 1481 1104 1536 οίγιου
1135 1499 1250 1536 σου.
1284 1483 1640 1549 Καταστησον
1685 1485 1854 1554 αὐτὴν

260 1571 320 1621 ὲν
355 1573 731 1642 μοναετήρίφ.
787 1574 970 1627 Ἔστω
998 1574 1184 1645 ἐκείνη
1231 1573 1372 1645 μετά
1410 1575 1718 1646 παρθένων,
1752 1579 1847 1629 καὶ¹

261 1659 328 1712 σὺ
357 1660 640 1730 ὑπηρετοῦ
681 1663 788 1716 ὑπὸ
814 1664 1045 1735 ἀνδρῶν,
1081 1663 1168 1716 ἵνα
1197 1665 1270 1736 μὴ
1295 1665 1354 1718 τὸ
1389 1666 1559 1736 ὄνομα
1587 1667 1678 1720 τοῦ
1715 1667 1850 1720 Θεοῦ

258 1753 326 1804 δι’
374 1755 528 1824 ἡμᾶς
563 1754 972 1826 βλασφημῆται.
1018 1757 1158 1820 Ἕως
1188 1757 1235 1810 δ’
1265 1757 1331 1810 ἂν
1382 1757 1554 1811 ταῦτα
1590 1761 1770 1828 ποιῇς,
1797 1759 1852 1813 αἱ

263 1847 558 1918 μυριάδες,
618 1849 795 1920 ἇσπερ
832 1851 896 1903 σὺ
945 1851 1180 1922 γράφεις
1228 1851 1316 1904 διὰ
1363 1851 1473 1904 τῶν
1523 1851 1847 1912 ἐπιστολῶν,

256 1937 418 1990 οὐδὲν
453 1938 799 2009 ὠφελήσουσι
831 1959 888 1994 σε
924 1981 936 2002 ,
965 1942 1104 1996 ἀλλὰ
1140 1942 1486 2012 τελευτήσεις
1512 1942 1720 2009 ἀργῶν,
1754 1943 1851 1996 καὶ

255 2026 452 2091 δώσεις
476 2029 555 2100 τῷ
584 2032 700 2100 Θεῷ
723 2033 881 2100 λόγον
907 2034 1047 2101 ὑπὲρ
1076 2034 1174 2103 τῆς
1206 2032 1431 2087 σεαυτοῦ
1459 2033 1679 2103 ἀργίας.
1721 2034 1858 2086 Ἐὰν

255 2121 314 2174 δὲ
343 2122 632 2195 τολμήσῃς
663 2125 736 2196 μὴ
777 2125 1219 2196 διορθωσάμενος
1254 2124 1482 2178 σεαυτὸν
1527 2125 1850 2196 ἀντέχεσθαι

254 2211 356 2282 τῆς
409 2214 733 2286 ἱερωσύνης,
788 2216 1038 2287 ἀνάθεμα
1090 2216 1190 2290 ἔσῃ
1248 2217 1410 2270 παντὶ
1459 2215 1607 2286 λαῷ,
1659 2216 1755 2270 καὶ⁹
1799 2219 1848 2270 oi

255 2302 546 2372 δεχόμενοί
585 2322 677 2373 σε,
725 2307 1057 2378 ὲκκήρυκτοι
1104 2308 1248 2362 κατά
1281 2309 1464 2362 πᾶσαν
1517 2305 1847 2378 Ἐκκλησίαν

259 2393 611 2465 γενήσονται.

1959 657 2125 712 faciat
2155 671 2242 721 ea,
2290 671 2413 728 quae
2447 657 2627 712 solent
2678 658 2770 727 qui
2805 656 3099 712 mulierum
3151 658 3205 710 in
3253 657 3530 715 consortio

1959 751 2162 820 degunt
2196 769 2210 804 :
2246 748 2597 804 manifestum
2625 751 2690 805 de
2722 765 2783 806 se
2812 750 3018 820 praebet
3069 749 3357 814 indicium,
3383 750 3530 819 quod
3571 799 3578 806 .

1960 842 2300 911 virginitatis
2353 842 2523 896 decus
2551 842 2776 896 nomine
2825 850 2987 899 tenus
3044 850 3305 906 sectetur,
3345 858 3528 897 rerum
3571 839 3578 858 '

1959 933 2204 988 facilitate
2235 933 2532 1000 voluptatis
2558 946 2665 985 non
2701 930 2994 986 abstineat.
3021 930 3152 992 Non-
3174 931 3320 986 enim
3372 931 3530 999 equi-

1956 1025 2078 1079 dem
2113 1025 2455 1094 septuaginta
2498 1032 2689 1078 natum
2737 1038 2912 1080 annos
2939 1023 3144 1079 lascive
3177 1023 3390 1076 mulieri
3437 1035 3529 1075 co-

1956 1116 2208 1170 habitare
2239 1115 2596 1182 crediderim,
2634 1130 2735 1169 nec
2762 1116 2912 1171 velut
2935 1115 3174 1185 alicujus
3199 1113 3420 1170 absurdi
3447 1112 3529 1166 fa-

1956 1207 2164 1262 cinoris
2186 1207 2408 1262 admissi
2428 1221 2596 1260 causa
2615 1206 2910 1263 statuimus
2929 1206 3004 1268 id,
3023 1207 3168 1275 quod
3193 1206 3488 1260 statuimus
3512 1220 3526 1256 ι

1956 1299 2048 1355 sed
2076 1307 2382 1370 propterea,
2416 1299 2562 1369 quod
2601 1299 2779 1353 edocti
2809 1299 2984 1354 simus
3015 1299 3082 1353 ab
3106 1299 3387 1368 Apostolo,
3417 1312 3526 1351 non

1955 1408 2078 1447 esse
2109 1391 2262 1446 fratri
2292 1390 2678 1446 olfendieulum
2715 1391 3050 1460 ponendum,
3084 1388 3229 1460 quod
3270 1389 3318 1443 ei
3365 1404 3526 1444 scau-

1956 1485 2082 1538 dalo
2117 1485 2210 1540 sit.
2249 1482 2316 1536 Et
2350 1499 2458 1537 non
2493 1484 2812 1553 ignoramus
2844 1483 2920 1548 id,
2966 1482 3111 1552 quod
3144 1483 3212 1536 ab
3254 1481 3529 1551 aliquibus

1957 1585 2106 1630 recte
2163 1575 2277 1638 fiat,
2311 1575 2435 1629 aliis
2466 1574 2811 1631 occasionem
2853 1573 3112 1644 peccandi
3149 1574 3528 1643 przebiturum.

1957 1667 2172 1721 Idcirco
2231 1668 2600 1737 praecipimus,
2668 1668 3140 1723 conversationem
3210 1675 3526 1722 sanctorum

1953 1759 2178 1814 Patrum
2209 1767 2508 1822 sectantes,
2543 1773 2573 1812 a
2597 1759 2921 1813 muliercula
2944 1758 3142 1814 debere
3175 1766 3229 1813 te
3258 1752 3523 1828 separari.

1957 1850 2326 1916 Quamobrem
2358 1865 2423 1904 ex
2453 1849 2661 1904 uadibus
2693 1851 2801 1905 tuis
2836 1865 2956 1904 eam
2991 1851 3196 1920 ejicito,
3226 1857 3281 1904 et
3309 1851 3362 1903 in
3412 1863 3530 1903 mo-

1953 1942 2250 1997 nasterium
2299 1942 2507 1996 abdito.
2566 1941 2647 1994 Sit
2696 1941 2813 2011 ipsa
2845 1956 2969 1995 cum
3009 1941 3338 2009 virginibus,
3367 1951 3422 1994 et
3471 1949 3525 1993 tu

1950 2035 2194 2088 virorum
2225 2044 2378 2088 utere
2421 2033 2726 2087 ministerio
2764 2073 2779 2099 ,
2820 2048 2890 2088 ne
2925 2048 3122 2088 nomen
3165 2033 3254 2087 Dei
3307 2041 3530 2103 propter

1952 2139 2055 2178 nos
2082 2121 2514 2191 blasphemetur.
2551 2121 2821 2187 Quamdiu
2853 2137 2982 2177 vero
3013 2121 3129 2175 hzec
3162 2120 3354 2186 facies,
3391 2119 3528 2174 nihil

1955 2213 2052 2267 tibi
2092 2213 2395 2282 proderunt
2444 2212 2548 2266 illis
2582 2211 2879 2282 myriadcs,
2914 2227 3148 2280 quarum
3189 2211 3241 2265 in
3281 2209 3528 2281 epistolis

1952 2304 2282 2358 mentionem
2318 2301 2488 2365 facis;
2522 2304 2614 2356 sed
2642 2311 2700 2356 ut
2733 2303 2897 2356 homo
2929 2319 3120 2358 socors
3166 2303 3440 2367 morieris,
3472 2310 3528 2357 et

1951 2391 2345 2448 socordiaetuie
2363 2392 2633 2446 rationem
2665 2391 2776 2447 Deo
2819 2392 3032 2449 reddes.
3072 2393 3228 2460 Quod
3257 2393 3303 2449 si
3337 2401 3392 2448 te
3423 2393 3529 2447 tui-

255 2489 408 2545 nime
430 2492 734 2562 corrigens,
771 2493 1220 2548 retinere'tamen
1283 2492 1656 2549 sacerdotium
1713 2489 2111 2554 attentaveris,
2153 2487 2202 2542 is
2267 2487 2419 2542 omni
2489 2488 2692 2558 populo
2737 2490 3051 2556 anathema,
3139 2493 3342 2562 quique
3393 2489 3530 2545 reci-

257 2582 431 2653 pient,
467 2583 522 2636 in
550 2583 699 2637 omni
727 2581 974 2639 Ecclesia
1011 2583 1164 2638 velut
1203 2584 1438 2640 abstenti
1469 2584 1924 2654 publicabuntur.

342 2677 677 2741 Ἐπίσκοπος
732 2679 808 2750 μὴ
861 2679 1176 2732 συνοικείτω
1233 2679 1524 2749 οῐᾳδήποτε
1579 2678 1852 2748 γυναικὶ,

269 2766 411 2839 μηδὲ
441 2768 581 2840 γυνὴ
612 2768 859 2834 διάκονος
891 2770 1206 2825 συνοικείτω
1234 2771 1388 2844 ἀνδρί
1406 2820 1408 2822 τ

2021 2675 2328 2746 Episcopus
2363 2675 2532 2730 ullam
2564 2676 2850 2732 mulierem
2903 2676 2958 2732 in
3013 2677 3379 2733 contubernio
3408 2691 3518 2732 non

1951 2764 2133 2829 habet,
2154 2780 2254 2820 nec
2279 2764 2496 2828 mulier,
2521 2781 2642 2836 quae
2665 2765 2989 2824 diaconatus
3005 2782 3230 2822 munere
3255 2764 3524 2839 fungitur,

1947 2856 2006 2908 in
2027 2855 2130 2909 viri
2155 2855 2518 2911 contubernio
2550 2855 2645 2913 sit.

812 3256 1484 3394 MIXAHA
1624 3262 1874 3396 NO:

1951 3264 2940 3469 [ΟΦΥΛΑΚΟΣ

1016 3509 1026 3523 “
1317 3503 1618 3619 ΤΟΥ
1690 3504 2462 3625 ΧΟΥΜΝΟΥ

1035 3721 1475 3777 ΓΕΓΟΝΟΤΟΣ
1545 3726 2111 3781 ΜΗΤΡΟΠΟΛΙΤΟΥ
2185 3731 2750 3786 ΘΕΣΣΑΛΟΝΙΚΗΣ

668 3887 926 3973 ΠΕΡΙ

1065 3889 1292 3975 ΤΩΝ
1438 3883 1907 3979 ΒΑΘΜΩΝ
2014 3895 2232 3982 ἹἩΣ
2375 3897 3079 3986 ΣΥΓΓΕΝΕΙΑΣ.

940 4277 1974 4438 MICHAELIS
2092 4279 2826 4436 CHUMNI

1491 4606 1502 4616 .
1615 4553 2144 4613 NOMOPHYLACIS

1076 4715 1188 4785 Qui
1224 4713 1454 4776 deinde
1487 4715 1948 4778 Thessalonica;
1970 4721 2494 4800 metrOpolitanus
2537 4710 2663 4779 fuit

1252 4878 1366 4938 DE
1411 4877 1836 4942 GRADIBUS
1913 4880 2515 4949 COGNATIONIS.

1822 5073 1895 5087 _

332 5211 397 5266 Ἦ
431 5212 742 5280 συγγένεια,
793 5213 964 5284 ὄνομα
997 5215 1113 5269 ἐστι
1155 5217 1335 5270 κοινὸν
1378 5217 1472 5270 καὶ
1506 5217 1818 5274 καθολικόν.
1847 5226 1874 5289 ί

1999 5221 2285 5292 Cognatio,
2310 5235 2508 5276 nomen
2533 5229 2622 5277 est
2645 5234 2938 5278 commune
2963 5235 3028 5278 ac
3053 5221 3326 5294 generale.
3358 5218 3508 5277 Divi-

248 5306 547 5375 Διαιρεῖται
576 5306 632 5358 δὲ
665 5308 744 5370 εις
773 5307 957 5369 τάξεις
991 5313 1137 5380 τρεῖς
1158 5325 1174 5340 ⁸
1195 5311 1275 5374 εἰς
1297 5311 1568 5378 ἀνιόντας,
1601 5315 1822 5367 κατιόν-

248 5409 369 5457 τας,
397 5396 490 5447 καὶ
517 5396 643 5458 τοὺς
673 5398 738 5450 ὲκ
766 5399 1025 5466 πλαγίου.
1063 5401 1172 5454 Καὶ
1201 5402 1444 5467 ἀνιόντες
1471 5403 1569 5473 μέν
1598 5405 1756 5471 εἰσιν,
1775 5407 1825 5460 οἱ

248 5483 393 5550 ἡμᾶς
423 5486 813 5553 γεγεννηκότες
837 5505 851 5517 ’
877 5489 1156 5554 κατιόντες
1178 5491 1255 5557 δὲ,
1279 5493 1326 5546 oi
1352 5492 1411 5556 ἐξ
1435 5492 1594 5563 ἡμῶν
1629 5511 1823 5564 γεννηο

247 5572 461 5637 θέντες·
497 5575 563 5629 ὲκ
596 5575 827 5642 πλαγίου
874 5577 932 5630 δέ
972 5579 1138 5642 εἰσιν,
1185 5583 1232 5632 οἰ
1281 5583 1416 5651 μήτε
1467 5581 1826 5652 γεννήσαντες

245 5666 414 5735 ἡμᾶς,
472 5669 608 5740 μήτε
660 5671 1012 5742 γεννηθέντες
1064 5673 1123 5738 ἐξ
1165 5673 1358 5742 ἡμῶν·
1396 5675 1826 5746 κοινωνήσαντες

245 5759 302 5813 δε
331 5763 460 5832 ἡμῖν
487 5763 585 5832 τῆς
613 5764 782 5835 αὐτῆς
813 5766 977 5835 γονῆς
1003 5767 1096 5819 καὶ
1144 5767 1320 5838 ῥίζης.
1368 5767 1826 5838 Παραδείγματος

245 5850 302 5904 δὲ
354 5854 548 5924 χάριν,
597 5855 909 5911 ὑποκείσθω
976 5859 1268 5924 πρόσωπον
1311 5863 1338 5914 ό
1393 5858 1608 5915 Ἰακώϐ.
1656 5858 1824 5924 Οὗτος

1933 5313 2080 5369 ditur
2103 5323 2286 5368 autem
2314 5313 2367 5367 in
2417 5323 2530 5369 tres
2567 5313 2813 5382 ordines,
2849 5313 2903 5369 in
2934 5313 3320 5376 ascendentes,
3375 5312 3507 5369 des-

1931 5404 2250 5470 uendentes,
2287 5413 2340 5459 et
2364 5419 2481 5468 eos,
2512 5405 2606 5475 qui
2654 5413 2785 5462 sunt
2819 5421 2885 5460 ex
2917 5412 3259 5459 transverso.
3300 5403 3504 5459 Ascen~

1931 5495 2123 5551 dentes
2148 5503 2298 5558 sunt,
2331 5495 2421 5566 qul
2448 5510 2551 5550 nos
2593 5503 3045 5566 progenuerunt:
3081 5495 3502 5558 descendentes,

1931 5587 2023 5657 qui
2049 5602 2113 5640 ex
2147 5585 2305 5641 nobis
2361 5586 2472 5640 nati
2513 5597 2642 5642 sunt
2679 5602 2692 5638 :
2725 5601 2791 5640 ex
2836 5592 3171 5649 transverso,
3202 5583 3295 5655 qui
3328 5598 3504 5650 neque

1926 5695 2030 5735 nos
2060 5687 2391 5750 genuerunt,
2424 5695 2600 5749 neque
2628 5677 2739 5733 nati
2779 5687 2908 5734 sunt
2935 5692 3001 5732 ex
3033 5677 3193 5732 nobis
3233 5716 3248 5740 ,
3289 5676 3382 5731 sed
3405 5689 3508 5729 no-

1925 5771 2138 5830 biscum
2172 5769 2501 5840 participant
2525 5769 2664 5822 idem
2685 5781 2870 5822 semen
2897 5777 2949 5822 et
2975 5772 3220 5822 eamdem
3241 5765 3501 5821 radicem.

1927 5845 2173 5928 Exemle
2206 5870 2397 5924 causa,
2432 5855 2711 5927 proposita
2739 5855 2897 5912 nobis
2930 5855 3001 5912 sit
3025 5855 3211 5912 Jacobi
3243 5869 3497 5929 persona.
