  <div class='ocr_page' id='page_1' title='image "/cluster/home/n/w/nwhite01/storage/ocr_20150623/119/hvd.32044073502494/011.png"; bbox 0 0 4140 6212; ppageno 0'>
   <div class='ocr_carea' id='block_1_1' title="bbox 1471 490 2941 586">
    <p class='ocr_par' dir='ltr' id='par_1_1' title="bbox 1471 490 2941 586">
     <span class='ocr_line' id='line_1_1' title="bbox 1471 490 2941 586; baseline 0.001 -2"><span class='ocrx_word' id='word_1_1' title='bbox 1471 490 2086 584; x_wconf 84' lang='lat' dir='ltr'><strong>TRADITIO</strong></span> <span class='ocrx_word' id='word_1_2' title='bbox 2213 491 2941 586; x_wconf 86' lang='lat' dir='ltr'><strong>CATHOLICA</strong></span> 
     </span>
    </p>
   </div>
   <div class='ocr_carea' id='block_1_2' title="bbox 1694 769 2702 840">
    <p class='ocr_par' dir='ltr' id='par_1_2' title="bbox 1694 769 2702 840">
     <span class='ocr_line' id='line_1_2' title="bbox 1694 769 2702 840; baseline -0.003 -5"><span class='ocrx_word' id='word_1_3' title='bbox 1694 769 2092 835; x_wconf 65' lang='lat' dir='ltr'><strong>SECULUM</strong></span> <span class='ocrx_word' id='word_1_4' title='bbox 2135 770 2210 836; x_wconf 89' lang='grc' dir='ltr'><strong>Χ.</strong></span> <span class='ocrx_word' id='word_1_5' title='bbox 2253 770 2522 837; x_wconf 81' lang='lat' dir='ltr'><strong>ANNUS</strong></span> <span class='ocrx_word' id='word_1_6' title='bbox 2561 769 2702 840; x_wconf 80' lang='lat'><strong>995.</strong></span> 
     </span>
    </p>
   </div>
   <div class='ocr_carea' id='block_1_3' title="bbox 1803 1030 2607 1193">
    <p class='ocr_par' dir='ltr' id='par_1_3' title="bbox 1803 1030 2607 1193">
     <span class='ocr_line' id='line_1_3' title="bbox 1803 1030 2607 1193; baseline 0.005 -5"><span class='ocrx_word' id='word_1_7' title='bbox 1803 1058 2607 1193; x_wconf 88' lang='lat' dir='ltr'><strong>ELENCHUS</strong></span> 
     </span>
    </p>
   </div>
   <div class='ocr_carea' id='block_1_4' title="bbox 647 1321 3741 1412">
    <p class='ocr_par' dir='ltr' id='par_1_4' title="bbox 647 1321 3741 1412">
     <span class='ocr_line' id='line_1_4' title="bbox 647 1321 3741 1412; baseline 0.001 -14"><span class='ocrx_word' id='word_1_8' title='bbox 647 1321 1168 1399; x_wconf 79' lang='lat' dir='ltr'><strong>AUCTOBUM</strong></span> <span class='ocrx_word' id='word_1_9' title='bbox 1221 1322 1336 1397; x_wconf 84' lang='lat' dir='ltr'><strong>ET</strong></span> <span class='ocrx_word' id='word_1_10' title='bbox 1392 1323 1785 1398; x_wconf 81' lang='lat' dir='ltr'><strong>OPEBUM</strong></span> <span class='ocrx_word' id='word_1_11' title='bbox 1837 1325 1990 1412; x_wconf 79' lang='lat' dir='ltr'><strong>QUI</strong></span> <span class='ocrx_word' id='word_1_12' title='bbox 2056 1326 2142 1400; x_wconf 90' lang='lat' dir='ltr'><strong>IN</strong></span> <span class='ocrx_word' id='word_1_13' title='bbox 2193 1325 2380 1399; x_wconf 81' lang='grc' dir='ltr'><strong>Ηοο</strong></span> <span class='ocrx_word' id='word_1_14' title='bbox 2427 1323 2698 1399; x_wconf 82' lang='lat' dir='ltr'><strong>TOMO</strong></span> <span class='ocrx_word' id='word_1_15' title='bbox 2743 1323 2975 1400; x_wconf 83' lang='lat' dir='ltr'><strong>CXIX</strong></span> <span class='ocrx_word' id='word_1_16' title='bbox 3035 1325 3741 1403; x_wconf 79' lang='lat' dir='ltr'><strong>CONTINENTUB.</strong></span> 
     </span>
    </p>
   </div>
   <div class='ocr_carea' id='block_1_5' title="bbox 1721 1622 2670 1659">
    <p class='ocr_par' dir='ltr' id='par_1_5' title="bbox 1721 1622 2670 1659">
     <span class='ocr_line' id='line_1_5' title="bbox 1721 1622 2670 1659; baseline -0.002 -15"><span class='ocrx_word' id='word_1_17' title='bbox 1721 1635 1779 1645; x_wconf 54' lang='grc' dir='ltr'><strong>δσ-</strong></span> <span class='ocrx_word' id='word_1_18' title='bbox 1803 1622 2670 1659; x_wconf 51' lang='grc' dir='ltr'><strong>-.ο-ψ-εω-</strong></span> 
     </span>
    </p>
   </div>
   <div class='ocr_carea' id='block_1_6' title="bbox 1252 1821 3125 1890">
    <p class='ocr_par' dir='ltr' id='par_1_6' title="bbox 1252 1821 3125 1890">
     <span class='ocr_line' id='line_1_6' title="bbox 1252 1821 3125 1890; baseline -0.001 -3"><span class='ocrx_word' id='word_1_19' title='bbox 1252 1821 1724 1887; x_wconf 71' lang='lat' dir='ltr'><strong>(ECUMENIUS</strong></span> <span class='ocrx_word' id='word_1_20' title='bbox 1764 1821 2068 1888; x_wconf 62' lang='lat' dir='ltr'><strong>TRICCA&#39;]</strong></span> <span class='ocrx_word' id='word_1_21' title='bbox 2111 1824 2190 1888; x_wconf 87' lang='lat' dir='ltr'><strong>IN</strong></span> <span class='ocrx_word' id='word_1_22' title='bbox 2230 1823 2656 1890; x_wconf 74' lang='lat' dir='ltr'><strong>THESSALIA</strong></span> <span class='ocrx_word' id='word_1_23' title='bbox 2696 1821 3125 1887; x_wconf 81' lang='lat' dir='ltr'><strong>EPISGOPUS.</strong></span> 
     </span>
    </p>
   </div>
   <div class='ocr_carea' id='block_1_7' title="bbox 544 1981 3844 2067">
    <p class='ocr_par' dir='ltr' id='par_1_7' title="bbox 544 1981 3844 2067">
     <span class='ocr_line' id='line_1_7' title="bbox 544 1981 3844 2067; baseline 0.001 -22"><span class='ocrx_word' id='word_1_24' title='bbox 544 1981 981 2046; x_wconf 84' lang='lat' dir='ltr'><strong>Commentaria</strong></span> <span class='ocrx_word' id='word_1_25' title='bbox 1008 1985 1068 2045; x_wconf 87' lang='lat' dir='ltr'><strong>in</strong></span> <span class='ocrx_word' id='word_1_26' title='bbox 1099 1981 1330 2048; x_wconf 86' lang='lat' dir='ltr'><strong>Novum</strong></span> <span class='ocrx_word' id='word_1_27' title='bbox 1357 1981 1824 2048; x_wconf 79' lang='lat' dir='ltr'><strong>Testamentum.</strong></span> <span class='ocrx_word' id='word_1_28' title='bbox 1871 1984 2370 2067; x_wconf 84' lang='lat' dir='ltr'><strong>(Continuatio.).</strong></span> <span class='ocrx_word' id='word_1_29' title='bbox 2430 2031 2446 2048; x_wconf 93' lang='lat'><strong><em>.</em></strong></span> <span class='ocrx_word' id='word_1_30' title='bbox 2511 2032 2525 2047; x_wconf 94' lang='lat'><strong>.</strong></span> <span class='ocrx_word' id='word_1_31' title='bbox 2589 2030 2606 2047; x_wconf 92' lang='lat'><em>.</em></span> <span class='ocrx_word' id='word_1_32' title='bbox 2667 2031 2684 2048; x_wconf 94' lang='lat'>.</span> <span class='ocrx_word' id='word_1_33' title='bbox 2749 2031 2764 2046; x_wconf 92' lang='lat'><em>.</em></span> <span class='ocrx_word' id='word_1_34' title='bbox 2833 2037 2844 2048; x_wconf 91' lang='lat'><strong><em>.</em></strong></span> <span class='ocrx_word' id='word_1_35' title='bbox 2908 2026 2925 2045; x_wconf 93' lang='lat'><strong><em>.</em></strong></span> <span class='ocrx_word' id='word_1_36' title='bbox 2989 2031 3004 2046; x_wconf 94' lang='lat'><em>.</em></span> <span class='ocrx_word' id='word_1_37' title='bbox 3071 2030 3085 2045; x_wconf 95' lang='lat'><strong>.</strong></span> <span class='ocrx_word' id='word_1_38' title='bbox 3151 2033 3164 2048; x_wconf 92' lang='lat'><em>.</em></span> <span class='ocrx_word' id='word_1_39' title='bbox 3229 2029 3245 2044; x_wconf 93' lang='lat'><em>.</em></span> <span class='ocrx_word' id='word_1_40' title='bbox 3308 2029 3324 2046; x_wconf 95' lang='lat'><em>.</em></span> <span class='ocrx_word' id='word_1_41' title='bbox 3460 1982 3638 2047; x_wconf 84' lang='lat' dir='ltr'><strong>Col.‘</strong></span> <span class='ocrx_word' id='word_1_42' title='bbox 3799 1984 3844 2047; x_wconf 90' lang='lat'><strong>9</strong></span> 
     </span>
    </p>
   </div>
   <div class='ocr_carea' id='block_1_8' title="bbox 541 2113 3602 2199">
    <p class='ocr_par' dir='ltr' id='par_1_8' title="bbox 541 2113 3602 2199">
     <span class='ocr_line' id='line_1_8' title="bbox 541 2113 3602 2199; baseline 0.001 -23"><span class='ocrx_word' id='word_1_43' title='bbox 541 2113 818 2196; x_wconf 79' lang='lat' dir='ltr'><strong>Sinopsis</strong></span> <span class='ocrx_word' id='word_1_44' title='bbox 842 2114 1150 2195; x_wconf 78' lang='lat' dir='ltr'><strong><em>Anonymi</em></strong></span> <span class='ocrx_word' id='word_1_45' title='bbox 1180 2131 1257 2178; x_wconf 78' lang='lat' dir='ltr'><strong>ea:</strong></span> <span class='ocrx_word' id='word_1_46' title='bbox 1293 2115 1656 2182; x_wconf 77' lang='lat' dir='ltr'><strong>CEcumem‘o</strong></span> <span class='ocrx_word' id='word_1_47' title='bbox 1691 2118 1760 2180; x_wconf 78' lang='lat' dir='ltr'><strong>in</strong></span> <span class='ocrx_word' id='word_1_48' title='bbox 1798 2115 2230 2199; x_wconf 82' lang='lat' dir='ltr'><strong>Apocalypsin.</strong></span> <span class='ocrx_word' id='word_1_49' title='bbox 2264 2134 2342 2180; x_wconf 77' lang='lat' dir='ltr'><strong>ea:</strong></span> <span class='ocrx_word' id='word_1_50' title='bbox 2378 2135 2496 2198; x_wconf 81' lang='lat' dir='ltr'><strong>qua</strong></span> <span class='ocrx_word' id='word_1_51' title='bbox 2525 2116 2808 2180; x_wconf 77' lang='lat' dir='ltr'><strong>discimus</strong></span> <span class='ocrx_word' id='word_1_52' title='bbox 2837 2113 3030 2178; x_wconf 84' lang='lat' dir='ltr'><strong>locum</strong></span> <span class='ocrx_word' id='word_1_53' title='bbox 3066 2113 3224 2179; x_wconf 76' lang='lat' dir='ltr'><strong><em>sedis</em></strong></span> <span class='ocrx_word' id='word_1_54' title='bbox 3250 2114 3602 2197; x_wconf 76' lang='lat' dir='ltr'><strong>episcopalis</strong></span> 
     </span>
    </p>
   </div>
   <div class='ocr_carea' id='block_1_9' title="bbox 664 2245 2299 2316">
    <p class='ocr_par' dir='ltr' id='par_1_9' title="bbox 664 2247 2237 2316">
     <span class='ocr_line' id='line_1_9' title="bbox 664 2247 2237 2316; baseline 0.003 -4"><span class='ocrx_word' id='word_1_55' title='bbox 664 2247 2237 2316; x_wconf 77' lang='lat' dir='ltr'><strong>CEcumenii................</strong></span> 
     </span>
    </p>
   </div>
   <div class='ocr_carea' id='block_1_10' title="bbox 2205 2245 3840 2316">
    <p class='ocr_par' dir='ltr' id='par_1_10' title="bbox 2221 2245 3840 2316">
     <span class='ocr_line' id='line_1_10' title="bbox 2221 2245 3840 2316; baseline -0.004 0"><span class='ocrx_word' id='word_1_56' title='bbox 3718 2245 3840 2310; x_wconf 69' lang='lat'><strong>722</strong></span> 
     </span>
    </p>
   </div>
   <div class='ocr_carea' id='block_1_11' title="bbox 1684 2407 2678 2472">
    <p class='ocr_par' dir='ltr' id='par_1_11' title="bbox 1684 2407 2678 2472">
     <span class='ocr_line' id='line_1_11' title="bbox 1684 2407 2678 2472; baseline -0.001 -3"><span class='ocrx_word' id='word_1_57' title='bbox 1684 2407 2208 2472; x_wconf 60' lang='lat' dir='ltr'><strong>PATRIARCHIE</strong></span> <span class='ocrx_word' id='word_1_58' title='bbox 2257 2408 2678 2472; x_wconf 76' lang='lat' dir='ltr'><strong>CPOLITANI.</strong></span> 
     </span>
    </p>
   </div>
   <div class='ocr_carea' id='block_1_12' title="bbox 539 2588 3837 2672">
    <p class='ocr_par' dir='ltr' id='par_1_12' title="bbox 539 2588 3837 2672">
     <span class='ocr_line' id='line_1_12' title="bbox 539 2588 3837 2672; baseline 0 -21"><span class='ocrx_word' id='word_1_59' title='bbox 539 2588 857 2654; x_wconf 81' lang='lat' dir='ltr'><strong>Sententiae</strong></span> <span class='ocrx_word' id='word_1_60' title='bbox 885 2590 1195 2670; x_wconf 88' lang='lat' dir='ltr'><strong>synodales</strong></span> <span class='ocrx_word' id='word_1_61' title='bbox 1223 2596 1282 2653; x_wconf 90' lang='lat' dir='ltr'><strong>et</strong></span> <span class='ocrx_word' id='word_1_62' title='bbox 1311 2591 1647 2654; x_wconf 82' lang='lat' dir='ltr'><strong>sanctiones</strong></span> <span class='ocrx_word' id='word_1_63' title='bbox 1673 2590 1981 2672; x_wconf 61' lang='lat' dir='ltr'><strong>pontiﬁciaa</strong></span> <span class='ocrx_word' id='word_1_64' title='bbox 2034 2638 2051 2654; x_wconf 94' lang='lat'><strong><em>.</em></strong></span> <span class='ocrx_word' id='word_1_65' title='bbox 2111 2632 2135 2657; x_wconf 90' lang='lat'><em>.</em></span> <span class='ocrx_word' id='word_1_66' title='bbox 2196 2638 2209 2653; x_wconf 94' lang='lat'><strong>.</strong></span> <span class='ocrx_word' id='word_1_67' title='bbox 2274 2636 2289 2652; x_wconf 95' lang='lat'><em>.</em></span> <span class='ocrx_word' id='word_1_68' title='bbox 2356 2637 2370 2653; x_wconf 92' lang='lat'><em>.</em></span> <span class='ocrx_word' id='word_1_69' title='bbox 2440 2641 2452 2654; x_wconf 95' lang='lat'><strong><em>.</em></strong></span> <span class='ocrx_word' id='word_1_70' title='bbox 2519 2637 2534 2652; x_wconf 95' lang='lat'><em>.</em></span> <span class='ocrx_word' id='word_1_71' title='bbox 2604 2640 2616 2653; x_wconf 96' lang='lat'>.</span> <span class='ocrx_word' id='word_1_72' title='bbox 2680 2638 2696 2654; x_wconf 94' lang='lat'><strong>.</strong></span> <span class='ocrx_word' id='word_1_73' title='bbox 2760 2639 2772 2652; x_wconf 92' lang='lat'><strong><em>.</em></strong></span> <span class='ocrx_word' id='word_1_74' title='bbox 2844 2645 2854 2654; x_wconf 93' lang='lat'><em>.</em></span> <span class='ocrx_word' id='word_1_75' title='bbox 2921 2638 2938 2656; x_wconf 92' lang='lat'><em>.</em></span> <span class='ocrx_word' id='word_1_76' title='bbox 3001 2639 3016 2655; x_wconf 94' lang='lat'><em>.</em></span> <span class='ocrx_word' id='word_1_77' title='bbox 3083 2639 3097 2655; x_wconf 96' lang='lat'><strong>.</strong></span> <span class='ocrx_word' id='word_1_78' title='bbox 3163 2640 3179 2656; x_wconf 92' lang='lat'><strong><em>.</em></strong></span> <span class='ocrx_word' id='word_1_79' title='bbox 3244 2640 3258 2654; x_wconf 94' lang='lat'><strong>.</strong></span> <span class='ocrx_word' id='word_1_80' title='bbox 3326 2639 3340 2653; x_wconf 94' lang='lat'><strong><em>.</em></strong></span> <span class='ocrx_word' id='word_1_81' title='bbox 3405 2636 3422 2654; x_wconf 94' lang='lat'><strong>.</strong></span> <span class='ocrx_word' id='word_1_82' title='bbox 3483 2639 3500 2655; x_wconf 94' lang='lat'><em>.</em></span> <span class='ocrx_word' id='word_1_83' title='bbox 3563 2639 3578 2654; x_wconf 94' lang='lat'><strong><em>.</em></strong></span> <span class='ocrx_word' id='word_1_84' title='bbox 3713 2589 3837 2653; x_wconf 70' lang='grc'><strong>’726</strong></span> 
     </span>
    </p>
   </div>
   <div class='ocr_carea' id='block_1_13' title="bbox 541 2721 3828 2805">
    <p class='ocr_par' dir='ltr' id='par_1_13' title="bbox 541 2721 3828 2805">
     <span class='ocr_line' id='line_1_13' title="bbox 541 2721 3828 2805; baseline -0.001 -20"><span class='ocrx_word' id='word_1_85' title='bbox 541 2723 730 2787; x_wconf 71' lang='lat' dir='ltr'><strong>Index</strong></span> <span class='ocrx_word' id='word_1_86' title='bbox 771 2740 976 2787; x_wconf 80' lang='lat' dir='ltr'><strong><em>rerum</em></strong></span> <span class='ocrx_word' id='word_1_87' title='bbox 1019 2729 1076 2786; x_wconf 84' lang='lat' dir='ltr'><strong>et</strong></span> <span class='ocrx_word' id='word_1_88' title='bbox 1117 2725 1559 2794; x_wconf 69' lang='lat' dir='ltr'><strong>sententiarum</strong></span> <span class='ocrx_word' id='word_1_89' title='bbox 1601 2726 1668 2786; x_wconf 81' lang='lat' dir='ltr'><strong>in</strong></span> <span class='ocrx_word' id='word_1_90' title='bbox 1713 2723 2066 2790; x_wconf 74' lang='lat' dir='ltr'><strong>(Ecumenii</strong></span> <span class='ocrx_word' id='word_1_91' title='bbox 2111 2725 2307 2805; x_wconf 80' lang='lat' dir='ltr'><strong><em>Opera</em></strong></span> <span class='ocrx_word' id='word_1_92' title='bbox 2362 2769 2378 2786; x_wconf 94' lang='lat'><em>.</em></span> <span class='ocrx_word' id='word_1_93' title='bbox 2439 2770 2455 2785; x_wconf 95' lang='lat'><em>.</em></span> <span class='ocrx_word' id='word_1_94' title='bbox 2523 2773 2534 2786; x_wconf 97' lang='lat'><strong><em>.</em></strong></span> <span class='ocrx_word' id='word_1_95' title='bbox 2601 2772 2616 2786; x_wconf 96' lang='lat'><em>.</em></span> <span class='ocrx_word' id='word_1_96' title='bbox 2681 2771 2695 2786; x_wconf 93' lang='lat'><strong>.</strong></span> <span class='ocrx_word' id='word_1_97' title='bbox 2762 2771 2774 2785; x_wconf 91' lang='lat'><em>.</em></span> <span class='ocrx_word' id='word_1_98' title='bbox 2842 2773 2854 2786; x_wconf 94' lang='lat'><strong>.</strong></span> <span class='ocrx_word' id='word_1_99' title='bbox 2922 2776 2934 2788; x_wconf 93' lang='lat'>.</span> <span class='ocrx_word' id='word_1_100' title='bbox 3000 2769 3018 2786; x_wconf 93' lang='lat'><strong>.</strong></span> <span class='ocrx_word' id='word_1_101' title='bbox 3081 2768 3099 2786; x_wconf 92' lang='lat'><strong>.</strong></span> <span class='ocrx_word' id='word_1_102' title='bbox 3165 2773 3180 2786; x_wconf 94' lang='lat'><strong>.</strong></span> <span class='ocrx_word' id='word_1_103' title='bbox 3245 2771 3261 2787; x_wconf 94' lang='lat'><strong>.</strong></span> <span class='ocrx_word' id='word_1_104' title='bbox 3326 2771 3340 2785; x_wconf 91' lang='lat'><em>.</em></span> <span class='ocrx_word' id='word_1_105' title='bbox 3406 2770 3421 2785; x_wconf 95' lang='lat'><strong>.</strong></span> <span class='ocrx_word' id='word_1_106' title='bbox 3487 2775 3500 2788; x_wconf 92' lang='lat'><strong>.</strong></span> <span class='ocrx_word' id='word_1_107' title='bbox 3566 2769 3584 2788; x_wconf 91' lang='lat'><strong><em>.</em></strong></span> <span class='ocrx_word' id='word_1_108' title='bbox 3678 2721 3828 2785; x_wconf 83' lang='grc'><strong>1301</strong></span> 
     </span>
    </p>
   </div>
  </div>
