4140 6212
214 350 3544 399 ἡ

1046 637 2438 863 OECUMEN
2458 644 2676 861 II

166 1033 1406 1183 COMMENTABIDHUM
1597 1035 1711 1174 IN
1920 1034 2373 1193 NOVUM
2548 1039 3527 1207 TESTMENTUM

1423 1302 2278 1401 CONTINUATIO

1399 1820 2284 1950 ΥΠΟΘΕΣΙΣ

792 2074 1007 2173 ΤΗΣ
1101 2073 1392 2159 ΠΡΟΣ
1485 2072 2180 2158 ΚΟΛΟΣΣΑΕΙΣ
2270 2077 2905 2166 ΕΠΙΣΤΟΛΗΣ

1262 2277 2466 2421 ARGUMENTUM

944 2539 1581 2649 EPISTOLZE
1661 2539 1813 2635 AD
1896 2537 2749 2667 COLOSSENSES

248 3012 463 3077 Ταύτην
491 3005 785 3065 ἓπιστέλλει
834 3007 940 3063 ἀπὸ
985 2998 1220 3087 Ῥώμης,
1280 3009 1383 3100 σδχ
1430 3008 1676 3086 ἑωρακὼς
1720 3007 1816 3083 μὲν
1837 3024 1879 3062 Α

1979 3004 2237 3100 Hancab
2262 3009 2409 3100 urbe
2433 3014 2622 3074 Roma
2640 3012 2871 3097 scribit,
2894 3032 3026 3078 cum
3061 3016 3281 3100 nedum
3302 3018 3540 3100 quidem

173 3101 382 3170 αὖτοὺς,
440 3098 666 3161 ἀκούσας
725 3094 780 3151 δὲ
848 3097 967 3176 περὶ
1021 3096 1213 3158 αὖτῶν.
1299 3087 1381 3153 Ἢ*
1438 3095 1493 3153 δὲ
1564 3095 1823 3176 πρόφασις
1907 3114 1919 3155 4

1909 3113 2009 3156 eos
2037 3097 2301 3173 vidisset,
2330 3099 2456 3179 jam
2484 3109 2679 3163 tamen
2711 3102 2785 3163 de
2811 3087 2954 3183 ipsis
2974 3087 3274 3171 audisset:
3294 3087 3543 3175 decasio

168 3190 267 3257 τῆς
329 3185 650 3252 Ἐπιστολῆς
719 3183 855 3251 αὕτη
889 3201 903 3214 '
972 3185 1119 3277 Τοὺς.
1162 3182 1494 3249 Κολασσαεϊς
1537 3180 1824 3251 ἧϐούλοντό
1904 3204 1919 3245 ε

1909 3192 2101 3277 autem
2134 3185 2408 3277 Epistolas
2451 3188 2567 3277 fuit
2608 3188 2729 3251 haec
2768 3212 2779 3250 :
2815 3180 3267 3275 Colosseusibus
3302 3184 3541 3277 quidam

170 3298 310 3343 τινες
366 3276 639 3341 ἀπατῆσαι
718 3274 1032 3353 σοφίσμασιν
1105 3263 1444 3340 ’Ἑλληνικοῖς
1526 3274 1661 3329 κατὰ
1725 3274 1824 3338 τῆς
1906 3270 1919 3332 ί

1909 3263 2215 3353 imponere
2243 3275 2516 3338 volebant
2545 3276 2901 3341 Graecanicis
2932 3263 3543 3360 sophisrnatisadver-

164 3368 244 3430 εἰς
290 3365 523 3444 Χριστὸν
566 3362 815 3437 πίστεως,
849 3363 936 3417 καὶ
965 3363 1082 3432 περὶ
1128 3364 1233 3419 τῶν
1291 3361 1347 3418 ἓν
1401 3362 1546 3437 νόμον
1600 3361 1823 3441 βρωμά-
1909 3379 1919 3421 ε

1909 3379 2010 3425 sus
2042 3361 2259 3427 Christi
2292 3364 2563 3440 (idem,et
2593 3366 2667 3427 de
2689 3367 2839 3429 cibis
2858 3367 3004 3447 legis
3024 3388 3094 3431 ac
3115 3370 3189 3431 de
3220 3370 3542 3435 circumci-

168 3478 275 3512 των
322 3455 416 3509 καὶ
474 3454 791 3530 περιτομῆς.
869 3460 1043 3509 Ταῦτα
1112 3454 1280 3507 τοίνυν
1334 3452 1511 3527 μαθὼν
1568 3452 1596 3506 δ
1651 3447 1823 3506 Ἀπό-

169 3542 384 3618 στολος,
432 3541 618 3621 γράφει
675 3540 773 3607 τὴν
843 3536 1163 3606 Ἐπιστολὴν
1213 3539 1392 3619 ὥσπερ
1446 3540 1825 3618 κατηχητικὴν

172 3637 358 3695 αὐτοῖς
399 3631 619 3695 ταύτην.
656 3630 753 3686 Καὶ
808 3635 1016 3707 πρῶτον
1059 3627 1160 3703 μὲν
1216 3627 1546 3708 εὖχαριστῶν
1574 3634 1651 3702 τῷ
1684 3632 1820 3700 Θεῷ,

168 3729 423 3797 σημαίνει
476 3718 581 3773 ἀπὸ
631 3724 721 3774 τοῦ
780 3716 1000 3780 σκότους
1058 3717 1242 3779 αὖτοὺς
1285 3712 1703 3792 μεταϐεϐηκέναι
1753 3715 1827 3777 εἷς

170 3811 234 3866 τὸ
265 3814 380 3889 φῶς
407 3810 509 3874 τῆς
536 3804 808 3872 ἀληθείας,
854 3807 952 3863 Καὶ
993 3804 1073 3861 ὅτι
1131 3807 1159 3861 ὁ
1219 3806 1443 3879 Χριστὸς
1502 3805 1573 3867 είς
1632 3803 1689 3858 ὃν
1719 3802 1830 3859 ἐπί-

169 3918 418 3977 στευσαν,
476 3895 631 3951 εἰκών
686 3894 795 3951 ἐστι
837 3901 931 3951 τοῦ
986 3900 1117 3951 Θεοῦ
1154 3895 1243 3950 καὶ
1293 3893 1478 3972 λόγος,
1534 3890 1599 3948 δι’
1659 3894 1720 3948 οὗ
1763 3892 1829 3947 τὰ

167 3988 340 4043 πάντα
396 3984 609 4064 γέγονε.
685 3984 785 4039 Καὶ
852 3981 933 4039 ὅτι
1000 3981 1225 4058 ἔπρεπεν
1280 3983 1438 4040 αὐτὸν
1506 3978 1825 4060 δημιουργὸν

168 4074 313 4151 ὄντα,
396 4072 642 4152 γενέσθαι
713 4073 803 4128 καὶ
869 4071 1207 4150 πρωτότοκον
1261 4074 1362 4134 τῆς
1417 4070 1663 4144 κτίσεως,
1735 4071 1823 4126 καὶ

1909 3451 2244 3515 sione.Haec
2275 3471 2413 3533 ergo
2443 3474 2576 3515 cum
2597 3455 3265 3538 didicissetApostolus,
3295 3461 3450 3520 hanc
3470 3457 3544 3520 ad

1910 3556 2010 3626 gos
2038 3540 2248 3602 scribit
2276 3542 2621 3626 Epistolam,
2658 3550 2935 3623 tanquam
2958 3543 3118 3626 ipsos
3151 3546 3541 3615 erudientem.

1909 3625 1979 3687 Et
2008 3628 2261 3709 primum
2313 3630 2550 3710 quidem
2598 3622 2717 3691 Deo
2763 3622 2997 3710 gratias
3026 3651 3206 3711 agens
3254 3633 3547 3713 signiﬁcat

1910 3714 2072 3793 ipsos
2101 3735 2135 3777 a
2160 3717 2421 3778 tenebris
2445 3717 2725 3779 transisse
2750 3718 2821 3778 ad
2846 3719 3048 3781 lumen
3069 3720 3549 3803 veritatis,quod-

1910 3822 2026 3883 qne
2055 3805 2322 3867 Christus
2353 3805 2413 3867 in
2443 3823 2620 3885 quem
2669 3806 3077 3883 crediderunt,
3112 3808 3305 3887 imago
3351 3818 3440 3889 est
3490 3818 3548 3889 et

1909 3893 2150 3955 verbum
2185 3893 2315 3973 Dei,
2350 3913 2456 3975 per
2483 3895 2639 3979 quod
2664 3895 2863 3958 omnia
2889 3921 2904 3957 :
2930 3898 3165 3979 etquod
3190 3898 3408 3969 decens
3422 3910 3549 3963 erat

1908 3990 1972 4044 ut
2002 3984 2049 4043 si
2072 3985 2172 4064 qui
2202 3992 2433 4045 creator
2457 3992 2602 4051 erat.
2637 3985 2811 4047 ﬁeret
2851 3985 3279 4068 primogenitus
3298 4007 3363 4049 ex
3390 4005 3542 4051 mor-

1908 4070 2044 4148 tuis,
2079 4080 2143 4133 ut
2171 4081 2419 4154 utraque
2450 4073 2861 4154 conjungeret,
2897 4081 2955 4136 et
2983 4075 3183 4137 omnia
3203 4076 3542 4139 viviticaret.

170 4162 508 4243 πρωτότοκον
538 4161 602 4217 ἐκ
631 4161 739 4217 τῶν
768 4164 985 4239 νεκρῶν,
1016 4159 1109 4215 ἵνα
1162 4159 1227 4215 τὰ
1275 4158 1546 4239 ἀμφότερα
1589 4157 1819 4237 συνάψῃ,
1905 4177 1919 4221 ε

1909 4159 2248 4222 adhortatur
2280 4161 2534 4242 primum
2560 4180 2685 4231 eos,
2714 4169 2776 4222 ut
2804 4161 2864 4225 in
2888 4162 3004 4225 tide
3036 4173 3442 4245 permaneant,
3473 4168 3550 4226 si-

168 4252 593 4327 καιζωοποιήσῃ
630 4251 716 4305 ιτὰ
770 4249 964 4311 πάντα,
1024 4246 1317 4328 Προέτρεπέ
1357 4268 1416 4303 τε
1475 4248 1661 4311 αὐτοὺς
1718 4245 1823 4323 ἐμ·
1907 4270 1919 4326 ι

1909 4248 2197 4331 gniﬁcans
2224 4249 2380 4329 quod
2416 4249 2539 4330 ipse
2570 4248 2781 4310 Paulus
2814 4249 3086 4312 minister
3116 4251 3191 4312 sit
3216 4251 3543 4332 Evangelii,

167 4343 346 4416 μένειν
416 4344 487 4415 τῇ
539 4339 742 4413 πίστει,
799 4342 1099 4413 σημαίνων,
1138 4336 1251 4393 ’ὅτι
1310 4337 1466 4400 αὐτὸς
1528 4338 1557 4392 ὁ
1614 4334 1821 4399 Παυλος
1846 4336 1919 4419 Bi

1909 4336 1968 4397 in
1997 4336 2151 4418 quod
2184 4334 2454 4398 instructi
2482 4346 2638 4401 sunt.
2673 4337 2901 4401 Deinde
2932 4339 3107 4400 etiam
3139 4339 3214 4400 de
3243 4340 3376 4419 lege
3392 4341 3550 4405 etci-

169 4431 409 4495 διάκονός
467 4431 578 4489 ἐστι
640 4441 735 4490 τοῦ
793 4429 1113 4509 Εὖαγγελίου
1180 4428 1234 4486 ἐν
1303 4432 1349 4504 ᾧ
1401 4430 1820 4507 κατηχήθησαν.
1908 4424 1919 4486 l

1909 4424 1999 4486 bis
2029 4425 2127 4506 qui
2152 4428 2213 4485 in
2247 4424 2377 4506 lege
2407 4433 2631 4499 sunt,et
2661 4428 2735 4486 de
2765 4426 2976 4489 diebus
3008 4436 3066 4489 et
3089 4429 3259 4489 annis
3277 4447 3546 4491 comme-

170 4522 305 4578 Εἶτα
360 4522 453 4577 καὶ
496 4522 615 4601 περὶ
654 4528 754 4577 τοῦ
805 4520 971 4596 νόμου
1013 4521 1101 4575 καὶ
1142 4524 1249 4575 τῶν
1292 4517 1345 4575 ἐν
1402 4521 1545 4592 αὒτῷ
1598 4518 1823 4596 βρωμά-
1908 4534 1919 4574 I

1909 4521 2114 4586 morat,
2143 4523 2200 4575 et
2228 4513 2793 4595 ostenditdeinceps
2826 4515 3017 4577 otiosa
3050 4533 3180 4576 esse
3202 4526 3421 4596 vetera,
3452 4518 3542 4597 ip-

167 4631 294 4683 των,
337 4612 428 4667 καὶ
481 4612 598 4689 περὶ
654 4611 872 4688 ἡμερῶν
934 4609 1023 4664 καὶ
1083 4607 1334 4665 ἐνιαυτῶν
1384 4604 1677 4683 ἐξηγεῖται,
1736 4607 1824 4662 καὶ
1904 4621 1919 4663 ε

1909 4621 2147 4683 samque
2172 4602 2706 4669 circumcisiouem.
2742 4614 2767 4675 ρ
2799 4612 2890 4675 μ
2921 4603 3140 4667 Suadet
3170 4615 3439 4687 proterea
3470 4624 3545 4666 ne

168 4695 528 4755 ἀποδείκνυσιν
581 4698 871 4777 ἠργηκέναι
933 4696 1120 4753 λοιπὸν
1174 4696 1242 4751 τὰ
1301 4692 1526 4774 παλαιὰ,
1581 4695 1669 4749 καὶ
1723 4694 1821 4761 τὴν
1904 4691 1919 4751 l

1909 4690 2178 4753 fallantur
2202 4690 2276 4752 ab
2305 4691 2726 4772 impostoribus
2757 4700 2813 4753 et
2836 4692 3123 4756 seducere
3157 4712 3259 4755 eos
3299 4693 3543 4754 nitenti-

167 4787 486 4865 περιτομήν.
574 4784 923 4861 Συμὸουλεύει
984 4806 1042 4841 τε
1117 4784 1299 4847 αὒτοϊς
1378 4782 1458 4858 μὴ
1527 4780 1819 4839 πλανᾶσθαι
1903 4778 1919 4840 Ι

1909 4778 2270 4843 bus.Deinde
2304 4786 2606 4861 postquam
2639 4784 2816 4841 etiam
2864 4781 2960 4842 hic
3015 4790 3289 4861 parentes
3317 4779 3541 4841 adhor-

166 4871 273 4927 ἀπὸ
326 4877 434 4927 τῶν
482 4872 839 4952 σοφιζομένων
894 4874 982 4929 καὶ
1040 4869 1243 4943 πλανᾷν
1293 4870 1478 4934 αὐτοὺς
1534 4868 1813 4932 θελόντων.
1903 4876 1919 4928 1

1909 4876 2053 4929 tatus
2115 4875 2202 4929 est
2252 4885 2319 4929 ac
2367 4866 2630 4944 liberos,
2692 4868 2840 4929 viros
2869 4887 2937 4929 ac
3005 4867 3328 4948 mulieres,
3415 4884 3546 4929 ser-

170 4962 268 5019 Καὶ
295 4960 484 5017 λοιπὸν
514 4961 833 5040 παραινέσας
884 4962 975 5017 καὶ
1022 4958 1123 5016 ὧδε
1180 4967 1389 5037 γονεῦσι
1446 4959 1532 5014 καὶ
1586 4958 1814 5031 τέκνοις,
1901 4975 1919 5017 t

1909 4975 2002 5019 vos
2016 4955 2356 5018 etdominos
2374 4957 2607 5038 aliaque
2630 4957 2816 5019 suasit
2835 4974 2965 5035 quae
2984 4956 3058 5016 ad
3081 4973 3277 5016 mores
3297 4954 3545 5029 faciunt,

165 5047 382 5128 ἀνδράσι
440 5052 531 5106 καὶ
597 5047 819 5130 γυναιξὶ,
900 5048 1103 5113 δούλοις
1170 5049 1258 5104 καὶ
1329 5048 1549 5126 κυρίοις,
1607 5049 1694 5103 καὶ
1751 5050 1816 5105 τὰ
1893 5065 1919 5108 ε

1909 5046 2202 5109 concludit
2257 5043 2578 5126 Epistolam
2637 5063 2650 5108 τ
2711 5044 3057 5106 adhortatus
3106 5042 3268 5123 ipsos
3331 5052 3394 5104 ut
3446 5044 3546 5106 ubi

166 5135 302 5193 ἄλλα
331 5138 399 5194 τὰ
425 5141 557 5216 πρὸς
596 5137 699 5205 ἤθη
740 5135 1153 5214 συμϐουλεύσας,
1208 5135 1412 5193 τελειοτ
1439 5136 1536 5201 τὴν
1566 5134 1821 5194 Ἐπιστο›
1906 5134 1919 5195 1

1909 5134 2057 5197 lecta
2086 5134 2293 5195 fuisset
2320 5134 2472 5214 apud
2524 5152 2628 5195 eos
2681 5131 2963 5212 Epistola,
3022 5140 3307 5195 curarent
3357 5132 3544 5214 ipsam

164 5223 290 5300 λὴν,
344 5224 706 5304 παραγγείλας
740 5240 859 5290 τοῖς
902 5229 1108 5305 αὐτοῖς,
1168 5224 1261 5281 ἵνα
1318 5222 1450 5279 ὅταν
1509 5223 1820 5302 ἀναγνωσθῇ
1903 5242 1919 5284 t

1909 5242 2136 5304 quoque
2168 5222 2475 5300 legendam
2524 5222 2583 5282 in
2629 5227 2782 5285 cmtu
2812 5219 3295 5296 Laodicensium,
3332 5231 3389 5283 et
3418 5240 3550 5303 quae

166 5313 289 5393 παρ’
320 5315 509 5376 αὐτοῖς
535 5316 571 5382 ἡ
602 5314 918 5395 Ἐπιστολὴ,
953 5317 1217 5385 ποιήσωσι
1243 5313 1331 5368 καὶ
1352 5310 1406 5366 ἒν
1425 5316 1495 5387 τῇ
1526 5308 1819 5369 Λαοδικέων
1901 5312 1919 5374 1

1909 5311 2354 5375 Laodicensium
2410 5318 2555 5385 erat,
2603 5319 2664 5370 ut
2715 5309 2889 5372 etiam
2946 5310 3099 5393 apud
3158 5308 3327 5395 ipsos
3381 5309 3549 5389 lege-

165 5401 423 5475 ἐκκλησίᾳ
451 5404 618 5471 αὐτὴν
645 5403 1063 5483 ἀναγνωσθῆναι,
1098 5406 1184 5459 καὶ
1212 5403 1308 5469 τὴν
1329 5398 1390 5456 ἔκ
1410 5396 1713 5465 Λαοδικείας
1732 5403 1821 5458 καὶ
1903 5409 2088 5465 retur.

162 5494 230 5554 είς
262 5492 454 5555 αὖτοὺς
484 5491 880 5570 ἀναγνωσθῆναι
892 5542 904 5555 ,

494 5654 733 5715 Pnaor.
791 5656 901 5717 Ga.
951 5654 1131 5717 CXIX

321 6039 517 6188 (⁵ο)
