4140 6212
477 263 541 326 11
1590 262 2000 328 CECUMENII
2051 265 2112 325 Τ]

2199 264 2345 325 ΒΟΐΕ
2386 258 2716 325 EPISCOPI
3766 257 3834 318 12

1051 395 1552 462 THEODORETI.
2131 403 2174 452 Α
2779 400 3241 454 eaoanpuror.

559 489 619 552 [ιι
641 488 914 570 pluribus
933 488 1214 571 Epistolis
1229 489 1522 570 signiﬁcat
1550 487 1868 569 Apostolus
1891 487 2111 548 media-

2272 487 2360 546 Ἐν
2389 488 2614 551 πολλοῖς
2643 491 2671 544 ὁ
2716 485 3040 549 Ἀπόστολος
3070 484 3228 553 δηλοῖ
3255 487 3352 553 τὴν
3403 486 3534 565 πρὸς
3580 487 3672 540 τὸν
3703 487 3829 540 Θεὸν

476 579 699 641 tionem
731 577 803 638 ad
835 577 1020 639 Deum
1065 597 1135 639 ac
1188 581 1418 642 Patrem
1470 586 1528 640 et
1563 576 2107 639 reconciliationem

2194 576 2277 631 καὶ
2333 575 2536 654 Πατέρα
2593 575 2859 648 μεσιτείαν
2913 575 3000 630 καὶ
3055 572 3396 651 καταλλαγὴν
3452 585 3569 636 τοῖς
3626 572 3829 650 ἀνθρώ-

473 667 793 747 contigisse
816 665 1154 728 hominibus
1173 666 1527 748 perFilium.
1547 665 1738 728 uUnus
1755 665 1911 726 enim
1927 664 2105 737 Deus,

2192 687 2311 727 ποις
2342 662 2425 720 διὰ
2467 670 2557 721 τοῦ
2611 667 2734 721 Υίοῢ
2792 661 3088 740 γεγονέναι.
3157 681 3187 721 ς
3241 665 3336 724 Εἷς
3365 661 3464 740 γὰρ
3494 662 3646 740 Θεὸς,
3678 663 3827 740 φησὶ,

474 758 686 838 inquit,
723 764 780 818 et
815 775 967 818 unus
1018 756 1308 818 mediator
1347 755 1454 818 Dei
1485 764 1548 818 ct
1577 756 1883 820 hominum
1932 755 2108 815 homo

2193 755 2279 808 καὶ
2335 756 2417 816 εἷς
2476 754 2695 828 μεσίτης
2749 758 2880 808 Θεοῦ
2921 752 3009 807 καὶ
3045 751 3328 830 ἀνθρώπων
3391 749 3657 829 ἅνθρωπος
3714 749 3828 816 Ἰη-

472 836 738 909 Christus
780 847 949 908 lesus
978 845 1023 907 ί.
1064 868 1086 901 υ
1125 846 1502 926 Rursumque
1536 866 1550 907 :
1579 870 1604 900 α
1633 846 1746 905 Per
1783 861 1957 924 quem
2006 860 2107 903 re-

2196 846 2314 903 σοῦς
2373 842 2616 917 Χριστός,
2681 863 2708 894 n
2778 839 2876 895 Καὶ
2931 837 3086 895 πάλιν
3122 857 3138 874 ο
3205 862 3232 891 α
3287 836 3367 894 Δι’
3411 841 3489 909 οὗ,
3538 839 3688 918 φησὶ,
3732 838 3831 905 τὴν

471 933 949 997 conciliationem
981 933 1317 1013 accepimus
1335 934 1422 998 9.»
1451 933 1522 995 Et
1543 932 1830 995 Dominus
1847 931 2106 1012 seipsum

2194 927 2532 1007 καταλλαγὴν
2563 928 2897 1008 ἐσχήκαμεν.
2951 951 2974 984 ιι
3025 929 3122 984 Καὶ
3183 930 3210 983 ὁ
3267 929 3445 1007 Κύριος
3501 929 3652 1006 θύραν
3702 928 3829 983 ἑαυ-

471 1025 686 1086 ostium
721 1029 781 1085 et
809 1021 959 1082 viam
993 1021 1250 1102 appellat
1281 1023 1335 1083 3.
1373 1022 1578 1103 Neque
1609 1025 1767 1082 enim
1797 1019 1913 1082 alio
1935 1019 2106 1080 modo

2196 1020 2280 1072 τὸν
2310 1019 2397 1072 καὶ
2425 1015 2542 1074 ὁδὸν
2599 1015 2780 1075 καλεῖ.
2839 1018 2910 1073 Οὔ
2962 1017 3061 1094 γὰρ
3107 1016 3296 1095 ἑτέρως
3340 1018 3384 1072 εἰ
3444 1017 3522 1091 μὴ
3578 1014 3644 1072 δι’
3677 1019 3831 1076 αὐτοῦ

472 1112 587 1173 nisi
620 1129 725 1192 per
752 1110 944 1191 ipsum
967 1111 1102 1172 etin
1134 1110 1262 1190 ipso
1286 1110 1572 1190 contingit
1599 1110 1873 1191 cuiquam
1903 1126 2107 1170 acces-

2196 1107 2278 1161 καὶ
2329 1106 2383 1161 ἐν
2438 1109 2578 1180 αὐτῷ
2647 1103 2860 1161 ἀπέλθοι
2927 1127 3006 1168 τις
3080 1107 3210 1185 πρὸς
3286 1107 3376 1161 τὸν
3446 1105 3674 1184 Πατέρα.
3736 1108 3831 1165 Διὰ

473 1219 573 1262 sus
598 1201 670 1262 ad
706 1202 936 1263 Patrem
966 1199 1017 1258 4.
1051 1198 1300 1280 Propter
1351 1201 1463 1262 hoc
1505 1216 1761 1279 namque
1792 1215 1924 1259 cum
1956 1196 2108 1258 Deus

2196 1204 2344 1253 τοῦτο
2375 1195 2474 1273 γὰρ
2519 1194 2592 1251 ὢν
2652 1196 2802 1264 Θεὸς,
2849 1197 2936 1250 καὶ
2992 1194 3259 1273 ἅνθρωπος
3300 1195 3538 1274 γέγονεν,
3597 1195 3688 1251 ἵνα
3717 1203 3831 1269 Θεῷ

470 1299 651 1364 esset,
695 1289 871 1350 homo
903 1306 1139 1369 quoque
1189 1289 1373 1350 factus
1403 1297 1512 1370 est,
1542 1296 1608 1350 ut
1637 1288 1790 1349 inter
1837 1285 2020 1348 Deum
2055 1294 2105 1345 et

2191 1285 2278 1339 καὶ
2325 1283 2620 1362 ἀνθρώποις
2687 1284 2992 1362 μεσιτεύση,
3079 1284 3232 1340 τοῦτό
3313 1306 3370 1340 τε
3449 1285 3522 1342 ὧν
3585 1286 3825 1343 κάκεῖνο.

471 1379 741 1440 homines
773 1377 1063 1438 mediator
1090 1376 1420 1453 exsisteret,
1468 1378 1569 1458 qui
1612 1385 1670 1439 et
1720 1377 1833 1438 hoc
1881 1385 1937 1437 et
1965 1374 2106 1435 illud

2194 1371 2342 1428 Ἀλλ’
2374 1375 2420 1429 οἱ
2473 1372 2818 1444 Κολοσσαεῖς,
2875 1373 2976 1428 ὑπὸ
3032 1372 3275 1450 ἀγγέλων
3316 1373 3484 1448 ᾤοντο
3525 1376 3623 1442 τὴν
3661 1397 3829 1454 προσ-

473 1468 876 1530 esset.Verum
905 1465 1319 1528 existimabant
1349 1465 1730 1530 Colossenses
1774 1482 1881 1545 per
1923 1481 2106 1539 ange-

2198 1462 2409 1540 αγωγὴν
2457 1461 2693 1545 γενέσθαι
2736 1463 2868 1540 πρὸς
2919 1463 3008 1517 τὸν
3057 1461 3289 1541 Πατέρα,
3347 1467 3434 1520 καὶ
3490 1464 3549 1520 οὒ
3605 1462 3688 1520 διὰ
3742 1471 3833 1521 τοῦ

472 1555 562 1617 los
592 1573 895 1617 accessum
928 1553 1133 1615 haberi
1163 1554 1235 1615 ad
1268 1558 1498 1617 Patrem
1531 1563 1588 1616 et
1618 1571 1734 1615 non
1774 1536 1878 1634 por
1902 1536 2106 1615 Chris-

2196 1536 2442 1629 Χριστοῦ.
2472 1536 2691 1608 Ἔπειτα
2721 1536 2923 1612 πολλὰς
2941 1551 3100 1630 εἶχον
3129 1536 3522 1630 παρατηρήσεις
3541 1551 3831 1616 Ἰουδαϊκὰς

473 1653 619 1707 tum.
657 1642 884 1707 Deinde
918 1642 1132 1703 multas
1162 1642 1459 1706 habebant
1479 1642 1752 1706 ludaicas
1776 1631 1844 1704 ac
1875 1640 2108 1705 Graecas

2197 1641 2277 1696 καὶ
2311 1631 2642 1712 Ἑλληνικὰς,
2675 1638 2878 1716 ἡμέρας
2902 1639 3358 1716 παρατηρούμενοι
3390 1642 3477 1698 καὶ
3505 1644 3716 1721 καιροὺς
3747 1644 3832 1698 καὶ

473 1735 942 1809 observationes,
975 1733 1105 1796 dies
1125 1733 1508 1798 observantes
1535 1742 1594 1796 et
1623 1742 1958 1814 temporum
1996 1752 2106 1814 op—

2194 1727 2292 1784 ὅσα
2331 1736 2569 1790 τοιαῦτα,
2622 1738 2784 1784 Ατινα
2841 1728 3034 1798 πάντα,
3097 1727 3310 1806 γράφων
3357 1729 3457 1796 τὴν
3489 1728 3829 1810 Ἐπιστολὴν,

474 1825 864 1905 portunitates
890 1830 948 1884 et
967 1841 1334 1904 quaecunque
1366 1823 1708 1902 hujusmodi
1739 1830 1948 1898 erant;
1980 1839 2109 1902 quae

1153 1842 1334 1904 mque
1366 1823 1708 1902 hujusmodi
1739 1830 1948 1898 erant;
1980 1839 2111 1902 quae
2192 1815 2476 1895 διορθοῦται
2506 1820 2534 1874 δ
2566 1815 2788 1882 Παῦλος.

474 1913 674 1976 omnia
704 1911 1022 1974 scribendo
1052 1911 1372 1993 Epistolam
1395 1911 1636 1991 corrigit
1661 1911 1895 1972 Paulus.

517 2017 932 2085 EPISTOLE
973 2019 1082 2081 AD
1127 2017 1726 2083 COLOSSE'NSES
1767 2017 1858 2080 CA
1875 2017 2081 2080 ΡΙΤΑ.

1986 2018 2081 2080 ΓΑ,
2402 2037 2429 2067 α
2465 2018 2805 2071 ΚΕΦΑΛΑΙΛ
2834 2018 2964 2069 ΤΗΣ
2997 2019 3168 2071 ΠΡΟΣ
3202 2019 3621 2072 ΚΟΛΟΣΣΑΕΙΣ

2779 2107 3186 2158 ΕΠΙΣΤΟΛΗΣ.
3226 2124 3249 2158 ο

2873 2108 3186 2162 ΙΣΤΟΛΗΣ.
3226 2124 3249 2159 ο

475 2219 533 2280 1.
568 2216 929 2281 Gratiarum
959 2221 1115 2278 actio
1141 2216 1219 2277 de
1252 2214 1836 2294 Colossensibus,qui
1869 2219 2110 2294 propter

2200 2200 2272 2272 α’,
2315 2229 2338 2264 ι
2379 2210 2698 2288 Εὖχαριστία
2727 2209 2854 2286 ὑπὲρ
2911 2206 3258 2266 Κολοσσαέων
3305 2211 3676 2269 οἷκειωθέντων
3722 2221 3835 2288 Θεῷ

731 2323 920 2384 spem,
952 2305 1072 2366 Deo
1103 2303 1443 2382 familiares
1473 2309 1666 2380 enecti
1691 2309 1860 2364 sunt.
2004 2389 2013 2391 ξ
2199 2375 2248 2391 Α.
2277 2297 2360 2354 ἐπ’
2399 2296 2590 2391 ἐλπίδι,

475 2395 536 2456 2.
561 2395 842 2456 Precatio
859 2411 977 2474 pro
996 2395 1236 2473 ipsis,ut
1262 2393 1641 2473 recipiantur
1657 2389 2110 2469 adsapientiam

2196 2385 2269 2460 β’,
2323 2406 2346 2438 α
2384 2385 2538 2464 Εὐχὴ
2568 2385 2697 2462 ὑπὲρ
2727 2385 2895 2440 αὐτῶν
2924 2387 2995 2449 εἰς
3027 2387 3210 2466 σοφίαν
3237 2391 3554 2467 πρακτικὴν,
3588 2393 3661 2456 εἷς
3677 2390 3831 2452 δυνά-

555 2481 1038 2562 operativam,ad
1059 2483 1342 2544 virtutem
1363 2479 1697 2542 tolerantia:
1717 2495 1852 2542 cum
1871 2477 2112 2558 gratia-

2278 2496 2366 2547 μιν
2397 2475 2687 2552 ὅπομονῆς,
2734 2476 2824 2530 σὺν
2883 2475 3189 2552 εὐχαριστίᾳ
3243 2479 3341 2544 τῆς
3395 2480 3708 2545 οἶκειώσεως
3738 2481 3832 2548 τῆς

558 2588 698 2632 rum
711 2571 954 2632 actione
965 2569 1450 2648 familiaritatis,
1471 2585 1603 2647 quae
1621 2576 1705 2630 est
1724 2585 1806 2630 ea:
1822 2565 2112 2647 puriﬁca-

1072 2569 1450 2642 ziliaritatis,
1471 2585 1603 2647 quae
1621 2576 1806 2630 estea:
1822 2565 2112 2647 puriﬁca-
2279 2562 2332 2616 ἐν
2361 2562 2630 2639 καθάρσει.
2683 2584 2707 2615 ιο

558 2663 732 2723 tione.

477 2751 538 2812 3.
596 2751 680 2812 De
728 2749 1037 2810 creatione
1080 2763 1190 2828 per
1252 2747 1555 2808 Christum
1579 2796 1595 2822 ,
1645 2753 1698 2807 et
1749 2743 2112 2807 reconcilia-

2200 2729 2271 2816 γ’,
2311 2760 2333 2794 α
2375 2741 2493 2818 Περὶ
2519 2739 2614 2806 τῆς
2647 2740 2700 2796 ἐν
2729 2747 2934 2818 Χριστῷ
2975 2741 3194 2805 κτίσεως
3250 2745 3338 2798 καὶ
3381 2743 3699 2814 ἆνακτίσεως
3741 2754 3835 2816 τῆς

811 2838 973 2899 tione
995 2853 1108 2915 per
1135 2835 1620 2913 conjunctionem
1653 2835 1790 2897 Dei.
2210 2906 2249 2915 γ’
2277 2829 2411 2884 κατὰ
2441 2854 2446 2880 ι

1342 2837 1620 2898 tationem
1653 2835 1790 2897 Dei.
2240 2829 2411 2915 ¹κσιτᾶι
2441 2829 2718 2908 συνάφειαν
2761 2836 2911 2890 Θεοῦ.
2950 2852 2977 2884 ιι

478 2929 536 2988 4.
574 2925 662 2988 De
689 2927 958 3006 gentium
987 2906 1370 3000 adductione,
1405 2942 1537 3006 quae
1560 2924 1730 3000 facta
1771 2933 1859 2988 est
1889 2925 1953 2986 in
1981 2942 2113 2987 cor-

2205 2906 2270 2979 5',
2310 2940 2337 2970 ι
2372 2919 2495 2997 Περὶ
2524 2906 2684 3007 ἐθνῷν
2731 2922 3088 2998 προσαγωγῆς
3131 2921 3228 2986 τῆς
3271 2921 3325 2978 ἐν
3382 2923 3589 3000 σώματι
3622 2935 3840 3007 Χριστοῦ

715 3032 861 3096 pore
888 3022 944 3078 et
967 3019 1251 3096 passione
1283 3004 1512 3077 Christi
1533 3032 1645 3095 per
1672 3013 1874 3094 ﬁdem.
2234 3086 2244 3096 ‘
2277 3007 2350 3062 καί

1392 3004 1512 3077 ρἶεῑὶ
1533 3032 1645 3095 per
1672 3013 1874 3094 ﬁdem.
2234 3086 2244 3096 ‘
2277 3007 2364 3062 καὶ
2407 3007 2557 3062 πάθει
2601 3004 2684 3096 δια
2711 3007 2960 3070 πίστεως,
3002 3030 3027 3061 ιι

481 3106 540 3169 5.
573 3105 658 3167 De
709 3086 987 3166 doctrina
1028 3105 1222 3184 ipsius
1268 3104 1500 3166 tradita
1533 3086 1949 3183 per-labores,
2010 3119 2112 3163 re-

2198 3086 2266 3158 ε’.
2318 3119 2341 3150 ιι
2379 3097 2501 3174 Περὶ
2531 3101 2630 3162 τῆς
2661 3093 2742 3152 διὰ
2798 3098 2904 3152 τῶν
2959 3098 3136 3154 πόνων
3179 3099 3336 3156 αὗτοῦ
3391 3099 3642 3184 διδαχῆς,
3703 3107 3833 3163 ἀνα-

599 3193 991 3255 conciliativa
1021 3191 1102 3253 ad
1131 3189 1561 3253 exhibitionem
1598 3207 1806 3252 coram
1840 3189 1991 3252 Deo.

1608 3207 1806 3252 coram
1840 3189 1991 3252 Πεο,
2272 3189 2536 3264 ,κτητικῆς
2570 3186 2642 3248 εἷς
2671 3185 2998 3264 παράστασιν
3028 3186 3179 3247 Θεοῦ.
3214 3206 3243 3248 ι

479 3281 540 3344 6.
567 3280 740 3355 Quod
754 3298 875 3342 non
890 3285 1158 3360 aporleat
1181 3297 1278 3342 eos
1297 3281 1402 3358 qui
1421 3279 1783 3360 sapientiam
1811 3279 2034 3341 habent
2053 3281 2114 3340 in

2199 3274 2260 3348 ς’
2269 3262 2300 3365 ’τ
2380 3295 2403 3329 c
2461 3275 2600 3365 ΔΠερὶ
2668 3262 2760 3365 του
2828 3274 2906 3365 μὴ
2981 3275 3268 3353 ὑπάγεσθαι
3328 3279 3622 3360 ἀνθρωπίνῃ
3681 3287 3834 3365 σοφίᾳ

575 3369 842 3443 Christo,
868 3369 1136 3431 humana
1167 3368 1444 3430 incedere
1463 3367 1676 3447 fallaci
1699 3371 2022 3448 sapientia.

2278 3361 2550 3440 ἀπατηλῇ,
2622 3363 2742 3427 τοὺς
2825 3362 2877 3418 ἐν
2949 3370 3155 3443 Χριστῷ
3227 3368 3326 3433 τὴν
3405 3372 3590 3450 σοφίαν
3671 3361 3835 3453 ἔχόν-

2280 3473 2398 3516 τας,
2450 3475 2478 3506 ι
3191 3481 3198 3488 -

477 3550 540 3613 ‘7.
576 3548 746 3624 Quod
775 3549 1122 3624 coniunctio
1152 3547 1231 3608 ad
1262 3545 1480 3628 Deum,
1514 3545 1926 3627 spiritualiter
1967 3565 2112 3627 quo-

2203 3534 2269 3615 E'.
2332 3567 2359 3598 α
2426 3529 2531 3601 ’δτι
2587 3546 2622 3611 ἡ
2678 3544 2807 3623 πρὸς
2854 3546 2984 3600 Θεὸν
3026 3546 3274 3625 συνάφεια
3344 3550 3430 3605 καὶ
3485 3551 3549 3612 τὰ
3600 3559 3691 3608 τοῦ
3747 3553 3838 3609 νό-

563 3655 676 3718 que
694 3656 764 3700 ea
793 3654 925 3717 qua:
948 3639 1101 3716 legis
1119 3641 1262 3697 sunt
1291 3638 1554 3699 continet
1579 3636 1660 3698 ad
1682 3638 2119 3700 connivendum

2281 3656 2382 3709 μου
2517 3632 2755 3713 περιέχει
2861 3641 3225 3709 πνευματικῶς
3327 3639 3399 3701 είς
3508 3640 3569 3696 τὸ
3679 3647 3835 3717 ωζῇν

564 3725 829 3795 Christo.

2252 3801 2261 3804 Δ
2285 3729 2514 3804 Χριστῷ.
2565 3745 2592 3778 ι

482 3817 540 3880 8.
577 3815 743 3890 Quod
779 3813 928 3895 legis
959 3813 1232 3875 carnalis
1274 3815 1402 3894 typi
1433 3813 1792 3876 carnalibus
1831 3815 1897 3876 in
1933 3817 2117 3894 pretio

2205 3801 2283 3880 η’.
2345 3835 2368 3872 ε
2449 3821 2541 3871 Οτι
2588 3815 2634 3867 οἱ
2692 3818 2782 3868 τοῦ
2819 3820 3068 3891 σαρκικοῦ
3117 3813 3280 3888 νόμου
3331 3817 3505 3890 τύποι,
3567 3833 3840 3898 σαρκικοῖς

561 3903 1003 3981 habentur,non
1023 3901 1279 3980 spiritua
1290 3902 1444 3964 libus
1464 3904 1569 3982 qui
1587 3903 1876 3964 uirtutem
1893 3903 2125 3968 Christi

2282 3901 2562 3980 χρήσιμοι,
2654 3903 2713 3959 οὗ
2805 3916 3182 3975 πνευματικοῖς
3281 3916 3398 3967 τοῖς
3491 3905 3544 3961 ἐν
3626 3904 3836 3982 δυνάμει

559 3992 799 4054 vivunt.

2284 3997 2507 4069 Χριστοῦ
2545 3988 2722 4055 ξῶσιν,
2763 4014 2786 4050 ι

480 4082 543 4144 9.
575 4079 938 4143 Exhortatio
969 4078 1050 4139 ud
1075 4083 1530 4159 purgationem,
1563 4081 2115 4156 sanctiﬁcationem,

2205 4071 2271 4140 θ’.
2359 4102 2385 4132 α
2468 4079 2774 4159 Παραίνεσις
2867 4082 3186 4159 καθάρσεως,
3277 4084 3561 4162 ἁγιασμοῦ,
3648 4085 3840 4166 φιλαν-

566 4171 1010 4248 benignitatem,
1043 4173 1352 4247 pietatem,
1377 4167 1649 4229 discendi
1677 4185 1959 4238 amorem.
1985 4186 2122 4231 can-

2281 4168 2534 4248 θρωπίας,
2649 4168 3041 4249 φιλοθεότητος,
3167 4170 3529 4252 φιλομαθείας,
3653 4173 3841 4251 ψαλμ-

563 4267 689 4321 tum
722 4257 1131 4328 Psalmorum,
1165 4255 1534 4318 laudabilem
1563 4257 1894 4319 secundum
1931 4257 2118 4320 Deum
2143 4284 2188 4334 ο

2286 4255 2461 4336 ῳδίας,
2567 4258 2800 4336 εὐφήμου
2909 4260 2978 4324 εἷς
3077 4261 3206 4316 Θεὸν
3292 4259 3587 4341 διαγωγῆς,
3673 4263 3842 4343 εὐχα-

561 4345 1104 4418 conversationem,
1137 4353 1198 4406 et
1225 4347 1570 4422 gratiarum
1599 4345 1920 4410 actionem.

933 4362 1104 4418 mem,
1137 4353 1198 4406 et
1225 4347 1570 4422 gratiarum
1599 4345 1920 4410 actionem.
2285 4347 2506 4425 pmlzc.
2546 4367 2568 4400 ι

487 4437 582 4499 10.
623 4436 764 4511 Qum
787 4433 868 4496 ad
887 4432 1272 4496 concordiam
1295 4450 1442 4514 erga
1458 4435 1804 4513 familiares
1822 4443 2118 4515 spectant.

1904 4443 2118 4499 ectant.
2208 4426 2269 4498 ι’.
2307 4460 2335 4490 α
2381 4435 2457 4492 Τὰ
2499 4436 2628 4514 πρὸς
2671 4436 2792 4500 τοὺς
2835 4438 3054 4502 οἰκείους
3087 4441 3474 4514 ὁμονοητικῶς.
3514 4459 3539 4498 ι

567 4593 642 4655 il
685 4592 840 4655 Tim.
873 4609 938 4668 It,
969 4593 1029 4656 5.
1117 4593 1148 4643 3
1175 4593 1350 4657 Rom.
1384 4611 1442 4668 ν,
1484 4597 1576 4658 14.
1661 4595 1887 4656 ³10811.
1924 4614 1982 4670 x,
2013 4598 2073 4658 9.
2161 4595 2195 4647 4

1117 4593 1148 4643 9
1175 4593 1350 4657 Rom.
1384 4611 1442 4668 ν,
1484 4597 1576 4658 14.
1661 4595 1695 4644 3
1718 4597 1887 4656 Joan.
1924 4614 1982 4670 ι,
2013 4598 2073 4658 9.
2161 4595 2195 4647 4
2221 4596 2426 4659 Matth.
2456 4611 2538 4672 ιι,
2571 4596 2671 4657 2⁸7.
