4140 6212
300 356 364 418 ⁸21
1342 359 1739 423 COMMENT.
1789 359 1870 421 IN
1916 355 2157 420 EPIST.
2206 355 2306 416 AD
2333 350 2627 418 COLOSS.

3606 355 3686 418 22

302 513 418 568 χων
475 487 762 564 δεσπότης,
811 506 930 555 τοῖς
979 494 1126 549 κάτω
1183 498 1414 569 συνῆψεν
1458 491 1665 552 ἑαυτόν.
1707 514 1736 546 α
1785 513 1808 546 ι
1843 493 1953 556 Τῆς

2040 491 2477 564 consequenter
2504 491 2566 546 et
2587 483 3040 565 benignitatem,
3068 487 3226 567 quod
3257 505 3391 548 cum
3418 485 3683 546 omnium

305 575 642 643 Ἐκν-λτισίις.
687 605 712 632 ο
750 589 857 639 Τοῦ
885 582 1097 638 πάντων
1139 581 1425 660 ἀνθρώπων
1469 581 1670 660 γένους.
1713 602 1736 636 ι
1798 585 1954 657 Πρω-

318 667 527 731 τότοκος
590 667 648 724 ἐκ
703 671 810 726 τῶν
876 675 1093 748 νεκρῶν.
1160 695 1185 728 ο
1239 668 1440 750 Ἀρχὴ
1479 671 1661 751 φησὶν,
1721 669 1954 725 ἀναστά-

322 778 451 817 σεως
479 758 558 812 καὶ
588 757 850 838 πρόφασις
882 759 1189 836 γενόμενος.
1254 751 1315 816 Ἠ
1352 759 1576 839 ἀπαρχὴ
1620 757 1696 838 δὲ,
1757 756 1954 824 δηλον-

311 845 387 897 ότι
419 846 502 898 καὶ
557 846 620 899 τὸ
676 851 781 900 πᾶν
837 845 952 924 ἔχει
1012 847 1294 922 ἑπόμενον,
1347 844 1600 926 Ἀπαρχὴ
1629 844 1682 902 δὲ
1726 859 1950 924 νοεῖται,

307 933 362 986 τὸ
447 930 709 1011 ἐξαίρετον
799 938 885 990 καὶ
962 943 1078 1011 Θεῴ
1138 938 1210 1000 εἰς
1278 937 1455 996 θυσίαν
1535 936 1954 1015 προσαγόμενον.

303 1029 469 1078 Τοῦτο
524 1024 627 1100 γὰρ
693 1025 780 1078 καὶ
836 1027 864 1080 ὁ
923 1027 1142 1102 Χριστὸς
1200 1027 1510 1092 πεποίηκεν.
1564 1047 1590 1078 α
1656 1023 1746 1080 Ἐν
1799 1030 1956 1080 πᾶσιν

302 1110 462 1172 αὖτὸς
513 1113 816 1190 πρωτεύων.
880 1137 906 1167 ι
969 1117 1065 1171 Καὶ
1124 1115 1223 1193 γὰρ
1274 1116 1361 1170 καὶ
1417 1115 1520 1193 πρὸ
1582 1114 1791 1169 πάντων
1848 1117 1955 1168 τῶν

299 1199 510 1255 uicinum
541 1203 852 1280 γεγέννηται
899 1203 958 1259 ἐκ
1006 1213 1098 1263 τοῦ
1153 1205 1382 1283 Πατρὸς,
1442 1205 1528 1259 καὶ
1583 1205 1685 1281 πρὸ
1741 1203 1954 1258 πάντων

298 1287 594 1367 ἀνθρώπων
648 1292 841 1358 ἀνέστη
908 1291 969 1347 ἐκ
1047 1298 1152 1349 τῶν
1223 1297 1443 1372 νεαρῶν,
1501 1292 1784 1349 ἀνάστασιν
1855 1292 1952 1358 τὴν

300 1380 398 1435 οὐκ
456 1377 532 1433 ’ἔτι
563 1380 834 1454 ὀψομένην
877 1383 1123 1444 θάνατον,
1177 1406 1204 1436 ι
1265 1365 1370 1440 Ὅτι
1420 1382 1472 1437 ἐν
1517 1379 1672 1454 ἀὖτῷ
1728 1378 1951 1446 εὐδόκη-

303 1487 414 1524 σεν.
462 1490 485 1520 ιο
536 1465 784 1548 Θέλησις,
841 1473 990 1549 φησὶ,
1038 1473 1124 1525 καὶ
1169 1468 1371 1526 εὐδοκία
1427 1469 1641 1548 γέγονεν
1681 1469 1736 1524 ἐν
1792 1471 1951 1547 αὐτῷ,

2041 570 2117 633 sit
2161 571 2490 648 Dominus,
2541 572 2928 635 inferioribus
2985 573 3244 654 seipsum
3306 573 3687 654 conjunxerit

2042 681 2072 720 ‹
2111 658 2414 723 Ecclesiae.
2449 686 2471 717 ι
2503 663 2754 723 Generis
2797 663 3063 724 omnium
3113 663 3448 725 hominum.
3484 686 3511 720 «
3547 661 3682 724 Pri-

2042 750 2376 830 mogenitus
2398 769 2467 812 ex
2492 750 2762 812 mortuis.
2787 776 2814 807 ι)
2849 750 3084 827 Factus,
3118 752 3332 834 inquit,
3367 753 3602 814 initium
3629 759 3687 814 et

2041 837 2275 898 occasio
2303 837 2761 901 resurrectionis
2811 839 3089 900 Primitiae
3115 858 3274 910 vero,
3304 858 3517 920 nempe
3548 859 3682 900 om-

2039 926 2135 986 nia
2168 925 2393 986 habens
2418 943 2483 987 se
2513 926 3218 1008 sequentialntelligitur
3246 937 3439 990 autem
3470 927 3682 1009 primi-

2038 1013 2134 1074 tiae
2179 1015 2332 1094 quod
2403 1015 2766 1096 praecipuum
2839 1025 2950 1095 est,
3012 1025 3071 1078 et
3127 1016 3250 1078 Deo
3305 1017 3366 1078 in
3429 1017 3679 1078 hostiam

2035 1103 2300 1164 oﬂ‘ertur.
2353 1102 2475 1164 Hoc
2533 1104 2755 1165 etenim
2811 1105 3086 1168 Christus
3135 1106 3297 1180 fecit,
3353 1131 3379 1161 (ι
3415 1104 3487 1168 Ut
3516 1105 3591 1170 sit
3621 1105 3682 1167 in

2041 1193 2318 1254 omnibus
2362 1193 2488 1274 ipSe
2519 1195 2744 1274 primas
2776 1203 3006 1257 tenens.
3047 1221 3073 1251 ιι
3109 1199 3260 1260 Nam
3292 1207 3351 1259 et
3383 1205 3518 1258 ante
3550 1213 3682 1257 om-

2042 1283 2138 1343 nia
2168 1283 2382 1344 saecula
2423 1293 2596 1345 natus
2618 1292 2707 1346 est
2729 1303 2796 1346 ex
2824 1287 3018 1361 Patre,
3054 1291 3111 1346 et
3143 1295 3279 1346 ante
3308 1304 3518 1346 omnes
3569 1286 3684 1346 ho-

2041 1370 2231 1431 mines
2260 1371 2513 1432 surrexit
2534 1391 2602 1434 ex
2625 1372 2894 1448 mortuis,
2915 1373 3359 1435 resurrectione
3380 1392 3553 1454 quam
3566 1393 3684 1434 non

2039 1460 2251 1538 sitjam
2277 1460 2666 1523 subsecutura
2698 1481 2881 1525 mors.
2913 1486 2936 1518 σ
2973 1462 3261 1534 Quoniam
3295 1463 3355 1524 in
3381 1462 3484 1524 illo
3515 1481 3683 1524 com-

297 1555 566 1634 τοπέστι,
609 1565 687 1631 τῷ
743 1566 968 1636 Χριστῷ,
1031 1560 1170 1615 ἅπαν
1238 1561 1299 1615 τὸ
1369 1557 1634 1637 πλήρωμα
1692 1559 1954 1624 κατοικῆ-

2043 1549 2319 1628 placitum
2353 1559 2465 1612 est.
2501 1578 2525 1606 υ
2563 1550 2869 1632 Voluntas,
2896 1551 3110 1632 inquit,
3148 1561 3206 1614 et
3245 1551 3681 1633 beueplacitum

298 1665 386 1697 σαι
418 1649 519 1709 τῆς
541 1646 814 1725 θεότητος,
850 1649 973 1704 ὡσεὶ
1005 1650 1158 1704 εἶπεν
1192 1665 1204 1678 ·
1242 1646 1309 1706 Εἴ
1338 1671 1386 1704 τι
1416 1648 1481 1714 ἦν
1513 1650 1540 1703 ὁ
1585 1650 1714 1712 Θεὸς
1758 1648 1954 1726 Λόγος,

2040 1638 2254 1698 factum
2287 1647 2375 1699 est
2405 1640 2464 1699 in
2489 1639 2638 1720 ipso,
2674 1659 2889 1720 nempe
2920 1641 3173 1715 Christo,
3201 1641 3538 1703 universam
3563 1640 3682 1721 ple-

295 1732 415 1787 ἐκεῖ
442 1733 647 1806 ᾤκησε.
686 1758 711 1792 ε
766 1743 871 1792 Πᾶν
901 1740 962 1792 τὸ
1012 1737 1278 1816 πλήρωμα
1320 1743 1660 1804 κατοικῆσαι.
1739 1762 1766 1793 ι
1831 1736 1954 1816 [ΟΙ-

2040 1724 2384 1824 nitudinem
2402 1727 2736 1824 inhabitare
2766 1728 3087 1824 divinitatis
3115 1751 3134 1824 _:
3170 1748 3238 1824 ac
3267 1730 3317 1790 si
3346 1729 3596 1824 diceret:
3623 1727 3685 1792 Si

297 1826 739 1900 mmemor.)
773 1827 844 1881 Οὔ
890 1814 1180 1905 «praise,
1226 1824 1347 1880 ἀλλ’
1384 1823 1667 1898 οὖσιωδῶς,
1701 1828 1770 1890 ὡς
1801 1814 1953 1904 ψῖδχὴ

2040 1814 2179 1894 quid
2201 1823 2326 1905 erat
2341 1817 2502 1905 Deus
2536 1815 2802 1892 verbum,
2823 1817 2903 1878 ibi
2929 1817 3366 1880 inhabitabat—
3383 1839 3410 1878 ‹
3429 1817 3682 1882 Univer-

293 1907 350 1962 ἐν
409 1911 643 1988 σώματι,
677 1917 738 1971 οὗ
767 1917 922 1996 ψυχὴ
973 1917 1258 1995 γενόμενος
1307 1921 1375 1990 τῇ
1434 1915 1664 1988 σώματι,
1726 1912 1842 1970 ἀλλ’
1901 1914 1954 1968 ἐν

2040 1921 2160 1963 sam
2197 1903 2625 1984 plenitudinem
2661 1906 3194 1970 inhabitare.nNon
3218 1907 3278 1968 in
3307 1908 3546 1969 modum
3569 1908 3679 1968 ha-

297 1996 511 2069 σώματι
590 1999 977 2083 ἐμψυχωμένῳ,
1042 2005 1271 2078 ἐνωθεὶς,
1354 2004 1410 2058 ὃν
1480 2003 1673 2080 τρόπον
1751 2002 1952 2057 ἑνοῦται

2040 1981 2332 2067 bitus,sed
2368 1994 2895 2068 substantiae,sicut
2923 1996 3122 2057 anima
3145 1998 3206 2056 in
3237 2014 3519 2076 corpore:
3557 2015 3675 2056 non

292 2085 454 2162 ψυχὴ
519 2081 867 2162 σώματιί-
896 2103 1130 2153 ΙΩΑΝΝ,
1163 2094 1233 2148 Τὸ
1262 2089 1555 2169 πλήρωμα,
1614 2093 1659 2145 οἱ
1719 2091 1814 2165 μὲν
1855 2095 1954 2155 τῆς

2040 2081 2234 2141 anima
2265 2081 2450 2142 factus
2480 2083 2740 2162 corpori,
2775 2084 2877 2143 sed
2910 2083 2970 2144 in
3002 2101 3276 2164 corpore,
3305 2083 3365 2144 in
3397 2084 3498 2145 illo
3523 2084 3681 2163 quod

293 2175 552 2239 θεότητος
608 2182 759 2256 φασὶ,
819 2183 1050 2260 καθάπερ
1099 2184 1126 2236 ὁ
1197 2180 1447 2245 Ἰωάννης
1511 2177 1708 2257 ἔλεγεν,
1773 2179 1852 2234 ὅτι
1897 2179 1954 2236 ἐκ

2040 2168 2361 2230 animatum
2401 2179 2528 2231 erat
2581 2171 2801 2250 unitus,
2852 2191 2966 2252 quo
3029 2171 3202 2233 modo
3262 2171 3461 2233 unitur
3489 2172 3684 2233 anima

299 2268 393 2315 τοῦ
417 2279 435 2296 ⁶
498 2263 860 2345 πληρώματος
944 2256 1100 2329 αὐτοῦ
1169 2271 1330 2343 ἡμεῖς
1409 2269 1600 2331 πάντες
1671 2256 1952 2346 ἐλάϐομεν,

2041 2256 2296 2346 corpori.
2333 2293 2405 2303 -—
2434 2259 2868 2321 Plenitudinem
2901 2259 3224 2322 divinitatis
3265 2261 3507 2342 quidam
3540 2279 3682 2322 sane

298 2350 596 2429 τουτέστιν,
644 2355 698 2410 εἴ
740 2380 790 2414 τι
821 2359 886 2426 ἧν
943 2362 969 2415 ὁ
1017 2360 1155 2430 ι’ἱὸς,
1200 2357 1324 2419 ὅλος
1356 2359 1384 2413 ὁ
1421 2359 1532 2420 r12).-
1577 2357 1694 2412 ἐκεῖ
1718 2357 1951 2432 ᾤκησεν,

2041 2345 2774 2429 dicunt,quamadmodum
2805 2352 3066 2412 Joannes
3089 2349 3412 2430 dixitquod
3444 2349 3518 2410 de
3550 2349 3678 2428 ple-

295 2437 422 2517 οὖχὶ
480 2439 717 2521 ἐνέργειά
759 2469 863 2524 τις,
911 2445 1029 2503 ἀλλ’
1089 2446 1260 2507 οὖσία,
1323 2445 1430 2504 Οὔκ
1503 2445 1619 2525 ἔχει
1680 2443 1733 2501 δὲ
1789 2448 1954 2503 αἰτίαν

2042 2435 2313 2497 nitudine
2345 2437 2475 2515 ejus
2509 2457 2614 2498 nos
2645 2456 2852 2498 omnes
2874 2437 3266 2518 accepimu36
3297 2460 3310 2501 :
3350 2440 3461 2500 hoc
3487 2445 3596 2511 est,
3628 2438 3680 2501 si

291 2527 468 2583 εἰπεῖν
501 2529 766 2609 οὗδεμίαν,
801 2523 922 2592 ἀλλ’
969 2536 1006 2604 ἢ
1050 2537 1147 2603 τὴν
1196 2533 1410 2602 θέλησιν
1461 2544 1550 2593 τοῦ
1593 2541 1746 2596 Θεοῦ.
1793 2542 1954 2592 Τοῦτο

2040 2523 2178 2603 quid
2213 2533 2337 2585 erat
2365 2525 2571 2599 Filius,
2601 2534 2759 2586 totus
2782 2527 2968 2589 Filius
2996 2527 3079 2588 ibi
3109 2527 3434 2597 hebitabat.
3463 2547 3578 2589 non
3612 2533 3683 2590 ut

291 2616 396 2693 γάρ
441 2618 578 2700 ἐστι,
637 2607 822 2681 εὃτι-ἐν
865 2627 1008 2700 αὖτῷ
1037 2623 1340 2692 εὐδόκησεν.
1375 2646 1398 2680 α
1438 2624 1882 2703 Εἰρηνοποιήσας.
1923 2646 1947 2681 ι

2040 2612 2296 2703 eﬂicacia
2338 2615 2606 2695 quasdam
2659 2633 2764 2676 seu
2817 2615 3107 2696 operatio,
3165 2615 3268 2678 sed
3324 2615 3680 2678 substantia.

293 2704 407 2768 Τὴν
451 2698 611 2765 οὖσαν
641 2711 808 2770 πάλαι
850 2698 1043 2795 ἔχθραν
1083 2713 1269 2779 λύσας.
1332 2713 1468 2771 Εἶτα
1498 2698 1600 2768 1⁹ίνα
1659 2713 1735 2788 μὴ
1794 2715 1948 2789 νομί-

2040 2698 2264 2795 ῌυηδηι
2299 2710 2497 2795 autem
2532 2710 2725 2795 potest
2753 2703 3021 2795 raeddere
3051 2723 3286 2795 causam
3312 2703 3424 2795 nisi
3446 2703 3555 2795 Dei
3575 2723 3678 2795 vo-

288 2811 393 2867 σῃς
439 2799 597 2854 αὖτὸν
649 2802 911 2881 ὑπηρέτου
964 2802 1104 2869 τάξει
1152 2810 1306 2861 τοῦτο
1350 2805 1593 2870 ποιῆσαι,
1652 2803 1834 2880 φησὶν,
1877 2803 1954 2878 Εἰς

2045 2789 2328 2881 luntatem
2386 2793 2535 2854 Nam
2567 2792 2680 2854 hoc
2711 2800 2798 2854 est
2824 2792 2980 2874 quod
3021 2794 3122 2869 ait,
3154 2793 3443 2866 Quoniam
3475 2794 3536 2855 in
3578 2793 3680 2855 illo

292 2885 482 2965 ίιῦτὸν,
553 2891 843 2971 τουτέστιν,
906 2895 1063 2957 αὖτὸς
1124 2895 1294 2967 ἐαυτῷ
1365 2913 1422 2947 τε
1479 2893 1566 2946 καὶ
1622 2893 1784 2968 ιΙατρὶ
1841 2893 1954 2958 τοὺς

2043 2880 2460 2971 complacitum
2494 2890 2604 2971 est.
2627 2906 2668 2971 Ac
2705 2883 2858 2944 Pace
2915 2881 3089 2958 facta,
3127 2906 3148 2941 ι)
3187 2883 3377 2944 soluta
3429 2902 3499 2944 ea
3551 2903 3683 2963 quae

294 2972 608 3051 ἀνθρωπους
665 2967 962 3052 κατήλλαξε
999 3001 1016 3018 ⁸
1061 2981 1222 3045 λύσας
1281 2983 1380 3060 γὰρ
1434 2980 1532 3046 τὴν
1563 2967 1953 3060 πάλαιέχθραν

2041 2967 2182 3028 olim
2215 2977 2340 3030 erat
2364 2969 2698 3031 inimicitia.
2734 2971 2962 3033 Deinde
3007 2990 3085 3034 ne
3121 2971 3316 3052 ipsum
3346 2971 3408 3033 in
3441 2972 3678 3034 modum

293 3063 430 3138 πρὸς
477 3065 607 3121 Θεόν
649 3089 718 3149 ,τε
787 3071 873 3125 καὶ
925 3069 1181 3149 ἀγγέλους
1237 3058 1325 3126 καὶ
1356 3058 1679 3146 ἀνθρώπους
1739 3069 1950 3146 εἰρήνην

2040 3058 2299 3149 ministri
2329 3058 2388 3120 id
2419 3059 2614 3149 facere
2640 3060 2966 3142 existimes,
2991 3061 3099 3124 ait:
3130 3063 3284 3141 Erga
3306 3080 3370 3124 se
3397 3083 3410 3126 :
3437 3062 3550 3124 hoc
3565 3074 3678 3137 εει,

295 3147 578 3218 ἐποίησεν.
649 3138 767 3234 εδρα
823 3157 877 3214 δὲ
1095 3157 1287 3224 λέξεων
1347 3157 1441 3220 τὰς
1485 3155 1762 3236 ἐμφάσεις,
1817 3167 1954 3216 Κατ-

2040 3144 2169 3226 [pse
2189 3145 2303 3208 sibi
2323 3146 2437 3228 ipsi
2459 3167 2529 3210 ac
2551 3148 2707 3212 Patri
2726 3138 2999 3212 homines
3024 3138 3450 3226 reconciliavit,
3489 3151 3682 3233 siqui--

292 3238 519 3317 ήλλιξε,
567 3247 720 3323 φησὶ,
771 3249 859 3302 καὶ
913 3249 1206 3328 εἰρήνευσεν
1248 3249 1393 3322 ἡμᾶς
1448 3243 1513 3301 δι’
1558 3248 1737 3319 αὐτοῦ,
1795 3268 1954 3303 τουτ-

2040 3238 2175 3328 dem
2205 3239 2401 3328 soluta
2427 3242 2616 3302 veteri
2639 3241 2950 3305 inimicitia
2970 3243 3127 3306 inter
3151 3242 3340 3306 Deum
3362 3251 3420 3304 et
3441 3244 3682 3323 angelos

295 3329 466 3404 ἐστιν,
528 3337 588 3391 οὗ
643 3333 787 3414 λόγῳ
860 3336 1136 3413 κελεύσας,
1220 3335 1357 3393 ἀλλὰ
1423 3337 1739 3411 σωματικῶς
1815 3334 1958 3414 ἐνερ-

297 3419 475 3493 γήσας
511 3438 526 3451 ⁸
586 3427 675 3479 καὶ
746 3425 850 3506 οὔχ
927 3426 1108 3490 ἁπλῶς
1161 3425 1226 3482 δι’
1290 3427 1504 3497 ἑαυτοῦ,
1547 3423 1684 3484 ἀλλὰ
1728 3421 1811 3479 διὰ
1867 3432 1958 3482 τοῦ

295 3507 533 3581 α’ῗματος
563 3511 900 3595 ἐκχυθέντος,
961 3519 1048 3572 καὶ
1091 3515 1403 3597 ἐκχυθέντος
1462 3512 1546 3569 διὰ
1595 3519 1688 3570 τοῦ
1743 3511 1956 3570 ἐπονει-

297 3593 475 3654 δίστου
499 3602 724 3658 θινάτο)
765 3611 858 3662 τοῦ
885 3593 1266 3684 σταυροῦξέ-
1322 3601 1536 3686 [ΦΩΤ]
1596 3603 1668 3660 Τὸ
1723 3599 1956 3682 ὑπερϐα-

295 3689 411 3758 τὸν,
447 3690 874 3766 Εἰρηνοποιήσας
919 3692 986 3750 δι’
1060 3695 1266 3773 ἑαυτοῦ,
1320 3691 1612 3769 τουτέστιν,
1660 3693 1956 3771 αὐτουργη-

297 3795 422 3851 σας,
455 3774 576 3831 ἀλλ’
609 3781 667 3835 οὗ
719 3779 786 3836 δι’
839 3782 1028 3860 ἐτέρων
1080 3784 1220 3858 ἡμῖν
1268 3779 1810 3860 πραγματευσάμενος
1859 3779 1958 3846 τὴν

296 3865 540 3941 εἰρήνην.
588 3869 730 3944 Ποίῳ
757 3868 812 3926 δὲ
868 3872 1049 3950 τρόπῳ
1088 3873 1284 3938 ταύτην
1339 3870 1665 3949 εἰργάσατο;
1713 3869 1810 3924 Διά
1863 3875 1958 3925 τοῦ

299 3951 560 4027 αῗμιτος,
615 3961 764 4037 φησὶ,
834 3966 930 4027 τῆς
987 3962 1329 4041 σταυρώσεως
1388 3961 1568 4016 αὐτοῦ.
1631 3960 1954 4036 Στωρωθεὶς

299 4041 402 4119 γὰρ
469 4045 604 4124 ὑπὲρ
673 4049 849 4122 ἡμῶν,
925 4051 1187 4127 εἷρήνευσε
1261 4050 1347 4106 καὶ
1403 4045 1732 4117 κατήλλαξεν
1785 4047 1951 4121 ἡμᾶς.

305 4153 333 4183 ε
371 4131 500 4189 Εἴτε
544 4136 611 4191 τά
666 4136 749 4192 ἐπὶ
804 4143 900 4205 τῆς
959 4143 1083 4216 γῆς.
1120 4161 1147 4192 ι
1209 4139 1305 4196 Καὶ
1361 4138 1461 4215 γὰρ
1515 4137 1602 4192 καὶ
1630 4136 1794 4210 ἡμεῖς
1825 4136 1954 4213 πρὸς

298 4219 517 4286 ἑαυτοὺς
547 4223 949 4307 ἑστασιάζομεν,
984 4228 1071 4283 καὶ
1133 4228 1262 4306 πρὸς
1310 4227 1429 4288 τοὺς
1480 4222 1734 4302 ἀγγέλους
1792 4223 1955 4303 ἔχθρα

296 4308 390 4381 ἦν,
477 4311 941 4392 ἀπεχθανομένους
1009 4318 1167 4391 ἡμῖν,
1237 4313 1320 4371 διὰ
1388 4316 1448 4370 τὸ
1515 4310 1802 4392 ὑϐρίζεσθαι
1862 4315 1954 4368 τὸν

2039 3345 2107 3389 ac
2129 3327 2402 3389 homines
2432 3347 2634 3409 pacem
2667 3329 3162 3395 fecit.Cousidera
3183 3350 3321 3394 vero
3353 3331 3679 3395 dictionum

2043 3417 2356 3498 emphases
2385 3417 2834 3500 Reconciliavit,
2871 3421 3082 3501 inquit,
3117 3439 3184 3484 ac
3215 3420 3542 3502 paciﬁcavit
3571 3440 3682 3483 nos

2042 3524 2150 3587 per
2180 3506 2444 3588 seipsum
2472 3525 2486 3570 :
2534 3509 2645 3569 hoc
2677 3517 2787 3585 est,
2821 3528 2941 3570 non
2989 3527 3268 3572 sermone
3301 3509 3542 3588 jubens,
3573 3510 3679 3574 sed

2041 3595 2279 3676 proprio
2309 3614 2563 3675 corpore
2592 3597 3006 3660 efﬁciensNec
3037 3598 3392 3678 simpliciter
3420 3615 3528 3678 per
3557 3598 3679 3660 sei-

2042 3702 2235 3764 psum,
2267 3683 2374 3746 sed
2407 3703 2512 3764 per
2536 3686 2887 3764 sanguinem
2937 3686 3187 3748 ell‘usum
3223 3703 3237 3748 :
3273 3686 3550 3759 effusum,
3581 3685 3678 3747 in-

2039 3790 2357 3852 quam,per
2385 3772 2627 3834 maximi
2658 3774 2964 3855 Opprobrii
2995 3783 3247 3836 mortem
3280 3775 3342 3836 in
3369 3791 3568 3840 cruce.
3600 3809 3682 3823 σ-

2039 3859 2412 3941 Hyperbaton
2436 3870 2545 3935 est,
2578 3860 2728 3925 Pace
2756 3862 2904 3925 facta
2935 3882 3042 3944 per
3069 3864 3328 3945 seipsum
3368 3881 3382 3926 :
3421 3863 3533 3926 hoc
3565 3873 3676 3946 est,

2041 3968 2159 4010 non
2192 3968 2299 4031 per
2327 3949 2476 4011 alios
2505 3951 2818 4014 conciliata
2849 3951 3019 4014 nobis
3049 3970 3218 4034 pace,
3246 3951 3349 4015 sed
3387 3970 3494 4034 per
3521 3953 3679 4035 seip-

2039 4057 2168 4100 sum
2201 4038 2432 4102 eil'ecta.
2467 4038 2592 4112 Quo
2613 4048 2810 4102 autem
2842 4041 3017 4103 modo
3051 4043 3204 4105 hanc
3235 4041 3482 4105 eﬂ‘ecit?
3521 4051 3677 4104 ιιι

2039 4127 2152 4190 Per
2193 4127 2567 4210 sanguinem,
2599 4127 2810 4211 inquit,
2845 4130 3232 4193 cruciﬁxione
3279 4150 3431 4195 sua..
3467 4131 3678 4194 Cruci-

2039 4219 2186 4279 ﬁxus
2226 4218 2383 4280 enim
2433 4237 2539 4300 pro
2566 4218 2739 4280 nobis
2770 4219 3098 4300 paciﬁcavit
3146 4239 3214 4283 ac
3271 4220 3683 4286 reconciliavit

2038 4325 2167 4370 nos.
2208 4331 2235 4362 α
2280 4304 2415 4370 Sive
2469 4325 2604 4387 qua;
2658 4308 2720 4369 in
2773 4317 2930 4370 terra
2985 4317 3198 4371 sunt.(
3227 4309 3534 4392 Siquidem
3568 4330 3677 4374 nos

297 4399 472 4452 ανῖιτῦν
520 4403 795 4470 Δεσπότην
837 4407 939 4461 ὑπὸ
989 4413 1094 4462 τῶν
1139 4405 1446 4483 ἀνθρώπων.
1507 4409 1624 4468 Πῶς
1684 4402 1771 4458 οὖν
1801 4403 1951 4473 εἰρή-

2040 4414 2271 4477 quoque
2300 4385 2588 4458 adversus
2621 4396 2815 4478 ipsum
2837 4397 3272 4462 dissidebamus
3295 4385 3351 4462 et
3372 4400 3683 4464 inimicitia

295 4509 363 4551 νη
411 4487 676 4571 γέγωενς
722 4491 1030 4574 Ἀπήγαγεν
1088 4493 1141 4550 ἐν
1196 4497 1398 4572 οὐρανῷ
1439 4494 1500 4549 τὸ
1556 4497 1712 4567 σῶμα
1769 4493 1951 4571 αὐτοῦ,

2040 4495 2163 4548 erat
2191 4485 2472 4548 adversus
2501 4487 2760 4565 angelos,
2797 4488 3072 4550 inimicos
3102 4488 3274 4551 nobis
3305 4490 3573 4564 effectos,
3608 4507 3678 4552 eo

292 4575 354 4629 τὸ
401 4575 590 4656 ἐχθρὸν
636 4579 821 4643 πάλαι,
904 4587 1153 4664 Ωφθησαν
1209 4582 1264 4639 δὲ
1307 4584 1395 4638 καὶ
1443 4581 1526 4638 ἐπὶ
1556 4583 1656 4658 γῆς
1701 4577 1940 4657 ἄγγελοι,

2040 4576 2190 4657 quod
2221 4576 2460 4638 illorum
2493 4575 2779 4640 Dominus
2809 4587 2968 4640 esset
2991 4578 3063 4641 ab
3087 4577 3432 4642 hominibus
3463 4579 3681 4659 injuria

290 4664 383 4752 καὶ
412 4665 597 4743 γέγονε
630 4668 774 4749 φιλία
803 4669 993 4728 λοιπὸν
1021 4674 1108 4730 καὶ
1155 4674 1362 4752 εἰρήνη.
1423 4678 1542 4733 Πῶς
1600 4670 1690 4726 οὖν
1747 4665 1812 4724 δι’
1844 4668 1948 4747 ἀγ-

2040 4665 2300 4728 affectus.
2354 4664 2480 4737 Quo
2529 4665 2705 4728 modo
2764 4685 2904 4746 ergo
2955 4686 3062 4749 pax
3113 4668 3266 4730 facta
3295 4675 3418 4743 est;
3454 4669 3679 4748 Corpus

289 4751 465 4828 γέλων
497 4759 848 4836 προσάγεσθαι
879 4763 1038 4840 φησὶν
1060 4751 1338 4820 ὑπονοεῖτε
1368 4765 1473 4816 τῶν
1503 4756 1949 4833 ἐκπεπολεμωμέ-

2040 4753 2222 4836 ipsius
2255 4756 2313 4814 in
2346 4754 2559 4817 coalum
2593 4754 2952 4819 subductum
2983 4756 3221 4819 abstulit
3264 4763 3523 4819 veterem
3555 4757 3678 4818 ini-

291 4865 424 4920 νων,
455 4846 498 4900 εἰ
535 4847 614 4920 μὴ
646 4849 800 4912 αότὸς
832 4851 1124 4929 εἶρήνευσεν
1158 4871 1173 4931 ς

2040 4843 2348 4906 miciliam.
2384 4847 2806 4925 Apparuerunt
2835 4856 3030 4909 autem
3064 4854 3124 4910 et
3175 4846 3236 4907 in
3270 4853 3430 4907 terra
3456 4844 3673 4924 angeli,

290 4939 353 4990 et
386 4931 673 5016 deinceps
702 4935 852 4998 facta
881 4946 973 5000 est
1003 4959 1108 5020 pax
1142 4948 1200 5002 et
1227 4937 1506 5002 amicitia.
1545 4935 1672 5009 Quo
1703 4934 1882 5016 igitur
1911 4933 2084 4996 modo
2118 4953 2223 5014 per
2250 4933 2492 5014 angelos
2520 4933 2621 5014 qui
2651 4933 2877 4996 inimici
2909 4936 3104 4998 eﬂ‘ecti
3136 4942 3304 4997 erant
3334 4952 3434 4996 vos
3464 4933 3678 5006 adduci

291 5021 560 5100 potuisse
593 5025 963 5101 existimatis,
999 5029 1114 5090 nisi
1143 5028 1282 5110 ipse
1300 5025 1669 5108 paciﬁcasset
1696 5030 1724 5086 ?

931 5107 1184 5178 KEd>AA.
1221 5127 1257 5172 Δ

2671 5111 2909 5177 CAPUT
2954 5111 3052 5176 IV.

297 5218 326 5256 (
362 5204 486 5300 Πεῆ
516 5203 676 5300 ἐθζοῷν
705 5214 1063 5300 προσαγωγῆς
1120 5211 1220 5274 τῆς
1269 5207 1323 5262 ἐν
1366 5207 1574 5281 σώματι
1606 5209 1832 5281 Χριστοῦ
1860 5201 1948 5256 καὶ

2040 5199 2123 5262 De
2151 5200 2426 5300 gentium
2452 5200 2836 5300 adductioq‘e,
2871 5219 3004 5300 quae
3028 5205 3191 5300 facta
3211 5211 3305 5300 ‘est
3338 5205 3404 5267 in
3429 5223 3679 5288 corpore

375 5281 530 5337 πάθει
562 5282 647 5340 διὰ
685 5281 936 5351 πίστεως.
976 5281 1002 5344 in

2369 5287 2427 5342 et
2450 5282 2726 5362 passione
2755 5281 2979 5348 Christi
3002 5281 3116 5368 per
3141 5285 3344 5368 ﬁdem.

385 5396 409 5429 ι
465 5379 563 5434 Καὶ
618 5379 750 5453 ὅμᾶς
820 5405 948 5439 ποτε
1030 5380 1184 5447 ὄντας
1256 5377 1791 5460 ἀπηλλοτριωμένοῦς
1861 5377 1950 5432 καὶ

2111 5373 2452 5449 1,2l-23.Et
2474 5392 2577 5437 vos
2597 5381 2704 5457 qui
2722 5379 3030 5456 quondam
3049 5379 3241 5443 eratis
3265 5379 3597 5446 abalienati
3616 5387 3677 5444 et

291 5463 514 5544 ἐχθροὺς
575 5475 643 5544 τῇ
723 5467 942 5550 διανοίᾳ,
1014 5471 1068 5528 ἐν
1149 5485 1268 5535 τοῖς
1351 5470 1519 5551 ἔργοις
1597 5481 1715 5530 τοῖς
1775 5487 1949 5532 πονη-

2040 5462 2181 5524 inim
2191 5463 2561 5538 icimenle,in
2585 5465 2865 5546 aperibus
2876 5468 3251 5547 malis,nunc
3262 5475 3458 5532 tamen
3479 5488 3678 5533 recon-

376 5625 408 5674 5
435 5625 604 5690 Joan.
642 5647 682 5709 ι,
724 5632 815 5698 16.
