4140 6212
485 347 566 443 ts
682 388 687 413 ι
1619 383 2029 446 (ECUMENII
2072 332 2367 447 ramea
2411 385 2742 450 EPISCOPl
3798 387 3873 451 44

491 512 766 595 ﬁcemus,
794 511 898 575 sed
919 512 1188 588 affectus,
1212 532 1289 576 ne
1307 514 1419 576 vim
1438 522 1678 576 exerant
1701 514 1983 576 adversus
2000 533 2108 576 nos

2219 516 2395 592 μελῶν
2442 521 2775 599 φρονήματα.
2847 542 2870 577 ε
2922 522 3194 601 Πορνείαν.
3245 544 3274 576 ι
3323 522 3395 579 Τὸ
3467 518 3701 596 μάλιστα
3740 541 3875 599 παρ-

494 627 522 658 α
556 601 820 665 Membra
847 611 1062 666 vestra.
1096 624 1124 663 ›
1163 602 1287 665 Hoc
1320 612 1431 679 est,
1466 614 1741 666 terrenos
1771 605 2037 684 corporis
2065 622 2113 665 at

2216 605 2472 686 ενοχλοῦν
2538 614 2794 688 φυσικῶς,
2853 609 3032 689 ὥσπερ
3100 617 3177 685 τῷ
3235 610 3444 685 σώματι
3513 608 3846 688 προτέθεικεν

489 689 893 752 membrorum
917 708 1130 752 sensus
1159 699 1218 751 et
1245 689 1448 753 fastus.
1481 715 1509 746 ι
1553 692 1866 771 Stuprum.
1905 715 1932 750 υ
1968 690 2113 765 Quot

2216 696 2354 752 Εἶτα
2388 694 2686 762 ἐπεξελθεῖν
2742 713 2866 762 ταῖς
2921 696 3182 764 ἀσεϐείαις
3239 700 3494 773 ὀνομαστὶ
3537 697 3869 777 ἐρυθριάσας,

487 778 921 846 naturaliter,et
947 778 1111 860 quasi
1131 798 1200 841 ex
1224 778 1354 859 ipso
1375 797 1627 860 corpore
1650 780 1905 841 maxime
1935 781 2107 842 mode

2214 786 2393 863 φησὶν,
2471 785 2810 863 ἀκαθαρσίαν,
2876 810 2904 842 α
2978 785 3097 845 Ἐπὶ
3165 788 3285 851 τοὺς
3363 787 3502 849 υἱοὺς
3558 788 3655 853 τῆς
3708 786 3869 843 ἀπει-

486 875 640 956 stum
668 876 793 956 est,
810 866 1146 956 praeposuit.
1177 867 1401 956 Deinde
1421 867 1657 956 pudore
1690 886 2037 956 repressus,
2057 887 2113 929 nt

2212 873 2374 935 θείας.
2465 876 2614 936 Υἱοὺς
2712 875 2999 949 ἀπειθείας,
3069 899 3094 935 ι
3224 882 3645 956 περιφραστικῶς
3742 877 3866 939 τοὺς

486 952 751 1035 Singulas
779 954 1114 1035 impietates
1144 954 1490 1017 nominatim
1525 964 1842 1036 retexeret,
1859 958 1941 1018 ait
1970 974 1983 1018 τ
2019 955 2113 1019 Ιιη·

2213 961 2555 1027 ἀπειθοῦντας
2602 985 2725 1028 τοτς
2782 972 2876 1022 τοῦ
2929 972 3060 1025 Θεοῦ
3102 967 3285 1041 νόμοις
3328 963 3494 1044 λέγει.
3545 997 3621 1008 -
3671 987 3699 1019 κ
3756 971 3858 1020 Πε-

485 1042 844 1118 munditiam
881 1042 979 1104 «ln
1002 1042 1155 1105 ﬁlios
1177 1052 1618 1107 contumaces»
1646 1044 1793 1106 Nam
1815 1048 1954 1111 υἱοὺς
1985 1047 2113 1103 ἄπει

2215 1052 2573 1130 ριεπατήσατέ
2601 1073 2753 1112 ποτε.
2794 1074 2817 1109 ι)
2860 1053 3129 1131 [ΒΑΖΙΛ.]
3183 1051 3310 1112 Μετ’
3361 1042 3626 1133 ἐγκωμίου
3683 1056 3711 1110 ὁ
3764 1051 3864 1111 λό-

483 1137 622 1200 θείας
641 1133 794 1197 ﬁlios
810 1133 1237 1199 incredulitatis
1252 1134 1343 1197 vel
1360 1134 1782 1197 inobedientiae
1805 1136 1953 1199 dixit
1987 1135 2112 1216 peri

2213 1161 2330 1217 γος,
2377 1142 2450 1204 ὡς
2482 1148 2566 1197 νῦν
2611 1141 2670 1198 οὒ
2698 1142 2906 1212 ζώντων
2950 1142 3005 1199 ἐν
3047 1143 3256 1206 αὖτοϊς.
3313 1144 3411 1201 Καὶ
3455 1142 3621 1205 οὕτως
3651 1139 3736 1198 διὰ
3766 1142 3869 1217 μό-

482 1222 947 1311 phrastice,,pro
968 1241 1038 1284 eo
1057 1223 1212 1304 quod
1231 1232 1321 1286 est
1346 1224 1500 1286 ﬁlios
1520 1223 1599 1285 im
1609 1224 2031 1305 persuasibiles
2045 1244 2110 1286 ve

2216 1251 2301 1285 νον
2327 1227 2594 1307 ἐγκώμιον
2623 1231 2802 1303 εἶπεν,
2836 1230 3019 1299 ἐπειδὴ
3050 1233 3388 1311 παρακατιὼν
3419 1230 3701 1289 ἀποθέσθαι
3732 1231 3865 1287 αύτὰ

480 1330 600 1373 non
630 1311 1108 1401 obtemperantes
1133 1312 1241 1376 Dei
1272 1311 1523 1391 legibus.
1561 1346 1631 1358 -
1668 1338 1696 1369 α
1723 1313 2113 1375 Ambulahati:

2214 1316 2507 1380 ἐπιτάσσει.
2553 1317 2730 1383 058a;
2774 1318 2850 1389 δὲ,
2886 1321 2914 1375 ὃ
2944 1322 3038 1378 οὒκ
3080 1320 3197 1401 ἔχει
3254 1320 3574 1381 ἀποτίθεται.

481 1404 804 1482 quondam.
823 1391 851 1456 in
870 1399 1015 1465 Cum
1030 1400 1202 1463 laude
1215 1413 1302 1464 est
1318 1401 1414 1462 hic
1426 1420 1623 1465 sermo
1645 1403 1810 1483 quasi
1824 1422 1982 1464 nunc
1998 1421 2117 1464 non
2138 1402 2404 1467 vivantin
2427 1406 2566 1469 illis:
2584 1414 2642 1468 et
2663 1407 2810 1469 adeo
2827 1414 3069 1489 propter
3080 1391 3270 1470 solum
3285 1406 3859 1471 commendationem

479 1499 539 1552 et
566 1491 905 1553 encomium
930 1491 1052 1579 hoc
1082 1490 1253 1555 dixit.
1285 1490 1563 1572 quoniam
1599 1491 1659 1553 in
1693 1510 2004 1573 progressu
2030 1491 2206 1573 jubet
2232 1494 2364 1575 ipsa
2395 1494 2635 1576 deponi,
2655 1495 2853 1557 nullus
2866 1506 3065 1559 autem
3087 1495 3497 1579 deponitquod
3523 1515 3638 1559 non
3657 1494 3855 1566 habet,

562 1581 666 1655 ΙΙΙ,
691 1577 1062 1644 8-11.Nunc
1091 1590 1298 1643 autem
1333 1581 1614 1661 deponite
1641 1588 1697 1644 et
1728 1599 1834 1644 vos
1862 1584 2070 1644 omnia
2105 1599 2113 1643 ;

2296 1610 2323 1640 α
2378 1587 2500 1643 Νυνὶ
2557 1584 2631 1642 δὲ⁴
2668 1586 2920 1643 ἀπόθεσθε
2962 1589 3050 1644 καὶ
3105 1577 3262 1663 ὑμεῖς
3303 1577 3377 1644 τά
3425 1588 3622 1659 πάντα,
3669 1587 3855 1667 ὀργὴν,

476 1672 663 1742 iram,
691 1668 1199 1751 indignationem,
1228 1669 1559 1746 malitiam,
1604 1670 2113 1745 maledicentiam,

2207 1676 2390 1750 θυμὸν,
2510 1676 2722 1748 κακίαν,
2832 1674 3197 1755 βλασφημίαν,
3315 1675 3692 1756 αἰσχρολογίαν
3800 1673 3859 1731 ἐκ

479 1758 1026 1841 turpiioquentiam
1073 1760 1150 1820 ab
1196 1776 1303 1822 ore
1349 1766 1574 1823 vestro.
1606 1759 1698 1822 Ne
1735 1763 2113 1822 mentiamim

2207 1771 2303 1821 τοῦ
2354 1764 2620 1840 στόματος
2695 1765 2863 1840 ὑμῶν.
2926 1765 3014 1832 Μὴ
3094 1763 3341 1840 ψεύδεσθε
3424 1766 3497 1828 εἰς
3567 1761 3853 1835 ἀλλήλους.

479 1850 643 1911 alius
664 1850 957 1918 adversus
986 1846 1179 1911 alium
1210 1867 1231 1908 :
1265 1850 1375 1928 qui
1426 1849 1687 1911 exuistis
1734 1857 1986 1912 veterem
2012 1848 2113 1911 ho-

2195 1843 2687 1930 -’A1=6x8wipsvou
2746 1843 2837 1911 τὸν
2919 1852 3150 1911 παλαιὸν
3219 1852 3487 1933 ἄνθρωπον
3573 1855 3664 1910 σὺν
3732 1866 3854 1918 ταῖς

476 1941 701 2003 minem
743 1957 878 2003 cum
927 1940 1105 2018 factis
1148 1944 1297 2015 suis,
1328 1946 1382 2002 et
1433 1939 1719 2003 induistis
1766 1957 1992 2002 novum
2021 1957 2113 2018 qui

2204 1942 2448 2022 πράξεσιν
2531 1944 2710 2015 αὐτοῦ,
2813 1943 2901 2000 καὶ
2984 1940 3317 2019 ἐνδυσάμενοι
3413 1944 3504 1999 τὸν
3587 1941 3704 1998 νέον
3763 1943 3853 1999 τὸν

473 2034 813 2092 renovatur
840 2028 921 2091 ad
950 2028 1318 2107 agnitionem
1362 2030 1549 2109 juxta
1605 2031 1939 2110 imaginem
1991 2031 2113 2109 ejus

2204 2031 2645 2109 ἀνακαινούμενον
2700 2034 2774 2095 εἰς
2844 2033 3125 2110 ἐπίγνωσιν
3169 2030 3297 2110 κατ’
3354 2034 3527 2089 εἰκονα
3579 2038 3674 2088 τοῦ
3728 2032 3848 2088 κτί-

475 2118 584 2199 qui
610 2117 885 2181 condidit
910 2102 1133 2179 illum:
1172 2116 1277 2180 ubi
1324 2102 1450 2181 non
1495 2125 1587 2181 est
1636 2102 1874 2181 Graecus
1923 2124 1979 2181 et
2004 2102 2113 2181 iu-

2205 2143 2391 2185 σαντος
2449 2102 2628 2194 αύτὸν,
2675 2118 2806 2177 ὅπου
2870 2102 2963 2178 ούκ
3017 2119 3091 2177 ἔνι
3167 2102 3362 2188 ιἘλλην
3417 2122 3505 2176 καὶ
3563 2118 3845 2193 Ἰουδαῖος,

474 2206 681 2284 decus,
742 2207 1121 2270 circumcisio
1178 2214 1237 2269 et
1289 2208 1695 2288 praeputium,
1764 2206 2113 2287 Barbarus,

2202 2210 2463 2288 περιτομὴ
2572 2211 2662 2266 καὶ
2766 2206 3102 2288 ἀκροϐυστία,
3213 2208 3498 2289 βάρϐαρος,
3617 2210 3843 2284 Σκύθης,

469 2295 721 2377 Scytha,
753 2312 988 2371 servus,
1022 2294 1177 2358 liber
1205 2317 1218 2355 :
1251 2297 1353 2359 sed
1381 2297 1588 2359 omnia
1630 2303 1684 2360 et
1727 2297 1791 2358 in
1840 2295 2113 2359 omnibus

2201 2296 2381 2363 δοῦλος
2480 2297 2764 2378 ἐλεύθερος,
2862 2297 2999 2357 ἄλλα
3117 2299 3289 2355 πάντα
3384 2299 3470 2356 καὶ
3566 2298 3621 2354 ὲν
3717 2303 3845 2354 πᾶσι

474 2385 771 2448 Christus.

2202 2388 2445 2467 Χριστός.

472 2552 480 2559 ⁸
552 2472 1059 2548 Quemadmodum
1090 2472 1251 2534 varia
1280 2483 1417 2534 sunt
1450 2472 1691 2534 nomina
1735 2471 1839 2534 ine
1867 2479 1925 2533 et
1955 2471 2113 2534 indi-

2283 2467 2498 2551 υΩσπερ
2552 2478 2619 2533 τὰ
2679 2476 2914 2552 ὀνόματα
2968 2474 3209 2556 διάφορα,
3283 2480 3448 2551 θυμοῦ
3502 2477 3591 2533 καὶ
3653 2477 3840 2556 ὀργῆς,

470 2561 790 2643 gnationis,
813 2561 891 2623 ita
913 2578 1042 2643 quaa
1058 2561 1167 2623 sub
1191 2560 1336 2641 ipsis
1366 2560 1772 2640 signiﬁcantur
1799 2560 2113 2641 plurimum

2201 2565 2365 2630 οὕτως
2408 2568 2494 2623 καὶ
2536 2566 2601 2622 τὰ
2667 2564 2983 2643 ὑπ’-,αὐτῶν
3040 2565 3408 2642 σημαινόμενα
3454 2563 3707 2622 πλεῖστον
3750 2562 3844 2620 ἆλ-

468 2632 626 2717 inter
653 2669 721 2715 se
749 2632 1167 2713 differunt.Est
1195 2632 1392 2712 autem
1420 2632 1581 2725 θυμός
1616 2632 1814 2731 (quod.
1836 2648 2113 2728 indigna-

2198 2653 2380 2726 λήλων
2440 2653 2690 2736 διαφέρει,
2766 2632 2908 2712 "Ec-ct
2965 2655 3065 2733 γὰρ
3105 2632 3287 2730 θυμὸς.
3325 2654 3445 2734 μὲν,
3503 2657 3620 2711 οἷον
3663 2651 3841 2728 ἔξαψις

469 2739 693 2803 tionem
714 2737 1016 2804 vertimus.
1057 2738 1237 2799 veluti
1265 2738 1541 2801 accensio
1593 2737 1859 2819 quaedam
1894 2747 1951 2798 et
1979 2754 2113 2798 eva-

2198 2765 2279 2807 τις
2309 2745 2397 2801 καὶ
2427 2743 2765 2820 ἀναθυμίασις
2809 2740 2958 2809 ὀξεῖα
3010 2749 3102 2799 τοῦ
3142 2743 3363 2817 πόθους,
3409 2743 3543 2821 ὀργὴ
3599 2739 3676 2816 δὲ,
3737 2740 3838 2816 ἔμ-

467 2829 697 2910 poralio
726 2836 896 2891 acuta
942 2825 1271 2890 aﬂ‘ectionis
1313 2847 1326 2884 :
1371 2829 1501 2907 ὀργή
1534 2845 1671 2889 vero
1721 2826 1919 2908 (quam
1962 2825 2110 2886 iram

2195 2853 2353 2909 μονος
2384 2832 2550 2912 λύπη,
2581 2834 2671 2889 καὶ
2728 2832 2869 2912 ὁρμὴ
2911 2828 3153 2911 διαρκὴς,
3217 2832 3348 2911 πρὸς
3378 2831 3476 2899 τὴν
3518 2834 3623 2887 τῶν
3653 2827 3840 2897 ἠδικη-

466 2917 747 2999 diximus)
782 2917 1116 2979 immanens
1163 2916 1336 2978 dolor
1375 2935 1444 2979 ac
1473 2916 1693 2978 durans
1751 2915 2007 2995 impetus
2035 2914 2108 2976 ad

2195 2922 2362 2978 κότων
2418 2920 2697 2992 ἀντίδοσιν,
2753 2920 2930 3000 ὥσπερ
2987 2920 3226 3000 ὀργώσης
3296 2925 3395 2987 τῆς
3466 2923 3651 2999 ψυχῆς
3704 2919 3835 2996 πρὸς

464 2993 883 3091 repensionem
916 3008 1008 3071 his
1035 3007 1364 3070 faciendam
1417 3008 1517 3088 qui
1566 2993 1899 3069 intulerunt
1945 3007 2103 3087 inju-

2195 3010 2291 3078 τὴν
2359 3008 2583 3085 ἄμυναν,
2662 3008 2863 3067 Εἰδὲναι
2903 2993 3028 3065 ὀὗν-
3060 2993 3200 3089 χρὴ,
3246 3006 3326 3065 ὅτι
3370 2993 3493 3064 κατ⁴
3534 2993 3834 3087 ἆμφοτέρας

463 3099 639 3169 riam.
674 3097 857 3162 veluti
901 3097 1117 3160 animae
1165 3096 1499 3179 appetentis
1550 3097 1892 3159 vindictam.
1946 3095 2112 3160 Scire

2195 3100 2285 3164 τὰς
2340 3096 2593 3163 διαθέσεις
2647 3095 3056 3175 πλημμελοῦσιν
3124 3099 3173 3153 οἱ
3229 3095 3509 3175 ἄνθρωποι,
3575 3095 3612 3164 ἢ
3669 3117 3833 3171 μανι-

461 3187 644 3269 igitur
670 3195 908 3268 oportet
937 3187 1092 3268 quod
1140 3187 1300 3249 circa
1326 3194 1643 3266 utrumque
1674 3186 1885 3246 horum
1926 3184 2110 3246 affec-

2195 3192 2297 3253 κῶς
2353 3189 2439 3244 καὶ
2494 3186 2815 3263 ἐμπλήκτως
2858 3187 2995 3243 κατὰ
3047 3191 3152 3242 τοῖον
3198 3184 3595 3265 παροξυνάντων
3649 3183 3834 3241 κινού-

465 3284 631 3339 tuum
663 3276 1018 3357 delinquunt
1049 3274 1363 3337 homines:
1392 3282 1493 3336 aut
1520 3275 1732 3336 insane
1775 3291 1844 3336 ac
1886 3281 2111 3335 temere

2195 3297 2362 3353 μενοι,
2418 3276 2455 3345 ἢ
2511 3274 2738 3357 δολερῶς
2794 3276 2884 3333 καὶ
2954 3271 3245 3340 ἐπιϐούλως
3312 3275 3441 3339 τοὺς
3493 3273 3833 3344 λυπήσαντας

465 3365 745 3428 commoti
774 3364 1062 3427 adversus
1093 3383 1197 3427 eos
1229 3362 1330 3445 qui
1380 3363 1709 3437 irritarunt,
1760 3370 1859 3424 aut
1905 3363 2109 3425 dolose

460 3454 545 3533 ac
584 3454 871 3517 insidiose
926 3462 1274 3534 appetentes
1324 3471 1429 3516 eos
1484 3452 1584 3533 qui
1635 3450 2104 3514 contristarunt:

469 3561 602 3625 quze
629 3542 805 3605 ambo
852 3541 1026 3604 nobis
1074 3540 1447 3604 observanda
1477 3552 1535 3604 et
1563 3540 1823 3603 cavenda
1870 3550 2026 3615 sunt,
2059 3540 2110 3601 si

462 3631 629 3714 prius
657 3630 839 3694 animi
886 3630 1236 3692 modestiam
1280 3630 1477 3693 edocti
1525 3630 1733 3692 simus.
1772 3654 1794 3686 ι
1829 3628 2106 3708 Turpilo-

461 3721 791 3805 quentiam.
829 3744 857 3776 ρ
891 3719 1264 3784 Contaminat
1311 3719 1471 3781 enim
1522 3739 1588 3782 os
1642 3738 1789 3799 quos
1818 3720 1888 3782 ad
1919 3718 2105 3782 Deum

461 3809 821 3877 laudandum
848 3807 1066 3870 factum
1091 3816 1200 3869 est.
1241 3832 1265 3865 ε
1300 3805 1411 3880 Qui
1441 3808 1687 3869 exnisds
1716 3815 1973 3870 veterem
2007 3808 2109 3868 ho-

462 3899 750 3977 minem.»
807 3905 959 3955 ιιι)
1004 3895 1283 3959 Veterem
1338 3896 1642 3958 hominem
1698 3896 1880 3958 moris
1911 3906 2001 3958 est
2046 3896 2106 3957 in

462 3986 786 4068 Scripturis
813 3984 1111 4066 appellare
1138 3984 1531 4047 inveteratum
1565 3985 1755 4064 etjam
1779 3986 2107 4047 marcidum

462 4094 531 4139 ac
552 4076 926 4155 languentem
948 4091 1053 4154 per
1069 4073 1270 4147 vitam,
1304 4092 1436 4153 quae
1472 4072 1530 4134 in
1566 4074 1824 4153 peccatis
1849 4075 2106 4153 degitur,

462 4172 522 4229 et
550 4164 651 4245 qui
680 4162 941 4224 nondum
976 4179 1085 4242 per
1113 4160 1295 4223 ﬁdem
1326 4161 1387 4222 in
1419 4161 1716 4224 Christum
1762 4162 2112 4243 baptismate

462 4244 849 4332 regeneratus
884 4259 972 4313 est
1017 4268 1082 4312 ac
1132 4258 1447 4312 renovatus
1489 4270 1502 4310 :
1560 4269 1780 4313 novum
1826 4270 1966 4313 vero
2008 4244 2175 4332 quiD

461 4351 783 4407 renovatus
813 4348 923 4402 est.
969 4339 1103 4400 Vita
1132 4338 1315 4413 enim,
1349 4356 1482 4419 quae
1524 4340 1585 4400 in
1635 4340 1851 4401 virtute
1893 4339 2105 4421 agitur,

463 4448 703 4512 semper
727 4430 1005 4492 innovat:
1040 4436 1099 4490 et
1128 4428 1179 4489 si
1212 4427 1481 4489 videatur
1529 4447 1846 4492 senescere
1889 4448 2105 4509 corpo-

460 4520 699 4590 raliter,
758 4517 996 4580 virescit
1055 4526 1250 4579 tamen
1310 4535 1379 4579 ac
1446 4518 1626 4579 ﬂoret
1696 4518 2105 4598 spiritualiter.

470 4632 494 4683 ᾳ
528 4608 701 4672 Juxta
731 4608 1053 4687 imaginem
1084 4607 1235 4686 ejus,
1263 4606 1365 4687 qui
1395 4606 1663 4669 condidit
1706 4607 1896 4670 illum.
1933 4631 1960 4668 ι
1996 4606 2106 4681 Qui

463 4699 623 4762 enim
657 4697 791 4760 talis
819 4705 932 4770 est,
979 4695 1088 4758 Dei
1121 4713 1325 4776 puram
1389 4705 1584 4757 servat
1639 4696 1955 4774 imaginem
2009 4697 2110 4778 qui

462 4789 656 4871 ipsum
686 4786 984 4866 condidit,
1011 4785 1393 4847 infeiioribus
1415 4785 1812 4848 caracteribus
1840 4804 1908 4847 ac
1939 4804 2107 4848 erro-

458 4878 628 4940 ribus
658 4897 777 4940 non
807 4875 1173 4958 permistam.
1210 4895 1239 4934 ιι
1278 4872 1388 4938 Ubi
1417 4890 1538 4937 non
1579 4883 1688 4935 est.
1733 4899 1755 4933 ε
1805 4874 1929 4937 Hoc
1993 4884 2105 4950 est,

460 4968 617 5048 apud
648 4967 975 5042 Christum,
1002 4966 1158 5046 apud
1191 4964 1395 5026 (idem.
1438 4987 1460 5020 ε
1491 4960 1704 5026 Omnia
1733 4972 1791 5026 et
1822 4964 1881 5025 in
1911 4964 2111 5027 omni-

465 5055 577 5118 bus
603 5056 891 5119 Christus.
937 5076 966 5114 ι
1008 5052 1315 5135 Siquidem
1349 5051 1491 5133 quia
1520 5072 1730 5115 omnes
1759 5072 1939 5113 unum
1973 5072 2111 5115 cor-

465 5162 577 5225 pus
600 5144 737 5205 l‘acti
758 5161 991 5216 sumus,
1023 5143 1319 5205 Christum
1352 5143 1645 5203 habentes
1674 5151 1869 5220 caput,
1898 5142 2109 5204 merito

465 5232 668 5296 omnia
714 5232 885 5295 nobis
939 5240 1034 5294 est
1096 5230 1387 5312 Christus,
1445 5240 1504 5292 et
1556 5228 1837 5306 Salvator,
1889 5241 1945 5293 et
1987 5232 2108 5293 Do-

464 5322 684 5397 minus,
719 5330 778 5382 et
805 5319 986 5401 lleus,
1021 5329 1077 5382 et
1104 5327 1302 5402 caput,
1334 5331 1395 5383 et
1426 5320 1710 5401 pontifex,
1763 5329 1824 5382 et
1869 5321 2128 5384 victima.

468 5410 606 5473 vitae
632 5417 849 5472 nostra;
881 5432 894 5468 :
929 5417 1034 5471 aut
1063 5409 1126 5470 in
1153 5407 1433 5472 omnibus
1464 5409 1658 5471 nobis.
1692 5411 1822 5473 Non
1857 5418 1946 5472 est
1972 5410 2156 5482 enim,

544 5497 647 5576 ΙΙΙ,
679 5497 882 5581 12-15.
903 5498 1053 5563 Sitis
1064 5501 1258 5579 igitur
1279 5498 1484 5560 induti
1501 5505 1790 5578 tanquam
1812 5499 1982 5561 electi
2002 5499 2118 5561 Dei

463 5593 670 5655 sancti
679 5606 755 5670 ac
770 5588 980 5654 dilecti
997 5589 1229 5652 viscera
1250 5589 2113 5661 miserationum,comitatem,

469 5680 843 5765 modestiam,
867 5676 1413 5752 mansuetudinem,
1430 5674 2117 5757 lcuitatem,suﬁ‘erentes

2191 3362 2565 3446 ἐνεδρεύοντες,
2626 3365 2760 3445 ἅπερ
2818 3364 3089 3445 ἀμφότερα
3161 3361 3449 3444 φυλακτέον
3505 3364 3663 3441 ἡμῖν,
3735 3361 3833 3429 τὴν

2190 3455 2668 3535 ταπεινοφροσύνην
2710 3451 3204 3533 προπαιδευθὲντας.
3271 3476 3299 3507 ι
3356 3450 3763 3533 Αἰσχρολογίαν.
3800 3474 3828 3506 ι

2194 3534 2378 3601 Ῥυποϊ
2418 3534 2519 3623 γὰρ
2547 3544 2608 3599 τὸ
2639 3544 2711 3606 εἰς
2754 3540 3054 3621 δοξολογίαν
3113 3548 3244 3599 Θεοῦ
3286 3541 3649 3618 πεποιημένον
3701 3539 3833 3597 στό-

2191 3653 2289 3708 μα.
2327 3655 2355 3687 ε
2404 3629 2849 3706 ’Λπεκδυσάμενοι
2881 3632 2971 3687 τὸν
3014 3628 3243 3688 παλαιὸν
3295 3629 3588 3708 ἄνθρωπον.
3640 3652 3668 3684 ι
3718 3635 3834 3685 Πα-

2190 3720 2340 3778 λαιὸν
2397 3720 2665 3800 ἄνθρωπον
2726 3719 2839 3783 ἔθος
2882 3719 3070 3778 καλεῖν
3246 3725 3451 3800 Γραφῇ,
3520 3721 3613 3776 τὸν
3653 3739 3835 3776 πεπα-

2190 3808 2488 3885 λαιωμένον
2534 3811 2623 3867 καὶ
2664 3809 3073 3877 κατασεσηπότα
3124 3810 3212 3865 καὶ
3254 3808 3644 3875 ἐνησθενηκότα
3711 3819 3837 3872 ταῖς

2191 3899 2467 3979 ἁμαρτίαις
2521 3898 2657 3976 βίον,
2704 3901 2794 3955 τὸν
2850 3900 3018 3974 μήπω
3071 3894 3155 3953 διὰ
3203 3898 3302 3963 τῆς
3346 3898 3419 3959 εἷς
3476 3897 3698 3974 Χριστὸν
3740 3896 3835 3952 πί-

2192 4010 2357 4052 στεως
2406 3988 2485 4063 τῷ
2541 3989 2862 4065 βαπτίσματι
2919 3985 3334 4065 ἆναγεννηθέντα
3387 3986 3474 4042 καὶ
3510 4005 3839 4065 ,καινοποιη-

2190 4076 2367 4139 θέντα,
2442 4063 2549 4135 Τὸν
2602 4063 2747 4147 νέον,
2815 4078 2906 4133 τὸν
2984 4063 3443 4150 ἀνακαὶνούμενον.
3507 4063 3563 4132 Ὀ
3604 4074 3728 4152 γὰρ
3779 4072 3835 4128 ἐν

2194 4166 2357 4245 ἀρετῇ
2385 4166 2521 4246 βίος,
2579 4165 2660 4222 ἀεὶ
2712 4166 2905 4238 νεάζει,
2950 4163 3047 4222 κᾶν
3101 4162 3224 4241 δόξῇ
3266 4169 3434 4243 γηρῷ
3490 4167 3831 4238 σωματικῶς,

2192 4253 2329 4311 ἀλλὰ
2353 4254 2533 4312 θάλλει
2578 4253 2971 4331 πνευματικῶς.
3033 4275 3057 4310 ιι
3107 4251 3239 4312 Κατ’
3281 4252 3454 4309 εἰκόνα
3497 4258 3589 4309 τοῦ
3616 4251 3836 4308 κτίσαν-

2189 4365 2281 4408 τος
2339 4344 2519 4405 αὖτόν.
2575 4367 2596 4399 ι
2633 4335 2691 4402 Ὀ
2721 4344 2821 4422 γὰρ
2861 4350 3126 4416 τοιοῦτος,
3168 4343 3267 4410 τὴν
3297 4342 3471 4399 εἰκόνα
3500 4340 3592 4398 τοῦ
3631 4341 3840 4399 κτίσαν-

2189 4454 2379 4497 σαντος
2430 4434 2586 4491 αὐτὸν
2642 4438 2772 4488 Θεοῦ
2838 4431 3235 4511 κεκαθαρμένην
3318 4428 3592 4511 φυλάττει,
3657 4429 3835 4511 διμιγῆ

2189 4526 2293 4577 τῶν
2348 4520 2497 4595 κάτῳ
2549 4521 2909 4601 χαρακτήρων
2976 4507 3065 4576 καὶ
3116 4507 3501 4594 πλανωμένων.
3564 4541 3593 4572 α
3655 4507 3836 4574 υΟπου

2190 4611 2283 4667 οὒκ
2308 4607 2404 4669 ἔνι.
2441 4629 2471 4670 ε
2507 4610 2777 4685 Τουτέστι,
2821 4610 2964 4689 παρὰ
3009 4614 3242 4688 Χριστῷ,
3300 4606 3442 4685 παρὰ
3469 4612 3539 4682 τῇ
3568 4606 3765 4665 πίστει.
3804 4627 3829 4664 1

2199 4719 2223 4753 ιι
2285 4699 2360 4754 Τὰ
2412 4698 2584 4757 πάντα
2641 4699 2729 4755 καὶ
2781 4697 2836 4753 ἐν
2878 4703 3006 4754 πᾶσι
3036 4695 3282 4776 Χριστός.
3340 4716 3369 4748 ι
3418 4690 3638 4760 Ἐπειδὴ
3667 4694 3771 4772 γὰρ
3807 4714 3837 4749 ο

2190 4788 2382 4851 πάντες
2415 4789 2468 4844 ἓν
2514 4792 2670 4863 σῶμα
2719 4788 2972 4864 γινόμεθα
3025 4786 3245 4866 Χριστὸν
3300 4781 3519 4864 ἔχοντες
3575 4779 3835 4863 κεφαλὴν,

2193 4876 2409 4940 εἰκότως
2441 4876 2614 4933 πάντα
2642 4880 2778 4945 ἡμῖν
2808 4880 2837 4932 ὁ
2868 4878 3115 4955 Χριστὸς,
3146 4875 3235 4932 καὶ
3262 4874 3477 4953 Σωτὴρ,
3508 4875 3596 4930 καὶ
3626 4873 3837 4952 Κύριος,

2194 4967 2281 5022 καὶ
2325 4966 2479 5038 Θεὸς,
2529 4967 2618 5022 καὶ
2677 4963 2907 5046 κεφαλὴ,
2954 4966 3042 5021 καὶ
3084 4963 3386 5044 ἀρχιερεὺς,
3446 4963 3533 5018 καὶ
3559 4965 3717 5035 θῦμα.
3750 4960 3838 5017 Ἐν

2193 5060 2352 5111 πᾶσιν
2382 5051 2478 5128 ὢν,
2514 5056 2696 5135 φησὶν,
2729 5054 2765 5122 ἢ
2808 5055 3138 5134 πράγμασιν,
3168 5054 3205 5120 ἢ
3235 5065 3352 5115 τοῖς
3383 5056 3480 5117 τῆς
3511 5054 3654 5120 ζωῆς
3683 5049 3842 5124 ἡμῶν

2194 5156 2550 5217 συνεκτικοτς,
2582 5145 2617 5212 ἢ
2662 5144 2716 5200 ἐν
2747 5150 2907 5200 πᾶσιν
2936 5146 3097 5219 ἡμῖν.
3131 5141 3240 5200 Οὐκ
3268 5139 3380 5197 ἔστι
3409 5140 3508 5217 γὰρ
3537 5139 3686 5218 φησὶ,
3718 5158 3843 5214 προ·

2196 5230 2516 5308 σωποληψία
2558 5234 2700 5312 παρὰ
2729 5240 2805 5308 τῷ
2835 5239 2975 5307 Θεῷ.

2189 5319 2291 5382 Est
2343 5320 2405 5383 in
2461 5321 2762 5393 omnibus,
2820 5320 3041 5402 inquit,
3072 5327 3213 5401 pnta
3245 5315 3451 5387 rebus.
3483 5323 3582 5378 aut
3609 5312 3843 5376 actibus

2191 5408 2408 5490 inquit,
2443 5428 2727 5489 personae
2754 5416 3069 5491 respectus
3099 5407 3251 5490 apud
3285 5408 3499 5470 Deum.

2285 5523 2314 5554 α
2377 5496 2687 5557 Ἐνδύσασθε
2743 5500 2832 5558 οὗν
2888 5502 2962 5563 ὡς
3019 5498 3256 5557 ἐκλεκτοί
3333 5505 3424 5554 τοῦ
3506 5500 3638 5551 Θεοῦ
3702 5492 3842 5571 ἅγιοι

2198 5589 2285 5645 καὶ
2370 5587 2737 5668 ἠγαπημένοι,
2809 5587 3099 5671 σπλάγχνα
3184 5588 3493 5666 οἰκτιρμῶν,

2196 5699 2358 5753 τητα,
2461 5671 2967 5758 ταπεινοφροσύνην,
3064 5678 3363 5757 πρᾳότητα,
3464 5671 3842 5752 μακροθυμίαν,
