4140 6212
537 371 616 443 47
1656 381 2062 445 OECUMENII
2105 380 2400 443 TRIGG/E
2440 371 2777 443 EPISCOPI
3599 440 3609 445 _
3831 372 3913 438 48

620 510 1070 594 Hymnuscantu
1083 513 1344 575 sanctior
1371 520 1762 593 est:supernae
1782 530 2034 591 namque
2049 511 2170 572 vir-

2271 512 2413 585 ίμνος
2468 522 2561 573 τοῦ
2604 512 2819 590 ψαλμοῦ
2867 515 3176 593 ἁγιώτερος.
3224 517 3283 570 Αἱ
3325 515 3424 592 γὰρ
3484 511 3593 567 ἄνω
3635 508 3913 588 δυνάμεις,

542 609 697 663 tutes
726 602 909 665 Deum
946 603 1207 675 laudant,
1233 620 1353 663 non
1377 610 1617 663 canunt.
1649 626 1675 656 α
1698 601 1759 663 In
1778 601 1980 680 gratia.
2012 626 2039 656 η
2067 603 2179 661 Per

2271 605 2471 678 ὂμνοῦσι
2514 606 2604 661 τὸν
2666 606 2820 673 Θεὸν,
2868 604 2926 659 οῦ
2979 603 3264 679 ψάλλουσι.
3317 621 3345 660 ι
3380 600 3470 658 Ἐν
3507 601 3710 680 χάριτι.
3751 620 3775 653 ο
3815 597 3914 655 Διᾶ

540 693 791 769 gratiam
821 711 855 753 a
883 690 1102 771 Spiritu
1129 699 1334 753 sancto
1367 690 1561 752 datam
1593 690 1719 752 haec
1743 691 1937 751 facere
1965 689 2173 750 admo-

2271 694 2358 759 τῆς
2431 693 2572 771 παρὰ
2640 698 2733 748 τοῦ
2813 692 2961 768 ἁγίου
3032 693 3338 767 Πνεύματος
3396 688 3632 755 δοθείσης
3691 686 3913 765 χάριτος

541 782 947 854 nel,ostendes
972 799 1088 840 non
1121 797 1294 859 posse
1323 778 1453 840 sine
1503 780 1686 858 gratia
1733 778 1985 858 implere
2016 778 2171 839 talia.

2271 788 2420 838 ταῦτα
2453 792 2631 838 ποιεῖν
2674 794 2948 859 παραινεῖ,
2980 778 3180 844 δεικνὺς
3233 778 3361 860 δίχα
3404 779 3625 858 χάριτος
3681 776 3757 850 μὴ
3815 771 3912 829 δύ-

548 888 574 925 α
605 866 671 928 In
695 868 874 929 corde
902 876 1117 930 vestro.
1145 893 1168 921 ο
1206 866 1333 928 Non
1361 866 1715 947 simpliciter
1732 868 1859 928 solo
1881 884 2016 928 ore:
2042 885 2175 927 nam

2271 874 2442 927 νασθκι
2484 868 2719 948 πληροῦν
2749 870 2815 934 τά
2872 876 3113 928 τοιαῦτα.
3153 893 3180 924 α
3214 870 3304 926 Ἐν
3333 874 3402 944 τῇ
3430 864 3613 946 καρδία
3655 865 3825 939 ὑμῶν.
3877 885 3905 917 »

540 955 655 1017 hoc
685 973 804 1016 non
828 965 919 1017 est
940 957 1059 1019 Deo
1089 972 1331 1029 canere,
1365 955 1470 1017 sed
1502 954 1563 1016 in
1583 974 1720 1017 aere
1752 955 1910 1037 loqui
1936 973 1949 1018 :
1986 973 2178 1035 neque

541 1042 613 1105 ad
645 1045 1100 1106 ostentationem
1134 1044 1239 1105 sed
1270 1044 1500 1105 occulta
1529 1044 1897 1124 operatione.
1920 1069 1945 1099 ‹‹
1966 1042 2181 1106 Omnia

542 1130 605 1191 in
626 1131 868 1193 nomine
901 1130 1159 1195 Domini.
1200 1158 1228 1188 ι»
1266 1135 1461 1212 ipsum
1486 1133 1834 1194 salvatorem
1863 1140 1919 1192 et
1939 1130 2180 1193 auxilia-

542 1226 733 1281 torem
762 1219 825 1281 in
856 1219 1219 1301 omniOpere
1241 1240 1310 1282 ac
1339 1238 1616 1282 sermone
1645 1220 2047 1283 invocantem
2073 1224 2181 1281 Per

542 1306 731 1369 illum.
763 1332 791 1364 ω
819 1310 1002 1373 Recte
1036 1309 1284 1371 dicitur:
1309 1313 1425 1373 Per
1445 1310 1638 1390 ipsum
1672 1320 1730 1371 et
1758 1309 2184 1388 cumipso.hoc

543 1396 781 1477 quidem
818 1405 1062 1478 propter
1092 1399 1480 1479 aequalitatem
1519 1408 1578 1459 et
1602 1398 2182 1460 consubstantialita-

543 1492 664 1547 tem
693 1487 767 1548 ad
799 1487 1027 1549 Patrem
1057 1508 1069 1547 :
1097 1486 1242 1549 illud
1265 1506 1401 1550 vero
1431 1488 1569 1568 quia
1595 1487 1886 1549 mediator
1906 1496 2108 1548 noster
2125 1495 2185 1549 et

544 1575 810 1655 pontifex
838 1576 969 1637 ﬁeri
1000 1576 1274 1653 dignatus
1311 1587 1420 1652 est,
1454 1577 1690 1657 quando
1738 1575 1996 1637 Verbum
2044 1594 2178 1637 caro

543 1662 761 1725 factum
800 1674 911 1739 est,
953 1664 1555 1745 juxtaScripturam.
1594 1690 1621 1720 α
1657 1666 1903 1745 Uxores,
1931 1664 2184 1726 subditae

547 1760 755 1816 estote.
780 1778 805 1810 ι)
841 1757 988 1816 Cum
1020 1754 1179 1815 enim
1212 1772 1318 1833 ego
1352 1753 1479 1827 tibi,
1519 1763 1695 1833 tuque
1728 1754 1874 1814 mihi
1919 1754 2182 1815 vicissim

544 1840 916 1924 subjicimur,
949 1843 1246 1922 quomodo
1278 1849 1469 1922 potest
1497 1842 1798 1922 quidpiam
1844 1854 2049 1904 contra
2078 1862 2182 1904 vo-

545 1929 834 1993 luntatem
877 1930 1263 2010 contingere?
1308 1931 1755 2010 Subjectionem
1809 1940 2003 1993 autem
2054 1950 2185 1993 esse

545 2019 689 2095 vult,
723 2039 841 2081 non
865 2039 935 2082 ex
965 2020 1343 2082 simulatione
1371 2027 1474 2082 aut
1497 2020 1567 2081 ad
1603 2021 1953 2100 placendum
1987 2021 2183 2082 homi-

545 2107 743 2190 nibus,
776 2113 880 2172 sed
914 2110 977 2170 in
1018 2109 1232 2170 timore
1277 2107 1516 2172 Christi.
1568 2133 1594 2164 α
1624 2108 1795 2172 Sicut
1824 2110 2099 2171 convenit
2125 2110 2187 2170 in

544 2195 820 2260 Domino.
855 2223 879 2258 ι
908 2198 1033 2261 Hoc
1061 2208 1172 2274 est,
1207 2198 1389 2260 veluti
1419 2198 1640 2260 decens
1673 2208 1761 2260 est
1802 2199 1863 2259 in
1906 2200 2188 2262 Domino?

546 2285 728 2348 Decet
747 2295 940 2349 autem
967 2286 1027 2349 in
1058 2287 1335 2361 Domino,
1366 2295 1429 2348 ut
1472 2306 1621 2350 uxor
1659 2288 1898 2367 quidem
1959 2288 2192 2350 subdita

548 2375 649 2451 sit,
675 2376 764 2436 vir
793 2386 990 2438 autem
1020 2376 1212 2457 ipsam
1245 2375 1470 2453 diligat.
1514 2401 1541 2432 α
1577 2376 1724 2449 Viri,
1773 2377 1997 2456 diligite
2040 2396 2188 2438 uxo-

548 2480 707 2526 res...
733 2463 848 2526 Eos
869 2483 1127 2545 namque
1149 2465 1250 2543 qui
1284 2463 1684 2526 obedientiam
1718 2466 1915 2528 fovere
1944 2465 2188 2538 debent,

549 2552 820 2633 praecipit
839 2562 902 2614 ut
920 2553 1168 2632 diligant
1190 2570 1426 2633 uxores,
1452 2554 1694 2631 liberos,
1721 2572 1920 2615 servos
1948 2577 1960 2613 :
1986 2573 2192 2634 quem-

553 2659 670 2722 que
699 2660 927 2722 ponens
949 2643 1117 2722 juxta
1145 2641 1502 2704 obedientiaa
1536 2642 2021 2723 propositionem.
2063 2668 2088 2698 α
2122 2647 2195 2710 Et

551 2746 629 2791 ne
659 2730 790 2792 sitis
816 2731 1171 2793 amarulenti
1200 2730 1480 2792 adversus
1503 2733 1656 2795 illas.
1697 2755 1719 2788 ι
1753 2732 1877 2793 Scit
1905 2751 1972 2792 ex
2007 2732 2190 2793 multo

550 2836 786 2900 quoque
816 2838 1049 2881 amores
1078 2838 1304 2899 pugnas
1332 2820 1476 2880 oriri
1509 2840 1524 2879 :
1564 2820 1788 2881 idcirco
1830 2839 1964 2882 cum
2002 2821 2189 2882 dilec-

552 2906 777 2970 tionem
829 2909 1259 2990 proposuisset,
1292 2909 1593 2990 subjunxit
1619 2930 1632 2969 :
1660 2907 1732 2970 Et
1763 2927 1838 2971 ne
1866 2910 1993 2971 sitis
2022 2928 2186 2972 ama-

547 2995 790 3058 rulenti.
828 3022 855 3053 α
882 2996 1230 3059 Parentibus
1260 2996 1323 3058 in
1352 2997 1626 3059 omnibus
1663 3015 1676 3059 :
1724 3022 1752 3053 »
1807 2999 2068 3078 exceptis
2097 2999 2190 3060 his

2261 960 2350 1026 Μὴ
2406 957 2586 1022 ἁπλῶς
2657 958 2803 1032 μόνῳ
2885 958 3131 1032 στόματι.
3203 964 3366 1015 Τοῦτο
3435 957 3535 1034 γὰρ
3606 953 3701 1010 οὔκ
3769 952 3911 1008 ἔστιν

2264 1045 2399 1117 ᾅδειν
2456 1054 2595 1121 Θεῷ,
2631 1044 2749 1102 ἀλλ’
2788 1048 2860 1109 εἷς
2908 1046 3035 1123 ἀέρα
3078 1045 3288 1107 λαλεῖν.
3346 1046 3444 1104 Καὶ
3492 1044 3572 1119 μὴ
3614 1043 3743 1121 πρὸς
3788 1040 3909 1096 ὲπίω

2261 1133 2436 1215 δειξιν,
2484 1135 2619 1192 ἀλλά
2647 1132 2730 1190 διὰ
2772 1140 3009 1214 κρτπτῆς
3061 1133 3330 1214 ἐργασίας.
3399 1155 3421 1190 α
3475 1133 3652 1189 Πάντα
3693 1129 3747 1185 ἐν
3789 1129 3907 1185 ὀνό-

2265 1246 2391 1300 ματι
2471 1225 2678 1304 Κυρίου.
2760 1242 2790 1281 ι
2867 1224 3031 1279 Αὐτὸν
3105 1224 3301 1288 παντὸς
3373 1221 3524 1301 ἔργου
3598 1222 3684 1276 καὶ
3751 1216 3911 1295 λόγου

2265 1317 2490 1391 Σωτῆρα
2531 1314 2617 1368 καὶ
2674 1312 2867 1388 βοηθὸν
2919 1309 3347 1387 ἐπικαλούμενοι.
3413 1330 3441 1369 ι
3508 1307 3588 1365 Δι’
3647 1308 3827 1365 αὒτοῦ.
3879 1330 3907 1360 ι

2264 1403 2335 1458 Τὸ
2389 1398 2455 1455 δι’
2513 1401 2670 1456 αότοῦ
2728 1400 2816 1455 καὶ
2858 1399 2950 1454 σὺν
2999 1399 3141 1474 αὒτῴ
3195 1397 3371 1462 καλῶς
3430 1397 3664 1475 λέγεται,
3722 1396 3782 1450 τὸ
3814 1392 3911 1469 μὲν

2269 1489 2291 1509 Ν
2320 1491 2331 1509 \
2514 1488 2539 1510 ,Ι
2744 1489 2759 1511 ‘
2967 1488 2978 1508 Ι
3181 1494 3208 1505 ~
3420 1488 3433 1507 \
3550 1488 3562 1503 \
3610 1482 3657 1515 θλ
3883 1483 3895 1500 \

2263 1504 2345 1547 οια
2396 1491 2457 1545 τὸ
2519 1511 2631 1545 ισον
2674 1511 2762 1544 και
2819 1490 3097 1563 ὁμοουσιον
3143 1511 3218 1562 τῳ
3276 1495 3459 1566 Πατρι,
3514 1508 3575 1541 το
3606 1504 3684 1562 οε,
3728 1480 3910 1549 ἐπειδη

2265 1579 2485 1656 μεσίτης
2540 1580 2694 1651 ἡμῶν
2751 1579 2838 1632 καὶ
2910 1576 3192 1656 ἀρχιερεὺς
3259 1575 3447 1644 ἠξίωσε
3505 1574 3762 1653 γενέσθαι,
3824 1570 3910 1626 ὅτε

2266 1672 2293 1725 ὁ
2341 1667 2510 1745 Λόγος
2553 1665 2678 1744 σὰρξ
2732 1663 2940 1743 ἐγένετο
2996 1666 3132 1745 κατά
3182 1665 3280 1733 τὴν
3322 1666 3558 1743 Γραφήν.
3609 1682 3637 1721 α
3695 1664 3756 1718 Αἱ
3811 1682 3912 1736 γυ-

2266 1770 2468 1825 ναῖκες,
2531 1754 2941 1812 ὕποστάσσεσθε.
2994 1778 3020 1807 ι)
3082 1741 3232 1812 αὃταν
3261 1755 3359 1832 γὰρ
3404 1756 3464 1809 σὺ
3509 1754 3605 1828 μὲν
3635 1752 3774 1825 ἐμοὶ,
3807 1748 3916 1826 ἐγὼ

2267 1844 2321 1901 δὲ
2377 1846 2459 1902 σοὶ
2514 1843 2896 1920 ὑποτέταγμαι,
2976 1848 3089 1906 πῶς
3173 1842 3248 1898 ἔνι
3331 1866 3381 1899 τι
3445 1848 3550 1898 τῶν
3608 1838 3914 1908 ἀϐουλήτων

2270 1932 2584 2012 συμϐῆναι,
2652 1932 2762 2000 Τὴν
2817 1929 2872 1987 δὲ
2917 1932 3211 2012 ὅποταγὴν,
3275 1934 3334 1988 οὒ
3389 1929 3503 1987 καθ’
3557 1931 3827 2008 ὑπόκρισιν
3883 1926 3919 1992 ἢ

2268 2022 2755 2104 ἀνθρωπάρεσκειαν
2847 2020 3088 2098 βούλεται
3178 2023 3344 2095 εἶναι,
3432 2018 3550 2076 ἀλλ’
3645 2018 3699 2073 ἐν
3772 2013 3921 2096 φόϐῳ

2270 2102 2516 2193 Χριστοῦ.
2567 2136 2590 2166 α
2658 2102 2748 2175 ’δὶς
2793 2110 2986 2176 ἀνῆκεν
3045 2109 3098 2164 ἐν
3159 2111 3350 2189 Κυρίῳ,
3413 2134 3441 2164 ι
3500 2106 3799 2178 Τουτέστιν,
3844 2106 3920 2193 ὡς

2270 2202 2456 2281 πρέπει
2515 2200 2569 2256 ἐν
2637 2199 2825 2278 Κυρίῳ.
2889 2196 2978 2256 Ἐν
3035 2196 3088 2255 δὲ
3162 2200 3331 2278 Κυρίῳ
3392 2197 3604 2276 πρέπει,
3664 2196 3761 2262 τὴν
3818 2192 3917 2269 μὲν

2270 2304 2498 2370 γυναῖκα
2544 2290 2950 2361 ὑποτάσσεσθαι,
2996 2290 3087 2344 τὸν
3145 2286 3198 2343 δὲ
3242 2285 3401 2367 ἄνδρα
3457 2288 3666 2364 ἀγαπᾷν
3724 2284 3909 2353 αὐτήν.

2278 2404 2306 2435 α
2362 2383 2421 2438 Οἱ
2478 2377 2679 2459 ἄνδρες,
2739 2377 2979 2455 ἀγαπᾶτε
3032 2378 3127 2440 τὰς
3186 2391 3470 2454 γυναῖκας.
3520 2400 3546 2431 n
3631 2383 3722 2432 Οτι
3790 2373 3914 2434 τοὺς

2271 2470 2370 2535 τὴν
2425 2468 2664 2533 ὑπακοὴν
2735 2463 3040 2543 ὀφείλοντας
3095 2463 3338 2545 ὑπέχειν,
3408 2464 3588 2542 ἀγαπᾷ
3643 2459 3914 2540 προστάσ-

2273 2578 2375 2629 σει,
2437 2557 2530 2620 τὰς
2577 2566 2857 2633 γυναῖκας,
2902 2555 2969 2609 τὰ
3027 2552 3208 2632 τέκνα,
3253 2555 3373 2617 τοὺς
3412 2550 3649 2623 δούλους,
3694 2546 3916 2604 ἕκαστον

2273 2647 2429 2709 τιθεὶς
2471 2647 2605 2703 κατὰ
2657 2644 2756 2711 τὴν
2798 2642 3081 2721 ἀναλογίαν
3124 2644 3223 2709 τῆς
3276 2644 3540 2709 ὑπακοῆς.
3593 2662 3621 2694 α
3681 2639 3779 2697 Καὶ
3834 2636 3915 2711 μὴ

2274 2738 2600 2819 πικραίνεσθε
2656 2737 2785 2816 πρὸς
2852 2736 3034 2799 αὖτίς.
3113 2758 3136 2791 ιι
3214 2733 3343 2792 Οἶέε
3383 2735 3471 2791 καὶ
3541 2733 3646 2789 ἀπὸ
3706 2727 3914 2795 πολλῆς

2273 2828 2510 2905 ἀγάπης,
2543 2827 2726 2906 μάχας
2775 2823 3110 2900 τικτομένας,
3162 2822 3241 2879 διὸ
3283 2824 3381 2891 τὴν
3425 2823 3640 2901 ἀγάπην
3682 2818 3913 2899 προθεὶς,

2270 2919 2331 2973 τὸ
2414 2917 2491 2991 μὴ
2564 2914 2890 2994 πικραίνεσθε
2956 2912 3250 2991 ἐπήγαγεν.
3320 2923 3447 2975 Τοῖς
3517 2916 3724 2991 γονεῦσι
3779 2906 3917 2963 κατά

2272 3007 2464 3073 πάντα,
2504 3028 2528 3063 ι
2563 3003 2690 3084 δίχα
2746 3008 2851 3061 τῶν
2894 3004 2965 3066 είς
3024 3000 3266 3061 ἀσέϐειαν
3324 3002 3612 3082 φερόντων.
3676 3022 3704 3053 ‹‹
3753 3003 3919 3056 Τοῦτο

549 3101 681 3178 quae
708 3085 780 3178 ad
811 3084 1174 3178 impietatem
1206 3086 1422 3178 ierunt.
1452 3109 1473 3142 α
1508 3085 1631 3178 Hoc
1656 3086 2186 3178 enim‘beneplacel

2272 3095 2370 3173 γάρ
2399 3094 2538 3150 ἐστιν
2568 3093 2843 3172 εὐάρεστον
2871 3098 2948 3166 τῷ
2986 3090 3177 3168 Κυρίῳ.
3217 3115 3243 3146 n
3295 3092 3392 3149 Καὶ
3422 3092 3585 3166 νόμον
3626 3088 3794 3154 τίθησι
3824 3086 3916 3141 τὸν

551 3174 834 3239 Domino.
872 3199 900 3231 »
936 3174 1149 3254 Legem
1178 3176 1355 3236 etiam
1391 3175 1578 3256 ponit,
1632 3193 1764 3256 quae
1791 3174 2186 3237 obedientiam

2274 3184 2372 3249 τὴν
2400 3182 2639 3249 ὑπακοὴν
2690 3183 3093 3258 νομοθετοῦντα,
3142 3177 3302 3236 πλέον
3348 3178 3611 3258 ἐντρέπων
3641 3176 3706 3232 τά
3732 3179 3914 3231 τέκνα.

548 3270 788 3340 statuat,
828 3263 983 3325 ﬁlios
1016 3247 1202 3341 magis
1233 3247 1573 3326 exhortans:
1614 3247 1758 3325 «'Ne
1789 3264 2186 3344 despondeaul

2281 3295 2306 3326 α
2332 3247 2467 3328 Vulva
2496 3271 2574 3346 μὴ
2600 3247 2887 3344 ήάθυμῶσιν.
2955 3291 2978 3325 ι
3041 3247 3217 3326 Ἔστιν
3267 3267 3354 3324 ὅτε
3399 3247 3486 3325 καὶ
3515 3270 3749 3345 παρορᾷν
3775 3263 3921 3344 dipsi-

546 3351 835 3417 animum.
863 3378 884 3409 ι
914 3352 1017 3415 Est
1043 3353 1142 3415 ubi
1171 3354 1345 3415 etiam
1379 3352 1697 3415 connivere
1716 3352 2189 3435 debetis,inquit,

548 3459 625 3504 ne
656 3452 941 3524 perpetuo
973 3442 1196 3517 tristes,
1231 3443 1560 3505 reddantur
1588 3442 2107 3505 contentiosiores.

629 3529 1500 3612 111,2‘2-25.Servi,obediteper
1510 3533 1713 3593 omnia
1726 3533 2198 3594 dominissecun-

545 3620 1096 3701 dumcamem,non
1107 3620 1405 3699 obsequiis
1416 3623 1495 3682 ad
1507 3620 2197 3692 oculumexhibitisJan-

548 3709 1081 3790 quamhaminibus
1103 3710 1345 3789 placere
1362 3710 1798 3776 studentes.sed
1811 3727 1945 3772 cum
1962 3710 2195 3790 simpli-

548 3798 727 3861 citate
746 3800 940 3863 cordis
960 3802 1234 3862 timentes
1257 3798 1474 3862 Deum.
1491 3804 1517 3858 ι
1531 3800 1705 3861 42Ει
1726 3800 2019 3879 quidquid
2039 3803 2192 3878 fece-

548 3888 796 3962 ritis,ear;
810 3890 1018 3950 animo
1035 3889 1686 3968 operemini,tauquam
1716 3889 1976 3951 Domino
1998 3898 2054 3951 et
2073 3906 2194 3950 non

548 3976 1177 4051 hominibus,scientes
1197 3977 1356 4056 quod
1373 3995 1408 4038 ο
1426 3977 1686 4038 Domino
1715 3979 2019 4055 recipietis
2033 3995 2195 4039 mer-

549 4065 745 4127 cedem
775 4067 1180 4129 haereditatis.
1206 4067 1362 4128 Nam
1392 4065 1654 4127 Domino
1675 4064 1910 4127 Christo
1926 4069 2189 4129 servilis.

553 4154 852 4216 Caeterum
880 4155 987 4234 qui
1012 4156 1216 4232 inique
1243 4156 1368 4233 agit
1396 4153 1626 4232 referet
1652 4163 1964 4233 peccatum
1983 4173 2181 4236 suum,

548 4249 745 4305 etnon
767 4252 853 4305 est
874 4260 1283 4324 personarum
1310 4252 1630 4323 respectus.

2275 3360 2416 3440 λετε,
2457 3360 2636 3439 φησὶν,
2668 3358 2760 3415 ἵνα
2790 3365 2868 3433 μὴ
2897 3357 3210 3433 ἀθυμοῦντες
3257 3357 3338 3414 ἀεὶ
3393 3354 3798 3435 φιλονεικότεροι
3828 3351 3919 3429 γέ-

2276 3472 2465 3507 νωνται
2475 3496 2491 3513 ,

2365 3562 2392 3593 α
2465 3540 2525 3595 Οἱ
2577 3534 2751 3594 δοῦλοι
2817 3537 3105 3593 ὑπακούετε
3174 3536 3309 3592 κατά
3379 3535 3550 3591 πάντα
3618 3544 3736 3595 τοῖς
3779 3530 3917 3586 κατά

2276 3629 2442 3707 σάρκα
2523 3627 2715 3706 κυρίοις
2801 3625 2878 3700 μὴ
2957 3625 3010 3681 ἐν
3094 3620 3593 3706 ὀφθαλμοδουλείιις
3663 3623 3735 3683 ὡς
3800 3619 3917 3707 *ἀν-

2273 3704 2654 3796 θρὼπάρεσκοι,
2704 3711 2824 3769 ἀλλ’
2879 3713 2932 3770 ἐν
2975 3712 3027 3769 ἐν
3097 3704 3360 3780 ἁπλότητι
3432 3707 3667 3791 καρδίας,
3714 3704 3918 3788 φοϐου-

2275 3828 2422 3883 μενοι
2480 3806 2568 3861 τὸν
2639 3802 2790 3860 Θεόν.
2867 3804 2964 3860 Καὶ
3029 3808 3133 3858 πᾶν
3202 3802 3231 3857 ὅ
3300 3823 3348 3856 τι
3427 3799 3514 3856 ἐὰν
3566 3803 3779 3876 ποιῆτε,
3857 3796 3925 3853 ἐκ

2275 3894 2455 3974 ψυχῆς
2524 3892 2794 3970 ἐργάζεσθε
2855 3893 2924 3955 ὡς
2994 3897 3071 3964 τῷ
3133 3891 3320 3969 Κυρίῳ,
3392 3889 3479 3944 καὶ
3549 3887 3643 3943 οὒκ
3698 3884 3913 3962 ἀνθρώ-

2275 4005 2420 4063 ποις,
2495 3981 2687 4042 εἷδότες
2765 3978 2845 4035 ὅτι
2936 3979 3040 4035 ἀπὸ
3134 3979 3315 4057 Κυρίου
3405 3974 3743 4050 ἀπολήψεσθε
3814 3975 3923 4041 τὴν

2276 4068 2622 4127 ἀνταπόδοσιν
2648 4073 2749 4135 τῆς
2806 4065 3181 4147 κληρονομίας.
3236 4072 3322 4140 Τῷ
3364 4065 3462 4142 γὰρ
3507 4064 3678 4141 Κυρίῳ
3707 4068 3924 4140 Χριστῷ

2267 4158 2555 4219 δουλεύετε.
2591 4150 2648 4215 Ὀ
2692 4157 2746 4214 δὲ
2776 4155 2993 4229 ἀδικῶν,
3018 4168 3289 4233 κομιεῖται
3333 4154 3362 4209 ὃ
3404 4153 3675 4232 ἠδίκησεν,
3700 4152 3794 4208 παὶ
3821 4154 3923 4210 οὐκ

2269 4248 2378 4305 ’ἐστι
2413 4246 2857 4328 προσωποληψία.
2908 4270 2936 4302 ιι

631 4329 843 4394 Servos
872 4333 1233 4405 consolatur,
1257 4331 1464 4393 dicens
1488 4331 1910 4411 propemodum
1936 4350 1948 4395 :
1979 4333 2186 4395 Carnis

2354 4340 2740 4417 [Ιαραμυθεῖται
2825 4337 2947 4399 τοὺς
3030 4334 3269 4410 δούλους,
3344 4334 3633 4412 μονονουχὶ
3716 4329 3918 4410 λέγων,

551 4418 643 4481 his
674 4420 911 4484 Domini
943 4420 1277 4494 sunt.Quoﬂ
1307 4422 1368 4482 in
1399 4420 1564 4482 vobis
1593 4422 1808 4483 melius
1836 4430 1945 4495 est,
1974 4441 2190 4503 nempe

551 4510 774 4585 anima,
826 4529 945 4573 non
997 4511 1313 4590 subjicitur
1358 4510 1618 4572 humano
1681 4511 1978 4571 servitutis
2019 4512 2187 4591 jugo.

557 4623 584 4655 ι
618 4597 747 4661 Non
778 4598 1081 4680 obsequiis
1116 4601 1193 4661 ait
1224 4598 1459 4661 oculum
1508 4597 1808 4660 exhibitis.
1847 4624 1874 4655 »
1913 4598 2041 4660 Νοη
2089 4619 2190 4661 so-

550 4687 697 4762 lum,
735 4688 948 4769 inquit,
987 4689 1254 4750 intuente
1303 4687 1555 4749 Domino
1598 4687 1774 4750 facite
1804 4707 1935 4768 quae
1966 4688 2187 4765 dicent,

553 4794 754 4839 verum
786 4778 964 4841 etiam
995 4797 1113 4838 non
1144 4777 1402 4839 vidente.
1431 4812 1507 4822 —
1538 4802 1564 4832 ι(
1589 4776 1893 4857 Tanquam
1928 4778 2190 4838 homini-

552 4865 663 4928 bus
694 4868 927 4948 placere
959 4868 1325 4929 studentes.»
1351 4865 1573 4928 Facere
1601 4868 1759 4927 enim
1793 4886 1924 4946 quae
1953 4866 2188 4945 decent,

552 4954 809 5018 dominis
830 4965 1109 5038 tanquam
1137 4956 1569 5036 spectantibus,
1599 4956 1777 5016 studii
1799 4965 1887 5017 est
1919 4956 2191 5035 placendi

552 5042 917 5126 horninibus,
968 5054 1174 5106 etnon
1208 5045 1437 5108 timoris
1485 5044 1611 5106 Dei.
1658 5045 1974 5123 Siquidem
2008 5044 2058 5104 is
2089 5044 2191 5124 qui

551 5129 738 5195 Deum
770 5146 1010 5197 veretur
1036 5135 1236 5197 omnia
1262 5154 1394 5196 cum
1428 5133 1811 5212 simplicitate
1860 5134 2018 5195 facit.
2052 5159 2079 5189 α
2109 5134 2191 5195 Ex

552 5221 750 5282 animo
779 5223 1131 5302 operemiui.
1169 5249 1197 5281 »
1251 5222 1377 5285 Νοη
1429 5232 1656 5285 tantum
1704 5224 2084 5285 simulatione
2123 5244 2191 5285 ac

553 5308 749 5371 studio
782 5313 1051 5391 placendi
1094 5312 1437 5374 hominibus
1468 5312 1589 5374 vult
1629 5332 1732 5374 eos
1778 5332 1913 5377 esse
1943 5313 2187 5394 liberos,

555 5414 757 5461 verum
783 5398 959 5461 etiam
997 5401 1119 5463 otio
1154 5420 1222 5462 ac
1266 5402 1540 5478 segnitie.
1566 5400 1732 5474 Quod
1755 5413 1948 5464 autem
1968 5403 2079 5464 ait:
2108 5405 2192 5465 Ex

552 5485 779 5563 animo,
805 5489 918 5551 hoc
945 5496 1055 5566 est,
1088 5507 1158 5552 ex
1190 5489 1630 5565 benevolentia,
1664 5499 1723 5552 et
1769 5491 1933 5552 omni
1973 5510 2103 5572 quae
2132 5492 2193 5554 in

554 5575 722 5647 vobis
767 5578 948 5642 fuerit
994 5587 1303 5661 potestate.
1347 5601 1371 5636 ι
1408 5576 1711 5660 Tanquam
1762 5578 2044 5643 Domino.
2084 5607 2105 5638 υ
2145 5585 2193 5645 Α

551 5669 860 5755 φωτιυηί
897 5685 1077 5737 sensu
1105 5665 1501 5749 supplendum
1528 5676 1649 5731 est:
1686 5667 2059 5748 Operemiui,
2094 5686 2200 5749 per

2238 5468 2246 5477 ,
2275 5411 2459 5485 ψυχῆς
2508 5403 2774 5485 τουτέστιν

2272 4427 2472 4507 Σαρκός
2543 4427 2671 4482 εἰσιν
2726 4427 2864 4482 οὗτοι
2920 4425 3110 4503 κύριοι.
3163 4426 3233 4483 Τὸ
3286 4435 3527 4503 κρεῖττον
3598 4422 3650 4477 ἐν
3706 4421 3808 4495 σοὶ,
3882 4423 3922 4488 ἡ

2272 4516 2450 4595 ψυχὴ,
2497 4517 2599 4595 οὔχ
2626 4514 2896 4570 ὑπόκειται
2940 4514 3244 4593 ἀνθρωπίνῳ
3286 4510 3519 4574 δουλείας
3549 4515 3712 4589 ζυγῷ,
3766 4531 3795 4563 α
3827 4509 3920 4576 Μὴ

2274 4605 2326 4660 ἐν
2375 4601 2894 4685 ὀφθαλμοδουλείαις.
2958 4626 2985 4657 ι
3050 4603 3140 4667 Μὴ
3201 4601 3385 4680 μόνον,
3458 4602 3640 4679 φησὶν,
3690 4600 3921 4677 ὁρῶντος

2273 4701 2365 4751 τοῦ
2441 4694 2708 4750 Δεσπότου
2759 4693 3014 4770 πράττετε
3075 4692 3142 4748 τὰ
3212 4687 3415 4765 δέοντα,
3491 4687 3629 4745 ἀλλά
3696 4689 3786 4744 καὶ
3840 4688 3922 4762 μὴ

2275 4787 2524 4861 ὁρῶντος.
2560 4816 2632 4826 -
2672 4806 2699 4836 α
2744 4773 2835 4844 (Ως
2866 4780 3314 4860 ἀνθρωπάρεσκοι.
3364 4802 3390 4834 in
3442 4778 3652 4858 [(1)212]
3706 4780 3778 4836 Τὸ
3820 4778 3923 4855 γὰρ

2276 4872 2515 4950 ὁρώντων
2587 4872 2745 4946 μόνον
2790 4872 2894 4927 τῶν
2964 4869 3229 4927 δεσποτῶν
3287 4869 3533 4948 πράττειν
3587 4870 3653 4923 τὰ
3709 4865 3918 4946 δέοντα,

2274 4961 2756 5039 ἀνθρωπαρεσκείας
2826 4960 2934 5016 ἐστὶ
2980 4962 3068 5016 καὶ
3139 4961 3199 5015 οῦ
3257 4956 3420 5038 φόϐου
3479 4963 3630 5015 Θεοῦ.
3693 4947 3749 5014 ιΟ
3821 4956 3922 5032 γὰρ

2273 5052 2363 5107 τὸν
2416 5052 2545 5106 Θεὸν
2600 5047 2939 5129 φοϐούμενος,
3000 5050 3132 5123 μετᾶ
3175 5045 3475 5113 ἁπλότητος
3532 5046 3702 5102 πάντα
3744 5045 3921 5121 πράτ-

2274 5161 2373 5198 τει.
2428 5161 2449 5195 ι
2496 5136 2592 5196 Ἐκ
2633 5143 2813 5217 ψυχῆς
2857 5137 3155 5217 ἐργάζεσθε,
3209 5158 3231 5193 υ
3297 5138 3368 5193 Οὔ
3412 5133 3572 5210 μόνον
3598 5134 3920 5211 ὑποκρίσεως

2273 5230 2361 5285 καὶ
2434 5227 2915 5306 ἀνθρωπαρεσκείας
2997 5224 3237 5300 βούλεται
3336 5223 3521 5285 αὖτοὺς
3623 5220 3923 5299 ἐλευθέρους

2276 5317 2441 5391 εἶναι,
2495 5314 2630 5371 ἀλλὰ
2688 5317 2773 5371 καὶ
2829 5315 3008 5394 ἀγρίας
3076 5316 3163 5371 καὶ
3249 5314 3485 5374 νωθείας.
3567 5313 3638 5367 Τὸ
3695 5308 3773 5391 δὲ,
3826 5307 3923 5365 Ἐκ

2783 5452 2798 5486 ,
2860 5404 2913 5470 εξ
2963 5404 3165 5468 εὔνοίας
3225 5403 3311 5458 καὶ
3370 5398 3471 5467 ὅση
3519 5396 3761 5475 δύναμις,
3820 5420 3922 5477 φη-

2277 5484 2387 5557 σίν,
2459 5514 2483 5551 ε
2544 5484 2635 5557 ιδὶς
2686 5500 2761 5569 τῷ
2786 5484 2993 5574 Κυρίῳ,
3065 5515 3088 5549 υ
3153 5490 3289 5549 Ἀπὸ
3330 5496 3506 5547 κοινοῦ
3559 5491 3621 5545 τὸ
3665 5486 3925 5567 Ἀργάζε-

2278 5588 2418 5663 σθαι,
2503 5584 2636 5640 κατά
2719 5584 3080 5659 μετάπτωσιν,
3156 5583 3231 5644 ὡς
3288 5585 3365 5653 τῷ
3419 5579 3612 5658 Κυρίῳ,
3687 5581 3773 5633 καὶ
3833 5578 3926 5632 οῦκ

2283 5672 2574 5751 ἀνθρώποις
2632 5673 2995 5750 ἔργαζόμενοι.
3049 5694 3075 5727 α
3128 5667 3331 5730 Είδὸτες
3375 5666 3453 5723 ὅτι
3500 5667 3605 5724 ἀπὸ
3649 5666 3854 5748 Κυρίου,
3899 5686 3923 5720 ι
