4140 6212
1597 333 2006 400 (EGUMENII
2052 332 2346 395 TRIGC/E
2390 329 2727 398 EPISGOPI
3774 328 3852 392 52

458 479 616 533 tem:
645 470 962 550 Temporis
1003 471 1502 552 opportunitatem
1531 467 2097 531 redimentes.»Bre-

2194 469 2221 523 6
2291 469 2470 547 παρὼν
2526 469 2733 548 καιρὸς,
2819 465 3152 547 κερδάνωμεν
3231 465 3412 523 αὒτόν.
3487 470 3606 526 Πῶς
3664 461 3719 520 δὲ
3776 463 3851 518 ἔνι

459 559 544 621 vis
575 567 686 633 est,
720 559 932 642 inquit,
964 549 1223 641 praesens
1273 557 1674 640 oportunitac,
1708 557 2097 619 lucriﬁcamus

2188 557 2280 612 τὸν
2309 556 2545 636 παρόντα
2592 554 2834 636 κερδᾶναι
2880 556 3114 636 καιρόνς
3193 552 3450 621 Δηλονότι
3507 549 3593 608 διὰ
3650 558 3741 608 τοῦ
3796 551 3853 608 ἐν

459 638 996 725 ipsam.Quomodo
1027 657 1225 710 autem
1247 638 1531 725 contingit
1549 653 1900 727 praesentem
1927 644 2097 707 lucri‘

2189 645 2343 724 σοφίᾳ
2432 645 2520 700 καὶ
2610 644 2924 724 ἐπιτηρήσει
3003 656 3340 723 περιπατεῖν,
3411 641 3536 698 ὡσεὶ
3621 638 3798 718 ἔλεγεν
3833 658 3846 672 ⁶

460 736 636 800 ﬁcare
669 736 1202 819 opportunitatem?
1219 735 1595 798 Ambulando
1619 735 1896 797 videlicet
1930 734 1989 796 in
2014 753 2097 795 sa-

2191 734 2298 792 Οὔκ
2349 733 2490 790 ἔστιν
2544 735 2701 810 ἡμῶν
2763 736 2790 790 ὁ
2837 734 3022 813 καιρὸς
3083 731 3140 812 (ἡ
3199 733 3300 812 γὰρ
3356 731 3468 803 ζωὴ
3501 731 3676 813 ,ἡμῶν
3751 730 3848 786 κέ-

460 824 685 906 pientia
704 817 766 887 et
792 824 1318 896 observatione,Ac
1349 825 1399 885 si
1428 823 1657 887 diceret
1675 841 1689 886 :
1707 825 1837 887 Non
1859 832 1948 886 est
1978 840 2097 884 nos

2190 845 2414 901 κρυπται
2470 823 2560 879 σὺν
2617 829 2694 897 τῷ
2739 829 2959 901 Χριστῷ
3011 821 3066 878 iv
3120 829 3198 896 τῷ
3253 821 3416 896 Θεῷ),
3476 817 3597 875 ἀλλ’
3637 818 3850 875 ἐκείνων

460 921 551 976 tra
579 913 863 994 temporis
891 914 1528 995 opportunitas,neque
1553 923 1818 974 nostrum
1847 919 2097 974 esttem-

2192 912 2323 974 ἐστί,
2397 910 2729 987 Κτησώμεθα
2809 911 2896 968 οὖν
2964 912 3119 970 αὐτὸν
3174 912 3261 966 καὶ
3317 913 3435 966 οἷον
3489 906 3849 987 κερδάνωμεν,

462 1021 574 1084 pus
602 1002 796 1082 ipsum
831 1002 1166 1083 (Siquidem
1198 1002 1318 1063 vita
1377 1009 1578 1064 nostra
1630 1001 1981 1063 abscondita
2023 1009 2097 1062 est

2192 999 2276 1057 διὰ
2306 1008 2400 1057 τοῦ
2452 999 2674 1058 ἐνταῦθα
2731 998 2910 1065 καλῶς
2965 999 3112 1076 βιοῦν
3153 999 3219 1056 τὰ
3273 996 3533 1074 μέλλοντα
3585 995 3852 1074 κληρονο-

462 1081 592 1153 cum
617 1081 847 1154 Christo
879 1081 1114 1170 inDeo)
1145 1089 1249 1152 sed
1283 1090 1517 1152 illorum
1551 1098 1640 1152 est
1676 1087 2097 1164 :emamusigi-

2194 1097 2441 1164 μοῦντες.
2507 1111 2528 1144 ε
2594 1081 2652 1148 Ὀ
2708 1088 2868 1168 λόγος
2926 1087 3098 1164 ὑμῶν,
3159 1087 3387 1144 πάντοτε
3443 1085 3496 1142 iv
3552 1087 3756 1165 χάριτι,
3822 1107 3844 1139 ι

463 1186 558 1241 tur
581 1179 775 1260 ipsum
809 1186 869 1240 et
899 1179 1077 1242 veluti
1101 1178 1682 1258 lucrifaciamus,per
1711 1185 1933 1239 rectam
1959 1177 2097 1238 hanc

2197 1179 2286 1246 Μὴ
2370 1177 2695 1257 μωρολογία,
2824 1179 3005 1258 φησὶν,
3089 1176 3125 1246 ἢ
3208 1176 3418 1255 ἀκαιρία
3488 1173 3676 1240 ἐξέλθοι
3756 1181 3853 1231 τοῦ

461 1267 636 1329 vitam
694 1267 1072 1330 haereditario
1117 1269 1249 1346 jure
1292 1275 1700 1348 assequentes,
1737 1285 1866 1347 quae
1917 1265 2097 1326 futuri

2196 1268 2460 1343 στόματος
2491 1268 2662 1342 ὑμῶν,
2711 1264 2848 1322 ἀλλὰ
2902 1266 3282 1344 προσηκόντως
3341 1265 3549 1336 ἑκάστῳ
3606 1261 3853 1340 λαλεῖτε,

460 1363 616 1419 sunt.
635 1380 661 1411 α
684 1357 895 1419 Sermo
917 1365 1112 1418 vester
1132 1374 1376 1437 semper
1401 1374 1535 1417 cum
1566 1354 1785 1435 gratia.
1825 1381 1847 1412 ι)
1883 1353 2090 1434 Inepta

2197 1354 2294 1412 κᾶν
2351 1353 2640 1422 ἐπιπλῆξαι
2681 1351 2814 1434 δέοι,
2875 1353 2973 1410 κᾶν
3029 1357 3341 1433 θεραπεῦσαι
3397 1353 3485 1408 καὶ
3538 1351 3852 1421 ἀνακτήσα-

459 1445 673 1526 inquit,
719 1445 1072 1527 loquacitas,
1117 1445 1249 1527 |44_
1286 1452 1386 1506 aut
1431 1443 1886 1524 intempestivus
1915 1459 2097 1504 sermt

2197 1446 2338 1525 σθαι,
2383 1445 2518 1519 μεεὰ
2547 1444 2797 1523 χάριτος,
2829 1443 2982 1523 φησὶ,
3016 1445 3405 1517 πνευματικῆς,
3466 1441 3542 1514 μὴ
3596 1444 3693 1507 τῆς
3747 1441 3854 1520 χά-

464 1524 583 1596 non
614 1524 954 1612 egrediatur
983 1552 1052 1595 ex
1075 1551 1178 1595 ore
1212 1524 1426 1605 v'estro,
1465 1532 1567 1594 sed
1601 1537 1755 1593 sicut
1779 1531 1994 1613 cuique
2020 1550 2097 1592 exe

2197 1554 2337 1612 ριτος
2417 1534 2490 1595 εἰς
2560 1529 2863 1611 ἀδιαφορίαν
2947 1530 2983 1598 ἢ
3053 1528 3394 1610 εὒτραπελίαν
3464 1528 3848 1597 ἐκπιπτούσης.

465 1622 631 1702 pedit
663 1622 971 1714 loquimini
999 1622 1174 1714 _:__sive
1207 1621 1520 1702 ohjurgare
1550 1629 1842 1714 oporteat,
1869 1621 2000 1714 sive
2018 1638 2097 1714 cui

2205 1644 2228 1678 α
2287 1613 2345 1679 Ὀ
2406 1619 2566 1698 λόγος
2622 1620 2768 1695 ὑμῶν
2823 1615 3149 1714 πάντοτεξν
3209 1619 3415 1699 χάριτι,
3473 1617 3652 1694 ὥσπερ
3695 1616 3851 1674 ἅλατι

460 1728 622 1780 rare,
665 1711 789 1772 sive
829 1710 1207 1773 refocillare:
1242 1728 1377 1772 cum
1417 1709 1627 1788 gratia,
1661 1709 1744 1770 ait
1793 1706 2088 1786 spirituali

2198 1709 2334 1768 ἔστω
2390 1709 2672 1787 ἦρυμένος.
2742 1731 2765 1765 ο
2832 1707 3032 1788 [ΦΩἸΊ.
3110 1705 3304 1788 Ὠσπερ
3372 1709 3473 1786 γὰρ
3543 1705 3689 1763 ὠδὶν
3744 1713 3850 1764 τῶν

463 1818 595 1862 cum
628 1799 838 1877 gratia,
866 1817 996 1880 qua;
1018 1819 1135 1861 non
1158 1808 1392 1861 emanat
1417 1800 1476 1859 in
1497 1797 1627 1859 vita:
1648 1797 2097 1859 indiﬂ'erentian

2198 1802 2353 1876 σῶμα
2408 1799 2700 1878 τρεφόντων
2758 1797 2952 1879 σχεδόν
3011 1799 3176 1878 χωρὶς
3237 1796 3433 1860 ἅλατος
3507 1794 3705 1870 ἡδύνει,
3761 1800 3853 1854 καὶ

464 1898 566 1951 aut
596 1887 658 1949 in
690 1888 1110 1951 urbanitatem.
1151 1911 1173 1944 ιι
1210 1885 1422 1951 Sermo
1471 1895 1664 1948 vester
1711 1904 1949 1965 semper
1979 1903 2097 1946 cun

2197 1891 2267 1954 είς
2332 1888 2534 1967 τροφὴν
2589 1885 2819 1967 εὔχυμον
2878 1884 3196 1961 ἀναδίδοται,
3270 1885 3408 1942 οὕτω
3465 1887 3552 1942 καὶ
3614 1888 3642 1942 ὁ
3697 1884 3850 1942 διδα-

462 1977 650 2056 gratia
695 1976 874 2038 veluti
924 1977 1048 2038 sale
1096 1975 1371 2038 conditus
1401 1976 1497 2036 sit.
1541 2001 1566 2030 υ
1599 1973 2097 2047 ρυθωωιτηοάυη·

2196 1975 2447 2038 σκαλικὸς
2469 1975 2626 2054 λόγος
2656 1979 2684 2032 6
2714 1977 2812 2042 τὴν
2844 1975 3030 2055 ψυχὴν
3062 1974 3291 2054 τρέφων,
3325 1973 3386 2029 ἂν
3416 1973 3494 2050 μὴ
3514 1975 3552 2050 ᾗ
3571 1980 3641 2050 τῇ
3667 1974 3849 2053 χάριτι

463 2067 624 2128 enim
650 2066 798 2128 nihil
831 2067 1020 2128 ferme
1049 2083 1256 2128 eorum
1288 2083 1420 2146 quae
1441 2083 1657 2143 corpus
1699 2064 1864 2126 alunt
1891 2061 2097 2142 absqut

2195 2065 2511 2145 ἠρτυμένος,
2555 2063 2672 2122 οὔτε
2703 2065 2905 2144 θρέψει,
2951 2063 3067 2120 οὕτε
3123 2062 3524 2133 ἆναδοθήσεται.
3565 2085 3587 2117 ι
3648 2061 3849 2121 Εὶδὲναι

459 2155 586 2217 sale
615 2154 887 2216 rodditur
915 2155 1250 2237 opiparum.
1299 2161 1358 2216 et
1384 2153 1456 2215 ad
1488 2153 1836 2214 alimentum
1887 2169 2097 2213 conve-

2196 2156 2330 2230 ὑμᾶς
2362 2156 2477 2218 πῶς
2508 2151 2614 2216 δεῖ.
2656 2178 2680 2208 v
2717 2156 2806 2217 Εἷς
2836 2156 2897 2210 τὸ
2926 2151 3140 2232 εἰδέναι,
3190 2153 3344 2232 φησὶ,
3389 2158 3504 2217 πῶς
3533 2149 3617 2208 δεῖ
3646 2152 3852 2226 ἑκάστῳ

457 2242 644 2306 nienti
694 2243 1075 2306 condimento
1125 2242 1326 2304 debite
1371 2242 1433 2303 in
1479 2251 1677 2324 partes
1704 2240 2097 2302 distrahitur:

2191 2243 2580 2324 ἐιποκρίνεσθαι,
2633 2241 2820 2307 Αλλως
2852 2244 2952 2322 γὰρ
2975 2254 3092 2306 τοῖς
3115 2240 3392 2322 ἀδελφοῖς,
3418 2242 3507 2298 καὶ
3528 2239 3702 2305 ἄλλως
3731 2254 3851 2307 τοῖς

461 2333 544 2396 ita
567 2343 626 2397 et
655 2335 941 2397 doctrinae
965 2353 1161 2397 sermo
1193 2334 1295 2415 qui
1323 2315 1581 2395 animam
1609 2333 1816 2408 nutrit,
1853 2331 1968 2393 nisi
1990 2332 2097 2392 fue-

2197 2315 2416 2398 εἘλλησι
2460 2330 2721 2398 λατητέον
2732 2379 2746 2394 .

459 2423 647 2500 gratia
677 2423 974 2504 conditus,
1009 2442 1204 2502 neque
1234 2422 1479 2501 nutriet,
1517 2441 1708 2501 neque
1739 2420 1937 2483 debito
1970 2419 2148 2480 modo
2203 2418 2262 2480 in
2321 2427 2521 2498 partes
2577 2418 2906 2482 dividetur.
2973 2441 3002 2469 α
3058 2416 3137 2481 Ut
3192 2417 3396 2480 sciatis
3422 2416 3718 2504 quomodo
3747 2434 3850 2479 vos

459 2518 750 2592 Oporteat.
787 2537 814 2569 ι
851 2513 938 2574 Ad
971 2512 1305 2587 sciendum,
1341 2512 1558 2592 inquit,
1589 2511 1884 2592 quomodo
1918 2515 2186 2590 oporteat
2217 2507 2538 2590 unicuique
2571 2507 2966 2590 respondere.
3002 2506 3139 2571 Alio
3164 2505 3324 2570 enim
3348 2506 3523 2568 modo
3543 2503 3844 2588 fratribus,

462 2609 524 2664 et
551 2599 678 2662 alio
709 2601 932 2665 Graecis
960 2600 1324 2682 loquendum
1358 2609 1469 2662 est.

542 2686 642 2764 IV,
665 2690 839 2755 7-13.
881 2689 972 2752 De
999 2689 1278 2752 omnibus
1304 2689 1486 2752 rebus
1517 2694 1666 2751 meis
1698 2689 1990 2750 certiores
2013 2703 2097 2749 vo:

2285 2708 2308 2742 ‹
2371 2687 2448 2745 Τὰ
2518 2687 2641 2744 κατ’
2693 2685 2790 2764 ἐμὲ
2845 2687 3017 2744 πάντα
3061 2689 3300 2766 γνωρίσει
3355 2687 3484 2761 ὑμῖν
3545 2686 3774 2764 Τυχικὸς
3818 2688 3847 2741 6

462 2777 655 2856 faciet
691 2777 984 2859 Tychicus
1004 2777 1262 2840 dilectus
1279 2779 1547 2857 frateret
1561 2778 1721 2856 [idus
1741 2775 2021 2837 minister
2041 2792 2097 2836 at

2196 2774 2473 2853 ἀγαπητὸς
2543 2773 2799 2856 ἀδελφὸς,
2856 2777 2944 2832 καὶ
3022 2776 3208 2838 πιστὸς
3279 2771 3519 2837 διάκονος
3576 2775 3664 2828 καὶ
3717 2773 3848 2828 σύν-

467 2883 796 2930 conservus
819 2867 888 2929 in
912 2867 1188 2928 Domino:
1211 2884 1385 2946 quem
1407 2869 1550 2927 misi
1575 2866 1654 2926 ad
1678 2882 1780 2927 vos
1806 2869 1869 2924 in
1888 2863 2000 2925 hoc
2017 2863 2097 2942 ip-

2197 2861 2377 2926 δουλος
2436 2863 2489 2920 iv
2547 2863 2744 2944 Κυρίῳ,
2819 2864 2878 2919 ὃν
2937 2862 3151 2939 ἔπεμψα
3209 2863 3339 2942 πρὸς
3381 2863 3517 2937 ὑμᾶς
3586 2862 3659 2924 εἰς
3720 2860 3851 2918 αὒτὸ

459 2973 618 3034 sum,
652 2963 722 3018 ut
765 2963 1057 3037 cognocat
1096 2957 1244 3038 quid
1263 2956 1466 3036 agatis
1493 2961 1545 3018 et
1569 2954 1909 3017 consoletur
1929 2953 2097 3015 corda

2195 2958 2373 3032 τοῦτο,
2428 2949 2522 3038 ἵνα
2580 2959 2690 3030 γνῷ
2767 2952 2834 3008 τὰ
2909 2953 3060 3038 περὶ.
3107 2952 3254 3026 ὑμῶν
3336 2951 3424 3008 καὶ
3504 2947 3850 3028 παρακαλέσῇ

457 3029 816 3118 vestramne
833 3029 978 3107 cum
1011 3029 1428 3124 Onesimoﬁdo
1447 3049 1504 3106 et
1529 3042 1745 3106 dilecto
1763 3043 1984 3121 fratre,
2007 3059 2097 3122 qu:

2195 3041 2288 3106 τὰς
2344 3029 2557 3118 καρδίας
2598 3029 2798 3116 ὑμῶν,
2879 3029 2991 3097 σὺν
3045 3029 3314 3116 Ὀνησίμῳ
3380 3040 3457 3114 τῷ
3534 3045 3704 3113 πιστῴ
3761 3041 3850 3094 καὶ

457 3137 544 3196 est
554 3150 633 3196 es:
648 3132 1064 3198 vobis.0mnia
1077 3133 1257 3196 nobis
1268 3140 1413 3195 nota
1428 3135 1664 3211 lanient
1677 3149 1810 3211 qua
1825 3131 1921 3193 hic
1931 3147 2097 3209 agon.

2193 3129 2458 3207 ἀγαπητῷ
2571 3127 2802 3210 ἀδελφῷ,
2908 3130 2964 3195 ὃς
3057 3128 3197 3185 ἰστιν
3280 3127 3332 3194 ἐξ
3413 3130 3583 3204 ὑμῶν.
3671 3127 3850 3184 Πάντα

459 337 526 402 51

458 3228 588 3283 tur.
619 3221 861 3284 Salutat
896 3240 996 3284 vos
1009 3222 1417 3296 Aristarchus,
1452 3222 1846 3302 concaptivus
1868 3237 2030 3282 meus
2058 3226 2114 3283 et

452 3310 692 3374 Marcus
737 3311 1130 3374 consobrinus
1155 3312 1482 3384 Barnaba',
1513 3311 1587 3373 de
1630 3327 1746 3389 quo
1787 3311 2113 3390 accepistis

453 3399 848 3464 mandata.Si
869 3401 1104 3464 venerit
1123 3401 1202 3462 ad
1225 3418 1345 3474 vos,
1365 3401 1624 3482 excipite
1645 3415 1781 3461 eum
1808 3415 1822 3459 :
1844 3407 1900 3461 et
1930 3396 2107 3460 .Iesus

450 3488 563 3568 qui
584 3495 838 3552 vocatur
875 3488 1109 3566 Justus,
1129 3492 1236 3572 qui
1261 3496 1402 3553 sunt
1426 3507 1502 3552 ea:
1524 3489 1997 3551 circumcisione.
2025 3488 2109 3549 Hi

452 3575 570 3638 soli
589 3579 925 3658 coeperarii
943 3587 1084 3642 sunt
1105 3579 1186 3641 ad
1207 3597 1464 3657 regnum
1490 3577 1734 3657 Dei,qui
1757 3577 1936 3654 fuere
1951 3576 2107 3638 mihi

451 3663 941 3730 solatio.Salutat
969 3685 1073 3732 vos
1100 3667 1554 3748 Epaphras,qui
1572 3683 1651 3729 ex
1671 3663 1836 3729 vobis
1864 3671 1949 3727 est
1966 3683 2100 3727 ser-

453 3768 560 3815 vos
589 3751 847 3826 Christi,
877 3773 1126 3835 semper
1154 3759 1351 3818 anxie
1379 3754 1664 3818 laborans
1691 3771 1805 3834 pro
1837 3753 2008 3816 vobis
2035 3754 2102 3816 in

445 3843 903 3920 precationibus
931 3850 997 3906 ut
1018 3845 1192 3907 stetis
1212 3845 1459 3923 perfecti
1479 3851 1535 3905 et
1547 3842 1822 3924 completi
1839 3847 1898 3903 in
1913 3845 2102 3905 omni-

454 3928 766 3993 voluntate
795 3933 928 3994 Dei.
965 3933 1388 3996 Testimonium
1430 3933 1594 3995 enim
1641 3930 1740 3994 illi
1785 3933 1914 4009 fero
1943 3932 2102 4013 quod

447 4016 710 4080 multum
724 4019 942 4083 habeat
969 4022 1235 4084 studium
1276 4039 1385 4102 pro
1412 4019 1602 4101 vobis,
1629 4028 1686 4082 et
1713 4019 1806 4082 his
1829 4025 1934 4098 qui
1955 4028 2096 4083 sunt

448 4104 784 4178 Laodiceae,
821 4116 882 4169 et
909 4108 1004 4172 his
1031 4111 1140 4190 qui
1171 4108 1508 4189 Hierapoli.

2193 3218 2320 3294 ὑμῖν
2403 3227 2682 3298 Ῥωριοῦσι
2766 3219 2834 3276 τὰ
2887 3215 3014 3279 ὦδε.
3088 3214 3403 3289 Ἀσπάζεται
3486 3217 3620 3292 ὑμᾶς
3696 3214 3844 3295 Ἀρί-

2194 3327 2427 3387 σταρχος
2509 3309 2538 3362 6
2621 3305 3063 3387 συναιχμάλωτός
3153 3328 3276 3386 μου,
3347 3306 3436 3362 καὶ
3522 3305 3732 3383 Μάρκος
3817 3307 3846 3360 6

2191 3394 2412 3471 ἀνεψιὸς
2469 3391 2732 3475 Βαρνάϐα,
2792 3395 2908 3475 περὶ
2987 3397 3047 3452 οὗ
3115 3392 3328 3451 ἐλάϐετε
3409 3391 3622 3456 ἐντολάς
3657 3411 3672 3424 ·
3753 3393 3844 3448 ἐὰν

2190 3483 2314 3561 ἔλθῃ
2405 3485 2538 3563 πρὸς
2632 3484 2771 3560 ὑμᾶς
2858 3481 3066 3549 δέξασθε
3177 3483 3335 3540 αὐτόν
3368 3498 3382 3512 ⁹
3470 3483 3558 3539 καὶ
3641 3481 3844 3549 Ἰησοῦς

2188 3575 2218 3630 6
2298 3571 2590 3651 λεγόμενος
2681 3573 2936 3646 Ἰοῦστος,
3024 3576 3071 3629 οἱ
3153 3571 3298 3637 ὄντες
3383 3571 3444 3628 ὲκ
3527 3575 3840 3651 περιτομῆς.

2188 3663 2344 3719 Οὗτοι
2429 3661 2584 3737 μόνοι
2683 3663 2920 3741 συνεργοὶ
3022 3662 3095 3727 εἷς
3195 3661 3295 3729 τὴν
3399 3657 3667 3736 βασιλείαν
3747 3665 3842 3716 τοῦ

2184 3757 2339 3831 Θεοῦ,
2421 3750 2618 3814 οἵτινες
2700 3750 3026 3829 ἐγενήθησάν
3097 3773 3188 3828 μοι
3258 3756 3582 3829 παρηγορία,
3644 3745 3843 3805 Ἀσπά-

2180 3847 2324 3912 ζεται
2381 3841 2524 3916 ὑμᾶς
2591 3837 2861 3920 Ἐπαφρᾶς
2939 3842 2968 3896 6
3049 3837 3102 3906 ἐξ
3168 3840 3317 3915 ὑμῶν
3373 3835 3557 3902 δοῦλος
3617 3841 3842 3916 Χριστοῦ

2180 3933 2405 3989 πάντοτε
2478 3931 2862 4009 ἀγωνιζόμενος
2932 3930 3064 4009 ὑπὲρ
3130 3931 3274 4006 ὕμῶν
3346 3927 3400 3985 iv
3481 3929 3608 3991 ταῖς
3682 3949 3840 4006 προσ-

2180 4034 2396 4102 ευχαῖς,
2469 4019 2564 4077 ἵνα
2627 4022 2789 4088 στῆτε
2857 4018 3053 4077 τέλειοι
3132 4021 3218 4075 καὶ
3287 4016 3701 4098 πεπληρωμένοι
3786 4015 3840 4072 iv

2178 4111 2335 4167 παντὶ
2376 4107 2638 4185 βελήματι
2695 4115 2787 4166 τοῦ
2844 4114 2996 4167 Θεοῦ.
3075 4113 3330 4187 Μαρτυρῶ
3401 4106 3501 4185 γὰρ
3557 4106 3700 4180 αὕτῷ
3756 4104 3838 4160 ὅτι

441 4192 557 4274 ἔχει
587 4194 746 4266 ζῆλον
779 4196 943 4254 πολὺν
973 4189 1100 4278 ὑπὲρ
1130 4201 1303 4275 ὑμῷν,
1333 4201 1422 4256 καὶ
1450 4204 1556 4254 τῶν
1587 4201 1642 4253 ἐν
1687 4194 1965 4269 Λαοδικείᾳ
1995 4199 2080 4254 καὶ
2114 4207 2219 4256 τῶν
2247 4196 2300 4256 ἒν
2349 4189 2661 4278 Ἱεραπόλει.
2700 4221 2725 4255 ι

526 4304 550 4338 α
589 4285 673 4346 De
703 4284 981 4347 omnibus
1016 4287 1197 4350 rebus
1229 4285 1636 4349 meisaErant
1666 4304 1796 4366 quae
1830 4285 2098 4346 multitu-

2262 4309 2284 4342 ο
2322 4274 2546 4346 Τὰνκαέ
2577 4285 2672 4362 ἐμὲ
2717 4287 2912 4344 πάντα.
2971 4307 2992 4341 ι
3044 4274 3140 4342 Ἠν
3193 4284 3345 4341 ἅτινα
3406 4282 3507 4340 ἔδει
3565 4284 3644 4360 μὴ
3704 4283 3839 4362 γρά-

439 4369 596 4432 dinis
636 4372 824 4450 gratia
873 4374 1140 4438 scribere
1189 4395 1307 4438 non
1355 4374 1736 4457 expediebat.
1793 4376 2096 4437 Praeterea

2183 4396 2296 4456 φειν
2336 4374 2420 4433 διὰ
2458 4376 2518 4430 τὸ
2575 4373 2801 4443 πλῆθος.
2870 4372 3055 4438 Αλλως
3104 4394 3161 4430 τε
3217 4370 3317 4429 ἔδει
3346 4374 3433 4429 καὶ
3465 4374 3553 4430 τὸν
3603 4374 3838 4453 Τυχικὸν

436 4460 748 4541 oportebat
777 4462 954 4525 etiam
984 4465 1310 4547 Tychicum
1351 4465 1572 4526 habere
1596 4483 1728 4546 quae
1757 4481 1861 4526 ore
1892 4463 2090 4526 refer-

433 4556 549 4621 ret,
574 4551 732 4630 quod
762 4559 822 4612 et
850 4551 911 4612 in
933 4553 1183 4616 vinculis
1232 4562 1291 4615 et
1347 4553 1408 4614 in
1437 4552 1864 4614 afflictionibus
1913 4552 2092 4613 fuerit

443 4646 795 4719 praeceptor.
834 4665 860 4696 ι
892 4640 1156 4704 Dilectus
1184 4642 1385 4706 frater.
1421 4668 1445 4696 ι)
1482 4643 1546 4705 Si
1575 4642 1852 4715 dilectus,
1887 4640 2090 4703 omnia

438 4727 631 4792 novit:
651 4727 793 4791 nihtl
822 4732 980 4792 enim
1004 4731 1117 4813 ipsi
1137 4732 1449 4811 occultavi,
1484 4728 1658 4793 ait.Si
1685 4730 1859 4794 ﬁdus.
1889 4730 2086 4790 omnia

430 4833 572 4878 vera
599 4817 917 4900 loquetur:
951 4819 1004 4882 si
1045 4838 1388 4899 conservus,
1420 4819 1715 4900 particeps
1775 4817 2085 4880 nobiscum

433 4904 542 4967 fuit
571 4917 629 4971 et
660 4907 722 4970 in
745 4909 1194 4973 aﬂlictionihus.
1251 4907 1549 4990 Quidquid
1603 4907 1938 4990 Tychycum
1973 4907 2090 4970 fide

428 4992 670 5082 dignum
687 4997 979 5062 reddebat
999 4998 1263 5082 undique
1284 4998 1592 5078 conjunxit
1635 4997 1858 5069 «Quem
1889 4994 2084 5058 misi.»

432 5079 784 5164 Exemplum
798 5095 888 5148 est
920 5079 1544 5151 maximaidilectionis
1564 5086 1640 5147 ob
1659 5085 1717 5147 id
1736 5086 1928 5148 solum
1956 5083 2092 5146 145

435 5169 678 5234 missum
701 5173 885 5237 fuisse
907 5175 1259 5258 Tychicum,
1288 5185 1354 5240 ut
1387 5174 1754 5237 renuntiaret
1776 5192 1909 5256 quae
1930 5173 2091 5236 circa

431 5259 676 5348 Paulum
698 5262 1420 5348 agebantur,rursumque
1442 5263 1756 5345 Paulo,ubi
1781 5262 2092 5325 didicisset

2177 4462 2328 4544 ἔχειν
2359 4464 2392 4518 ἃ
2439 4463 2527 4519 καὶ
2583 4462 2688 4520 ἀπὸ
2744 4464 3007 4538 στόματος
3052 4461 3300 4534 λαλήσει,
3361 4460 3441 4520 ὅτι
3501 4462 3586 4518 καὶ
3643 4460 3697 4517 ἐν
3747 4458 3838 4516 δε-

2173 4541 2341 4628 σμοῖς
2371 4553 2459 4607 καὶ
2487 4548 2722 4626 θλίψεσιν
2753 4553 2781 4607 6
2811 4549 3143 4614 διδάσκαλος.
3197 4570 3221 4604 tt
3261 4541 3318 4608 Ὀ
3367 4549 3645 4627 ἀγαπητὸς
3671 4547 3834 4605 ἀδελ-

2171 4641 2298 4721 φός.
2351 4663 2373 4696 ι
2424 4641 2484 4698 Εἰ
2529 4639 2830 4717 ἀγαπητὸς,
2875 4640 3049 4697 πάντα
3109 4637 3278 4702 οἷδεν.
3336 4637 3496 4697 Οὐδὲν
3540 4640 3642 4718 γὰρ
3678 4638 3837 4695 αὐτὸν

2173 4728 2479 4807 ἆπέκρυψα,
2534 4730 2718 4807 φησίν.
2804 4731 2861 4788 Ei
2934 4729 3146 4800 πιστὸς,
3232 4726 3511 4795 ἀληθεύσει
3592 4728 3834 4790 πάντως,

2177 4820 2234 4875 Εἰ
2293 4815 2624 4891 σύνδουλους,
2685 4819 3071 4885 κεκοινώνηκεν
3131 4821 3268 4894 ἡμῖν
3324 4817 3411 4873 καὶ
3495 4823 3602 4872 τῶν
3645 4837 3836 4895 πειρα-

2172 4912 2349 4981 σμῶν.
2412 4908 2483 4966 Τὸ
2553 4904 2856 4986 ἀξιόπιστον
2933 4905 2989 4963 δὲ
3069 4913 3161 4963 τοῦ
3241 4911 3496 4986 Τυχικοῦ,
3583 4905 3837 4961 πάντοθεν

2173 4979 2468 5075 συνήγαγεν
2555 5016 2577 5050 ι
2646 4979 2740 5053 “Ον
2831 4995 3068 5071 ἔπεμψα.
3168 5017 3190 5050 ι
3283 4979 3494 5073 Δεῖγμα
3579 4995 3835 5072 μεγίστης

2173 5083 2390 5162 ἀγάπης
2421 5085 2482 5141 τὸ
2526 5082 2610 5145 διὰ
2652 5090 2806 5143 τοῦτο
2865 5085 3027 5162 μόνον
3084 5081 3405 5143 ἀπεστάλθαι
3455 5084 3545 5140 τὸν
3577 5085 3831 5163 Τυχικὸν,

2171 5171 2268 5231 ἵνα
2340 5197 2397 5232 τε
2467 5175 2768 5254 ἀπαγγείλῃ
2841 5178 2908 5233 τὰ
2974 5177 3111 5232 κατᾶ
3165 5177 3257 5233 τὸν
3321 5172 3554 5248 Παῦλον,
3609 5175 3697 5231 καὶ
3761 5181 3838 5249 τῷ

2172 5262 2370 5340 Παύλῷ
2433 5262 2620 5346 πάλιν,
2663 5267 2843 5340 μαθὼν
2900 5267 2966 5323 τὰ
3029 5261 3149 5323 κατ’
3196 5265 3404 5329 αὐτούς.
3471 5287 3495 5320 ι
3564 5266 3663 5323 Καὶ
3715 5264 3831 5340 ἵνα,

427 5345 570 5429 quid
619 5349 733 5430 ipsi
787 5361 1054 5430 agerent.
1091 5379 1118 5411 α
1145 5355 1214 5417 Et
1255 5345 1597 5417 consoletur
1645 5371 1768 5416 vos.
1809 5379 1834 5409 η
1871 5352 1937 5414 Id
1968 5369 2080 5414 au-

2183 5353 2322 5432 ρησὶ,
2399 5345 2747 5434 παρακαλέσῃ
2803 5357 2962 5432 ὑμᾶς.
3041 5375 3066 5412 ι
3129 5361 3368 5412 Δείκνυσι
3427 5352 3482 5410 δὲ
3540 5361 3720 5428 τοῦτο,
3778 5352 3836 5410 iv

427 5442 549 5498 tem
583 5438 843 5502 ostendit
873 5442 1032 5522 quod
1063 5442 1123 5504 in
1147 5441 1571 5504 afﬂictionibus
1612 5451 1831 5505 essent.
1872 5466 1899 5496 ι
1933 5439 2080 5503 Cum

2183 5457 2490 5520 τειρασμοῖς
2549 5444 2735 5507 αὖτοὺς
2793 5442 2975 5509 ὄντας.
3041 5465 3066 5499 ε
3103 5444 3207 5500 Σὺν
3264 5440 3564 5518 Ὀνησίμῳ.
3613 5464 3643 5498 α
3699 5442 3830 5517 Θέα,

433 5524 745 5594 Onesimo.
777 5549 805 5590 ι
845 5528 1168 5594 Considera
1196 5531 1617 5613 quod‘servum
1649 5531 1908 5611 appellet
1957 5528 2080 5591 fra-

2183 5530 2253 5586 τὸν
2281 5529 2462 5589 δοῦλον
2493 5529 2719 5612 ἀδελφὸν
2747 5533 3017 5609 ὀνομάζει,
3052 5535 3124 5590 Τὸ
3153 5530 3230 5606 δὲ,
3288 5528 3376 5597 Ἐξ
3420 5534 3595 5608 ὑμῶν,
3649 5553 3825 5610 προσ-

429 5621 604 5680 trem.
663 5618 912 5682 Accedit
957 5627 1176 5698 autem,
1211 5619 1294 5683 Ex
1326 5619 1516 5695 vobis,
1551 5625 1613 5679 ut
1644 5637 1764 5681 non
1793 5619 1986 5681 solum
2018 5616 2081 5680 ei

2183 5616 2375 5695 Ώηκεν,
2420 5621 2511 5676 ’ίνα
2558 5620 2636 5695 μὴ
2695 5621 2857 5696 μόνον
2901 5622 2979 5697 μὴ
3037 5621 3401 5690 ἂπιστήσωσιν
3460 5625 3623 5698 αὒτῷ,
3675 5618 3812 5674 ἀλλᾶ
