4140 6212
444 302 523 368 ss
600 291 614 303 "
840 352 846 358 .
1569 307 1978 374 CECUMENII
2021 295 2316 374 Tamen-3
2360 307 2696 376 EPISGOPI
3736 303 3819 369 56

450 455 568 499 non
590 436 798 500 scribit
819 437 890 501 ad
923 438 1151 520 ipsum?
1168 438 1460 501 Fortassis
1490 454 1612 499 non
1643 455 1792 518 opus
1821 435 2093 513 erat,nisi

2193 442 2266 499 τόν
2297 462 2314 524 ;
2353 423 2497 507 ⁵Ῐσως
2523 443 2620 501 οὐκ
2647 441 2844 519 ἑδεῖτο,
2883 443 3021 502 ἀλλὰ
3051 442 3214 521 ψιλῆς
3243 443 3415 520 μόνης
3444 441 3822 517 ὑπομνήσεωςν

448 526 632 588 solam
657 527 872 589 nudam
904 527 1036 590 ﬁeri
1066 526 1591 607 mentionem,quo
1621 526 1950 588 studiosius
1987 544 2096 586 cu-

2193 531 2315 588 bare
2398 530 2799 613 σπουδαιότερον
2888 533 3053 604 εἶναι,
3126 531 3357 608 μάλιστα
3424 531 3610 593 αὐτοὺς
3679 526 3828 587 αὖτῶ

451 624 709 690 raretur,
754 624 816 677 ut
863 615 925 678 hi
971 616 1229 679 maxime
1273 615 1329 677 ei
1379 614 1841 703 subjicerentur.
1894 613 2100 694 Neque

2193 622 2516 683 ὃποτάσσειν,
2552 625 2658 682 Οὒκ
2713 621 2791 678 ἔτι
2846 622 2946 700 γὰρ
3004 620 3066 677 ἂν
3121 621 3299 703 ἔχοιεν
3351 618 3597 701 ἐγκαλεῖν
3639 617 3826 689 ἐκείνῳ

452 703 613 767 enim
651 703 785 767 ﬁeri
815 712 1065 785 poterat,
1095 712 1160 766 ut
1209 722 1346 768 eum
1392 701 1798 785 increpantem
1851 702 2010 782 ipsos
2040 703 2101 763 in

455 790 652 874 aliquo
703 800 1075 868 accusarent,
1109 811 1244 855 eum
1287 791 1610 874 Epistolam
1661 810 1729 853 ac
1761 792 2099 853 mandatum

455 900 634 944 omne
655 882 773 962 ipsi
791 881 1341 964 accepissent,ratio
1372 899 1635 962 namque
1656 899 1776 942 non
1807 879 2099 960 exigebat,

457 978 521 1032 ut
550 970 828 1052 discipuli
853 971 929 1034 de
954 970 1238 1050 magistro
1263 969 1648 1032 dicerentsed
1669 987 1771 1031 eos
1801 969 1918 1031 illis
1940 968 2105 1030 obtu-

455 1075 594 1120 rans
625 1059 749 1122 hac
765 1059 1081 1123 scribit.—
1107 1060 1315 1122 Aliud.
1348 1059 1432 1121 De
1464 1067 1827 1140 praeceptore
1870 1057 2104 1133 scribit,

455 1146 861 1230 utincrepanti
882 1157 942 1212 et
963 1147 1310 1211 admonenti
1331 1147 2110 1229 obtemperarent,scientes

458 1253 589 1318 quae
617 1236 703 1299 illi
731 1237 1058 1318 signiﬁcata
1086 1245 1284 1301 essent
1314 1236 1388 1300 ab
1415 1236 1721 1318 Apostolo.
1741 1235 2111 1299 —Fortassis

454 1331 654 1386 autem
686 1325 1003 1406 episcopus
1043 1325 1308 1407 ipsorum
1340 1333 1488 1405 erat,
1522 1333 1624 1386 aut
1678 1323 1837 1386 aliud
1865 1323 2109 1385 sortitus

458 1419 584 1474 erat
611 1412 1011 1477 ministerium
1040 1413 1544 1477 animarudeeo
1564 1414 1681 1475 ait:
1709 1413 2103 1476 Ministerium

460 1518 570 1581 per
596 1500 937 1578 Dominum,
971 1521 1090 1564 non
1139 1503 1299 1564 enim
1339 1511 1471 1566 erat
1501 1503 1573 1564 ab
1605 1503 1871 1565 homine.
1903 1526 1930 1556 κ
1953 1499 2105 1562 Vide

461 1589 883 1653 ministerium.
922 1614 946 1649 ι
982 1589 1246 1654 Verbum
1277 1592 1391 1654 hoc
1421 1592 1703 1654 terrentis
1731 1591 1953 1672 ubique
1995 1597 2107 1673 est,

458 1677 640 1740 veluti
669 1697 803 1742 cum
853 1680 1040 1744 dixit:
1077 1703 1105 1741 ι
1142 1680 1356 1745 Videte
1387 1698 1566 1743 canes
1606 1681 1687 1745 16.
1724 1705 1748 1738 ι
1784 1680 1998 1743 Videte
2033 1696 2110 1740 ne

465 1767 602 1849 quis
647 1785 749 1829 vos
799 1769 1187 1850 depredetur;
1221 1793 1242 1825 ι
1268 1768 1487 1845 videte,
1533 1788 1610 1831 ne
1649 1768 1948 1851 quomodo
1997 1785 2170 1847 po-B

465 1861 648 1918 testas
681 1856 806 1920 haec
851 1866 1044 1921 vestra
1083 1858 1442 1921 otl‘endiculo
1487 1859 1584 1920 ﬁat
1626 1859 1720 1920 his
1751 1857 1851 1939 qui
1887 1854 2111 1918 infirmi

463 1955 600 2008 sunt
619 1947 699 2010 η.
735 1971 759 2004 υ
793 1981 872 1994 -
907 1971 932 2006 ι
966 1947 1134 2022 Quod
1193 1949 1480 2028 accepisti
1534 1967 1640 2030 per
1695 1948 2038 2011 Dominum.
2072 1967 2102 2005 »

461 2033 708 2114 Capitur
752 2039 807 2094 ῐεν
864 2038 1032 2117 Κυρίῳ
1088 2037 1149 2099 ἱη
1199 2037 1450 2098 Domino
1502 2057 1605 2118 pro
1661 2037 1744 2095 διὰ
1785 2040 1968 2118 Κυρῖο)
2007 2052 2111 2114 per

463 2119 806 2186 Dominum.
867 2121 942 2188 Ut
989 2126 1199 2188 eodem
1253 2126 1448 2187 studio
1505 2135 1563 2188 et
1609 2125 1915 2206 diligentia
1961 2143 2107 2185 con-

463 2210 634 2274 tinue
673 2212 878 2276 utaris.
920 2236 943 2270 ι
983 2212 1292 2277 Salutatio.
1350 2239 1376 2269 ι)
1421 2214 1545 2277 Hoc
1597 2214 2002 2293 germanitatis
2052 2223 2110 2274 et

463 2299 741 2363 amicitiae
769 2302 1004 2383 signum
1051 2312 1163 2375 est,
1201 2311 1262 2365 et
1295 2303 1521 2365 litteras
1563 2304 1782 2366 intueri
1831 2313 1888 2365 et
1912 2304 1981 2363 ad
2008 2320 2107 2362 eas

464 2389 904 2468 quodammodo
936 2390 1113 2452 afﬁci.
1155 2413 1176 2446 α
1217 2390 1343 2453 Mea
1373 2411 1550 2453 manu
1597 2393 1788 2454 l’auli.
1836 2414 1864 2452 ι
1915 2393 2102 2469 Ipsam

466 2476 838 2538 salutationis
867 2479 1188 2540 dictionem
1222 2479 1416 2558 potius
1450 2499 1624 2542 manu
1651 2480 1889 2562 propria
1912 2480 2106 2559 scrip-

466 2563 563 2639 sit,
592 2564 722 2625 H7
735 2574 798 2626 ut
819 2571 1004 2645 magis
1017 2565 1454 2648 quodammodo
1467 2569 1846 2632 afﬁcerentur
1869 2569 2106 2632 intuen-

464 2659 556 2714 tes
605 2652 769 2715 Pauli
819 2673 1087 2717 manum.
1135 2679 1163 2710 ι
1215 2658 1512 2718 Memores
1558 2659 1686 2719 silis
1733 2658 2105 2719 vinculorum

468 2758 765 2803 meorum.
796 2763 827 2802 ι
887 2743 1081 2825 Papae,
1133 2751 1352 2824 quanta
1403 2745 1732 2808 exhortatio
1768 2764 1782 2809 :
1819 2766 1952 2807 nam
1997 2746 2110 2806 hoc

467 2829 832 2893 sufﬁcienter
861 2842 1006 2912 erat,
1029 2840 1094 2893 ut
1112 2831 1276 2912 ipsos
1295 2834 1368 2894 ad
1392 2835 1592 2896 omnia
1613 2836 2025 2898 exhortantur
2052 2842 2110 2896 et

465 2915 832 3006 robustiores
852 2920 923 2981 ad
957 2920 1284 2982 certamina
1308 2921 1828 3006 redderetltaque
1857 2932 1918 2985 et
1945 2921 2110 2984 fami-

2183 709 2492 786 ἐπιτιμῶντι
2575 715 2783 792 αὐτοῖς,
2855 711 2980 770 ὅταν
3038 712 3184 771 αὐτοὶ
3237 712 3367 768 ὦσιν
3424 706 3827 786 ἀναδεδεγμένοι

2183 800 2244 856 τὸ
2287 807 2413 858 πᾶν.
2478 797 2625 858 Ἐπεὶ
2681 801 2776 858 οὒκ
2818 799 2934 880 ἔχει
2983 799 3166 879 λόγον,
3223 814 3340 864 τοῖς
3384 802 3650 877 μαθηταῖς
3705 796 3830 876 περὶ

2185 895 2277 945 τοῦ
2305 887 2621 946 διδασκάλου
2662 888 2860 968 λέγειν.
2895 887 3040 947 Ἀλλ’
3072 889 3422 964 ἐπιστομίζων
3481 887 3664 949 αὖτοὺς
3692 890 3832 941 ταῦ-

2186 1000 2250 1034 τα
2280 979 2488 1060 γράφει·
2520 1011 2601 1026 -
2647 1001 2671 1035 ⁸
2715 976 2900 1043 Αλλως
2942 1001 2964 1034 ι
3002 977 3213 1058 [ΦΩΤ.]
3243 978 3368 1058 Περὶ
3393 983 3485 1033 τοῦ
3514 971 3833 1032 διδασκάλου

2189 1067 2400 1148 γράφει,
2468 1067 2562 1124 ’ίνα
2619 1067 2932 1143 ἑπιτιμῶντι
2987 1068 3077 1124 καὶ
3131 1073 3466 1146 παραινοῦντι
3521 1065 3829 1141 πείθωνται,

2191 1153 2383 1235 εἰδότες
2439 1158 2505 1213 τὰ
2572 1154 2873 1225 δηλωθέντα
2939 1156 3082 1231 αὐτῷ
3127 1156 3270 1235 παρᾶ
3325 1161 3418 1211 του
3475 1151 3829 1211 Ἀποστόλου.

2191 1227 2337 1309 Ἴσως
2380 1243 2435 1302 δὲ
2477 1244 2761 1309 ἐπίσκοπος
2801 1245 2867 1313 ἧν
2912 1227 3108 1319 αὐτῶν,
3165 1227 3218 1313 ἢ·
3259 1241 3426 1311 ἄλλην
3467 1241 3831 1321 ἐγκεχείριπο

2189 1339 2380 1414 ψυχῶν
2435 1330 2719 1396 διακονίαν,
2785 1335 2878 1391 Διό
2931 1355 3111 1414 φησιν,
3173 1331 3264 1392 Ἐν
3321 1334 3492 1413 Κυρίῳ
3538 1328 3825 1402 διακονίαν,

2187 1424 2274 1478 καὶ
2304 1421 2362 1479 οὗ
2390 1421 2509 1479 κατ’
2537 1420 2813 1502 ἄνθρωπον
2841 1423 3022 1486 οὖσαν,
3062 1446 3083 1479 ι
3124 1421 3292 1480 Βλέπε
3319 1423 3419 1490 τὴν
3446 1419 3728 1478 διακονίαν.
3797 1440 3824 1474 ι

2187 1505 2479 1575 Φοϐοὖντός
2524 1510 2632 1566 ἐστι
2689 1513 2749 1568 τὸ
2803 1512 2948 1590 ῥῆμα
3001 1517 3160 1569 τοῦτο
3213 1520 3513 1591 πανταχοῦ,
3569 1510 3642 1572 ὼς
3701 1506 3831 1564 ὅταν

2189 1597 2323 1677 λέγῃ
2359 1615 2372 1630 ⁸
2412 1622 2440 1654 ο
2473 1598 2702 1657 Βλέπετε
2757 1601 2876 1664 τοὺς
2937 1601 3120 1665 κύνας.
3162 1625 3185 1658 ι
3219 1598 3449 1658 Βλέπετε
3492 1599 3652 1674 μήτις
3690 1597 3828 1671 ὑμᾶς

2190 1687 2334 1746 ἔσται
2391 1691 2420 1745 ὁ
2475 1687 2818 1768 συλαγωγῶν.
2885 1715 2905 1745 ι
2971 1687 3202 1748 Βλέπετε
3257 1692 3334 1766 μή
3377 1709 3507 1746 ποτε
3559 1689 3596 1752 ἡ
3624 1684 3830 1752 ἱξουσία

2191 1777 2338 1852 ὑμῶν
2360 1777 2536 1857 -αὕτη,
2597 1779 2918 1857 πρόσκομμα
2984 1778 3204 1856 γένηται
3259 1791 3378 1842 τοῖς
3439 1777 3759 1837 ἀσθενοῦσιν.
3801 1796 3827 1829 ο

2190 1849 2270 1910 -έ-
2305 1888 2327 1921 c
2360 1849 2457 1922 "HV
2489 1849 2781 1946 παρέλαϐες
2801 1849 2865 1923 *έν
2895 1849 3088 1946 Κυρίῳ.
3130 1890 3152 1923 ο
3189 1865 3354 1924 Πάλιν
3393 1867 3478 1941 τὸ,
3533 1863 3629 1922 Ἐν
3660 1863 3832 1942 Κυρίῳ

2191 1951 2275 2010 διὰ
2346 1954 2530 2034 Κυρίου
2551 2032 2564 2037 Α
2599 1954 2728 2030 ἐστὶ,
2803 1953 3058 2021 διηνεκῶς
3128 1955 3462 2037 κεχρημένος
3556 1958 3625 2030 τῇ
3694 1955 3831 2028 αὖτῇ

2190 2032 2432 2120 σπουδῇ.-
2458 2062 2486 2101 ε
2549 2032 2607 2102 Ὀ
2661 2044 2966 2119 ἀσπασμός,
3035 2067 3058 2101 ι
3106 2032 3271 2104 Tadio
3320 2045 3672 2123 γνησιότητος
3741 2042 3833 2096 καὶ

2191 2130 2365 2212 φιλίας
2423 2133 2732 2212 τεκμήριον,
2792 2136 2852 2190 τὸ
2906 2135 2995 2190 καὶ
3062 2134 3128 2191 τὰ
3195 2135 3484 2212 γράμματα
3538 2134 3684 2211 ὁρᾷν,
3744 2130 3838 2185 καὶ

2190 2221 2420 2300 πάσχειν
2449 2242 2498 2275 τι
2528 2223 2658 2300 πρὸς
2701 2230 2891 2284 ταῦτα.
2955 2243 2979 2279 σ
3029 2229 3108 2300 Τῇ
3158 2223 3264 2299 ἐμῇ
3305 2224 3446 2303 χειρὶ
3501 2218 3730 2278 Παύλου.
3795 2241 3825 2273 ι

2190 2307 2403 2365 Μᾶλλον
2459 2309 2623 2377 αὐτὴν
2680 2317 2772 2368 τοῦ
2840 2311 3121 2388 ἀσπασμοῦ
3174 2311 3272 2379 τὴν
3342 2308 3479 2376 λέξιν
3548 2307 3649 2380 ἰδίᾳ
3689 2307 3832 2388 χειρὶ

2189 2395 2438 2476 ἔγραψεν,
2491 2397 2586 2455 ἵνα
2637 2399 2889 2477 πάσχωσί
2941 2422 2992 2456 τι
3048 2399 3209 2458 πλέον
3266 2400 3366 2468 τὴν
3398 2411 3562 2480 χεῖρα
3604 2400 3828 2478 ὁρῶντες

2188 2496 2281 2546 τοῦ
2329 2485 2555 2549 Παύλου.
2621 2509 2646 2545 α
2711 2489 3075 2558 Μνημονεύετέ
3132 2511 3233 2566 μου
3313 2494 3417 2545 τῶν
3491 2486 3720 2563 δεσμῶν,
3800 2507 3826 2542 ο

2190 2572 2376 2650 Βαϐαὶ,
2431 2576 2575 2643 πόση
2645 2575 3002 2655 παράκλησις.
3087 2585 3250 2637 Τουτο
3320 2578 3421 2656 γὰρ
3501 2576 3678 2632 ἰκανὸν
3760 2574 3833 2639 εἷς

2188 2663 2361 2721 πάντα
2469 2664 2655 2729 αὖτοὺς
2753 2666 3163 2746 προτρέψασθαι,
3274 2667 3362 2722 καὶ
3446 2663 3834 2744 γενναιοτέρους

2189 2758 2412 2820 ποιῆσαι
2450 2755 2582 2832 πρὸς
2638 2755 2761 2818 τοὺς
2804 2754 3034 2833 ἀγῶνας.
3129 2764 3239 2835 Αρα
3319 2755 3410 2812 καὶ
3489 2752 3832 2832 οἰκειοτέρους

2191 2843 2375 2908 αὐτοὺς
2422 2841 2662 2919 ἐποίησε,
2721 2846 2810 2901 καὶ
2863 2845 2953 2900 τὸν
3019 2841 3179 2925 φόϐον
3247 2842 3449 2902 ἔλυσεν.
3534 2844 3591 2900 El
3647 2843 3748 2920 γὰρ
3803 2843 3833 2896 ὁ

2191 2928 2497 2996 διδάσκαλος
2527 2931 2580 2989 ὲν
2609 2930 2850 3008 δεσμοῖς,
2885 2930 3007 2990 ἀλλ’
3047 2935 3083 3002 ἡ
3139 2933 3299 3014 χάρις
3350 2932 3506 2990 αὐτὸν
3560 2929 3694 2992 λύει.
3733 2931 3834 2988 Καὶ

465 3005 649 3068 liores
699 3025 800 3069 eos
857 3008 1057 3070 etl‘ecit
1107 3017 1169 3071 et
1221 3009 1496 3073 timorem
1552 3005 1743 3076 solvit.
1802 3011 2107 3093 Siquidem

2195 3026 2348 3078 τοῦτο
2375 3021 2476 3099 γὰρ
2497 3027 2595 3088 τῆς
2625 3005 2870 3102 χάριτος,
2913 3023 2976 3079 τὸ
3003 3005 3307 3103 συγχωρεῖν
3348 3019 3580 3088 δεθῆναι.
3647 3017 3832 3081 Αλλως

471 3105 800 3184 praeceptor
829 3097 888 3159 in
921 3097 1171 3159 vinculis
1201 3107 1348 3172 erat,
1382 3101 1485 3163 sed
1518 3103 1705 3180 gratia
1747 3101 1940 3184 ipsum
1985 3100 2108 3162 sol-

469 3183 571 3247 vit.
621 3182 766 3246 Nam
811 3194 868 3248 et
908 3188 1021 3249 hoc
1069 3187 1275 3267 gratia;
1323 3189 1431 3250 fuit
1488 3199 1551 3252 ut
1581 3182 2110 3272 ligari'permitte-

470 3280 657 3334 retur.

551 3361 692 3424 Alio
713 3362 910 3424 modo.
958 3365 1203 3426 Mavima
1227 3365 1558 3430 adhortatio
1590 3376 1809 3446 erat,ut
1832 3367 2112 3430 amictio-

469 3467 576 3512 nes
624 3449 849 3511 ferrent
899 3452 1177 3528 viriliter,
1213 3455 1371 3518 scire
1417 3473 1488 3517 ac
1534 3475 1775 3539 semper
1819 3475 2114 3520 memores

466 3539 785 3620 essequod
814 3540 911 3603 hic
943 3550 1101 3604 esset
1135 3542 1195 3604 in
1228 3543 1540 3606 vinculis:
1564 3543 1763 3609 Gratia
1781 3544 2112 3608 vobiscum.

464 3630 679 3715 Amen.
693 3651 716 3685 ο
735 3630 902 3715 Quia
921 3631 1200 3694 videlicet
1219 3633 1419 3694 omnia
1438 3652 1569 3714 quae
1585 3635 1752 3715 iussa
1778 3633 2116 3696 suntadim-

465 3714 690 3795 pleant.
727 3714 874 3780 Nam
900 3719 1189 3782 cbari‘ate
1220 3739 1370 3801 opus
1401 3714 1645 3794 habent,
1669 3731 1732 3783 ut
1761 3721 1905 3785 salvi
1938 3721 2106 3784 ﬁant:

471 3803 612 3895 quid
644 3805 805 3895 anim
832 3807 1028 3871 facere
1058 3817 1249 3889 potest
1296 3811 1473 3873 homo
1521 3812 1749 3895 absque
1774 3813 2007 3894 gratia?
2037 3846 2114 3858 —

468 3892 619 3980 Cum
651 3891 729 3954 ab
759 3897 1084 3977 exemplari
1115 3917 1232 3959 non
1262 3899 1491 3980 integre
1539 3891 1899 3964 invenissem
1960 3901 2115 3964 beati

467 3979 713 4043 Joannis
735 3983 962 4045 scholia
981 3984 1043 4045 in
1075 3979 1403 4066 Epistolam'
1427 3988 1500 4050 ad
1533 3987 1938 4066 Colossenses,
1963 4010 2111 4052 con-

465 4067 684 4159 scripsi
715 4069 816 4132 illa
848 4078 910 4133 ut
940 4073 1126 4152 potui.
1151 4072 1213 4137 Si
1240 4074 1379 4155 quid
1407 4075 1580 4154 igitur
1601 4077 1660 4138 in
1697 4077 1842 4159 ipsis
1865 4079 1990 4141 leve
2013 4086 2117 4140 aut

465 4155 709 4237 dignum
733 4161 1201 4240 reprehensione
1231 4165 1535 4227 inventum
1577 4155 1773 4242 fuerit,
1802 4167 2030 4229 noverit
2063 4168 2112 4230 is

466 4244 567 4326 qui
597 4245 742 4326 legit
773 4266 975 4311 meum
1003 4268 1136 4314 esse
1156 4252 1504 4332 hujusmodi
1533 4254 1785 4336 lapsum.

583 4339 780 4415 Finis,
815 4341 1032 4407 divino
1050 4346 1290 4423 favente
1317 4346 1576 4425 auxilio,
1608 4348 1893 4429 Epistolas
1921 4350 2002 4412 ad

1091 4437 1488 4504 Colossenses.

462 4523 696 4608 Scripta
707 4528 885 4591 estab
897 4529 1233 4595 urbeRoma
1243 4532 1602 4614 per'l‘ychicn
1613 4554 1664 4596 m
1680 4535 2105 4605 etOneslmum.

543 4702 601 4755 '0
623 4700 883 4788 Philipp.
919 4725 984 4771 ιη
1017 4709 1075 4774 2.
1165 4709 1220 4759 Π
1251 4706 1277 4772 Ι
1305 4709 1442 4774 Cor.
1473 4727 1599 4786 vm,
1635 4715 1695 4778 9.
1793 4743 1796 4746 ~

2196 3108 2418 3190 [ΦΩΤ.]
2450 3112 2685 3189 Μεγίστη
2739 3112 3012 3191 προτροπὴ
3067 3113 3196 3192 πρὸς
3252 3113 3314 3168 τὸ
3369 3109 3540 3190 φέρειν
3578 3107 3830 3188 γενναίως

2192 3201 2313 3264 τοὺς
2369 3201 2716 3281 πειρασμοὺς,
2775 3202 2838 3257 τὸ
2893 3198 3079 3258 εἰδέναι
3149 3202 3238 3257 καὶ
3290 3198 3374 3258 διὰ
3427 3199 3626 3261 παντὸς
3682 3220 3827 3272 μνηε⁵

2194 3290 2454 3369 μονεύειν,
2511 3292 2654 3348 εἶναι
2702 3279 2891 3350 τοῦτον
2921 3290 2976 3347 ἐν
3029 3287 3271 3369 δεσμοῖς.
3323 3310 3349 3346 α
3414 3279 3476 3346 Ἠ
3520 3289 3685 3369 χάρισ
3713 3285 3838 3362 μεθ’

2192 3371 2365 3446 ὑμῶν.
2410 3367 2609 3446 Ἀμήν.
2675 3392 2700 3428 ι
2770 3370 3029 3438 Δηλονότι
3072 3368 3187 3446 μεθ’
3214 3372 3280 3438 ἧς
3321 3370 3496 3426 πάνσα
3525 3366 3602 3425 τὰ
3642 3366 3831 3424 ἐπιτα-

2193 3458 2355 3536 γέντα
2401 3458 2763 3540 πληρώσουσι,
2811 3460 3029 3540 χάριτος
3070 3461 3142 3525 εἰς
3200 3461 3261 3516 τὸ
3317 3458 3546 3526 σωθῆναι
3602 3454 3827 3516 δέονται.

2196 3551 2257 3608 τί
2325 3549 2426 3628 γὰρ
2482 3547 2545 3605 ἂν
2613 3551 2830 3619 ποιήσοι
2901 3547 3170 3628 ἄνθρωπος
3252 3546 3374 3605 ἄνευ
3456 3547 3720 3627 χάριτοςς
3755 3577 3835 3590 -—-

2201 3637 2724 3716 [01K01‘MENIOI‘J
2809 3635 2904 3695 Ἐκ
2986 3644 3081 3694 τοῦ
3150 3637 3469 3717 ἀντιγράφου
3531 3635 3609 3711 μὴ
3669 3633 3830 3713 εὑρὼν

2195 3724 2374 3790 καλῶς
2427 3726 2523 3789 τὰς
2573 3727 2920 3806 παραγραφὰς
2975 3731 3069 3783 τοῦ
3125 3726 3381 3804 μακαρίου
3436 3723 3679 3782 Ἰωάννου
3735 3723 3833 3791 τῆς

2193 3817 2325 3894 πρὸς
2385 3812 2710 3878 Κολοσσαεῐς
2769 3812 3086 3883 Ἐπιστολῆς
3143 3813 3443 3892 συνέγραψα
3498 3812 3657 3876 αὐτὰς
3685 3810 3832 3876 ὅπως

2193 3901 2488 3978 ἠδυνάμην,
2519 3904 2576 3961 El
2619 3901 2706 3960 οὖν
2757 3903 2939 3982 εὑρεθῇ
2980 3924 3031 3958 τι
3087 3901 3142 3959 ἐν
3199 3903 3411 3966 αὑταῖς,
3470 3899 3506 3968 ἢ
3549 3906 3764 3980 κοῦφον,
3796 3901 3831 3967 ἢ

2194 3988 2546 4066 ἐπιλήψιμον,
2577 3988 2716 4047 ἵστω
2742 3991 2771 4046 ὁ
2800 3989 3173 4068 ἀναγινώσκων
3204 3987 3332 4065 ἐμὸν
3359 3987 3480 4044 εἷνα
3507 3988 3570 4043 τὸ
3599 3993 3832 4044 τοιοῦτον

2196 4091 2441 4154 πταῖσμα
2450 4125 2466 4141 ,

2237 4372 2260 4408 ι
2321 4349 2510 4427 τέλος,
2571 4351 2661 4408 σὺν
2719 4357 2857 4426 Θεῷ,
2912 4351 3009 4420 τῆς
3065 4353 3195 4431 πρὸς
3249 4349 3574 4413 Κολοσσαετς
3631 4347 3790 4407 Ἐπι-

2855 4443 3055 4512 στολῆς
3064 4491 3078 4507 .
3131 4467 3156 4500 ιι

2269 4541 2506 4625 Ἐγράφη
2536 4537 2641 4595 ἀπὸ
2697 4526 2910 4613 Ῥώμης
2950 4535 3034 4597 διὰ
3091 4537 3323 4617 Τυχικοῧ
3376 4539 3464 4594 καὶ
3515 4532 3829 4610 Ὀνησίμου.
