4140 6212
229 362 300 425 77

1280 375 1679 466 COMMENT.
1727 374 1812 441 IN
1853 376 2096 442 EPIST.
2143 379 2171 440 Ι
2212 380 2316 443 ΑΙ)
2361 377 2719 446 THESSAL.

3554 382 3633 446 78

227 486 394 599 ῗΗρκει
416 592 427 599 ·
451 506 545 561 καὶ
601 507 632 562 ὅ
688 505 943 586 στέφανος
1004 505 1168 599 δεῖξαι
1251 507 1319 599 ἣν
1377 504 1866 599 Exeo-86163»;

1955 509 2081 573 haec
2113 511 2315 577 verba.
2351 515 2567 577 Matres
2608 514 2893 579 continuo
2933 515 3060 579 haec
3094 534 3235 597 erga
3262 536 3370 581 sua
3413 518 3619 599 pigora

221 589 573 672 λαμπρότητα
597 597 693 651 καὶ
715 596 1002 677 καύχημα,
1066 593 1201 652 ἀλλὰ
1255 592 1339 653 διὰ
1393 594 1600 664 πολλὴν
1631 593 1866 673 ἔνδειξιν,

221 683 301 737 καὶ
358 684 687 764 καυχήσεως
757 682 1104 763 προσέθηκεν,
1150 685 1276 742 ὡσεὶ
1333 684 1536 767 εἷπενις
1600 684 1697 767 Εφ’
1737 686 1871 762 ὑμῖν

223 770 447 846 μᾶλλον,
552 771 639 828 ἐπὶ
697 754 941 852 στετράνῳ
994 754 1315 852 ἀγάλλομαι.
1399 793 1426 835 ι
1505 754 1565 833 ’ᾗ
1623 754 1745 857 οθχὶ
1771 754 1871 833 ’καὶ

223 864 374 937 ὑμεῖς
404 882 423 942 ;
458 882 489 921 ι
525 863 588 921 Τί
629 862 754 943 οὗνς
790 861 1196 928 Θεσσαλονικεῖς
1227 865 1354 921 εἰσὶν
1395 866 1430 934 ἡ
1461 864 1609 929 ἐλπίς
1666 888 1781 946 σου,
1825 865 1872 921 ὦ

223 950 453 1029 μακαρία
482 953 639 1032 ψυχή
671 972 688 1032 ς
723 956 843 1033 Οὐχ
870 955 1012 1010 οὗτοι
1042 954 1216 1029 μόνοι,
1252 955 1402 1034 φησί.
1446 957 1540 1011 Διὸ
1568 955 1754 1035 ἐπάγει
1783 956 1868 1034 τὸ,

222 1042 303 1096 καὶ
332 1038 542 1104 δεικνὺς
573 1044 660 1098 καὶ
701 1040 893 1107 ἄλλους
953 1039 1129 1107 ὄντας.
1194 1065 1223 1100 ι
1277 1036 1463 1120 ’Ὑμεῖς
1519 1045 1630 1124 γαπ
1690 1043 1808 1101 ἐστε
1835 1045 1873 1112 ἡ

221 1128 334 1195 δόξα
362 1132 549 1207 ἡμῶν.
589 1155 617 1185 ι
652 1136 773 1195 Πῶς
968 1131 1121 1189 αὸτὸν
1179 1132 1284 1190 οἿει
1352 1130 1686 1210 διατίθεσθαι,
1740 1153 1873 1190 τοσ-

221 1221 381 1287 αύτην
453 1218 782 1288 Ἐκκλησίαν
850 1228 1052 1277 πιστῶν
1119 1221 1207 1279 ὑπ’
1298 1226 1456 1282 αὐτοῦ
1533 1225 1875 1305 φυτευθεῖσαν

220 1309 557 1386 προσάγοντα
572 1315 649 1383 τῷ
678 1315 918 1389 Χριστῷ,
942 1331 971 1364 α
991 1307 1363 1386 Εὒδοκήσαμεν
1385 1309 1817 1390 καταλειφθῆναι.
1844 1330 1869 1368 1

222 1396 502 1473 Εἶλόμεθα,
531 1399 686 1478 φησὶ,
734 1400 824 1455 καί
851 1399 1213 1480 ἠνεσχόμεθα.

1952 598 2293 680 loquuntur.
2322 602 2589 665 «Corona
2613 603 3044 681 gloriationis.»
3075 603 3229 669 Satis
3258 614 3385 670 erat
3413 598 3618 671 dicere

1952 704 2172 750 corona
2184 697 2275 766 ,ut
2287 691 2630 754 ostenderet
2645 693 3079 755 vehementiam
3099 713 3166 758 ac
3178 695 3613 775 gloriationem,

1953 794 2130 858 quam
2165 796 2339 859 esrga
2354 798 2457 842 eos
2476 781 2748 860 gerebat:
2767 781 2910 844 atob
2933 783 3216 863 majorem
3253 785 3617 848 demonstra.

1954 864 2178 953 tio_nem
2219 868 2448 931 addidit
2489 870 2880 949 gloriationis,
2917 879 3198 953 tanquam
3233 874 3460 938 diceret
3497 898 3510 935 :
3547 875 3615 938 In

1950 951 2118 1015 vobis
2145 956 2331 1035 magis
2385 975 2558 1037 quam
2591 957 2650 1019 in
2707 976 2926 1019 corona
2988 951 3231 1037 glorior.
3297 984 3319 1017 ι
3356 963 3452 1024 Αη
3496 982 3614 1024 non

1955 1049 2018 1104 et
2032 1042 2360 1115 vos?»Quid
2379 1044 2553 1124 ergo?
2576 1044 2729 1108 Num
2749 1046 3351 1112 Thesssalonicenses
3373 1060 3620 1114 sunttua

1957 1147 2118 1218 spes,
2157 1150 2190 1192 o
2206 1131 2381 1194 beata
2400 1133 2630 1195 anima?
2646 1133 2775 1197 Non
2799 1135 2862 1198 hi
2886 1134 3018 1210 soli,
3037 1134 3250 1218 inquit.
3272 1137 3415 1202 Ideo
3446 1141 3619 1204 etiam

1955 1217 2244 1308 adjfunxit,
2277 1220 2355 1284 Et
2401 1222 2723 1286 ostendens
2775 1222 2935 1305 quod
2984 1223 3087 1286 alii
3115 1217 3351 1308 Quoque
3405 1231 3546 1293 sint.
3585 1257 3610 1287 ι

1965 1328 1989 1364 ιι
2012 1307 2136 1368 Vos
2160 1308 2328 1399 enim
2352 1311 2497 1399 estis
2516 1310 2709 1390 gloria
2735 1320 2999 1374 nostra.»
3017 1307 3324 1384 Quomodo
3353 1337 3613 1399 namque

1958 1402 2129 1476 putas
2155 1395 2351 1477 ipsum
2384 1398 2662 1461 affectum
2691 1400 2896 1475 fuisse,
2935 1400 3038 1482 qui
3086 1409 3310 1468 tantam
3342 1395 3607 1472 fidelium

220 1482 555 1575 Ecclesiam
582 1503 618 1549 a
642 1504 707 1548 se
738 1486 1061 1569 plantatam
1089 1487 1415 1553 adduceret
1437 1487 1511 1551 ad
1541 1485 1839 1553 Christum
1872 1483 1898 1547 ἶ
1949 1503 1980 1545 ‹
2008 1484 2224 1547 Visum
2258 1494 2348 1550 est
2376 1486 2573 1551 nobis.
2612 1511 2636 1548 ι
2702 1488 3029 1571 Elegimus,
3076 1491 3291 1575 inquit,
3323 1514 3392 1559 ac
3439 1499 3623 1561 susti-

215 1592 495 1723 ιωὶωῗίῗίὶ
564 1664 883 1743 ἐπέμψαμεν
953 1668 1206 1744 Τιμόθεον
1261 1669 1354 1724 τὸν
1434 1666 1659 1748 ἀδελφὸν
1715 1668 1871 1743 ἡμῶν

222 1755 305 1809 καὶ
360 1752 607 1811 διάκονον
661 1766 756 1814 τοῦ
813 1764 947 1816 Θεοῦ
999 1758 1088 1814 καὶ
1153 1757 1402 1837 συνεργὸν
1466 1758 1620 1833 ἡμῶν
1673 1755 1729 1812 ἐν
1793 1760 1873 1829 τῷ

601 1844 695 1900 τοῦ
759 1852 1009 1924 Χριστοῦ,
1108 1848 1182 1910 εἰς
1262 1848 1325 1903 τὸ
1415 1844 1652 1926 στηρίξαι
1734 1846 1869 1921 ὑμᾶς

2036 1662 2138 1740 ΠΙ,
2163 1665 2296 1729 2-5.
2332 1666 2412 1729 Ac
2438 1667 2716 1731 misimus
2749 1669 3119 1737 Timotheum
3162 1675 3422 1753 fratrem
3465 1695 3607 1741 nos-

1955 1758 2118 1845 trum
2143 1763 2198 1817 et
2222 1756 2573 1845 ministrum
2600 1779 2673 1824 ac
2697 1760 3034 1840 adjutorem
3064 1765 3270 1845 operis
3306 1767 3508 1827 nostri
3548 1771 3614 1828 in

1950 1841 2296 1925 Evangelia
2343 1847 2673 1925 Christi,ut
2696 1841 3221 1930 conﬁrmaret—vos
3249 1860 3309 1915 et
3332 1856 3609 1917 consola-

217 1934 304 1989 καὶ
369 1932 743 2012 παρακαλέσαι
818 1937 955 2011 ὑμᾶς
1039 1937 1156 2015 περὶ
1237 1940 1335 2003 τῆς
1414 1936 1639 2001 πίστεως
1694 1935 1864 2012 ὑμῶν,

1953 1936 2125 1994 retur
2142 1950 2244 1995 vos
2262 1934 2338 1996 de
2366 1935 2487 2014 ﬁde
2516 1946 2823 2001 vestrame
2837 1941 3156 2020 quisquam
3177 1941 3614 2006 demulceretur

217 2023 278 2077 τὸ
345 2020 556 2098 μηδένα
636 2025 899 2081 σαίνεσθαι
986 2025 1040 2082 ἐν
1143 2038 1268 2088 ταῖς
1349 2023 1556 2102 θλίψεσι
1628 2025 1866 2088 ταύταις.

219 2111 375 2167 Αὖτοὶ
433 2114 537 2191 γὰρ
593 2110 796 2193 οἴδατε,
854 2113 936 2171 ὅτι
994 2114 1067 2178 ὲῖς
1121 2121 1279 2172 τοῦτο
1318 2115 1556 2191 κείμεθα.
1616 2115 1714 2173 Καὶ
1768 2114 1869 2193 γὰρ

217 2198 304 2257 ὅτε
361 2203 499 2281 πρὸς
540 2203 678 2277 ὑμᾶς
732 2202 895 2279 ἦμεν,
950 2202 1311 2283 προελέγομεν
1370 2206 1497 2279 ὑμῖν
1581 2201 1661 2260 ὅτι
1732 2201 1870 2279 μέλ-

220 2288 385 2366 λομεν
440 2288 728 2371 θλίϐεσθαι,
799 2293 972 2357 καθὼς
1045 2294 1134 2349 καὶ
1204 2293 1435 2373 ἐγένετο,
1514 2294 1602 2349 καὶ
1661 2290 1868 2351 οῖδατε.

226 2381 322 2435 Διὰ
373 2387 536 2438 τοῦτο
589 2381 743 2459 κάγὼ
798 2381 993 2457 μηκέτι
1080 2380 1304 2461 στέγων.
1380 2381 1597 2458 ἔπεμψα
1682 2383 1754 2447 εἷς
1810 2382 1871 2437 τὸ

224 2477 420 2546 γνῶναι
505 2471 606 2537 τὴν
701 2470 877 2527 πίστιν
960 2472 1130 2548 ὑμῶν,
1242 2472 1321 2548 μή
1407 2493 1524 2535 πως
1600 2470 1871 2550 ἐπείρασεν

219 2559 353 2634 ὑμᾶς
383 2562 413 2616 ὁ
473 2560 758 2639 πειράζων.
828 2562 919 2617 καὶ
972 2561 1044 2625 εἰς
1110 2561 1263 2618 κενὸν
1318 2559 1539 2637 γένηται
1606 2563 1635 2617 ὁ
1703 2560 1872 2625 κόπος

216 2650 390 2723 ἡμῶν,
451 2672 479 2704 ι

292 2739 528 2805 Τοιαύτη
567 2746 662 2796 τοῦ
710 2738 861 2817 ἁγίου
915 2738 1099 2795 τούτου
1166 2740 1203 2807 ἡ
1273 2737 1510 2815 μέθοδος.
1579 2721 1731 2798 ’ὃταν
1785 2737 1870 2795 διὰ

216 2826 543 2905 πειρασμοὺς
574 2829 661 2882 καὶ
713 2827 815 2895 τὴν
862 2826 1094 2885 ἐντεῦθεν
1147 2828 1287 2905 βίαν,
1349 2829 1427 2905 μὴ
1478 2826 1694 2895 δύνηται
1736 2829 1866 2907 πρὸς

213 2937 357 2979 τινας
417 2921 529 2972 τῶν
598 2918 843 2983 καθητῶν
906 2915 1182 2990 ἀπελθεῖν,
1236 2916 1440 2997 ἐτέρους
1496 2916 1698 2992 πέμπει
1777 2917 1866 2973 καὶ

214 3002 295 3061 διὰ
351 3004 534 3080 μέσων
590 3004 761 3061 αὖτῶν
831 3007 1033 3062 σύνεστι
1100 3008 1190 3063 καὶ
1247 3002 1589 3086 συνδιατριϐει
1653 3006 1857 3069 αὐτοῖς.

214 3102 380 3152 Τοῦτο
450 3096 585 3173 πρὸς
653 3093 1081 3176 Φιληππησίους,
1151 3102 1306 3153 τοῦτο
1361 3096 1491 3174 πρὸς
1563 3094 1859 3173 Κορινθίους

214 3197 388 3258 ποιεῖ,
458 3185 556 3240 τὸν
629 3186 783 3243 αὐτὸν
840 3184 1090 3253 Τιμόθεον
1145 3183 1386 3264 πέμψας,
1468 3184 1557 3240 καὶ
1585 3180 1670 3239 διὰ
1701 3182 1866 3259 μέσου

213 3276 374 3332 αὐτοῦ
416 3271 626 3349 ὁμιλῶν
648 3275 856 3337 αὐτοῖς,
931 3296 960 3329 α
1001 3275 1102 3331 Τὸν
1158 3271 1381 3353 ἀδελφὸν
1438 3274 1602 3349 ὠμῶν
1630 3274 1719 3329 καὶ
1745 3269 1866 3329 διά-

210 3385 366 3421 κονον
395 3372 493 3422 τοῦ
562 3370 715 3423 Θεοῦ.
776 3388 806 3420 ι
866 3364 1031 3421 Τοῦτό
1086 3384 1269 3442 φησιν,
1328 3363 1389 3419 οὗ
1456 3368 1708 3420 τοσοῦτον
1776 3363 1868 3419 τὸν

212 3454 474 3529 ’Τιμόθεον
543 3451 793 3533 ἐπαίρων,
855 3451 979 3511 ὅσον
1046 3452 1145 3519 τὴν
1212 3452 1344 3531 πρὸς
1405 3451 1620 3515 τούτους
1669 3448 1870 3518 δεικνὺς

212 3541 473 3614 σπουδήν.
546 3546 698 3619 Οἷον,
768 3545 952 3623 φησὶν,
1005 3542 1133 3616 ὑμῖν
1188 3538 1424 3615 ἔπεμψα.
1492 3558 1524 3599 (
1576 3542 1674 3599 Καὶ
1742 3561 1872 3598 συν-

214 3634 370 3709 εργὸν
438 3634 622 3712 ἡμῶν,
671 3656 700 3687 ι
753 3634 879 3689 ὡσεὶ
937 3631 1085 3710 εἶπε,
1168 3636 1421 3687 Τοιοῦτου
1498 3628 1654 3709 ἔργου
1714 3632 1874 3698 αὐτὸν

213 3722 604 3797 ἀπεσπάσαμεν
647 3719 739 3778 δεὰ
778 3722 877 3789 τὴν
931 3721 1060 3801 πρὸς
1112 3722 1250 3795 ὑμᾶς
1320 3720 1555 3800 ἀγάπην.
1597 3743 1624 3775 α
1685 3721 1772 3786 Εἰς
1802 3722 1863 3777 τὸ

210 3811 451 3892 στηρίξαι
507 3813 665 3889 ὁμᾶς.
712 3834 741 3866 ι
798 3802 889 3876 Ὠς
947 3807 1351 3885 σαλευομένους,
1426 3806 1506 3889 ἐφ’
1565 3812 1651 3873 οἷς
1721 3808 1788 3876 ἦν
1833 3811 1862 3865 ὁ

208 3899 531 3964 διδασκαλος
585 3899 640 3956 ἒν
692 3911 1034 3980 πειρασμοῖς.
1091 3897 1267 3977 Μέγας
1323 3898 1424 3976 γὰρ
1481 3895 1646 3962 ὄντως
1701 3896 1860 3968 θόρυ-

208 3990 298 4055 ϐος
327 4005 453 4055 τοῖς
489 3993 756 4065 μαθηταῖς
825 3989 888 4046 τὸ
914 3988 1054 4045 εἶναι
1098 3988 1187 4044 τὸν
1234 3983 1513 4044 διάσκαλον
1556 3986 1610 4043 ἐν
1665 4007 1857 4065 πειρα-

210 4095 400 4157 σμοῖς,
438 4109 463 4134 ι
526 4080 625 4136 Καὶ
668 4076 1029 4156 παρακαλέσαι
1083 4078 1244 4151 ὑμᾶς.
1297 4098 1322 4134 ι
1392 4065 1455 4132 Ἠ
1511 4075 1611 4154 γὰρ
1678 4075 1857 4154 παρά-

210 4170 435 4252 κλησις,
516 4170 644 4250 ὑπὲρ
698 4176 789 4227 τώ
840 4178 913 4236 κη
970 4165 1283 4234 σαλεῦθῆναι
1354 4166 1428 4228 εἷς
1506 4164 1605 4232 τὴν
1686 4167 1861 4252 πίστιν

209 4250 436 4339 ἐγίνετο,
504 4284 535 4315 α
585 4261 658 4318 Τὸ
731 4255 933 4334 μηδένα
990 4256 1272 4317 σαίνεσθαι.
1313 4277 1337 4313 ι
1415 4257 1545 4312 Οἶον
1614 4250 1860 4333 θορυϐεῖ-

212 4352 329 4406 σθαι

1951 2036 2021 2083 ac
2041 2020 2394 2112 turbaretur
2420 2025 2486 2086 in
2511 2028 2939 2107 afﬂictionibus
2959 2031 3076 2092 his.
3092 2029 3255 2092 Nam
3276 2033 3396 2112 ipsi
3421 2038 3617 2096 nostis

1950 2126 2058 2169 nos
2087 2112 2155 2172 in
2187 2111 2345 2174 hunc
2374 2129 2552 2176 usum
2577 2117 2802 2196 positos
2830 2134 2973 2179 esse.
3009 2118 3255 2181 Etenim
3284 2111 3423 2183 cum
3453 2122 3616 2201 apud

1950 2214 2052 2289 vos
2083 2215 2372 2276 essemus,
2400 2203 2877 2282 pradicebamus
2911 2205 3078 2269 vobis
3106 2208 3259 2284 fore,
3293 2214 3361 2270 ut
3406 2208 3612 2289 afﬂic-

1952 2286 2181 2350 tionem
2204 2298 2568 2369 pateremur,
2605 2294 3116 2374 quemadmodum
3153 2300 3338 2358 etiam
3381 2286 3606 2377 evenit,

1953 2381 2010 2439 et
2036 2379 2246 2441 nostis.
2305 2380 2683 2463 Quapropter
2712 2389 2769 2445 et
2789 2399 2899 2464 ego
2930 2400 3057 2446 non
3082 2385 3353 2465 amplius
3378 2384 3608 2465 ferens,

1954 2466 2099 2527 misi
2136 2466 2217 2528 ad
2260 2469 2390 2545 hoc,
2423 2474 2493 2531 ut
2538 2487 2950 2551 cognoscerem
3000 2473 3077 2535 de
3102 2474 3225 2553 ﬁde
3251 2479 3452 2538 vestra
3486 2495 3501 2536 :
3531 2493 3611 2538 ne

1955 2571 2073 2643 quo
2100 2562 2275 2635 pacto
2304 2563 2585 2623 tentasset
2631 2578 2733 2623 vos
2773 2558 2875 2623 ille
2903 2563 3013 2642 qui
3042 2567 3258 2643 tentat,
3292 2569 3350 2627 et
3404 2568 3615 2627 inanis

1949 2641 2150 2721 factus
2170 2652 2323 2708 esset
2345 2645 2516 2710 labor
2541 2653 2769 2712 noster.

2030 2729 2382 2811 Hujusmodi
2415 2754 2547 2797 esse
2576 2736 2750 2799 istius
2796 2737 2987 2799 sancti
3033 2739 3193 2802 ratio
3223 2740 3512 2819 docendi,
3544 2744 3628 2806 ut”

1949 2836 2102 2911 cum
2117 2838 2225 2901 per
2250 2821 2607 2887 afﬂictiones
2639 2844 2709 2889 ac
2724 2825 2838 2887 vim
2857 2826 2994 2887 164
3014 2846 3147 2908 qua:
3166 2829 3458 2911 sequitur,
3484 2850 3604 2894 non

1947 2907 2132 2997 possit
2207 2911 2280 2971 ad
2339 2912 2569 2994 aliquos
2617 2907 3046 2996 discipulorum
3096 2907 3418 2997 proﬁcisci,
3448 2907 3608 2983 alios

1948 2995 2148 3073 mittit,
2178 3006 2238 3059 et
2260 3018 2369 3079 per
2386 3000 2553 3082 ipsos
2574 2995 2805 3066 medius
2821 2995 3178 3067 convenit—et
3198 3025 3333 3068 cum
3358 3008 3446 3070 eis
3468 3028 3609 3072 con-

1944 3096 2232 3174 versatur.
2270 3088 2392 3152 Hoc
2424 3091 2498 3153 ad
2526 3092 2938 3174 Philippenses
2968 3093 3249 3169 facit,boc
3278 3095 3352 3158 ad
3385 3097 3603 3161 Corin-

1947 3173 2348 3266 thios,missos
2396 3180 2608 3243 eodem
2641 3173 2984 3260 Timotheo,
3014 3193 3073 3246 et
3102 3204 3208 3265 per
3237 3186 3436 3266 ipsum
3474 3207 3604 3251 me-

1950 3260 2115 3323 dium
2135 3283 2269 3327 cum
2293 3266 2380 3329 eis
2396 3279 2779 3333 conversatur
2809 3290 3032 3354 eosque
3053 3260 3402 3355 alloquitur.
3418 3278 3605 3339 «Fra-

1952 3355 2106 3413 trem
2153 3363 2420 3419 nostrum
2467 3376 2533 3419 ac
2584 3359 2921 3422 ministrum
2951 3359 3085 3423 Dei.
3123 3385 3146 3420 ι›
3186 3360 3311 3424 Ηοο
3341 3365 3445 3444 ait,
3484 3383 3607 3427 non

1955 3448 2179 3504 tantum
2211 3446 2497 3508 extollens
2525 3447 2925 3525 Timotheum,
2960 3458 3247 3530 quantum
3280 3454 3604 3515 ostendens

1954 3530 2218 3593 studium
2276 3553 2417 3617 erga
2468 3537 2651 3616 ipsos.
2702 3537 2930 3618 Talem,
2977 3539 3192 3619 inquit,
3238 3538 3405 3600 vobis
3432 3542 3597 3602 misi.

1964 3638 1989 3677 α
2023 3620 2109 3682 Ac
2135 3621 2469 3703 adjutorem
2499 3625 2696 3706 operis
2726 3627 2970 3701 nostri,»
2998 3634 3277 3707 tanquam
3311 3626 3538 3691 diceret
3577 3650 3592 3690 :

1958 3706 2008 3770 A
2028 3708 2125 3771 tali
2150 3730 2329 3792 opere
2349 3713 2957 3795 ipsumjabstraximus
2983 3714 3058 3778 ob
3090 3706 3477 3778 dilectionem
3495 3736 3599 3781 er-

1944 3815 2017 3876 ga
2046 3816 2175 3865 vos.
2216 3800 2330 3879 «,Ut
2358 3804 2738 3866 conﬁrmaret
2767 3823 2931 3866 vos.»
2965 3803 3268 3887 Tanquam
3295 3805 3594 3870 ﬂuctuan-

1945 3896 2052 3961 tes,
2078 3908 2148 3950 eo
2163 3891 2320 3970 quod
2354 3892 2759 3973 praeceptorin
2782 3891 3206 3956 afﬂictionibus
3229 3901 3407 3958 esset.
3439 3893 3594 3959 Vere

1943 3975 2102 4038 enim
2138 3997 2351 4060 magna
2376 3983 2642 4063 sequitur
2670 3982 2995 4063 discipulos
3024 3982 3313 4059 turbatio,
3344 3983 3397 4045 si
3430 4003 3587 4065 pra;-

1946 4074 2154 4153 ceptor
2182 4070 2563 4134 adversitates
2585 4072 2861 4153 patiatur.
2876 4070 2979 4133 «Et
2994 4072 3405 4137 consolaretur
3427 4092 3548 4136 vos.
3565 4100 3588 4133 ι

1943 4152 2091 4217 Nam
2109 4156 2261 4220 facta
2279 4152 2725 4235 estconsolatio,
2755 4179 2831 4224 ne
2859 4161 2921 4223 in
2953 4160 3072 4224 ﬁde
3102 4172 3590 4226 concuterentur.

1950 4267 1977 4299 α
2003 4243 2411 4331 Nequisquam
2435 4250 2877 4313 demulceretur
2906 4268 2976 4311 ac
3008 4250 3372 4313 turbaretur.
3408 4275 3431 4311 ιν
3460 4251 3587 4316 Hoc

414 4349 787 4430 ταράσσεσθαι,
845 4347 952 4405 ἀπὸ
1020 4350 1319 4426 μεταφορᾶς
1396 4346 1501 4400 τῶν
1553 4343 1647 4407 τὰς
1704 4342 1859 4421 οὐρὰς

1953 4341 2032 4395 est
2053 4336 2652 4430 terreretur.Sumpta
2674 4348 2764 4430 est
2795 4340 3131 4430 metapbsra
3150 4338 3213 4401 in
3251 4340 3437 4430 verbo
3468 4344 3590 4400 σαί-

208 4426 585 4518 ταρασσόντων
636 4426 828 4514 κυνῶν,
877 4438 954 4515 μὴ
1013 4438 1293 4511 κινεῖσθαι,
1355 4430 1489 4510 μηδὲ
1542 4438 1642 4500 τῆς
1677 4431 1866 4510 προτέ-

1957 4427 2151 4505 νεσθαι,
2185 4443 2218 4486 a
2246 4426 2492 4489 canibus
2544 4428 2793 4491 caudam
2835 4427 3215 4490 motantibus.
3250 4427 3315 4491 Id
3369 4437 3482 4518 est,
3516 4449 3591 4491 ne

207 4550 303 4604 ρας
341 4525 643 4595 ἒξίστασθαι
671 4528 912 4608 γνώμης.
956 4548 980 4585 ι
1015 4524 1107 4583 Ἐν
1150 4537 1272 4589 ταῖς
1302 4522 1515 4603 γλίψεσι
1556 4522 1795 4608 ταύταις,
1830 4540 1861 4581 ι

208 4600 397 4676 Πολλᾶ
422 4619 526 4697 γὰρ
582 4618 649 4686 ἦν
687 4600 817 4674 ’τότε
857 4615 1087 4697 θλιψεὶς,
1136 4616 1209 4679 ὣς
1251 4600 1340 4671 καὶ
1380 4612 1538 4675 αὐτὸς
1580 4609 1705 4692 ἔφη,
1760 4600 1867 4673 ’δτι

211 4706 473 4783 ἐνέκοψεν
502 4709 644 4783 ἡμᾶς
673 4710 703 4765 ὁ
750 4712 1011 4771 Σατανᾶς.
1071 4728 1095 4762 ι
1130 4707 1204 4763 Οὐ
1251 4701 1335 4760 δεῖ
1388 4701 1443 4759 δὲ
1471 4703 1607 4778 ὑμᾶς
1636 4698 1865 4781 θορυϐη-

207 4800 392 4875 θῆναι,
422 4796 609 4877 φησὶν,
653 4796 690 4865 ἢ
720 4793 1182 4875 ηανδαλισθῆναι,
1217 4792 1300 4873 ἐφ’
1331 4791 1417 4857 οἷς
1449 4790 1557 4871 ἑγὼ
1592 4787 1858 4866 θλίϐομαι,

210 4887 309 4944 Διὰ
336 4887 435 4945 τίς
470 4887 572 4943 Καὶ
611 4888 767 4962 ὑμεῖς
795 4885 896 4964 γὰρ
924 4885 1069 4941 αὐτοὶ
1119 4880 1300 4939 ο”δατε
1336 4884 1515 4962 φησὶν,
1567 4878 1646 4937 ὅτι
1703 4880 1777 4942 εἷς
1801 4880 1862 4934 τὸ

207 4973 477 5033 θλίϐεσθαι
520 4974 756 5051 κείμεθα,
801 4972 1092 5054 τουτέστιν,
1132 4974 1205 5035 είς
1260 4981 1413 5030 τοῦτο
1456 4968 1859 5049 κεκληρώμεθα,

209 5067 281 5130 εἰς
302 5073 467 5124 τοῦτο
494 5065 965 5145 ἇπογεγράμμεθα.
1000 5065 1097 5120 Καὶ
1169 5060 1411 5140 ἀλλαχοῦ
1452 5082 1582 5141 φησι
1620 5076 1638 5095 ⁸
1703 5081 1732 5113 α
1769 5058 1862 5113 Διὸ

207 5154 409 5215 citant?)
437 5156 495 5213 ἐν
524 5155 804 5235 ἀνάγκαις,
860 5152 914 5211 ἐν
955 5151 1185 5227 θλίψεσι.
1219 5170 1247 5209 ι
1270 5152 1407 5239 ..Καὶ
1469 5148 1628 5206 πάλιν
1672 5146 1862 5239 ἐπιθα-

207 5247 413 5310 νατίους
444 5244 571 5309 τοὺς
612 5226 938 5308 ἇποστδλους
961 5240 1142 5303 καλεῖ.
1201 5263 1228 5295 α
1270 5226 1377 5298 ’δτι
1434 5240 1507 5303 εἷς
1562 5247 1716 5298 τοῦτο
1745 5237 1863 5294 κεί-

208 5340 363 5411 μεθα,
401 5359 431 5391 ι
495 5336 596 5394 Καὶ
643 5333 773 5413 ὑπὲρ
818 5339 927 5390 τῶν
1011 5330 1316 5408 μελλουσῶν
1387 5327 1616 5406 θλίψεων
1676 5326 1864 5390 αὐτοὺς

207 5428 623 5503 παραμυθεῖται.
659 5422 854 5486 Αὐτοὺς
883 5422 983 5501 γὰρ
1035 5422 1109 5487 εἷς
1152 5426 1308 5477 τοῦτο
1365 5421 1570 5475 κεῖσθαι
1625 5416 1859 5495 ἆνάγκῆ,

208 5516 268 5570 τὸ
295 5513 378 5572 ἀεὶ
403 5510 694 5574 θλίϐεσθαι,
747 5532 772 5566 ι
808 5509 1172 5589 Προελέγομεν
1195 5510 1347 5585 ὑμῖν,
1382 5532 1410 5563 ι)
1448 5507 1637 5576 ιιπλλὴ
1682 5528 1861 5585 παρα-

292 5681 325 5734 θ
350 5681 403 5749 Il
429 5683 570 5747 Cor.
601 5697 710 5759 xu,
744 5680 803 5744 9.
892 5679 922 5728 7
953 5679 977 5742 l
1008 5678 1144 5742 Cor.
1175 5693 1257 5759 1v,
1289 5677 1349 5739 9.

1953 4521 2310 4592 moveretur,
2345 4524 2445 4578 aut
2471 4534 2505 4577 a
2533 4517 2725 4597 prima
2747 4517 3042 4579 voluntate
3063 4534 3132 4579 ac
3155 4517 3454 4598 proposito
3484 4535 3587 4579 re-

1949 4598 2163 4666 siliret.
2200 4627 2227 4659 α
2254 4605 2320 4667 In
2347 4605 2765 4670 afflictionibus
2796 4606 2908 4669 his.
2951 4630 2971 4663 ι
2995 4604 3365 4686 Frequentes
3392 4605 3585 4686 siqui-

1946 4689 2083 4751 dem
2104 4703 2276 4754 erant
2304 4700 2443 4755 tunc
2469 4695 2842 4770 afﬂictiones,
2865 4694 3020 4757 sicut
3048 4693 3179 4775 ipse
3212 4693 3391 4755 etiam
3423 4694 3588 4755 dice-

1943 4776 2086 4842 bat:
2125 4804 2149 4838 α
2197 4780 2268 4843 Et
2312 4782 2536 4845 obstitit
2583 4784 2754 4846 nobis
2802 4783 3064 4847 Satanas.
3102 4807 3126 4838 η
3185 4781 3313 4844 Non
3351 4790 3588 4863 oportet

1943 4875 2137 4931 autem
2168 4889 2271 4933 vos
2302 4871 2551 4950 turbari,
2593 4873 2696 4950 ait,
2729 4882 2828 4935 aut
2855 4870 3077 4934 offendi
3110 4870 3184 4933 ob
3218 4889 3439 4952 eaquae
3472 4889 3583 4952 ego

1946 4958 2155 5040 patior.
2187 4959 2430 5033 Quare?
2479 4963 2629 5025 Nam
2680 4971 2740 5025 et
2788 4979 2889 5023 vos
2936 4960 3075 5041 ipsi,
3134 4959 3352 5041 inquit,
3402 4960 3593 5022 nostis

1943 5049 2101 5128 quod
2135 5049 2307 5130 positi
2323 5069 2525 5113 sumus
2543 5060 2606 5114 ut
2621 5051 3021 5130 afﬂigeremur
3047 5070 3060 5112 :
3090 5049 3203 5110 hoc
3236 5058 3348 5124 est,
3382 5050 3454 5111 ad
3476 5051 3590 5112 hoc

1944 5138 2121 5201 electi
2150 5157 2369 5202 sumus.
2400 5138 2472 5201 ad
2505 5141 2616 5202 hoc
2642 5139 2984 5220 conscripti.
3022 5137 3179 5201 Alibi
3207 5157 3441 5220 quoque
3472 5138 3553 5201 ait
3581 5161 3595 5201 :

1954 5248 1977 5283 ιι
2006 5226 2376 5308 Quapropter
2430 5227 2633 5309 placeo
2680 5228 2829 5290 mihi
2874 5227 2937 5289 in
2998 5227 3479 5307 necessitatibus,
3529 5227 3595 5290 in

1945 5316 2365 5379 afflictionibus
2382 5316 2434 5377 ϐ.
2454 5339 2482 5379 ›
2513 5317 2890 5400 Rursumque
2910 5317 3208 5399 apostolos
3236 5316 3382 5379 dicit
3417 5318 3598 5382 morti

1947 5407 2272 5469 destinatos
2294 5406 2347 5471 6.
2397 5430 2421 5465 α
2468 5406 2587 5470 Nos
2616 5408 2676 5470 in
2707 5409 2865 5470 hunc
2895 5425 3065 5470 usum
3099 5405 3325 5488 positos
3367 5424 3526 5470 esse.
3564 5432 3591 5463 ι

1946 5496 2135 5560 Etiam
2167 5496 2242 5560 de
2295 5497 2510 5559 futuris
2555 5497 2976 5560 afflictionibus
3019 5496 3182 5579 ipsos
3209 5494 3549 5561 consolatur
3583 5514 3597 5561 :
