4140 6212
263 317 342 383 85

1229 315 1625 379 COMMENT.
1678 314 1761 377 IN
1809 311 2052 376 EPIST.
2100 314 2126 375 Ι
2169 314 2271 377 ΑΙ)
2316 312 2685 378 THESSAL.

3573 316 3652 382 86

256 452 564 528 ἂγιασμῶν,
609 459 894 531 Τοιγαροῦν
946 454 976 507 6
1024 450 1243 523 ἀθετῶν,
1303 448 1399 505 οὒκ
1428 447 1699 526 ἄνθρωπον
1729 447 1903 506 ἀθετεῖ

1992 444 2297 509 hominem
2322 447 2544 530 rejicit,
2592 448 2703 511 sed
2748 448 2969 529 Deum,
3006 458 3116 536 qui
3156 455 3324 520 dedit
3362 456 3656 538 spiritum

256 538 393 596 ἀλλὰ
409 541 503 597 τὸν
533 542 665 597 Θεὸν
688 542 780 596 τὸν
822 540 911 596 καὶ
937 537 1094 595 δόντα
1119 539 1181 593 τὸ
1209 543 1421 613 Πνεῦμα
1449 538 1607 595 αὐτοῦ
1654 539 1715 595 τὸ
1759 537 1903 616 ἅγιον

1992 552 2169 599 suum
2193 542 2471 600 sanctum
2494 538 2561 600 in
2586 555 2712 602 vos.

255 630 327 694 εἷς
350 631 514 705 ὒμᾶς.
555 649 578 679 I

338 747 362 777 ι
395 719 470 775 Τὸ
505 717 694 775 λοιπὸν
716 718 805 776 οῦν
859 714 1100 797 ἀδελφοί,
1148 738 1172 770 ι
1222 724 1389 776 Τοῦτο
1457 716 1558 795 γὰρ
1600 715 1812 797 λεῖπον,
1847 719 1908 773 τὸ

252 807 324 869 εἰς
350 806 661 884 παραίνεσιν
688 805 883 868 ἐλθεῖν,
921 785 982 864 Ἠ
1003 785 1073 862 ’τὸ
1101 803 1287 862 λοιπὸν
1311 805 1425 861 ἀντὶ
1464 785 1560 862 τοῦ
1600 785 1893 885 ἀποχριὸν-

252 915 356 958 τως
385 894 552 957 ἐστίν,
604 917 629 950 ι
657 895 975 973 Ἐρωτῶμεν
1002 896 1160 970 ὑμᾶς.
1196 914 1220 945 ³
1256 894 1328 952 Τὸ
1380 922 1402 955 ι
1450 893 1768 972 Ἐρωτῶμεν
1809 898 1898 953 καὶ

250 983 686 1061 παρακαλοῦμεν,
726 1003 753 1036 ι
781 984 972 1061 ταῦτόν
1025 983 1134 1041 ἐστι
1189 984 1278 1041 καὶ
1332 981 1660 1060 ίσοδυναμεϊ.
1731 1015 1754 1046 ο
1808 986 1899 1043 Ἐν

255 1053 427 1149 Κυρίῳ
488 1053 692 1141 Ἰησοῦν,
727 1096 750 1125 ι
811 1053 935 1153 ’δρα
1010 1072 1512 1154 ταπεινοφροσύνην.
1543 1053 1555 1060 1
1584 1072 1713 1132 Οὐδὲ
1770 1077 1899 1155 πρὸς

251 1165 595 1243 παράκλησιν
660 1168 845 1224 ἑαυτὸν
900 1165 1199 1232 ἀξιόπνστον
1279 1165 1422 1223 εἶναι
1492 1167 1713 1243 νομίζει,
1771 1167 1908 1225 ἀλλὰ

263 1254 356 1310 τὸν
385 1258 616 1334 Χριστὸν
642 1253 1063 1336 παραλαμϐάνει.
1103 1255 1201 1311 Διὰ
1257 1261 1348 1312 τοῦ
1388 1262 1613 1333 Χριστοῦ
1640 1258 1762 1336 γὰρ,
1795 1282 1905 1338 φη·-

251 1345 353 1418 σὶν,
385 1346 528 1421 ὑμᾶς
555 1345 867 1426 παρακαλῶ,
896 1374 919 1405 ι
949 1346 1133 1410 Καθὼς
1152 1341 1497 1425 παρελάϐετε.
1525 1364 1548 1394 ³
1584 1347 1656 1404 Τὸ
1685 1346 1910 1425 παρελάο

246 1428 397 1507 εετε,
446 1437 510 1492 οὗ
538 1434 793 1511 ῥημάτων
839 1432 1002 1509 μόνον
1032 1433 1195 1507 ἐστὶν,
1245 1431 1383 1490 ἀλλᾶ
1424 1435 1513 1490 καὶ
1556 1436 1904 1513 πραγμάτων,

258 1519 346 1603 Ἓξ
370 1525 450 1578 ὧν
480 1523 583 1602 γὰρ
624 1522 781 1587 αὐτὸς
813 1519 978 1596 ἒείου,
1009 1522 1172 1587 τύπος
1211 1535 1329 1587 τοῖς
1381 1525 1651 1598 μαθηταῖς
1681 1523 1904 1603 ἐγίνετο.

316 1597 424 1672 ’ἱνα
458 1597 833 1693 ¹περισσεύητε.
869 1633 893 1664 ο
925 1612 1025 1670 Καὶ
1052 1610 1213 1668 πλέον
1231 1635 1307 1686 τι,
1338 1614 1520 1693 φησὶν,
1544 1615 1621 1668 ὧν
1648 1597 1911 1682 ἠκούσατε

2082 738 2110 770 α
2134 713 2304 788 Quod
2326 723 2599 796 superest
2622 715 2826 798 igitur,
2854 720 3089 786 fratres.
3130 745 3154 782 ι
3172 722 3340 797 Quod
3355 732 3652 806 superest,

1990 815 2130 888 puta
2148 815 2212 870 ut
2240 807 2328 899 ad
2365 808 2835 899 exhortationem
2875 814 3143 881 accedat.
3181 816 3319 894 Aut,
3368 818 3527 899 quod
3546 836 3652 880 su-

1979 903 2201 986 perest,
2236 897 2293 959 id
2328 904 2438 972 est,
2491 897 2866 964 sufﬁcienter
2909 912 3020 968 est.
3060 929 3087 961 α
3118 897 3417 986 Rogamus
3447 925 3572 971 vos.
3612 932 3639 965 ι

1980 983 2127 1074 Nam
2174 990 2456 1065 ἒρωτῶμεν
2501 995 2559 1048 et
2608 990 3020 1068 παρακαλοῦμεν
3068 983 3234 1055 ἱάθιιί
3283 1002 3446 1072 sunt,
3479 995 3648 1074 ejus-

1984 1073 2243 1155 demque
2274 1075 2605 1156 potestatis.
2642 1098 2670 1137 α
2696 1076 2809 1140 Per
2827 1078 3148 1143 Dominum
3176 1080 3408 1144 Jesum.
3441 1108 3467 1138 ι
3494 1073 3650 1146 Vide

1994 1163 2177 1253 animi
2192 1166 2566 1253 modestiam.
2582 1163 2786 1248 Neque
2798 1167 2870 1229 ad
2894 1168 3373 1233 obsecrationem
3387 1171 3652 1253 seipsum

1996 1251 2132 1341 fide,
2168 1252 2411 1332 dignum
2454 1262 2555 1316 aut
2603 1255 2887 1318 idoneum
2939 1275 3073 1321 esse
3123 1251 3521 1341 existimabat,
3545 1261 3652 1322 sed

1997 1339 2295 1403 Christum
2353 1342 2624 1404 assumit.
2677 1342 2791 1405 Per
2841 1344 3173 1422 Christum,
3230 1346 3334 1424 ait,
3393 1339 3515 1410 vus
3549 1348 3655 1411 ob-

1997 1446 2190 1502 secro,
2231 1453 2252 1485 ι
2292 1430 2807 1504 Quemadmodum
2851 1435 3186 1517 accepistis.
3223 1460 3250 1492 n
3287 1435 3646 1515 Accepistis,

1997 1536 2117 1579 non
2148 1518 2222 1581 de
2246 1518 2443 1581 verbis
2474 1527 2696 1582 tantum
2729 1530 2841 1597 est,
2875 1542 3081 1586 verum
3112 1524 3293 1588 etiam
3327 1524 3402 1588 de
3434 1524 3641 1590 rebus.

1994 1610 2144 1671 Nam
2179 1626 2247 1669 ex
2278 1607 2414 1696 vita
2458 1627 2582 1670 sua
2620 1610 2926 1690 operibus,
2990 1612 3301 1696 discipulis
3345 1614 3654 1696 exemplar

250 1716 486 1763 ποιεῖτε,
516 1691 612 1766 Ὠς
654 1700 864 1768 νηπίοις
892 1701 994 1779 γὰρ
1048 1702 1108 1757 οῦ
1145 1700 1210 1785 τὰ
1255 1691 1435 1757 τέλεια
1461 1700 1711 1783 ἒπέταξα,
1755 1705 1903 1783 φησί.

1997 1705 2145 1758 erat.
2174 1731 2261 1785 -ν
2282 1695 2355 1759 Ut
2383 1696 2719 1761 abundetis.
2760 1725 2787 1756 »
2823 1700 2892 1763 Et
2922 1691 3204 1779 amplius,
3265 1702 3483 1785 inquit,
3523 1691 3649 1766 vali-

248 1789 633 1869 Ιιροϐαίνοντες
687 1787 743 1846 δὲ
787 1794 858 1866 τῇ
913 1790 1109 1869 πίστει,
1147 1784 1477 1869 ’προϐαίνετε
1516 1792 1605 1847 καὶ
1645 1797 1713 1869 τῇ
1740 1792 1903 1848 πολι-

248 1901 386 1953 τεια.
429 1905 454 1935 σ
488 1877 683 1937 Οἴδατε
740 1879 839 1958 γὰρ
884 1878 1029 1942 τίνας
1077 1877 1462 1957 παραγγελίαςο
1499 1900 1523 1932 ι
1586 1886 1665 1957 Τῇ
1691 1881 1903 1938 ὲκείνων

250 1972 450 2046 μνήμῇ
536 1967 966 2047 ἐγγεγραμμένας
1054 1966 1213 2032 αὒτὰς
1296 1966 1706 2045 καταλιμπάνει,
1787 1993 1810 2024 ι
1844 1962 1902 2029 Ὀ

247 2060 521 2137 ἇγιισμός
574 2060 745 2132 ὑμῶν.
795 2072 817 2104 ³
868 2054 1088 2132 Θέλημα
1135 2057 1236 2135 γὰρ
1296 2063 1451 2131 Θεοῦ,
1481 2060 1662 2139 φησὶν,
1715 2060 1749 2127 ἡ
1803 2082 1905 2116 σω.

248 2148 492 2228 φοσύνη
517 2148 689 2221 ὒμῶν.
722 2145 813 2204 Ἐν
842 2146 1044 2222 ἑκάστῃ
1090 2142 1144 2201 δὲ
1186 2144 1501 2223 Ἐπιστολῇ,
1546 2151 1646 2214 τῆς
1690 2169 1903 2231 σωφρο-

247 2239 413 2304 σύνης
468 2235 702 2312 μάλιστα
756 2234 925 2293 πολὺν
979 2247 1214 2292 ποιεῖται
1258 2234 1438 2313 Λόγον,
1493 2234 1623 2295 Οἵδε
1670 2237 1770 2317 γὰρ
1811 2245 1903 2295 τοῦ

247 2328 447 2392 πάθους
490 2329 554 2383 τὸ
620 2326 923 2405 τυραννικὸν
979 2325 1066 2380 καὶ
1115 2322 1558 2401 δυσκατόρθωτον.
1618 2346 1643 2381 ι
1673 2325 1904 2408 Ἀπέχε-

248 2420 366 2473 σθαι
394 2418 537 2492 ὑμᾶς
587 2414 693 2471 ἀπὸ
748 2419 849 2481 τῆς
906 2413 1170 2493 πορνείας.
1207 2432 1230 2463 I
1270 2414 1359 2479 Τίς
1415 2412 1470 2470 δὲ
1514 2416 1542 2470 6
1598 2415 1898 2497 ἀγιασμόςς

245 2504 580 2585 Ἀπέχεσθαι
611 2504 768 2580 ὑμᾶς,
801 2504 984 2583 φησὶν,
1043 2502 1150 2559 ἀπὸ
1203 2501 1383 2571 πάσης
1438 2502 1680 2582 πορνείας
1716 2520 1730 2535 ⁸
1768 2505 1901 2563 πολε

246 2593 317 2650 λὰ
504 2591 789 2657 ἀκολασίας
846 2590 983 2659 είδη.
1046 2614 1073 2649 ε
1119 2589 1318 2649 Είδέναι
1387 2592 1609 2649 ἕκαστον
1662 2594 1830 2669 ὑμῶν,
1870 2618 1891 2647 ι

250 2673 288 2694 ”
321 2693 435 2762 Λρα
501 2682 779 2751 ἀσκήσεως
825 2682 916 2738 καὶ
972 2680 1252 2756 μαθησεώς
1307 2681 1418 2738 ἐστι
1473 2682 1535 2738 τὸ
1576 2696 1894 2764 σωφρονεῖν,

254 2795 278 2825 ο
312 2773 387 2830 Τὸ
418 2770 610 2830 ἑαυτοῦ
637 2778 845 2836 σκεῦος.
882 2795 905 2826 ι
962 2777 1180 2845 Σκεῦος,
1220 2771 1283 2827 τὸ
1329 2771 1485 2847 σῶμά
1531 2794 1715 2852 φησιν.
1772 2772 1898 2831 Ἐὰν

247 2861 340 2916 οὖν
369 2862 502 2916 αὐτὸ
559 2858 614 2915 ὲν
669 2860 917 2938 ἁγιασμῷ
958 2859 1199 2940 ἔχωμεν,
1250 2861 1415 2936 ἡμεῖς
1464 2860 1588 2918 αὐτὸ
1634 2862 1896 2938 κεκτὴμε-

242 2954 309 3006 θα
342 2966 359 2982 ⁸
412 2949 507 3005 ἐὰν
548 2947 603 3004 δὲ
647 2948 701 3004 ἐν
770 2950 983 3028 πορνείᾳ
1037 2952 1073 3018 ἡ
1140 2949 1367 3029 ἁμαρτία
1422 2949 1548 3007 αὐτὸ
1617 2950 1892 3019 κέκτηται,

1987 1784 2332 1868 quid‘facite
2372 1805 2546 1867 quam
2588 1790 2967 1870 acceperitis.
3013 1790 3323 1873 Siquidem
3357 1784 3640 1874 tanquam

1988 1873 2265 1955 parvulis,
2299 1874 2510 1956 inquit,
2532 1895 2649 1938 non
2703 1879 2944 1960 pracipi
2969 1899 3100 1962 qua
3166 1881 3427 1961 perfecta
3453 1873 3643 1943 erant.

1986 1967 2410 2027 Promoventes
2438 1968 2728 2043 autem_in
2762 1966 2901 2047 (ide,
2961 1977 3305 2049 promovete
3352 1969 3527 2031 etiam
3588 1971 3650 2031 in

1986 2051 2460 2138 conversatione.
2528 2077 2554 2108 α
2590 2052 2786 2116 Nostis
2843 2056 3002 2117 enim
3066 2076 3200 2138 qua
3255 2066 3574 2138 pracepta.
3610 2082 3639 2114 ι

1985 2134 2121 2216 Ipsa
2149 2141 2383 2202 illorum
2406 2142 3009 2225 memoriainscripta
3026 2134 3335 2227 relinquit.
3364 2169 3384 2202 ι
3410 2134 3650 2208 Sancti-

1986 2230 2113 2293 ﬁca'
2127 2230 2184 2292 io
2206 2237 2422 2292 vestra.
2456 2255 2477 2287 ο
2511 2230 2799 2295 Voluntas
2817 2233 2979 2295 enim
3008 2233 3368 2315 Dei,inquit,
3391 2240 3504 2309 est,
3536 2253 3648 2314 pu-

1984 2318 2188 2381 dicitia
2208 2326 2403 2381 vestra
2466 2318 2533 2381 In
2552 2340 2904 2403 unaquaque
2941 2330 3141 2385 autem
3182 2322 3653 2405 Epistolapudi-

1991 2407 2534 2489 citiapotissimum
2585 2428 2858 2487 magnam
2910 2410 3091 2475 habet
3127 2412 3444 2476 rationem.
3479 2411 3653 2474 Novit

1985 2497 2144 2558 enim
2172 2496 2542 2577 tyrannidem
2566 2499 2815 2561 affectus
2871 2518 2940 2560 ac
2985 2499 3184 2581 operis
3212 2500 3643 2563 difﬁcultatem.

1989 2586 2482 2654 «Utabstineatis
2525 2605 2560 2647 a
2610 2587 2997 2651 scortatione.
3035 2614 3056 2645 ο
3109 2588 3249 2663 Qua
3297 2597 3388 2652 est
3437 2597 3641 2652 autem

1981 2676 2417 2739 sanctiﬁcatio?
2445 2675 2520 2740 Ut
2550 2695 2673 2759 vos,
2702 2677 2918 2759 inquit,
2982 2676 3343 2743 abstineatis
3371 2678 3447 2742 ob
3480 2678 3645 2740 omni

1978 2765 2359 2828 scortatione.
2390 2763 2569 2827 Multa
2593 2767 2891 2828 suntenim
2921 2767 3308 2848 impudicitia
3384 2786 3638 2848 genera.

1986 2880 2009 2913 ιι
2036 2853 2108 2919 Ut
2149 2854 2295 2916 sciat
2334 2855 2742 2937 unusquisque
2780 2863 3062 2919 vestrum.
3094 2881 3118 2913 υ
3152 2856 3356 2939 Itaque
3386 2857 3640 2919 exerci-

1980 2945 2044 3011 tii
2075 2962 2144 3005 ac
2174 2943 2505 3025 disciplina
2535 2953 2646 3020 est,
2669 2953 2727 3006 et
2747 2953 2970 3008 castum
3005 2964 3159 3009 esse.
3219 2971 3242 3004 c
3278 2946 3465 3010 Suum
3486 2965 3647 3010 vas.»

245 3038 425 3110 Τινὲς,
485 3039 559 3096 Τὸ
628 3038 816 3097 ἑαυτοῦ
869 3043 1079 3111 σκεῦος,
1137 3038 1237 3105 τὴν
1308 3038 1564 3116 ὁμόζυγω
1640 3041 1902 3119 ἡρμήνευ-

1992 3032 2098 3095 Vas
2120 3032 2264 3096 dicit
2283 3031 2604 3114 corpus.Si
2628 3051 2767 3114 ergo
2819 3035 3013 3116 ipsum
3064 3038 3125 3097 in
3173 3036 3644 3099 sanctificatione

246 3148 370 3191 σαν,
420 3125 569 3205 Ἐγὼ
610 3124 665 3182 δὲ
694 3127 912 3203 νομίζω,
944 3128 1005 3182 τὸ
1054 3127 1275 3183 ἑκάστου
1323 3133 1479 3203 σῶμα
1536 3127 1701 3194 οὕτως
1743 3131 1899 3186 αὐτὸν

246 3215 574 3282 κεκληκέναι
609 3233 625 3250 ⁸
685 3219 745 3274 οὗ
784 3217 884 3295 γὰρ
928 3229 1047 3278 τοῖς
1120 3216 1458 3295 γεγαμηκόσι
1503 3215 1708 3293 μόνοις,
1763 3218 1899 3275 ἀλλὰ

244 3307 337 3361 καὶ
396 3320 517 3369 τοῖς
579 3304 831 3383 ἀγάμοις,
879 3305 963 3361 καὶ
1019 3318 1142 3370 ταῖς
1184 3306 1383 3386 χήραις
1438 3307 1537 3374 τὴν
1595 3308 1901 3383 νομοθεσίαν

245 3392 569 3474 προσφέρει.
611 3418 634 3447 σ
690 3396 778 3461 Μὴ
837 3392 892 3449 ἐν
942 3393 1092 3450 πάθει
1136 3392 1432 3469 ἐπιθυμίας,
1482 3415 1506 3448 ι
1536 3401 1678 3453 Ποῖα
1727 3394 1780 3452 δὲ
1836 3398 1902 3453 τὰ

254 3484 404 3550 πάθη
433 3487 536 3549 τῆς
580 3481 900 3558 ἐπιθυμίαςς
945 3484 1021 3541 Τὰ
1069 3484 1445 3560 ὑπεκκαύματα
1495 3484 1716 3564 ταύτης,
1760 3489 1900 3566 οῖον,

248 3572 449 3653 τρυφὴ,
510 3570 761 3644 πλοῦτος,
832 3571 1074 3649 ῥᾳθυμία,
1118 3571 1295 3651 ἀργία.
1376 3579 1552 3631 Ταῦτα
1607 3573 1708 3654 γὰρ
1761 3575 1904 3642 πάθη

248 3660 531 3734 ἐπιθυμίας
588 3659 725 3716 ἐστὶν
767 3661 893 3716 ὡσεὶ
935 3661 1082 3736 ε’ίπε,
1148 3661 1376 3737 Δύναμις
1451 3664 1539 3719 καὶ
1593 3663 1749 3742 ἰσχὺς
1804 3665 1906 3720 αῦ-

246 3750 377 3815 τῆς.
428 3774 453 3806 ι
486 3750 564 3806 Τὰ
588 3747 710 3816 ἔθνη
740 3749 807 3806 τὰ
851 3749 929 3825 μὴ
986 3748 1156 3806 elicita
1201 3752 1352 3812 Θεόν.
1389 3771 1411 3801 ι
1478 3751 1555 3809 Τὰ
1624 3752 1724 3830 γὰρ
1782 3751 1905 3819 ἔθνη

246 3841 343 3895 τὸν
375 3839 509 3894 Θεὸν
537 3837 849 3917 ἀγνοοῦντα,
910 3836 1025 3895 οὔτε
1078 3837 1263 3896 ἐλπίδα
1305 3839 1420 3897 ἀντι
1467 3838 1662 3906 δόσεως
1726 3840 1845 3921 ἔχει
1882 3860 1894 3873 ⁸

248 3935 532 4005 τοιγαροῦν
560 3926 731 3984 πάντα
760 3928 892 4007 πρὸς
935 3925 1131 3996 ἡδονὴν
1188 3929 1432 4008 πράττει,
1473 3951 1497 3982 ι
1530 3930 1602 3988 Τὸ
1633 3930 1710 4005 μὴ
1738 3931 1905 4009 61mp-

249 4014 448 4073 ϐαίνειν
504 4017 593 4072 καὶ
635 4014 1002 4078 πλεονεκτεῖν,
1039 4034 1063 4065 ι
1124 4017 1371 4093 Ἐκαστῳ
1411 4021 1440 4077 6
1512 4021 1667 4091 Θεὸς,
1725 4020 1910 4099 φησὶν,

1982 3121 2387 3193 habuerimus,
2420 3140 2530 3183 nos
2576 3121 2779 3204 ipsum
2833 3124 3309 3207 possidebimus;
3338 3125 3389 3187 si
3417 3144 3557 3188 vero
3590 3125 3653 3188 in

1989 3213 2378 3285 scortatione,
2397 3210 2521 3290 jam
2571 3221 2880 3293 peccatum
2924 3214 3254 3294 possidebit
3290 3214 3508 3296 ipsum.
3532 3214 3651 3289 Qui

1984 3301 2117 3362 dam
2150 3319 2325 3362 suum
2356 3318 2477 3377 vas,
2513 3302 2590 3364 de
2646 3321 2829 3365 uxore
2888 3304 3264 3385 interpretati
3313 3312 3450 3367 sunt
3484 3321 3497 3367 :
3538 3322 3650 3384 ego

1982 3408 2120 3452 vero
2142 3389 2401 3452 arbitror
2421 3391 2708 3471 cujusque
2745 3410 2964 3473 corpus
2995 3392 3195 3473 ipsum
3238 3412 3308 3454 eo
3348 3392 3636 3454 vocabulo

1984 3480 2337 3560 appellasse.
2369 3482 2499 3538 I70
2535 3482 2741 3561 Neque
2775 3480 2934 3542 enim
2965 3481 3165 3555 legem
3195 3481 3341 3543 solis
3371 3480 3491 3541 illis
3524 3499 3635 3561 po-

1991 3579 2073 3631 nit
2101 3568 2199 3650 qui
2232 3587 2446 3630 uxores
2475 3568 2787 3643 duxerant,
2834 3568 3224 3631 verumetiam
3275 3568 3543 3650 innuptis
3573 3586 3644 3630 ac

1988 3657 2197 3720 viduis.
2232 3682 2252 3713 ι
2282 3656 2411 3719 Non
2439 3658 2830 3720 cumatl'ectus
2853 3657 3379 3737 concupiscentia.
3422 3683 3440 3712 ι
3469 3655 3643 3729 Quis-

1991 3766 2126 3809 nam
2152 3755 2348 3808 autem
2378 3754 2467 3808 est
2509 3747 2754 3808 affectus
2811 3745 3369 3828 concupiscentia?
3433 3744 3640 3809 Fomi-

1991 3848 2080 3900 tes
2107 3838 2315 3919 ipsius,
2346 3837 2552 3920 quales
2572 3846 2709 3900 sunt
2736 3837 2992 3913 delicia,
3047 3836 3294 3914 divitia,
3340 3836 3652 3918 segnities,

1987 3930 2193 3991 ‘stium.
2227 3931 2373 3993 Nam
2391 3930 2513 3992 hac
2534 3937 2675 3991 sunt
2699 3930 2945 3992 atl‘ectus
2989 3928 3497 4010 concupiscentia
3531 3947 3545 3989 :
3582 3945 3655 3991 ac

1993 4020 2041 4080 si
2067 4019 2315 4090 diceret,
2341 4019 2601 4081 Potestas
2622 4038 2689 4081 ac
2712 4018 3130 4100 roburipsius.
3189 4044 3211 4076 ι’
3258 4019 3481 4082 Gentes
3511 4035 3650 4098 qua

250 4104 506 4180 ἀπένειμε
561 4118 815 4186 γυναῖκα,
866 4107 953 4162 καὶ
996 4104 1145 4186 Spw:
1196 4108 1415 4183 τέθεικε,
1472 4109 1575 4176 τὴν
1628 4109 1759 4188 πρὸς
1846 4107 1903 4163 τὶ

1998 4107 2525 4187 ignorantDeum.»
2549 4107 2859 4189 Siquidem
2885 4116 3087 4188 gentes
3116 4126 3247 4189 qua
3260 4107 3448 4171 Deum
3481 4106 3656 4186 igno-

251 4194 380 4269 μίαν
405 4192 571 4269 μίξιν,
627 4202 765 4251 Ωστε
796 4196 832 4262 ἡ
888 4197 1019 4273 πρὸς
1067 4196 1248 4275 ἑτέραν
1300 4195 1462 4273 μίξις,
1512 4195 1804 4277 παράϐασίς
1832 4215 1903 4253 τις

2002 4206 2153 4271 rant,
2189 4215 2263 4259 ne
2283 4216 2448 4278 spem
2481 4196 2721 4278 quidem
2752 4196 2974 4260 habent
3031 4196 3477 4260 retributionis:
3534 4194 3651 4258 ita-

251 4284 339 4372 καὶ
406 4279 682 4372 πλεονεξία
718 4281 915 4372 Δῌὲστίν,
983 4307 1007 4339 ι
1043 4280 1133 4340 Ἐν
1184 4290 1262 4358 τῷ
1332 4285 1624 4365 πράγματι.
1663 4302 1691 4335 »
1745 4294 1903 4372 Τουτ-

2006 4307 2139 4372 qua
2166 4294 2366 4349 omnia
2383 4286 2456 4348 ad
2478 4287 2836 4348 voluntatem
2870 4286 3111 4350 faciunt.
3139 4310 3166 4343 α
3191 4285 3277 4348 Ne
3307 4285 3441 4368 quis
3470 4293 3660 4347 trans-

251 4370 414 4458 ἐστιν,
450 4368 507 4425 ἒν
666 4368 798 4446 μίξει
833 4390 849 4405 ·
896 4370 1115 4430 ἐνταῦθα
1161 4356 1260 4453 γὰρ
1304 4356 1420 4453 περὶ
1452 4356 1701 4455 μοιχείας
1743 4371 1903 4450 λ’ἐγει.

2007 4356 2312 4458 grediatur
2340 4393 2410 4438 ac
2442 4375 2694 4437 fraudet.
2724 4401 2747 4432 ι
2773 4375 2950 4451 Deus,
2972 4377 3071 4445 ait.
3104 4356 3430 4457 unicuique
3451 4373 3657 4436 distri-

253 4460 365 4515 ἅνω
393 4457 449 4514 δὲ
473 4460 592 4538 περὶ
638 4460 818 4527 πάσης
871 4461 1136 4540 πορνείας,
1180 4488 1201 4521 ι
1253 4463 1398 4520 Διότι
1444 4459 1679 4528 ἔκδικος.
1718 4482 1744 4517 ι
1782 4468 1903 4539 Παρε

2008 4457 2131 4529 buit
2161 4483 2429 4546 uxorem,
2462 4483 2529 4526 ac
2559 4465 2879 4527 terminum
2915 4465 3131 4546 posuit,
3178 4462 3654 4526 commistionem

252 4547 476 4609 εκάλεσε
524 4554 753 4629 πρῶτον,
807 4550 929 4607 εἶτα
972 4549 1248 4629 ἐνέτρεψεν
1292 4553 1479 4633 εἰπὼν,
1530 4552 1784 4631 Καθάπερ
1831 4546 1903 4606 κα

2004 4564 2141 4637 puta
2171 4554 2242 4616 ad
2273 4542 2694 4617 eam'unicam.
2728 4542 2930 4618 Mistio
2961 4555 3141 4634 igitur
3162 4552 3233 4615 ad
3252 4553 3426 4614 aliam
3457 4562 3654 4613 trans-

252 4640 317 4695 να
389 4637 543 4705 ἔθνη,
604 4640 738 4696 Εἶτα
794 4639 902 4697 ἀπὸ
978 4640 1252 4721 λογισμῶν
1310 4641 1514 4717 ἔπεισε,
1587 4641 1916 4711 πλεονέκτην

1999 4645 2223 4726 gressio
2255 4642 2521 4725 quadam
2548 4650 2637 4704 est
2664 4662 2732 4705 ac
2752 4642 3172 4707 fraudulentia.
3211 4666 3235 4699 ιι
3272 4641 3339 4703 In
3368 4657 3586 4720 opere:
3615 4664 3642 4695 ι)

251 4726 486 4793 καλέσας
521 4743 537 4758 ⁸
568 4726 756 4785 λοιπὸν
787 4727 965 4809 φοϐεῖ,
991 4733 1063 4789 0’)
1087 4732 1187 4810 γὰρ
1209 4731 1557 4812 ἀντιμωρητὶ,
1586 4734 1739 4815 φησὶ,
1770 4743 1902 4793 ταῦ-

1992 4742 2106 4803 hoc
2129 4741 2241 4813 est,
2256 4732 2316 4794 in
2330 4732 2771 4796 commistione.
2795 4732 2920 4795 Hoc
2937 4732 3096 4796 enim
3113 4731 3241 4793 loco
3263 4729 3336 4791 de
3354 4727 3651 4791 adulterio

253 4840 322 4875 τι
362 4819 622 4897 πράττετε
652 4833 666 4847 ⁸
700 4816 913 4900 ἔκδικος
932 4820 1031 4900 γὰρ
1083 4823 1111 4876 6
1158 4822 1288 4887 Θεὸς
1344 4827 1422 4895 τῷ
1461 4843 1519 4878 τε
1559 4821 1903 4879 πλεονεκτού-

253 4907 424 4982 μένῳ,
485 4907 575 4962 καὶ
630 4905 820 4979 ἐαυτῷ.
900 4898 1120 4966 Ἐαύτὸν
1177 4911 1277 4990 γὰρ
1347 4908 1549 4968 ἐκδικεϊ
1616 4912 1912 4990 παρακουό-

254 5018 441 5072 μενος.
495 5022 520 5056 ι
556 4996 628 5053 Οὒ
658 4996 758 5077 γὰρ
802 4995 1050 5054 ἒκαλεσεν
1095 4999 1242 5073 ἡμᾶς
1294 5001 1323 5056 6
1375 5000 1530 5065 Θεός,
1568 5017 1594 5051 ι
1643 5002 1741 5059 Καὶ
1784 5002 1902 5057 ἐαυ-

254 5088 348 5143 τὸν
391 5084 450 5141 δὲ
506 5086 536 5141 6
594 5087 724 5150 Θεὸς
781 5084 1003 5160 ἐκδικετ,
1063 5087 1393 5164 ἀμυνόμενος
1442 5090 1535 5145 τὸν
1624 5089 1679 5145 ἐν
1748 5090 1917 5163 τούτῳ

254 5174 620 5242 πληονὲκτην,
685 5176 831 5233 Κατὰ
895 5182 1050 5234 τοῦτο
1092 5175 1395 5254 ὲκλήθημεν
1465 5177 1551 5235 ἐπὶ
1596 5179 1914 5259 καθαρότητι

256 5264 382 5344 παρ’
417 5266 580 5322 the?)
611 5282 623 5295 '
667 5274 944 5344 τοιγαροῦν
986 5267 1015 5322 6
1069 5267 1209 5345 παρὰ
1250 5268 1348 5335 τὴν
1402 5266 1592 5336 κλῆσιν
1648 5268 1914 5348 πράττων,

257 5351 436 5430 (οὗτος
494 5353 597 5432 γὰρ
637 5354 667 5409 6
721 5353 965 5429 ἁθετῶν,)
1037 5356 1129 5411 τὸν
1182 5354 1480 5414 καλέσαντα
1533 5355 1711 5437 ’ὑϐρισε
1767 5356 1915 5434 μᾶλ-

262 5441 380 5522 λον,
408 5442 448 5509 ἧ
474 5443 569 5499 τὸν
599 5440 1072 5510 πλεοπκτηθέντα.
1135 5451 1299 5504 Τοῦτο
1341 5443 1396 5502 δὲ
1439 5447 1565 5503 ε’ίπε
1608 5444 1811 5513 δεικνὺς
1840 5448 1915 5512 ὡς

261 5535 322 5591 οὐ
362 5534 526 5606 μόνον
567 5531 693 5589 ἔνθα
738 5534 767 5589 6
809 5530 1032 5613 ἀδελφὸς
1078 5536 1107 5591 6
1158 5533 1499 5610 ἀδικούμενος
1537 5534 1597 5612 ᾗ,
1646 5533 1730 5593 δεῖ
1784 5535 1911 5616 φεύ-

263 5641 377 5700 γειν
404 5622 505 5689 τὴν
534 5621 811 5701 μοιχείαν,
856 5618 995 5677 ἀλλὰ
1023 5627 1122 5679 κᾶν
1175 5623 1393 5689 ἄπιστος
1547 5618 1607 5684 Ὀ
1656 5624 1756 5707 γὰρ
1780 5625 1909 5690 Θεὸς

1997 4821 2564 4907 |oquitur,superius
2576 4831 2775 4885 autem
2796 4821 2871 4884 de
2884 4818 3421 4885 omniscortatione
3457 4844 3493 4907 ,ιι
3516 4816 3658 4907 Pro-

2000 4904 2202 4995 pterea
2217 4911 2376 4993 quod
2405 4911 2562 4972 ultor
2583 4910 2686 4973 sit.
2710 4936 2736 4967 ιο
2756 4909 3021 4971 Primum
3051 4907 3404 4982 obsecravit,
3438 4904 3658 4967 deinde

2002 5000 2324 5084 pudefecit,
2351 5000 2591 5062 dicens:
2627 4997 2797 5061 Sicut
2828 5007 2884 5061 et
2914 5006 3157 5078 gentes:
3210 4995 3591 5078 postmodum
3622 5011 3659 5056 a

1999 5089 2454 5171 cogitationibus
2475 5088 2681 5159 suasit,
2716 5106 2931 5150 vocans
2962 5086 3403 5149 fraudulentum
3432 5103 3446 5148 :
3475 5084 3654 5147 dein-

1999 5199 2139 5261 ceps
2153 5180 2571 5242 exterret.Non
2593 5177 2750 5238 enim
2763 5176 2893 5238 sine
2905 5173 3515 5257 ultione,inquit,hac
3530 5173 3656 5237 faci-

2000 5269 2094 5332 tis.
2121 5267 2439 5332 Ulciscitur
2459 5265 2788 5329 enimDeus
2806 5274 3036 5340 eteum,
3054 5265 3155 5348 qui
3174 5265 3480 5328 fraudatus
3493 5271 3653 5328 estet

1999 5357 2285 5438 seipsum.
2307 5355 2453 5419 Nam
2469 5355 2732 5437 seipsum
2748 5354 3121 5419 ulciscituris
3145 5354 3240 5419 cui
3255 5374 3372 5417 non
3391 5363 3659 5436 paretur.

2005 5471 2031 5501 α
2066 5444 2196 5508 Non
2231 5445 2391 5508 enim
2411 5444 2634 5507 vocavit
2666 5463 2774 5508 nos
2803 5447 2985 5510 Deus.
3034 5469 3055 5500 ι
3102 5442 3378 5525 Seipsnm
3423 5460 3662 5524 quoque

2004 5534 2312 5598 ulciscitur
2327 5534 2485 5598 Deus
2505 5535 2760 5616 sumptis
2774 5534 2964 5618 panis
2974 5535 3051 5600 de
3063 5553 3135 5598 eo
3153 5533 3255 5616 qui
3283 5534 3345 5597 in
3372 5534 3485 5595 lioc
3496 5532 3661 5594 frau-

2002 5622 2287 5689 dulentus
2309 5623 2443 5686 fuit.
2465 5626 2640 5688 Juxta
2662 5625 2777 5689 hoc
2796 5624 2989 5690 vocati
3014 5640 3223 5688 sumus
3269 5620 3344 5686 ab
3381 5620 3512 5701 ipso
3542 5638 3659 5701 pu-
