4140 6212
378 318 457 384 89
1357 321 1756 390 COMMENT.
1803 326 1886 389 IN
1932 329 2173 393 EPIST.
2223 331 2249 393 Ι
2294 331 2395 395 .lD
2438 333 2801 397 THESSAL.
3688 331 3767 401 90

387 459 551 538 τέρως
592 461 722 516 αὐτὸ
772 461 947 523 εἶπεν.
1012 465 1070 520 Εἰ
1113 465 1211 542 γὰρ
1261 464 1438 520 πιστοὶ
1495 465 1720 543 ὁρῶντες
1771 462 2034 542 ὅγιαίνον-

2140 469 2183 524 ιι
2205 479 2311 551 vos
2339 470 2590 526 honeste
2618 465 2857 544 geratis.
2910 465 2957 529 N
2976 485 3009 529 e
3062 474 3281 546 prater
3308 468 3592 535 decorum
3622 489 3765 551 aga-

386 572 479 613 τας
509 549 858 614 ἐπαιτοῦντας
902 550 1374 633 σκανδαλιζόμεθα,
1432 551 1513 609 ὅτι
1543 553 1846 633 ἐργάζεσθαι
1875 547 2036 607 δυνά-

2140 550 2200 613 Lis
2232 550 2447 634 inquit,
2480 554 2901 619 mendicando.
3071 554 3195 618 Hoc
3227 576 3482 642 namque
3510 547 3760 635 indicat,

389 665 539 718 μενοι
565 644 719 723 ἀργοὶ
760 645 1012 724 περιίασι,
1044 646 1196 722 πόσῷ
1223 645 1426 722 μᾶλλον
1462 649 1510 704 οἱ
1537 645 1748 705 ἄπιστοι
1780 664 1798 727 ς
1831 646 1918 710 οὒς
1947 665 2043 701 καο

2140 659 2460 723 ιυδηςυδιη
2514 642 2950 706 horestioribus
2996 642 3197 707 verbis
3258 647 3320 709 id
3376 648 3761 730 expresserit.

393 732 482 790 λετ
506 735 627 799 τοὺς
674 731 796 809 ἔξω,
843 738 961 792 οἷον
1004 740 1102 803 τῆς
1131 737 1382 800 πίστεως.

2140 732 2274 793 Nam
2299 730 2351 819 si
2376 750 2483 794 nos
2505 731 2714 793 ﬁdeles
2735 732 3002 795 videntes
3030 751 3134 795 eos
3173 753 3276 819 qur
3295 738 3424 799 sani
3446 746 3583 801 sunt
3604 756 3767 800 men-

393 818 686 896 dicantés,
718 821 1099 899 offendimus,
1137 825 1272 886 179
1300 822 1463 906 quod
1493 830 1629 887 cum
1672 821 1908 906 Operari
1961 825 2228 904 possunt,
2260 818 2435 881 otiosi
2463 820 2854 898 circumeant,
2888 822 3124 906 quando
3184 826 3370 907 magis
3422 826 3767 892 increduli?

388 929 544 992 quos
570 918 743 973 vocat
771 918 1108 995 extraneos,
1134 921 1272 995 puta
1300 934 1332 975 a
1366 912 1505 977 ﬁde.

395 1115 427 1148 ι
462 1090 786 1174 Διδασκαλία
827 1095 945 1174 περὶ
994 1010 1274 1161 Φτὲ.
1293 1013 1518 1153 θῗνάτου
1571 1093 1909 1157 καταλύσεως
1954 1090 2041 1150 ἰπὶ

2140 1090 2407 1174 Doctrina.
2446 1092 2512 1174 de
2566 1094 2760 1174 mortis
2772 1000 3142 1174 Οὲῗιξὲιῖξάζιε
3208 1115 3274 1157 ac
3326 1096 3771 1173 manifestatt'ane

614 1172 834 1247 ζώντων
856 1172 943 1231 καὶ
970 1180 1169 1254 νεκρῶν
1197 1174 1469 1255 ἒπιφανείᾳ
1499 1182 1747 1256 Χριστοῦ.
1781 1193 1812 1234 )

480 1284 511 1317 α
542 1265 619 1321 06
645 1261 784 1319 θέλω
809 1260 865 1319 δὲ
895 1267 1031 1339 ύμᾶς
1060 1264 1303 1343 ἀγνοεῖν,
1334 1263 1545 1348 ἀδελφοὶ
1576 1264 1691 1344 περὶ
1726 1270 1833 1320 τῶν
1860 1283 2040 1321 κεκοι-

390 1350 675 1426 μημένων,
708 1351 802 1407 ἵνα
831 1351 909 1426 μὴ
946 1351 1203 1430 λυπῆσθε,
1256 1353 1429 1415 καθὼς
1486 1354 1573 1409 καὶ
1601 1354 1646 1408 οἱ
1675 1350 1852 1408 λοιποὶ
1889 1351 1935 1405 οἱ
1964 1354 2043 1424 μη

392 1440 617 1520 ἔχοντες
647 1438 854 1500 ἐλπίδα.
892 1442 951 1498 Εἰ
994 1442 1094 1521 γὰρ
1116 1442 1434 1516 πιστεύομεν
1474 1440 1555 1498 ὅτι
1585 1440 1791 1508 Ἰησοῦς
1822 1437 2046 1495 ἀπέθανε

390 1531 483 1586 καὶ
509 1530 732 1604 ἀνέστη,
762 1529 901 1588 οὕτω
928 1532 1016 1587 καὶ
1059 1534 1088 1588 6
1119 1532 1246 1598 Θεὸς
1289 1532 1410 1595 τοὺς
1453 1529 1801 1606 κοιμηθέντας
1845 1525 1929 1584 διὰ
1954 1535 2047 1585 τοῦ

396 1619 578 1694 Ἰησοῦ
606 1616 716 1684 ἄξει
742 1620 834 1677 σὺν
863 1620 1027 1694 αύτῷ.
1070 1642 1094 1674 ι

480 1688 629 1767 Ἐστι
676 1708 775 1787 γάρ
826 1688 989 1777 τινα,⁷
1012 1709 1167 1766 ἅτινα
1208 1709 1261 1776 ἐξ
1313 1709 1529 1789 ἀγνοίας
1585 1708 1760 1776 λύπην
1802 1706 2042 1782 ἐμποιεῖ,

392 1794 786 1877 γνωσθένταβὲ
827 1799 981 1854 παύει
1023 1798 1123 1865 τὴν
1151 1797 1345 1866 λύπην.
1401 1819 1424 1852 α
1460 1799 1584 1877 Περὶ
1638 1803 1742 1853 τῶν
1784 1816 2047 1871 κεκοιμη-

396 1885 603 1962 μένων.
636 1907 666 1940 ι
705 1869 850 1966 οἷζὶρνα,
884 1887 979 1943 οὒκ
1008 1889 1188 1963 εἶπεν,
1216 1887 1618 1967 Αποθανόντων,
1662 1885 1800 1943 ἀλλὰ
1851 1894 2048 1943 Κεκοι-

396 1974 682 2052 μημὲνων,
739 1972 940 2041 δεικνὺς
984 1977 1126 2033 εἶναι
1168 1978 1256 2034 καὶ
1298 1974 1525 2056 ἔγερσιν.
1579 1997 1602 2030 ι
1655 1978 1715 2034 Οἱ
1772 1974 1851 2052 μὴ
1881 1972 2048 2054 ἕχον-

393 2085 485 2128 τες
543 2061 748 2122 ἐλπίδα.
813 2087 840 2120 ι
885 2061 1130 2136 Ἐλπίδα,
1171 2065 1460 2141 τουτέστιν,
1520 2064 1880 2128 ἀναστάσεως.
1932 2067 2049 2121 Τῶν

396 2155 503 2233 γὰρ
544 2153 793 2210 τοιούτων
846 2150 1007 2217 ἴδιον,
1066 2156 1129 2210 τὸ
1185 2153 1272 2211 ἐπὶ
1324 2167 1441 2218 τοϊς
1497 2152 1782 2211 τελευτῶσι
1849 2150 2046 2218 λυπεῖ-

398 2247 546 2302 σθαι.
599 2260 630 2301 (
676 2243 733 2299 Ei
776 2243 875 2323 γὰρ
916 2242 1253 2318 πιστεύομεν.
1320 2264 1345 2300 ι
1402 2244 1461 2301 Εἰ
1516 2243 1637 2324 γὰρ,
1686 2239 1869 2309 ἐπειδὴ
1923 2239 2045 2320 γάρ.

404 2324 469 2391 ’Β
501 2333 672 2397 οὕτως
704 2348 721 2364 ⁸
768 2335 827 2391 εἰ
883 2334 983 2414 γὰρ
1024 2334 1187 2401 ὅλως.
1239 2336 1391 2417 φησὶ,
1451 2335 1789 2413 πιστεύομεν,
1833 2334 1922 2389 καὶ
1971 2331 2050 2409 μὴ

399 2423 745 2501 μεμώρανται
788 2424 944 2498 ἡμῶν
1004 2426 1055 2480 αἱ
1097 2426 1287 2505 ψυχαὶ.
1339 2448 1364 2481 ι
1426 2423 1629 2497 Οὕτως,
1676 2424 1828 2503 φησὶ,
1879 2423 1968 2479 καὶ
2022 2423 2051 2478 6

403 2514 561 2591 Θεὸς,
622 2535 651 2567 ι
709 2506 971 2586 τουτέστι,
1023 2512 1256 2594 καθάπερ
1296 2515 1386 2572 τὸν
1434 2514 1644 2594 Κύριον,
1702 2512 1763 2569 ὲκ
1828 2512 2051 2569 θανάτου

400 2601 605 2681 ἐγερεῖ,
659 2594 853 2680 Οραδὲ
886 2600 1174 2683 ἀσφάλειαν
1224 2602 1408 2683 λόγου.
1454 2602 1577 2662 Ἐπὶ
1634 2603 1732 2678 μὲν
1790 2608 1883 2659 τοῦ
1940 2611 2042 2660 Κυι-

400 2691 515 2769 pio»
558 2687 644 2746 διά
684 2691 746 2747 τὸ
775 2691 864 2747 καὶ
916 2693 1015 2752 τὴν
1074 2690 1355 2749 ἀνάστασιν
1409 2689 1512 2758 ἤδη
1569 2689 1864 2769 γεγονέναι,
1920 2687 2052 2768 θαῤ-

398 2780 630 2857 ρούντως
672 2778 818 2859 λέγει
846 2781 931 2859 τὸ,
983 2779 1291 2843 Ἀπέθανεν.
1353 2777 1568 2858 Ἐπὶβὲ
1623 2782 1801 2855 ἡμῶν,
1855 2777 1939 2835 δια
1991 2779 2054 2835 τὸ

402 2867 623 2944 μέλλειν
653 2866 730 2925 ἔτι
777 2868 877 2936 τὴν
922 2868 1229 2950 ἀνάστασιν,
1275 2870 1407 2933 Τοὺς
1463 2867 1839 2947 κοιμηθέντας,
1898 2869 2050 2948 φησὶ,

2197 1161 2407 1221 Christi
2432 1168 2584 1220 circa
2613 1170 2860 1225 mortuos
2888 1184 2952 1225 ac
2983 1171 3231 1229 viventes.

2204 1272 2304 1365 lV,
2332 1273 2541 1337 12—13.
2572 1274 2868 1340 Caeterum
2894 1280 3040 1343 noto
3063 1300 3165 1344 vos
3190 1283 3496 1365 ignorare,
3521 1281 3765 1359 fratres,

2127 1363 2300 1427 dehis
2312 1365 2421 1446 qui
2429 1365 2910 1443 obdormierunt,
2927 1389 3000 1432 ne
3019 1363 3319 1435 maerentis
3330 1377 3485 1433 sicut
3499 1376 3553 1433 et
3563 1370 3770 1433 caeteri

2128 1453 2236 1535 qui
2253 1472 2415 1534 spem
2442 1473 2559 1517 non
2581 1454 2822 1519 habent.
2848 1457 2925 1520 Si
2940 1462 3096 1521 enim
3112 1462 3413 1524 credimus
3426 1459 3586 1541 quod
3601 1461 3773 1521 Iesus

2128 1551 2406 1606 mortuus
2427 1550 2515 1605 est
2534 1549 2592 1607 et
2617 1552 2950 1609 resurrexit
2976 1569 2989 1607 :
3019 1549 3108 1610 ita
3130 1557 3186 1612 et
3219 1549 3377 1611 Deus
3406 1567 3499 1610 eos
3524 1549 3633 1629 qui
3660 1545 3767 1608 ob-

2128 1632 2507 1695 dormierunt
2528 1650 2641 1712 per
2666 1632 2872 1697 Iesum
2902 1637 3159 1700 adducet
3189 1656 3323 1700 cum
3356 1636 3484 1701 illo.

2210 1718 2357 1783 Sunt
2378 1720 2538 1783 enim
2561 1722 2827 1803 quaedam
2850 1744 2983 1805 quae
3008 1725 3083 1787 ob
3122 1726 3510 1807 ignorantiam
3545 1742 3768 1787 mcero-

2129 1828 2258 1871 rem
2290 1810 2574 1885 elﬁciunt,
2614 1812 2849 1891 cognita
2880 1833 3018 1875 vero
3049 1817 3265 1878 sedant
3293 1816 3591 1879 dolorem.
3632 1836 3655 1871 ι
3686 1813 3775 1875 De

2129 1898 2336 1980 bisqui
2359 1898 2830 1962 obdormierunt.
2862 1924 2884 1959 ι
2914 1904 3338 1967 Animadverte
3359 1904 3517 1986 quod
3541 1922 3658 1964 non
3673 1902 3769 1963 di-

2129 1987 2279 2048 xerit
2294 1991 2345 2050 Μ
2355 1987 2704 2065 orientibus,
2724 1989 2828 2052 sed
2846 1991 2948 2053 llis
2959 1992 3058 2073 qui
3073 1991 3550 2073 obdormierunt,
3567 1998 3772 2053 osten-

2131 2074 2285 2137 dens
2317 2076 2491 2139 etiam
2526 2094 2661 2140 esse
2691 2080 3219 2143 resurrectionem.
3259 2106 3282 2137 ιι
3319 2080 3429 2155 Qui
3462 2098 3625 2160 spem
3656 2099 3774 2141 non

2133 2164 2372 2226 habent.
2435 2188 2459 2223 ι
2525 2164 2728 2246 Spem,
2778 2186 2952 2230 neme
3006 2170 3480 2233 resurrectionis.
3540 2168 3767 2229 Talium

2132 2270 2386 2335 namque
2402 2254 2709 2336 proprium
2737 2263 2825 2317 est
2843 2255 3049 2320 dolere
3071 2257 3145 2319 ob
3169 2277 3270 2320 eos
3286 2258 3387 2340 qui
3415 2257 3769 2319 moriuntur.

2140 2364 2163 2400 σ
2201 2340 2263 2405 Si
2293 2342 2455 2405 enim
2495 2343 2818 2406 credimus.
2882 2371 2905 2402 υ
2971 2346 3032 2410 Si
3081 2347 3240 2410 enim
3292 2345 3772 2428 quandoquidem

2134 2430 2317 2494 enim.
2349 2431 2464 2496 Aut
2494 2432 2607 2494 hoc
2633 2433 2807 2495 modo
2841 2452 2855 2497 :
2891 2433 2953 2498 Si
2980 2435 3141 2499 enim
3163 2436 3431 2512 omnino,
3452 2436 3555 2511 ait,
3585 2435 3773 2498 credi-

2136 2539 2267 2582 mus
2299 2528 2363 2584 et
2391 2540 2510 2583 non
2560 2530 2695 2583 sunt
2741 2523 3038 2587 infatuata:
3093 2526 3306 2588 animae
3354 2535 3591 2588 nostras.
3634 2547 3657 2583 ιι
3692 2523 3774 2587 Ita

2136 2617 2192 2669 et
2222 2608 2404 2683 Deus,
2437 2634 2459 2669 υ
2500 2619 2641 2692 puta
2676 2611 2831 2674 sicut
2862 2613 3203 2690 Dominum,
3237 2633 3307 2677 ex
3339 2623 3529 2676 morte
3560 2613 3778 2677 excita-

2136 2696 2242 2760 bit.
2271 2698 2595 2764 Considera
2614 2718 2752 2761 t'ero
2776 2702 3072 2763 sermonis
3101 2702 3541 2766 certitudinem.
3572 2702 3772 2784 Siqui-

2136 2789 2273 2850 dem
2305 2787 2380 2849 de
2402 2787 2652 2850 Domino
2676 2808 2746 2851 eo
2787 2790 2942 2872 quod
2975 2791 3100 2872 jam
3130 2792 3280 2855 facta
3308 2795 3382 2854 sit
3412 2793 3542 2873 ejus
3570 2811 3773 2854 resur-

2136 2876 2348 2947 rectio,
2378 2878 2753 2940 conﬁdenter
2801 2879 2947 2941 dicit
2976 2898 2989 2943 :
3056 2886 3315 2944 Mortuus
3346 2891 3456 2945 est.
3491 2882 3574 2944 Dc
3606 2880 3776 2943 nobis

400 2956 610 3024 δεικνὺς
654 2957 814 3016 οὖσαν
859 2958 948 3015 καὶ
1003 2957 1227 3037 ἔγερσιν,
1282 2978 1303 3009 ι
1349 2958 1439 3027 Μὴ
1480 2961 1508 3015 6
1550 2961 1884 3034 κοιμώμενος
1928 2956 2050 3035 γὰρ,

2140 2984 2275 3028 vere
2299 2984 2433 3064 cum
2466 2966 2658 3028 adhuc
2687 2967 2880 3029 futura
2907 2968 2983 3030 sit
3038 2970 3419 3045 resurrectio,
3470 2971 3550 3032 ait
3585 2990 3600 3034 :
3658 2971 3777 3033 Eos

405 3049 590 3129 φησὶν,
623 3047 749 3128 οὒχὶ
777 3048 1061 3127 προσθήσει
1090 3057 1182 3107 τοῦ
1210 3047 1497 3139 ἀναστῆναι
1531 3067 1549 3128 ;
1601 3075 1623 3105 ι
1682 3075 1705 3107 ι
1752 3047 1883 3109 Τοὺς
1929 3067 2049 3102 κοι-

2140 3054 2238 3136 qui
2261 3053 2731 3130 obdormierunt,
2750 3058 3072 3120 ostendo-ns
3091 3059 3267 3122 etiam
3290 3059 3445 3139 quod
3473 3059 3549 3120 sit
3572 3076 3777 3122 resur-

405 3138 674 3214 μηθὲντας
702 3134 787 3193 διὰ
813 3146 906 3197 τοῦ
934 3134 1132 3204 Ἰησοῦ.
1169 3157 1191 3187 I
1249 3132 1307 3194 FH
1336 3136 1421 3193 δια
1462 3144 1555 3195 τοῦ
1606 3136 1805 3204 Ἰησοῦ.
1859 3162 1881 3193 ι
1917 3132 2049 3213 ἄξει,

2140 3132 2343 3206 restio.
2376 3165 2399 3201 α
2436 3142 2583 3204 Νυιη
2616 3145 2715 3226 qui
2746 3145 3066 3223 obdormit,
3092 3132 3458 3229 inquit,'non
3488 3148 3686 3222 addet,
3715 3154 3779 3209 ut

404 3228 490 3285 ὅτι
550 3231 580 3284 6
623 3228 744 3291 Υἱὸς
802 3225 973 3292 αἴτιος
1014 3228 1112 3294 τῆς
1156 3227 1516 3322 ἀναστάσεως,
1576 3228 1657 3283 ναὶ
1697 3225 1791 3283 τοῦ
1832 3224 2050 3307 ὀφθῆναι

2140 3239 2401 3311 resurgat
2474 3255 2498 3322 ιι
2524 3224 2759 3315 Εοείιυί
2780 3224 3556 3317 obdormieruntperJesum
3581 3235 3774 3298 addu-

403 3320 553 3393 ἡμᾶς
596 3323 677 3391 τῷ
705 3314 973 3394 προσώπῳ
1000 3322 1092 3373 τοῦ
1150 3317 1375 3396 Πατρός.
1444 3312 1523 3396 Ἠ,
1582 3316 1704 3379 τοὺς
1761 3312 2052 3390 κοιμηθέν-

406 3430 507 3471 τας
537 3403 625 3463 διά
649 3411 743 3461 τοῦ
785 3401 983 3482 Ἰησοῦ,
1013 3404 1272 3477 τουτέστι,
1304 3406 1421 3469 τοὺς
1456 3404 1509 3461 ἐν
1560 3405 1733 3461 πίστει
1790 3413 1881 3462 τοῦ
1938 3400 2054 3469 ἰη-

402 3505 500 3556 τοῦ
526 3486 880 3571 κοιμηθέντας
934 3491 1070 3566 ἄξει,
1110 3494 1263 3574 φησὶ,
1320 3492 1610 3565 τουτέστιν,
1669 3492 1706 3562 ἢ
1763 3494 1834 3558 εἰς
1889 3490 2054 3571 πρόσ-

406 3608 558 3643 ωπον
588 3581 750 3663 ἴδιον,
782 3582 818 3651 ἢ
877 3584 950 3647 εἷς
993 3584 1053 3639 τὸ
1096 3576 1409 3649 ἀναστῆναι,
1461 3583 1522 3640 Τί
1575 3581 1689 3661 οὖν,
1745 3580 1891 3637 εἴποι
1946 3602 2051 3655 τις,

404 3678 482 3732 ὡ)
551 3676 682 3753 πρὸς
752 3673 849 3740 τὴν
903 3670 1145 3752 δευτέραν
1211 3672 1485 3749 ἐξήγησιν,
1557 3672 1749 3750 μερικὴ
1819 3669 1964 3727 ἔσται
2019 3668 2057 3738 ἢ

412 3764 729 3834 ἀνάστασις,
800 3762 871 3827 ὼς
926 3768 1033 3819 τῶν
1092 3761 1325 3818 ἀπίστων
1368 3760 1446 3835 μὴ
1501 3759 1912 3838 ἀνισταμένων,
1985 3761 2058 3817 Ού

406 3860 589 3931 τοῦτο,
620 3850 742 3908 ἀλλ’
786 3849 866 3906 ὅτι
913 3850 1106 3914 πάντες
1158 3851 1256 3926 μὲν
1310 3850 1715 3923 ἀναστήσονται,
1761 3851 1821 3906 οὔ
1862 3849 2056 3911 πάντες

409 3940 467 3996 δὲ
539 3940 892 4020 ἀχθήσονται³
954 3939 1027 3996 Τὸ
1226 3936 1483 4018 ἀχθῆναι,
1528 3938 1626 4005 τὴν
1696 3938 1830 4013 μετὰ
1894 3941 2056 4013 τιμῆς

408 4031 748 4107 πανταχόθεν
801 4025 856 4082 ἐν
922 4024 1167 4105 νεφέλαις
1226 4026 1470 4106 ἁρπαγὴν
1528 4026 1617 4081 καὶ
1672 4024 1891 4104 ἀγωγὴν
1957 4024 2055 4091 τὴν

408 4121 543 4196 πρὸς
573 4119 665 4174 τὸν
692 4116 876 4196 κριτὴν
907 4113 1089 4183 δηλοῖ.
1124 4117 1183 4173 Οἱ
1225 4115 1322 4190 μὲν
1352 4116 1451 4194 γὰρ
1479 4116 1656 4172 πιστοὶ
1697 4117 1785 4172 καὶ
1813 4117 1906 4172 οὒκ
1934 4113 2056 4170 ἐπί-

410 4207 647 4265 πλαστον
677 4206 894 4286 ἔχοντες
923 4214 1076 4264 τοῦτο
1131 4206 1191 4260 τὸ
1239 4202 1425 4278 ὄνομα,
1477 4203 1532 4260 ἐν
1584 4203 1823 4285 νεφέλαις
1879 4205 2055 4284 ἁρπα-

2136 3328 2231 3383 cet
2259 3340 2389 3383 cum
2422 3320 2545 3383 illo.
2587 3344 2610 3379 ι)
2647 3323 2761 3384 Aut
2792 3342 2896 3404 per
2941 3323 3144 3386 Jcsum
3175 3326 3452 3401 adducet,
3490 3325 3647 3407 quod
3682 3325 3777 3387 Fi-

2135 3409 2253 3472 lius
2309 3429 2484 3472 causa
2533 3410 2609 3471 sit
2664 3414 3147 3494 resurrectionis,
3236 3422 3292 3475 et
3351 3423 3412 3475 ut
3470 3414 3778 3475 videamus

2136 3498 2348 3560 faciem
2382 3498 2593 3561 Patris.
2626 3498 2740 3559 Aut
2782 3499 2883 3580 qui
2934 3500 3384 3563 obdormierunt
3415 3519 3521 3581 per
3546 3500 3773 3574 Jesum,

2139 3586 2251 3649 hoc
2274 3593 2385 3661 est,
2413 3605 2514 3648 eos
2539 3586 2638 3666 qui
2665 3586 2723 3647 in
2749 3587 2864 3647 ﬁde
2882 3587 3020 3650 Jesu
3035 3588 3775 3659 obdormieruntadducet,

2138 3675 2239 3749 ait,
2276 3683 2414 3755 puta
2440 3684 2576 3735 ante
2609 3675 2817 3736 faciem
2849 3692 3042 3751 suam,
3098 3683 3198 3737 aut
3237 3676 3308 3738 ad
3341 3677 3452 3738 hoc
3485 3683 3546 3738 ut
3572 3693 3773 3737 resur-

2138 3774 2298 3845 gant.
2359 3762 2509 3835 Quid
2568 3762 2767 3842 igitur,
2841 3762 2999 3826 dicat
3070 3764 3306 3846 aliquis,
3369 3773 3644 3846 tanquam
3703 3763 3776 3825 ad

2140 3852 2461 3915 secundam
2496 3852 2649 3913 hanc
2705 3853 3174 3929 enarrationem,
3238 3873 3310 3915 an
3371 3854 3637 3936 partialis
3668 3852 3782 3915 erit

2138 3940 2519 4015 resurrectio,
2582 3949 2785 4022 utpote
2844 3940 3168 4005 incredulis
3233 3962 3351 4005 non
3409 3943 3776 4023 resurgenti-

2140 4029 2297 4093 bus?
2328 4031 2457 4093 Non
2491 4030 2601 4091 hoc
2632 4029 2770 4111 erit,
2797 4031 2902 4091 sed
2931 4050 3141 4093 omnes
3171 4031 3410 4113 quidem
3446 4047 3777 4112 resurgent,

2139 4138 2341 4181 verum
2394 4138 2510 4179 non
2566 4136 2779 4181 omnes
2837 4119 3229 4182 adducentur.
3300 4123 3429 4182 I73
3487 4123 3634 4185 Nam
3669 4121 3777 4181 ad-

2139 4206 2276 4268 duci
2334 4206 2625 4286 signiﬁcat
2680 4216 2909 4287 raptum
2970 4216 3027 4269 et
3083 4208 3485 4270 inductionem
3519 4209 3782 4290 undique

411 4298 670 4376 γῆσονται
696 4298 770 4359 εἰς
812 4295 1109 4362 ἀπάντησιν
1156 4300 1248 4351 τοῦ
1302 4300 1545 4374 Χριστοῦ.
1606 4296 1665 4351 Οἱ
1721 4290 1775 4348 δὲ
1819 4293 2050 4367 ἄπιστοι,

2140 4297 2197 4356 in
2234 4294 2488 4356 nubibus
2527 4315 2662 4358 cum
2697 4297 2923 4358 honore
2952 4296 3021 4357 ad
3047 4297 3336 4377 iudicem.
3373 4299 3607 4362 Etenim
3642 4317 3777 4359 cre-

406 4391 557 4447 κάτω
608 4396 973 4481 περιμενοῦσιν
1030 4388 1187 4444 αὺτὸν
1242 4386 1590 4483 ἐρχόμενονκ,
1626 4386 1703 4462 μὴ
1759 4385 2050 4462 ἀξιούμενοι

2140 4384 2347 4447 dentes
2378 4393 2435 4446 et
2466 4384 2567 4465 qni
2599 4385 2710 4446 hoc
2761 4405 2976 4447 nomen
3038 4386 3097 4446 in
3162 4388 3323 4449 nullo
3382 4387 3641 4450 fucatum
3675 4387 3778 4448 ba-

405 4480 730 4545 ὓπαντῆσαι.
784 4474 885 4536 ⁷ἰνα
934 4479 985 4533 τί
1027 4477 1126 4556 γὰρ
1184 4476 1260 4550 μὴ
1319 4474 1497 4550 εἶπεν,
1564 4474 1662 4535 ’ἰνα
1718 4479 2053 4553 τιμωρηθῆτε

404 4568 482 4632 ὡς
539 4567 621 4642 μὴ
678 4565 1061 4645 ὁμολογοῦντες
1108 4565 1392 4622 ἀνάστασιν
1424 4582 1442 4645 ς
1475 4634 1500 4645 _
1536 4571 1580 4621 Η
1632 4566 1706 4627 ὡς
1772 4562 2051 4643 ὡμολογη-

405 4657 570 4732 μένον
599 4663 757 4713 τοῦτο
786 4655 1056 4734 παρείασε,
1102 4655 1189 4711 καί
1229 4675 1414 4736 φησιν,
1475 4634 1578 4712 ⁹ἶνα
1629 4654 1706 4729 μὴ
1764 4653 1899 4747 per}
1958 4657 2057 4719 τῆς

405 4747 668 4822 τιμωρίας
710 4750 808 4812 τῆς
837 4744 977 4823 ἐκεῖ,
1008 4746 1094 4800 καὶ
1146 4743 1213 4799 τὰ
1267 4742 1485 4799 ὲντᾶὗθα
1539 4740 1797 4809 λυπῆσθε,
1862 4740 1918 4798 Ἠ
1977 4740 2057 4798 ὅτι

405 4841 475 4912 τῇ
506 4834 608 4910 μὲν
639 4832 916 4889 ἀναστάσει
946 4834 1040 4889 ο’›κ
1068 4832 1344 4904 ἠπίστουν,
1394 4828 1503 4911 (καὶ
1531 4828 1692 4897 δηλοῖ
1718 4831 1778 4886 τὸ
1806 4832 1923 4909 περὶ
1951 4837 2056 4889 τιῦν

404 4923 621 5003 γράνων
650 4921 833 4987 αὐτοὺς
863 4919 1217 5000 ἀμφιϐάλλειν
1273 4919 1402 5000 ὅπερ
1451 4919 1599 4976 κάτω
1653 4918 1859 5000 φησὶν),
1920 4918 2057 4976 ἀλλά

404 5012 573 5083 μόνον
601 5007 903 5086 ἠδημόνουν
934 5010 1017 5066 ἐπὶ
1046 5022 1162 5074 τοῖς
1191 5007 1528 5064 τελευτῶσιν.

2136 4472 2300 4547 bent,
2332 4472 2391 4533 in
2420 4473 2677 4534 nubibus
2703 4473 2933 4535 obviam
2952 4476 3188 4536 Christo
3214 4475 3545 4555 rapientur:
3589 4475 3783 4536 incre-

2140 4562 2262 4624 duli
2295 4581 2430 4623 vero
2462 4562 2738 4623 deorsum
2799 4564 3226 4643 exapeclabunt
3282 4565 3473 4645 ipsum
3535 4562 3773 4625 venien-

2141 4658 2282 4724 tem,
2308 4650 2536 4729 indigni
2563 4651 2663 4731 qui
2683 4663 3014 4713 occurrant.
3073 4652 3266 4724 Q-nare
3293 4652 3449 4713 enim
3476 4671 3591 4713 non
3610 4650 3774 4713 dixit.

2139 4736 2215 4801 Ut
2245 4757 2447 4817 ρωπος
2478 4738 2631 4801 detis
2663 4747 2939 4822 tanquam
2973 4740 3074 4822 qui
3111 4760 3223 4799 non
3259 4739 3623 4801 conﬁtemini
3680 4757 3779 4799 re-

2138 4828 2575 4890 surrectionem
2609 4828 2639 4888 ?
2689 4831 2801 4890 Aut
2838 4837 3109 4910 tanquam
3145 4828 3199 4887 id
3234 4828 3386 4908 quod
3422 4829 3478 4888 in
3512 4828 3782 4889 confesso

2140 4924 2264 4979 erat
2296 4918 2407 4978 hoc
2442 4917 2839 4998 praetermisit,
2872 4927 2930 4977 et
2958 4918 3070 4978 ait:
3139 4915 3207 4979 Ut
3259 4935 3372 4977 non
3403 4936 3537 4978 cum
3590 4917 3785 4977 loturo

2138 5005 2432 5086 supplicio
2466 5007 2642 5067 etiam
2676 5009 2749 5068 de
2782 5004 3175 5087 prmsentibus
3199 5005 3469 5081 lugentis.
3494 5005 3783 5087 Autquod

408 5098 489 5160 de
516 5097 969 5185 resurrectione
999 5096 1238 5185 quidem
1272 5113 1391 5185 non
1422 5092 1766 5185 difﬁdebant
1800 5093 1882 5175 (et
1917 5094 2027 5185 hoc
2061 5094 2285 5185 indicat
2319 5094 2472 5175 quod
2512 5095 2622 5175 ipsi
2656 5095 2730 5157 de
2762 5095 3130 5175 temporibus
3182 5091 3580 5173 ambigebant,
3634 5097 3788 5177 quod

406 5182 662 5250 inferius
689 5187 818 5267 ait),
855 5186 958 5249 sed
991 5184 1180 5248 solum
1213 5182 1468 5265 graviter
1497 5182 1870 5260 angebantur
1899 5184 1973 5246 ob
2005 5203 2109 5248 eos
2141 5183 2239 5266 qui
2276 5193 2671 5246 morerentur.

492 5301 518 5332 ι
569 5282 735 5335 Τοῦτο
780 5277 887 5355 γὰρ
942 5278 1070 5352 ὑμῖν
1127 5275 1356 5354 λέγομεν
1400 5273 1455 5330 ἐν
1513 5272 1658 5352 λόγῳ
1702 5274 1910 5354 κυρίου,
1968 5273 2050 5331 ὅτι

401 5369 572 5442 ἡμεῖς
630 5368 675 5422 οἱ
728 5368 920 5437 (iure;
976 5368 1024 5421 οἱ
1071 5364 1497 5445 περιλειπόμενοι
1543 5365 1614 5429 εἷς
1682 5364 1781 5432 τὴν
1846 5386 2050 5443 παρου-

403 5456 524 5512 σίαν
579 5461 673 5511 τοῦ
744 5454 950 5534 Κυρίου),
1026 5456 1086 5511 οὔ
1158 5454 1236 5528 μὴ
1311 5452 1595 5532 φθάσωμεν
1670 5453 1791 5515 τοὺς
1848 5474 2050 5528 κοιμη-

400 5542 612 5607 θέντας,
659 5540 739 5597 ὅτι
794 5542 949 5605 αὒτὸς
1006 5545 1033 5599 6
1081 5543 1264 5620 Κύριος
1337 5539 1391 5595 ἐν
1447 5537 1763 5614 κελεύσματι
1821 5538 1876 5595 ἐν
1932 5564 2049 5621 φω-

406 5638 472 5709 νῇ
556 5630 897 5712 ἀριαγγέλου
963 5634 1050 5689 καὶ
1118 5631 1174 5691 ἐν
1232 5627 1485 5710 σάλπιγγι
1557 5634 1690 5684 Θεοῦ
1746 5626 2050 5700 καταϐήσε-

2214 5271 2312 5337 lV.
2338 5275 2549 5336 15-17.
2580 5272 2706 5335 lloc
2726 5274 2893 5356 enim
2920 5271 3084 5335 vobis
3097 5270 3359 5336 dicimus
3387 5274 3451 5335 in
3480 5271 3658 5335 rerbo
3674 5274 3789 5335 Do-

2135 5362 2316 5445 mini,
2336 5364 2490 5444 quod
2510 5380 2617 5425 nos
2638 5365 2745 5443 qui
2770 5363 3030 5424 vicimus
3045 5368 3153 5443 qui
3170 5362 3577 5446 relinquimur
3595 5364 3657 5424 in
3683 5363 3795 5424 ad.

2135 5459 2380 5515 ventum
2408 5452 2679 5522 Domini,
2704 5466 3087 5531 nequaquam
3108 5455 3557 5531 prwveniemus
3570 5468 3665 5514 eos
3688 5454 3789 5530 qui

2135 5539 2382 5603 obdorm
2393 5542 2593 5603 ierunt
2630 5542 2923 5616 Quoniam
2943 5542 2963 5602 ἰ
2963 5559 3067 5621 pse
3082 5541 3379 5605 Dominus
3391 5544 3635 5620 injussu
3648 5548 3704 5603 et
3720 5540 3790 5602 in

2136 5646 2274 5694 voce
2293 5630 2646 5712 archangeli
2667 5649 2739 5695 ac
2760 5632 2825 5694 in
2848 5629 2991 5695 tuba
3031 5632 3146 5695 Dei
3182 5630 3491 5696 descendet
3518 5629 3594 5692 de
3616 5627 3781 5711 cazlo,
