4140 6212
303 244 386 310 93
1284 251 1672 318 COMMENT.
1721 254 1804 317 IN
1850 251 2089 316 EPIST.
2138 252 2165 314 Ι
2206 252 2308 316 ΑΙ)
2351 250 2718 318 THESSAL.
3603 244 3681 312 94

298 403 492 461 πιγγες
522 383 820 463 ἠχήσουσι.
871 383 1181 463 Σάλπιγγας
1224 382 1279 440 δὲ
1319 384 1480 443 καλεῖ
1533 385 1629 449 τὰς
1671 387 1920 466 ἀγγελικᾶ

2004 386 2235 466 tspersi
2263 395 2426 463 sunt,
2456 387 2516 449 in
2565 405 2750 450 unum
2808 393 3262 467 congregemur,
3313 382 3508 463 angeli
3537 400 3681 465 per-

298 468 574 546 δυνάμεις,
629 471 712 529 ὅτι
774 472 953 552 ὥσπερ
1021 475 1058 542 ἡ
1117 471 1341 551 σάλπιγξ
1395 472 1541 530 οὐδὲν
1596 473 1733 532 ἴδιον
1796 476 1920 556 ἠχεῚ

2042 474 2248 538 ﬁciunt
2263 474 2512 555 jubente
2534 476 2647 539 hoc
2670 476 3065 556 Archangeto.
3095 496 3117 531 ι
3148 474 3312 537 Acin
3347 472 3483 535 tuba
3507 472 3636 535 Dei.
3652 495 3675 530 ι)

295 557 417 615 ἀλλ’
450 559 584 641 ὅπερ
614 560 678 618 ἂν
708 564 737 619 ὁ
764 563 1017 642 τεχνίτης
1068 562 1358 639 ἰμπνεύσῃ,
1420 562 1584 628 οὕτως
1626 567 1715 622 καὶ
1771 569 1824 623 αἱ
1865 588 1920 623 το

2038 562 2258 627 Harum
2288 583 2434 626 sane
2463 563 2736 629 tubarum
2770 572 2947 647 typus
2993 572 3161 627 erant
3188 581 3321 645 qua
3348 562 3591 625 fuerunt
3620 561 3680 623 in

295 655 431 706 Θεοῦ
473 648 770 730 σάλπιγγες
833 648 983 708 ούδὲν
1040 649 1180 709 ἴδιον
1230 650 1501 728 τολμῶσιν
1551 653 1785 733 ἦχῆσαι,
1832 653 1920 711 ἀλλ

2036 661 2239 717 monte
2260 652 2424 717 Sina.
2449 654 2684 717 Etenim
2718 662 2993 735 tanquam
3010 652 3519 735 appropinquante
3541 668 3681 729 rege

294 735 428 817 ὅπερ
486 736 523 795 ἃ
591 741 767 805 κοινὸς
847 741 1123 808 Δεσπότης
1192 743 1280 798 καί
1338 744 1669 823 Δημιουργὸς
1720 741 1806 799 διὰ
1863 765 1920 800 το

2037 743 2250 805 merito
2270 753 2327 804 tu
2339 742 2426 806 bin
2439 750 2744 807 resonant.
2786 742 2983 807 Tubas
2997 750 3190 806 autem
3205 739 3679 818 vocatangelicas

292 825 644 907 ἀρχαγγέλου
683 829 871 892 αύτοϊς
902 828 1212 909 ἒγκελεύσῃ.
1249 850 1273 882 I
1306 834 1406 889 Καὶ
1448 834 1496 889 οἱ
1539 832 1709 912 νεκροὶ
1737 831 1792 889 ἐν
1821 839 1917 912 Χρι

2038 839 2382 913 potestates,
2414 832 2573 914 quod
2622 832 3123 915 quemadmodum
3173 829 3313 892 tuba
3343 828 3492 891 nihil
3521 829 3677 909 quod

294 923 430 991 στῷ.
495 939 522 972 ι
585 921 647 977 οἱ
688 918 742 975 ἐν
798 926 1033 999 Χριστῷ,
1073 920 1363 997 τουτέστιν,
1408 923 1456 979 0i
1501 922 1699 1001 πιστοὶ,
1744 928 1920 1001 πρῶτο

2035 938 2204 983 suum
2237 929 2327 983 est
2355 921 2604 993 intonat,
2638 920 2742 982 sed
2795 920 3190 1002 quodcunque
3243 917 3449 980 artifex
3481 917 3674 977 insuf-

289 1004 708 1088 ἀναστήσονται,
741 1011 789 1064 οἱ
817 1005 872 1063 δὲ
902 1007 1079 1066 λοιποὶ
1107 1008 1354 1090 ἔσχατοι,
1386 1011 1459 1074 ὡς
1492 1011 1569 1088 μὴ
1596 1010 1917 1091 ἁρπάζεσθαι

2035 1009 2263 1072 ﬂaverit
2295 1028 2308 1072 :
2343 1010 2421 1072 ita
2452 1020 2511 1072 et
2539 1010 2647 1073 Dei
2708 1008 2862 1072 tuhze
2920 1008 3067 1071 nihil
3127 1007 3429 1088 pr0prium
3465 1024 3677 1067 sonare

288 1094 433 1182 μήτε
445 1094 707 1182 ,ἀπαντᾷν
749 1094 1057 1172 μέλλοντες.

2035 1108 2417 1179 praesumunt,
2451 1099 2553 1161 sed
2587 1099 2873 1182 quidquid
2926 1096 3260 1160 communis
3292 1096 3574 1157 Dominus
3607 1113 3674 1156 ac

287 1180 584 1245 Conditor
615 1202 725 1265 per
745 1185 1271 1267 archangelumeis
1292 1186 1666 1269 praeceperit.
1706 1209 1729 1245 α
1756 1186 1828 1250 Et
1846 1186 2063 1251 mortui
2089 1188 2151 1250 in
2180 1188 2439 1251 Christo.
2480 1217 2501 1245 υ
2527 1180 2637 1262 Qui
2660 1189 2718 1249 in
2746 1190 2976 1251 Christo
3002 1194 3165 1263 sunt,
3194 1212 3219 1242 ο
3250 1187 3304 1247 id
3330 1192 3441 1263 est,
3467 1184 3672 1247 ﬁdeles

284 1270 499 1369 primq
516 1281 858 1369 resurgent,
892 1277 1092 1340 caeteri
1121 1295 1266 1341 vero
1297 1277 1583 1359 postremi
1604 1284 1885 1360 tanquam
1917 1296 2036 1339 non
2068 1278 2569 1369 rapiendiineque
2598 1277 2829 1340 obviam
2862 1276 3116 1369 venturi.

374 1388 396 1419 α
468 1362 681 1420 Ἔπειτα
721 1366 884 1438 ἡμεῖς
926 1369 972 1422 οἱ
1022 1373 1236 1437 ζῶντες,
1287 1388 1314 1420 ε
1362 1368 1506 1424 Μετά
1559 1375 1738 1434 τοῦτο,
1784 1370 1920 1447 φησὶ

2109 1367 2244 1428 I75
2272 1390 2295 1425 ε
2332 1367 2559 1431 Deinde
2588 1387 2696 1429 nos
2726 1370 2825 1448 qui
2881 1366 3151 1430 vivimus.
3195 1391 3218 1421 υ
3257 1362 3666 1437 Postmodum,

282 1453 375 1506 καὶ
443 1451 553 1509 τῶν
610 1454 822 1524 ζώντων
873 1455 961 1511 καὶ
1007 1455 1536 1534 περιλιμπανομένων
1591 1455 1707 1514 ὅσοι
1777 1453 1920 1523 ἄξιοι⁴

2020 1455 2235 1537 inquit,
2274 1466 2566 1538 quotquot
2606 1456 2763 1518 inter
2789 1456 3052 1517 viventes
3081 1454 3243 1535 digni
3276 1453 3559 1516 fuerimus
3590 1455 3667 1516 si-

283 1540 401 1614 ἆμα
459 1555 577 1608 τοῖς
659 1542 1191 1621 προτετελευτηκόσιν
1270 1545 1708 1627 ἁρπαγησόμεθα,
1785 1546 1914 1627 φησί

2024 1545 2143 1606 mul
2173 1564 2305 1607 cum
2339 1545 2430 1607 his
2459 1547 2556 1627 qui
2584 1554 2755 1608 antea
2787 1548 2997 1607 mortui
3047 1545 3304 1618 fuerant,
3335 1542 3660 1624 rapiemur.

284 1629 376 1696 Μὴ
448 1629 556 1717 οὖν.
604 1633 860 1708 νομίσητε
899 1635 1021 1699 τοὺς
1063 1635 1276 1714 νεκροὺς
1325 1633 1771 1717 δυσχερεστέρως,
1806 1635 1920 1715 ἑγεί

2022 1636 2230 1715 Neque
2248 1634 2429 1715 igitur
2446 1634 2800 1697 existimetis
2825 1642 3088 1696 mortuos
3129 1632 3431 1696 difﬁcilius
3455 1650 3665 1694 resur-

280 1722 491 1796 ρεσθαι,
540 1711 604 1777 Ἢ
635 1696 735 1801 γάρ
1007 1696 1121 1800 εἷμα
1158 1696 1331 1786 ἔσται.
1371 1743 1392 1772 ι
1420 1696 1549 1782 ’Μ’ὲν
1592 1696 1859 1804 νεέρέλάιςῖ
1908 1748 1920 1780 l

2020 1696 2331 1803 reciurosv;
2357 1722 2531 1783 simul
2558 1721 2718 1784 enim
2736 1722 2849 1785 erit
2871 1722 3138 1784 omnium
3162 1729 3385 1802 raptus.
3407 1743 3430 1779 ε
3447 1720 3510 1782 In
3545 1740 3661 1782 nu-

276 1806 372 1864 Ἐν
400 1815 484 1883 τῷ
508 1819 604 1869 τοῦ
645 1818 775 1867 Θεοῦ
829 1812 1097 1891 ὀχήματι.
1151 1814 1250 1871 Καὶ
1300 1815 1400 1893 γὰρ
1455 1815 1543 1870 καὶ
1583 1815 1674 1870 τὸν
1715 1815 1920 1894 Χριστὸ·

2020 1809 2194 1872 bibus
2230 1810 2326 1873 uln
2345 1810 2448 1872 Dei
2464 1811 2755 1874 vehiculo.
2775 1809 3077 1892 Siquidem
3107 1809 3403 1875 Christum
3430 1828 3663 1891 quoque

276 1894 479 1975 νεφέλη
521 1897 804 1961 ὑπέλαϐεν.
837 1902 895 1958 Εἰ
925 1900 1171 1980 ἔρχεσθαι
1227 1899 1283 1957 δὲ
1330 1900 1537 1977 μέλλει,
1595 1903 1645 1959 τί
1685 1900 1750 1973 δή
1808 1925 1920 1959 ποτε

2020 1898 2629 1980 ηυὺρεεεευιῐιρεὶιίι.
2664 1899 2879 1962 Verum
2892 1899 2941 1961 si
2960 1908 3243 1963 venturus
3265 1907 3374 1968 est,
3402 1901 3460 1959 in
3483 1917 3659 1979 quem

273 1985 603 2070 ἀρπάζονται
645 1991 693 2045 oi
720 1990 898 2046 πιστοί
918 2009 936 2070 ;
960 1989 1054 2046 ἳνα
1082 1991 1445 2061 ὑπαντήσωσι⁶
1479 1995 1643 2067 τιμῆς
1674 1990 1729 2048 δὲ
1756 2001 1920 2052 τοῦτο.

2018 1987 2198 2050 tinem
2232 1989 2548 2068 rapiuntur
2577 1987 2830 2052 ﬁdeles?
2854 1989 2926 2051 Ut
2953 1994 3306 2068 occurrant;
3341 1995 3430 2048 est
3461 1996 3658 2048 autem

277 2055 483 2156 ι’ὧσπερ
515 2077 617 2155 γὰρ
645 2076 905 2154 βασιλέως
918 2055 1007 2143 ἐίς
1035 2078 1191 2137 πόλιν
1222 2055 1622 2160 εἰσερχομένου,
1653 2084 1700 2138 0i
1730 2081 1826 2157 μὲν
1856 2081 1937 2139 ἓν·

270 2185 422 2239 τιμοι
464 2166 789 2238 ὑπαντῶσιν,
839 2171 887 2226 οἱ
928 2166 985 2225 δὲ
1016 2167 1288 2227 κατάδικοι
1320 2168 1423 2226 ἔσω
1465 2170 1678 2245 μένουσι
1706 2173 1797 2228 τὸν
1824 2194 1935 2251 κρι-

272 2252 400 2334 τὴν,
446 2252 591 2312 οῧτω
616 2258 705 2313 καὶ
726 2256 847 2313 τότε
889 2260 936 2315 oi
990 2258 1085 2333 μὲν
1143 2256 1331 2315 δικαίοι
1387 2258 1726 2338 ἀρπάζονται,
1787 2262 1834 2317 οἱ
1877 2257 1932 2316 δὲ

275 2342 610 2420 ἁμαρτωλοὶ,
642 2343 739 2402 κᾶν
769 2347 947 2405 πιστοὶ
975 2348 1099 2421 ὦσι,
1131 2346 1395 2422 μένουσιν.
1427 2365 1449 2396 ι
1475 2349 1564 2411 Εἷς
1594 2345 1743 2427 ἀέρα.
1782 2376 1808 2410 ››
1834 2350 1933 2405 Διὰ

234 2500 237 2503 _
403 2430 641 2511 νεφελῶν
682 2434 756 2497 εἰς
795 2433 924 2515 ἀέρα
978 2433 1380 2510 ἀπελεύσονται,
1425 2434 1687 2515 τουτέστι,
1721 2435 1929 2511 μετέω-

274 2540 381 2596 ροι.
435 2545 459 2578 ε
498 2522 731 2578 Πάντοτε
761 2523 854 2579 σὺν
885 2526 1058 2603 Κυρίῳ
1108 2523 1355 2599 ἐσόμεθα.
1392 2545 1420 2578 ι)
1465 2524 1604 2581 Εἶτα
1654 2523 1797 2602 λέγει
1839 2532 1928 2585 καὶ

269 2608 373 2674 τὴν
403 2607 666 2687 κορωνίδα
707 2616 805 2678 τῆς
838 2612 1255 2691 μακαριότητος,
1288 2613 1349 2668 τὸ
1397 2612 1540 2669 εἶναι
1583 2613 1675 2668 σὺν
1719 2617 1928 2692 Χριστῷ

2016 2076 2130 2138 hoc
2149 2076 2412 2139 honoris.
2431 2077 2940 2151 Quemad.nodum
2958 2076 3117 2138 enim
3139 2074 3279 2138 dum
3306 2094 3407 2137 rex
3449 2074 3658 2137 civita-

2017 2174 2134 2228 tem
2168 2164 2382 2247 aliqam
2418 2166 2773 2247 ingreditur,
2822 2166 2921 2226 alii
2967 2166 3208 2246 quidem
3241 2165 3427 2243 parati
3460 2183 3662 2226 occur-

2015 2264 2174 2323 runt.
2202 2255 2302 2317 alii
2326 2274 2463 2319 vero
2485 2257 2741 2319 damnati
2769 2257 3033 2336 judicem
3076 2255 3234 2317 intus
3266 2262 3607 2335 exspectant
3639 2274 3652 2315 :

2014 2344 2093 2407 ita
2114 2354 2173 2407 et
2198 2346 2496 2426 tuncjusti
2519 2354 2867 2427 rap'entur:
2901 2354 3242 2427 peccatores
3271 2363 3431 2419 vero,
3464 2362 3657 2425 quan-

2013 2452 2189 2515 quam
2209 2434 2670 2515 ﬁdelesfuerint,
2695 2433 3141 2516 exspectabunt.
3175 2458 3197 2491 α
3225 2432 3290 2494 In
3314 2451 3474 2495 aera.
3501 2457 3524 2492 ε
3552 2436 3661 2494 l’er

2013 2522 2202 2585 nubes
2226 2542 2485 2605 namque
2511 2524 2570 2586 in
2588 2543 2787 2586 aerem
2813 2524 3182 2604 pervenient,
3209 2523 3322 2584 hoc
3340 2530 3451 2597 est,
3475 2521 3657 2583 subli-

2011 2631 2158 2677 mes.
2193 2636 2215 2669 ι
2241 2611 2638 2694 Sempercum
2658 2613 2907 2677 Domino
2929 2613 3171 2675 erimus.
3201 2636 3223 2671 ι
3243 2612 3471 2674 Deinde
3491 2612 3654 2673 addit

269 2697 529 2759 πάντοτε.
579 2733 654 2745 —
698 2699 904 2781 [ΦΩΤ.]
978 2698 1317 2772 Ἐπιστήσεις
1373 2701 1427 2758 δὲ
1455 2701 1536 2759 ὅτι
1565 2702 1663 2769 τὴν
1689 2702 1920 2759 ἀναστα-

2009 2709 2067 2762 et
2092 2701 2390 2763 felicitatis
2419 2702 2791 2783 coronidem,
2825 2721 3040 2782 nempe
3088 2721 3332 2783 semper
3359 2720 3491 2763 esse
3520 2721 3654 2762 cum

265 2807 351 2841 σιν
392 2785 721 2869 διαγράφων,
783 2794 876 2849 ούκ
919 2788 1155 2866 ἐμνήσθη
1213 2790 1385 2869 ῥητῶς
1440 2798 1547 2848 τῶν
1618 2789 1704 2848 ἐπὶ
1756 2814 1920 2868 τιμω‹

2005 2790 2259 2854 Christo.
2284 2825 2353 2835 —
2378 2791 2832 2854 Animadverles
2854 2800 3049 2854 autem
3074 2792 3229 2873 quod
3264 2790 3656 2853 resurrectio-

262 2876 382 2952 ρίαν
451 2878 542 2934 καὶ
598 2878 815 2936 κόλασιν
871 2878 1256 2956 ἀνισταμένων.
1314 2889 1478 2939 Τοῦτο
1532 2878 1588 2936 δὲ
1652 2878 1736 2936 διὰ
1775 2894 1920 2961 τρεῖς

2006 2898 2141 2941 nem
2189 2880 2536 2943 describens
2596 2882 2816 2944 nullam
2874 2881 3014 2943 fecit
3053 2890 3256 2961 aperte
3285 2880 3647 2944 mentionem

263 2966 461 3042 αἶτίας,
494 2967 680 3043 οἶμαι,
708 2982 877 3027 ποιεῖ.
911 2969 1126 3048 Πρῶτον
1164 2970 1263 3044 μὲν
1319 2968 1399 3025 ὅτι
1454 2970 1919 3046 παραμυθούμενος

2006 2987 2210 3031 eorum
2241 2970 2339 3050 qui
2372 2971 2444 3032 ad
2481 2972 2836 3052 supplicium
2899 2980 2955 3033 et
2985 2971 3271 3033 ultionem
3302 2979 3642 3046 resurgunt.

259 3055 386 3116 τοὺς
414 3055 848 3131 Θεσσαλοειικεῖς,
910 3058 1012 3125 τὴν
1064 3057 1402 3123 ἀναστάσεως
1461 3058 1802 3134 μνημονεύει.
1848 3060 1920 3117 0’;

2004 3057 2065 3119 Id
2099 3068 2294 3120 autem
2328 3060 2404 3123 ob
2437 3070 2581 3137 tres,
2617 3072 2681 3123 ut
2710 3062 2945 3142 Opinor,
2969 3077 3176 3125 causas
3196 3058 3354 3122 facit.
3381 3057 3641 3121 Primum

261 3142 402 3199 θέλω
472 3144 575 3224 γὰρ
642 3146 801 3221 ὑμᾶς,
901 3148 1055 3228 φησὶ,
1139 3148 1257 3227 περὶ
1325 3154 1430 3204 τῶν
1514 3146 1920 3223 κεκοιμημένων

2004 3147 2241 3228 quidem
2277 3148 2431 3228 quod
2466 3158 2529 3209 ut
2557 3149 3128 3213 Thessalonicenses
3155 3149 3515 3227 consoletur,
3546 3165 3649 3207 re-

262 3232 509 3311 ἆγνοεϊν,
552 3234 648 3292 ἵνα
692 3236 768 3311 μὴ
823 3235 1080 3305 λυπῆσθε.
1134 3241 1244 3297 Ούκ
1300 3235 1400 3294 ἔδει
1454 3236 1542 3294 οὖν
1584 3240 1917 3319 παραμυθεῖ-

2004 3236 2386 3298 surrectionis
2415 3239 2725 3301 meminit;
2752 3238 2897 3301 Nolo
2918 3239 3076 3300 enim
3102 3257 3204 3300 vos
3226 3238 3519 3317 ignorare,
3543 3237 3649 3316 ait,

260 3326 382 3378 σθαι
437 3322 729 3405 μέλλοντα,
771 3326 1145 3404 καταμιγνύειν
1213 3327 1280 3383 τὰ
1331 3325 1632 3406 σκυθρωπά.
1695 3328 1916 3390 Ποταπή

2004 3325 2075 3387 de
2104 3326 2199 3387 his
2228 3325 2327 3407 qui
2358 3325 2829 3402 obdormierunt,
2860 3347 2936 3390 ne
2973 3327 3301 3390 maereatis.
3335 3325 3463 3386 Non
3505 3342 3646 3402 ergo

260 3413 371 3491 γὰρ
440 3412 801 3496 παράκλησις,
890 3414 1117 3494 τιμωρία
1199 3417 1287 3472 καὶ
1353 3414 1571 3478 κόλασις
1645 3412 1912 3487 διηνεκὴς,

2004 3432 2133 3476 eum
2163 3417 2262 3497 qui
2287 3417 2752 3478 consultationem
2776 3426 2903 3479 erat
2919 3418 3228 3483 allaturus,
3266 3414 3454 3476 tristia
3508 3432 3646 3494 per-

259 3502 352 3557 καὶ
402 3502 621 3583 σκότος,
672 3505 760 3560 καὶ
815 3502 1049 3571 σκώληξ,
1112 3506 1201 3562 καὶ
1243 3511 1386 3585 πῦρς
1446 3502 1657 3561 Μᾶλλον
1696 3502 1793 3578 μὲν
1823 3504 1911 3561 οὗν

2004 3504 2251 3567 miscere
2283 3505 2562 3585 oportuit.
2619 3505 2819 3578 Qualis
2867 3506 3027 3567 enim
3072 3505 3281 3566 fuisset
3323 3503 3647 3565 consolatio

258 3590 304 3647 εί
362 3592 454 3647 καὶ
524 3591 689 3655 οὕτως
743 3592 987 3674 ἔγραφεν,
1060 3592 1321 3651 ἐπέτεινεν
1397 3592 1459 3651 ἂν
1528 3593 1627 3660 τὴν
1710 3591 1905 3673 λύπην,

256 3677 381 3736 ἀλλ’
410 3682 475 3738 οὗ
515 3681 841 3760 παρεκάλεσέ
868 3687 1027 3740 ποθεν
1056 3685 1148 3747 τὰς
1206 3684 1386 3763 ψυχὰς
1443 3683 1637 3742 αύτῶν.
1714 3684 1906 3741 Δεύτε-

255 3791 347 3846 ρον
401 3767 484 3843 ὂὲ,
516 3768 600 3826 ὅτι
630 3784 842 3835 πιστοῖς
883 3770 1125 3849 διηγεῖτο
1168 3773 1268 3839 τὴν
1306 3772 1589 3828 ἀνάστασιν
1675 3773 1906 3837 Εἰκότως

256 3865 349 3915 οὖν
390 3862 453 3917 ού
484 3860 803 3935 μνημονεύει
829 3861 938 3917 τῶν
989 3862 1059 3927 εἰς
1106 3861 1362 3940 τιμωρίαν
1419 3861 1904 3941 ἀπαχθησομένων.

255 3950 315 4004 Οἱ
370 3948 475 4025 γὰρ
526 3950 704 4004 πιστοὶ
752 3949 888 4005 κατά
936 3949 1030 4013 τὰς
1087 3947 1397 4013 δεσποτικὰς
1465 3948 1677 4016 ἐντολὰς
1747 3949 1909 4007 πολι-

255 4035 558 4110 τευόμενοι,
632 4034 876 4113 οὐδεμιᾶς
958 4039 1215 4116 τιμωρίας
1298 4036 1625 4107 λαμϐάνουσι
1693 4053 1908 4119 πεῖραν,

1992 3593 2351 3675 supplicium
2386 3602 2443 3655 et
2474 3592 2620 3655 ultio
2654 3605 2959 3676 perpetua,
3002 3594 3285 3674 tenebrae,
3318 3610 3552 3654 vermes
3583 3601 3645 3652 et

1991 3676 2197 3767 ignis?
2256 3684 2456 3762 Itaque
2519 3684 2567 3744 si
2594 3681 2678 3744 ita
2708 3683 3067 3767 scripsisset,
3096 3700 3416 3745 maerorem
3449 3682 3646 3761 potius

1990 3764 2376 3846 intendisset,
2401 3778 2458 3831 et
2477 3773 2634 3832 nulla
2651 3790 2721 3834 ex
2747 3764 3240 3854 partesmimabus
3263 3790 3469 3834 eorum
3494 3790 3643 3832 con-

1992 3858 2341 3922 solationem
2366 3857 2680 3921 attulisset.
2702 3861 2976 3925 Secundo
2997 3873 3192 3926 autem
3207 3861 3348 3944 quia
3372 3859 3644 3923 ﬁde‘ihus

1994 3950 2496 4013 resurrectionem
2524 3951 2874 4030 exponebat.
2900 3952 3103 4015 Merito
3123 3971 3262 4033 ergo
3295 3969 3500 4013 eorum
3524 3970 3640 4013 non

1998 4037 2267 4099 meminit
2285 4037 2386 4120 qui
2410 4050 2547 4100 sunt
2569 4040 2630 4100 in
2655 4043 3011 4123 supplicium
3034 4040 3643 4104 abducendi.Fideles

258 4123 375 4181 ἀλλ’
482 4125 541 4182 ἐν
653 4125 807 4201 ἀϊδίομ
906 4134 1052 4209 χαρᾷ
1158 4130 1246 4185 καὶ
1348 4131 1632 4210 εὖφροσύνῃ
1730 4128 1910 4187 διατε-

2004 4145 2253 4208 namque
2274 4127 2865 4208 quijuxtaDominica
2877 4140 3306 4194 conversantur
3322 4142 3641 4212 prmrepta,

259 4214 460 4280 λοῦσιν,
518 4223 627 4277 Οὐκ
679 4220 749 4287 ἦν
791 4220 880 4277 οὖν
924 4222 1082 4299 χρεία
1120 4220 1411 4302 ἀλλοτρίων
1454 4224 1633 4277 παθῶν
1690 4223 1909 4297 μνήμην

2004 4214 2215 4275 nullius
2241 4233 2434 4312 pana:
2456 4216 2694 4296 capiunt
2716 4220 3165 4297 experientiam,
3193 4220 3294 4281 sed
3327 4219 3387 4280 in
3421 4239 3638 4300 perpe-

256 4308 341 4361 καὶ
380 4309 619 4365 κάκωσιν
667 4308 722 4364 ἐν
776 4315 844 4385 τῇ
902 4322 1020 4372 τοῖς
1071 4323 1286 4373 πιστοῖς
1334 4308 1720 4386 ἐτοιμαζομὲνῃ
1776 4308 1901 4387 δόξῃ

2004 4316 2091 4366 tuo
2121 4303 2337 4381 gaudio
2363 4322 2429 4365 ac
2458 4304 2655 4365 laetitia
2679 4305 2913 4386 degunt.
2947 4309 3113 4370 Nulla
3153 4311 3350 4391 itaque
3373 4309 3639 4370 necessi-

256 4398 339 4452 καὶ
380 4403 555 4477 τρυσρῇ
625 4399 714 4453 καὶ
775 4397 1152 4476 μακαριότητι,
1218 4399 1307 4455 καὶ
1366 4398 1487 4454 τότε
1534 4412 1750 4463 πιστοῖς
1793 4400 1899 4476 γά-

2004 4412 2070 4453 as
2101 4400 2222 4452 erat
2250 4391 2586 4454 alienorum
2613 4397 2901 4458 malorum
2922 4399 3115 4461 facere
3155 4397 3543 4471 mentionem,
3583 4406 3640 4457 et

252 4509 425 4564 φοντι,
458 4490 751 4549 ποιεῖσθαι,
798 4488 980 4566 Τρίτον
1023 4484 1098 4560 δὲ,
1134 4485 1213 4543 ὅτι
1246 4489 1371 4544 αὐτὸ
1413 4488 1474 4544 τὸ
1528 4494 1748 4565 πρᾶγμα
1800 4488 1901 4556 τὴν

2010 4482 2275 4542 nducere
2306 4482 2686 4545 afﬂictionem
2726 4488 2783 4546 in
2819 4496 3014 4566 parata
3048 4487 3431 4548 credentibus
3453 4486 3638 4560 gloria

252 4575 558 4650 ἀνάστασιν,
591 4576 677 4631 καὶ
720 4573 787 4632 δι’
817 4576 846 4631 ὃ
874 4575 1083 4655 γέγονε,
1130 4576 1248 4633 καθ’
1281 4577 1407 4635 αὐτὸ
1465 4586 1552 4636 νῦν
1607 4576 1903 4654 ἐξηγεῖται.

2004 4578 2049 4630 et
2077 4568 2308 4631 deliciis
2330 4587 2398 4630 ac
2431 4570 2819 4645 beatitudine,
2854 4586 2911 4635 et
2942 4576 3338 4656 potissimum,
3366 4575 3465 4656 qui
3500 4589 3637 4635 tunc

254 4666 347 4723 Καέ
401 4666 509 4743 γὰρ
578 4665 678 4733 τὴν
737 4665 1021 4722 ἀνάστασιν
1076 4667 1105 4722 ὁ
1170 4667 1300 4731 Θεὸς
1358 4665 1443 4722 ἐπὶ
1514 4666 1747 4745 σωτηρίᾳ
1801 4668 1908 4724 τῶν

2004 4657 2267 4720 ﬁdelibus
2299 4659 2612 4722 scriberet.
2645 4661 2847 4725 Tertio
2879 4684 3017 4727 vero
3050 4662 3187 4744 quia
3217 4665 3409 4741 ipsum
3443 4684 3637 4725 resur-

248 4753 536 4833 ἀνθρώπων
593 4755 827 4828 πάντων,
875 4755 964 4811 καὶ
1023 4754 1279 4835 ἀφθαρσίᾳ
1333 4756 1421 4811 καὶ
1480 4754 1729 4835 ἀφράστσρ
1783 4753 1906 4833 δόξῃ

2004 4748 2271 4810 rectionis
2303 4768 2388 4827 ηιξ
2408 4751 2683 4819 sterium.
2711 4765 2766 4813 et
2792 4763 3031 4835 propter
3052 4754 3190 4834 quid
3219 4755 3309 4813 l'ac
3339 4772 3373 4812 a
3396 4752 3493 4822 sit,
3532 4772 3633 4831 pa-

247 4844 332 4899 καὶ
425 4849 595 4923 χαρᾷ,
670 4845 756 4899 καὶ
840 4842 1129 4900 ἀπολαύσει
1208 4848 1315 4898 τῶν
1398 4843 1623 4899 αἷωνίων
1699 4843 1907 4923 ἀγαθῶν

2004 4838 2137 4898 riter
2178 4857 2334 4898 nunc
2364 4839 2640 4920 exponit.
2676 4840 2906 4902 Etenim
2942 4842 3438 4903 resurrectionem
3502 4840 3635 4902 fet-il

247 4930 487 5000 ἐποίησε.
547 4933 658 4999 Τὴν
710 4933 809 5011 γάρ
865 4932 1109 5011 κόλασιν,
1172 4938 1248 5006 τῷ
1320 4930 1550 5006 διαϐόλῳ
1630 4934 1717 4990 καὶ
1785 4947 1902 4997 το⁴ς

2004 4927 2231 4988 Ιὶευεειί
2247 4928 2498 4988 salutem
2518 4928 2786 4989 Otunium
2813 4931 3116 4990 hominum
3133 4948 3183 4991 e;
3218 4928 3633 4990 immortalita-

248 5020 493 5098 ἀγγέλοις
550 5023 728 5085 αύτού,
802 5022 875 5085 ὡς
952 5022 1038 5077 καὶ
1112 5020 1167 5076 ἐν
1221 5028 1299 5095 τῷ
1359 5020 1664 5099 Εὖαγγελίγι
1717 5022 1897 5101 φησίν,

2012 5033 2103 5075 em
2136 5032 2203 5073 ac
2238 5014 2697 5076 inenarrabilem
2721 5016 3037 5094 gloria-net
3060 5017 3363 5096 gaudium,
3387 5033 3638 5079 aeterno-

248 5108 362 5166 ἀλλ⁹
406 5112 471 5167 οὗ
499 5123 615 5172 τοῖς
660 5110 957 5189 ἀνθρώποις
999 5109 1310 5184 ἡτοίμασεν.
1344 5111 1402 5167 Εἰ
1431 5107 1487 5165 δέ
1515 5132 1652 5177 τινες
1685 5112 1899 5175 οἰκείαις

2004 5120 2234 5183 'umque
2262 5103 2601 5165 fruitionem
2620 5105 2931 5167 bonorum.
2955 5106 3632 5188 Siquidetnsuppliciunt

246 5200 593 5278 μοχθηρίαις,
625 5199 737 5255 ἀντὶ
792 5205 899 5255 τῶν
958 5197 1372 5273 ἑτοιμασθένεων
1429 5200 1611 5263 αύτοϊς
1664 5200 1896 5279 ἀγαθῶν,

2006 5192 2222 5255 iiabolo
2246 5202 2301 5254 et
2324 5193 2552 5270 angelis
2573 5195 2721 5275 ejus.
2749 5196 3252 5276 quemadmodum
3274 5195 3418 5260 dicit
3453 5198 3632 5259 etiam

240 5289 302 5343 τά
347 5295 428 5363 τῷ
499 5284 730 5362 διαϐόλῳ
792 5286 1172 5363 ἑτοιμασθέντα
1244 5285 1575 5367 ἐκλέγονται,
1635 5293 1696 5349 οὔ
1750 5290 1893 5369 παρα

2007 5303 2041 5344 n
2073 5284 2415 5359 Evangelio,
2451 5302 2568 5344 non
2601 5295 2797 5347 autem
2859 5284 3223 5359 hominibus,
3262 5288 3627 5368 prmparavit.

237 5376 328 5443 τὴν
400 5377 734 5445 Δεσποτικὴν
793 5375 1185 5457 φιλανθρωπίαν
1248 5377 1337 5432 καὶ
1416 5378 1666 5456 πρόνοιαν
1733 5386 1892 5439 τοῦτο

2004 5375 2106 5435 l7!
2135 5372 2302 5447 Quod
2327 5371 2376 5434 si
2403 5373 2640 5458 quidam
2685 5374 2810 5438 suis
2851 5375 3136 5459 nequitiis
3155 5395 3260 5459 pro
3285 5376 3637 5463 praeparatis

321 5546 380 5596 ιι
402 5543 559 5608 Psal.
593 5561 748 5618 xcvn,
784 5547 826 5610 2
852 5563 871 5621 ;
900 5545 1030 5609 Act.
1068 5562 1108 5619 ι,
1141 5546 1203 5610 9.
