4140 6212
463 361 542 428 99

1561 358 1964 428 (ECUMENII
2008 354 2304 422 TRICCzE
2347 355 2680 422 EPISCOPI

3713 351 3826 419 100

462 496 592 559 filii.
625 519 648 553 α
695 495 891 559 Induti
928 498 1252 560 thoracem.
1298 496 1588 577 Superius
1630 495 1944 574 dixitopus
1967 513 2075 557 esse

2181 492 2260 549 ὅτι
2332 493 2460 572 πρὸς
2516 493 2744 566 τούτοις,
2794 494 2881 549 καὶ
2951 489 3416 566 καθωπλισμένους
3489 491 3631 547 εἶναι
3687 491 3821 570 χρή.

460 587 701 665 vigilare
729 595 787 648 et
818 595 1071 649 attentos
1104 584 1258 666 esse,
1317 603 1476 646 nunc
1501 584 1664 646 addit
1697 584 1849 665 quod
1889 592 2102 663 praeter

461 676 584 737 haec
608 676 781 738 etiam
805 684 1058 740 armatos
1083 694 1214 758 esse
1233 683 1521 756 oporteat,
1548 673 2030 754 quandoquidem
2051 673 2100 734 si

460 763 730 826 diabolus
749 774 1081 826 exarmatos
1104 763 1416 843 invenerit,
1443 763 1682 843 impetel
1715 781 1781 824 ac
1815 762 2096 835 offendet,

459 853 636 914 etiam
670 854 718 914 si
753 853 1002 913 maxime
1033 853 1346 931 vigilemus
1378 860 1434 913 et
1487 852 1690 912 attenti
1723 851 1929 913 simus.
1970 853 2101 912 I79

463 940 790 1003 Thoracem
812 959 948 1002 vero
971 941 1114 1002 dicit
1135 941 1272 1002 ﬁdei
1305 960 1372 1002 ac
1393 940 1698 1002 charitatis
1730 950 1970 1021 propter
1995 960 2098 1002 so-

457 1030 746 1092 liditatem
769 1049 836 1092 ac
857 1029 1382 1091 indivisibilitatem
1407 1031 1708 1111 ipsorum:
1741 1030 1913 1091 talem
1938 1030 2096 1091 enim

455 1128 683 1200 oportet
715 1137 848 1181 esse
877 1118 1054 1180 fidem
1087 1137 1154 1179 ac
1185 1119 1554 1180 charitatem.
1608 1119 1696 1180 Ad
1731 1138 1865 1180 eum
1899 1127 2094 1180 autem

455 1210 552 1288 qui
571 1208 676 1269 has
699 1208 898 1280 habet,
919 1225 1225 1269 accessum
1241 1207 1466 1268 habere
1483 1217 1782 1288 nequeunt
1806 1207 2097 1269 diabolica

457 1297 592 1357 tela.
634 1319 656 1352 α
693 1295 868 1377 Spem
903 1296 1133 1357 salutis.
1178 1322 1198 1353 ι
1237 1295 1468 1357 Etenim
1505 1315 1645 1372 Spes
1696 1296 1927 1373 salutis,
1965 1297 2092 1357 loco

453 1386 634 1463 galea:
667 1386 918 1446 maxime
951 1385 1304 1446 necessariae
1329 1385 1487 1446 inter
1516 1404 1585 1446 ea
1637 1404 1766 1466 quae
1807 1385 1866 1446 in
1922 1384 2094 1446 nobis

454 1482 611 1548 sunt,
628 1493 745 1535 non
759 1473 902 1536 sinit
920 1482 1178 1535 mentem
1198 1475 1268 1534 ad
1285 1475 1501 1534 malum
1528 1473 2092 1554 impelli.Siquidem

453 1563 618 1640 galea
648 1561 941 1624 tutissime
969 1571 1160 1623 servat
1183 1571 1376 1643 caput.
1409 1562 1567 1624 Alibi
1617 1582 1852 1644 quoque
1889 1563 2088 1640 (idem,

453 1669 616 1731 spem
643 1660 697 1712 et
723 1652 1067 1712 charitatem
1087 1651 1317 1713 caeteris
1350 1652 1640 1733 praeponit
1670 1651 2002 1729 virtutibus,
2040 1661 2099 1714 et

453 1759 609 1802 nunc
643 1743 746 1803 has
776 1739 999 1802 habere
1023 1740 1217 1820 jubet.

494 1827 714 1892 V.9-13
747 1829 1184 1906 Quoniamnon
1201 1829 2089 1908 constituitnasDeusadiram,
2121 1871 2156 1918 Β

448 1919 552 1980 sed
563 1919 644 1980 ad
655 1921 1136 1981 consecutionem
1151 1918 1366 1981 salutis
1373 1921 1808 1998 perDominum
1819 1931 2075 1983 nostra"

2177 1919 2509 1996 περιποίησιν
2609 1923 2896 2000 σωτηρίας,

447 2008 654 2068 Jesum
675 2009 1005 2080 Christum,
1021 2010 1123 2086 qui
1136 2013 1411 2070 mortuus
1430 2016 1515 2070 est
1530 2027 1644 2089 pro
1670 2009 1865 2084 nobis,
1882 2019 1952 2072 ut
1972 2012 2098 2073 sive

447 2095 1675 2178 vigilemussit'edormiamus,sempermm
1688 2098 1790 2160 illo
1808 2101 2094 2162 vivamus.

449 2183 825 2265 Quapropter
861 2186 1272 2248 adhortemini
1300 2204 1402 2248 vos
1424 2192 1653 2261 mutuo,
1704 2194 1757 2247 et
1785 2187 2094 2267 aediﬁcetis

442 2275 678 2356 singuli
706 2275 980 2356 singulos
1007 2277 1161 2338 sicut
1189 2285 1244 2337 et
1272 2275 1498 2346 facitis.
1527 2277 1837 2356 Rogamus
1885 2284 2089 2340 autem

443 2380 566 2440 vos,
589 2368 833 2441 fratres,
870 2371 936 2426 ut
960 2366 1307 2444 agnoscatis
1329 2383 1424 2426 eos
1470 2367 1576 2445 qui
1620 2364 1899 2428 laborant
1930 2369 2090 2429 inter

443 2469 547 2514 uos
567 2460 621 2514 et
645 2455 751 2532 qui
774 2462 1042 2523 praesunt
1072 2453 1233 2516 vobis
1264 2459 1328 2513 in
1359 2455 1634 2533 Domino,
1664 2472 1736 2515 ac
1765 2455 2086 2518 admonent

444 2556 570 2612 vos,
605 2551 660 2600 et
691 2543 1040 2604 existimate
1068 2541 1208 2604 illos
1238 2541 1616 2605 vehementer
1636 2561 1820 2624 supra
1841 2545 2086 2606 modum

441 2643 566 2689 esse
591 2631 656 2689 in
686 2628 1003 2705 charitate,
1053 2637 1305 2709 prapter
1356 2649 1504 2712 opus
1561 2630 1831 2694 illorum.
1869 2632 2088 2694 Pacem

439 2714 650 2778 habete
682 2719 744 2780 in
779 2717 1118 2798 vobisipsis.

520 2803 679 2879 Haec,
699 2806 910 2887 inquit,
937 2805 1207 2867 habenba
1232 2815 1371 2868 sunt
1400 2806 1571 2868 nobis
1595 2826 1782 2870 arma.
1804 2809 2084 2881 Quando-

442 2892 684 2973 quidem
719 2914 912 2975 neque
944 2895 1102 2956 Deus
1159 2895 1465 2957 constituit
1511 2914 1702 2977 neque
1732 2898 2081 2976 designavit,

439 3002 636 3064 neque
669 2993 987 3064 propterea
1014 2983 1155 3046 fecit
1185 3003 1316 3059 nos,
1373 2992 1433 3044 ut
1465 2984 1612 3046 iram
1645 3003 1810 3047 suam
1839 2988 2081 3068 excipe-

2185 580 2331 640 Ἐπεὶ
2384 580 2611 646 ἀόπλους
2675 583 2835 661 εὑρὼν
2917 584 2945 639 6
3014 579 3278 654 διάϐολος,
3358 580 3657 660 ἐπηρεάζει,
3730 577 3826 636 κᾶν

2184 671 2412 746 μάλιστα
2453 672 2800 749 γρηγορῶμεν
2842 672 2929 728 καὶ
2987 670 3249 750 νέφωμεν,
3307 668 3529 748 Θώρακι
3585 666 3639 723 δέ
3695 689 3825 747 φησι

2183 762 2410 823 πίστεως
2464 761 2553 816 ναὶ
2607 759 2845 841 ἀγάπης,
2923 757 3008 816 διὰ
3084 760 3145 815 τὸ
3214 757 3425 836 στερῥὸν
3500 759 3669 814 αὖτῶν
3738 757 3828 812 καὶ

2184 847 2443 923 ἄτμητον.
2479 848 2736 915 Τοιαύτην
2764 850 2863 928 γὰρ
2893 849 3034 905 εἶναι
3065 846 3148 904 δεῖ
3188 848 3286 914 τὴν
3325 847 3498 902 πίστιν
3555 847 3642 902 καὶ
3683 845 3824 924 ἀγά-

2182 960 2312 1002 πην.
2344 936 2636 1017 Ἀπρόσιτα
2683 936 2737 994 δὲ
2766 945 2843 1012 τῷ
2887 938 3078 1001 ταύτας
3131 935 3312 1017 ἕχον-ει
3342 943 3434 991 τοῦ
3484 933 3725 991 διαϐόλου
3759 935 3824 989 τὰ

2179 1025 2330 1101 βέλη.
2387 1050 2414 1082 α
2467 1025 2650 1084 Ἐπίδα
2705 1030 2988 1106 σωτηρίας.
3026 1046 3055 1085 )
3094 1017 3158 1083 Ἠ
3217 1026 3317 1105 γὰρ
3359 1023 3504 1087 ἐλπὶς
3553 1025 3650 1090 τῆς
3709 1045 3821 1078 σω-

2177 1116 2361 1192 τηρίας
2437 1115 2575 1182 τάξει
2648 1115 3054 1197 περικεφαλαίας
3112 1116 3171 1171 τὸ
3243 1115 3537 1192 ἀναγκαῖον
3595 1115 3700 1168 τῶν
3768 1112 3821 1167 ἐν

2177 1205 2334 1278 ἡμῖν,
2395 1207 2485 1261 τὸν
2541 1207 2660 1264 νοῦν
2729 1208 2823 1262 οῦκ
2883 1205 2943 1277 ἐᾷ
2997 1205 3405 1285 περιτραπῆναι.
3473 1203 3568 1260 Καὶ
3617 1203 3716 1280 γὰρ
3786 1203 3821 1270 ἡ

2176 1296 2576 1377 περικεφαλαία,
2629 1301 2688 1354 τὸ
2741 1299 3091 1378 καιριώτατον
3162 1296 3316 1367 σώζει
3387 1295 3488 1360 τὴν
3558 1293 3816 1373 κεφαλήν.

2179 1386 2276 1440 Καὶ
2333 1383 2572 1465 ἀλλαχοῦ
2629 1384 2683 1442 δὲ
2729 1387 2829 1454 τὴν
2870 1387 3043 1444 πίστιν
3096 1385 3184 1441 καὶ
3239 1383 3338 1450 τὴν
3397 1381 3579 1439 ἐλπίδα
3607 1383 3695 1438 καὶ
3723 1382 3820 1448 τὴν

2175 1471 2388 1549 ἀγάπην
2416 1474 2690 1553 προτίθησι
2720 1481 2824 1532 τῶν
2852 1474 3052 1532 λοιπῶν
3098 1473 3318 1553 ἀρετῶν,
3361 1476 3450 1528 καὶ
3491 1471 3577 1527 νῦν
3629 1471 3821 1533 ταύτας

2175 1565 2394 1618 κτᾶσθαι
2423 1562 2650 1625 κελεύει.

2267 1851 2290 1885 ι
2344 1839 2437 1887 Οτι
2485 1835 2580 1891 οῦκ
2622 1830 2764 1888 ἔθετο
2789 1833 2931 1907 ἡμᾶς
2975 1833 3003 1888 6
3034 1832 3164 1894 Θεὸς
3221 1831 3293 1894 εἰς
3337 1829 3522 1909 ὀργὴν,
3568 1824 3686 1884 ἀλλ’
3743 1829 3816 1891 εἷς

2994 1917 3076 1976 διὰ
3187 1927 3276 1976 τοῦ
3383 1918 3567 1995 Κυρίου
3663 1917 3816 1991 ἡμῶν

2179 2005 2354 2073 Ἰησοῦ
2453 2016 2695 2086 Χριστοῦ,
2796 2009 2887 2066 τοῦ
2977 2009 3326 2072 ἀποθανόντος
3414 2007 3542 2086 ὑπὲρ
3637 2007 3813 2082 ἡμῶν,

2179 2095 2270 2152 ῗῗνα
2340 2097 2450 2154 εἴτε
2519 2106 2890 2178 γρηγορῶμεν,
2944 2098 3055 2154 εἴτε
3113 2094 3462 2171 καθεύδωμεν,
3535 2095 3648 2172 ἅμα
3724 2096 3816 2150 σὺν

2174 2184 2317 2259 αὗτῴ
2399 2188 2664 2262 ζήσωμεν.
2763 2190 2855 2244 Διὸ
2933 2185 3292 2265 παρακαλεῖτε
3363 2183 3648 2258 αλλήλους,
3727 2185 3814 2239 καὶ

2174 2270 2503 2349 οἰκοδομεῖτε
2572 2279 2654 2339 εἷς
2712 2278 2802 2332 τὸν
2859 2276 2950 2332 ἕνα
2990 2276 3162 2333 καθὼς
3219 2277 3307 2331 καὶ
3361 2288 3588 2332 ποιεῒτε.
3635 2274 3810 2350 Ἐρω-

2169 2366 2345 2436 τῶμεν
2426 2361 2479 2418 δὲ
2549 2367 2708 2440 ὑμᾶς,
2781 2363 3015 2445 ἀδελφοὶ,
3097 2362 3280 2420 εἰδέναι
3332 2365 3456 2426 τοὺς
3510 2363 3808 2425 κοπιῶντας

2169 2448 2222 2505 ἐν
2291 2451 2442 2531 ὑμῖν,
2513 2457 2600 2510 καὶ
2668 2453 3089 2533 προϊσταμένους
3160 2455 3306 2528 ὑμῶν
3362 2452 3414 2508 ἐν
3473 2451 3662 2530 Κυρίῳ.
3719 2452 3806 2506 καὶ

2170 2541 2531 2605 νουθετοῦντας
2609 2543 2763 2618 ὑμᾶς,
2859 2543 2947 2599 καὶ
3037 2544 3282 2620 ἡγεῖσθαι
3373 2541 3558 2603 αὖτοὺς
3639 2541 3804 2617 ὑπερ-

2169 2637 2478 2705 εκπερισσοῦ
2520 2629 2575 2685 ἐν
2618 2630 2798 2710 ἀγάπῃ
2829 2628 2913 2687 διὰ
2941 2633 3002 2688 τὸ
3033 2631 3184 2710 ἔργον
3214 2631 3404 2691 αὐτῶν,
3435 2629 3733 2709 Εἷρηνεύετε
3753 2629 3808 2684 ἐν

2171 2715 2404 2781 ἑαυτοῖς.
2442 2743 2470 2773 ι

2250 2813 2422 2863 Ταῦτα
2451 2805 2504 2862 δὲ
2533 2809 2692 2884 ἡμῖν,
2753 2811 2902 2888 φησὶ,
2961 2809 3182 2888 κρητὲον
3237 2809 3304 2864 τὰ
3374 2806 3536 2870 ὅπλα.
3585 2804 3806 2873 Ἐπειδὴ

2166 2894 2252 2948 καὶ
2281 2895 2309 2949 6
2341 2896 2469 2960 Οεὸς
2525 2895 2620 2953 οὒκ
2677 2896 2845 2975 ἔθετο,
2889 2895 3006 2953 οὐδὲ
3053 2897 3334 2977 ἀφώρισεν,
3393 2893 3508 2953 οὐδὲ
3555 2893 3640 2950 ἐπὶ
3680 2895 3808 2950 τού-

2163 3003 2240 3054 τῳ
2297 2981 2566 3059 ἐποίησεν,
2599 2985 2692 3042 ἵνα
2746 2986 2844 3054 τῆς
2901 2987 3065 3065 ὀργῆς
3122 2985 3279 3042 αὐτοῦ
3328 2983 3598 3062 γενώμεθα
3641 2980 3810 3038 δεκτι-

434 3090 660 3147 remus,
694 3073 799 3135 sed
836 3082 894 3134 ut
924 3075 1116 3136 salvos
1147 3073 1369 3136 faceret
1416 3092 1545 3135 nos.
1583 3073 1868 3148 Quoniam
1902 3076 2075 3156 igitur

2163 3071 2269 3144 κοὶ,
2342 3070 2460 3129 ἀλλ’
2513 3073 2606 3130 ἵνα
2648 3075 2798 3151 σώσῃ
2853 3077 3018 3150 ἡμᾶς,
3053 3073 3200 3132 Ἐπεὶ
3229 3074 3316 3131 οὖν
3357 3071 3566 3148 θέλημα
3588 3077 3717 3127 Θεοῦ
3744 3072 3807 3127 τὸ

436 3161 542 3224 Dei
575 3163 841 3224 voluntas
872 3171 961 3224 est
1015 3172 1081 3224 ut
1135 3181 1244 3225 nos
1299 3163 1464 3224 salvi
1501 3165 1709 3235 simus,
1743 3165 1869 3245 ipse
1901 3167 2076 3229 etiam

437 3251 670 3330 adjuvat
703 3270 810 3315 nos
839 3252 912 3314 ad
971 3252 1181 3314 horum
1239 3270 1541 3314 armorum
1597 3253 2074 3332 acquisitionem.

438 3365 463 3400 ιι
500 3343 614 3404 Sed
645 3346 720 3406 ad
778 3342 1260 3406 consecutionem
1319 3342 1524 3404 salutis
1602 3366 1625 3402 ι
1691 3342 1810 3406 Sed
1845 3343 2072 3427 sibiispi

430 3432 902 3513 acquisivitnos,
938 3441 996 3494 et
1025 3432 1200 3493 veluti
1257 3431 1330 3493 ad
1381 3431 1805 3512 possidendum
1865 3443 2072 3496 nactus

431 3527 522 3582 est
551 3521 686 3583 dato
718 3524 823 3602 pro
856 3520 1026 3582 nobis
1061 3519 1272 3600 pretio,
1305 3539 1518 3602 nempe
1539 3520 1696 3583 inter
1720 3539 1791 3583 ea
1819 3541 1951 3603 quae
1973 3523 2072 3584 ba-

429 3609 631 3686 bebat,
674 3610 1136 3692 pretiosissima:
1198 3610 1544 3687 Sanguinem
1579 3610 1738 3672 enim
1770 3610 2072 3690 Unigeniti

425 3698 608 3761 dedit.
623 3699 957 3778 Cumigitur
973 3699 1538 3780 habeamus,inquit,
1555 3711 1964 3778 argumentum
1984 3701 2041 3762 di

424 3787 696 3850 lectionis
713 3791 842 3864 Dei,
862 3789 1038 3851 ﬁdem
1053 3788 1125 3848 ha
1136 3788 1380 3849 beamus
1393 3807 1520 3869 quae
1531 3789 1600 3849 ad
1618 3790 1808 3869 ipsum
1824 3797 1944 3871 est:
1971 3789 2067 3852 di-

424 3876 739 3939 lectionem
754 3895 881 3958 quaa
895 3886 952 3940 et
971 3875 1040 3937 ad
1055 3877 1247 3956 ipsum
1261 3887 1344 3937 est
1361 3884 1417 3938 et
1435 3877 1505 3938 ad
1520 3877 1873 3958 proximum:
1898 3897 2066 3960 spem

426 3964 602 4025 etiam
629 3965 841 4027 bonam
865 3963 1020 4045 quod
1047 3965 1237 4025 salvos
1275 3964 1447 4024 faciet
1471 3965 1624 4045 quod
1649 3966 1721 4027 ad
1747 3967 2064 4046 possiden-

424 4051 564 4113 dum
598 4053 928 4134 acquisivit.
972 4075 995 4109 α
1030 4051 1106 4115 Ut
1157 4053 1280 4114 sive
1339 4053 1667 4131 vigilemus.
1735 4079 1758 4112 ι)
1816 4054 1878 4116 In
1913 4058 2069 4120 hunc

423 4149 618 4205 autem
638 4142 815 4204 tinem
835 4160 939 4222 pro
955 4139 1126 4203 nobis
1145 4149 1412 4202 mortuus
1429 4150 1516 4202 est
1537 4143 1826 4220 Christus,
1851 4145 2064 4227 inquit,

422 4238 487 4292 ut
506 4229 626 4291 sive
647 4229 976 4309 vigilemus,
1003 4230 1060 4291 id
1083 4240 1196 4304 est,
1221 4231 1500 4304 vivamus,
1531 4231 1654 4292 sive
1677 4233 2066 4312 dormiamus,

421 4319 482 4381 id
509 4326 617 4394 est,
645 4319 1146 4394 moriamnr(nam
1176 4319 1291 4382 alio
1319 4320 1495 4380 modo
1542 4321 1760 4401 accipit
1793 4321 1890 4384 hic
1919 4323 2064 4384 dor-

423 4406 573 4469 mire
603 4426 779 4487 quam
814 4407 873 4469 in
905 4408 1337 4490 superioribus)
1359 4427 1596 4490 semper
1619 4429 1752 4471 cum
1779 4410 1878 4472 illo
1910 4411 2062 4474 viva-

419 4515 575 4562 mus.
609 4497 717 4570 Qui
765 4497 921 4559 enim
968 4498 1126 4559 dicta
1153 4516 1318 4559 arma
1350 4499 1676 4578 possident,
1711 4499 1886 4562 simul
1925 4521 2059 4565 cum

418 4586 654 4650 Christo
684 4586 877 4648 vivent
907 4605 975 4648 ac
1003 4586 1338 4666 regnabunt
1417 4587 1550 4648 180
1604 4611 1626 4644 ι
1693 4587 2062 4671 Quapropter

414 4675 814 4738 adhortemini
841 4693 942 4737 vos
971 4684 1197 4739 mutuo.
1246 4699 1269 4734 ιι
1308 4674 1616 4758 Siquidem
1647 4676 1747 4758 qui
1777 4696 1886 4739 nos
1918 4698 2057 4759 pos-

413 4772 552 4827 sunt
582 4772 980 4846 praeceptores
1028 4763 1293 4842 singulos
1347 4765 1692 4841 admonere,
1743 4767 2058 4829 committit

389 4852 579 4935 ,ipsis,
615 4861 677 4915 ut
705 4872 771 4916 se
801 4864 1011 4916 mutuo
1042 4853 1434 4916 exhortentur
1463 4862 1522 4915 et
1550 4853 1822 4916 doceant.
1878 4878 1901 4912 α
1943 4858 2049 4920 Ro-

411 4960 618 5022 gamus
645 4951 841 5005 autem
874 4961 998 5023 vos,
1039 4967 1061 5000 ι
1097 4942 1229 5004 sive
1261 4943 1662 5005 exhortamur.
1702 4966 1725 4996 α
1763 4943 1837 5007 Ut
1865 4963 2054 5024 agno-

413 5031 592 5093 scatis
648 5049 752 5093 eos
808 5031 909 5112 qui
965 5031 1257 5094 laborant.
1324 5055 1346 5090 υ
1415 5030 1644 5094 Deinde
1703 5051 1778 5094 ne
1839 5034 2053 5097 existi-

411 5127 573 5181 ment
601 5119 756 5200 quod
793 5130 1188 5202 praeceptores
1214 5120 1481 5202 ipsorum
1512 5121 1830 5184 removerit
1880 5141 1949 5184 ex
1981 5142 2052 5186 eo

411 5207 566 5288 quod
599 5207 744 5287 ipsis
766 5209 1132 5271 commiserit
1162 5218 1427 5271 mutuam
1466 5209 1959 5289 gubernationem
1991 5224 2050 5274 et

407 5295 910 5370 adhortationem,
966 5299 1233 5377 protinus
1296 5299 1658 5362 mentionem
1716 5301 1856 5364 fecit
1905 5321 2050 5382 pree-

406 5389 712 5465 ceptorum
764 5384 1050 5465 ipsorum.
1119 5409 1142 5442 (ι
1205 5387 1274 5448 Et
1329 5387 1430 5467 qui
1479 5397 1742 5468 prmsunt
1791 5390 1978 5452 vobis.
2018 5416 2041 5451 ι

405 5471 558 5560 Nam
582 5474 633 5534 si
664 5471 800 5535 illos
829 5474 930 5554 qui
960 5476 1116 5556 apud
1160 5476 1434 5538 homines
1459 5485 1728 5557 potentes
1762 5489 2045 5560 praesunt,

404 5559 567 5648 omni
596 5560 911 5643 dignamur
939 5569 1189 5646 honore,
1223 5565 1404 5626 multo
1430 5567 1617 5644 magis
1665 5575 1896 5648 oportet
1949 5587 2050 5631 sa-

402 5647 681 5717 cerdotes
697 5649 1006 5716 inhonore
1025 5651 1246 5716 habere
1271 5653 1370 5736 qui
1386 5654 1540 5738 apud
1563 5647 1748 5720 Deum
1767 5667 2046 5740 prtesunt,

2163 3160 2413 3231 σώζεσθαι
2442 3164 2608 3238 ἡμᾶς,
2659 3163 2814 3228 αὐτὸς
2864 3166 2952 3220 καὶ
3007 3165 3311 3244 συνεργήσει
3369 3165 3500 3242 πρὸς
3543 3161 3642 3229 τὴν
3698 3165 3804 3216 τῶν

2161 3247 2340 3307 ὅπλων
2370 3252 2568 3309 τούτων
2602 3258 2812 3321 κτῆσιν,
2853 3275 2877 3310 α
2941 3251 3089 3311 Ἀλλ’
3122 3255 3195 3318 εἰς
3238 3252 3572 3333 περιποίησιν
3615 3272 3802 3317 σωτη-

2158 3338 2292 3416 ρίας.
2348 3363 2377 3396 ι)
2427 3338 2578 3399 Ἀλλ’
2620 3343 2813 3420 ἐαυτῷ,
2858 3344 3006 3424 φησὶ,
3075 3344 3454 3423 περιποίήσατο
3502 3343 3669 3417 ἡμᾶς,
3714 3340 3804 3395 καὶ

2157 3434 2274 3488 οἷον
2329 3430 2590 3500 ἐκτήσατο
2644 3433 2811 3512 ἡμᾶς,
2891 3429 3009 3495 δοὺς
3085 3433 3215 3510 ὑπὲρ
3270 3433 3426 3507 ἡμῶν
3481 3430 3666 3508 τιμήν,
3725 3430 3802 3482 ῶν

2154 3520 2281 3599 εἶχε
2330 3521 2391 3576 τὸ
2447 3521 2764 3596 τιμιώτατον
2797 3542 2814 3559 ⁸
2876 3525 2938 3576 τὸ
2989 3520 3088 3599 γὰρ
3144 3525 3282 3597 αἷμα
3322 3529 3417 3577 τοῦ
3473 3525 3799 3596 Μονογενοῦς

2153 3607 2397 3672 δέδωκεν.
2463 3619 2697 3690 Εχοντες
2759 3610 2870 3684 οὖν,
2919 3613 3074 3692 φησὶ,
3118 3612 3216 3677 τῆς
3261 3610 3474 3688 ἀγάπης
3532 3615 3623 3664 του
3666 3614 3802 3668 Θεοῦ

2153 3702 2244 3755 τὸν
2281 3697 2528 3781 ἔλεγχον,
2587 3700 2760 3757 πίστιν
2819 3698 3032 3778 ἔχωμεν
3075 3700 3174 3770 τήν
3217 3701 3288 3763 εἷς
3345 3700 3498 3755 αὐτὸν
3556 3697 3794 3774 ἀγάπην,

2153 3789 2252 3858 τήν
2293 3809 2350 3845 τε
2381 3790 2453 3853 είς
2505 3791 2660 3846 αὐτὸν
2710 3791 2796 3847 καὶ
2851 3793 2941 3847 τὸν
2998 3788 3246 3861 πλησίον,
3308 3785 3491 3845 ἐλπίδα
3549 3787 3798 3867 χρηστὴν

2154 3875 2233 3932 ὅτι
2264 3877 2422 3934 σώσει
2479 3880 2567 3942 οὓς
2624 3878 2907 3949 ἐκτήσατο,
2961 3901 2989 3934 α
3052 3867 3178 3934 υινα
3207 3875 3319 3932 εἴτε
3347 3881 3722 3956 γρηγορῶμεν.
3761 3898 3791 3929 ι

2155 3967 2253 4022 Διὰ
2283 3976 2460 4046 τοῦτο,
2505 3965 2579 4041 δὲ,
2640 3969 2820 4048 φησὶν,
2876 3969 3005 4047 ὑπὲρ
3061 3966 3215 4043 ἡμῶν
3285 3965 3538 4022 ἀπέθανεν
3583 3967 3611 4020 6
3659 3971 3796 4042 Χρι-

2150 4058 2294 4128 στὸς,
2368 4055 2459 4112 ἵνα
2511 4061 2882 4136 γρηγορῶμεν,
2955 4056 3213 4136 τουτέστι,
3267 4061 3467 4133 ζῶμεν,
3509 4051 3621 4109 εἴτε
3667 4057 3795 4110 καθ-

2150 4143 2399 4220 εύδωμεν,
2460 4145 2721 4220 τουτέστι,
2793 4143 2904 4200 εἴτε
2974 4144 3345 4222 ἀποθάνωμεν,
3431 4140 3623 4205 «ἄλλως
3692 4142 3795 4220 γὰρ

2147 4231 2247 4288 ὧδε
2301 4235 2362 4289 τὸ
2412 4231 2673 4290 καθεύδειν
2742 4235 2831 4290 καὶ
2882 4235 2983 4313 οὐχ
3041 4235 3115 4296 ὡς
3163 4233 3272 4288 ἅνω
3331 4229 3619 4310 ἐξέλαϐεν,)
3678 4231 3792 4306 ἅμα

2149 4323 2240 4377 σὺν
2284 4325 2424 4398 αὒτῷ
2479 4325 2750 4398 ζήσωμεν.
2784 4325 2844 4381 Οἱ
2887 4324 2987 4402 γὰρ
3031 4324 3097 4378 τὰ
3153 4322 3402 4401 εἰρημένα
3457 4319 3596 4377 ὅπλα
3646 4343 3790 4388 κτη-

2147 4411 2385 4485 σάμενοι,
2432 4414 2710 4482 συζήσουσι
2751 4413 2838 4468 καὶ
2880 4409 3351 4488 συμϐασιλεύσουσι
3401 4417 3479 4486 τῷ
3551 4411 3785 4489 Χριστῷ.

2150 4521 2177 4554 α
2253 4501 2346 4556 Διὸ
2400 4498 2759 4579 παρακαλεῖτε
2807 4499 3094 4570 ἀλλήλους.
3173 4524 3200 4556 ι
3263 4497 3480 4566 Ἐπειδὴ
3523 4501 3623 4578 γὰρ
3694 4498 3790 4555 οὐκ

2143 4587 2412 4668 ἰσχύουσιν
2463 4592 2509 4646 οἱ
2565 4587 2862 4647 διδάσκαλοι
2909 4591 3038 4669 πρὸς
3094 4590 3190 4657 τὴν
3244 4595 3348 4645 τῶν
3380 4589 3625 4644 ἁπάντων
3658 4611 3787 4644 νου-

2141 4679 2334 4753 θεσίαν,
2405 4681 2493 4736 καὶ
2585 4681 2794 4745 ἑαυτοῖς
2862 4682 2923 4736 τὸ
2992 4691 3275 4759 παρατνεϊν
3357 4678 3446 4734 καὶ
3526 4674 3786 4734 διδάσκειν

2143 4765 2327 4830 αὖτοὺς
2358 4766 2646 4847 ἐπιτρέπει,
2684 4791 2713 4823 ε
2746 4768 3062 4843 Ἐρωτῶμεν
3106 4765 3161 4824 δὲ
3190 4768 3347 4843 ὑμᾶς,
3411 4789 3439 4820 ι
3500 4769 3618 4822 οἷον
3672 4787 3786 4821 πα-

2142 4854 2494 4934 ρακαλοῦμεν.
2533 4880 2561 4912 α
2594 4856 2794 4915 Εἷδέναι
2849 4857 2970 4922 τοὺς
3029 4859 3352 4920 κοπιῶντας,
3416 4877 3444 4909 ι
3508 4853 3646 4911 Εἶτα
3691 4853 3787 4910 ’ἶνα

2138 4943 2216 5019 μὴ
2274 4946 2556 5021 νομίσωσιν
2613 4947 3054 5014 ἄποκεκινηκέναι
3112 4948 3285 5004 αὐτῶν
3354 4945 3476 5006 τοὺς
3530 4940 3784 4999 διδασκά-

2135 5031 2255 5096 λους
2299 5031 2383 5090 διὰ
2438 5044 2531 5094 τοῦ
2585 5035 2862 5115 ἐπιτρέψαι
2920 5039 3102 5099 αὐτοῖς
3141 5035 3242 5102 τὴν
3284 5032 3535 5103 ἆλλήλων
3571 5030 3780 5088 οἰκοδο-

2134 5123 2241 5198 μὴν
2271 5124 2356 5180 καὶ
2412 5123 2768 5202 παράκλησιν,
2820 5125 3007 5189 εὒθὲως
3066 5131 3172 5182 τῶν
3229 5121 3553 5180 διδασκάλων
3609 5123 3782 5181 αὒτῶν

2134 5213 2353 5288 μνήμην
2422 5212 2732 5284 ἐποιήσατο.
2765 5236 2792 5268 α
2827 5216 2925 5271 Καὶ
2981 5213 3403 5294 προισταμένους
3452 5213 3620 5287 ὑμῶν,
3661 5232 3685 5266 ι
3721 5211 3781 5268 Εἰ

2131 5301 2230 5379 γὰρ
2304 5303 2424 5366 τοὺς
2491 5301 2575 5358 ἐπὶ
2657 5301 2942 5381 ἀνθρώπων
3024 5302 3254 5361 δυνατῶν
3326 5299 3781 5383 προοῖπαμένους

2130 5391 2305 5457 πάσης
2376 5389 2614 5468 ἀξιοῦμεν
2685 5393 2873 5472 τιμῆς,
2955 5391 3139 5467 πολλῷ
3224 5392 3425 5469 μᾶλλον
3490 5389 3574 5448 δεῖ
3657 5391 3782 5454 τοὺς

2129 5477 2320 5559 ἱερέας,
2381 5482 2432 5536 οἳ
2465 5483 2594 5560 πρὸς
2625 5482 2714 5538 τὸν
2764 5482 2892 5538 Θεὸν
2941 5483 3312 5561 προΐστανται.
3371 5472 3538 5540 υΟθεν
3567 5481 3726 5560 φησίν
3761 5495 3775 5510 ⁸

2138 5586 2164 5624 α
2225 5566 2318 5625 Ἐν
2381 5569 2568 5650 Κυρίῳ,
2607 5594 2634 5625 ι
2693 5569 2953 5651 τουτέστι,
3010 5571 3145 5627 κατὰ
3205 5571 3390 5650 Κύριον
3442 5568 3782 5648 προϊσταμέ-

2132 5679 2273 5733 νους,
2333 5656 2493 5738 ἤγουν
2550 5657 2634 5715 ἐπὶ
2687 5669 2776 5720 τοῦ
2829 5661 3010 5740 Κυρίου
3081 5658 3522 5740 προϊσταμένους.
3591 5679 3614 5714 ε
3678 5659 3778 5715 Καὶ
