4140 6212
256 371 364 444 lOt

1243 366 1638 441 COMMENT.
1684 368 1765 439 IN
1810 362 2050 436 EPIST.
2100 371 2125 432 Ι
2168 370 2270 432 ΑΙ)
2313 362 2677 433 THESSAL.

3525 360 3643 430 10‘!

242 513 500 590 ἡγεῖσθαι
528 508 739 574 αὗτούς.
804 531 829 561 ι
894 510 993 566 Καὶ
1050 508 1299 588 ἡγεῖσθαι
1355 507 1542 572 αὐτοὺς
1599 507 1655 564 ἓν
1727 509 1906 588 ἀγάπῃ

1997 501 2167 568 Unde
2197 502 2304 565 ait:
2343 527 2360 560 ι
2388 502 2497 575 Qui
2528 504 2587 564 in
2628 503 2907 587 Domino,
2943 528 2970 560 ι
3008 504 3121 566 hoc
3155 509 3266 575 est,
3313 502 3641 565 secundum

246 606 317 676 τξ,
344 599 497 674 ὑμῶν
556 596 785 677 ὀφείλειν
838 596 1006 676 εἶναι,
1063 595 1351 665 τουτέστιν,
1401 597 1650 672 ἡγεῖσθαι
1720 597 1907 659 αὐτοὺς

246 687 420 753 ἀξίους
463 696 559 746 τοῦ
605 686 937 765 ἀγαπᾶσθαι,
988 686 1077 741 καὶ
1129 685 1188 741 οὗ
1232 690 1458 762 μικρῶς,
1505 682 1625 740 ἀλλ’
1666 704 1692 736 ι
1742 687 1903 765 ὑπερ..

246 782 588 854 εκπερισσοῦ,
637 797 660 825 ι
732 772 915 841 Πολλὴ
960 771 1016 829 δὲ
1069 775 1103 841 ἡ
1149 772 1409 846 ἑπὶτασις,
1485 780 1578 830 τοῦ
1627 775 1779 853 ὑπὲρ,
1825 776 1913 831 καὶ

252 875 348 924 τοῦ
391 864 476 923 ἐκ.
525 886 553 920 ε
592 864 691 919 Διά
733 864 796 919 τὸ
839 861 991 942 ’ἔργον
1019 865 1214 941 αὐτῶν,
1246 890 1268 920 ι
1317 863 1498 941 φησὶν,
1531 862 1559 917 ὃ
1588 860 1911 922 ἐπιτελοῦσιν

253 956 331 1019 εἷς
387 956 552 1029 ὑμᾶς.
606 952 980 1026 Βαπτίσματος
1050 951 1152 1031 γὰρ
1206 952 1294 1007 καὶ
1351 948 1576 1030 διδαχῆς
1633 953 1721 1008 καὶ
1763 951 1912 1030 γνώ-

250 1064 388 1107 om;
456 1044 547 1098 καὶ
588 1042 887 1120 μυστηρίων
930 1044 1176 1120 μετοχὴς
1233 1040 1377 1120 οὗτοι
1403 1041 1530 1115 ὑμῖν
1575 1042 1673 1097 εἰσι
1773 1040 1912 1120 πρό-

250 1132 415 1197 Ξενοι,
461 1156 485 1186 σ
546 1119 848 1209 Εἱρηνεύετε
903 1129 958 1186 ἂν
1002 1119 1237 1192 ἑαυτοῖς.
1288 1158 1311 1189 ι
1364 1119 1521 1206 Ὀρᾷς
1565 1127 1709 1195 ὅπως
1765 1127 1912 1186 οἶδεν

253 1221 457 1301 ἔχθρας
523 1220 654 1299 πρὸς
703 1218 825 1282 τοὺς
879 1216 1219 1284 διδασκάλους
1277 1217 1638 1299 τικτομέναςς
1693 1217 1785 1284 ἘΞ
1837 1222 1910 1275 ὧν

247 1312 350 1390 γὰρ
393 1310 463 1365 τὰ
492 1306 666 1388 ιραῦλα
708 1306 1020 1387 ἐλέγχουσι,
1062 1309 1150 1364 καὶ
1198 1312 1305 1363 τῶν
1357 1313 1537 1363 κακῶν
1579 1307 1904 1387 ἀπείργουσι,

239 1407 564 1475 μισοῦνται,
597 1398 765 1453 καίτοι
808 1397 1109 1475 ἀγαπᾶσθαι
1153 1394 1473 1477 ὀφείλοντες,

1990 591 2333 660 Dominum.
2367 593 2490 652 sive
2515 591 2626 654 sub
2671 593 2919 656 Domino
2950 600 3242 673 praesunt.
3275 614 3299 650 ι
3336 590 3408 652 Ει
3430 591 3640 653 existi-

1993 689 2150 742 mate
2181 680 2383 742 illos.»
2428 680 2499 742 Et
2547 680 2774 742 ducatis
2820 681 2955 742 illos
3002 680 3060 742 in
3110 682 3396 742 cbaritate
3445 688 3636 742 vestra

1995 768 2218 833 debere
2249 788 2380 831 esse
2407 787 2421 833 :
2454 770 2566 831 bac
2598 779 2709 845 est,
2743 770 2941 832 ducite
2975 770 3139 847 ipsos
3160 770 3369 849 dignos
3387 788 3516 832 esse
3539 770 3643 852 qui

1996 856 2352 934 diligantur:
2382 876 2573 939 neque
2591 857 2650 919 id
2674 857 2883 938 exiguo
2910 857 3108 938 modo,
3133 858 3238 919 sed
3258 860 3643 922 vehementer

1996 962 2175 1024 supra
2202 943 2468 1006 modum.
2499 944 2707 1024 Magna
2720 952 3018 1007 estautem
3037 944 3363 1007 intensioin
3382 946 3643 1008 dictione

1995 1034 2438 1113 ὑπερεκπερισσοῦ
2490 1042 2730 1114 propter
2779 1034 3075 1113 geminam
3120 1032 3639 1113 compositionem,

1993 1139 2212 1203 nempe
2265 1122 2730 1202 pmpositionem
2918 1130 2977 1183 et
3004 1123 3085 1185 ἑκ.
3125 1144 3155 1180 σ
3195 1124 3444 1203 Propter
3492 1141 3643 1204 opus

1993 1209 2257 1283 illorum,
2288 1235 2313 1265 ι
2352 1211 2510 1292 quod
2566 1218 2850 1290 praestant
2898 1229 3037 1290 erga
3079 1229 3198 1273 vos.
3240 1209 3545 1291 Siquidem
3582 1212 3643 1274 hi

1996 1298 2169 1361 vobis
2197 1299 2519 1361 conferunt
2558 1298 2924 1378 baptismum
2956 1311 3015 1361 et
3045 1299 3401 1381 doctrinam,
3437 1301 3642 1363 scien—

1990 1390 2249 1471 tiamque
2279 1409 2346 1453 ac
2376 1391 2792 1472 mysteriorum
2815 1391 3351 1473 participationem.
3389 1391 3639 1455 «Pacem

245 1484 470 1550 habete
525 1483 587 1545 in
614 1483 958 1564 vobisipsis.
997 1511 1017 1540 ι
1066 1483 1249 1548 Vides
1278 1482 1435 1565 quod
1471 1481 1701 1545 noverit
1733 1478 2074 1544 inimicitias
2105 1479 2249 1541 oriri
2300 1499 2439 1559 erga
2498 1489 2893 1562 praeceptores
2935 1479 2966 1539 ‘?
2994 1479 3226 1543 Etenim
3259 1480 3537 1562 quoniam
3574 1500 3642 1544 ea

250 1593 387 1657 qua:
420 1590 601 1654 prava
627 1580 764 1635 sunt
791 1582 1063 1652 arguunt,
1100 1574 1410 1655 malosque
1440 1579 1748 1653 coercent,
1777 1571 1914 1635 odio
1947 1567 2241 1657 habentur
2269 1589 2404 1631 cum
2437 1569 2621 1657 amari
2654 1568 2975 1635 deberent.

341 1687 366 1718 ι
441 1662 859 1744 Παρακαλοῦμεν
926 1661 983 1719 δὲ
1042 1665 1204 1743 ὑμᾶς,
1312 1662 1545 1744 ἀδελφοὶ,
1617 1666 1906 1719 νουθετεῖτε

2075 1656 2146 1733 V,
2178 1659 2381 1721 14-15.
2426 1656 2688 1721 Obsecro
2718 1665 2920 1722 autem
2950 1677 3074 1732 vos,
3124 1661 3376 1738 fratres,
3408 1667 3647 1725 monete

250 1755 376 1818 τοὺς
446 1752 730 1831 ἀτάκτως,
838 1755 1232 1832 παραμυθεῖσθε
1324 1753 1446 1817 τοὺς
1517 1751 1903 1831 ὀλιγοψύχους,

1996 1745 2789 1809 inordinatos.consolemini
2813 1747 3260 1827 pusillanimes,
3294 1749 3643 1831 Opitulemi-

249 1843 549 1922 ἀντέχεσθε
657 1843 763 1898 τῶν
897 1840 1151 1913 ἀσθενῶν,
1284 1842 1674 1918 μακροθυμεῖτε
1775 1838 1906 1915 πρὸς

1996 1836 2062 1896 ni
2091 1835 2374 1913 inﬁrmis.
2405 1836 2705 1915 patientes
2730 1844 2917 1899 estote
2952 1854 3095 1914 erga
3141 1854 3365 1900 omnes.
3441 1839 3644 1903 Videte

245 1911 482 2004 πάντας,
516 1932 670 2009 δρᾶτε
729 1930 807 2006 μή
863 1951 946 1994 τις
998 1930 1164 1986 κακὸν
1206 1928 1321 1984 ἀντὶ
1363 1936 1529 1986 κακοῦ
1555 1950 1658 1983 τινι
1701 1923 1906 2009 ἀποδῷ,

1996 1939 2067 1983 ne
2115 1911 2252 2003 quis
2294 1911 2522 1985 malum
2569 1942 2679 2004 pro
2727 1928 2895 1988 malo
2943 1911 3217 2006 cuipiam
3263 1926 3508 2008 reddat,
3540 1929 3646 1992 sed

247 2019 391 2076 ma
419 2005 649 2076 πάντοτε
678 2005 739 2076 τδ
781 2020 979 2099 ἀγαθὸν
1020 2016 1258 2092 διώκετε,
1291 2018 1378 2073 καὶ
1427 2018 1498 2082 εἷς
1526 2014 1794 2087 ἀλλήλους
1822 2005 1906 2071 καῖ

1996 2027 2223 2090 εωηρεν
2244 2012 2399 2091 quod
2430 2012 2647 2075 bonum
2679 2021 2770 2075 est
2813 2005 3143 2088 sectamini,
3190 2022 3318 2077 tum
3357 2005 3510 2096 erga
3539 2034 3644 2079 vos

248 2115 328 2175 ei;
372 2112 608 2175 πάννας,
654 2128 684 2164 ι

1996 2101 2277 2177 invicem,
2309 2109 2437 2163 tum
2466 2119 2611 2181 erga
2642 2120 2868 2166 omnes.

355 2200 373 2223 ’
407 2203 606 2257 νταῦθα
646 2201 775 2279 πρὸς
817 2199 940 2264 τοὺς
984 2196 1324 2261 διδασκάλους
1368 2196 1723 2256 ἀποτείνεται.
1767 2206 1906 2255 Nou-

2074 2191 2184 2255 Hic
2214 2194 2286 2255 ad
2319 2203 2714 2275 praeceptores
2741 2214 3079 2258 sermonem
3122 2196 3340 2277 dirigit.
3374 2198 3640 2273 Monete,

256 2294 471 2346 θεζεῗτε
500 2289 650 2369 φησί.
708 2289 798 2357 Μὴ
851 2288 958 2345 ἀπὸ
1011 2285 1279 2351 αὐθαδείας
1339 2284 1716 2356 ἐπιπλήττετε,
1776 2284 1906 2341 ἀλλά

1996 2281 2203 2363 inquit.
2238 2284 2322 2344 Ne
2354 2282 2745 2363 pervicaciter
2772 2284 3122 2367 objurgetis,
3158 2286 3265 2348 sed
3296 2304 3429 2347 cum
3466 2305 3639 2348 man-

265 2379 409 2455 μετά
464 2378 762 2457 πρᾳότητος
819 2381 1134 2439 νουθετεῖτε,
1197 2373 1416 2443 Ἐπειδὴ
1470 2376 1570 2453 γὰρ
1627 2377 1768 2430 οὗτοι
1826 2372 1906 2430 δι-

1996 2371 2309 2434 suetudine
2323 2373 2638 2434 admonete
2668 2374 2815 2436 Nam
2834 2376 3109 2455 quoniam
3126 2374 3186 2436 hi
3203 2373 3466 2455 perversi
3479 2384 3640 2451 sunt,

260 2464 623 2544 εστραμμένοι
655 2467 774 2539 εἰσὶ,
845 2465 1034 2524 πλεῖον
1090 2465 1277 2528 αὖτοὺς
1318 2467 1354 2532 ἡ
1397 2461 1677 2530 ἐπιπληξις
1707 2463 1906 2541 ἀγριοτ.

1996 2459 2327 2539 objurgatio
2378 2461 2698 2524 ferociores
2729 2462 2890 2542 ipsos
2929 2464 3229 2526 redderet.
3264 2462 3643 2526 Inordinatos

263 2553 562 2617 Ἀτάκτους
605 2552 659 2610 δέ
714 2576 841 2634 φησι
924 2555 1045 2617 τοὺς
1113 2554 1253 2633 παρὰ
1305 2552 1405 2619 τὴν
1448 2550 1591 2619 τάξιν
1655 2551 1753 2618 τὴν
1811 2550 1906 2607 ὑπὸ

1999 2557 2199 2610 autem
2232 2549 2371 2612 dicit
2404 2568 2508 2611 eos
2542 2549 2641 2631 qui
2674 2551 2897 2613 faciunt
2916 2558 3127 2632 praeter
3152 2552 3427 2614 ordinem
3455 2571 3489 2613 a
3516 2551 3640 2615 Deo

263 2650 401 2702 Θεοῦ
485 2644 784 2720 ὁρισθεῖσαν
849 2642 1203 2722 πράττοντας.
1298 2670 1320 2699 ι
1381 2643 1741 2720 Παραμυθεῖτε
1799 2640 1906 2722 τοὺς

2000 2636 2328 2699 deﬁnitum.
2364 2663 2391 2694 α
2413 2637 2812 2702 Consolemini
2831 2639 3298 2720 pusillanimes.»
3334 2638 3646 2703 Pusillani-

250 2731 644 2810 ὀλιγοψύχους.
715 2749 737 2780 I
815 2720 1179 2810 Ὀλιγόψυχός
1255 2729 1396 2786 ἔστιν
1448 2731 1477 2785 ὁ
1544 2728 1767 2806 ῥᾴθυμος
1821 2720 1906 2784 καί

2002 2725 2117 2788 mis
2155 2735 2243 2788 est
2285 2727 2483 2804 segnis
2514 2734 2571 2788 et
2601 2727 2933 2809 languidus,
2968 2747 3084 2790 non
3117 2729 3314 2790 ferens
3364 2729 3638 2810 injuriam

258 2809 683 2891 ἀναπεπτὼκὼς,
741 2822 831 2877 καὶ
886 2821 965 2894 μὴ
1046 2809 1217 2900 φέρων
1311 2817 1452 2895 ῧὸρίν
1506 2818 1543 2884 ἢ
1613 2817 1789 2892 θλίψιν
1870 2817 1906 2884 ἦ

1996 2819 2093 2900 aut
2121 2814 2510 2877 afﬁictionem
2567 2834 2669 2877 seu
2710 2817 3183 2897 persecutionem
3234 2835 3342 2900 pro
3379 2809 3637 2883 Christi

250 2909 555 2986 πειρασμὸν
626 2909 755 2986 ὑπὲρ
804 2899 1066 2986 Χριστοῦ.
1129 2908 1262 2971 Τοὺς
1329 2907 1419 2964 οὖν
1471 2906 1759 2979 τοιούτους,
1831 2908 1906 2970 ὡς

1998 2899 2173 2964 Tales
2229 2903 2426 2985 itaque
2483 2912 2762 2985 tanquam
2836 2904 3154 2967 dissolutos
3220 2906 3636 2972 consolemini.

256 2995 642 3072 ἔκλελυμένους
688 2999 1106 3076 παραμυθεῖσθε.
1168 3026 1190 3055 ο
1244 2994 1562 3075 Ἀντέχεσθε
1608 3001 1713 3052 τῶν
1763 2995 1906 3051 ἀσθε-

2001 3014 2030 3047 α
2063 2990 2450 3073 Opitulemini
2472 2993 2803 3056 inﬁrmos.»
2839 2994 3053 3059 Affecti
3080 2994 3231 3070 sitis,
3264 2996 3635 3060 conﬁrmate.

254 3086 510 3143 νούντων.
585 3101 612 3134 ι
684 3084 1091 3153 Ἀντιποιετοθε,
1161 3085 1554 3163 ὕποστηρίζετε.
1639 3081 1906 3147 Ἀσθενετς

1996 3078 2269 3142 [nﬁrmos
2297 3090 2494 3144 autem
2525 3082 2646 3145 sive
2668 3082 3001 3146 imbecilles
3032 3084 3171 3146 dicit
3192 3102 3296 3146 eos
3312 3084 3412 3166 qui
3438 3085 3638 3166 hujus-

255 3172 314 3230 δέ
355 3195 488 3252 φησι
541 3174 663 3236 τοὺς
710 3175 827 3252 περὶ
886 3175 989 3242 τὴν
1043 3172 1219 3229 πίστιν
1286 3174 1575 3237 τοιούτους.
1628 3170 1758 3230 Οἷτε
1806 3173 1906 3251 γὰρ

1996 3168 2152 3230 modi
2181 3178 2318 3231 sunt
2345 3172 2502 3233 circa
2532 3170 2734 3235 ﬁdem.
2777 3172 2896 3233 181
2937 3171 3141 3254 Neque
3172 3171 3329 3234 enim
3363 3173 3471 3236 bos
3492 3175 3637 3238 des-

256 3263 460 3319 τούτων
505 3275 856 3340 καταφρονεῖν
924 3261 1037 3341 χρὴ
1121 3262 1195 3325 ὡς
1264 3261 1354 3317 καὶ
1423 3260 1665 3340 ἀλλαχοῦ
1721 3282 1851 3341 φησι
1886 3276 1901 3292 ⁶

262 3378 287 3409 σ
322 3352 428 3409 Τὸν
489 3348 543 3406 δὲ
597 3351 913 3408 ἀσθενοῦντα
955 3356 1024 3428 τῇ
1078 3349 1275 3424 πίστει,
1339 3347 1824 3429 προσλαμϐάνεσθε.
1874 3373 1897 3403 ι

250 3472 335 3485 -
385 3461 409 3491 σ
442 3440 844 3517 Μακροθυμεῖτε
885 3441 1017 3519 πρὸς
1085 3439 1311 3504 πάντας,
1347 3460 1371 3492 ι
1447 3437 1610 3496 Τοῦτο
1651 3438 1750 3517 γὰρ
1794 3437 1906 3514 μά·-

248 3527 413 3586 λιστα
469 3525 718 3607 ἁρμόδιον
769 3526 1087 3602 διδασκάλῳ,
1161 3530 1224 3585 τὸ
1295 3530 1679 3606 μακροθυμεῖν.
1737 3533 1906 3585 Τοῦτο

249 3619 343 3673 καὶ
384 3619 513 3682 τοὺς
540 3618 812 3694 ἀκαμπετς
857 3619 1121 3694 κάμπτειν
1160 3616 1382 3697 πέφυκε.
1421 3646 1443 3673 ι
1474 3617 1562 3687 Μή
1624 3638 1697 3681 τις
1740 3617 1905 3673 κακὸν

250 3706 369 3762 ἀντὶ
410 3714 606 3766 κακοῦ.
642 3724 670 3759 ι
702 3708 761 3765 Εἴ
788 3704 843 3763 δὲ
870 3708 1038 3763 κακὸν
1084 3706 1196 3763 ἀντὶ
1238 3712 1405 3763 κακοῦ
1449 3708 1544 3765 οὐκ
1589 3702 1898 3779 ἀποδοτέον,

250 3796 304 3853 τί
362 3796 617 3870 πάθωμεν
688 3798 736 3851 οἱ
817 3796 952 3852 κατὰ
1009 3796 1122 3852 ἀντὶ
1217 3794 1426 3874 ἀγαθῶν
1496 3792 1833 3858 ἀποδιδόντες
1878 3818 1905 3849 ν

328 3881 500 3940 Ἀλλά
559 3884 788 3943 πάντοτε
856 3886 917 3941 τὸ
985 3884 1180 3963 ἀγαθὸν
1248 3882 1488 3945 διώκετε.
1536 3912 1560 3944 ι
1623 3881 1752 3942 Οὔτε
1806 3885 1905 3965 γὰρ

250 3972 437 4049 ἀρκεῖ,
473 3975 626 4054 φησὶ,
672 3975 734 4030 τὸ
782 3975 861 4049 μὴ
903 3970 1185 4029 ἀποδουναι
1226 3973 1390 4029 κακὸν
1436 3979 1514 4048 τῷ
1568 3976 1738 4047 κακῷ,
1771 3971 1906 4031 ἀλλά

255 4062 375 4141 χρὴ
416 4062 509 4117 καὶ
593 4062 789 4140 ἀγαθόν
842 4064 998 4121 αὐτὸν
1054 4059 1377 4137 ἀμείϐεσθαι.
1463 4070 1629 4121 Τοῦτο
1676 4062 1777 4142 γὰρ
1844 4064 1906 4118 τὸ

250 4149 470 4208 διώκειν
518 4152 582 4208 τὸ
626 4152 859 4230 ἀγαθῶν.
907 4153 981 4209 Τὸ
1035 4148 1091 4207 δὲ
1139 4150 1373 4224 διώκειν,
1417 4148 1625 4218 πολλῆς
1679 4148 1908 4219 σπουδῆς

247 4241 326 4302 εἷς
356 4242 418 4297 τὸ
476 4241 548 4296 τὰ
593 4240 763 4320 ἀγαθά
817 4260 1091 4321 πραττειν,
1147 4239 1373 4320 ἔμφασιν
1414 4238 1555 4319 ἔχει.
1620 4265 1643 4299 ι
1678 4241 1778 4297 Καὶ
1835 4242 1908 4304 εἷς

249 4327 551 4396 ἀλληλους.
605 4349 628 4380 ι
706 4327 1002 4400 Ἀλλήλους
1062 4330 1184 4406 μὲν,
1241 4329 1361 4394 τοὺς
1426 4326 1681 4409 ἀδελφοὺς
1737 4326 1905 4407 λέγει.

254 4424 349 4493 Τῷ
377 4416 432 4474 δὲ
488 4419 689 4484 πάντας
760 4419 956 4494 εἰπεῖν,
1027 4419 1115 4475 καὶ
1166 4418 1288 4483 τοὺς
1342 4416 1589 4481 ἀπίστους
1648 4437 1910 4497 συμπερι-

258 4504 452 4566 ἔλαϐε.

344 4611 369 4644 ι
446 4595 678 4652 Πάντοτε
773 4594 1014 4675 χαίρετε,
1113 4592 1460 4658 ἀδιαλείπτως
1554 4594 1911 4675 προσεύχεσθε

1990 3258 2191 3338 picere
2232 3268 2464 3340 oportet
2511 3277 2524 3323 :
2566 3261 3065 3342 quemadmodum
3125 3261 3301 3323 etiam
3331 3263 3469 3326 alibi
3500 3264 3583 3326 ait
3617 3286 3631 3325 :

1995 3348 2181 3409 «Eum
2203 3347 2303 3429 qui
2326 3349 2440 3411 ﬁde
2462 3348 2732 3412 inﬁrmus
2757 3348 3141 3413 estassumite
3163 3351 3639 3416 lin—«Patien-

1991 3442 2078 3497 tes
2109 3444 2297 3499 estote
2330 3456 2468 3516 erga
2499 3457 2727 3503 omnes.
2746 3438 2926 3502 nNam
2950 3440 3063 3501 hoc
3083 3446 3428 3520 praeceptori
3452 3442 3632 3504 maxi.

1988 3542 2084 3586 me
2104 3525 2354 3606 quadrat
2376 3535 2439 3586 ut
2461 3526 2813 3606 longanimis
2834 3524 3061 3588 sit.Hoc
3079 3529 3257 3589 etiam
3279 3527 3638 3590 inﬁexibiles

1990 3620 2187 3674 natum
2214 3623 2303 3675 est
2322 3616 2715 3679 ﬁectere.«Ne
2728 3615 2859 3698 quis
2876 3616 3091 3677 malum
3113 3633 3218 3695 pro
3244 3615 3637 3688 malo.sQuod

1988 3700 2040 3764 si
2062 3702 2281 3765 malum
2305 3720 2410 3783 pro
2436 3703 2590 3765 malo
2612 3723 2731 3766 non
2745 3704 3320 3785 estrependendum,
3354 3704 3637 3786 quidnam

1990 3791 2284 3871 patiemur
2330 3794 2428 3872 qui
2482 3792 2659 3854 etiam
2715 3811 2821 3875 pro
2867 3792 3040 3854 bonis
3086 3792 3240 3855 mala
3278 3793 3641 3856 reddimus?

2000 3901 2024 3936 α
2062 3876 2177 3941 Sed
2208 3898 2448 3961 semper
2478 3882 2634 3963 quod
2668 3880 2886 3943 bonum
2909 3889 3000 3944 est
3025 3881 3398 3945 sectemini.»
3428 3884 3636 3965 Neque

1987 3967 2148 4029 enim
2195 3968 2338 4030 satis
2389 3979 2503 4051 est,
2553 3970 2771 4051 inquit,
2818 3988 2940 4032 non
2986 3971 3239 4033 reddere
3269 3972 3488 4034 malum
3523 3992 3625 4054 pro

1990 4055 2167 4132 malo,
2199 4057 2304 4119 sed
2336 4067 2567 4140 oportet
2620 4059 2774 4121 bona
2829 4077 3065 4141 quoque
3094 4061 3450 4142 rependere.
3487 4061 3631 4124 Nam

1991 4144 2103 4234 boc
2133 4154 2222 4207 est
2242 4147 2463 4210 sectari
2486 4148 2643 4229 quod
2664 4147 2884 4210 bonum
2910 4157 3019 4212 est.
3048 4147 3212 4222 Quod
3241 4158 3437 4213 autem
3467 4151 3635 4234 dicit,

1991 4232 2198 4291 διώκειν
2228 4235 2284 4297 id
2319 4245 2427 4313 est,
2464 4236 2683 4300 sectari
2715 4238 2839 4300 sive
2875 4239 3174 4320 persequi,
3211 4239 3406 4319 magni
3453 4232 3638 4303 cona-L

1993 4329 2085 4383 tus
2113 4323 2185 4384 ad
2216 4323 2370 4387 bona
2419 4326 2759 4407 peragenda
2807 4328 3137 4408 emphasim
3183 4328 3382 4391 habet.
3425 4353 3451 4384 «
3486 4330 3634 4392 Tum

1991 4429 2096 4473 vos
2122 4412 2398 4478 invicem.
2430 4439 2455 4471 ι»
2491 4414 2729 4479 Fratres
2753 4433 2857 4496 per
2886 4417 3000 4478 hoc
3029 4416 3320 4495 designat.
3370 4416 3635 4480 Dicendo

1992 4517 2131 4562 vero
2162 4519 2393 4577 omnes,
2427 4505 2608 4566 etiam
2639 4504 2913 4565 inﬁdeles
2941 4504 3288 4585 complexus
3318 4515 3429 4568 est.

2073 4590 2146 4668 V,
2174 4593 2388 4658 16-22.
2419 4594 2681 4678 Semper
2700 4594 2979 4675 gaudete,
3012 4597 3425 4659 indesinenter
3446 4604 3634 4678 orate,

254 4682 315 4739 ἓν
389 4685 549 4741 παντὶ
629 4688 1022 4764 εὐχαριστεῖτε.
1108 4690 1274 4741 Τοῦτο
1354 4684 1454 4763 γὰρ
1521 4681 1726 4758 θέλημα
1782 4691 1906 4744 Θεοῦ

1996 4682 2061 4745 in
2088 4683 2367 4746 omnibus
2394 4686 2581 4766 agite.
2617 4686 2743 4749 Hoc
2770 4685 2930 4747 enim
2958 4693 3043 4748 est
3072 4686 3361 4749 voluntas
3390 4686 3507 4749 Dei
3521 4704 3639 4767 per

253 4774 313 4828 ira
376 4778 601 4850 Χριστῷ
671 4769 847 4839 Ἰησοῦ
906 4773 980 4835 εἷς
1044 4772 1203 4848 ὑμᾶς.
1236 4773 1310 4830 Τὸ
1374 4778 1585 4848 Πνεῦμα
1617 4772 1695 4847 μὴ
1764 4770 1912 4830 σϐέν-

249 4881 398 4940 me,
464 4863 785 4942 προφητείας
821 4860 902 4937 μὴ
946 4859 1295 4936 ὲξαυθενεττε,
1352 4860 1525 4917 πάντα
1582 4858 1909 4937 δοκιμάζετε,

2001 4771 2314 4837 Christum
2342 4772 2548 4838 Iesum
2576 4790 2722 4855 erga
2765 4790 2891 4836 vos.
2940 4775 3243 4854 Spiritum
3288 4792 3366 4837 ne
3393 4777 3635 4839 exstin-

1994 4867 2219 4944 gnatis,
2247 4865 2595 4945 prophetias
2617 4880 2690 4925 ne
2713 4863 3147 4941 aspernemini.
3175 4863 3394 4927 Omnia
3423 4862 3639 4945 proba-

244 4951 337 5007 καὶ
366 4952 430 5007 τὸ
482 4948 645 5008 καλὸν
701 4950 984 5031 κατέχετε,
1040 4948 1145 5006 ἀπὸ
1200 4950 1396 5014 πάντὸς
1450 4947 1623 5014 εἴδους
1679 4957 1906 5030 πονηροῦ

1996 4956 2072 5032 te,
2106 4951 2266 5031 quod
2294 4951 2516 5015 bonum
2559 4960 2645 5016 est
2691 4958 2904 5016 tenete.
2953 4952 3045 5015 Ab
3087 4954 3252 5016 omni
3278 4958 3466 5035 specie
3489 4951 3638 5015 mali

258 5040 557 5121 ἀπέχεσθε.

334 5131 569 5187 Πάντοτε
618 5131 858 5211 χαίρετε,
923 5137 1023 5188 κᾶν
1074 5135 1149 5195 εἰς
1205 5129 1551 5209 πειρασμοὺς,
1597 5131 1746 5211 φησὶ,
1803 5131 1902 5186 κᾶν

1983 5039 2291 5105 abstinete.

2066 5127 2338 5212 Semper,
2364 5128 2578 5212 inquit,
2599 5130 2875 5208 gaudete,
2900 5129 3026 5192 sive
3055 5128 3116 5193 in
3137 5129 3493 5195 tentationes
3512 5131 3637 5194 sive

250 5219 326 5284 εἰς
357 5216 533 5282 λύπας
579 5218 872 5294 ἒμπὲσητε.
931 5224 1049 5276 Τῶν
1130 5218 1230 5297 γὰρ
1299 5224 1414 5275 νοῦν
1470 5217 1673 5298 ἔχοντι,
1732 5219 1905 5276 πάντα

1996 5217 2047 5280 in
2078 5236 2367 5282 maerores
2394 5219 2643 5282 incideri
2653 5218 2746 5281 tis.
2768 5217 3074 5302 Siquidem
3095 5221 3335 5283 cordato
3358 5221 3484 5284 haec
3501 5241 3636 5284 om-

250 5314 418 5364 ταυτα
461 5312 632 5387 χαρᾶς
686 5308 774 5364 καὶ
847 5306 1119 5387 στεφάνων
1162 5306 1361 5386 γίνεται
1417 5306 1664 5385 πρόξενα.
1724 5309 1795 5366 Τὸ
1851 5304 1904 5363 δὲ

250 5396 489 5477 χαίρειν,
559 5396 741 5477 φησὶν,
813 5395 900 5453 ἐπὶ
958 5402 1143 5476 πᾶσιν,
1206 5395 1313 5452 ἀπὸ
1361 5402 1453 5453 τοῦ
1523 5395 1602 5452 ἀεὶ
1659 5393 1905 5476 εὔχεσθαι

252 5486 630 5564 κατορθιλώείη.
694 5510 717 5541 ι
763 5481 853 5542 Ἐν
906 5484 1064 5540 πάντὶ
1105 5482 1496 5564 εὔχαριστεῖτε.
1530 5502 1553 5533 ι
1605 5480 1694 5541 Ἐν
1724 5485 1903 5565 παντὶ,

251 5572 517 5647 τουτέστι,
560 5574 647 5630 καὶ
703 5572 788 5630 ἐπὶ
839 5585 962 5637 τοῖς
1003 5569 1240 5631 δοκοῦσιν
1291 5570 1542 5638 ἒνάντίοις
1624 5572 1708 5629 καὶ
1764 5575 1906 5655 παρά

333 5724 390 5775 ¹7
420 5725 599 5786 Bom.
634 5736 760 5803 xxv,
796 5727 854 5786 1.

1988 5307 2088 5370 nia
2115 5307 2397 5388 gaudium
2427 5328 2532 5373 seu
2578 5311 2834 5393 palmam
2870 5310 3209 5374 conciliant.
3244 5311 3636 5375 Gaudendum

1988 5404 2184 5459 autem
2226 5398 2372 5462 dicit
2402 5398 2463 5461 in
2494 5400 2774 5464 omnibus
2821 5400 3080 5481 optando
3128 5416 3372 5483 semper
3412 5401 3635 5481 aliquid

1989 5485 2292 5566 egregium
2319 5496 2617 5569 praestare.
2658 5513 2686 5545 ι
2717 5488 2784 5551 In
2815 5487 3100 5552 omnibus
3128 5490 3348 5571 gratias
3377 5491 3560 5570 agite.
3600 5514 3630 5546 ι

1988 5573 2113 5637 Hoc
2143 5582 2256 5652 est,
2287 5574 2348 5637 in
2379 5576 2472 5638 bis
2500 5595 2736 5660 quoque
2782 5577 2968 5642 rebus
3019 5596 3151 5663 quae
3205 5577 3515 5643 contrariae
3544 5578 3636 5643 vi-
