4140 6212
453 320 579 391 103,

1575 320 1818 399 (ΕΟοΜ
1826 322 1925 405 EN
1930 316 1984 383 ΙΙ
2027 316 2323 397 ΤΒ.ῐῦοΕ
2366 314 2697 395 EPISCOPI

3704 314 3821 379 104

446 455 663 518 dentur
692 463 750 518 et
798 462 1010 537 praeter
1038 472 1309 536 scopum.
1366 452 1516 521 Onia
1545 452 1707 515 enim
1740 451 1813 514 ad
1846 451 1905 513 id
1937 449 2101 533 quod.

2185 452 2376 508 τκοπὸν
2442 451 2739 531 πράγμασι.
2802 450 2978 509 Πάντα
3066 452 3166 531 γὰρ
3219 454 3348 532 πρὸς
3423 455 3487 510 τὸ
3560 452 3820 534 συμφέρον

447 543 590 606 utile
621 551 710 606 est
738 543 875 606 facit
895 543 1419 625 Deus,quanquam
1454 561 1562 604 nos
1591 538 2095 622 dispensationem

447 635 578 716 ejus
609 635 975 716 ignoremus.
1016 660 1042 691 οι
1082 634 1220 697 Haec
1266 635 1423 698 cnim
1459 643 1549 698 cst
1580 634 1846 695 Voluntas
1893 631 2024 705 Dei,
2066 659 2088 691 υ

449 733 515 786 ut
543 724 690 804 grati
721 725 850 786 sitis
881 743 1017 802 erga
1047 743 1182 785 eum
1216 723 1315 805 qui
1344 741 1586 804 semper
1616 721 1908 784 beneﬁcia
1944 740 2096 791 me-

450 820 584 876 stat.
627 838 653 868 α
682 811 799 874 Per
830 811 1128 875 Christum
1161 810 1387 875 Jesum.
1430 836 1451 869 ο
1489 810 1633 872 Nam
1664 811 1741 885 ἐν,
1775 809 1832 871 id
1862 817 1977 885 est,
2010 808 2095 886 in,

443 901 682 988 capitur
711 920 815 988 pro
846 900 950 976 διά,
981 900 1059 988 id‘
1073 907 1183 988 est,
1219 917 1346 981 per.
1381 897 1513 981 Ipse
1534 916 1796 988 namque
1819 897 1971 988 hanc
1994 898 2094 959 de-

446 982 531 1050 dit
559 987 929 1068 sapientiam.
965 1009 987 1043 ι
1026 984 1307 1067 Spiritum
1341 1005 1417 1047 ne
1448 984 1893 1064 cxstinguatis.»
1929 982 2091 1056 Quo-

449 1076 604 1139 niam
635 1076 795 1137 enim
856 1094 1117 1157 praesens
1165 1075 1283 1136 vita
1330 1074 1389 1135 in
1442 1074 1706 1135 tenebris
1769 1073 2090 1154 peragitur,

445 1164 611 1226 dedit
642 1164 814 1229 nobis
860 1164 1020 1226 Deus
1059 1164 1363 1226 lucernam
1409 1166 1596 1225 sancti
1650 1158 1930 1244 Spiritus,
1967 1179 2098 1242 qua:

449 1261 710 1317 mentem
760 1261 1019 1314 nostram
1070 1252 1384 1314 illuminet.
1418 1250 1584 1314 Hanc
1634 1250 1811 1330 igitur
1844 1249 2098 1331 Spiritus

452 1342 702 1421 gratiam
737 1360 810 1403 ne
845 1339 1246 1420 exstinguetis,
1281 1341 1383 1419 ait,
1403 1337 1903 1422 quemadmodum
1934 1339 2098 1400 fece-

449 1439 586 1493 runt
639 1430 903 1511 quinque
952 1429 1212 1508 virgines
1241 1430 1318 1490 ‘8.
1356 1429 1681 1509 Exstinguit
1707 1436 1900 1490 autem
1936 1428 2097 1490 illam

450 1518 765 1600 redditque
795 1518 1161 1579 inefﬁcacem
1194 1518 1426 1600 impura
1454 1519 1568 1579 vita
1597 1527 1654 1579 et
1682 1535 1893 1597 expers
1923 1515 2098 1578 beni-

450 1608 711 1687 gnitatis.
736 1642 812 1653 —
834 1608 948 1669 Aut
984 1605 1093 1669 hoc
1121 1608 1322 1670 modo.
1357 1606 1538 1668 Erant
1568 1605 1721 1687 apud
1756 1605 1922 1685 ipsos
1956 1623 2098 1687 pro-

455 1696 647 1777 phetaa
667 1715 734 1758 ac
766 1695 1318 1776 pseudoprophetaa,
1345 1695 1449 1757 sed
1473 1696 1743 1777 quisnam
1779 1712 1951 1757 verus
1998 1712 2100 1755 es-

2176 553 2324 597 ποιεϊ
2352 542 2379 597 ὁ
2409 541 2558 612 Θεὸς,
2608 539 2704 596 κᾶν
2755 541 2917 614 ἡμεῖς
2962 538 3223 618 ἆγνοῦμεν
3280 543 3435 598 αὐτοῦ
3484 543 3577 606 τὰς
3609 542 3818 599 οἰκονο-

2179 631 2324 705 μίας.
2373 655 2400 688 α
2434 635 2599 686 Τοῦτο
2626 629 2749 707 γὰρ,
2795 629 2925 708 φησὶ
2970 627 3179 705 θέλημα
3230 637 3381 706 Θεοῦ,
3420 656 3441 687 ι
3502 633 3565 689 τὸ
3608 631 3820 712 εὐχαρί-

2178 739 2333 781 στους
2382 717 2523 775 εἶναι
2580 719 2710 797 πρὸς
2777 718 2869 773 τὸν
2920 717 3000 774 ἀεὶ
3055 718 3442 798 εὒεργετοῦντα.
3512 748 3535 778 ι
3564 720 3658 779 Ἐν
3687 728 3818 799 Χρι-

2180 814 2290 883 στῷ
2329 804 2528 874 Ἰησοῦ,
2577 822 2601 855 ι
2655 809 2784 863 Οἷον
2843 803 2927 862 διὰ
2983 814 3209 886 Χριστοῦ
3265 806 3463 876 Ἰησοῦ.
3523 811 3689 875 Αὐτὸς
3717 810 3818 888 γὰρ

2174 897 2369 964 ταύτην
2424 893 2615 961 ἐδίδαξε
2670 895 2770 963 τὴν
2845 893 3150 977 φιλοσοφίαν
3263 920 3285 948 ι
3330 901 3403 957 Τὸ
3472 905 3683 975 Πνεῦμα
3737 898 3817 973 μὴ

2175 984 2439 1045 σϐέννυτε.
2476 1010 2501 1041 ο
2545 980 2765 1052 Ἐπειδὴ
2807 985 2956 1063 γὰρὸ
2997 986 3180 1065 παρὼν
3220 985 3333 1062 βίος
3381 986 3435 1042 ἐν
3477 987 3653 1044 σκότει
3696 983 3817 1043 δια-

2177 1076 2475 1155 πορεύεται,
2545 1072 2742 1130 ’έδωπεν
2799 1075 2934 1148 ἡμῖν
3030 1076 3059 1130 ὁ
3104 1076 3233 1138 Θεὸς
3289 1075 3388 1144 τὴν
3429 1072 3679 1153 λαμπάδα
3726 1081 3819 1131 τοῦ

2178 1168 2326 1245 ἁγίου
2381 1165 2688 1232 Πνεύματος
2741 1165 3061 1246 φωτίζουσαν
3120 1168 3274 1243 ἡμῶν
3347 1169 3410 1223 τὸ
3474 1167 3817 1246 ἡγεμονικόν.

2179 1255 2386 1321 Ταύτην
2442 1254 2553 1330 οὖν,
2605 1255 2754 1333 φησὶ,
2826 1268 2926 1321 την
2983 1255 3142 1334 χοίριι
3210 1262 3301 1311 τοῦ
3358 1257 3660 1331 Πνεύματος
3738 1255 3819 1331 μὴ

2180 1340 2421 1400 σϐέννυτε
2477 1346 2550 1407 ὡς
2609 1346 2661 1400 αἱ
2703 1342 2860 1400 πέντε
2902 1343 3170 1423 παρθένοι.
3244 1342 3488 1401 Σϐέννυσι
3543 1341 3599 1401 δὲ
3657 1345 3819 1411 αὗτὴν

2182 1433 2269 1489 καὶ
2310 1431 2655 1512 ἆνενέργητον
2697 1444 2860 1512 ποιεῖ
2887 1432 3177 1511 ἀκάθαρτος
3229 1432 3340 1510 βίος
3383 1436 3470 1492 καὶ
3516 1432 3817 1511 ἆνελεημο-

2180 1520 2310 1587 σύνη
2370 1548 2392 1579 ι
2446 1507 2738 1585 Πόύτως..
2772 1549 2794 1579 ι
2829 1507 2997 1601 Ἠσαν
3037 1507 3163 1603 παρ’
3222 1507 3402 1586 αὐτοῖς
3431 1507 3818 1602 προφῆται-καὶ

2182 1607 2634 1690 ψευδοπροφῆται,
2706 1607 2842 1666 ἀλλᾶ
2884 1609 2961 1674 τίς
3031 1611 3059 1665 ὀ
3112 1607 3316 1678 ἀληθὴς
3382 1613 3481 1692 πρὸ
3552 1606 3817 1674 ἐκϐάσεως

2183 1696 2377 1765 ἄδηλος
2417 1698 2504 1767 ἦν.
2534 1699 2683 1756 Ἐπεὶ
2713 1700 2801 1756 οὖν
2845 1699 2938 1757 οὔκ
2989 1697 3200 1775 ᾔδεισαν
3247 1701 3368 1765 τοὺς
3412 1697 3648 1777 ψευδεῖς,
3678 1701 3823 1758 πάν-

454 1792 564 1857 set,
597 1792 732 1847 ante
760 1784 849 1846 rei
879 1792 1158 1846 eventum
1191 1784 1483 1847 incertum
1513 1795 1661 1845 erat.
1694 1782 1984 1855 Quoniam
2008 1800 2076 1843 er

2185 1807 2268 1851 τες
2350 1784 2536 1844 λοιπὸν
2610 1785 2799 1867 μίγδην
2896 1787 3293 1867 ἀνεστρέφοντο.
3367 1791 3535 1856 Φησὶν
3591 1789 3703 1864 οὖν,
3748 1790 3823 1846 Τὸ

453 1892 528 1948 go
563 1892 679 1935 non
712 1882 1001 1935 noverant
1032 1872 1231 1949 falsos,
1268 1875 1396 1934 I82
1411 1890 1616 1935 omnes
1647 1872 1932 1952 deinceps
1957 1870 2101 1931 mix-

2187 1880 2395 1951 Πνεῦμα
2439 1877 2516 1952 μῆ
2578 1874 2840 1957 σϐέννυτε,
2891 1876 3152 1952 τουτέστι,
3216 1879 3276 1936 τὸ
3332 1877 3572 1958 χάρισμα
3604 1878 3706 1955 ’μὴ
3738 1878 3827 1934 ὲκ-

452 1941 556 2024 tim
587 1941 1228 2024 conversabanturAit
1248 1980 1388 2042 ergo
1414 1982 1427 2023 :
1458 1960 1745 2042 Spiritum
1770 1976 1844 2021 ne
1866 1941 2101 2021 .exstin-

2185 1941 2451 2044 «ppidum:-
2489 1941 2577 2022 καὶ
2623 1941 2853 2023 κωλύετε
2895 1973 2971 2042 τῷ
3020 1941 3432 2046 ἀποστρέφεσθαι
3480 1941 3567 2023 καὶ
3734 1966 3825 2040 έᾷν

455 2051 686 2131 gnatis:
723 2050 836 2112 hoc
880 2057 989 2123 est,
1036 2050 1280 2113 domum
1324 2070 1398 2112 ne
1429 2048 1781 2132 exprimatis
1805 2056 1865 2111 et
1893 2047 2101 2127 prohi—

2185 2051 2393 2115 λαλεῖν,
2446 2074 2469 2110 ι
2521 2055 2846 2135 Προφητείας
2894 2056 2973 2131 μὴ
3020 2054 3356 2121 ἐξουθενεῖτε,
3407 2073 3438 2116 ι
3471 2056 3697 2135 Εἴρηται
3724 2057 3825 2133 γὰρ

458 2140 667 2222 beatis,
702 2139 1023 2202 avertendo
1063 2146 1122 2199 et
1151 2159 1269 2201 non
1300 2140 1553 2203 sinendo
1588 2139 1811 2220 loqui.c
1845 2137 2101 2218 Prophe-

2185 2140 2265 2197 ὅτι
2319 2142 2575 2224 προφάσει
2618 2150 2724 2199 τῶν
2766 2141 3232 2224 ψευδοπροφητῶν,
3284 2146 3373 2201 καὶ
3426 2145 3549 2208 τοὺς
3602 2143 3823 2211 ἀληθεῖς

455 2229 566 2291 tias
594 2247 669 2291 ne
699 2227 1165 2311 aspernemini»
1191 2229 1418 2291 Dictum
1446 2239 1535 2292 est
1556 2228 1714 2291 enim
1749 2226 1904 2308 quod
1924 2244 2100 2287 occa-

452 2318 622 2379 sione
651 2316 1328 2401 pseudoprophetarum,
1365 2319 1541 2380 etiam
1565 2335 1735 2379 veros
1763 2324 2105 2377 contemne-

459 2405 622 2467 bant.
665 2431 689 2461 σι
740 2405 958 2469 Omnia
1001 2404 1271 2487 probate.
1310 2432 1337 2463 π
1375 2406 1525 2479 Quid
1585 2405 1765 2485 igitur
1819 2403 2104 2465 faciemus

458 2502 702 2576 propter
733 2493 956 2574 pseudo
991 2494 1355 2574 prOphelas?
1384 2494 1572 2568 Quid?
1602 2493 1802 2555 omnia
1833 2492 2096 2573 probate,

454 2591 512 2643 ct
532 2582 685 2664 quod
724 2582 943 2643 bonum
974 2591 1087 2658 est,
1123 2583 1236 2645 hoc
1265 2590 1374 2651 est.
1403 2602 1572 2645 veros
1599 2582 1913 2664 prophetas
1943 2588 2104 2642 tene-

454 2678 536 2745 te,
580 2678 638 2733 et
668 2673 726 2731 in
759 2670 948 2752 pretio
979 2669 1279 2734 habetote.
1320 2696 1349 2729 ι
1376 2671 1467 2734 Ab
1520 2670 1684 2733 omni
1730 2669 1931 2751 specie
1962 2669 2103 2732 mali

449 2759 763 2823 abstinete.
800 2781 827 2819 ι
877 2759 1076 2821 Potest
1120 2760 1367 2842 quidem
1416 2760 1582 2841 juxta
1615 2758 2101 2840 consequentiam

451 2847 524 2910 ad
566 2847 1117 2930 pseudOprophetas
1146 2848 1326 2911 etiam
1359 2850 1469 2911 hoc
1500 2847 1711 2930 aptari,
1756 2855 1949 2930 potest
1991 2864 2101 2909 au-

455 2947 572 3002 tem
604 2949 664 3003 et
691 2938 765 3002 ad
797 2947 1063 3021 peccata.

1075 3032 1319 3098 CAPUT
1365 3033 1492 3098 Vll.

452 3127 705 3185 Precatio
731 3126 799 3185 de
822 3127 1536 3271 sanctiﬁcatiozgrsgiritun
1589 3131 1641 3186 et
1660 3126 1863 3186 anim
1899 3129 1952 3184 et
1978 3139 2105 3183 cor-

535 3280 610 3359 ν,
633 3280 854 3346 23-28.
886 3280 1024 3363 Ipse
1043 3287 1244 3346 autem
1265 3283 1423 3347 Deus
1450 3284 1621 3366 paris
1648 3281 1984 3364 sanctiﬁcat
2001 3280 2155 3344 vos“-

454 3377 633 3435 totos:
666 3377 725 3434 et
743 3376 975 3452 integer
989 3379 1188 3434 vester
1205 3373 1462 3453 spiritus
1482 3378 1539 3436 et
1558 3372 1773 3435 anima
1792 3378 1849 3434 et
1865 3387 2106 3451 corpus,

453 3458 628 3522 modo
672 3458 1213 3540 irreprehensibiti,
1233 3467 1300 3522 in
1321 3461 1586 3525 adventu
1634 3460 1886 3523 Domini
1911 3457 2109 3521 nostri

450 3549 591 3613 Jesu
622 3548 851 3612 Christi
878 3556 1179 3613 servetur.
1212 3549 1459 3613 Fidelis
1488 3551 1689 3629 estqui
1735 3549 1973 3611 vocavit
2001 3564 2109 3609 vos

456 3638 563 3718 qui
605 3637 767 3700 idem
794 3637 1032 3716 efﬁciet.
1063 3637 1346 3716 Fratres,
1375 3646 1544 3701 orate
1561 3655 1674 3719 pro
1700 3636 1892 3700 nobis.
1914 3633 2104 3699 Salu-

454 3732 576 3789 tate
602 3727 828 3804 fratres
856 3743 1062 3789 omnes
1087 3745 1222 3790 cum
1254 3727 1457 3791 osculo
1485 3736 1717 3790 sancto.
1745 3727 1987 3804 Adjuro
2003 3742 2107 3787 vos

443 3831 561 3895 per
588 3814 1024 3893 Dominum,ut
1048 3814 1288 3895 legatur
1323 3817 1451 3880 haec
1491 3815 1777 3898 Epistola
1823 3813 2104 3877 omnibus

450 3900 682 3964 sanctis
735 3904 1063 3980 fratribus.
1140 3905 1352 3966 Gratia
1412 3904 1663 3968 Domini
1715 3905 1904 3967 nostri
1956 3904 2105 3966 Jesu

458 3989 692 4055 Christi
717 3996 796 4054 sit
824 3990 1150 4057 vobiscum.
1177 3993 1391 4055 Amen.

535 4168 676 4232 Post
721 4169 1087 4233 admonitem
1136 4180 1441 4255 precatur,
1484 4181 1547 4236 ut
1597 4192 1669 4237 ex
1727 4176 1891 4238 omni
1940 4180 2106 4256 parte

454 4259 834 4323 securitatem
885 4260 1161 4325 habeant.
1200 4287 1226 4319 ο
1254 4262 1456 4325 Totos.
1483 4286 1507 4317 υ
1538 4263 1663 4326 Hoc
1695 4272 1812 4347 est,
1843 4266 2106 4345 integros

2184 2228 2448 2293 διέπτυον,
2490 2253 2512 2287 α
2566 2231 2739 2289 Πάντα
2787 2230 3116 2308 δοκιμάζετε,
3153 2256 3181 2289 n
3244 2233 3304 2290 Τί
3357 2233 3445 2290 οὖν
3500 2235 3816 2310 ποιήσομεν,

2184 2321 2333 2400 φησὶ,
2366 2319 2449 2377 διὰ
2503 2322 2624 2386 τοὺς
2684 2319 3167 2403 ψευδοπροφήταςς
3227 2322 3321 2402 Τί,
3377 2321 3551 2377 Πάντα
3593 2319 3822 2397 δοκιμά-

2183 2415 2321 2483 ζετε,
2352 2409 2440 2465 καὶ
2467 2410 2529 2465 τὸ
2570 2407 2757 2488 καλὸν,
2828 2410 3087 2485 τουτέστι,
3132 2410 3255 2473 τοὺς
3297 2407 3507 2476 ἀληθεὶς
3548 2412 3824 2489 προφήτας

2184 2498 2472 2577 κατὰχετε,
2504 2499 2590 2555 καὶ
2647 2500 2765 2578 περὶ
2817 2497 3018 2555 πολλοῦ
3060 2502 3313 2561 κοιετσθε.
3373 2516 3403 2557 ι
3445 2498 3581 2555 Ἀπὸ
3629 2502 3826 2566 παντὸς

2186 2584 2356 2649 εἴδους
2413 2595 2648 2667 πονηροῦ
2686 2587 2973 2667 ἀπέχεσθε.
3024 2612 3053 2645 ι
3105 2589 3325 2645 Δύναται
3409 2588 3506 2665 μὲν
3560 2592 3693 2645 κατὰ
3761 2591 3825 2645 τὸ

2185 2674 2492 2757 ἀκόλουθον,
2549 2678 2639 2733 καὶ
2666 2678 2754 2757 Δεἰς
2812 2678 2933 2741 τοὺς
2994 2675 3433 2757 ψευδοπροφήτας
3490 2679 3645 2735 τὸῠτο
3688 2701 3825 2746 νοη-

2183 2757 2361 2832 θῆναι,
2408 2754 2615 2814 δύναται
2660 2754 2715 2813 δὲ
2745 2759 2833 2814 καὶ
2863 2759 2937 2821 εἰς
2966 2754 3344 2837 ἁμαρτήματα,

2824 3031 3076 3086 sema.
3109 3014 3188 3086 z'.

2190 3134 2216 3167 α
2280 3114 2434 3197 Εύχή
2494 3114 2612 3194 περὶ
2666 3114 2931 3194 ἆγιασμοῦ
2987 3115 3285 3191 πνεύματος
3350 3116 3439 3171 καὶ
3482 3118 3666 3197 ψυχῆς
3737 3116 3825 3171 καὶ

2265 3193 2537 3270 σώματος.
2569 3193 2603 3249 γι

2273 3304 2302 3337 ιι
2333 3282 2498 3348 Αὐτὸς
2546 3280 2602 3339 δὲ
2644 3286 2673 3341 ὁ
2743 3285 2873 3349 Θεὸς
2928 3285 3029 3351 τῆς
3087 3286 3325 3365 εἰρήνης,
3414 3285 3625 3364 ἁγιάσαι
3685 3286 3824 3362 ὑμᾶς

2188 3369 2480 3448 ὁλοτελεῖς,
2566 3374 2655 3430 καὶ
2724 3371 3017 3454 ὁλόκληρον
3082 3375 3228 3451 ὑμῶν
3310 3376 3371 3431 τὸ
3460 3383 3668 3451 πνεῦμα
3739 3376 3829 3431 καὶ

2187 3464 2223 3531 ἡ
2295 3463 2450 3543 ψυχῆ
2494 3464 2582 3521 καὶ
2621 3464 2683 3519 τὸ
2753 3465 2909 3540 σῶμα
2979 3462 3273 3539 ἀμέμπτως
3327 3464 3381 3521 ἐν
3436 3468 3505 3540 τῇ
3574 3465 3832 3543 παρουσίᾳ

2187 3558 2280 3609 τοῦ
2390 3552 2578 3632 Κυρίου
2677 3552 2824 3629 ὑμῶν
2947 3552 3124 3621 Ἰησού
3236 3560 3459 3633 Χριστοῦ
3544 3555 3826 3633 τηρηθείη.

2193 3642 2386 3704 Πιστὸς
2454 3642 2484 3697 ὸ
2550 3639 2729 3697 καλῶν
2768 3642 2905 3717 ὑμᾶς
2987 3644 3044 3706 ὃς
3099 3643 3186 3699 καὶ
3249 3644 3485 3713 ποιήσει.
3559 3639 3828 3723 Ἀδελφοὶ.

2185 3729 2543 3809 προσεύχεσθε
2616 3730 2736 3809 περὶ
2807 3732 2984 3807 ἡμῶν,
3076 3727 3408 3789 Ἀσπάσασθε
3480 3732 3599 3796 τοὺς
3665 3728 3829 3787 ἀδελ-

2184 3817 2309 3899 φοὺς
2380 3817 2584 3885 πάντας
2648 3818 2703 3875 ἐν
2757 3818 3044 3899 φιλήματῳ
3071 3820 3228 3899 ἁγίῳ.
3301 3812 3518 3901 Ὀρκίζω
3572 3817 3627 3875 δὲ
3690 3821 3831 3897 ὑμᾶς

2190 3904 2276 3964 διὰ
2305 3909 2397 3965 τὸν
2466 3909 2680 3989 Κύριον,
2736 3908 3134 3987 ἀναγνωσθῆναι
3176 3910 3277 3977 τὴν
3336 3907 3655 3977 Ἐπιστολὴν
3697 3917 3829 3967 πᾶσι

2186 4010 2304 4063 τοῖς
2360 3997 2530 4077 ἁγίοις
2592 3996 2861 4076 ἀδελγοτς.
2936 3990 2999 4056 Ἦ
3070 3998 3228 4080 χάρις
3297 4008 3389 4058 τοῦ
3431 3998 3616 4078 Κυρίου
3672 4000 3831 4075 ἡμῶν

2190 4082 2368 4154 Ἰησοῦ
2397 4090 2634 4167 Χγεστοῦ
2662 4086 2780 4164 μεθ’
2819 4088 2988 4164 ὑμῶν.
3024 4084 3223 4164 Ἀμήν.
3271 4110 3300 4143 ι

2267 4175 2414 4232 Μετὰ
2521 4175 2620 4244 τὴν
2676 4173 2979 4253 συμϐουλὴν
3061 4175 3345 4257 ἐπεύχεται
3436 4179 3648 4257 αὐτοῖς,
3734 4176 3833 4234 ἵνα

2186 4262 2239 4330 ἐξ
2298 4264 2547 4344 ἑκατέρου
2627 4267 2689 4322 τὸ
2756 4265 2987 4347 ἀσφαλὲς
3060 4256 3283 4346 ἔχωσιν.
3355 4288 3378 4322 α
3431 4256 3755 4330 Ὀλοτελεϊς,
3796 4290 3827 4321 ι

455 4355 516 4410 et
544 4366 652 4430 per
679 4347 908 4413 omnia.
946 4373 970 4408 ι
1000 4349 1257 4432 Spiritus
1286 4359 1343 4414 et
1372 4354 1620 4414 anima»
1651 4353 1937 4435 Spiritum
1964 4352 2101 4414 dicit

2188 4353 2487 4429 Τουτέστιν,
2519 4353 2697 4436 ὅλους,
2720 4353 2788 4411 δι’
2817 4355 2979 4417 ὅλων.
3018 4379 3043 4411 α
3072 4358 3143 4414 Τὸ
3169 4361 3375 4431 πνεῦμα
3402 4356 3489 4412 καὶ
3515 4356 3551 4423 ἡ
3582 4357 3761 4436 ψυχή.
3797 4380 3828 4411 ι

454 4437 647 4519 ipsum
680 4436 967 4520 Spiritum
1012 4447 1279 4502 sanctum
1324 4440 1448 4503 sive
1487 4441 1731 4522 gratiam
1769 4460 1900 4524 quae
1927 4440 2000 4504 ab
2033 4458 2103 4503 eo

456 4534 569 4602 est,
599 4543 778 4609 quem
807 4525 970 4608 ipsos
987 4527 1211 4590 servari
1239 4538 1533 4610 precatur.
1554 4529 1703 4593 Nam
1731 4531 1781 4592 si
1797 4530 2106 4612 splendeat

456 4616 518 4677 in
562 4614 735 4677 nobis
783 4624 842 4678 et
896 4625 1238 4697 permaneat
1290 4618 1447 4699 apud
1490 4639 1621 4696 nos,
1654 4619 1795 4682 salvi
1828 4620 2100 4683 erimus:

455 4704 571 4768 nisi
600 4704 763 4767 enim
808 4704 974 4767 illum
1007 4705 1199 4787 pravis
1226 4707 1560 4772 actionibus
1611 4708 2096 4785 exstinxerimus,

450 4793 617 4874 juxta
646 4794 905 4875 priorem
938 4795 1366 4878 suprapositam
1421 4798 1888 4875 enarrationem,
1921 4817 2099 4879 quam

456 4882 620 4963 prius
667 4883 1043 4965 scripsimus,
1087 4900 1358 4948 servatur
1411 4887 1582 4950 nobis
1640 4895 1698 4950 et
1744 4888 2097 4961 custoditur,

455 4971 681 5059 lucidas
724 4973 1019 5036 accendes
1055 4985 1286 5037 nostras
1326 4976 1653 5059 lampades.
1696 4974 1862 5049 Quod
1904 4984 2100 5039 autem

453 5058 539 5149 ait
566 5079 594 5149 ε,
620 5060 794 5123 Modo
843 5062 1380 5144 irreprehensibali,
1430 5058 1622 5149 potest
1670 5066 1911 5147 quidem
1947 5072 2005 5128 et
2028 5064 2102 5127 ad

455 5147 726 5228 spiritum
757 5152 970 5231 aptari,
1006 5160 1070 5215 ut
1098 5154 1266 5216 illum
1294 5147 1656 5238 inculpatum
1681 5164 1740 5218 et
1764 5154 2108 5217 immacula-

456 5244 578 5297 tum
621 5254 949 5304 servemus.
1002 5242 1198 5304 Potest
1225 5251 1422 5305 autem
1456 5244 1709 5307 maxime
1739 5243 1810 5305 ad
1841 5243 2101 5305 animam

2186 4445 2259 4501 Τὸ
2301 4445 2505 4521 πνεῦμά
2547 4467 2675 4525 φησι
2722 4446 2847 4506 αὐτὸ
2899 4447 2961 4503 τὸ
3014 4445 3161 4524 ἅγιον
3216 4450 3452 4524 Πνεῦμα,
3508 4443 3671 4522 ἤγουν
3723 4445 3832 4513 τὴν

2187 4531 2279 4589 ἀπ’
2313 4534 2469 4590 αὐτοῦ
2498 4535 2680 4614 χάριν,
2733 4533 2862 4613 ὅπερ
2920 4537 3103 4598 αὐτοῖς
3160 4535 3454 4614 τηρηθῆναι
3510 4530 3825 4612 ἐπεύχεται,

2188 4619 2313 4679 Ἐὰν
2340 4623 2441 4701 γὰρ
2467 4621 2657 4699 λάμπῃ
2713 4623 2767 4679 ἐν
2834 4626 2969 4699 ἡμῖν
3022 4625 3110 4680 καὶ
3169 4621 3393 4698 ἐπιμένῃ
3449 4622 3585 4697 ἡμῖν
3640 4625 3830 4688 σωθη-

2185 4709 2405 4786 σόμεθα.
2453 4712 2512 4769 Εἰ
2567 4712 2668 4790 γαρ
2726 4712 2803 4787 μὴ
2863 4707 3135 4788 σϐέσωμεν
3190 4710 3317 4766 αύτὸ
3373 4723 3637 4791 πονηραῖς
3677 4712 3827 4791 πρά-

2182 4795 2315 4874 ξεσι,
2372 4800 2509 4857 κατᾶ
2561 4800 2662 4867 τὴν
2709 4799 2820 4855 ἅνω
2861 4798 3076 4880 πρώτην
3122 4797 3394 4878 ἐξήγησιν,
3459 4799 3528 4866 ἣν
3569 4801 3833 4879 προεγρά-

2182 4892 2379 4965 ψαμεν,
2437 4901 2681 4968 τηρεῖται
2748 4890 2883 4967 ἡμῖν
2950 4891 3036 4947 καὶ
3087 4887 3421 4968 φυλάττεται,
3454 4886 3668 4968 ansas;
3695 4890 3827 4946 ἀνά-

2183 5000 2330 5053 μτων
2372 4979 2466 5043 τὰς
2530 4978 2791 5059 ἡμετέρας
2846 4975 3149 5055 λαμπάδας.
3209 4979 3280 5037 Τὸ
3336 4975 3415 5051 δὲ,
3473 4975 3829 5056 Ἀμέμπτως,

2185 5064 2395 5123 δύναται
2440 5067 2548 5143 μὴν
2575 5069 2662 5123 καὶ
2712 5066 2796 5124 ἐπὶ
2838 5077 2930 5126 τοῦ
2979 5068 3275 5143 πνεύματος
3330 5067 3684 5147 ἁφμοσθῆναι,
3729 5068 3828 5127 ἵνα

2187 5154 2465 5233 ἄμεμπτον
2510 5158 2597 5214 καὶ
2645 5155 2971 5225 ἆκηλίδωτον
3030 5158 3156 5213 αὐτὸ
3196 5154 3504 5236 φυλάξωμεν
3551 5170 3568 5187 ⁸
3613 5154 3829 5215 δύναται

2184 5242 2240 5301 δὲ
2284 5244 2513 5321 μάλιστα
2542 5244 2628 5303 ἐπὶ
2656 5249 2841 5326 ψυχῆς
2889 5246 2978 5302 καὶ
3036 5245 3306 5322 σώματος’
3366 5252 3468 5303 Τοῦ
3524 5246 3623 5325 γὰρ
3654 5247 3833 5303 Πνεύ-

455 5331 514 5385 et
543 5326 1037 5417 corpusAret‘erri:
1069 5333 1198 5393 [83
1239 5332 1291 5395 si
1337 5334 1498 5396 enim
1556 5331 1813 5417 Spiritus
1857 5351 1893 5396 a
1931 5331 2101 5395 nobis

2186 5355 2354 5411 ματος
2395 5332 2520 5415 παρ’
2576 5335 2718 5411 ἡμῖν
2774 5335 3095 5415 σωζομένου,
3146 5341 3308 5391 ταῦτα
3351 5332 3497 5390 ἔσται
3542 5333 3825 5412 ἄμεμπτα,

455 5421 745 5491 servetur,
763 5414 891 5477 haec
911 5428 1085 5482 erunt
1110 5414 1686 5504 irreprehensibilia.
1710 5446 1733 5479 ι
1762 5421 1986 5487 Fidelis
2017 5429 2101 5486 est

2196 5443 2220 5480 α
2258 5414 2481 5506 Πιστὸς,
2507 5427 2535 5483 ὖ
2576 5423 2753 5482 καλῶν
2802 5428 2963 5504 ὒμᾷς.
3014 5449 3042 5480 ι
3081 5414 3087 5415 ⁷
3120 5415 3265 5507 "Op:
3317 5429 3830 5508 ταπεινοφροσύνην,

532 5590 595 5644 ¹8
620 5589 784 5656 lett.
813 5610 950 5673 xxv,
984 5596 1012 5660 1
1049 5615 1220 5683 seqq.
