  <div class='ocr_page' id='page_1' title='image "/cluster/home/n/w/nwhite01/storage/ocr_20150623/119/hvd.32044073502494/063.png"; bbox 0 0 4140 6212; ppageno 0'>
   <div class='ocr_carea' id='block_1_1' title="bbox 441 355 546 470">
    <p class='ocr_par' dir='ltr' id='par_1_1' title="bbox 441 355 546 470">
     <span class='ocr_line' id='line_1_1' title="bbox 441 355 546 470; baseline -0.029 0"><span class='ocrx_word' id='word_1_1' title='bbox 441 355 546 470; x_wconf 70' lang='grc' dir='ltr'><strong>ιιι</strong></span> 
     </span>
    </p>
   </div>
   <div class='ocr_carea' id='block_1_2' title="bbox 1552 401 2670 474">
    <p class='ocr_par' dir='ltr' id='par_1_2' title="bbox 1552 401 2670 474">
     <span class='ocr_line' id='line_1_2' title="bbox 1552 401 2670 474; baseline -0.004 -2"><span class='ocrx_word' id='word_1_2' title='bbox 1552 405 1901 474; x_wconf 76' lang='lat' dir='ltr'><strong>(ECUMEN</strong></span> <span class='ocrx_word' id='word_1_3' title='bbox 1905 405 1964 470; x_wconf 91' lang='lat' dir='ltr'><strong>II</strong></span> <span class='ocrx_word' id='word_1_4' title='bbox 2003 407 2299 474; x_wconf 64' lang='lat' dir='ltr'><strong>TRICCIE</strong></span> <span class='ocrx_word' id='word_1_5' title='bbox 2338 401 2670 472; x_wconf 80' lang='lat' dir='ltr'><strong>EPISGUPI</strong></span> 
     </span>
    </p>
   </div>
   <div class='ocr_carea' id='block_1_3' title="bbox 3695 403 3805 477">
    <p class='ocr_par' dir='ltr' id='par_1_3' title="bbox 3695 403 3805 477">
     <span class='ocr_line' id='line_1_3' title="bbox 3695 403 3805 477; baseline -0.055 -1"><span class='ocrx_word' id='word_1_6' title='bbox 3695 403 3805 477; x_wconf 77' lang='lat'><strong>112</strong></span> 
     </span>
    </p>
   </div>
   <div class='ocr_carea' id='block_1_4' title="bbox 437 537 2049 625">
    <p class='ocr_par' dir='ltr' id='par_1_4' title="bbox 437 537 2049 625">
     <span class='ocr_line' id='line_1_4' title="bbox 437 537 2049 625; baseline 0.001 -24"><span class='ocrx_word' id='word_1_7' title='bbox 437 537 610 603; x_wconf 83' lang='lat' dir='ltr'><strong>beret</strong></span> <span class='ocrx_word' id='word_1_8' title='bbox 637 540 917 606; x_wconf 82' lang='lat' dir='ltr'><strong>cbaritas.</strong></span> <span class='ocrx_word' id='word_1_9' title='bbox 964 573 988 605; x_wconf 76' lang='grc' dir='ltr'><strong>ι</strong></span> <span class='ocrx_word' id='word_1_10' title='bbox 1025 542 1228 625; x_wconf 82' lang='lat' dir='ltr'><strong>Itaque</strong></span> <span class='ocrx_word' id='word_1_11' title='bbox 1255 542 1328 605; x_wconf 90' lang='lat' dir='ltr'><strong>ad</strong></span> <span class='ocrx_word' id='word_1_12' title='bbox 1359 539 1634 604; x_wconf 89' lang='lat' dir='ltr'><strong>ferendas</strong></span> <span class='ocrx_word' id='word_1_13' title='bbox 1678 559 1912 623; x_wconf 91' lang='lat' dir='ltr'><strong>quoque</strong></span> <span class='ocrx_word' id='word_1_14' title='bbox 1941 541 2049 604; x_wconf 85' lang='lat' dir='ltr'><strong>afﬂi</strong></span> 
     </span>
    </p>
   </div>
   <div class='ocr_carea' id='block_1_5' title="bbox 2138 537 3805 625">
    <p class='ocr_par' dir='ltr' id='par_1_5' title="bbox 2138 540 3805 624">
     <span class='ocr_line' id='line_1_5' title="bbox 2138 540 3805 624; baseline 0.002 -24"><span class='ocrx_word' id='word_1_15' title='bbox 2138 579 2150 600; x_wconf 66' lang='grc' dir='ltr'><strong>ι</strong></span> <span class='ocrx_word' id='word_1_16' title='bbox 2169 540 2334 606; x_wconf 84' lang='grc' dir='ltr'>οὑδείς</span> <span class='ocrx_word' id='word_1_17' title='bbox 2389 543 2450 600; x_wconf 87' lang='grc' dir='ltr'><strong>τὸ</strong></span> <span class='ocrx_word' id='word_1_18' title='bbox 2505 541 2667 599; x_wconf 79' lang='grc' dir='ltr'>πλέον</span> <span class='ocrx_word' id='word_1_19' title='bbox 2723 543 2810 599; x_wconf 83' lang='grc' dir='ltr'><strong>καὶ</strong></span> <span class='ocrx_word' id='word_1_20' title='bbox 2861 540 3078 600; x_wconf 79' lang='grc' dir='ltr'>ἔλαττον</span> <span class='ocrx_word' id='word_1_21' title='bbox 3119 543 3277 624; x_wconf 78' lang='grc' dir='ltr'>εἶχεν</span> <span class='ocrx_word' id='word_1_22' title='bbox 3332 542 3386 599; x_wconf 78' lang='grc' dir='ltr'>ἐν</span> <span class='ocrx_word' id='word_1_23' title='bbox 3440 545 3596 624; x_wconf 64' lang='grc' dir='ltr'>αὑτῇ.</span> <span class='ocrx_word' id='word_1_24' title='bbox 3648 568 3677 600; x_wconf 71' lang='grc' dir='ltr'><strong>α</strong></span> <span class='ocrx_word' id='word_1_25' title='bbox 3717 543 3805 604; x_wconf 82' lang='grc' dir='ltr'><strong>Ἐν</strong></span> 
     </span>
    </p>
   </div>
   <div class='ocr_carea' id='block_1_6' title="bbox 432 627 2084 712">
    <p class='ocr_par' dir='ltr' id='par_1_6' title="bbox 432 627 2084 712">
     <span class='ocr_line' id='line_1_6' title="bbox 432 627 2084 712; baseline 0.002 -22"><span class='ocrx_word' id='word_1_26' title='bbox 432 627 664 692; x_wconf 89' lang='lat' dir='ltr'><strong>ctiones</strong></span> <span class='ocrx_word' id='word_1_27' title='bbox 683 631 941 712; x_wconf 90' lang='lat' dir='ltr'><strong>primum</strong></span> <span class='ocrx_word' id='word_1_28' title='bbox 966 632 1250 696; x_wconf 76' lang='lat' dir='ltr'><strong>conducit</strong></span> <span class='ocrx_word' id='word_1_29' title='bbox 1264 638 1471 694; x_wconf 92' lang='lat' dir='ltr'><strong>mutuo</strong></span> <span class='ocrx_word' id='word_1_30' title='bbox 1490 629 1737 711; x_wconf 83' lang='lat' dir='ltr'><strong>diligere</strong></span> <span class='ocrx_word' id='word_1_31' title='bbox 1752 649 1820 692; x_wconf 89' lang='lat' dir='ltr'><strong>ac</strong></span> <span class='ocrx_word' id='word_1_32' title='bbox 1837 631 2084 710; x_wconf 89' lang='lat' dir='ltr'><strong>conjun-</strong></span> 
     </span>
    </p>
   </div>
   <div class='ocr_carea' id='block_1_7' title="bbox 436 722 2082 807">
    <p class='ocr_par' dir='ltr' id='par_1_7' title="bbox 436 722 2082 807">
     <span class='ocr_line' id='line_1_7' title="bbox 436 722 2082 807; baseline 0.001 -23"><span class='ocrx_word' id='word_1_33' title='bbox 436 729 563 785; x_wconf 90' lang='lat' dir='ltr'><strong>ctos</strong></span> <span class='ocrx_word' id='word_1_34' title='bbox 593 741 749 786; x_wconf 90' lang='lat' dir='ltr'><strong>esse.</strong></span> <span class='ocrx_word' id='word_1_35' title='bbox 780 723 927 788; x_wconf 89' lang='lat' dir='ltr'><strong>Nam</strong></span> <span class='ocrx_word' id='word_1_36' title='bbox 953 744 1060 807; x_wconf 88' lang='lat' dir='ltr'><strong>per</strong></span> <span class='ocrx_word' id='word_1_37' title='bbox 1083 725 1209 788; x_wconf 60' lang='lat' dir='ltr'><strong>hac</strong></span> <span class='ocrx_word' id='word_1_38' title='bbox 1261 723 1615 805; x_wconf 80' lang='lat' dir='ltr'><strong>signiﬁcavit</strong></span> <span class='ocrx_word' id='word_1_39' title='bbox 1635 722 1791 806; x_wconf 93' lang='lat' dir='ltr'><strong>quod</strong></span> <span class='ocrx_word' id='word_1_40' title='bbox 1817 727 2082 786; x_wconf 91' lang='lat' dir='ltr'><strong>omnium</strong></span> 
     </span>
    </p>
   </div>
   <div class='ocr_carea' id='block_1_8' title="bbox 2168 630 3812 712">
    <p class='ocr_par' dir='ltr' id='par_1_8' title="bbox 2168 630 3812 712">
     <span class='ocr_line' id='line_1_8' title="bbox 2168 630 3812 712; baseline 0.003 -25"><span class='ocrx_word' id='word_1_41' title='bbox 2168 633 2296 708; x_wconf 76' lang='grc' dir='ltr'>ὑμῖν</span> <span class='ocrx_word' id='word_1_42' title='bbox 2339 634 2639 712; x_wconf 82' lang='grc' dir='ltr'>καυχᾶσθαι</span> <span class='ocrx_word' id='word_1_43' title='bbox 2668 631 2724 688; x_wconf 81' lang='grc' dir='ltr'><strong>ἐν</strong></span> <span class='ocrx_word' id='word_1_44' title='bbox 2777 644 2899 695; x_wconf 75' lang='grc' dir='ltr'>ταῖς</span> <span class='ocrx_word' id='word_1_45' title='bbox 2948 630 3291 700; x_wconf 83' lang='grc' dir='ltr'>Ἐκκλησίαις</span> <span class='ocrx_word' id='word_1_46' title='bbox 3337 640 3429 690; x_wconf 89' lang='grc' dir='ltr'><strong>τοῦ</strong></span> <span class='ocrx_word' id='word_1_47' title='bbox 3472 641 3624 698; x_wconf 87' lang='grc' dir='ltr'>Θεοῦ.</span> <span class='ocrx_word' id='word_1_48' title='bbox 3659 658 3688 692; x_wconf 71' lang='grc' dir='ltr'><strong><em>ι</em></strong></span> <span class='ocrx_word' id='word_1_49' title='bbox 3723 635 3812 693; x_wconf 82' lang='grc' dir='ltr'><strong>Ἐν</strong></span> 
     </span>
    </p>
   </div>
   <div class='ocr_carea' id='block_1_9' title="bbox 2165 718 3813 804">
    <p class='ocr_par' dir='ltr' id='par_1_9' title="bbox 2165 718 3813 804">
     <span class='ocr_line' id='line_1_9' title="bbox 2165 718 3813 804; baseline 0.001 -27"><span class='ocrx_word' id='word_1_50' title='bbox 2165 726 2235 798; x_wconf 81' lang='grc' dir='ltr'><strong>τῇ</strong></span> <span class='ocrx_word' id='word_1_51' title='bbox 2302 721 2489 800; x_wconf 78' lang='grc' dir='ltr'>πρώτῇ</span> <span class='ocrx_word' id='word_1_52' title='bbox 2558 721 2738 794; x_wconf 78' lang='grc' dir='ltr'>εἶπεν,</span> <span class='ocrx_word' id='word_1_53' title='bbox 2811 718 2892 776; x_wconf 80' lang='grc' dir='ltr'><strong>ὅτι</strong></span> <span class='ocrx_word' id='word_1_54' title='bbox 2952 723 3003 777; x_wconf 77' lang='grc' dir='ltr'>αἱ</span> <span class='ocrx_word' id='word_1_55' title='bbox 3061 719 3370 789; x_wconf 85' lang='grc' dir='ltr'>Ἐκκλησίαι</span> <span class='ocrx_word' id='word_1_56' title='bbox 3427 722 3486 780; x_wconf 86' lang='grc' dir='ltr'>οὑ</span> <span class='ocrx_word' id='word_1_57' title='bbox 3556 724 3813 804; x_wconf 71' lang='grc' dir='ltr'>χρῄζουσι</span> 
     </span>
    </p>
   </div>
   <div class='ocr_carea' id='block_1_10' title="bbox 435 806 2049 921">
    <p class='ocr_par' dir='ltr' id='par_1_10' title="bbox 435 806 2046 895">
     <span class='ocr_line' id='line_1_10' title="bbox 435 806 2046 895; baseline 0.002 -23"><span class='ocrx_word' id='word_1_58' title='bbox 435 819 637 874; x_wconf 87' lang='lat' dir='ltr'><strong>mutua</strong></span> <span class='ocrx_word' id='word_1_59' title='bbox 679 806 1230 895; x_wconf 19' lang='lat' dir='ltr'><strong>charitas’aequalis</strong></span> <span class='ocrx_word' id='word_1_60' title='bbox 1283 827 1463 889; x_wconf 87' lang='lat' dir='ltr'><strong>esset,</strong></span> <span class='ocrx_word' id='word_1_61' title='bbox 1523 831 1637 876; x_wconf 90' lang='lat' dir='ltr'><strong>nec</strong></span> <span class='ocrx_word' id='word_1_62' title='bbox 1714 811 1870 875; x_wconf 89' lang='lat' dir='ltr'><strong>ullus</strong></span> <span class='ocrx_word' id='word_1_63' title='bbox 1922 812 1984 875; x_wconf 92' lang='lat' dir='ltr'><strong>in</strong></span> <span class='ocrx_word' id='word_1_64' title='bbox 2015 831 2046 875; x_wconf 93' lang='lat' dir='ltr'><strong>e</strong></span> 
     </span>
    </p>
   </div>
   <div class='ocr_carea' id='block_1_11' title="bbox 2138 806 3814 921">
    <p class='ocr_par' dir='ltr' id='par_1_11' title="bbox 2165 806 3814 921">
     <span class='ocr_line' id='line_1_11' title="bbox 2167 806 3814 891; baseline 0.002 -25"><span class='ocrx_word' id='word_1_65' title='bbox 2167 806 2294 890; x_wconf 83' lang='grc' dir='ltr'>παρ’</span> <span class='ocrx_word' id='word_1_66' title='bbox 2363 811 2520 888; x_wconf 79' lang='grc' dir='ltr'>ἡμῶν</span> <span class='ocrx_word' id='word_1_67' title='bbox 2591 809 2871 884; x_wconf 75' lang='grc' dir='ltr'>μανθάνειν</span> <span class='ocrx_word' id='word_1_68' title='bbox 2928 809 2993 865; x_wconf 80' lang='grc' dir='ltr'>τὰ</span> <span class='ocrx_word' id='word_1_69' title='bbox 3045 811 3164 890; x_wconf 87' lang='grc' dir='ltr'><strong>περί</strong></span> <span class='ocrx_word' id='word_1_70' title='bbox 3232 811 3377 886; x_wconf 81' lang='grc' dir='ltr'>ὑμῶν</span> <span class='ocrx_word' id='word_1_71' title='bbox 3413 827 3429 842; x_wconf 78' lang='grc'><strong>⁸</strong></span> <span class='ocrx_word' id='word_1_72' title='bbox 3487 810 3636 868; x_wconf 67' lang='grc' dir='ltr'>ἴσασι</span> <span class='ocrx_word' id='word_1_73' title='bbox 3691 813 3814 891; x_wconf 80' lang='grc' dir='ltr'>γάρ.</span> 
     </span>
     <span class='ocr_line' id='line_1_12' title="bbox 2165 896 3770 921; baseline 0 0"><span class='ocrx_word' id='word_1_74' title='bbox 2165 905 2247 921; x_wconf 70' lang='grc' dir='ltr'><strong>π-</strong></span> <span class='ocrx_word' id='word_1_75' title='bbox 2342 898 2371 921; x_wconf 70' lang='grc' dir='ltr'><em>τ</em></span> <span class='ocrx_word' id='word_1_76' title='bbox 2457 896 2542 921; x_wconf 58' lang='grc' dir='ltr'><strong>τοδ-</strong></span> <span class='ocrx_word' id='word_1_77' title='bbox 2606 896 2626 921; x_wconf 58' lang='grc' dir='ltr'><strong>Ἱ</strong></span> <span class='ocrx_word' id='word_1_78' title='bbox 2649 897 2662 921; x_wconf 65' lang='grc'><em>2</em></span> <span class='ocrx_word' id='word_1_79' title='bbox 2708 919 2723 921; x_wconf 82' lang='grc'><strong>-</strong></span> <span class='ocrx_word' id='word_1_80' title='bbox 2809 897 2834 921; x_wconf 43' lang='grc' dir='ltr'><strong>τ’</strong></span> <span class='ocrx_word' id='word_1_81' title='bbox 2953 907 2990 921; x_wconf 70' lang='grc' dir='ltr'><em>η</em></span> <span class='ocrx_word' id='word_1_82' title='bbox 3023 920 3026 921; x_wconf 66' lang='lat'>,</span> <span class='ocrx_word' id='word_1_83' title='bbox 3131 899 3143 920; x_wconf 69' lang='grc' dir='ltr'><strong><em>Ι</em></strong></span> <span class='ocrx_word' id='word_1_84' title='bbox 3225 901 3251 921; x_wconf 80' lang='grc' dir='ltr'><strong>Λ</strong></span> <span class='ocrx_word' id='word_1_85' title='bbox 3335 899 3350 921; x_wconf 72' lang='grc'><strong>7</strong></span> <span class='ocrx_word' id='word_1_86' title='bbox 3398 897 3414 919; x_wconf 59' lang='grc' dir='ltr'><strong><em>τ</em></strong></span> <span class='ocrx_word' id='word_1_87' title='bbox 3476 901 3491 921; x_wconf 69' lang='grc' dir='ltr'>ι</span> <span class='ocrx_word' id='word_1_88' title='bbox 3544 914 3570 921; x_wconf 76' lang='grc'><strong>...</strong></span> <span class='ocrx_word' id='word_1_89' title='bbox 3636 920 3640 921; x_wconf 62' lang='lat'><strong><em>,</em></strong></span> <span class='ocrx_word' id='word_1_90' title='bbox 3713 901 3770 921; x_wconf 70' lang='grc' dir='ltr'><strong>Α,</strong></span> 
     </span>
    </p>
   </div>
   <div class='ocr_carea' id='block_1_12' title="bbox 432 898 2076 983">
    <p class='ocr_par' dir='ltr' id='par_1_12' title="bbox 432 898 2076 983">
     <span class='ocr_line' id='line_1_13' title="bbox 432 898 2076 983; baseline 0.001 -21"><span class='ocrx_word' id='word_1_91' title='bbox 432 898 564 980; x_wconf 88' lang='lat' dir='ltr'><strong>plus</strong></span> <span class='ocrx_word' id='word_1_92' title='bbox 587 908 689 963; x_wconf 92' lang='lat' dir='ltr'><strong>aut</strong></span> <span class='ocrx_word' id='word_1_93' title='bbox 720 901 918 965; x_wconf 90' lang='lat' dir='ltr'><strong>minus</strong></span> <span class='ocrx_word' id='word_1_94' title='bbox 945 903 1218 969; x_wconf 77' lang='lat' dir='ltr'><strong>haberet.</strong></span> <span class='ocrx_word' id='word_1_95' title='bbox 1252 932 1275 963; x_wconf 76' lang='grc' dir='ltr'>ι</span> <span class='ocrx_word' id='word_1_96' title='bbox 1308 905 1393 966; x_wconf 91' lang='lat' dir='ltr'><strong>De</strong></span> <span class='ocrx_word' id='word_1_97' title='bbox 1435 901 1608 965; x_wconf 83' lang='lat' dir='ltr'><strong>vobis</strong></span> <span class='ocrx_word' id='word_1_98' title='bbox 1654 902 1984 983; x_wconf 76' lang='lat' dir='ltr'><strong>gloriemur</strong></span> <span class='ocrx_word' id='word_1_99' title='bbox 2010 903 2076 964; x_wconf 88' lang='lat' dir='ltr'><strong>in</strong></span> 
     </span>
    </p>
   </div>
   <div class='ocr_carea' id='block_1_13' title="bbox 427 985 2075 1074">
    <p class='ocr_par' dir='ltr' id='par_1_13' title="bbox 427 985 2075 1074">
     <span class='ocr_line' id='line_1_14' title="bbox 427 985 2075 1074; baseline 0.001 -24"><span class='ocrx_word' id='word_1_100' title='bbox 427 985 710 1052; x_wconf 87' lang='lat' dir='ltr'><strong>Ecclesiis</strong></span> <span class='ocrx_word' id='word_1_101' title='bbox 761 990 894 1056; x_wconf 91' lang='lat' dir='ltr'><strong>Dei.</strong></span> <span class='ocrx_word' id='word_1_102' title='bbox 933 1020 956 1052; x_wconf 73' lang='grc' dir='ltr'><strong>ι</strong></span> <span class='ocrx_word' id='word_1_103' title='bbox 1022 994 1089 1056; x_wconf 90' lang='lat' dir='ltr'><strong>In</strong></span> <span class='ocrx_word' id='word_1_104' title='bbox 1150 996 1348 1074; x_wconf 84' lang='lat' dir='ltr'><strong>priore</strong></span> <span class='ocrx_word' id='word_1_105' title='bbox 1391 991 1664 1074; x_wconf 89' lang='lat' dir='ltr'><strong>Epistola</strong></span> <span class='ocrx_word' id='word_1_106' title='bbox 1709 992 1892 1054; x_wconf 82' lang='lat' dir='ltr'><strong>dixit:</strong></span> <span class='ocrx_word' id='word_1_107' title='bbox 1941 995 2075 1057; x_wconf 90' lang='lat' dir='ltr'><strong>Non</strong></span> 
     </span>
    </p>
   </div>
   <div class='ocr_carea' id='block_1_14' title="bbox 425 1080 2073 1162">
    <p class='ocr_par' dir='ltr' id='par_1_14' title="bbox 425 1080 2073 1162">
     <span class='ocr_line' id='line_1_15' title="bbox 425 1080 2073 1162; baseline 0.002 -24"><span class='ocrx_word' id='word_1_108' title='bbox 425 1095 676 1140; x_wconf 88' lang='lat' dir='ltr'><strong>necesse</strong></span> <span class='ocrx_word' id='word_1_109' title='bbox 706 1087 800 1144; x_wconf 89' lang='lat' dir='ltr'><strong>est</strong></span> <span class='ocrx_word' id='word_1_110' title='bbox 829 1087 894 1143; x_wconf 92' lang='lat' dir='ltr'><strong>ut</strong></span> <span class='ocrx_word' id='word_1_111' title='bbox 920 1081 1204 1145; x_wconf 66' lang='lat' dir='ltr'><strong>Ecclesia:</strong></span> <span class='ocrx_word' id='word_1_112' title='bbox 1234 1101 1268 1144; x_wconf 90' lang='lat' dir='ltr'><strong>a</strong></span> <span class='ocrx_word' id='word_1_113' title='bbox 1295 1081 1471 1144; x_wconf 88' lang='lat' dir='ltr'><strong>nobis</strong></span> <span class='ocrx_word' id='word_1_114' title='bbox 1511 1080 1741 1144; x_wconf 86' lang='lat' dir='ltr'><strong>discant</strong></span> <span class='ocrx_word' id='word_1_115' title='bbox 1761 1098 1891 1161; x_wconf 80' lang='lat' dir='ltr'><strong>quae</strong></span> <span class='ocrx_word' id='word_1_116' title='bbox 1917 1081 2073 1162; x_wconf 90' lang='lat' dir='ltr'><strong>apud</strong></span> 
     </span>
    </p>
   </div>
   <div class='ocr_carea' id='block_1_15' title="bbox 426 1166 2071 1251">
    <p class='ocr_par' dir='ltr' id='par_1_15' title="bbox 426 1166 2071 1251">
     <span class='ocr_line' id='line_1_16' title="bbox 426 1166 2071 1251; baseline 0.003 -24"><span class='ocrx_word' id='word_1_117' title='bbox 426 1183 528 1228; x_wconf 89' lang='lat' dir='ltr'><strong>vos</strong></span> <span class='ocrx_word' id='word_1_118' title='bbox 557 1166 728 1245; x_wconf 85' lang='lat' dir='ltr'><strong>ﬁunt,</strong></span> <span class='ocrx_word' id='word_1_119' title='bbox 794 1177 955 1231; x_wconf 73' lang='lat'><strong>189</strong></span> <span class='ocrx_word' id='word_1_120' title='bbox 1003 1189 1137 1232; x_wconf 90' lang='lat' dir='ltr'><strong>nam</strong></span> <span class='ocrx_word' id='word_1_121' title='bbox 1195 1170 1392 1233; x_wconf 89' lang='lat' dir='ltr'><strong>sciunt</strong></span> <span class='ocrx_word' id='word_1_122' title='bbox 1419 1189 1529 1234; x_wconf 89' lang='lat' dir='ltr'><strong>ea:</strong></span> <span class='ocrx_word' id='word_1_123' title='bbox 1583 1169 1886 1251; x_wconf 88' lang='lat' dir='ltr'><strong>quomodo</strong></span> <span class='ocrx_word' id='word_1_124' title='bbox 1930 1186 2071 1249; x_wconf 81' lang='lat' dir='ltr'><strong>ergo</strong></span> 
     </span>
    </p>
   </div>
   <div class='ocr_carea' id='block_1_16' title="bbox 420 1256 2044 1334">
    <p class='ocr_par' dir='ltr' id='par_1_16' title="bbox 420 1256 2044 1334">
     <span class='ocr_line' id='line_1_17' title="bbox 420 1256 2044 1334; baseline 0.003 -17"><span class='ocrx_word' id='word_1_125' title='bbox 420 1271 581 1318; x_wconf 89' lang='lat' dir='ltr'><strong>nunc</strong></span> <span class='ocrx_word' id='word_1_126' title='bbox 609 1256 728 1322; x_wconf 90' lang='lat' dir='ltr'><strong>ait:</strong></span> <span class='ocrx_word' id='word_1_127' title='bbox 764 1256 1103 1323; x_wconf 88' lang='lat' dir='ltr'><strong>Gloriamur</strong></span> <span class='ocrx_word' id='word_1_128' title='bbox 1131 1259 1207 1322; x_wconf 92' lang='lat' dir='ltr'><strong>de</strong></span> <span class='ocrx_word' id='word_1_129' title='bbox 1258 1259 1472 1323; x_wconf 81' lang='lat' dir='ltr'><strong>vobis?</strong></span> <span class='ocrx_word' id='word_1_130' title='bbox 1501 1257 1629 1322; x_wconf 89' lang='lat' dir='ltr'><strong>Non</strong></span> <span class='ocrx_word' id='word_1_131' title='bbox 1673 1258 1841 1334; x_wconf 83' lang='lat' dir='ltr'><strong>dixit,</strong></span> <span class='ocrx_word' id='word_1_132' title='bbox 1884 1257 2044 1323; x_wconf 93' lang='lat' dir='ltr'><strong>Doce</strong></span> 
     </span>
    </p>
   </div>
   <div class='ocr_carea' id='block_1_17' title="bbox 423 1345 2072 1430">
    <p class='ocr_par' dir='ltr' id='par_1_17' title="bbox 423 1345 2072 1430">
     <span class='ocr_line' id='line_1_18' title="bbox 423 1345 2072 1430; baseline 0.002 -25"><span class='ocrx_word' id='word_1_133' title='bbox 423 1362 576 1421; x_wconf 91' lang='lat' dir='ltr'><strong>mus,</strong></span> <span class='ocrx_word' id='word_1_134' title='bbox 644 1345 751 1409; x_wconf 91' lang='lat' dir='ltr'><strong>sed</strong></span> <span class='ocrx_word' id='word_1_135' title='bbox 805 1345 1164 1411; x_wconf 88' lang='lat' dir='ltr'><strong>Gloriamur.</strong></span> <span class='ocrx_word' id='word_1_136' title='bbox 1229 1347 1528 1430; x_wconf 84' lang='lat' dir='ltr'><strong>Contingit</strong></span> <span class='ocrx_word' id='word_1_137' title='bbox 1577 1357 1772 1411; x_wconf 91' lang='lat' dir='ltr'><strong>autem</strong></span> <span class='ocrx_word' id='word_1_138' title='bbox 1832 1346 2072 1427; x_wconf 84' lang='lat' dir='ltr'><strong>gloriari</strong></span> 
     </span>
    </p>
   </div>
   <div class='ocr_carea' id='block_1_18' title="bbox 420 1433 2073 1520">
    <p class='ocr_par' dir='ltr' id='par_1_18' title="bbox 420 1433 2073 1520">
     <span class='ocr_line' id='line_1_19' title="bbox 420 1433 2073 1520; baseline 0.002 -26"><span class='ocrx_word' id='word_1_139' title='bbox 420 1433 596 1496; x_wconf 89' lang='lat' dir='ltr'><strong>etiam</strong></span> <span class='ocrx_word' id='word_1_140' title='bbox 631 1435 789 1517; x_wconf 90' lang='lat' dir='ltr'><strong>apud</strong></span> <span class='ocrx_word' id='word_1_141' title='bbox 819 1437 955 1500; x_wconf 92' lang='lat' dir='ltr'><strong>illos</strong></span> <span class='ocrx_word' id='word_1_142' title='bbox 982 1438 1082 1520; x_wconf 87' lang='lat' dir='ltr'><strong>qui</strong></span> <span class='ocrx_word' id='word_1_143' title='bbox 1113 1438 1329 1501; x_wconf 90' lang='lat' dir='ltr'><strong>sciunt.</strong></span> <span class='ocrx_word' id='word_1_144' title='bbox 1361 1439 1426 1503; x_wconf 92' lang='lat' dir='ltr'><strong>Si</strong></span> <span class='ocrx_word' id='word_1_145' title='bbox 1479 1457 1618 1518; x_wconf 84' lang='lat' dir='ltr'><strong>ergo</strong></span> <span class='ocrx_word' id='word_1_146' title='bbox 1653 1438 1890 1517; x_wconf 77' lang='lat' dir='ltr'><strong>egregia</strong></span> <span class='ocrx_word' id='word_1_147' title='bbox 1916 1435 2073 1498; x_wconf 79' lang='lat' dir='ltr'><strong>facta</strong></span> 
     </span>
    </p>
   </div>
   <div class='ocr_carea' id='block_1_19' title="bbox 422 1520 2064 1607">
    <p class='ocr_par' dir='ltr' id='par_1_19' title="bbox 422 1520 2064 1607">
     <span class='ocr_line' id='line_1_20' title="bbox 422 1520 2064 1607; baseline 0.002 -24"><span class='ocrx_word' id='word_1_148' title='bbox 422 1530 620 1584; x_wconf 88' lang='lat' dir='ltr'><strong>vestra</strong></span> <span class='ocrx_word' id='word_1_149' title='bbox 643 1524 818 1589; x_wconf 89' lang='lat' dir='ltr'><strong>nobis</strong></span> <span class='ocrx_word' id='word_1_150' title='bbox 850 1525 1030 1591; x_wconf 83' lang='lat' dir='ltr'><strong>etiam</strong></span> <span class='ocrx_word' id='word_1_151' title='bbox 1088 1520 1411 1607; x_wconf 74' lang='lat' dir='ltr'><strong>gloriandi</strong></span> <span class='ocrx_word' id='word_1_152' title='bbox 1436 1527 1744 1590; x_wconf 89' lang='lat' dir='ltr'><strong>materiam</strong></span> <span class='ocrx_word' id='word_1_153' title='bbox 1775 1525 2064 1600; x_wconf 88' lang='lat' dir='ltr'><strong>tribuunt,</strong></span> 
     </span>
    </p>
   </div>
   <div class='ocr_carea' id='block_1_20' title="bbox 417 1613 2069 1698">
    <p class='ocr_par' dir='ltr' id='par_1_20' title="bbox 417 1613 2069 1698">
     <span class='ocr_line' id='line_1_21' title="bbox 417 1613 2069 1698; baseline 0.001 -24"><span class='ocrx_word' id='word_1_154' title='bbox 417 1628 603 1690; x_wconf 87' lang='lat' dir='ltr'><strong>quare</strong></span> <span class='ocrx_word' id='word_1_155' title='bbox 629 1631 732 1676; x_wconf 90' lang='lat' dir='ltr'><strong>vos</strong></span> <span class='ocrx_word' id='word_1_156' title='bbox 785 1613 860 1676; x_wconf 93' lang='lat' dir='ltr'><strong>ob</strong></span> <span class='ocrx_word' id='word_1_157' title='bbox 914 1614 1269 1679; x_wconf 80' lang='lat' dir='ltr'><strong>afﬂictiones</strong></span> <span class='ocrx_word' id='word_1_158' title='bbox 1317 1635 1448 1698; x_wconf 76' lang='lat' dir='ltr'><strong>quae</strong></span> <span class='ocrx_word' id='word_1_159' title='bbox 1505 1615 1742 1697; x_wconf 81' lang='lat' dir='ltr'><strong>egregia</strong></span> <span class='ocrx_word' id='word_1_160' title='bbox 1789 1621 2069 1696; x_wconf 66' lang='lat' dir='ltr'><strong>praestant</strong></span> 
     </span>
    </p>
   </div>
   <div class='ocr_carea' id='block_1_21' title="bbox 420 1703 2065 1785">
    <p class='ocr_par' dir='ltr' id='par_1_21' title="bbox 420 1703 2065 1785">
     <span class='ocr_line' id='line_1_22' title="bbox 420 1703 2065 1785; baseline 0.003 -24"><span class='ocrx_word' id='word_1_161' title='bbox 420 1717 624 1781; x_wconf 84' lang='lat' dir='ltr'><strong>opera,</strong></span> <span class='ocrx_word' id='word_1_162' title='bbox 651 1703 970 1766; x_wconf 84' lang='lat' dir='ltr'><strong>movemini</strong></span> <span class='ocrx_word' id='word_1_163' title='bbox 993 1723 1060 1767; x_wconf 94' lang='lat' dir='ltr'><strong>ac</strong></span> <span class='ocrx_word' id='word_1_164' title='bbox 1090 1704 1302 1785; x_wconf 78' lang='lat' dir='ltr'><strong>lugetis</strong></span> <span class='ocrx_word' id='word_1_165' title='bbox 1328 1705 1360 1767; x_wconf 87' lang='lat'><strong>?</strong></span> <span class='ocrx_word' id='word_1_166' title='bbox 1415 1729 1436 1759; x_wconf 77' lang='grc' dir='ltr'><strong><em>α</em></strong></span> <span class='ocrx_word' id='word_1_167' title='bbox 1468 1705 1554 1769; x_wconf 94' lang='lat' dir='ltr'><strong>De</strong></span> <span class='ocrx_word' id='word_1_168' title='bbox 1602 1703 1917 1768; x_wconf 88' lang='lat' dir='ltr'><strong>tolerantia</strong></span> <span class='ocrx_word' id='word_1_169' title='bbox 1957 1722 2065 1766; x_wconf 89' lang='lat' dir='ltr'><strong>ve-</strong></span> 
     </span>
    </p>
   </div>
   <div class='ocr_carea' id='block_1_22' title="bbox 415 1788 2063 1875">
    <p class='ocr_par' dir='ltr' id='par_1_22' title="bbox 415 1788 2063 1875">
     <span class='ocr_line' id='line_1_23' title="bbox 415 1788 2063 1875; baseline 0.001 -25"><span class='ocrx_word' id='word_1_170' title='bbox 415 1793 558 1851; x_wconf 90' lang='lat' dir='ltr'><strong>stra.</strong></span> <span class='ocrx_word' id='word_1_171' title='bbox 588 1817 613 1852; x_wconf 74' lang='grc' dir='ltr'><strong>ι</strong></span> <span class='ocrx_word' id='word_1_172' title='bbox 637 1788 912 1855; x_wconf 89' lang='lat' dir='ltr'><strong>Ostendit</strong></span> <span class='ocrx_word' id='word_1_173' title='bbox 931 1793 1084 1875; x_wconf 90' lang='lat' dir='ltr'><strong>quod</strong></span> <span class='ocrx_word' id='word_1_174' title='bbox 1107 1795 1286 1856; x_wconf 90' lang='lat' dir='ltr'><strong>etiam</strong></span> <span class='ocrx_word' id='word_1_175' title='bbox 1314 1794 1486 1872; x_wconf 84' lang='lat' dir='ltr'><strong>longo</strong></span> <span class='ocrx_word' id='word_1_176' title='bbox 1509 1802 1776 1875; x_wconf 89' lang='lat' dir='ltr'><strong>tempore</strong></span> <span class='ocrx_word' id='word_1_177' title='bbox 1797 1789 2063 1854; x_wconf 56' lang='lat' dir='ltr'><strong>afflictio.</strong></span> 
     </span>
    </p>
   </div>
   <div class='ocr_carea' id='block_1_23' title="bbox 2165 896 3817 986">
    <p class='ocr_par' dir='ltr' id='par_1_23' title="bbox 2165 896 3817 986">
     <span class='ocr_line' id='line_1_24' title="bbox 2165 896 3817 986; baseline 0.002 -32"><span class='ocrx_word' id='word_1_178' title='bbox 2165 905 2286 964; x_wconf 84' lang='grc' dir='ltr'><strong>Πῶς</strong></span> <span class='ocrx_word' id='word_1_179' title='bbox 2311 898 2402 956; x_wconf 78' lang='grc' dir='ltr'>οὖν</span> <span class='ocrx_word' id='word_1_180' title='bbox 2447 896 2548 954; x_wconf 85' lang='grc' dir='ltr'><strong>ὦδε</strong></span> <span class='ocrx_word' id='word_1_181' title='bbox 2605 896 2749 976; x_wconf 83' lang='grc' dir='ltr'><strong>λέγει</strong></span> <span class='ocrx_word' id='word_1_182' title='bbox 2807 897 2887 954; x_wconf 83' lang='grc' dir='ltr'><strong>ὅτι</strong></span> <span class='ocrx_word' id='word_1_183' title='bbox 2953 899 3287 978; x_wconf 84' lang='grc' dir='ltr'>Καυχώμεθα</span> <span class='ocrx_word' id='word_1_184' title='bbox 3333 897 3442 986; x_wconf 43' lang='grc' dir='ltr'><strong>ἐᾷ’,</strong></span> <span class='ocrx_word' id='word_1_185' title='bbox 3471 901 3647 981; x_wconf 68' lang='grc' dir='ltr'>ὖμτνς</span> <span class='ocrx_word' id='word_1_186' title='bbox 3711 901 3817 958; x_wconf 81' lang='grc' dir='ltr'><strong>Οὑκ</strong></span> 
     </span>
    </p>
   </div>
   <div class='ocr_carea' id='block_1_24' title="bbox 2158 971 3810 1068">
    <p class='ocr_par' dir='ltr' id='par_1_24' title="bbox 2158 971 3810 1068">
     <span class='ocr_line' id='line_1_25' title="bbox 2158 971 3810 1068; baseline 0.002 -24"><span class='ocrx_word' id='word_1_187' title='bbox 2158 988 2306 1068; x_wconf 78' lang='grc' dir='ltr'>ε’ίπε,</span> <span class='ocrx_word' id='word_1_188' title='bbox 2383 971 2729 1062; x_wconf 81' lang='grc' dir='ltr'>Διδάσκομεν,</span> <span class='ocrx_word' id='word_1_189' title='bbox 2790 985 2926 1043; x_wconf 78' lang='grc' dir='ltr'>ἀλλὰ</span> <span class='ocrx_word' id='word_1_190' title='bbox 2973 971 3332 1068; x_wconf 69' lang='grc' dir='ltr'>Καύχώμεθα.</span> <span class='ocrx_word' id='word_1_191' title='bbox 3374 971 3523 1046; x_wconf 54' lang='grc' dir='ltr'><strong>’Ἱενί</strong></span> <span class='ocrx_word' id='word_1_192' title='bbox 3608 971 3663 1046; x_wconf 73' lang='grc' dir='ltr'>δὲ</span> <span class='ocrx_word' id='word_1_193' title='bbox 3719 993 3810 1047; x_wconf 88' lang='grc' dir='ltr'>καὶ</span> 
     </span>
    </p>
   </div>
   <div class='ocr_carea' id='block_1_25' title="bbox 2154 1073 3811 1159">
    <p class='ocr_par' dir='ltr' id='par_1_25' title="bbox 2154 1073 3811 1159">
     <span class='ocr_line' id='line_1_26' title="bbox 2154 1073 3811 1159; baseline 0.001 -25"><span class='ocrx_word' id='word_1_194' title='bbox 2154 1078 2296 1156; x_wconf 83' lang='grc' dir='ltr'>παρὰ</span> <span class='ocrx_word' id='word_1_195' title='bbox 2345 1091 2462 1142; x_wconf 74' lang='grc' dir='ltr'>τοῖς</span> <span class='ocrx_word' id='word_1_196' title='bbox 2516 1073 2673 1133; x_wconf 80' lang='grc' dir='ltr'>εἰδόσι</span> <span class='ocrx_word' id='word_1_197' title='bbox 2725 1079 3048 1156; x_wconf 81' lang='grc' dir='ltr'>καυχᾶσθαι.</span> <span class='ocrx_word' id='word_1_198' title='bbox 3115 1079 3172 1134; x_wconf 83' lang='grc' dir='ltr'>Εἰ</span> <span class='ocrx_word' id='word_1_199' title='bbox 3228 1077 3316 1134; x_wconf 75' lang='grc' dir='ltr'><strong>οἶν</strong></span> <span class='ocrx_word' id='word_1_200' title='bbox 3360 1081 3512 1158; x_wconf 83' lang='grc' dir='ltr'>φησὶ,</span> <span class='ocrx_word' id='word_1_201' title='bbox 3555 1080 3620 1135; x_wconf 78' lang='grc' dir='ltr'><strong>τὰ</strong></span> <span class='ocrx_word' id='word_1_202' title='bbox 3683 1079 3811 1159; x_wconf 82' lang='grc' dir='ltr'>παρ’</span> 
     </span>
    </p>
   </div>
   <div class='ocr_carea' id='block_1_26' title="bbox 2151 1165 3802 1248">
    <p class='ocr_par' dir='ltr' id='par_1_26' title="bbox 2151 1165 3802 1248">
     <span class='ocr_line' id='line_1_27' title="bbox 2151 1165 3802 1248; baseline 0.002 -28"><span class='ocrx_word' id='word_1_203' title='bbox 2151 1166 2298 1240; x_wconf 82' lang='grc' dir='ltr'>ὑμῶν</span> <span class='ocrx_word' id='word_1_204' title='bbox 2377 1165 2762 1242; x_wconf 74' lang='grc' dir='ltr'><strong>κατορθούμενα</strong></span> <span class='ocrx_word' id='word_1_205' title='bbox 2839 1165 2928 1219; x_wconf 81' lang='grc' dir='ltr'><strong>καὶ</strong></span> <span class='ocrx_word' id='word_1_206' title='bbox 2995 1165 3130 1240; x_wconf 77' lang='grc' dir='ltr'>ἡμῖν</span> <span class='ocrx_word' id='word_1_207' title='bbox 3211 1165 3436 1246; x_wconf 79' lang='grc' dir='ltr'><strong>παρέχει</strong></span> <span class='ocrx_word' id='word_1_208' title='bbox 3480 1169 3802 1248; x_wconf 78' lang='grc' dir='ltr'><strong>καυχήσεως</strong></span> 
     </span>
    </p>
   </div>
   <div class='ocr_carea' id='block_1_27' title="bbox 2154 1251 3801 1332">
    <p class='ocr_par' dir='ltr' id='par_1_27' title="bbox 2154 1251 3801 1332">
     <span class='ocr_line' id='line_1_28' title="bbox 2154 1251 3801 1332; baseline 0.001 -24"><span class='ocrx_word' id='word_1_209' title='bbox 2154 1252 2417 1332; x_wconf 76' lang='grc' dir='ltr'>ἀφορμὰς,</span> <span class='ocrx_word' id='word_1_210' title='bbox 2465 1251 2549 1308; x_wconf 83' lang='grc' dir='ltr'><strong>διὰ</strong></span> <span class='ocrx_word' id='word_1_211' title='bbox 2589 1253 2640 1308; x_wconf 86' lang='grc' dir='ltr'><strong>τί</strong></span> <span class='ocrx_word' id='word_1_212' title='bbox 2698 1253 2853 1328; x_wconf 79' lang='grc' dir='ltr'>ὑμεῖς</span> <span class='ocrx_word' id='word_1_213' title='bbox 2903 1251 2989 1308; x_wconf 81' lang='grc' dir='ltr'><strong>ἕπὶ</strong></span> <span class='ocrx_word' id='word_1_214' title='bbox 3060 1265 3179 1317; x_wconf 74' lang='grc' dir='ltr'>τοῖς</span> <span class='ocrx_word' id='word_1_215' title='bbox 3238 1253 3639 1331; x_wconf 79' lang='grc' dir='ltr'>προξενητικοτς</span> <span class='ocrx_word' id='word_1_216' title='bbox 3693 1262 3801 1312; x_wconf 85' lang='grc' dir='ltr'>τῶν</span> 
     </span>
    </p>
   </div>
   <div class='ocr_carea' id='block_1_28' title="bbox 2153 1341 3794 1425">
    <p class='ocr_par' dir='ltr' id='par_1_28' title="bbox 2153 1341 3794 1425">
     <span class='ocr_line' id='line_1_29' title="bbox 2153 1341 3794 1425; baseline 0.003 -28"><span class='ocrx_word' id='word_1_217' title='bbox 2153 1341 2573 1425; x_wconf 75' lang='grc' dir='ltr'>κατορθωμάτων</span> <span class='ocrx_word' id='word_1_218' title='bbox 2642 1355 2962 1420; x_wconf 81' lang='grc' dir='ltr'><strong>πειρασμοῖς</strong></span> <span class='ocrx_word' id='word_1_219' title='bbox 3022 1341 3206 1398; x_wconf 82' lang='grc' dir='ltr'>ἆλύετε</span> <span class='ocrx_word' id='word_1_220' title='bbox 3284 1344 3371 1400; x_wconf 83' lang='grc' dir='ltr'><strong>καὶ</strong></span> <span class='ocrx_word' id='word_1_221' title='bbox 3425 1343 3794 1425; x_wconf 82' lang='grc' dir='ltr'>ἆδημονεϊτε;</span> 
     </span>
    </p>
   </div>
   <div class='ocr_carea' id='block_1_29' title="bbox 2161 1420 3800 1510">
    <p class='ocr_par' dir='ltr' id='par_1_29' title="bbox 2161 1420 3800 1510">
     <span class='ocr_line' id='line_1_30' title="bbox 2161 1420 3800 1510; baseline 0.003 -24"><span class='ocrx_word' id='word_1_222' title='bbox 2161 1451 2187 1486; x_wconf 76' lang='grc' dir='ltr'>ι</span> <span class='ocrx_word' id='word_1_223' title='bbox 2238 1420 2395 1510; x_wconf 69' lang='grc' dir='ltr'>’Υπὲρ</span> <span class='ocrx_word' id='word_1_224' title='bbox 2449 1433 2548 1498; x_wconf 74' lang='grc' dir='ltr'>τῆς</span> <span class='ocrx_word' id='word_1_225' title='bbox 2607 1429 2880 1506; x_wconf 75' lang='grc' dir='ltr'>ὑπομονῆς</span> <span class='ocrx_word' id='word_1_226' title='bbox 2940 1431 3110 1506; x_wconf 68' lang='grc' dir='ltr'>ὑμῶν.</span> <span class='ocrx_word' id='word_1_227' title='bbox 3162 1454 3190 1487; x_wconf 67' lang='lat' dir='ltr'><strong>s</strong></span> <span class='ocrx_word' id='word_1_228' title='bbox 3257 1432 3522 1490; x_wconf 86' lang='grc' dir='ltr'>Δείκνυσιν</span> <span class='ocrx_word' id='word_1_229' title='bbox 3578 1432 3660 1490; x_wconf 79' lang='grc' dir='ltr'><strong>ὅτι</strong></span> <span class='ocrx_word' id='word_1_230' title='bbox 3713 1420 3800 1491; x_wconf 77' lang='grc' dir='ltr'><strong>καί</strong></span> 
     </span>
    </p>
   </div>
   <div class='ocr_carea' id='block_1_30' title="bbox 2153 1518 3798 1603">
    <p class='ocr_par' dir='ltr' id='par_1_30' title="bbox 2153 1518 3798 1603">
     <span class='ocr_line' id='line_1_31' title="bbox 2153 1518 3798 1603; baseline 0.001 -27"><span class='ocrx_word' id='word_1_231' title='bbox 2153 1518 2318 1577; x_wconf 88' lang='grc' dir='ltr'>πολὺν</span> <span class='ocrx_word' id='word_1_232' title='bbox 2367 1521 2529 1600; x_wconf 75' lang='grc' dir='ltr'>εἶχον</span> <span class='ocrx_word' id='word_1_233' title='bbox 2587 1519 2642 1575; x_wconf 81' lang='grc' dir='ltr'>ἐν</span> <span class='ocrx_word' id='word_1_234' title='bbox 2700 1531 2819 1582; x_wconf 73' lang='grc' dir='ltr'>τοῖς</span> <span class='ocrx_word' id='word_1_235' title='bbox 2878 1533 3199 1599; x_wconf 73' lang='grc' dir='ltr'>πειρασμοῖς</span> <span class='ocrx_word' id='word_1_236' title='bbox 3243 1520 3460 1601; x_wconf 83' lang='grc' dir='ltr'>χρόνον.</span> <span class='ocrx_word' id='word_1_237' title='bbox 3507 1529 3671 1581; x_wconf 88' lang='grc' dir='ltr'>Τοῦτο</span> <span class='ocrx_word' id='word_1_238' title='bbox 3699 1524 3798 1603; x_wconf 80' lang='grc' dir='ltr'><strong>γὰρ</strong></span> 
     </span>
    </p>
   </div>
   <div class='ocr_carea' id='block_1_31' title="bbox 2148 1603 3790 1688">
    <p class='ocr_par' dir='ltr' id='par_1_31' title="bbox 2148 1603 3790 1688">
     <span class='ocr_line' id='line_1_32' title="bbox 2148 1603 3790 1688; baseline 0.009 -32"><span class='ocrx_word' id='word_1_239' title='bbox 2148 1611 2182 1676; x_wconf 74' lang='grc' dir='ltr'><strong>ἡ</strong></span> <span class='ocrx_word' id='word_1_240' title='bbox 2210 1609 2453 1685; x_wconf 70' lang='grc' dir='ltr'>ὑπομονὴ</span> <span class='ocrx_word' id='word_1_241' title='bbox 2481 1606 2662 1676; x_wconf 76' lang='grc' dir='ltr'>δηλοῖ.</span> <span class='ocrx_word' id='word_1_242' title='bbox 2702 1631 2731 1662; x_wconf 78' lang='grc' dir='ltr'>ι</span> <span class='ocrx_word' id='word_1_243' title='bbox 2765 1603 2854 1664; x_wconf 87' lang='grc' dir='ltr'><strong>Ἐν</strong></span> <span class='ocrx_word' id='word_1_244' title='bbox 2906 1614 3035 1664; x_wconf 84' lang='grc' dir='ltr'>πᾶσι</span> <span class='ocrx_word' id='word_1_245' title='bbox 3082 1622 3202 1672; x_wconf 79' lang='grc' dir='ltr'>τοῖς</span> <span class='ocrx_word' id='word_1_246' title='bbox 3249 1608 3514 1688; x_wconf 73' lang='grc' dir='ltr'>διωγμοῖς</span> <span class='ocrx_word' id='word_1_247' title='bbox 3555 1613 3724 1687; x_wconf 82' lang='grc' dir='ltr'>ὑμῶν.</span> <span class='ocrx_word' id='word_1_248' title='bbox 3767 1636 3790 1670; x_wconf 71' lang='grc' dir='ltr'><strong>ι</strong></span> 
     </span>
    </p>
   </div>
   <div class='ocr_carea' id='block_1_32' title="bbox 2153 1688 3794 1782">
    <p class='ocr_par' dir='ltr' id='par_1_32' title="bbox 2153 1688 3794 1782">
     <span class='ocr_line' id='line_1_33' title="bbox 2153 1688 3794 1782; baseline 0.003 -28"><span class='ocrx_word' id='word_1_249' title='bbox 2153 1688 2425 1775; x_wconf 76' lang='grc' dir='ltr'>ἰ’πομονὴ</span> <span class='ocrx_word' id='word_1_250' title='bbox 2485 1699 2583 1775; x_wconf 77' lang='grc' dir='ltr'><strong>μὲν</strong></span> <span class='ocrx_word' id='word_1_251' title='bbox 2642 1699 2752 1777; x_wconf 83' lang='grc' dir='ltr'>οὗν,</span> <span class='ocrx_word' id='word_1_252' title='bbox 2815 1698 2904 1754; x_wconf 83' lang='grc' dir='ltr'><strong>καὶ</strong></span> <span class='ocrx_word' id='word_1_253' title='bbox 2946 1700 3007 1756; x_wconf 87' lang='grc' dir='ltr'><strong>τὸ</strong></span> <span class='ocrx_word' id='word_1_254' title='bbox 3081 1698 3362 1779; x_wconf 77' lang='grc' dir='ltr'>ἀνέχεσθαι</span> <span class='ocrx_word' id='word_1_255' title='bbox 3419 1705 3518 1767; x_wconf 76' lang='grc' dir='ltr'>τῆς</span> <span class='ocrx_word' id='word_1_256' title='bbox 3575 1702 3794 1782; x_wconf 81' lang='grc' dir='ltr'>ὑπερθέ-</span> 
     </span>
    </p>
   </div>
   <div class='ocr_carea' id='block_1_33' title="bbox 2148 1785 3790 1872">
    <p class='ocr_par' dir='ltr' id='par_1_33' title="bbox 2148 1785 3790 1872">
     <span class='ocr_line' id='line_1_34' title="bbox 2148 1785 3790 1872; baseline 0.003 -28"><span class='ocrx_word' id='word_1_257' title='bbox 2148 1809 2281 1854; x_wconf 89' lang='grc' dir='ltr'>σεως</span> <span class='ocrx_word' id='word_1_258' title='bbox 2328 1795 2435 1846; x_wconf 81' lang='grc' dir='ltr'>τῶν</span> <span class='ocrx_word' id='word_1_259' title='bbox 2480 1785 2817 1863; x_wconf 77' lang='grc' dir='ltr'>ἀντιδόσεων,</span> <span class='ocrx_word' id='word_1_260' title='bbox 2866 1789 3059 1863; x_wconf 82' lang='grc' dir='ltr'>μείζων</span> <span class='ocrx_word' id='word_1_261' title='bbox 3109 1786 3163 1872; x_wconf 60' lang='grc' dir='ltr'>δὲ</span> <span class='ocrx_word' id='word_1_262' title='bbox 3208 1791 3296 1861; x_wconf 78' lang='grc' dir='ltr'><strong>καὶ</strong></span> <span class='ocrx_word' id='word_1_263' title='bbox 3336 1792 3732 1872; x_wconf 81' lang='grc' dir='ltr'>θαυμασιωτέρα</span> <span class='ocrx_word' id='word_1_264' title='bbox 3755 1795 3790 1862; x_wconf 76' lang='grc' dir='ltr'>ἡ</span> 
     </span>
    </p>
   </div>
   <div class='ocr_carea' id='block_1_34' title="bbox 415 1853 2049 1964">
    <p class='ocr_par' dir='ltr' id='par_1_34' title="bbox 415 1853 2049 1964">
     <span class='ocr_line' id='line_1_35' title="bbox 415 1853 2049 1964; baseline -0.002 -25"><span class='ocrx_word' id='word_1_265' title='bbox 415 1895 524 1940; x_wconf 91' lang='lat' dir='ltr'><strong>nes</strong></span> <span class='ocrx_word' id='word_1_266' title='bbox 549 1853 968 1947; x_wconf 53' lang='lat' dir='ltr'><strong>sustineriunt:</strong></span> <span class='ocrx_word' id='word_1_267' title='bbox 1016 1880 1160 1945; x_wconf 89' lang='lat' dir='ltr'><strong>Nam</strong></span> <span class='ocrx_word' id='word_1_268' title='bbox 1210 1883 1324 1945; x_wconf 89' lang='lat' dir='ltr'><strong>hoc</strong></span> <span class='ocrx_word' id='word_1_269' title='bbox 1376 1853 1669 1964; x_wconf 47' lang='lat' dir='ltr'><strong>siogniflca‘t</strong></span> <span class='ocrx_word' id='word_1_270' title='bbox 1715 1880 1895 1943; x_wconf 89' lang='lat' dir='ltr'><strong>dictio</strong></span> <span class='ocrx_word' id='word_1_271' title='bbox 1924 1880 2049 1936; x_wconf 79' lang='grc' dir='ltr'>ὕπο-</span> 
     </span>
    </p>
   </div>
   <div class='ocr_carea' id='block_1_35' title="bbox 2138 1853 3790 1964">
    <p class='ocr_par' dir='ltr' id='par_1_35' title="bbox 2147 1853 3790 1964">
     <span class='ocr_line' id='line_1_36' title="bbox 2147 1853 3790 1964; baseline 0.002 -30"><span class='ocrx_word' id='word_1_272' title='bbox 2147 1877 2200 1934; x_wconf 78' lang='grc' dir='ltr'><strong>ἐν</strong></span> <span class='ocrx_word' id='word_1_273' title='bbox 2229 1891 2546 1958; x_wconf 75' lang='grc' dir='ltr'>πειρασμοῖς</span> <span class='ocrx_word' id='word_1_274' title='bbox 2577 1878 2665 1934; x_wconf 87' lang='grc' dir='ltr'><strong>καὶ</strong></span> <span class='ocrx_word' id='word_1_275' title='bbox 2711 1853 2981 1964; x_wconf 42' lang='grc' dir='ltr'>θλίψεσιν,</span> <span class='ocrx_word' id='word_1_276' title='bbox 3025 1901 3053 1933; x_wconf 75' lang='grc' dir='ltr'><strong>α</strong></span> <span class='ocrx_word' id='word_1_277' title='bbox 3111 1853 3393 1958; x_wconf 49' lang='grc' dir='ltr'>ἸΕνδειγμα</span> <span class='ocrx_word' id='word_1_278' title='bbox 3432 1853 3532 1947; x_wconf 65' lang='grc' dir='ltr'><strong>ἰτῆς</strong></span> <span class='ocrx_word' id='word_1_279' title='bbox 3583 1853 3790 1938; x_wconf 48' lang='grc' dir='ltr'><strong>δικίκιοζ</strong></span> 
     </span>
    </p>
   </div>
   <div class='ocr_carea' id='block_1_36' title="bbox 412 1953 2049 2054">
    <p class='ocr_par' dir='ltr' id='par_1_36' title="bbox 412 1953 2049 2054">
     <span class='ocr_line' id='line_1_37' title="bbox 412 1953 2049 2054; baseline 0.003 -30"><span class='ocrx_word' id='word_1_280' title='bbox 412 1968 576 2043; x_wconf 81' lang='grc' dir='ltr'>μονὴ,</span> <span class='ocrx_word' id='word_1_281' title='bbox 603 1967 667 2030; x_wconf 91' lang='lat' dir='ltr'><strong>id</strong></span> <span class='ocrx_word' id='word_1_282' title='bbox 699 1978 809 2053; x_wconf 91' lang='lat' dir='ltr'><strong>est,</strong></span> <span class='ocrx_word' id='word_1_283' title='bbox 843 1971 1176 2035; x_wconf 91' lang='lat' dir='ltr'><strong>tolerantia.</strong></span> <span class='ocrx_word' id='word_1_284' title='bbox 1215 1998 1238 2030; x_wconf 77' lang='grc' dir='ltr'>ι</span> <span class='ocrx_word' id='word_1_285' title='bbox 1275 1953 1760 2054; x_wconf 64' lang='lat' dir='ltr'><strong>Superomnibus</strong></span> <span class='ocrx_word' id='word_1_286' title='bbox 1783 1986 2049 2052; x_wconf 45' lang='lat' dir='ltr'><strong>persecu‘</strong></span> 
     </span>
    </p>
   </div>
   <div class='ocr_carea' id='block_1_37' title="bbox 2138 1953 3787 2054">
    <p class='ocr_par' dir='ltr' id='par_1_37' title="bbox 2145 1953 3787 2048">
     <span class='ocr_line' id='line_1_38' title="bbox 2145 1953 3787 2048; baseline 0.004 -26"><span class='ocrx_word' id='word_1_287' title='bbox 2145 1953 2346 2046; x_wconf 79' lang='grc' dir='ltr'>κρισίας</span> <span class='ocrx_word' id='word_1_288' title='bbox 2374 1953 2467 2026; x_wconf 88' lang='grc' dir='ltr'><strong>τοῦ</strong></span> <span class='ocrx_word' id='word_1_289' title='bbox 2515 1965 2666 2026; x_wconf 75' lang='grc' dir='ltr'>Θεοῦ.</span> <span class='ocrx_word' id='word_1_290' title='bbox 2709 1988 2733 2023; x_wconf 73' lang='lat' dir='ltr'><strong>a</strong></span> <span class='ocrx_word' id='word_1_291' title='bbox 2799 1956 3104 2046; x_wconf 74' lang='grc' dir='ltr'>’Ἐνδειγμά</span> <span class='ocrx_word' id='word_1_292' title='bbox 3158 1953 3330 2048; x_wconf 53' lang='grc' dir='ltr'>φησι,</span> <span class='ocrx_word' id='word_1_293' title='bbox 3372 1967 3470 2036; x_wconf 74' lang='grc' dir='ltr'><strong>τὴν</strong></span> <span class='ocrx_word' id='word_1_294' title='bbox 3527 1967 3787 2036; x_wconf 80' lang='grc' dir='ltr'>ἀπόδειξιν</span> 
     </span>
    </p>
   </div>
   <div class='ocr_carea' id='block_1_38' title="bbox 413 2055 2064 2143">
    <p class='ocr_par' dir='ltr' id='par_1_38' title="bbox 413 2055 2064 2143">
     <span class='ocr_line' id='line_1_39' title="bbox 413 2055 2064 2143; baseline 0.002 -27"><span class='ocrx_word' id='word_1_295' title='bbox 413 2055 674 2120; x_wconf 89' lang='lat' dir='ltr'><strong>tionibus</strong></span> <span class='ocrx_word' id='word_1_296' title='bbox 704 2059 937 2123; x_wconf 83' lang='lat' dir='ltr'><strong>vestris.</strong></span> <span class='ocrx_word' id='word_1_297' title='bbox 991 2082 1014 2115; x_wconf 80' lang='grc' dir='ltr'><strong>ι</strong></span> <span class='ocrx_word' id='word_1_298' title='bbox 1063 2059 1403 2125; x_wconf 90' lang='lat' dir='ltr'><strong>Tolerantia</strong></span> <span class='ocrx_word' id='word_1_299' title='bbox 1449 2079 1708 2143; x_wconf 88' lang='lat' dir='ltr'><strong>namque</strong></span> <span class='ocrx_word' id='word_1_300' title='bbox 1751 2058 1928 2122; x_wconf 90' lang='lat' dir='ltr'><strong>etiam</strong></span> <span class='ocrx_word' id='word_1_301' title='bbox 1975 2066 2064 2120; x_wconf 89' lang='lat' dir='ltr'><strong>cst</strong></span> 
     </span>
    </p>
   </div>
   <div class='ocr_carea' id='block_1_39' title="bbox 410 2145 2062 2233">
    <p class='ocr_par' dir='ltr' id='par_1_39' title="bbox 410 2145 2062 2233">
     <span class='ocr_line' id='line_1_40' title="bbox 410 2145 2062 2233; baseline 0.001 -27"><span class='ocrx_word' id='word_1_302' title='bbox 410 2145 706 2209; x_wconf 90' lang='lat' dir='ltr'><strong>sustinere</strong></span> <span class='ocrx_word' id='word_1_303' title='bbox 755 2146 1102 2213; x_wconf 89' lang='lat' dir='ltr'><strong>dilationem</strong></span> <span class='ocrx_word' id='word_1_304' title='bbox 1148 2151 1554 2233; x_wconf 67' lang='lat' dir='ltr'><strong>praemiorum,</strong></span> <span class='ocrx_word' id='word_1_305' title='bbox 1603 2149 1708 2212; x_wconf 91' lang='lat' dir='ltr'><strong>sed</strong></span> <span class='ocrx_word' id='word_1_306' title='bbox 1784 2148 1976 2228; x_wconf 86' lang='lat' dir='ltr'><strong>major</strong></span> <span class='ocrx_word' id='word_1_307' title='bbox 2003 2155 2062 2208; x_wconf 90' lang='lat' dir='ltr'><strong>et</strong></span> 
     </span>
    </p>
   </div>
   <div class='ocr_carea' id='block_1_40' title="bbox 411 2233 2057 2303">
    <p class='ocr_par' dir='ltr' id='par_1_40' title="bbox 411 2233 2057 2303">
     <span class='ocr_line' id='line_1_41' title="bbox 411 2233 2057 2303; baseline 0.001 -9"><span class='ocrx_word' id='word_1_308' title='bbox 411 2233 822 2299; x_wconf 90' lang='lat' dir='ltr'><strong>admirabilior</strong></span> <span class='ocrx_word' id='word_1_309' title='bbox 851 2247 942 2301; x_wconf 90' lang='lat' dir='ltr'><strong>est</strong></span> <span class='ocrx_word' id='word_1_310' title='bbox 968 2238 1031 2301; x_wconf 91' lang='lat' dir='ltr'><strong>in</strong></span> <span class='ocrx_word' id='word_1_311' title='bbox 1046 2239 1307 2303; x_wconf 82' lang='lat' dir='ltr'><strong>ferendis</strong></span> <span class='ocrx_word' id='word_1_312' title='bbox 1329 2238 1774 2303; x_wconf 81' lang='lat' dir='ltr'><strong>afflictionibus.</strong></span> <span class='ocrx_word' id='word_1_313' title='bbox 1815 2265 1837 2296; x_wconf 74' lang='grc' dir='ltr'>ι</span> <span class='ocrx_word' id='word_1_314' title='bbox 1859 2235 2057 2298; x_wconf 82' lang='grc' dir='ltr'>Βοοιι-</span> 
     </span>
    </p>
   </div>
   <div class='ocr_carea' id='block_1_41' title="bbox 407 2323 2053 2408">
    <p class='ocr_par' dir='ltr' id='par_1_41' title="bbox 407 2323 2053 2408">
     <span class='ocr_line' id='line_1_42' title="bbox 407 2323 2053 2408; baseline 0.001 -24"><span class='ocrx_word' id='word_1_315' title='bbox 407 2331 679 2388; x_wconf 88' lang='lat' dir='ltr'><strong>mentum</strong></span> <span class='ocrx_word' id='word_1_316' title='bbox 700 2325 854 2406; x_wconf 88' lang='lat' dir='ltr'><strong>justi</strong></span> <span class='ocrx_word' id='word_1_317' title='bbox 872 2328 1112 2408; x_wconf 88' lang='lat' dir='ltr'><strong>judicii.</strong></span> <span class='ocrx_word' id='word_1_318' title='bbox 1144 2348 1170 2383; x_wconf 75' lang='grc' dir='ltr'><strong><em>ι</em></strong></span> <span class='ocrx_word' id='word_1_319' title='bbox 1197 2329 1632 2392; x_wconf 85' lang='lat' dir='ltr'><strong>Documentum</strong></span> <span class='ocrx_word' id='word_1_320' title='bbox 1654 2326 1802 2390; x_wconf 92' lang='lat' dir='ltr'><strong>dicit</strong></span> <span class='ocrx_word' id='word_1_321' title='bbox 1820 2323 2053 2388; x_wconf 73' lang='lat' dir='ltr'><strong>exhibi-</strong></span> 
     </span>
    </p>
   </div>
   <div class='ocr_carea' id='block_1_42' title="bbox 408 2412 2052 2497">
    <p class='ocr_par' dir='ltr' id='par_1_42' title="bbox 408 2412 2052 2497">
     <span class='ocr_line' id='line_1_43' title="bbox 408 2412 2052 2497; baseline 0.001 -23"><span class='ocrx_word' id='word_1_322' title='bbox 408 2412 632 2477; x_wconf 88' lang='lat' dir='ltr'><strong>tionem</strong></span> <span class='ocrx_word' id='word_1_323' title='bbox 662 2423 722 2478; x_wconf 93' lang='lat' dir='ltr'><strong>et</strong></span> <span class='ocrx_word' id='word_1_324' title='bbox 749 2427 1209 2497; x_wconf 83' lang='lat' dir='ltr'><strong>argumentum:</strong></span> <span class='ocrx_word' id='word_1_325' title='bbox 1266 2421 1392 2483; x_wconf 66' lang='lat' dir='ltr'><strong>haec</strong></span> <span class='ocrx_word' id='word_1_326' title='bbox 1438 2420 1598 2483; x_wconf 90' lang='lat' dir='ltr'><strong>anim</strong></span> <span class='ocrx_word' id='word_1_327' title='bbox 1645 2417 1956 2481; x_wconf 91' lang='lat' dir='ltr'><strong>sustinetts</strong></span> <span class='ocrx_word' id='word_1_328' title='bbox 1981 2413 2052 2476; x_wconf 89' lang='lat' dir='ltr'><strong>ad</strong></span> 
     </span>
    </p>
   </div>
   <div class='ocr_carea' id='block_1_43' title="bbox 406 2500 2056 2590">
    <p class='ocr_par' dir='ltr' id='par_1_43' title="bbox 406 2500 2056 2590">
     <span class='ocr_line' id='line_1_44' title="bbox 406 2500 2056 2590; baseline 0.001 -28"><span class='ocrx_word' id='word_1_329' title='bbox 406 2500 937 2590; x_wconf 85' lang='lat' dir='ltr'><strong>demonstrandum</strong></span> <span class='ocrx_word' id='word_1_330' title='bbox 966 2507 1194 2587; x_wconf 92' lang='lat' dir='ltr'><strong>justum</strong></span> <span class='ocrx_word' id='word_1_331' title='bbox 1225 2509 1334 2572; x_wconf 91' lang='lat' dir='ltr'><strong>Dei</strong></span> <span class='ocrx_word' id='word_1_332' title='bbox 1369 2508 1690 2590; x_wconf 84' lang='lat' dir='ltr'><strong>judicium,</strong></span> <span class='ocrx_word' id='word_1_333' title='bbox 1727 2514 1786 2569; x_wconf 92' lang='lat' dir='ltr'><strong>et</strong></span> <span class='ocrx_word' id='word_1_334' title='bbox 1807 2511 1872 2567; x_wconf 93' lang='lat' dir='ltr'><strong>ut</strong></span> <span class='ocrx_word' id='word_1_335' title='bbox 1891 2503 2056 2582; x_wconf 79' lang='lat' dir='ltr'><strong>digni</strong></span> 
     </span>
    </p>
   </div>
   <div class='ocr_carea' id='block_1_44' title="bbox 406 2588 2056 2674">
    <p class='ocr_par' dir='ltr' id='par_1_44' title="bbox 406 2588 2056 2674">
     <span class='ocr_line' id='line_1_45' title="bbox 406 2588 2056 2674; baseline 0.001 -23"><span class='ocrx_word' id='word_1_336' title='bbox 406 2588 747 2655; x_wconf 87' lang='lat' dir='ltr'><strong>babeamini</strong></span> <span class='ocrx_word' id='word_1_337' title='bbox 775 2607 962 2674; x_wconf 81' lang='lat' dir='ltr'><strong>regno</strong></span> <span class='ocrx_word' id='word_1_338' title='bbox 991 2597 1277 2659; x_wconf 83' lang='lat' dir='ltr'><strong>caelorum</strong></span> <span class='ocrx_word' id='word_1_339' title='bbox 1304 2618 1318 2659; x_wconf 95' lang='lat'><strong>:</strong></span> <span class='ocrx_word' id='word_1_340' title='bbox 1353 2588 1422 2660; x_wconf 89' lang='lat' dir='ltr'><strong>ac</strong></span> <span class='ocrx_word' id='word_1_341' title='bbox 1450 2597 1502 2659; x_wconf 82' lang='lat' dir='ltr'><strong>si</strong></span> <span class='ocrx_word' id='word_1_342' title='bbox 1531 2588 1792 2659; x_wconf 81' lang='lat' dir='ltr'><strong>diceret:</strong></span> <span class='ocrx_word' id='word_1_343' title='bbox 1815 2594 2056 2674; x_wconf 87' lang='lat' dir='ltr'><strong>Propte-</strong></span> 
     </span>
    </p>
   </div>
   <div class='ocr_carea' id='block_1_45' title="bbox 404 2681 2045 2762">
    <p class='ocr_par' dir='ltr' id='par_1_45' title="bbox 404 2681 2045 2762">
     <span class='ocr_line' id='line_1_46' title="bbox 404 2681 2045 2762; baseline 0.001 -21"><span class='ocrx_word' id='word_1_344' title='bbox 404 2696 508 2742; x_wconf 86' lang='lat' dir='ltr'><strong>rea</strong></span> <span class='ocrx_word' id='word_1_345' title='bbox 537 2681 828 2762; x_wconf 88' lang='lat' dir='ltr'><strong>permittit</strong></span> <span class='ocrx_word' id='word_1_346' title='bbox 857 2702 958 2746; x_wconf 91' lang='lat' dir='ltr'><strong>vos</strong></span> <span class='ocrx_word' id='word_1_347' title='bbox 989 2687 1150 2749; x_wconf 91' lang='lat' dir='ltr'><strong>Deus</strong></span> <span class='ocrx_word' id='word_1_348' title='bbox 1207 2704 1340 2750; x_wconf 90' lang='lat' dir='ltr'><strong>esse</strong></span> <span class='ocrx_word' id='word_1_349' title='bbox 1391 2686 1454 2748; x_wconf 93' lang='lat' dir='ltr'><strong>in</strong></span> <span class='ocrx_word' id='word_1_350' title='bbox 1498 2683 1942 2756; x_wconf 83' lang='lat' dir='ltr'><strong>afﬂictionibus,</strong></span> <span class='ocrx_word' id='word_1_351' title='bbox 1982 2689 2045 2743; x_wconf 93' lang='lat' dir='ltr'><strong>ut</strong></span> 
     </span>
    </p>
   </div>
   <div class='ocr_carea' id='block_1_46' title="bbox 405 2768 2043 2854">
    <p class='ocr_par' dir='ltr' id='par_1_46' title="bbox 405 2768 2043 2854">
     <span class='ocr_line' id='line_1_47' title="bbox 405 2768 2043 2854; baseline 0.001 -26"><span class='ocrx_word' id='word_1_352' title='bbox 405 2783 542 2829; x_wconf 91' lang='lat' dir='ltr'><strong>cum</strong></span> <span class='ocrx_word' id='word_1_353' title='bbox 572 2768 923 2835; x_wconf 90' lang='lat' dir='ltr'><strong>retribuerit</strong></span> <span class='ocrx_word' id='word_1_354' title='bbox 948 2772 1114 2835; x_wconf 87' lang='lat' dir='ltr'><strong>vobis</strong></span> <span class='ocrx_word' id='word_1_355' title='bbox 1132 2791 1380 2854; x_wconf 79' lang='lat' dir='ltr'><strong>regnum</strong></span> <span class='ocrx_word' id='word_1_356' title='bbox 1406 2772 1720 2847; x_wconf 63' lang='lat' dir='ltr'><strong>caelorum,</strong></span> <span class='ocrx_word' id='word_1_357' title='bbox 1743 2770 2043 2846; x_wconf 89' lang='lat' dir='ltr'><strong>ostendat,</strong></span> 
     </span>
    </p>
   </div>
   <div class='ocr_carea' id='block_1_47' title="bbox 403 2855 2045 2940">
    <p class='ocr_par' dir='ltr' id='par_1_47' title="bbox 403 2855 2045 2940">
     <span class='ocr_line' id='line_1_48' title="bbox 403 2855 2045 2940; baseline 0.002 -23"><span class='ocrx_word' id='word_1_358' title='bbox 403 2862 464 2918; x_wconf 83' lang='lat' dir='ltr'><strong>et</strong></span> <span class='ocrx_word' id='word_1_359' title='bbox 490 2855 652 2919; x_wconf 90' lang='lat' dir='ltr'><strong>velut</strong></span> <span class='ocrx_word' id='word_1_360' title='bbox 667 2869 1083 2940; x_wconf 79' lang='lat' dir='ltr'><strong>argumentum</strong></span> <span class='ocrx_word' id='word_1_361' title='bbox 1110 2873 1172 2926; x_wconf 89' lang='lat' dir='ltr'><strong>et</strong></span> <span class='ocrx_word' id='word_1_362' title='bbox 1193 2863 1762 2927; x_wconf 87' lang='lat' dir='ltr'><strong>demonstrationem</strong></span> <span class='ocrx_word' id='word_1_363' title='bbox 1783 2879 1852 2924; x_wconf 91' lang='lat' dir='ltr'><strong>ac</strong></span> <span class='ocrx_word' id='word_1_364' title='bbox 1871 2877 2045 2940; x_wconf 83' lang='lat' dir='ltr'><strong>expe-</strong></span> 
     </span>
    </p>
   </div>
   <div class='ocr_carea' id='block_1_48' title="bbox 401 2943 2045 3034">
    <p class='ocr_par' dir='ltr' id='par_1_48' title="bbox 401 2943 2045 3034">
     <span class='ocr_line' id='line_1_49' title="bbox 401 2943 2045 3034; baseline 0.004 -27"><span class='ocrx_word' id='word_1_365' title='bbox 401 2943 726 3010; x_wconf 92' lang='lat' dir='ltr'><strong>rimentum</strong></span> <span class='ocrx_word' id='word_1_366' title='bbox 757 2949 1032 3014; x_wconf 87' lang='lat' dir='ltr'><strong>exhibeat</strong></span> <span class='ocrx_word' id='word_1_367' title='bbox 1057 2952 1152 3015; x_wconf 88' lang='lat' dir='ltr'><strong>sui</strong></span> <span class='ocrx_word' id='word_1_368' title='bbox 1172 2952 1322 3034; x_wconf 88' lang='lat' dir='ltr'><strong>justi</strong></span> <span class='ocrx_word' id='word_1_369' title='bbox 1341 2952 1580 3034; x_wconf 90' lang='lat' dir='ltr'><strong>judicii.</strong></span> <span class='ocrx_word' id='word_1_370' title='bbox 1620 2951 2045 3016; x_wconf 86' lang='lat' dir='ltr'><strong>Animadverte</strong></span> 
     </span>
    </p>
   </div>
   <div class='ocr_carea' id='block_1_49' title="bbox 2143 2053 3786 2138">
    <p class='ocr_par' dir='ltr' id='par_1_49' title="bbox 2143 2053 3786 2138">
     <span class='ocr_line' id='line_1_50' title="bbox 2143 2053 3786 2138; baseline 0.003 -26"><span class='ocrx_word' id='word_1_371' title='bbox 2143 2056 2365 2112; x_wconf 85' lang='grc' dir='ltr'>καὶτὸν</span> <span class='ocrx_word' id='word_1_372' title='bbox 2418 2053 2670 2135; x_wconf 74' lang='grc' dir='ltr'>ἔλεγχον.</span> <span class='ocrx_word' id='word_1_373' title='bbox 2763 2064 2937 2114; x_wconf 86' lang='grc' dir='ltr'>Ταῦτα</span> <span class='ocrx_word' id='word_1_374' title='bbox 3013 2057 3112 2135; x_wconf 80' lang='grc' dir='ltr'>γὰρ</span> <span class='ocrx_word' id='word_1_375' title='bbox 3184 2057 3470 2133; x_wconf 75' lang='grc' dir='ltr'>ὑπομένετε</span> <span class='ocrx_word' id='word_1_376' title='bbox 3552 2060 3685 2138; x_wconf 92' lang='grc' dir='ltr'>πρὸς</span> <span class='ocrx_word' id='word_1_377' title='bbox 3723 2062 3786 2117; x_wconf 89' lang='grc' dir='ltr'><strong>τὸ</strong></span> 
     </span>
    </p>
   </div>
   <div class='ocr_carea' id='block_1_50' title="bbox 2145 2142 3783 2228">
    <p class='ocr_par' dir='ltr' id='par_1_50' title="bbox 2145 2142 3783 2228">
     <span class='ocr_line' id='line_1_51' title="bbox 2145 2142 3783 2228; baseline 0.003 -27"><span class='ocrx_word' id='word_1_378' title='bbox 2145 2142 2528 2225; x_wconf 73' lang='grc' dir='ltr'>ἀποδειχθῆναι</span> <span class='ocrx_word' id='word_1_379' title='bbox 2582 2147 2680 2213; x_wconf 85' lang='grc' dir='ltr'><strong>την</strong></span> <span class='ocrx_word' id='word_1_380' title='bbox 2737 2142 3117 2224; x_wconf 87' lang='grc' dir='ltr'>δικαιοκρισίαν</span> <span class='ocrx_word' id='word_1_381' title='bbox 3173 2152 3266 2202; x_wconf 85' lang='grc' dir='ltr'><strong>τοῦ</strong></span> <span class='ocrx_word' id='word_1_382' title='bbox 3320 2154 3473 2223; x_wconf 91' lang='grc' dir='ltr'>Θεοῦ,</span> <span class='ocrx_word' id='word_1_383' title='bbox 3522 2149 3610 2204; x_wconf 84' lang='grc' dir='ltr'><strong>καὶ</strong></span> <span class='ocrx_word' id='word_1_384' title='bbox 3651 2151 3783 2228; x_wconf 86' lang='grc' dir='ltr'>πρὸς</span> 
     </span>
    </p>
   </div>
   <div class='ocr_carea' id='block_1_51' title="bbox 2140 2231 3780 2316">
    <p class='ocr_par' dir='ltr' id='par_1_51' title="bbox 2140 2231 3780 2316">
     <span class='ocr_line' id='line_1_52' title="bbox 2140 2231 3780 2316; baseline 0.003 -26"><span class='ocrx_word' id='word_1_385' title='bbox 2140 2235 2204 2290; x_wconf 87' lang='grc' dir='ltr'><strong>τὸ</strong></span> <span class='ocrx_word' id='word_1_386' title='bbox 2297 2231 2678 2302; x_wconf 77' lang='grc' dir='ltr'><strong>καταξιωθῆναι</strong></span> <span class='ocrx_word' id='word_1_387' title='bbox 2775 2238 2874 2301; x_wconf 80' lang='grc' dir='ltr'>τῆς</span> <span class='ocrx_word' id='word_1_388' title='bbox 2964 2231 3235 2311; x_wconf 78' lang='grc' dir='ltr'>βασιλείας</span> <span class='ocrx_word' id='word_1_389' title='bbox 3320 2241 3424 2292; x_wconf 83' lang='grc' dir='ltr'><strong>τῶν</strong></span> <span class='ocrx_word' id='word_1_390' title='bbox 3523 2236 3780 2316; x_wconf 82' lang='grc' dir='ltr'>οὑρανῶν,</span> 
     </span>
    </p>
   </div>
   <div class='ocr_carea' id='block_1_52' title="bbox 2141 2322 3783 2402">
    <p class='ocr_par' dir='ltr' id='par_1_52' title="bbox 2141 2322 3783 2402">
     <span class='ocr_line' id='line_1_53' title="bbox 2141 2322 3783 2402; baseline 0.002 -22"><span class='ocrx_word' id='word_1_391' title='bbox 2141 2323 2268 2380; x_wconf 83' lang='grc' dir='ltr'>ὡσεὶ</span> <span class='ocrx_word' id='word_1_392' title='bbox 2325 2322 2497 2402; x_wconf 76' lang='grc' dir='ltr'>ἔλεγε,</span> <span class='ocrx_word' id='word_1_393' title='bbox 2559 2323 2658 2379; x_wconf 78' lang='grc' dir='ltr'>Διὰ</span> <span class='ocrx_word' id='word_1_394' title='bbox 2715 2329 2871 2379; x_wconf 87' lang='grc' dir='ltr'>τοῦτο</span> <span class='ocrx_word' id='word_1_395' title='bbox 2922 2336 3200 2402; x_wconf 83' lang='grc' dir='ltr'>συγχωρεῖ</span> <span class='ocrx_word' id='word_1_396' title='bbox 3259 2323 3312 2381; x_wconf 77' lang='grc' dir='ltr'><strong>ἐν</strong></span> <span class='ocrx_word' id='word_1_397' title='bbox 3369 2339 3492 2389; x_wconf 79' lang='grc' dir='ltr'>ταῖς</span> <span class='ocrx_word' id='word_1_398' title='bbox 3547 2327 3783 2402; x_wconf 75' lang='grc' dir='ltr'>θλίψεσιν</span> 
     </span>
    </p>
   </div>
   <div class='ocr_carea' id='block_1_53' title="bbox 2141 2409 3785 2491">
    <p class='ocr_par' dir='ltr' id='par_1_53' title="bbox 2141 2409 3785 2491">
     <span class='ocr_line' id='line_1_54' title="bbox 2141 2409 3785 2491; baseline 0.004 -24"><span class='ocrx_word' id='word_1_399' title='bbox 2141 2413 2276 2488; x_wconf 87' lang='grc' dir='ltr'>ὑμᾶς</span> <span class='ocrx_word' id='word_1_400' title='bbox 2346 2413 2487 2469; x_wconf 77' lang='grc' dir='ltr'>εἶναι</span> <span class='ocrx_word' id='word_1_401' title='bbox 2533 2413 2560 2469; x_wconf 84' lang='grc' dir='ltr'>ὁ</span> <span class='ocrx_word' id='word_1_402' title='bbox 2591 2412 2745 2488; x_wconf 87' lang='grc' dir='ltr'>Θεὸς,</span> <span class='ocrx_word' id='word_1_403' title='bbox 2811 2411 2907 2469; x_wconf 72' lang='grc' dir='ltr'>’ίνα</span> <span class='ocrx_word' id='word_1_404' title='bbox 2927 2409 3052 2469; x_wconf 78' lang='grc' dir='ltr'>ὅταν</span> <span class='ocrx_word' id='word_1_405' title='bbox 3095 2410 3407 2470; x_wconf 85' lang='grc' dir='ltr'>ἀποδίδωσιν</span> <span class='ocrx_word' id='word_1_406' title='bbox 3476 2416 3603 2491; x_wconf 78' lang='grc' dir='ltr'>ὑμῖν</span> <span class='ocrx_word' id='word_1_407' title='bbox 3685 2418 3785 2488; x_wconf 80' lang='grc' dir='ltr'>τήν</span> 
     </span>
    </p>
   </div>
   <div class='ocr_carea' id='block_1_54' title="bbox 2138 2499 3781 2582">
    <p class='ocr_par' dir='ltr' id='par_1_54' title="bbox 2138 2499 3781 2582">
     <span class='ocr_line' id='line_1_55' title="bbox 2138 2499 3781 2582; baseline 0.002 -24"><span class='ocrx_word' id='word_1_408' title='bbox 2138 2499 2408 2578; x_wconf 88' lang='grc' dir='ltr'>βασιλείαν</span> <span class='ocrx_word' id='word_1_409' title='bbox 2449 2506 2553 2557; x_wconf 82' lang='grc' dir='ltr'>τῶν</span> <span class='ocrx_word' id='word_1_410' title='bbox 2585 2501 2836 2580; x_wconf 79' lang='grc' dir='ltr'>οὑρανῶν,</span> <span class='ocrx_word' id='word_1_411' title='bbox 2919 2499 3229 2582; x_wconf 73' lang='grc' dir='ltr'>ἐνδείξηται,</span> <span class='ocrx_word' id='word_1_412' title='bbox 3273 2505 3360 2560; x_wconf 84' lang='grc' dir='ltr'><strong>καὶ</strong></span> <span class='ocrx_word' id='word_1_413' title='bbox 3389 2507 3507 2560; x_wconf 80' lang='grc' dir='ltr'>οἷον</span> <span class='ocrx_word' id='word_1_414' title='bbox 3547 2504 3781 2562; x_wconf 79' lang='grc' dir='ltr'>ἀπόπει-</span> 
     </span>
    </p>
   </div>
   <div class='ocr_carea' id='block_1_55' title="bbox 2137 2587 3781 2670">
    <p class='ocr_par' dir='ltr' id='par_1_55' title="bbox 2137 2587 3781 2670">
     <span class='ocr_line' id='line_1_56' title="bbox 2137 2587 3781 2670; baseline 0.004 -25"><span class='ocrx_word' id='word_1_415' title='bbox 2137 2612 2231 2670; x_wconf 88' lang='grc' dir='ltr'><strong>ραν</strong></span> <span class='ocrx_word' id='word_1_416' title='bbox 2272 2590 2360 2646; x_wconf 85' lang='grc' dir='ltr'><strong>καί</strong></span> <span class='ocrx_word' id='word_1_417' title='bbox 2403 2587 2660 2670; x_wconf 72' lang='grc' dir='ltr'>άπόδειξιν</span> <span class='ocrx_word' id='word_1_418' title='bbox 2703 2591 2791 2646; x_wconf 83' lang='grc' dir='ltr'>καὶ</span> <span class='ocrx_word' id='word_1_419' title='bbox 2821 2589 3046 2670; x_wconf 70' lang='grc' dir='ltr'>ἔλεγχον</span> <span class='ocrx_word' id='word_1_420' title='bbox 3092 2587 3165 2665; x_wconf 83' lang='grc' dir='ltr'><strong>δῷ</strong></span> <span class='ocrx_word' id='word_1_421' title='bbox 3206 2595 3305 2659; x_wconf 79' lang='grc' dir='ltr'>τῆς</span> <span class='ocrx_word' id='word_1_422' title='bbox 3336 2593 3528 2659; x_wconf 82' lang='grc' dir='ltr'>οἰκείας</span> <span class='ocrx_word' id='word_1_423' title='bbox 3572 2591 3781 2651; x_wconf 85' lang='grc' dir='ltr'>δικαιο-</span> 
     </span>
    </p>
   </div>
   <div class='ocr_carea' id='block_1_56' title="bbox 2133 2668 3777 2763">
    <p class='ocr_par' dir='ltr' id='par_1_56' title="bbox 2133 2668 3777 2763">
     <span class='ocr_line' id='line_1_57' title="bbox 2133 2668 3777 2763; baseline 0.003 -27"><span class='ocrx_word' id='word_1_424' title='bbox 2133 2668 2359 2759; x_wconf 87' lang='grc' dir='ltr'>κρισίας.</span> <span class='ocrx_word' id='word_1_425' title='bbox 2395 2668 2543 2760; x_wconf 73' lang='grc' dir='ltr'><strong>υΟρα</strong></span> <span class='ocrx_word' id='word_1_426' title='bbox 2584 2678 2639 2735; x_wconf 79' lang='grc' dir='ltr'>δὲ</span> <span class='ocrx_word' id='word_1_427' title='bbox 2666 2677 2747 2737; x_wconf 81' lang='grc' dir='ltr'><strong>ὅτι</strong></span> <span class='ocrx_word' id='word_1_428' title='bbox 2795 2680 2857 2736; x_wconf 89' lang='grc' dir='ltr'><strong>τὸ</strong></span> <span class='ocrx_word' id='word_1_429' title='bbox 2896 2668 3026 2759; x_wconf 60' lang='grc' dir='ltr'>ὑπὲρ</span> <span class='ocrx_word' id='word_1_430' title='bbox 3073 2687 3298 2760; x_wconf 78' lang='grc' dir='ltr'>Χριστοῦ</span> <span class='ocrx_word' id='word_1_431' title='bbox 3337 2682 3593 2763; x_wconf 77' lang='grc' dir='ltr'>πάσχειν,</span> <span class='ocrx_word' id='word_1_432' title='bbox 3640 2684 3777 2741; x_wconf 60' lang='lat' dir='ltr'><strong>me:</strong></span> 
     </span>
    </p>
   </div>
   <div class='ocr_carea' id='block_1_57' title="bbox 2131 2766 3776 2850">
    <p class='ocr_par' dir='ltr' id='par_1_57' title="bbox 2131 2766 3776 2850">
     <span class='ocr_line' id='line_1_58' title="bbox 2131 2766 3776 2850; baseline 0.002 -26"><span class='ocrx_word' id='word_1_433' title='bbox 2131 2766 2508 2847; x_wconf 85' lang='grc' dir='ltr'>δικαιοκρισίαν</span> <span class='ocrx_word' id='word_1_434' title='bbox 2562 2767 2790 2848; x_wconf 79' lang='grc' dir='ltr'>παρέχει</span> <span class='ocrx_word' id='word_1_435' title='bbox 2858 2768 2957 2836; x_wconf 73' lang='grc' dir='ltr'>τὴν</span> <span class='ocrx_word' id='word_1_436' title='bbox 3017 2767 3288 2845; x_wconf 85' lang='grc' dir='ltr'>βασιλείαν</span> <span class='ocrx_word' id='word_1_437' title='bbox 3353 2771 3461 2827; x_wconf 75' lang='grc' dir='ltr'>τῶν</span> <span class='ocrx_word' id='word_1_438' title='bbox 3518 2771 3776 2850; x_wconf 80' lang='grc' dir='ltr'>οὑρανῶν,</span> 
     </span>
    </p>
   </div>
   <div class='ocr_carea' id='block_1_58' title="bbox 2130 2854 3777 2937">
    <p class='ocr_par' dir='ltr' id='par_1_58' title="bbox 2130 2854 3777 2937">
     <span class='ocr_line' id='line_1_59' title="bbox 2130 2854 3777 2937; baseline 0.003 -23"><span class='ocrx_word' id='word_1_439' title='bbox 2130 2858 2218 2914; x_wconf 85' lang='grc' dir='ltr'><strong>καὶ</strong></span> <span class='ocrx_word' id='word_1_440' title='bbox 2259 2857 2319 2912; x_wconf 87' lang='grc' dir='ltr'><strong>οὑ</strong></span> <span class='ocrx_word' id='word_1_441' title='bbox 2349 2857 2485 2913; x_wconf 77' lang='grc' dir='ltr'>κατὰ</span> <span class='ocrx_word' id='word_1_442' title='bbox 2513 2857 2696 2937; x_wconf 84' lang='grc' dir='ltr'>χάριν.</span> <span class='ocrx_word' id='word_1_443' title='bbox 2731 2855 2872 2914; x_wconf 89' lang='grc' dir='ltr'>Πολὺ</span> <span class='ocrx_word' id='word_1_444' title='bbox 2901 2854 2956 2913; x_wconf 78' lang='grc' dir='ltr'>δὲ</span> <span class='ocrx_word' id='word_1_445' title='bbox 3001 2857 3174 2916; x_wconf 82' lang='grc' dir='ltr'>αὑτῶν</span> <span class='ocrx_word' id='word_1_446' title='bbox 3223 2857 3284 2915; x_wconf 78' lang='grc' dir='ltr'>ἐκ</span> <span class='ocrx_word' id='word_1_447' title='bbox 3311 2860 3498 2916; x_wconf 86' lang='grc' dir='ltr'>τούτου</span> <span class='ocrx_word' id='word_1_448' title='bbox 3526 2861 3599 2924; x_wconf 83' lang='grc' dir='ltr'><strong>εἰς</strong></span> <span class='ocrx_word' id='word_1_449' title='bbox 3642 2861 3777 2937; x_wconf 79' lang='grc' dir='ltr'>ὕψος</span> 
     </span>
    </p>
   </div>
   <div class='ocr_carea' id='block_1_59' title="bbox 2129 2945 3772 3029">
    <p class='ocr_par' dir='ltr' id='par_1_59' title="bbox 2129 2945 3772 3029">
     <span class='ocr_line' id='line_1_60' title="bbox 2129 2945 3772 3029; baseline 0.003 -27"><span class='ocrx_word' id='word_1_450' title='bbox 2129 2945 2293 3025; x_wconf 71' lang='grc' dir='ltr'>ἐπῆρε</span> <span class='ocrx_word' id='word_1_451' title='bbox 2362 2945 2427 3001; x_wconf 81' lang='grc' dir='ltr'><strong>τὰ</strong></span> <span class='ocrx_word' id='word_1_452' title='bbox 2459 2946 2814 3029; x_wconf 65' lang='grc' dir='ltr'><strong>Δφρονήματα,</strong></span> <span class='ocrx_word' id='word_1_453' title='bbox 2872 2947 2960 3003; x_wconf 83' lang='grc' dir='ltr'>καὶ</span> <span class='ocrx_word' id='word_1_454' title='bbox 3015 2945 3190 3003; x_wconf 80' lang='grc' dir='ltr'>ἔπεισε</span> <span class='ocrx_word' id='word_1_455' title='bbox 3221 2961 3609 3029; x_wconf 48' lang='grc' dir='ltr'>’καταφρονεῖν</span> <span class='ocrx_word' id='word_1_456' title='bbox 3663 2957 3772 3007; x_wconf 82' lang='grc' dir='ltr'>τῶν</span> 
     </span>
    </p>
   </div>
   <div class='ocr_carea' id='block_1_60' title="bbox 394 3023 2049 3125">
    <p class='ocr_par' dir='ltr' id='par_1_60' title="bbox 394 3023 2049 3125">
     <span class='ocr_line' id='line_1_61' title="bbox 394 3023 2049 3125; baseline -0.002 -23"><span class='ocrx_word' id='word_1_457' title='bbox 394 3041 592 3125; x_wconf 49' lang='lat' dir='ltr'><strong>autem</strong></span> <span class='ocrx_word' id='word_1_458' title='bbox 619 3036 778 3118; x_wconf 89' lang='lat' dir='ltr'><strong>quod</strong></span> <span class='ocrx_word' id='word_1_459' title='bbox 802 3057 908 3120; x_wconf 90' lang='lat' dir='ltr'><strong>pro</strong></span> <span class='ocrx_word' id='word_1_460' title='bbox 937 3023 1365 3125; x_wconf 45' lang='lat' dir='ltr'><strong>Christo-pati;</strong></span> <span class='ocrx_word' id='word_1_461' title='bbox 1387 3061 1454 3104; x_wconf 86' lang='lat' dir='ltr'><strong>ex</strong></span> <span class='ocrx_word' id='word_1_462' title='bbox 1469 3041 1629 3122; x_wconf 92' lang='lat' dir='ltr'><strong>justo</strong></span> <span class='ocrx_word' id='word_1_463' title='bbox 1667 3038 1893 3122; x_wconf 90' lang='lat' dir='ltr'><strong>judicio</strong></span> <span class='ocrx_word' id='word_1_464' title='bbox 1916 3037 2049 3100; x_wconf 46' lang='lat' dir='ltr'><strong>tri-i</strong></span> 
     </span>
    </p>
   </div>
   <div class='ocr_carea' id='block_1_61' title="bbox 2138 3023 3764 3125">
    <p class='ocr_par' dir='ltr' id='par_1_61' title="bbox 2138 3023 3764 3118">
     <span class='ocr_line' id='line_1_62' title="bbox 2138 3023 3764 3118; baseline 0.003 -28"><span class='ocrx_word' id='word_1_465' title='bbox 2138 3023 2360 3110; x_wconf 78' lang='grc' dir='ltr'>λίψεων,</span> <span class='ocrx_word' id='word_1_466' title='bbox 2393 3056 2422 3089; x_wconf 72' lang='grc' dir='ltr'><strong>α</strong></span> <span class='ocrx_word' id='word_1_467' title='bbox 2457 3023 2617 3114; x_wconf 63' lang='grc' dir='ltr'>’Υπὲρ</span> <span class='ocrx_word' id='word_1_468' title='bbox 2644 3036 2712 3101; x_wconf 78' lang='grc' dir='ltr'>ἦς</span> <span class='ocrx_word' id='word_1_469' title='bbox 2741 3036 2830 3092; x_wconf 87' lang='grc' dir='ltr'>καὶ</span> <span class='ocrx_word' id='word_1_470' title='bbox 2855 3036 3118 3116; x_wconf 82' lang='grc' dir='ltr'>πάσχετε.</span> <span class='ocrx_word' id='word_1_471' title='bbox 3157 3058 3186 3092; x_wconf 67' lang='grc' dir='ltr'>π</span> <span class='ocrx_word' id='word_1_472' title='bbox 3220 3023 3318 3101; x_wconf 63' lang='grc' dir='ltr'>Ἠς</span> <span class='ocrx_word' id='word_1_473' title='bbox 3347 3023 3546 3118; x_wconf 73' lang='grc' dir='ltr'>ἕνεκεν,</span> <span class='ocrx_word' id='word_1_474' title='bbox 3579 3041 3764 3118; x_wconf 76' lang='grc' dir='ltr'>φησίν.</span> 
     </span>
    </p>
   </div>
   <div class='ocr_carea' id='block_1_62' title="bbox 397 3121 3764 3210">
    <p class='ocr_par' dir='ltr' id='par_1_62' title="bbox 397 3121 3764 3210">
     <span class='ocr_line' id='line_1_63' title="bbox 397 3121 3764 3210; baseline 0.001 -26"><span class='ocrx_word' id='word_1_475' title='bbox 397 3121 539 3185; x_wconf 90' lang='lat' dir='ltr'><strong>buat</strong></span> <span class='ocrx_word' id='word_1_476' title='bbox 561 3142 811 3205; x_wconf 77' lang='lat' dir='ltr'><strong>regnum</strong></span> <span class='ocrx_word' id='word_1_477' title='bbox 840 3129 1124 3193; x_wconf 68' lang='lat' dir='ltr'><strong>caelorum</strong></span> <span class='ocrx_word' id='word_1_478' title='bbox 1150 3121 1221 3194; x_wconf 34' lang='lat' dir='ltr'><strong>et.</strong></span> <span class='ocrx_word' id='word_1_479' title='bbox 1234 3149 1353 3194; x_wconf 92' lang='lat' dir='ltr'><strong>non</strong></span> <span class='ocrx_word' id='word_1_480' title='bbox 1382 3150 1452 3193; x_wconf 81' lang='lat' dir='ltr'><strong>ex</strong></span> <span class='ocrx_word' id='word_1_481' title='bbox 1476 3121 1692 3210; x_wconf 65' lang='lat' dir='ltr'><strong>gratia.</strong></span> <span class='ocrx_word' id='word_1_482' title='bbox 1723 3127 2058 3193; x_wconf 87' lang='lat' dir='ltr'><strong>Plurimum</strong></span> <span class='ocrx_word' id='word_1_483' title='bbox 2085 3128 2282 3210; x_wconf 83' lang='lat' dir='ltr'><strong>autem</strong></span> <span class='ocrx_word' id='word_1_484' title='bbox 2327 3138 2420 3210; x_wconf 81' lang='lat' dir='ltr'><strong>ex</strong></span> <span class='ocrx_word' id='word_1_485' title='bbox 2464 3121 2589 3210; x_wconf 69' lang='lat' dir='ltr'><strong>boc</strong></span> <span class='ocrx_word' id='word_1_486' title='bbox 2637 3140 2842 3210; x_wconf 90' lang='lat' dir='ltr'><strong>eorum</strong></span> <span class='ocrx_word' id='word_1_487' title='bbox 2888 3131 3120 3186; x_wconf 89' lang='lat' dir='ltr'><strong>mentes</strong></span> <span class='ocrx_word' id='word_1_488' title='bbox 3165 3123 3230 3186; x_wconf 91' lang='lat' dir='ltr'><strong>in</strong></span> <span class='ocrx_word' id='word_1_489' title='bbox 3259 3123 3516 3188; x_wconf 88' lang='lat' dir='ltr'><strong>sublime</strong></span> <span class='ocrx_word' id='word_1_490' title='bbox 3545 3125 3764 3203; x_wconf 82' lang='lat' dir='ltr'><strong>evexit,</strong></span> 
     </span>
    </p>
   </div>
   <div class='ocr_carea' id='block_1_63' title="bbox 405 3207 3520 3297">
    <p class='ocr_par' dir='ltr' id='par_1_63' title="bbox 405 3207 3520 3297">
     <span class='ocr_line' id='line_1_64' title="bbox 405 3207 3520 3297; baseline 0.002 -24"><span class='ocrx_word' id='word_1_491' title='bbox 405 3212 707 3295; x_wconf 85' lang='lat' dir='ltr'><strong>suasitque</strong></span> <span class='ocrx_word' id='word_1_492' title='bbox 738 3224 799 3279; x_wconf 90' lang='lat' dir='ltr'><strong>ut</strong></span> <span class='ocrx_word' id='word_1_493' title='bbox 827 3217 1183 3284; x_wconf 72' lang='lat' dir='ltr'><strong>alflictiones</strong></span> <span class='ocrx_word' id='word_1_494' title='bbox 1210 3207 1683 3284; x_wconf 77' lang='lat' dir='ltr'><strong>contemnerent.</strong></span> <span class='ocrx_word' id='word_1_495' title='bbox 1726 3240 1748 3278; x_wconf 79' lang='grc' dir='ltr'><strong>σ</strong></span> <span class='ocrx_word' id='word_1_496' title='bbox 1775 3217 1889 3280; x_wconf 90' lang='lat' dir='ltr'><strong>Pro</strong></span> <span class='ocrx_word' id='word_1_497' title='bbox 1920 3233 2037 3297; x_wconf 94' lang='lat' dir='ltr'><strong>quo</strong></span> <span class='ocrx_word' id='word_1_498' title='bbox 2070 3208 2365 3296; x_wconf 87' lang='lat' dir='ltr'><strong>patimini.</strong></span> <span class='ocrx_word' id='word_1_499' title='bbox 2390 3229 2421 3272; x_wconf 79' lang='grc'>›</span> <span class='ocrx_word' id='word_1_500' title='bbox 2451 3207 2658 3292; x_wconf 88' lang='lat' dir='ltr'><strong>Cujus,</strong></span> <span class='ocrx_word' id='word_1_501' title='bbox 2689 3209 2902 3295; x_wconf 91' lang='lat' dir='ltr'><strong>inquit,</strong></span> <span class='ocrx_word' id='word_1_502' title='bbox 2925 3213 3073 3294; x_wconf 90' lang='lat' dir='ltr'><strong>justi</strong></span> <span class='ocrx_word' id='word_1_503' title='bbox 3094 3212 3291 3294; x_wconf 89' lang='lat' dir='ltr'><strong>judici</strong></span> <span class='ocrx_word' id='word_1_504' title='bbox 3312 3213 3520 3294; x_wconf 80' lang='lat' dir='ltr'><strong>gratia.</strong></span> 
     </span>
    </p>
   </div>
   <div class='ocr_carea' id='block_1_64' title="bbox 477 3389 2034 3478">
    <p class='ocr_par' dir='ltr' id='par_1_64' title="bbox 477 3389 2034 3478">
     <span class='ocr_line' id='line_1_65' title="bbox 477 3389 2034 3478; baseline -0.001 -22"><span class='ocrx_word' id='word_1_505' title='bbox 477 3389 525 3470; x_wconf 91' lang='grc' dir='ltr'>Ι,</span> <span class='ocrx_word' id='word_1_506' title='bbox 559 3392 727 3462; x_wconf 84' lang='grc'><strong>6-10.</strong></span> <span class='ocrx_word' id='word_1_507' title='bbox 757 3392 1076 3475; x_wconf 76' lang='lat' dir='ltr'><strong>Siquidm</strong></span> <span class='ocrx_word' id='word_1_508' title='bbox 1111 3398 1355 3476; x_wconf 82' lang='lat' dir='ltr'><strong>justum</strong></span> <span class='ocrx_word' id='word_1_509' title='bbox 1378 3403 1466 3461; x_wconf 88' lang='lat' dir='ltr'><strong>est</strong></span> <span class='ocrx_word' id='word_1_510' title='bbox 1492 3397 1653 3478; x_wconf 84' lang='lat' dir='ltr'><strong>apud</strong></span> <span class='ocrx_word' id='word_1_511' title='bbox 1682 3397 1868 3461; x_wconf 85' lang='lat' dir='ltr'><strong>Deum</strong></span> <span class='ocrx_word' id='word_1_512' title='bbox 1895 3393 2034 3456; x_wconf 86' lang='lat' dir='ltr'><strong>red-</strong></span> 
     </span>
    </p>
   </div>
   <div class='ocr_carea' id='block_1_65' title="bbox 396 3483 2038 3568">
    <p class='ocr_par' dir='ltr' id='par_1_65' title="bbox 396 3483 2038 3568">
     <span class='ocr_line' id='line_1_66' title="bbox 396 3483 2038 3568; baseline 0 -23"><span class='ocrx_word' id='word_1_513' title='bbox 396 3483 535 3546; x_wconf 79' lang='lat' dir='ltr'><strong>dere</strong></span> <span class='ocrx_word' id='word_1_514' title='bbox 565 3483 662 3546; x_wconf 72' lang='lat' dir='ltr'><strong>his</strong></span> <span class='ocrx_word' id='word_1_515' title='bbox 689 3486 796 3565; x_wconf 91' lang='lat' dir='ltr'><strong>qui</strong></span> <span class='ocrx_word' id='word_1_516' title='bbox 824 3502 929 3548; x_wconf 85' lang='lat' dir='ltr'><strong>vos</strong></span> <span class='ocrx_word' id='word_1_517' title='bbox 965 3485 1252 3568; x_wconf 83' lang='lat' dir='ltr'><strong>afﬂigunt</strong></span> <span class='ocrx_word' id='word_1_518' title='bbox 1302 3485 1718 3568; x_wconf 84' lang='lat' dir='ltr'><strong>afﬂictionem,</strong></span> <span class='ocrx_word' id='word_1_519' title='bbox 1767 3492 1828 3549; x_wconf 88' lang='lat' dir='ltr'><strong>et</strong></span> <span class='ocrx_word' id='word_1_520' title='bbox 1866 3483 2038 3547; x_wconf 77' lang='lat' dir='ltr'><strong>vobis</strong></span> 
     </span>
    </p>
   </div>
   <div class='ocr_carea' id='block_1_66' title="bbox 396 3571 2037 3655">
    <p class='ocr_par' dir='ltr' id='par_1_66' title="bbox 396 3571 2037 3655">
     <span class='ocr_line' id='line_1_67' title="bbox 396 3571 2037 3655; baseline 0.001 -21"><span class='ocrx_word' id='word_1_521' title='bbox 396 3577 506 3653; x_wconf 84' lang='lat' dir='ltr'><strong>qui</strong></span> <span class='ocrx_word' id='word_1_522' title='bbox 570 3571 928 3655; x_wconf 85' lang='lat' dir='ltr'><strong>afﬂigimini</strong></span> <span class='ocrx_word' id='word_1_523' title='bbox 994 3575 1440 3640; x_wconf 65' lang='lat' dir='ltr'><strong>relaxationem</strong></span> <span class='ocrx_word' id='word_1_524' title='bbox 1505 3577 1839 3650; x_wconf 84' lang='lat' dir='ltr'><strong>nobiscum,</strong></span> <span class='ocrx_word' id='word_1_525' title='bbox 1898 3591 2037 3637; x_wconf 90' lang='lat' dir='ltr'><strong>cum</strong></span> 
     </span>
    </p>
   </div>
   <div class='ocr_carea' id='block_1_67' title="bbox 393 3660 2036 3744">
    <p class='ocr_par' dir='ltr' id='par_1_67' title="bbox 393 3660 2036 3744">
     <span class='ocr_line' id='line_1_68' title="bbox 393 3660 2036 3744; baseline -0.001 -19"><span class='ocrx_word' id='word_1_526' title='bbox 393 3660 771 3727; x_wconf 76' lang='lat' dir='ltr'><strong>revelabitur</strong></span> <span class='ocrx_word' id='word_1_527' title='bbox 800 3663 1104 3728; x_wconf 83' lang='lat' dir='ltr'><strong>Dominus</strong></span> <span class='ocrx_word' id='word_1_528' title='bbox 1149 3668 1323 3729; x_wconf 86' lang='lat' dir='ltr'><strong>Jesus</strong></span> <span class='ocrx_word' id='word_1_529' title='bbox 1345 3666 1416 3729; x_wconf 83' lang='lat' dir='ltr'><strong>de</strong></span> <span class='ocrx_word' id='word_1_530' title='bbox 1445 3666 1588 3730; x_wconf 67' lang='lat' dir='ltr'><strong>calo</strong></span> <span class='ocrx_word' id='word_1_531' title='bbox 1616 3683 1750 3729; x_wconf 87' lang='lat' dir='ltr'><strong>cum</strong></span> <span class='ocrx_word' id='word_1_532' title='bbox 1802 3661 2036 3744; x_wconf 80' lang='lat' dir='ltr'><strong>angelis</strong></span> 
     </span>
    </p>
   </div>
   <div class='ocr_carea' id='block_1_68' title="bbox 389 3751 2037 3836">
    <p class='ocr_par' dir='ltr' id='par_1_68' title="bbox 389 3751 2037 3836">
     <span class='ocr_line' id='line_1_69' title="bbox 389 3751 2037 3836; baseline -0.001 -24"><span class='ocrx_word' id='word_1_533' title='bbox 389 3752 684 3830; x_wconf 70' lang='lat' dir='ltr'><strong>potentiae</strong></span> <span class='ocrx_word' id='word_1_534' title='bbox 732 3770 878 3829; x_wconf 81' lang='lat' dir='ltr'><strong>suae,</strong></span> <span class='ocrx_word' id='word_1_535' title='bbox 932 3771 1042 3833; x_wconf 85' lang='lat' dir='ltr'><strong>per</strong></span> <span class='ocrx_word' id='word_1_536' title='bbox 1096 3756 1298 3835; x_wconf 87' lang='lat' dir='ltr'><strong>ignem</strong></span> <span class='ocrx_word' id='word_1_537' title='bbox 1351 3754 1615 3836; x_wconf 74' lang='lat' dir='ltr'><strong>ﬂammw</strong></span> <span class='ocrx_word' id='word_1_538' title='bbox 1646 3759 1751 3835; x_wconf 85' lang='lat' dir='ltr'><strong>qui</strong></span> <span class='ocrx_word' id='word_1_539' title='bbox 1806 3751 2037 3834; x_wconf 81' lang='lat' dir='ltr'><strong>inﬂigit</strong></span> 
     </span>
    </p>
   </div>
   <div class='ocr_carea' id='block_1_69' title="bbox 389 3838 2034 3924">
    <p class='ocr_par' dir='ltr' id='par_1_69' title="bbox 389 3838 2034 3924">
     <span class='ocr_line' id='line_1_70' title="bbox 389 3838 2034 3924; baseline 0.003 -25"><span class='ocrx_word' id='word_1_540' title='bbox 389 3838 680 3902; x_wconf 82' lang='lat' dir='ltr'><strong>ultionem</strong></span> <span class='ocrx_word' id='word_1_541' title='bbox 703 3841 783 3903; x_wconf 82' lang='lat' dir='ltr'><strong>iis</strong></span> <span class='ocrx_word' id='word_1_542' title='bbox 812 3842 921 3922; x_wconf 88' lang='lat' dir='ltr'><strong>qui</strong></span> <span class='ocrx_word' id='word_1_543' title='bbox 947 3861 1070 3905; x_wconf 87' lang='lat' dir='ltr'><strong>non</strong></span> <span class='ocrx_word' id='word_1_544' title='bbox 1100 3851 1400 3906; x_wconf 81' lang='lat' dir='ltr'><strong>noverunt</strong></span> <span class='ocrx_word' id='word_1_545' title='bbox 1451 3845 1668 3919; x_wconf 89' lang='lat' dir='ltr'><strong>Deum,</strong></span> <span class='ocrx_word' id='word_1_546' title='bbox 1702 3850 1757 3906; x_wconf 88' lang='lat' dir='ltr'><strong>et</strong></span> <span class='ocrx_word' id='word_1_547' title='bbox 1777 3848 1887 3924; x_wconf 88' lang='lat' dir='ltr'><strong>qui</strong></span> <span class='ocrx_word' id='word_1_548' title='bbox 1914 3859 2034 3904; x_wconf 85' lang='lat' dir='ltr'><strong>non</strong></span> 
     </span>
    </p>
   </div>
   <div class='ocr_carea' id='block_1_70' title="bbox 387 3924 2030 4010">
    <p class='ocr_par' dir='ltr' id='par_1_70' title="bbox 387 3924 2030 4010">
     <span class='ocr_line' id='line_1_71' title="bbox 387 3924 2030 4010; baseline 0.002 -22"><span class='ocrx_word' id='word_1_549' title='bbox 387 3924 678 3990; x_wconf 85' lang='lat' dir='ltr'><strong>obediunt</strong></span> <span class='ocrx_word' id='word_1_550' title='bbox 703 3929 1041 4010; x_wconf 85' lang='lat' dir='ltr'><strong>Evangelia</strong></span> <span class='ocrx_word' id='word_1_551' title='bbox 1072 3933 1318 3995; x_wconf 89' lang='lat' dir='ltr'><strong>Domini</strong></span> <span class='ocrx_word' id='word_1_552' title='bbox 1345 3935 1540 3995; x_wconf 84' lang='lat' dir='ltr'><strong>nostri</strong></span> <span class='ocrx_word' id='word_1_553' title='bbox 1584 3932 1733 3996; x_wconf 85' lang='lat' dir='ltr'><strong>Jesu</strong></span> <span class='ocrx_word' id='word_1_554' title='bbox 1762 3933 2030 3995; x_wconf 79' lang='lat' dir='ltr'><strong>Christi:</strong></span> 
     </span>
    </p>
   </div>
   <div class='ocr_carea' id='block_1_71' title="bbox 387 4015 2033 4101">
    <p class='ocr_par' dir='ltr' id='par_1_71' title="bbox 387 4015 2033 4101">
     <span class='ocr_line' id='line_1_72' title="bbox 387 4015 2033 4101; baseline 0.003 -25"><span class='ocrx_word' id='word_1_555' title='bbox 387 4015 497 4094; x_wconf 85' lang='lat' dir='ltr'><strong>qui</strong></span> <span class='ocrx_word' id='word_1_556' title='bbox 514 4033 758 4096; x_wconf 72' lang='lat' dir='ltr'><strong>poenam</strong></span> <span class='ocrx_word' id='word_1_557' title='bbox 803 4017 990 4096; x_wconf 87' lang='lat' dir='ltr'><strong>luent,</strong></span> <span class='ocrx_word' id='word_1_558' title='bbox 1057 4021 1394 4101; x_wconf 72' lang='lat' dir='ltr'><strong>interitum</strong></span> <span class='ocrx_word' id='word_1_559' title='bbox 1461 4028 1761 4084; x_wconf 84' lang='lat' dir='ltr'><strong>aeternum</strong></span> <span class='ocrx_word' id='word_1_560' title='bbox 1809 4038 1847 4083; x_wconf 93' lang='lat' dir='ltr'><strong>a</strong></span> <span class='ocrx_word' id='word_1_561' title='bbox 1873 4020 2033 4099; x_wconf 86' lang='lat' dir='ltr'><strong>facie</strong></span> 
     </span>
    </p>
   </div>
   <div class='ocr_carea' id='block_1_72' title="bbox 389 4103 2028 4189">
    <p class='ocr_par' dir='ltr' id='par_1_72' title="bbox 389 4103 2028 4189">
     <span class='ocr_line' id='line_1_73' title="bbox 389 4103 2028 4189; baseline 0.004 -26"><span class='ocrx_word' id='word_1_562' title='bbox 389 4103 642 4167; x_wconf 85' lang='lat' dir='ltr'><strong>Domini</strong></span> <span class='ocrx_word' id='word_1_563' title='bbox 667 4111 724 4167; x_wconf 87' lang='lat' dir='ltr'><strong>et</strong></span> <span class='ocrx_word' id='word_1_564' title='bbox 749 4125 787 4167; x_wconf 88' lang='lat' dir='ltr'><strong>a</strong></span> <span class='ocrx_word' id='word_1_565' title='bbox 809 4105 1012 4184; x_wconf 77' lang='lat' dir='ltr'><strong>gloria</strong></span> <span class='ocrx_word' id='word_1_566' title='bbox 1039 4106 1428 4186; x_wconf 83' lang='lat' dir='ltr'><strong>fortitudinis</strong></span> <span class='ocrx_word' id='word_1_567' title='bbox 1457 4108 1648 4189; x_wconf 83' lang='lat' dir='ltr'><strong>illius,</strong></span> <span class='ocrx_word' id='word_1_568' title='bbox 1679 4125 1815 4172; x_wconf 87' lang='lat' dir='ltr'><strong>cum</strong></span> <span class='ocrx_word' id='word_1_569' title='bbox 1842 4125 2028 4170; x_wconf 69' lang='lat' dir='ltr'><strong>vene~</strong></span> 
     </span>
    </p>
   </div>
   <div class='ocr_carea' id='block_1_73' title="bbox 385 4194 2031 4275">
    <p class='ocr_par' dir='ltr' id='par_1_73' title="bbox 385 4194 2031 4275">
     <span class='ocr_line' id='line_1_74' title="bbox 385 4194 2031 4275; baseline 0.003 -23"><span class='ocrx_word' id='word_1_570' title='bbox 385 4195 475 4253; x_wconf 83' lang='lat' dir='ltr'><strong>rit</strong></span> <span class='ocrx_word' id='word_1_571' title='bbox 503 4198 569 4255; x_wconf 88' lang='lat' dir='ltr'><strong>ut</strong></span> <span class='ocrx_word' id='word_1_572' title='bbox 597 4194 975 4275; x_wconf 75' lang='lat' dir='ltr'><strong>gloriﬁcatur</strong></span> <span class='ocrx_word' id='word_1_573' title='bbox 1003 4197 1070 4257; x_wconf 84' lang='lat' dir='ltr'><strong>in</strong></span> <span class='ocrx_word' id='word_1_574' title='bbox 1095 4199 1326 4259; x_wconf 85' lang='lat' dir='ltr'><strong>sanctis</strong></span> <span class='ocrx_word' id='word_1_575' title='bbox 1346 4198 1500 4274; x_wconf 82' lang='lat' dir='ltr'><strong>suis,</strong></span> <span class='ocrx_word' id='word_1_576' title='bbox 1533 4205 1588 4262; x_wconf 86' lang='lat' dir='ltr'><strong>et</strong></span> <span class='ocrx_word' id='word_1_577' title='bbox 1619 4197 2031 4260; x_wconf 85' lang='lat' dir='ltr'><strong>admirandus</strong></span> 
     </span>
    </p>
   </div>
   <div class='ocr_carea' id='block_1_74' title="bbox 383 4278 1322 4359">
    <p class='ocr_par' dir='ltr' id='par_1_74' title="bbox 383 4278 1322 4359">
     <span class='ocr_line' id='line_1_75' title="bbox 383 4278 1322 4359; baseline 0.005 -18"><span class='ocrx_word' id='word_1_578' title='bbox 383 4278 496 4359; x_wconf 85' lang='lat' dir='ltr'><strong>ﬁat</strong></span> <span class='ocrx_word' id='word_1_579' title='bbox 520 4282 590 4344; x_wconf 88' lang='lat' dir='ltr'><strong>in</strong></span> <span class='ocrx_word' id='word_1_580' title='bbox 617 4284 898 4346; x_wconf 87' lang='lat' dir='ltr'><strong>omnibus</strong></span> <span class='ocrx_word' id='word_1_581' title='bbox 925 4284 1322 4348; x_wconf 80' lang='lat' dir='ltr'><strong>credentibus.</strong></span> 
     </span>
    </p>
   </div>
   <div class='ocr_carea' id='block_1_75' title="bbox 463 4366 2020 4454">
    <p class='ocr_par' dir='ltr' id='par_1_75' title="bbox 463 4366 2020 4454">
     <span class='ocr_line' id='line_1_76' title="bbox 463 4366 2020 4454; baseline 0.002 -23"><span class='ocrx_word' id='word_1_582' title='bbox 463 4366 772 4452; x_wconf 89' lang='lat' dir='ltr'><strong>Siquidem</strong></span> <span class='ocrx_word' id='word_1_583' title='bbox 794 4372 1021 4452; x_wconf 87' lang='lat' dir='ltr'><strong>justum</strong></span> <span class='ocrx_word' id='word_1_584' title='bbox 1052 4380 1163 4438; x_wconf 91' lang='lat' dir='ltr'><strong>est.</strong></span> <span class='ocrx_word' id='word_1_585' title='bbox 1199 4372 1347 4438; x_wconf 89' lang='lat' dir='ltr'><strong>Nam</strong></span> <span class='ocrx_word' id='word_1_586' title='bbox 1385 4374 1542 4454; x_wconf 76' lang='grc' dir='ltr'>εἴπερ</span> <span class='ocrx_word' id='word_1_587' title='bbox 1573 4372 2020 4453; x_wconf 86' lang='lat' dir='ltr'><strong>intelligendum</strong></span> 
     </span>
    </p>
   </div>
   <div class='ocr_carea' id='block_1_76' title="bbox 380 4460 2020 4545">
    <p class='ocr_par' dir='ltr' id='par_1_76' title="bbox 380 4460 2020 4545">
     <span class='ocr_line' id='line_1_77' title="bbox 380 4460 2020 4545; baseline 0.002 -24"><span class='ocrx_word' id='word_1_588' title='bbox 380 4465 471 4521; x_wconf 85' lang='lat' dir='ltr'><strong>est</strong></span> <span class='ocrx_word' id='word_1_589' title='bbox 495 4477 602 4540; x_wconf 91' lang='lat' dir='ltr'><strong>pro</strong></span> <span class='ocrx_word' id='word_1_590' title='bbox 629 4460 841 4540; x_wconf 79' lang='grc' dir='ltr'>ἐπείπερ</span> <span class='ocrx_word' id='word_1_591' title='bbox 871 4462 962 4524; x_wconf 90' lang='lat' dir='ltr'><strong>vel</strong></span> <span class='ocrx_word' id='word_1_592' title='bbox 1015 4462 1320 4540; x_wconf 78' lang='grc' dir='ltr'>ἐπειδήπερ,</span> <span class='ocrx_word' id='word_1_593' title='bbox 1372 4464 1434 4526; x_wconf 89' lang='lat' dir='ltr'><strong>id</strong></span> <span class='ocrx_word' id='word_1_594' title='bbox 1481 4471 1592 4542; x_wconf 83' lang='lat' dir='ltr'><strong>est,</strong></span> <span class='ocrx_word' id='word_1_595' title='bbox 1647 4461 2020 4545; x_wconf 91' lang='lat' dir='ltr'><strong>quandoqui-</strong></span> 
     </span>
    </p>
   </div>
   <div class='ocr_carea' id='block_1_77' title="bbox 379 4545 2017 4634">
    <p class='ocr_par' dir='ltr' id='par_1_77' title="bbox 379 4545 2017 4634">
     <span class='ocr_line' id='line_1_78' title="bbox 379 4545 2017 4634; baseline 0.002 -25"><span class='ocrx_word' id='word_1_596' title='bbox 379 4545 516 4610; x_wconf 90' lang='lat' dir='ltr'><strong>dem</strong></span> <span class='ocrx_word' id='word_1_597' title='bbox 545 4557 644 4612; x_wconf 90' lang='lat' dir='ltr'><strong>aut</strong></span> <span class='ocrx_word' id='word_1_598' title='bbox 671 4551 978 4632; x_wconf 87' lang='lat' dir='ltr'><strong>quoniam,</strong></span> <span class='ocrx_word' id='word_1_599' title='bbox 1014 4571 1122 4634; x_wconf 88' lang='lat' dir='ltr'><strong>per</strong></span> <span class='ocrx_word' id='word_1_600' title='bbox 1169 4553 1624 4616; x_wconf 86' lang='lat' dir='ltr'><strong>alﬁrmationem</strong></span> <span class='ocrx_word' id='word_1_601' title='bbox 1667 4561 1767 4616; x_wconf 89' lang='lat' dir='ltr'><strong>aut</strong></span> <span class='ocrx_word' id='word_1_602' title='bbox 1794 4555 2017 4615; x_wconf 87' lang='lat' dir='ltr'><strong>contir-</strong></span> 
     </span>
    </p>
   </div>
   <div class='ocr_carea' id='block_1_78' title="bbox 2206 3387 3766 3471">
    <p class='ocr_par' dir='ltr' id='par_1_78' title="bbox 2206 3387 3766 3471">
     <span class='ocr_line' id='line_1_79' title="bbox 2206 3387 3766 3471; baseline 0.006 -27"><span class='ocrx_word' id='word_1_603' title='bbox 2206 3411 2235 3444; x_wconf 74' lang='grc' dir='ltr'>ι</span> <span class='ocrx_word' id='word_1_604' title='bbox 2280 3388 2450 3469; x_wconf 80' lang='grc' dir='ltr'>Εἴπερ</span> <span class='ocrx_word' id='word_1_605' title='bbox 2513 3387 2701 3446; x_wconf 87' lang='grc' dir='ltr'>δίκαιοι</span> <span class='ocrx_word' id='word_1_606' title='bbox 2769 3390 2912 3471; x_wconf 79' lang='grc' dir='ltr'>παρὰ</span> <span class='ocrx_word' id='word_1_607' title='bbox 2993 3397 3113 3468; x_wconf 82' lang='grc' dir='ltr'>Πεῷ</span> <span class='ocrx_word' id='word_1_608' title='bbox 3185 3391 3562 3452; x_wconf 72' lang='grc' dir='ltr'>ἀνταποδοῦναι</span> <span class='ocrx_word' id='word_1_609' title='bbox 3644 3409 3766 3462; x_wconf 79' lang='grc' dir='ltr'>τοῖς</span> 
     </span>
    </p>
   </div>
   <div class='ocr_carea' id='block_1_79' title="bbox 2118 3474 3765 3560">
    <p class='ocr_par' dir='ltr' id='par_1_79' title="bbox 2118 3474 3765 3560">
     <span class='ocr_line' id='line_1_80' title="bbox 2118 3474 3765 3560; baseline 0.004 -25"><span class='ocrx_word' id='word_1_610' title='bbox 2118 3474 2378 3535; x_wconf 82' lang='grc' dir='ltr'>θλίϐουσιν</span> <span class='ocrx_word' id='word_1_611' title='bbox 2446 3478 2579 3554; x_wconf 80' lang='grc' dir='ltr'>ὑμᾶς</span> <span class='ocrx_word' id='word_1_612' title='bbox 2646 3477 2847 3560; x_wconf 78' lang='grc' dir='ltr'>θλίψιν,</span> <span class='ocrx_word' id='word_1_613' title='bbox 2938 3480 3026 3537; x_wconf 83' lang='grc' dir='ltr'><strong>καὶ</strong></span> <span class='ocrx_word' id='word_1_614' title='bbox 3111 3480 3242 3557; x_wconf 75' lang='grc' dir='ltr'>ὑμῖν</span> <span class='ocrx_word' id='word_1_615' title='bbox 3311 3495 3430 3547; x_wconf 78' lang='grc' dir='ltr'>τοῖς</span> <span class='ocrx_word' id='word_1_616' title='bbox 3511 3479 3765 3560; x_wconf 78' lang='grc' dir='ltr'>θλιϐομέ-</span> 
     </span>
    </p>
   </div>
   <div class='ocr_carea' id='block_1_80' title="bbox 2119 3566 3758 3649">
    <p class='ocr_par' dir='ltr' id='par_1_80' title="bbox 2119 3566 3758 3649">
     <span class='ocr_line' id='line_1_81' title="bbox 2119 3566 3758 3649; baseline 0.005 -26"><span class='ocrx_word' id='word_1_617' title='bbox 2119 3589 2228 3632; x_wconf 89' lang='grc' dir='ltr'>νοις</span> <span class='ocrx_word' id='word_1_618' title='bbox 2297 3566 2473 3624; x_wconf 78' lang='grc' dir='ltr'>ὂὶνεσιν</span> <span class='ocrx_word' id='word_1_619' title='bbox 2542 3567 2658 3644; x_wconf 78' lang='grc' dir='ltr'>μεθ’</span> <span class='ocrx_word' id='word_1_620' title='bbox 2737 3571 2893 3644; x_wconf 75' lang='grc' dir='ltr'>ἡμῶν</span> <span class='ocrx_word' id='word_1_621' title='bbox 2965 3568 3019 3628; x_wconf 71' lang='grc' dir='ltr'><strong>ἐν</strong></span> <span class='ocrx_word' id='word_1_622' title='bbox 3105 3577 3176 3649; x_wconf 78' lang='grc' dir='ltr'><strong>τῇ</strong></span> <span class='ocrx_word' id='word_1_623' title='bbox 3267 3571 3594 3648; x_wconf 78' lang='grc' dir='ltr'>ἀποκαλύψει</span> <span class='ocrx_word' id='word_1_624' title='bbox 3662 3581 3758 3632; x_wconf 87' lang='grc' dir='ltr'><strong>τοῦ</strong></span> 
     </span>
    </p>
   </div>
   <div class='ocr_carea' id='block_1_81' title="bbox 2118 3651 3754 3740">
    <p class='ocr_par' dir='ltr' id='par_1_81' title="bbox 2118 3651 3754 3740">
     <span class='ocr_line' id='line_1_82' title="bbox 2118 3651 3754 3740; baseline 0.002 -26"><span class='ocrx_word' id='word_1_625' title='bbox 2118 3654 2304 3735; x_wconf 79' lang='grc' dir='ltr'>Κυρίου</span> <span class='ocrx_word' id='word_1_626' title='bbox 2361 3655 2536 3723; x_wconf 84' lang='grc' dir='ltr'>Ἰησοῦ</span> <span class='ocrx_word' id='word_1_627' title='bbox 2605 3651 2698 3713; x_wconf 77' lang='grc' dir='ltr'><strong>ἀπ’</strong></span> <span class='ocrx_word' id='word_1_628' title='bbox 2781 3656 3022 3738; x_wconf 81' lang='grc' dir='ltr'>ούρανοῦ,</span> <span class='ocrx_word' id='word_1_629' title='bbox 3092 3656 3211 3736; x_wconf 85' lang='grc' dir='ltr'>μετ’</span> <span class='ocrx_word' id='word_1_630' title='bbox 3274 3659 3513 3740; x_wconf 77' lang='grc' dir='ltr'>ἀγγέλων</span> <span class='ocrx_word' id='word_1_631' title='bbox 3593 3659 3754 3719; x_wconf 69' lang='grc' dir='ltr'><strong>ὃ.)νά-</strong></span> 
     </span>
    </p>
   </div>
   <div class='ocr_carea' id='block_1_82' title="bbox 2115 3745 3754 3828">
    <p class='ocr_par' dir='ltr' id='par_1_82' title="bbox 2115 3745 3754 3828">
     <span class='ocr_line' id='line_1_83' title="bbox 2115 3745 3754 3828; baseline 0.005 -29"><span class='ocrx_word' id='word_1_632' title='bbox 2115 3765 2260 3820; x_wconf 89' lang='grc' dir='ltr'>μεως</span> <span class='ocrx_word' id='word_1_633' title='bbox 2331 3745 2508 3821; x_wconf 88' lang='grc' dir='ltr'>αὑτοῦ,</span> <span class='ocrx_word' id='word_1_634' title='bbox 2581 3745 2635 3803; x_wconf 76' lang='grc' dir='ltr'>ἐν</span> <span class='ocrx_word' id='word_1_635' title='bbox 2704 3748 2822 3824; x_wconf 86' lang='grc' dir='ltr'>πυρὶ</span> <span class='ocrx_word' id='word_1_636' title='bbox 2903 3745 3100 3828; x_wconf 73' lang='grc' dir='ltr'>φλογὸς</span> <span class='ocrx_word' id='word_1_637' title='bbox 3174 3746 3403 3815; x_wconf 81' lang='grc' dir='ltr'>διδόντος</span> <span class='ocrx_word' id='word_1_638' title='bbox 3485 3748 3754 3817; x_wconf 75' lang='grc' dir='ltr'>ἐκδικησιν</span> 
     </span>
    </p>
   </div>
   <div class='ocr_carea' id='block_1_83' title="bbox 2113 3832 3757 3915">
    <p class='ocr_par' dir='ltr' id='par_1_83' title="bbox 2113 3832 3757 3915">
     <span class='ocr_line' id='line_1_84' title="bbox 2113 3832 3757 3915; baseline 0.002 -24"><span class='ocrx_word' id='word_1_639' title='bbox 2113 3847 2231 3898; x_wconf 74' lang='grc' dir='ltr'>τοῖς</span> <span class='ocrx_word' id='word_1_640' title='bbox 2261 3834 2340 3910; x_wconf 76' lang='grc' dir='ltr'>μὴ</span> <span class='ocrx_word' id='word_1_641' title='bbox 2410 3832 2568 3892; x_wconf 78' lang='grc' dir='ltr'>εἰδόσι</span> <span class='ocrx_word' id='word_1_642' title='bbox 2626 3835 2780 3908; x_wconf 68' lang='grc' dir='ltr'>Θεὸν,</span> <span class='ocrx_word' id='word_1_643' title='bbox 2848 3838 2936 3893; x_wconf 87' lang='grc' dir='ltr'><strong>καὶ</strong></span> <span class='ocrx_word' id='word_1_644' title='bbox 2990 3849 3108 3903; x_wconf 79' lang='grc' dir='ltr'>τοῖς</span> <span class='ocrx_word' id='word_1_645' title='bbox 3177 3838 3256 3914; x_wconf 75' lang='grc' dir='ltr'>μὴ</span> <span class='ocrx_word' id='word_1_646' title='bbox 3295 3838 3610 3898; x_wconf 84' lang='grc' dir='ltr'>ὑπακούουσι</span> <span class='ocrx_word' id='word_1_647' title='bbox 3677 3846 3757 3915; x_wconf 83' lang='grc' dir='ltr'>τῷ</span> 
     </span>
    </p>
   </div>
   <div class='ocr_carea' id='block_1_84' title="bbox 2115 3921 3753 4004">
    <p class='ocr_par' dir='ltr' id='par_1_84' title="bbox 2115 3921 3753 4004">
     <span class='ocr_line' id='line_1_85' title="bbox 2115 3921 3753 4004; baseline 0.004 -24"><span class='ocrx_word' id='word_1_648' title='bbox 2115 3921 2420 4003; x_wconf 82' lang='grc' dir='ltr'>Εὑαγγελίῳ</span> <span class='ocrx_word' id='word_1_649' title='bbox 2472 3930 2564 3981; x_wconf 86' lang='grc' dir='ltr'><strong>τοῦ</strong></span> <span class='ocrx_word' id='word_1_650' title='bbox 2623 3928 2811 4004; x_wconf 84' lang='grc' dir='ltr'>Κυρίου</span> <span class='ocrx_word' id='word_1_651' title='bbox 2866 3927 3021 4001; x_wconf 78' lang='grc' dir='ltr'>ἡμῶν</span> <span class='ocrx_word' id='word_1_652' title='bbox 3077 3923 3276 3994; x_wconf 87' lang='grc' dir='ltr'>Ἰησοῦ.</span> <span class='ocrx_word' id='word_1_653' title='bbox 3348 3925 3557 3992; x_wconf 76' lang='grc' dir='ltr'>Οῗτινες</span> <span class='ocrx_word' id='word_1_654' title='bbox 3599 3923 3753 3996; x_wconf 85' lang='grc' dir='ltr'>δίκην</span> 
     </span>
    </p>
   </div>
   <div class='ocr_carea' id='block_1_85' title="bbox 2111 4011 3750 4096">
    <p class='ocr_par' dir='ltr' id='par_1_85' title="bbox 2111 4011 3750 4096">
     <span class='ocr_line' id='line_1_86' title="bbox 2111 4011 3750 4096; baseline 0.004 -28"><span class='ocrx_word' id='word_1_655' title='bbox 2111 4013 2363 4087; x_wconf 82' lang='grc' dir='ltr'>τίσουσιν,</span> <span class='ocrx_word' id='word_1_656' title='bbox 2416 4011 2628 4088; x_wconf 73' lang='grc' dir='ltr'>ὄλεθρον</span> <span class='ocrx_word' id='word_1_657' title='bbox 2676 4013 2884 4070; x_wconf 87' lang='grc' dir='ltr'>αἰώνιον</span> <span class='ocrx_word' id='word_1_658' title='bbox 2935 4014 3041 4072; x_wconf 84' lang='grc' dir='ltr'>ἀπὸ</span> <span class='ocrx_word' id='word_1_659' title='bbox 3083 4015 3368 4094; x_wconf 83' lang='grc' dir='ltr'>προσώπου</span> <span class='ocrx_word' id='word_1_660' title='bbox 3413 4037 3505 4072; x_wconf 85' lang='grc' dir='ltr'><strong>του</strong></span> <span class='ocrx_word' id='word_1_661' title='bbox 3535 4015 3750 4096; x_wconf 83' lang='grc' dir='ltr'>Κυρίου,</span> 
     </span>
    </p>
   </div>
   <div class='ocr_carea' id='block_1_86' title="bbox 2112 4099 3756 4183">
    <p class='ocr_par' dir='ltr' id='par_1_86' title="bbox 2112 4099 3756 4183">
     <span class='ocr_line' id='line_1_87' title="bbox 2112 4099 3756 4183; baseline 0.004 -28"><span class='ocrx_word' id='word_1_662' title='bbox 2112 4100 2198 4156; x_wconf 79' lang='grc' dir='ltr'><strong>καὶ</strong></span> <span class='ocrx_word' id='word_1_663' title='bbox 2261 4101 2367 4157; x_wconf 81' lang='grc' dir='ltr'>ἀπὸ</span> <span class='ocrx_word' id='word_1_664' title='bbox 2420 4106 2519 4168; x_wconf 80' lang='grc' dir='ltr'>τῆς</span> <span class='ocrx_word' id='word_1_665' title='bbox 2577 4099 2732 4170; x_wconf 79' lang='grc' dir='ltr'>δόξης</span> <span class='ocrx_word' id='word_1_666' title='bbox 2807 4107 2906 4170; x_wconf 79' lang='grc' dir='ltr'>τῆς</span> <span class='ocrx_word' id='word_1_667' title='bbox 2961 4103 3148 4183; x_wconf 87' lang='grc' dir='ltr'>ἰσχύος</span> <span class='ocrx_word' id='word_1_668' title='bbox 3218 4106 3394 4180; x_wconf 84' lang='grc' dir='ltr'>αὑτοῦ,</span> <span class='ocrx_word' id='word_1_669' title='bbox 3442 4103 3569 4162; x_wconf 77' lang='grc' dir='ltr'>ὅταν</span> <span class='ocrx_word' id='word_1_670' title='bbox 3624 4104 3756 4182; x_wconf 78' lang='grc' dir='ltr'>ἔλθῃ</span> 
     </span>
    </p>
   </div>
   <div class='ocr_carea' id='block_1_87' title="bbox 2111 4185 3756 4273">
    <p class='ocr_par' dir='ltr' id='par_1_87' title="bbox 2111 4185 3756 4273">
     <span class='ocr_line' id='line_1_88' title="bbox 2111 4185 3756 4273; baseline 0.004 -29"><span class='ocrx_word' id='word_1_671' title='bbox 2111 4185 2470 4256; x_wconf 74' lang='grc' dir='ltr'>ἐνδοξασθῆναι</span> <span class='ocrx_word' id='word_1_672' title='bbox 2513 4188 2566 4244; x_wconf 85' lang='grc' dir='ltr'><strong>ὲν</strong></span> <span class='ocrx_word' id='word_1_673' title='bbox 2597 4202 2716 4254; x_wconf 77' lang='grc' dir='ltr'>τοῖς</span> <span class='ocrx_word' id='word_1_674' title='bbox 2745 4191 2916 4270; x_wconf 78' lang='grc' dir='ltr'>ἁγίοις</span> <span class='ocrx_word' id='word_1_675' title='bbox 2962 4193 3140 4273; x_wconf 86' lang='grc' dir='ltr'>αὑτοῦ,</span> <span class='ocrx_word' id='word_1_676' title='bbox 3173 4194 3260 4250; x_wconf 81' lang='grc' dir='ltr'><strong>καὶ</strong></span> <span class='ocrx_word' id='word_1_677' title='bbox 3305 4192 3664 4269; x_wconf 75' lang='grc' dir='ltr'>θαυμασθῆναι</span> <span class='ocrx_word' id='word_1_678' title='bbox 3697 4194 3756 4250; x_wconf 78' lang='grc' dir='ltr'>ἐν</span> 
     </span>
    </p>
   </div>
   <div class='ocr_carea' id='block_1_88' title="bbox 2107 4279 2842 4341">
    <p class='ocr_par' dir='ltr' id='par_1_88' title="bbox 2107 4279 2842 4341">
     <span class='ocr_line' id='line_1_89' title="bbox 2107 4279 2842 4341; baseline 0.007 -9"><span class='ocrx_word' id='word_1_679' title='bbox 2107 4282 2238 4333; x_wconf 82' lang='grc' dir='ltr'>πᾶσι</span> <span class='ocrx_word' id='word_1_680' title='bbox 2267 4290 2385 4341; x_wconf 75' lang='grc' dir='ltr'>τοῖς</span> <span class='ocrx_word' id='word_1_681' title='bbox 2414 4279 2781 4341; x_wconf 88' lang='grc' dir='ltr'>πιστεύσασιν.</span> <span class='ocrx_word' id='word_1_682' title='bbox 2816 4301 2842 4337; x_wconf 71' lang='grc' dir='ltr'>ι)</span> 
     </span>
    </p>
   </div>
   <div class='ocr_carea' id='block_1_89' title="bbox 2187 4363 3750 4450">
    <p class='ocr_par' dir='ltr' id='par_1_89' title="bbox 2187 4363 3750 4450">
     <span class='ocr_line' id='line_1_90' title="bbox 2187 4363 3750 4450; baseline 0.003 -28"><span class='ocrx_word' id='word_1_683' title='bbox 2187 4365 2356 4446; x_wconf 76' lang='grc' dir='ltr'>Εἴπερ</span> <span class='ocrx_word' id='word_1_684' title='bbox 2384 4363 2571 4424; x_wconf 84' lang='grc' dir='ltr'>δίκαιοι</span> <span class='ocrx_word' id='word_1_685' title='bbox 2600 4369 2744 4448; x_wconf 81' lang='grc' dir='ltr'>παρὰ</span> <span class='ocrx_word' id='word_1_686' title='bbox 2770 4375 2846 4444; x_wconf 81' lang='grc' dir='ltr'><strong>τῷ</strong></span> <span class='ocrx_word' id='word_1_687' title='bbox 2905 4375 3042 4447; x_wconf 84' lang='grc' dir='ltr'>Θεῷ.</span> <span class='ocrx_word' id='word_1_688' title='bbox 3089 4371 3186 4446; x_wconf 85' lang='grc' dir='ltr'>Τὸ,</span> <span class='ocrx_word' id='word_1_689' title='bbox 3246 4367 3519 4450; x_wconf 86' lang='grc' dir='ltr'>Ἐπείπερ,</span> <span class='ocrx_word' id='word_1_690' title='bbox 3594 4369 3750 4427; x_wconf 76' lang='grc' dir='ltr'>ἐπει-</span> 
     </span>
    </p>
   </div>
   <div class='ocr_carea' id='block_1_90' title="bbox 2103 4451 3748 4540">
    <p class='ocr_par' dir='ltr' id='par_1_90' title="bbox 2103 4451 3748 4540">
     <span class='ocr_line' id='line_1_91' title="bbox 2103 4451 3748 4540; baseline 0.004 -30"><span class='ocrx_word' id='word_1_691' title='bbox 2103 4451 2270 4534; x_wconf 72' lang='grc' dir='ltr'>δήπερ</span> <span class='ocrx_word' id='word_1_692' title='bbox 2315 4456 2423 4513; x_wconf 86' lang='grc' dir='ltr'>νόει</span> <span class='ocrx_word' id='word_1_693' title='bbox 2478 4457 2615 4514; x_wconf 79' lang='grc' dir='ltr'>κατὰ</span> <span class='ocrx_word' id='word_1_694' title='bbox 2672 4457 2969 4540; x_wconf 71' lang='grc' dir='ltr'>ἀπόφανσιν</span> <span class='ocrx_word' id='word_1_695' title='bbox 3041 4460 3128 4517; x_wconf 89' lang='grc' dir='ltr'>καὶ</span> <span class='ocrx_word' id='word_1_696' title='bbox 3183 4456 3464 4536; x_wconf 79' lang='grc' dir='ltr'>βεϐαιωσιν</span> <span class='ocrx_word' id='word_1_697' title='bbox 3520 4459 3748 4540; x_wconf 80' lang='grc' dir='ltr'>εἰρημέ-</span> 
     </span>
    </p>
   </div>
   <div class='ocr_carea' id='block_1_91' title="bbox 2099 4543 3744 4628">
    <p class='ocr_par' dir='ltr' id='par_1_91' title="bbox 2099 4543 3744 4628">
     <span class='ocr_line' id='line_1_92' title="bbox 2099 4543 3744 4628; baseline 0.003 -29"><span class='ocrx_word' id='word_1_698' title='bbox 2099 4565 2188 4600; x_wconf 92' lang='grc' dir='ltr'>νον</span> <span class='ocrx_word' id='word_1_699' title='bbox 2219 4543 2255 4611; x_wconf 75' lang='grc' dir='ltr'>ἣ</span> <span class='ocrx_word' id='word_1_700' title='bbox 2283 4544 2418 4600; x_wconf 85' lang='grc' dir='ltr'>κατά</span> <span class='ocrx_word' id='word_1_701' title='bbox 2470 4567 2586 4602; x_wconf 88' lang='grc' dir='ltr'>τινα</span> <span class='ocrx_word' id='word_1_702' title='bbox 2638 4545 2921 4628; x_wconf 82' lang='grc' dir='ltr'>ἐρώτησιν,</span> <span class='ocrx_word' id='word_1_703' title='bbox 2965 4548 3090 4605; x_wconf 81' lang='grc' dir='ltr'>ὡσεὶ</span> <span class='ocrx_word' id='word_1_704' title='bbox 3131 4547 3286 4605; x_wconf 74' lang='grc' dir='ltr'>εἶπεν</span> <span class='ocrx_word' id='word_1_705' title='bbox 3320 4562 3335 4578; x_wconf 81' lang='grc'><strong>⁸</strong></span> <span class='ocrx_word' id='word_1_706' title='bbox 3370 4549 3429 4606; x_wconf 86' lang='grc' dir='ltr'>Εἰ</span> <span class='ocrx_word' id='word_1_707' title='bbox 3457 4547 3558 4628; x_wconf 75' lang='grc' dir='ltr'><strong>ἄρα</strong></span> <span class='ocrx_word' id='word_1_708' title='bbox 3584 4555 3744 4606; x_wconf 83' lang='grc' dir='ltr'>τοῦτο</span> 
     </span>
    </p>
   </div>
   <div class='ocr_carea' id='block_1_92' title="bbox 378 4629 2049 4732">
    <p class='ocr_par' dir='ltr' id='par_1_92' title="bbox 378 4629 2049 4732">
     <span class='ocr_line' id='line_1_93' title="bbox 378 4629 2049 4732; baseline 0.002 -34"><span class='ocrx_word' id='word_1_709' title='bbox 378 4629 741 4732; x_wconf 48' lang='lat' dir='ltr'><strong>mationem.</strong></span> <span class='ocrx_word' id='word_1_710' title='bbox 752 4643 874 4732; x_wconf 67' lang='lat' dir='ltr'><strong>_At1t</strong></span> <span class='ocrx_word' id='word_1_711' title='bbox 896 4629 1083 4732; x_wconf 60' lang='lat' dir='ltr'><strong>juxta</strong></span> <span class='ocrx_word' id='word_1_712' title='bbox 1113 4643 1409 4724; x_wconf 90' lang='lat' dir='ltr'><strong>quandam</strong></span> <span class='ocrx_word' id='word_1_713' title='bbox 1460 4642 2012 4732; x_wconf 82' lang='lat' dir='ltr'><strong>interrogationem,</strong></span> <span class='ocrx_word' id='word_1_714' title='bbox 2035 4679 2049 4730; x_wconf 62' lang='grc' dir='ltr'><strong>Ι</strong></span> 
     </span>
    </p>
   </div>
   <div class='ocr_carea' id='block_1_93' title="bbox 2138 4629 3744 4732">
    <p class='ocr_par' dir='ltr' id='par_1_93' title="bbox 2138 4633 3744 4718">
     <span class='ocr_line' id='line_1_94' title="bbox 2138 4633 3744 4718; baseline 0.004 -30"><span class='ocrx_word' id='word_1_715' title='bbox 2138 4645 2296 4690; x_wconf 65' lang='grc' dir='ltr'>ικαιοτ</span> <span class='ocrx_word' id='word_1_716' title='bbox 2324 4635 2353 4689; x_wconf 86' lang='grc' dir='ltr'><strong>ὁ</strong></span> <span class='ocrx_word' id='word_1_717' title='bbox 2420 4635 2573 4709; x_wconf 89' lang='grc' dir='ltr'>Θεὸς,</span> <span class='ocrx_word' id='word_1_718' title='bbox 2619 4636 2692 4699; x_wconf 82' lang='grc' dir='ltr'><strong>ὡς</strong></span> <span class='ocrx_word' id='word_1_719' title='bbox 2744 4635 2956 4700; x_wconf 77' lang='grc' dir='ltr'>πάντως</span> <span class='ocrx_word' id='word_1_720' title='bbox 3005 4633 3351 4701; x_wconf 78' lang='grc' dir='ltr'>δικαιοῦντος.</span> <span class='ocrx_word' id='word_1_721' title='bbox 3411 4643 3573 4695; x_wconf 83' lang='grc' dir='ltr'>Τοῦτο</span> <span class='ocrx_word' id='word_1_722' title='bbox 3639 4638 3744 4718; x_wconf 76' lang='grc' dir='ltr'><strong>γὰρ</strong></span> 
     </span>
    </p>
   </div>
   <div class='ocr_carea' id='block_1_94' title="bbox 376 4719 2049 4822">
    <p class='ocr_par' dir='ltr' id='par_1_94' title="bbox 376 4719 2049 4822">
     <span class='ocr_line' id='line_1_95' title="bbox 376 4719 2049 4822; baseline 0.003 -36"><span class='ocrx_word' id='word_1_723' title='bbox 376 4731 666 4822; x_wconf 73' lang='lat' dir='ltr'><strong>tanquam</strong></span> <span class='ocrx_word' id='word_1_724' title='bbox 707 4719 988 4822; x_wconf 73' lang='lat' dir='ltr'><strong>dixisset:</strong></span> <span class='ocrx_word' id='word_1_725' title='bbox 1025 4727 1087 4822; x_wconf 80' lang='lat' dir='ltr'><strong>Si</strong></span> <span class='ocrx_word' id='word_1_726' title='bbox 1131 4719 1305 4822; x_wconf 70' lang='lat' dir='ltr'><strong>certe</strong></span> <span class='ocrx_word' id='word_1_727' title='bbox 1353 4732 1580 4822; x_wconf 87' lang='lat' dir='ltr'><strong>justum</strong></span> <span class='ocrx_word' id='word_1_728' title='bbox 1636 4719 1800 4794; x_wconf 81' lang='lat' dir='ltr'><strong>ducit</strong></span> <span class='ocrx_word' id='word_1_729' title='bbox 1828 4719 2049 4812; x_wconf 58' lang='lat' dir='ltr'><strong>Deus,&#39;</strong></span> 
     </span>
    </p>
   </div>
   <div class='ocr_carea' id='block_1_95' title="bbox 2138 4719 3740 4822">
    <p class='ocr_par' dir='ltr' id='par_1_95' title="bbox 2138 4719 3740 4822">
     <span class='ocr_line' id='line_1_96' title="bbox 2138 4719 3740 4822; baseline 0.004 -46"><span class='ocrx_word' id='word_1_730' title='bbox 2138 4719 2554 4822; x_wconf 42' lang='lat' dir='ltr'><strong>Eyetv‘eléezuuev</strong></span> <span class='ocrx_word' id='word_1_731' title='bbox 2588 4737 2604 4753; x_wconf 82' lang='lat'>&#39;</span> <span class='ocrx_word' id='word_1_732' title='bbox 2637 4725 2728 4822; x_wconf 44' lang='grc' dir='ltr'><strong>,Εἰ</strong></span> <span class='ocrx_word' id='word_1_733' title='bbox 2781 4722 2933 4801; x_wconf 76' lang='grc' dir='ltr'>μισεῖ</span> <span class='ocrx_word' id='word_1_734' title='bbox 2988 4727 3017 4783; x_wconf 82' lang='grc' dir='ltr'>ὁ</span> <span class='ocrx_word' id='word_1_735' title='bbox 3054 4727 3204 4822; x_wconf 55' lang='grc' dir='ltr'>’,Θεὸς</span> <span class='ocrx_word' id='word_1_736' title='bbox 3257 4725 3378 4790; x_wconf 87' lang='grc' dir='ltr'>τούς</span> <span class='ocrx_word' id='word_1_737' title='bbox 3415 4727 3740 4822; x_wconf 40' lang='grc' dir='ltr'>’πονηροὺῆ</span> 
     </span>
    </p>
   </div>
   <div class='ocr_carea' id='block_1_96' title="bbox 372 4808 2049 4900">
    <p class='ocr_par' dir='ltr' id='par_1_96' title="bbox 372 4808 2010 4900">
     <span class='ocr_line' id='line_1_97' title="bbox 372 4808 2010 4900; baseline 0.005 -26"><span class='ocrx_word' id='word_1_738' title='bbox 372 4813 530 4893; x_wconf 88' lang='lat' dir='ltr'><strong>quod</strong></span> <span class='ocrx_word' id='word_1_739' title='bbox 575 4815 852 4879; x_wconf 89' lang='lat' dir='ltr'><strong>videlicet</strong></span> <span class='ocrx_word' id='word_1_740' title='bbox 908 4818 1152 4881; x_wconf 91' lang='lat' dir='ltr'><strong>omnino</strong></span> <span class='ocrx_word' id='word_1_741' title='bbox 1206 4808 1437 4900; x_wconf 83' lang='lat' dir='ltr'><strong>justum</strong></span> <span class='ocrx_word' id='word_1_742' title='bbox 1498 4821 1696 4885; x_wconf 90' lang='lat' dir='ltr'><strong>ducat.</strong></span> <span class='ocrx_word' id='word_1_743' title='bbox 1765 4808 2010 4883; x_wconf 71' lang='lat' dir='ltr'><strong>190m</strong></span> 
     </span>
    </p>
   </div>
   <div class='ocr_carea' id='block_1_97' title="bbox 2138 4808 3732 4900">
    <p class='ocr_par' dir='ltr' id='par_1_97' title="bbox 2138 4808 3732 4900">
     <span class='ocr_line' id='line_1_98' title="bbox 2138 4808 3732 4900; baseline 0.006 -36"><span class='ocrx_word' id='word_1_744' title='bbox 2138 4833 2170 4874; x_wconf 81' lang='grc' dir='ltr'><strong>ις</strong></span> <span class='ocrx_word' id='word_1_745' title='bbox 2212 4809 2374 4900; x_wconf 51' lang='grc' dir='ltr'>δήλου</span> <span class='ocrx_word' id='word_1_746' title='bbox 2433 4808 2585 4876; x_wconf 76' lang='grc' dir='ltr'>ὄντος</span> <span class='ocrx_word' id='word_1_747' title='bbox 2619 4809 2699 4868; x_wconf 79' lang='grc' dir='ltr'><strong>ὅτι</strong></span> <span class='ocrx_word' id='word_1_748' title='bbox 2755 4827 2928 4888; x_wconf 78' lang='grc' dir='ltr'>μισεῖ.</span> <span class='ocrx_word' id='word_1_749' title='bbox 2969 4837 2992 4872; x_wconf 76' lang='grc' dir='ltr'><strong>ε</strong></span> <span class='ocrx_word' id='word_1_750' title='bbox 3054 4808 3262 4875; x_wconf 73' lang='grc' dir='ltr'>Ἀνεσιν</span> <span class='ocrx_word' id='word_1_751' title='bbox 3311 4812 3430 4892; x_wconf 85' lang='grc' dir='ltr'>μεθ’</span> <span class='ocrx_word' id='word_1_752' title='bbox 3486 4817 3662 4892; x_wconf 80' lang='grc' dir='ltr'>ἡμῶν.</span> <span class='ocrx_word' id='word_1_753' title='bbox 3706 4839 3732 4873; x_wconf 75' lang='lat' dir='ltr'><strong>s</strong></span> 
     </span>
    </p>
   </div>
   <div class='ocr_carea' id='block_1_98' title="bbox 368 4901 2008 4986">
    <p class='ocr_par' dir='ltr' id='par_1_98' title="bbox 368 4901 2008 4986">
     <span class='ocr_line' id='line_1_99' title="bbox 368 4901 2008 4986; baseline 0.006 -24"><span class='ocrx_word' id='word_1_754' title='bbox 368 4901 532 4986; x_wconf 85' lang='lat' dir='ltr'><strong>enim</strong></span> <span class='ocrx_word' id='word_1_755' title='bbox 556 4903 763 4986; x_wconf 81' lang='lat' dir='ltr'><strong>dicere</strong></span> <span class='ocrx_word' id='word_1_756' title='bbox 791 4906 1099 4971; x_wconf 86' lang='lat' dir='ltr'><strong>solemus:</strong></span> <span class='ocrx_word' id='word_1_757' title='bbox 1149 4907 1211 4972; x_wconf 91' lang='lat' dir='ltr'><strong>Si</strong></span> <span class='ocrx_word' id='word_1_758' title='bbox 1262 4908 1386 4972; x_wconf 91' lang='lat' dir='ltr'><strong>odit</strong></span> <span class='ocrx_word' id='word_1_759' title='bbox 1434 4908 1592 4972; x_wconf 89' lang='lat' dir='ltr'><strong>Deus</strong></span> <span class='ocrx_word' id='word_1_760' title='bbox 1647 4917 2008 4986; x_wconf 89' lang='lat' dir='ltr'><strong>peccatores,</strong></span> 
     </span>
    </p>
   </div>
   <div class='ocr_carea' id='block_1_99' title="bbox 2095 4895 3746 4985">
    <p class='ocr_par' dir='ltr' id='par_1_99' title="bbox 2095 4895 3746 4985">
     <span class='ocr_line' id='line_1_100' title="bbox 2095 4895 3746 4985; baseline 0.005 -29"><span class='ocrx_word' id='word_1_761' title='bbox 2095 4895 2312 4967; x_wconf 79' lang='grc' dir='ltr'>Ἐπειδὴ</span> <span class='ocrx_word' id='word_1_762' title='bbox 2381 4903 2534 4956; x_wconf 82' lang='grc' dir='ltr'>εἶπεν</span> <span class='ocrx_word' id='word_1_763' title='bbox 2567 4919 2586 4940; x_wconf 78' lang='grc' dir='ltr'><strong>ο</strong></span> <span class='ocrx_word' id='word_1_764' title='bbox 2676 4909 2886 4984; x_wconf 74' lang='grc' dir='ltr'>Ανεσιν,</span> <span class='ocrx_word' id='word_1_765' title='bbox 2955 4903 3049 4962; x_wconf 76' lang='grc' dir='ltr'>ἵνα</span> <span class='ocrx_word' id='word_1_766' title='bbox 3120 4907 3200 4982; x_wconf 76' lang='grc' dir='ltr'>μὴ</span> <span class='ocrx_word' id='word_1_767' title='bbox 3255 4903 3476 4985; x_wconf 84' lang='grc' dir='ltr'>λέγωσι,</span> <span class='ocrx_word' id='word_1_768' title='bbox 3535 4906 3596 4963; x_wconf 86' lang='grc' dir='ltr'>Τί</span> <span class='ocrx_word' id='word_1_769' title='bbox 3648 4905 3746 4964; x_wconf 80' lang='grc' dir='ltr'>οὗν</span> 
     </span>
    </p>
   </div>
   <div class='ocr_carea' id='block_1_100' title="bbox 367 4982 2049 5070">
    <p class='ocr_par' dir='ltr' id='par_1_100' title="bbox 367 4982 2008 5070">
     <span class='ocr_line' id='line_1_101' title="bbox 367 4982 2008 5070; baseline 0.004 -27"><span class='ocrx_word' id='word_1_770' title='bbox 367 4982 536 5070; x_wconf 81' lang='lat' dir='ltr'><strong>quasi</strong></span> <span class='ocrx_word' id='word_1_771' title='bbox 564 4984 944 5048; x_wconf 90' lang='lat' dir='ltr'><strong>manifestum</strong></span> <span class='ocrx_word' id='word_1_772' title='bbox 977 4987 1053 5049; x_wconf 93' lang='lat' dir='ltr'><strong>sit</strong></span> <span class='ocrx_word' id='word_1_773' title='bbox 1095 4988 1248 5070; x_wconf 91' lang='lat' dir='ltr'><strong>quod</strong></span> <span class='ocrx_word' id='word_1_774' title='bbox 1279 4989 1495 5052; x_wconf 89' lang='lat' dir='ltr'><strong>oderit.</strong></span> <span class='ocrx_word' id='word_1_775' title='bbox 1521 5013 1541 5042; x_wconf 75' lang='grc' dir='ltr'>α</span> <span class='ocrx_word' id='word_1_776' title='bbox 1565 4982 2008 5052; x_wconf 82' lang='lat' dir='ltr'><strong>Relaxationem</strong></span> 
     </span>
    </p>
   </div>
   <div class='ocr_carea' id='block_1_101' title="bbox 2138 4982 3745 5070">
    <p class='ocr_par' dir='ltr' id='par_1_101' title="bbox 2138 4982 3745 5070">
     <span class='ocr_line' id='line_1_102' title="bbox 2138 4982 3745 5070; baseline 0.004 -27"><span class='ocrx_word' id='word_1_777' title='bbox 2138 5010 2219 5067; x_wconf 66' lang='grc' dir='ltr'><strong>χρι</strong></span> <span class='ocrx_word' id='word_1_778' title='bbox 2287 4994 2380 5044; x_wconf 87' lang='grc' dir='ltr'><strong>τοῦ</strong></span> <span class='ocrx_word' id='word_1_779' title='bbox 2440 4986 2586 5044; x_wconf 84' lang='grc' dir='ltr'>λύσιν</span> <span class='ocrx_word' id='word_1_780' title='bbox 2629 4991 2798 5070; x_wconf 79' lang='grc' dir='ltr'>εὑρεῖν</span> <span class='ocrx_word' id='word_1_781' title='bbox 2851 4982 2956 5050; x_wconf 78' lang='grc' dir='ltr'>τῶν</span> <span class='ocrx_word' id='word_1_782' title='bbox 3001 5001 3202 5069; x_wconf 84' lang='grc' dir='ltr'>κακῶν,</span> <span class='ocrx_word' id='word_1_783' title='bbox 3272 4982 3426 5061; x_wconf 79' lang='grc' dir='ltr'>σταίη</span> <span class='ocrx_word' id='word_1_784' title='bbox 3499 4994 3565 5049; x_wconf 79' lang='grc' dir='ltr'><strong>τὰ</strong></span> <span class='ocrx_word' id='word_1_785' title='bbox 3619 4991 3745 5050; x_wconf 81' lang='grc' dir='ltr'>καθ’</span> 
     </span>
    </p>
   </div>
   <div class='ocr_carea' id='block_1_102' title="bbox 363 5067 2049 5162">
    <p class='ocr_par' dir='ltr' id='par_1_102' title="bbox 363 5067 2004 5162">
     <span class='ocr_line' id='line_1_103' title="bbox 363 5067 2004 5162; baseline 0.005 -33"><span class='ocrx_word' id='word_1_786' title='bbox 363 5067 750 5162; x_wconf 46' lang='lat' dir='ltr'><strong>nobiscum.)</strong></span> <span class='ocrx_word' id='word_1_787' title='bbox 767 5071 1054 5145; x_wconf 84' lang='lat' dir='ltr'><strong>Quoniam</strong></span> <span class='ocrx_word' id='word_1_788' title='bbox 1073 5067 1224 5139; x_wconf 84' lang='lat' dir='ltr'><strong>dixit</strong></span> <span class='ocrx_word' id='word_1_789' title='bbox 1251 5099 1263 5135; x_wconf 92' lang='lat'><strong>:</strong></span> <span class='ocrx_word' id='word_1_790' title='bbox 1294 5077 1741 5141; x_wconf 80' lang='lat' dir='ltr'><strong>Relaxationem</strong></span> <span class='ocrx_word' id='word_1_791' title='bbox 1775 5098 1788 5139; x_wconf 93' lang='lat'><strong>:</strong></span> <span class='ocrx_word' id='word_1_792' title='bbox 1813 5095 1890 5140; x_wconf 90' lang='lat' dir='ltr'><strong>ne</strong></span> <span class='ocrx_word' id='word_1_793' title='bbox 1906 5077 2004 5139; x_wconf 91' lang='lat' dir='ltr'><strong>di-</strong></span> 
     </span>
    </p>
   </div>
   <div class='ocr_carea' id='block_1_103' title="bbox 2138 5067 3738 5162">
    <p class='ocr_par' dir='ltr' id='par_1_103' title="bbox 2138 5067 3738 5162">
     <span class='ocr_line' id='line_1_104' title="bbox 2138 5067 3738 5162; baseline 0.003 -30"><span class='ocrx_word' id='word_1_794' title='bbox 2138 5083 2244 5157; x_wconf 81' lang='grc' dir='ltr'>ιᾶς,</span> <span class='ocrx_word' id='word_1_795' title='bbox 2277 5075 2542 5144; x_wconf 85' lang='grc' dir='ltr'>ἆντιδοσις</span> <span class='ocrx_word' id='word_1_796' title='bbox 2572 5076 2627 5135; x_wconf 79' lang='grc' dir='ltr'>δὲ</span> <span class='ocrx_word' id='word_1_797' title='bbox 2685 5067 2964 5162; x_wconf 70' lang='grc' dir='ltr'>οὑδαμοῦς</span> <span class='ocrx_word' id='word_1_798' title='bbox 3021 5067 3237 5160; x_wconf 76' lang='grc' dir='ltr'>ἐπάγεις</span> <span class='ocrx_word' id='word_1_799' title='bbox 3286 5084 3348 5140; x_wconf 84' lang='grc' dir='ltr'><strong>τὸ</strong></span> <span class='ocrx_word' id='word_1_800' title='bbox 3392 5081 3508 5157; x_wconf 85' lang='grc' dir='ltr'>μεθ’</span> <span class='ocrx_word' id='word_1_801' title='bbox 3549 5082 3738 5158; x_wconf 75' lang='grc' dir='ltr'>ἡμῶν,</span> 
     </span>
    </p>
   </div>
   <div class='ocr_carea' id='block_1_104' title="bbox 360 5157 2049 5250">
    <p class='ocr_par' dir='ltr' id='par_1_104' title="bbox 360 5157 2002 5250">
     <span class='ocr_line' id='line_1_105' title="bbox 360 5157 2002 5250; baseline 0.009 -34"><span class='ocrx_word' id='word_1_802' title='bbox 360 5165 533 5250; x_wconf 81' lang='lat' dir='ltr'><strong>cant:</strong></span> <span class='ocrx_word' id='word_1_803' title='bbox 571 5157 722 5232; x_wconf 89' lang='lat' dir='ltr'><strong>Quid</strong></span> <span class='ocrx_word' id='word_1_804' title='bbox 749 5178 914 5242; x_wconf 76' lang='lat' dir='ltr'><strong>ergo,</strong></span> <span class='ocrx_word' id='word_1_805' title='bbox 935 5163 1128 5227; x_wconf 90' lang='lat' dir='ltr'><strong>donec</strong></span> <span class='ocrx_word' id='word_1_806' title='bbox 1157 5165 1448 5228; x_wconf 91' lang='lat' dir='ltr'><strong>malorum</strong></span> <span class='ocrx_word' id='word_1_807' title='bbox 1469 5166 2002 5230; x_wconf 87' lang='lat' dir='ltr'><strong>solutioneminve-</strong></span> 
     </span>
    </p>
   </div>
   <div class='ocr_carea' id='block_1_105' title="bbox 2138 5157 3736 5250">
    <p class='ocr_par' dir='ltr' id='par_1_105' title="bbox 2138 5168 3736 5250">
     <span class='ocr_line' id='line_1_106' title="bbox 2138 5168 3736 5250; baseline 0.004 -28"><span class='ocrx_word' id='word_1_808' title='bbox 2138 5188 2200 5241; x_wconf 73' lang='grc' dir='ltr'>να,</span> <span class='ocrx_word' id='word_1_809' title='bbox 2231 5169 2510 5233; x_wconf 81' lang='grc' dir='ltr'>κοινωνοὺς</span> <span class='ocrx_word' id='word_1_810' title='bbox 2544 5169 2726 5234; x_wconf 81' lang='grc' dir='ltr'>αὑτοὺς</span> <span class='ocrx_word' id='word_1_811' title='bbox 2755 5168 2895 5247; x_wconf 76' lang='grc' dir='ltr'>λάϐῃ</span> <span class='ocrx_word' id='word_1_812' title='bbox 2945 5171 3033 5227; x_wconf 84' lang='grc' dir='ltr'><strong>καὶ</strong></span> <span class='ocrx_word' id='word_1_813' title='bbox 3079 5176 3185 5229; x_wconf 83' lang='grc' dir='ltr'>τῶν</span> <span class='ocrx_word' id='word_1_814' title='bbox 3215 5170 3433 5250; x_wconf 80' lang='grc' dir='ltr'>ἀγώνων</span> <span class='ocrx_word' id='word_1_815' title='bbox 3475 5173 3562 5228; x_wconf 86' lang='grc' dir='ltr'><strong>καὶ</strong></span> <span class='ocrx_word' id='word_1_816' title='bbox 3603 5191 3736 5228; x_wconf 82' lang='grc' dir='ltr'>στε-</span> 
     </span>
    </p>
   </div>
   <div class='ocr_carea' id='block_1_106' title="bbox 359 5243 2049 5339">
    <p class='ocr_par' dir='ltr' id='par_1_106' title="bbox 359 5243 1996 5339">
     <span class='ocr_line' id='line_1_107' title="bbox 359 5243 1996 5339; baseline 0.01 -37"><span class='ocrx_word' id='word_1_817' title='bbox 359 5243 624 5339; x_wconf 75' lang='lat' dir='ltr'><strong>niamus,</strong></span> <span class='ocrx_word' id='word_1_818' title='bbox 647 5249 1083 5330; x_wconf 89' lang='lat' dir='ltr'><strong>permanebunt</strong></span> <span class='ocrx_word' id='word_1_819' title='bbox 1110 5271 1241 5334; x_wconf 78' lang='lat' dir='ltr'><strong>quae</strong></span> <span class='ocrx_word' id='word_1_820' title='bbox 1270 5274 1379 5317; x_wconf 91' lang='lat' dir='ltr'><strong>nos</strong></span> <span class='ocrx_word' id='word_1_821' title='bbox 1408 5254 1792 5318; x_wconf 90' lang='lat' dir='ltr'><strong>circumstant</strong></span> <span class='ocrx_word' id='word_1_822' title='bbox 1823 5255 1996 5331; x_wconf 90' lang='lat' dir='ltr'><strong>mala,</strong></span> 
     </span>
    </p>
   </div>
   <div class='ocr_carea' id='block_1_107' title="bbox 2138 5243 3739 5339">
    <p class='ocr_par' dir='ltr' id='par_1_107' title="bbox 2138 5257 3739 5339">
     <span class='ocr_line' id='line_1_108' title="bbox 2138 5257 3739 5339; baseline 0.004 -24"><span class='ocrx_word' id='word_1_823' title='bbox 2138 5257 2260 5315; x_wconf 79' lang='grc' dir='ltr'>ίνων</span> <span class='ocrx_word' id='word_1_824' title='bbox 2309 5263 2418 5315; x_wconf 85' lang='grc' dir='ltr'>τῶν</span> <span class='ocrx_word' id='word_1_825' title='bbox 2489 5259 2880 5322; x_wconf 80' lang='grc' dir='ltr'>ἀποστολικῶν.</span> <span class='ocrx_word' id='word_1_826' title='bbox 2945 5283 2969 5318; x_wconf 73' lang='grc' dir='ltr'><strong>α</strong></span> <span class='ocrx_word' id='word_1_827' title='bbox 3006 5259 3096 5320; x_wconf 85' lang='grc' dir='ltr'>Ἐν</span> <span class='ocrx_word' id='word_1_828' title='bbox 3154 5266 3224 5339; x_wconf 77' lang='grc' dir='ltr'><strong>τῇ</strong></span> <span class='ocrx_word' id='word_1_829' title='bbox 3265 5260 3597 5339; x_wconf 80' lang='grc' dir='ltr'>ἀποκαλύψει</span> <span class='ocrx_word' id='word_1_830' title='bbox 3635 5270 3739 5321; x_wconf 82' lang='grc' dir='ltr'>τοὺ</span> 
     </span>
    </p>
   </div>
   <div class='ocr_carea' id='block_1_108' title="bbox 355 5331 2049 5432">
    <p class='ocr_par' dir='ltr' id='par_1_108' title="bbox 355 5331 1995 5432">
     <span class='ocr_line' id='line_1_109' title="bbox 355 5331 1995 5432; baseline 0.01 -41"><span class='ocrx_word' id='word_1_831' title='bbox 355 5331 666 5432; x_wconf 82' lang='lat' dir='ltr'><strong>retributio</strong></span> <span class='ocrx_word' id='word_1_832' title='bbox 681 5344 882 5432; x_wconf 83' lang='lat' dir='ltr'><strong>autem</strong></span> <span class='ocrx_word' id='word_1_833' title='bbox 905 5331 1318 5422; x_wconf 77' lang='lat' dir='ltr'><strong>nequaquam?</strong></span> <span class='ocrx_word' id='word_1_834' title='bbox 1333 5343 1602 5432; x_wconf 79' lang='lat' dir='ltr'><strong>adjungit</strong></span> <span class='ocrx_word' id='word_1_835' title='bbox 1623 5362 1637 5408; x_wconf 88' lang='lat'><strong>:</strong></span> <span class='ocrx_word' id='word_1_836' title='bbox 1652 5343 1995 5427; x_wconf 88' lang='lat' dir='ltr'><strong>Nobiscum,</strong></span> 
     </span>
    </p>
   </div>
   <div class='ocr_carea' id='block_1_109' title="bbox 2138 5331 3737 5432">
    <p class='ocr_par' dir='ltr' id='par_1_109' title="bbox 2138 5331 3737 5432">
     <span class='ocr_line' id='line_1_110' title="bbox 2138 5331 3737 5432; baseline 0.004 -31"><span class='ocrx_word' id='word_1_837' title='bbox 2138 5357 2292 5427; x_wconf 81' lang='grc' dir='ltr'>υριου,</span> <span class='ocrx_word' id='word_1_838' title='bbox 2364 5369 2386 5403; x_wconf 72' lang='grc' dir='ltr'><strong>ι</strong></span> <span class='ocrx_word' id='word_1_839' title='bbox 2452 5346 2842 5426; x_wconf 77' lang='grc' dir='ltr'>Ἀποκάλυψιν,</span> <span class='ocrx_word' id='word_1_840' title='bbox 2900 5351 2998 5419; x_wconf 74' lang='grc' dir='ltr'>τὴν</span> <span class='ocrx_word' id='word_1_841' title='bbox 3067 5331 3354 5431; x_wconf 78' lang='grc' dir='ltr'>παρουσίαν</span> <span class='ocrx_word' id='word_1_842' title='bbox 3426 5331 3554 5432; x_wconf 74' lang='grc' dir='ltr'><strong>φησί</strong></span> <span class='ocrx_word' id='word_1_843' title='bbox 3629 5353 3737 5408; x_wconf 76' lang='grc' dir='ltr'><strong>Διὰ</strong></span> 
     </span>
    </p>
   </div>
   <div class='ocr_carea' id='block_1_110' title="bbox 352 5421 2049 5520">
    <p class='ocr_par' dir='ltr' id='par_1_110' title="bbox 352 5421 1997 5520">
     <span class='ocr_line' id='line_1_111' title="bbox 352 5421 1997 5520; baseline 0.01 -40"><span class='ocrx_word' id='word_1_844' title='bbox 352 5426 418 5481; x_wconf 91' lang='lat' dir='ltr'><strong>ut</strong></span> <span class='ocrx_word' id='word_1_845' title='bbox 436 5421 599 5520; x_wconf 64' lang='lat' dir='ltr'><strong>ocios</strong></span> <span class='ocrx_word' id='word_1_846' title='bbox 626 5431 818 5486; x_wconf 84' lang='lat' dir='ltr'><strong>sumat</strong></span> <span class='ocrx_word' id='word_1_847' title='bbox 837 5425 1002 5520; x_wconf 60' lang='lat' dir='ltr'><strong>ipsus</strong></span> <span class='ocrx_word' id='word_1_848' title='bbox 1052 5421 1135 5490; x_wconf 16' lang='lat' dir='ltr'><strong>et,</strong></span> <span class='ocrx_word' id='word_1_849' title='bbox 1158 5421 1502 5493; x_wconf 78' lang='lat' dir='ltr'><strong>certaminis</strong></span> <span class='ocrx_word' id='word_1_850' title='bbox 1529 5421 1600 5493; x_wconf 15' lang='lat' dir='ltr'><strong>iet</strong></span> <span class='ocrx_word' id='word_1_851' title='bbox 1647 5421 1997 5497; x_wconf 84' lang='lat' dir='ltr'><strong>coronarum</strong></span> 
     </span>
    </p>
   </div>
   <div class='ocr_carea' id='block_1_111' title="bbox 2138 5421 3730 5520">
    <p class='ocr_par' dir='ltr' id='par_1_111' title="bbox 2165 5421 3730 5520">
     <span class='ocr_line' id='line_1_112' title="bbox 2165 5421 3730 5520; baseline 0.002 -27"><span class='ocrx_word' id='word_1_852' title='bbox 2165 5421 2276 5494; x_wconf 47' lang='grc' dir='ltr'>’τοῦ</span> <span class='ocrx_word' id='word_1_853' title='bbox 2315 5436 2632 5518; x_wconf 71' lang='grc' dir='ltr'>ὑπογράφειν</span> <span class='ocrx_word' id='word_1_854' title='bbox 2681 5421 2778 5506; x_wconf 63' lang='grc' dir='ltr'><strong>την</strong></span> <span class='ocrx_word' id='word_1_855' title='bbox 2827 5421 3090 5520; x_wconf 40' lang='grc' dir='ltr'>’δευτέραν</span> <span class='ocrx_word' id='word_1_856' title='bbox 3145 5421 3254 5498; x_wconf 49' lang='grc' dir='ltr'>’τοῦ</span> <span class='ocrx_word' id='word_1_857' title='bbox 3325 5421 3547 5520; x_wconf 76' lang='grc' dir='ltr'>Χριστοῦ</span> <span class='ocrx_word' id='word_1_858' title='bbox 3588 5461 3730 5519; x_wconf 84' lang='grc' dir='ltr'>παρ-</span> 
     </span>
    </p>
   </div>
   <div class='ocr_carea' id='block_1_112' title="bbox 351 5509 2049 5610">
    <p class='ocr_par' dir='ltr' id='par_1_112' title="bbox 351 5509 1993 5610">
     <span class='ocr_line' id='line_1_113' title="bbox 351 5509 1993 5610; baseline 0.009 -39"><span class='ocrx_word' id='word_1_859' title='bbox 351 5509 850 5610; x_wconf 72' lang='lat' dir='ltr'><strong>apostolicarum._</strong></span> <span class='ocrx_word' id='word_1_860' title='bbox 879 5541 902 5574; x_wconf 79' lang='grc' dir='ltr'><strong>ι</strong></span> <span class='ocrx_word' id='word_1_861' title='bbox 923 5513 1069 5610; x_wconf 76' lang='lat' dir='ltr'><strong>cum</strong></span> <span class='ocrx_word' id='word_1_862' title='bbox 1099 5518 1463 5610; x_wconf 72' lang='lat' dir='ltr'><strong>revelabitur</strong></span> <span class='ocrx_word' id='word_1_863' title='bbox 1490 5520 1801 5586; x_wconf 88' lang='lat' dir='ltr'><strong>Dominus.</strong></span> <span class='ocrx_word' id='word_1_864' title='bbox 1830 5552 1851 5582; x_wconf 79' lang='grc' dir='ltr'><strong>ι</strong></span> <span class='ocrx_word' id='word_1_865' title='bbox 1875 5524 1993 5585; x_wconf 83' lang='lat' dir='ltr'><strong>Re-</strong></span> 
     </span>
    </p>
   </div>
   <div class='ocr_carea' id='block_1_113' title="bbox 2138 5509 3734 5610">
    <p class='ocr_par' dir='ltr' id='par_1_113' title="bbox 2138 5523 3734 5610">
     <span class='ocr_line' id='line_1_114' title="bbox 2138 5523 3734 5610; baseline 0.006 -32"><span class='ocrx_word' id='word_1_866' title='bbox 2138 5525 2283 5601; x_wconf 74' lang='grc' dir='ltr'>ισίαν,</span> <span class='ocrx_word' id='word_1_867' title='bbox 2341 5523 2548 5583; x_wconf 88' lang='grc' dir='ltr'>δίδωσιν</span> <span class='ocrx_word' id='word_1_868' title='bbox 2646 5529 2830 5592; x_wconf 76' lang='grc' dir='ltr'>αὑτοῖς</span> <span class='ocrx_word' id='word_1_869' title='bbox 2927 5529 3152 5608; x_wconf 80' lang='grc' dir='ltr'>μέγιστα</span> <span class='ocrx_word' id='word_1_870' title='bbox 3256 5527 3574 5610; x_wconf 82' lang='grc' dir='ltr'>προσδοκᾷν,</span> <span class='ocrx_word' id='word_1_871' title='bbox 3634 5531 3734 5587; x_wconf 80' lang='grc' dir='ltr'><strong>καὶ</strong></span> 
     </span>
    </p>
   </div>
   <div class='ocr_carea' id='block_1_114' title="bbox 351 5597 2049 5698">
    <p class='ocr_par' dir='ltr' id='par_1_114' title="bbox 351 5597 1989 5692">
     <span class='ocr_line' id='line_1_115' title="bbox 351 5597 1989 5692; baseline 0.01 -33"><span class='ocrx_word' id='word_1_872' title='bbox 351 5597 710 5664; x_wconf 85' lang='lat' dir='ltr'><strong>velationem</strong></span> <span class='ocrx_word' id='word_1_873' title='bbox 735 5600 881 5666; x_wconf 90' lang='lat' dir='ltr'><strong>dicit</strong></span> <span class='ocrx_word' id='word_1_874' title='bbox 907 5603 1250 5671; x_wconf 89' lang='lat' dir='ltr'><strong>adventum.</strong></span> <span class='ocrx_word' id='word_1_875' title='bbox 1295 5607 1408 5671; x_wconf 90' lang='lat' dir='ltr'><strong>Per</strong></span> <span class='ocrx_word' id='word_1_876' title='bbox 1438 5610 1550 5672; x_wconf 88' lang='lat' dir='ltr'><strong>hoc</strong></span> <span class='ocrx_word' id='word_1_877' title='bbox 1591 5618 1789 5674; x_wconf 88' lang='lat' dir='ltr'><strong>autem</strong></span> <span class='ocrx_word' id='word_1_878' title='bbox 1832 5612 1989 5692; x_wconf 91' lang='lat' dir='ltr'><strong>quod</strong></span> 
     </span>
    </p>
   </div>
   <div class='ocr_carea' id='block_1_115' title="bbox 2138 5597 3734 5698">
    <p class='ocr_par' dir='ltr' id='par_1_115' title="bbox 2138 5597 3734 5698">
     <span class='ocr_line' id='line_1_116' title="bbox 2138 5597 3734 5698; baseline 0.002 -27"><span class='ocrx_word' id='word_1_879' title='bbox 2138 5597 2283 5671; x_wconf 81' lang='grc' dir='ltr'><strong>ἐσθαί</strong></span> <span class='ocrx_word' id='word_1_880' title='bbox 2355 5614 2408 5686; x_wconf 73' lang='grc' dir='ltr'>ἐζ</span> <span class='ocrx_word' id='word_1_881' title='bbox 2484 5615 2646 5682; x_wconf 81' lang='grc' dir='ltr'>αὑτῆς</span> <span class='ocrx_word' id='word_1_882' title='bbox 2701 5597 2985 5697; x_wconf 76' lang='grc' dir='ltr'>παρουσίας</span> <span class='ocrx_word' id='word_1_883' title='bbox 3011 5597 3023 5608; x_wconf 55' lang='grc'><em>’</em></span> <span class='ocrx_word' id='word_1_884' title='bbox 3083 5618 3170 5674; x_wconf 81' lang='grc' dir='ltr'><strong>καὶ</strong></span> <span class='ocrx_word' id='word_1_885' title='bbox 3239 5597 3341 5698; x_wconf 73' lang='grc' dir='ltr'><strong>πρὸ</strong></span> <span class='ocrx_word' id='word_1_886' title='bbox 3397 5597 3510 5675; x_wconf 67' lang='grc' dir='ltr'><strong>τῶν⁷</strong></span> <span class='ocrx_word' id='word_1_887' title='bbox 3555 5597 3734 5695; x_wconf 59' lang='grc' dir='ltr'>δμοι-</span> 
     </span>
    </p>
   </div>
  </div>
