4140 6212
307 331 422 397 113

1260 327 1654 396 COMMENT.
1702 325 1785 388 IN
1829 319 2081 414 EPIST.
2113 321 2169 382 Π
2215 321 2315 384 AD
2351 317 2714 384 THESSAL.

3564 303 3694 377 1H.

295 466 374 525 ω
652 461 668 482 9
726 462 738 477 ο
835 461 845 479 Ι
995 459 1018 479 ς
1094 461 1106 480 Ι
1233 483 1255 496 ‘-
1348 460 1367 497 οἱ
1442 465 1466 496 τ’
1621 447 1635 468 ί

376 484 426 523 ν,
461 483 492 516 ε
541 469 650 518 Met
716 461 958 540 αγγελων
989 479 1254 536 ουναμεω..
1313 481 1493 516 unco.
1547 480 1570 514 ι
1641 459 1764 514 Ωσεί
1793 458 1935 528 sine,

2029 453 2364 516 secundum
2397 450 2616 517 Christi
2643 447 2936 540 describit
2971 444 3311 540 adventum,
3343 439 3670 540 plurimum

296 551 444 607 Μετὰ
471 557 581 609 τῶν
642 549 885 630 ἀγγέλων
923 555 1026 607 τῶν
1069 547 1417 630 διαφερόντων
1461 551 1530 625 τῇ
1577 545 1790 624 δυνάμει
1833 549 1934 606 αὒ-

291 647 407 714 τοῦ,
457 650 494 699 Ε
526 643 599 704 ὡς
629 642 733 697 τῶν
762 640 1005 720 ἀγγέλων
1035 639 1264 700 δυνατῶν
1292 636 1481 716 ὄντων,
1505 637 1767 714 τουτέστι,
1801 637 1936 714 μετὰ

294 736 402 786 τῶν
445 729 676 788 δυνατῶν
718 733 878 789 αὖτοῦ
906 729 1147 810 ἀγγέλων
1207 751 1236 784 ε
1267 725 1359 785 Ἐν
1388 728 1509 807 πυρὶ
1538 726 1756 806 φλογός.
1783 747 1813 786 )
1847 726 1938 785 Ἐν

296 826 364 896 τῇ
395 819 727 896 ἀποκαλύψει
765 830 859 880 τοῦ
889 821 1074 899 Κυρίου
1114 816 1314 887 Ἰησοῦ,
1363 821 1431 892 τῇ
1486 814 1539 873 ἒν
1596 814 1750 896 φλογί
1778 817 1940 894 πυρὸς

295 909 654 988 τενησομὲνῃ.
721 911 842 990 Περί
898 910 1094 976 ταύτης
1163 908 1262 986 γὰρ
1331 907 1416 962 καί
1473 907 1501 962 ὁ
1562 903 1728 962 Δαυίδ
1756 927 1886 986 φησι
1923 921 1936 936 ·

304 1023 332 1053 ε
379 1005 488 1077 Πῦρ
580 999 802 1056 ἐνώπιοδ
871 1003 1027 1058 αὐτου
1105 995 1517 1076 προπορεύσεται
1587 996 1674 1077 καὶ
1729 993 1944 1074 φλογιεϊ

294 1065 476 1162 κύκλῷ
517 1091 640 1154 τοὺς
674 1088 894 1169 ἐχθροὺς
938 1090 1116 1149 αὒτοῠ,
1148 1065 1182 1143 ἰ
1343 1086 1544 1164 ΙΦΔΤ]
1604 1065 1663 1142 “II
1709 1065 1761 1141 ἐν
1820 1065 1946 1164 ⁴ττυρί.

293 1177 493 1258 φλογός
553 1200 706 1258 φησι,
776 1179 840 1234 τὸ
893 1176 1039 1240 ε’ίδος
1106 1177 1206 1243 τῆς
1248 1176 1501 1253 τιμωρίας
1553 1173 1934 1250 αἰνιττόμενος,

288 1267 351 1332 ἧν
396 1267 627 1322 τίσωσιν
657 1269 702 1323 οἳ
759 1266 837 1342 μὴ
879 1265 1103 1328 εἰδόστες
1148 1264 1301 1342 Θερν,
1350 1262 1485 1339 μηδὲ
1553 1263 1939 1328 ὑπακούσαντες

283 1357 360 1429 τῷ
413 1354 716 1433 Εὖαγγελίγι
759 1333 860 1414 ’τού
915 1360 1158 1434 Χριστοῦ.
1426 1353 1580 1432 φρογὶ
1621 1353 1782 1432 πυρός
1837 1351 1936 1408 αὖ·

281 1445 382 1511 τὴν
413 1445 512 1510 τὴν
549 1444 880 1512 Δεσποτικὴν
931 1443 1238 1522 παρουσίαν,
1293 1439 1375 1497 ὅτι
1429 1441 1564 1516 μετὰ
1605 1441 1768 1517 πυρὸς
1799 1437 1934 1520 φλέ-

281 1554 472 1609 γοντος
545 1534 848 1610 γενήσεται,
925 1531 1124 1600 δηλῶν,
1184 1529 1361 1592 Οὕτως
1429 1529 1529 1607 γὰρ
1585 1530 1675 1585 καὶ
1744 1532 1791 1588 οἱ
1832 1530 1934 1607 πρὸ

285 1623 444 1695 ἡμῶν
495 1620 851 1700 ὲξειλήφασιν,
913 1643 942 1677 α
1001 1631 1128 1684 Τοῖς
1172 1620 1250 1695 μὴ
1310 1616 1468 1674 εἰδόσι
1513 1617 1664 1676 Θέον.
1706 1641 1730 1672 ιι
1805 1617 1934 1676 Ἐν-

284 1714 447 1766 ταῦθα
517 1713 605 1767 καί
660 1709 837 1788 ἕτερόν
902 1732 955 1766 τι
1036 1709 1178 1787 λέγει
1244 1708 1748 1786 κατασκευαστικὸν,
1853 1706 1933 1764 ὅτι

283 1799 496 1864 πάντως
541 1797 762 1854 δώσουσι
819 1797 970 1865 δίκην
1023 1801 1069 1855 οἱ
1116 1796 1382 1859 θλίϐοντες
1441 1797 1652 1860 αὖτοὺς.
1701 1795 1930 1864 Ἐπειδὴ

287 1889 389 1966 γὰρ
462 1886 571 1942 ἄνω
632 1888 781 1966 φησί,
853 1899 973 1950 τοῖς
1027 1882 1286 1942 θλίϐουσιν
1337 1885 1496 1960 ὑμᾶς,
1541 1883 1634 1940 ’ίνα
1679 1884 1757 1959 μὴ
1814 1884 1936 1940 ἀπι-

281 1977 555 2045 στήσωσιν
596 1977 640 2030 εἰ
684 1974 782 2054 ἄρα
823 1972 892 2031 δι’
951 1976 1134 2038 αὖτοὺς
1192 1971 1376 2050 μέλλει
1431 1971 1676 2045 κολάζειν
1719 1975 1748 2030 ὁ
1803 1976 1933 2038 Θεὸς

280 2065 404 2127 τοὺς
468 2062 754 2126 διώκοντας
812 2063 1019 2134 αὖτοὺς,
1092 2063 1273 2144 φησὶν,
1332 2060 1413 2118 ὅτι
1489 2063 1533 2118 εἰ
1597 2061 1685 2118 καὶ
1729 2061 1806 2136 μὴ
1863 2060 1932 2118 δι’

276 2155 444 2231 ὑμᾶς,
519 2149 587 2208 δι’
640 2151 825 2208 ἑαυτὸν
881 2150 1095 2209 κολάσει
1166 2151 1379 2216 αὐτούς.
1433 2151 1530 2208 Καὶ
1573 2151 1672 2228 γὰρ
1741 2150 1932 2208 ἀποδί-

279 2240 412 2298 δωσι
443 2241 592 2308 δίκην
639 2255 756 2305 τοῖς
815 2242 894 2318 μὴ
952 2239 1107 2298 εἰδόσι
1164 2242 1317 2314 Θεὸν,
1377 2240 1466 2296 καὶ
1520 2251 1638 2302 τοῖς
1695 2239 1772 2314 μὴ
1827 2240 1932 2296 ὑπ-

279 2331 499 2386 ακυούσι
539 2338 616 2404 τῷ
669 2329 973 2410 Εὖαγγελίῳ
1019 2329 1200 2389 αὒτοῦ.
1261 2330 1319 2387 Εἰ
1375 2327 1430 2384 δὲ
1486 2328 1688 2392 τούτοις
1743 2326 1933 2386 ἀποδί-

275 2417 431 2492 δωσι,
478 2419 664 2494 πολλῷ
707 2420 912 2495 μᾶλλον
941 2433 1058 2483 τοῖς
1103 2417 1359 2475 κωλύουσι
1405 2419 1491 2474 καὶ
1551 2413 1742 2482 ἄλλους
1789 2419 1934 2474 ὑπα-

281 2515 496 2570 κοῦσαι.
579 2511 686 2566 οἶοί
749 2511 878 2565 εἰσιν
948 2511 994 2564 οἱ
1051 2514 1139 2564 νῦν
1189 2509 1325 2583 ὑμᾶς
1383 2504 1674 2580 θλίϐοντες,
1747 2508 1930 2588 φησίν.

289 2617 319 2654 ί
369 2595 597 2675 Ολεθρον
627 2598 861 2659 αἰώνιον.
902 2619 925 2652 ι
963 2603 1068 2654 Ποῦ
1110 2597 1238 2652 εἰσιν
1295 2595 1384 2652 οὗν
1441 2597 1489 2652 οἱ
1537 2593 1808 2675 λόγοντες,
1855 2595 1933 2672 μὴ

280 2684 593 2757 διαιωνιζειν
661 2687 755 2750 τας
826 2687 943 2743 ἐκεῖ
1009 2685 1302 2766 τιμωρίας,
1349 2684 1455 2740 ἀπὸ
1512 2686 1798 2763 προσώπου
1840 2692 1933 2742 τοῦ

277 2774 492 2854 Κυρίου.
541 2776 614 2832 0-3
672 2777 772 2856 γαρ
835 2777 1012 2856 χρεία,
1059 2777 1212 2856 φησὶ,
1285 2775 1416 2852 πρὸς
1461 2781 1614 2830 τοῦτο
1683 2772 1934 2854 ἐργωδίας

275 2863 446 2926 τινός.
491 2861 627 2920 Ἀπὸ
657 2866 758 2943 γὰρ
819 2865 983 2940 μόνου
1027 2874 1121 2922 τοῦ
1190 2862 1477 2941 προσώπου
1531 2872 1624 2921 τοῦ
1679 2870 1930 2943 Χριστοῦ,

278 2951 549 3025 τουτέστι,
620 2959 718 3020 τῆς
764 2953 1064 3034 ἐπιφανείας
1102 2955 1279 3022 αὐτοῦ,
1336 2954 1384 3008 οἱ
1443 2950 1538 3027 μὲν
1582 2951 1636 3008 ἐν
1691 2951 1932 3030 κολάσει,

279 3044 329 3097 οἱ
361 3039 417 3096 δὲ
463 3041 517 3098 ἐν
562 3049 692 3119 τιμῇ
738 3033 965 3103 ἔσονται.
1028 3033 1193 3106 υΗτις
1249 3039 1420 3116 ἔσται,
1476 3042 1626 3116 φησί,
1675 3043 1809 3117 μετὰ
1850 3039 1935 3098 δό-

279 3130 378 3196 ξης
416 3135 516 3198 τῆς
574 3132 758 3212 ἰσχύος
817 3134 995 3210 αὖτοῦ,
1053 3132 1178 3187 ὡσεὶ
1233 3131 1410 3192 εἶπεν,
1476 3122 1634 3206 υΛμα
1703 3129 1992 3218 ἐπιφανῇε

282 3222 447 3278 αὗτοῦ
473 3221 534 3276 τὸ
584 3221 889 3299 πρόσωπον,
935 3223 1022 3278 καὶ
1063 3219 1173 3296 ἅμα
1214 3221 1250 3288 ἡ
1301 3218 1422 3285 δόξα
1491 3224 1589 3288 τῆς
1617 3219 1804 3300 ἰσχύος
1836 3221 1934 3276 αύ-

281 3316 397 3388 τοί),
464 3309 610 3372 εὐθὺς
676 3309 729 3365 ἐν
799 3309 1012 3365 κολάσει
1094 3309 1416 3388 ἆνάρπαστοι
1486 3311 1531 3366 οἳ
1603 3307 1935 3388 ἁμαρτωλοί,

292 3422 318 3452 ι
384 3387 568 3456 ’Ὅταν
624 3397 748 3474 ἔλθῃ
804 3387 1204 3466 ἐνδοξασθῆναι,
1261 3421 1286 3453 ι
1349 3400 1444 3477 Τὸ,
1507 3387 1933 3470 Ἐνδοξασθῆναι,

280 3489 424 3544 κατὰ
468 3485 557 3544 δύο
587 3502 812 3564 νοεῖται,
846 3486 925 3544 ὅτὶ
982 3507 1039 3543 τε
1094 3485 1213 3552 δόξα
1257 3487 1399 3561 αύτῷ
1449 3485 1559 3543 ἐστι
1611 3487 1674 3543 τὸ
1707 3483 1935 3549 πολλοὺς

277 3577 427 3634 εἶναι
456 3579 579 3642 τοὺς
621 3577 825 3655 άγίους,
867 3580 954 3641 οἷς
997 3573 1144 3651 μέλει
1202 3573 1534 3649 μεταδιδόναι
1579 3576 1684 3632 τῶν
1724 3574 1933 3654 ἀγαθῶν

277 3665 464 3741 αὖτοῦ,
509 3666 711 3744 (ὥσπερ
762 3667 862 3744 γὰρ
909 3663 1172 3728 πλοῦστος
1242 3666 1400 3724 αὒτοῦ
1440 3666 1475 3733 ἡ
1531 3662 1764 3742 ἡμετέρα
1818 3684 1932 3719 σω-

275 3755 463 3834 τηρᾉ,
509 3753 676 3819 οὕτως
734 3757 823 3811 καὶ
881 3751 1003 3818 δοξα
1057 3756 1216 3812 αὐτοῦ
1263 3755 1326 3809 τὸ
1396 3751 1626 3816 πολλοὺς
1686 3751 1740 3808 ἐν
1809 3751 1933 3831 δόξῃ

280 3844 604 3924 εδρεθῆναι.)
660 3846 756 3903 Καὶ
812 3842 892 3900 ὅτι
956 3839 1327 3912 δοξασθήσεται
1426 3843 1526 3898 ὑπὸ
1592 3842 1698 3898 τῶν
1770 3842 1931 3920 ἁγίων

280 3935 531 4013 ὁρώντων
563 3934 714 3990 αὐτὸν
744 3932 798 3989 ἐν
826 3939 894 4008 τῇ
948 3931 1166 4013 πατρῴα
1222 3929 1344 4008 δόξῃ
1404 3932 1533 3988 Θεὸν
1588 3931 1802 3988 πάντων
1845 3933 1933 3988 καὶ

279 4023 475 4102 πριτήν
548 4021 1017 4097 προκαθεζόμενον.
1081 4011 1243 4078 ’Ἐστι
1300 4021 1388 4077 καί
1445 4026 1671 4099 τρισσῶς
1716 4025 1934 4088 νοῆσαι-

278 4110 361 4167 ὅτι
391 4109 705 4177 δοξασθῆναι
760 4112 918 4169 «ora»
975 4111 1076 4167 ὑπὸ
1117 4111 1224 4166 τῶν
1281 4108 1582 4183 ἀσωμάτων
1629 4106 1927 4184 δυνάμεων.

277 4202 325 4256 οἱ
371 4200 517 4276 ἅγιοι
563 4199 1043 4278 παρασκευάσουσι,
1074 4197 1402 4277 θεωρουσῶν,
1449 4197 1574 4255 ὅσον
1615 4197 1800 4261 αὐτοὺς
1832 4197 1930 4262 ἆξ-

2014 542 2174 618 t'acit,
2208 551 2271 605 ut
2301 548 2644 624 exspectent
2703 546 2761 602 et
2789 531 3198 624 gaudeantde
3226 530 3388 624 ipso
3409 527 3672 592 adventu

2020 631 2198 694 etiam
2231 643 2368 695 ante
2401 621 2664 712 praemia.
2696 655 2718 686 ι
2741 626 2886 691 Cum
2917 622 3145 703 angelis
3166 621 3445 712 potentiae
3472 635 3663 681 sua.»

2021 721 2324 802 Tanquam
2358 707 2640 782 dixisset:
2677 716 2822 781 Cum
2852 714 3080 794 angelis
3106 707 3526 802 praestantibus
3557 725 3668 788 po-

2024 797 2206 874 tentia
2235 810 2424 892 ipsius
2445 810 2536 871 vel
2557 807 2784 888 angelis
2800 804 2903 886 qui
2928 808 3198 892 potentes
3221 806 3380 892 sunt,
3415 797 3528 860 hoc
3551 802 3668 872 est,

2024 899 2167 962 Cum
2186 887 2522 977 potentibus
2537 887 2761 977 angelis
2773 895 2925 975 ejus.
2955 916 2978 947 ε
2996 891 3110 954 Per
3124 890 3323 970 ignem
3346 887 3660 950 ﬂammae.-

2025 991 2173 1051 Cum
2211 987 2570 1052 revelabitur
2624 985 2910 1049 Dominus
2961 984 3160 1056 Jesus,
3220 977 3380 1059 quod
3432 977 3530 1038 ﬂet
3565 990 3673 1056 per

2025 1078 2222 1158 ignem
2255 1079 2527 1140 ﬂammae.
2573 1075 2717 1138 Nam
2767 1072 2842 1135 de
2893 1071 3007 1134 hoc
3046 1069 3153 1158 ait
3183 1067 3360 1158 etiam
3387 1063 3572 1158 David
3596 1063 3662 1122 4:

2033 1153 2073 1223 «⁷⁷
2089 1167 2250 1246 Ignis
2283 1185 2480 1228 coram
2513 1166 2639 1246 ipso
2691 1163 2986 1245 praecedet
3035 1165 3094 1220 et
3139 1153 3534 1246 inﬂammabit
3564 1169 3672 1234 per

2021 1244 2335 1320 circuitum
2362 1244 2570 1318 omnes
2596 1244 2872 1316 inimicos
2885 1251 3030 1332 ejus.
3051 1277 3072 1307 ι
3102 1281 3179 1293 -
3197 1248 3317 1310 Aut
3337 1261 3446 1326 per
3466 1244 3664 1322 ignem

2019 1347 2274 1407 ﬂammae
2302 1344 2445 1406 dicit
2474 1343 2746 1425 supplicii
2776 1359 2988 1422 genus,
3024 1337 3340 1416 designans
3369 1350 3514 1425 quas
3541 1347 3669 1425 pce-

2018 1453 2124 1496 nas
2153 1434 2377 1496 dabunt
2407 1433 2508 1515 qui
2539 1421 2728 1494 Deum
2746 1421 2863 1493 non
2891 1435 3178 1492 noverunt
3195 1442 3391 1506 neque
3414 1421 3664 1515 obedie-

2015 1531 2154 1584 runt
2199 1508 2517 1604 Evangelia
2561 1519 2801 1586 Christi.
2853 1521 2973 1580 Aut
3017 1535 3124 1597 per
3173 1516 3477 1604 ﬂammam
3507 1508 3664 1604 ignis

2017 1611 2332 1692 designans
2353 1597 2547 1694 ipsum
2574 1608 2950 1675 Dominicum
2973 1607 3044 1668 ad
3055 1599 3480 1694 ventum,quod
3500 1597 3664 1662 vide-

2019 1700 2155 1764 licet
2185 1701 2297 1762 erit
2322 1693 2454 1763 cum
2486 1700 2621 1780 igne
2640 1700 3046 1761 inﬂammante
3073 1717 3088 1761 :
3123 1693 3372 1757 itaenim
3391 1696 3532 1754 ante
3553 1706 3663 1750 nos

2017 1808 2251 1872 quoque
2279 1789 2649 1871 interpretati
2679 1795 2838 1852 sunt.
2870 1809 2892 1840 ι
2938 1785 3044 1848 His
3082 1784 3184 1867 qui
3215 1801 3332 1872 non
3373 1782 3668 1872 noverunt

2015 1869 2226 1942 Deum.
2263 1901 2286 1931 ι
2325 1869 2702 1960 Ηίοοιιοτιιιο
2732 1875 2889 1939 aliud
2905 1869 3408 1960 dicitquoprobat
3422 1869 3667 1960 daturos

2019 1970 2262 2030 omnino
2296 1955 2502 2048 poenas
2551 1955 2654 2030 eos
2706 1965 2808 2047 qui
2851 1968 3012 2047 ipsos
3054 1955 3344 2042 afﬂigunt.
3375 1955 3664 2048 Quoniam

2019 2056 2179 2119 enim
2211 2044 2489 2138 superius
2520 2057 2682 2130 dicit,
2706 2044 2779 2117 iis
2802 2044 2904 2137 qui
2946 2071 3050 2116 vos
3095 2051 3389 2131 afﬂigunt,
3419 2065 3498 2110 ne
3527 2044 3663 2138 ani-

2021 2164 2182 2207 mum
2214 2135 2623 2226 despondeant
2651 2145 2700 2206 si
2731 2135 2892 2209 certe
2940 2149 3177 2224 propter
3226 2141 3390 2220 ipsos
3419 2135 3662 2226 punitu-

2021 2253 2122 2296 rus
2152 2241 2241 2295 est
2267 2223 2424 2296 Deus
2456 2241 2871 2315 persecutores
2901 2223 3191 2314 ipsorum,
3224 2227 3305 2290 ait
3336 2223 3496 2315 quod
3525 2224 3665 2286 licet

2020 2342 2138 2385 non
2185 2334 2428 2405 propter
2463 2314 2599 2396 vos,
2654 2330 2893 2403 propter
2946 2319 3208 2402 seipsum
3255 2314 3463 2400 puniet
3511 2331 3655 2376 eos:

2018 2411 2229 2490 inﬂigit
2258 2412 2414 2474 enim
2466 2411 2823 2492 supplicium
2875 2410 2970 2473 his
3025 2407 3125 2491 qui
3157 2425 3290 2469 cum
3323 2422 3444 2466 non
3475 2419 3662 2492 nove-

2015 2511 2176 2570 runt.
2216 2509 2274 2563 et
2305 2501 2396 2562 his
2425 2491 2679 2582 qui’non
2709 2499 3066 2564 obedierunt
3096 2493 3413 2576 Evangelia
3446 2491 3658 2575 ipsius.

2017 2591 2181 2665 Quod
2212 2589 2262 2652 si
2299 2590 2388 2652 bis
2420 2589 2657 2668 inﬂigit,
2721 2589 2905 2652 multo
2965 2587 3150 2666 magis
3209 2585 3303 2648 bis
3358 2583 3460 2666 qui
3514 2582 3665 2644 alios

2015 2684 2192 2742 etiam
2235 2679 2555 2760 prohibent
2582 2677 2849 2757 obedire,
2884 2677 3089 2760 quales
3118 2682 3258 2739 sunt
3305 2673 3348 2736 ii
3378 2672 3477 2756 qui
3505 2688 3665 2760 nunc

2016 2788 2116 2830 vos
2171 2759 2462 2848 afﬂigunt,
2493 2768 2707 2850 inquit.
2751 2798 2774 2828 ε
2807 2759 3118 2830 Interitum
3147 2774 3458 2828 aeternum.
3497 2787 3518 2815 ι
3551 2759 3666 2826 Ubi

2017 2877 2158 2938 ergo
2193 2866 2332 2919 sunt
2360 2857 2464 2938 qui
2495 2860 2793 2920 aiuntnon
2815 2857 3096 2920 duratura
3116 2855 3176 2916 in
3209 2862 3496 2916 aeternum
3519 2870 3662 2932 sup-

2018 2947 2249 3030 plicia?
2290 2975 2311 3004 ·
2350 2955 2392 3008 Α
2423 2947 2571 3010 facie
2621 2947 2882 3011 Domini.
2934 2977 2956 3008 ι
3013 2945 3144 3009 Non
3188 2943 3348 3006 enim
3398 2942 3472 3006 ad
3524 2943 3664 3030 hoc,

2018 3029 2234 3118 inquit,
2271 3055 2420 3116 opus
2449 3043 2538 3099 est
2561 3054 2771 3116 magno
2819 3035 3072 3118 quodam
3103 3033 3328 3096 labore.
3355 3029 3665 3113 Siquidem

2017 3144 2087 3187 ex
2117 3125 2244 3188 sola
2303 3123 2520 3188 Christi
2561 3142 2833 3206 persona,
2897 3123 2958 3186 id
3015 3129 3129 3200 est,
3191 3119 3666 3184 manifestatione

2016 3214 2228 3295 ipsius,
2263 3214 2324 3276 hi
2355 3212 2597 3296 quidem
2629 3214 2690 3276 in
2711 3213 3027 3295 supplicio,
3053 3212 3142 3274 illi
3169 3229 3308 3275 vero
3341 3210 3403 3273 in
3433 3210 3664 3273 honore

2019 3310 2194 3364 erunt
2221 3320 2234 3366 :
2271 3302 2370 3384 qui
2402 3303 2514 3364 erit
2545 3322 2678 3364 cum
2713 3303 2900 3384 gloria
2922 3300 3281 3364 fortitudinis
3310 3299 3495 3374 illius,
3522 3315 3660 3362 tan-

2017 3412 2193 3474 quam
2222 3393 2488 3456 diceret:
2527 3391 2717 3456 Simul
2775 3399 2838 3454 ut
2892 3391 3201 3454 manifesta
3254 3388 3433 3452 fuerit
3472 3388 3666 3469 ipsius

2017 3481 2220 3560 facies,
2253 3481 2550 3564 simulque
2579 3479 3143 3562 gloriaforlitudinis
3169 3479 3350 3552 illius,
3382 3476 3664 3540 continuo

2013 3570 2076 3632 in
2133 3571 2488 3654 supplicium
2549 3569 2786 3652 abrepti
2839 3576 3013 3631 erunt
3070 3575 3452 3654 peccatores.
3510 3572 3656 3654 lO__l

2022 3691 2044 3721 ι
2078 3652 2524 3733 Βυιιίίνοηθτίι,
2577 3667 2642 3720 ιιι
2687 3657 3076 3738 glorificetur.
3109 3679 3131 3710 ι
3187 3655 3358 3728 Quod
3405 3653 3527 3716 ait:
3590 3652 3668 3717 Ut

2015 3748 2402 3829 gloriﬁcetur,
2457 3747 2692 3810 duobus
2744 3747 2932 3809 modis
2981 3744 3383 3826 intelligitur:
3419 3743 3668 3824 etfquod

2017 3838 2130 3920 ipsi
2157 3837 2344 3918 gloria
2377 3836 2453 3898 sit
2479 3837 2698 3898 multos
2728 3853 2861 3898 esse
2891 3844 3126 3897 sanctos
3160 3832 3375 3916 quibus
3406 3832 3664 3897 traditu-

2015 3928 2205 3988 russit
2228 3927 2383 3989 bona
2419 3945 2545 3990 sua.
2571 3923 3090 3999 Quemadmodum
3117 3922 3276 3987 enim
3298 3921 3667 4006 ipsiusjdivi-

2017 4016 2112 4077 tiae
2141 4027 2280 4080 sunt
2311 4024 2509 4078 nostra
2537 4015 2719 4090 salus,
2773 4015 2857 4077 ita
2917 4023 2975 4076 et
3021 4013 3209 4094 gloria
3250 4012 3437 4094 ipsius
3481 4020 3572 4076 est
3603 4022 3672 4074 ut

2015 4105 2182 4168 multi
2216 4105 2276 4168 in
2309 4105 2494 4184 gloria
2512 4103 2898 4166 inveniantur
2927 4125 2942 4165 :
2978 4113 3035 4166 et
3058 4101 3213 4185 quod
3245 4121 3280 4164 a
3309 4101 3528 4165 sanctis
3543 4102 3669 4181 glo-

2015 4193 2367 4274 riﬂcabitur,
2393 4195 2493 4276 qui
2516 4194 2709 4275 ipsum
2733 4192 3126 4256 intuebuntur
3142 4191 3451 4255 sedentem
3473 4191 3536 4253 in
3557 4209 3667 4274 pa-

279 4289 425 4344 ιιέισει
455 4285 718 4362 ἀμοιϐῶν.
758 4311 786 4342 α
819 4287 909 4344 Ἐν
938 4293 1066 4344 πᾶσι
1095 4300 1213 4351 τοῖς
1232 4287 1631 4348 πιστεύσασιν,ι
1661 4284 1750 4344 Ἐν
1778 4293 1932 4367 πᾶσι,

281 4375 306 4384 Α
334 4377 347 4384 Α
451 4377 463 4384 ι
692 4365 728 4384 ΙΙ
1018 4377 1028 4384 ι
1209 4376 1219 4384 ι
1440 4373 1462 4384 Δ
1487 4375 1498 4384 ι
1748 4377 1762 4384 ρ
1805 4375 1829 4384 Α.

2021 4292 2188 4345 terna
2211 4283 2396 4362 gloria
2427 4283 2612 4345 Deum
2635 4301 2704 4345 ac
2721 4282 2988 4364 judicem
3006 4282 3440 4344 universorum.
3470 4280 3673 4342 Potest

275 4375 363 4432 διὰ
389 4377 633 4436 πάντων.
692 4365 908 4456 "camp
964 4377 1064 4455 γάρ
1118 4376 1379 4456 πρόφασιν
1435 4373 1688 4434 δώσουσιν
1717 4377 1766 4432 οἱ
1793 4365 1934 4454 ἅγιοι

2020 4382 2078 4434 et
2106 4371 2280 4435 tertio
2315 4372 2490 4434 modo
2535 4371 2790 4453 intelligi
2835 4371 2992 4453 quod
3038 4369 3226 4434 sancti
3287 4369 3568 4441 eﬂicient,
3604 4378 3669 4431 nt

275 4463 590 4530 δοξασθῆναι
636 4465 820 4534 αὐτὸν,
880 4463 1044 4529 οὕτως
1099 4465 1186 4520 καὶ
1226 4467 1614 4542 θαυμασθῆναι,
1663 4468 1779 4528 πῶς
1810 4464 1930 4528 τοὺς

2018 4459 2389 4539 glorificetur
2417 4459 2490 4521 ab
2517 4459 2892 4542 incorporeis
2947 4458 3267 4523 virtutibus
3294 4457 3668 4521 intuentibus

274 4553 418 4610 o’itm
446 4551 696 4619 δόξαντας
747 4555 802 4610 ἐν
861 4560 938 4629 τῷ
1007 4553 1226 4632 παρόντι
1270 4553 1364 4632 ρίῳ
1394 4551 1628 4615 ενῖιτελεϊς
1659 4553 1746 4608 καὶ
1773 4551 1933 4630 ἀπεβ-

2018 4557 2238 4629 quanto
2271 4549 2512 4628 prmmio
2542 4549 2679 4610 illos
2707 4549 3068 4629 dignabitur.
3112 4578 3135 4608 ε
3158 4550 3223 4611 In
3245 4546 3520 4609 omnibus
3541 4565 3670 4609 cre-

271 4640 586 4718 ῥιμμὲνους,
617 4643 691 4706 ὡς
721 4643 809 4698 καὶ
853 4642 997 4720 παρὰ
1025 4641 1238 4696 πάντων
1267 4638 1544 4696 διώκεσθαι
1590 4639 1677 4695 καὶ
1721 4640 1932 4719 φονεύε-

2018 4637 2316 4702 denlibus.
2354 4657 2375 4687 ο
2402 4637 2468 4700 In
2491 4637 2793 4720 omnibus,
2823 4638 2882 4699 id
2910 4645 3020 4710 est,
3056 4655 3163 4717 per
3181 4654 3412 4697 omnes.
3441 4635 3666 4708 Quem-

276 4734 420 4804 σθαι,
463 4730 728 4787 τοσούτων
756 4731 845 4786 καὶ
886 4729 1141 4786 τοιούτων
1171 4727 1390 4795 ἠξίωσεν
1416 4727 1650 4806 ἀγαθῶν.

2018 4726 2332 4789 admodum
2365 4727 2530 4789 enim
2563 4727 2750 4790 sancti
2802 4746 3008 4789 ansam
3058 4725 3282 4788 dabunt
3340 4735 3405 4789 ut
3434 4725 3667 4804 gloriﬁ-

281 4825 473 4894 cetur,
505 4820 587 4879 ita
607 4836 843 4900 quoque
871 4824 936 4879 ut
963 4815 1347 4879 admirandus
1377 4815 1499 4892 ﬂat,
1533 4814 1688 4898 quod
1721 4834 1822 4878 eos
1847 4816 1949 4898 qui
1979 4816 2039 4878 in
2069 4816 2344 4898 praesenti
2373 4817 2491 4879 vita
2519 4821 2668 4881 adeo
2686 4816 2831 4879 viles
2853 4825 2912 4879 et
2941 4814 3162 4896 abjecti
3193 4813 3564 4891 videbantur,
3604 4820 3674 4877 ut

275 4907 351 4970 ab
381 4907 665 4970 omnibus
696 4906 1170 4989 persecutionem
1199 4912 1542 4986 paterentur
1572 4912 1630 4967 et
1659 4904 2099 4980 occiderentur,
2136 4906 2314 4968 tantis
2343 4925 2410 4968 ac
2440 4905 2655 4968 talibus
2685 4905 2962 4985 dignetur
2992 4904 3188 4968 bonis.

356 5024 381 5054 I
439 4990 572 5057 "Ott
629 4999 908 5066 ἐπιστεύθη
953 4999 1011 5054 τὸ
1042 4997 1322 5075 μαρτύριον
1350 4997 1506 5071 ἡμῶν
1561 4993 1644 5077 ἐφ’
1687 4997 1822 5072 ὑμᾶς
1867 4995 1919 5054 ἐν

2086 4998 2131 5069 1,
2170 4995 2243 5059 10
2300 4996 2466 5070 Quod
2492 4995 2640 5075 ﬁdes
2667 4994 2878 5056 habita
2907 4994 2986 5056 sit
3036 4993 3378 5056 testimonio
3406 4994 3661 5071 ξηοδινο,

265 5094 337 5164 τῇ
391 5087 569 5166 ἡμέρα
624 5087 821 5163 ἐκείνῇ,
894 5087 966 5150 εἰς
1040 5087 1069 5142 ὃ
1132 5085 1222 5141 καὶ
1304 5085 1711 5164 προσευχόμεθα
1778 5085 1921 5143 πάν-

2018 5083 2606 5162 ergovosindieillo:
2642 5083 2721 5144 ad
2759 5083 2922 5164 quod
2951 5083 3135 5146 etiam
3159 5099 3408 5146 oramus
3425 5100 3666 5164 semper

267 5197 388 5232 τοτε
458 5177 575 5255 περὶ
627 5177 800 5250 ὑμῶν,
857 5173 950 5231 ’ίνα
1038 5175 1174 5250 ὑμᾶς
1263 5170 1462 5249 ἀξιώσῃ
1523 5178 1621 5240 τῆς
1678 5173 1922 5244 κλήσεως

2018 5193 2120 5254 pro
2136 5173 2328 5252 vobis,
2359 5171 3129 5252 utvosdignoshabeatista
3145 5173 3457 5236 vocatione
3503 5173 3666 5238 Deus

270 5267 300 5322 δ
330 5267 464 5328 Θεὸς
505 5266 681 5340 ἡμῶν,
715 5265 804 5320 καὶ
860 5261 1122 5343 πληρώσῃ
1175 5260 1273 5330 τῆς
1304 5267 1475 5326 πᾶςαν
1533 5259 1767 5319 εὒδοκίαν
1792 5263 1925 5342 ἁγα-

2018 5271 2295 5331 noster.et
2307 5262 2603 5342 compleat
2618 5279 2792 5324 omne
2803 5261 3025 5324 bonum
3036 5263 3415 5343 preposilum
3435 5261 3667 5327 bonita-

269 5355 515 5421 θωσύνης
590 5355 679 5410 καί
763 5351 916 5433 ἔργον
1006 5352 1234 5414 πίστεως
1319 5350 1375 5406 ἒν
1457 5348 1695 5426 δυνάμει,
1778 5350 1926 5416 ὅπως

2018 5353 2086 5415 lis
2099 5362 2309 5433 etopus
2319 5353 2462 5432 ﬁdei
2469 5369 2581 5432 per
2586 5353 3027 5432 potentiam,ut
3034 5352 3420 5435 gloriﬁcatur
3440 5371 3669 5418 nomen

272 5441 554 5509 ἐνδοξασθῆ
625 5444 688 5498 τὸ
742 5439 912 5518 ὄνομα
968 5451 1060 5502 τοῦ
1118 5442 1306 5520 Κυρίου
1382 5439 1538 5514 ἡμῶν
1597 5437 1774 5508 ἰησού
1872 5441 1928 5498 ἐν

2018 5442 2261 5506 Domini
2273 5445 2466 5506 nostri
2475 5445 2619 5506 Iesu
2633 5441 2864 5507 Christi
2875 5460 2987 5524 per
3003 5461 3127 5527 vos,
3149 5452 3207 5508 et
3227 5461 3331 5508 vos
3343 5443 3667 5528 perillum,

364 5610 385 5654 ι
426 5609 579 5675 Psal.
613 5625 769 5692 xcvi,
800 5610 859 5674 3.
