4140 6212
380 295 515 413 us

1500 339 1910 406 (ECUMENII
1951 335 2246 400 TBICC/E
2288 332 2625 399 EPISCOPI

3639 319 3755 384 116

366 485 555 562 juxta
583 483 852 562 gratiam
874 482 988 544 Dei
1006 483 1204 544 nostri
1227 487 1285 542 et
1312 477 1565 541 Domini
1585 474 1733 537 Jesu
1762 471 2018 562 Christi.
2043 523 2044 527 η

2135 485 2256 547 μτν,
2313 473 2400 527 καὶ
2452 473 2608 545 ὑμεῖς
2663 471 2718 526 ἐν
2770 471 2910 542 αὐτῷ
2965 467 3102 522 κατὰ
3133 466 3230 531 τὴν
3272 464 3430 543 χάριν
3474 469 3566 518 τοῦ
3625 463 3755 514 Θεοῦ

459 561 868 634 Admirandus
894 568 1216 632 habebitur
1244 569 1405 630 Deus
1443 564 1600 647 quod
1650 561 1801 625 ﬁdes
1833 561 2036 623 habita

380 659 457 722 sit
487 667 689 722 nostro
713 677 852 738 erga
892 678 993 720 vos
1015 657 1354 720 testimonio
1389 674 1458 716 ac
1504 650 1932 735 praedicationi.
1965 650 2034 712 Et

390 747 690 831 quomodo
721 766 792 809 ex
819 765 888 809 eo
907 746 1064 828 quod
1088 745 1202 825 ipsi
1232 743 1602 808 crediderint
1631 738 2036 831 praedicationi

393 826 625 911 eorum,
682 826 1065 898 admirandus
1112 831 1428 896 habebitur
1483 829 1692 893 Deus?
1740 829 1888 902 Quia
1916 826 2032 888 nisi

390 943 524 1000 nes,
585 924 796 1005 inquit,
843 922 1183 998 audissetis,
1236 939 1610 1003 nequaquam
1657 927 1818 980 tanta
1876 916 2032 978 bona

384 1011 808 1094 accepissetis:
872 1030 1049 1093 porro
1130 1030 1249 1073 non
1323 1009 1687 1092 accipientes
1748 1025 1817 1068 ea
1874 1005 2033 1066 bona

383 1119 754 1182 nequaquam
783 1119 988 1162 ansam
1016 1099 1357 1180 dedissetis,
1408 1108 1473 1160 ut
1515 1096 1944 1178 gloriﬁcaretur
1975 1101 2034 1155 et

383 1189 766 1252 admirationi
798 1188 1127 1252 haberetur
1155 1189 1423 1253 Christus
1472 1188 1547 1249 ob
1581 1204 1649 1249 ea
1679 1184 1893 1266 quibus
1927 1202 2032 1246 vos

385 1277 804 1358 gloriﬁcasset.
847 1304 869 1334 α
901 1280 966 1340 In
997 1277 1252 1340 dieillo.
1289 1301 1313 1334 ι
1370 1278 1436 1340 1η
1482 1295 1551 1337 eo
1599 1277 1698 1355 qui
1749 1283 1890 1336 tunc
1920 1271 2033 1334 erit

385 1367 504 1439 die,
544 1367 922 1429 manifestum
944 1367 1046 1428 ﬁet
1073 1366 1228 1448 quod
1254 1364 1838 1429 credideritisznunc
1870 1360 2031 1424 enim

387 1456 557 1520 multi
608 1475 844 1538 quoque
899 1455 1078 1517 ﬁdem
1133 1455 1437 1529 simulant,
1479 1482 1500 1513 ι
1533 1453 1606 1515 ad
1665 1451 1820 1534 quod
1854 1450 2032 1514 etiam

386 1564 650 1609 oramus.
688 1571 708 1599 ι
749 1547 814 1607 In
873 1545 987 1605 hoc
1040 1544 1259 1624 ipsum,
1319 1544 1531 1623 inquit,
1583 1558 1914 1623 precamur,
1965 1545 2035 1601 ut

391 1635 568 1698 etiam
597 1634 658 1695 in
689 1632 855 1696 vobis
888 1632 1256 1711 gloriﬁcetur
1277 1639 1335 1695 et
1352 1631 1728 1694 admirationi
1748 1629 2037 1692 habeatur

388 1724 564 1787 Deus.
597 1749 618 1780 ι
643 1722 834 1786 Utvos
857 1722 1066 1802 dignos
1088 1722 1303 1785 habeat
1341 1723 1450 1784 ista
1476 1719 1806 1782 vocatione.
1835 1745 1855 1774 ι
1883 1716 2035 1790 Quid

393 1811 553 1875 enim
587 1809 612 1872 ?
640 1830 714 1872 an
747 1829 868 1873 non
899 1821 1076 1874 erant
1110 1812 1233 1892 jam
1269 1810 1500 1874 vocati?
1541 1809 1784 1891 utique:
1831 1825 2040 1869 omnes

391 1918 654 1981 namque
677 1899 862 1961 vocati
889 1919 1119 1975 sumus,
1155 1897 1260 1962 sed
1283 1919 1405 1961 non
1432 1917 1640 1962 omnes
1669 1897 2043 1978 ingredimur

391 1990 573 2071 idque
604 1988 990 2051 manifestam
1011 1989 1278 2070 quinque
1299 1988 1603 2068 virginesQ,
1632 1996 1692 2050 et
1717 1987 1771 2048 is
1792 1986 1892 2067 qui
1917 2003 2045 2046 sor-

391 2077 535 2140 dida
561 2077 765 2139 habuit
791 2077 1203 2142 vestimentaS.
1253 2087 1410 2138 ειη
1435 2077 1817 2140 Vocationem
1844 2075 2042 2156 itaque

394 2166 539 2229 dicit
561 2184 691 2228 eam
715 2185 847 2248 qua;
861 2165 1380 2247 etiamingressum
1403 2166 1651 2229 haberet
1671 2165 1740 2227 ad
1743 2166 2037 2245 junctum,

395 2255 718 2318 Precamur
745 2264 968 2332 autem,
1000 2256 1104 2333 ait,
1139 2265 1204 2318 ut
1235 2256 1526 2337 compleat
1547 2255 1706 2316 Deus
1732 2272 1909 2315 omne
1933 2253 2044 2315 bo-

397 2364 540 2407 num
564 2364 704 2425 erga
732 2363 836 2409 vos
859 2345 1196 2408 consilium.
1221 2344 1545 2409 Consilium
1567 2362 1706 2405 vero
1726 2361 1794 2405 ac
1825 2361 2044 2423 propo-

399 2432 578 2495 situm
611 2433 720 2496 Dei
749 2444 862 2507 est,
899 2441 964 2494 ut
1013 2453 1223 2496 omnes
1280 2433 1556 2497 homines
1615 2431 1760 2495 salvi
1815 2433 1958 2493 ﬁant
1988 2438 2046 2493 et

398 2530 618 2584 aeterna
639 2529 1030 2603 assequentur
1046 2523 1223 2585 bona.
1247 2521 1578 2603 Complebit
1595 2529 1792 2583 autem
1815 2528 1872 2582 et
1897 2538 2043 2600 opus

400 2608 539 2670 ﬁdei
571 2609 632 2671 in
650 2609 816 2672 vobis
839 2628 944 2692 per
966 2612 1264 2692 propriam
1297 2613 1645 2693 potentiam.
1672 2611 1817 2672 Nam
1842 2629 1912 2672 ex
1930 2610 2042 2671 hoc

399 2697 547 2760 illud
577 2717 814 2780 quoque
842 2698 1244 2781 subsequitur.
1273 2699 1336 2764 Si
1358 2700 1518 2763 enim
1571 2700 1865 2780 compleat
1893 2715 2043 2779 opus

404 2785 542 2848 ﬁdei
571 2805 672 2848 vos
701 2785 1048 2867 perﬂciens,
1083 2788 1324 2850 omnino
1355 2807 1526 2851 suum
1559 2789 1737 2850 etiam
1771 2787 2047 2868 proposi-

403 2881 528 2938 tum
583 2874 928 2955 complebit.
983 2875 1401 2940 Animadverte
1462 2885 1657 2939 autem
1717 2876 1876 2954 quod
1927 2894 2046 2936 non

403 2962 627 3027 dixerit
656 2964 862 3041 ﬁdem,
893 2964 997 3027 sed
1030 2984 1177 3046 opus
1204 2966 1367 3029 ﬁdei.
1408 2985 1430 3016 ι
1461 2965 1912 3045 Utgloriﬁcetur
1932 2983 2045 3025 no-

406 3071 544 3114 men
579 3053 840 3116 Domini.
879 3079 900 3110 n
933 3055 992 3117 Si
1027 3057 1186 3116 enim
1208 3056 1331 3117 haec
1370 3055 1533 3128 ﬁant,
1579 3055 1772 3136 inquit
1799 3054 1953 3116 sicut
1983 3052 2045 3114 in

402 3140 627 3204 sanctis
656 3140 780 3202 suis
837 3141 1264 3220 gloriﬁcabitur
1314 3145 1494 3218 Deus,
1544 3143 2044 3225 quemadmodum

403 3229 679 3311 superius
708 3229 877 3305 dixit,
909 3231 991 3292 ita
1019 3239 1078 3292 et
1104 3230 1166 3292 in
1218 3231 1388 3294 vobis
1420 3253 1434 3294 :
1471 3232 1832 3313 gloriﬁcatur
1859 3232 2044 3306 enim,

401 3319 580 3381 veluti
611 3338 847 3401 quoque
895 3319 1169 3402 superius
1201 3321 1481 3399 diximus,
1537 3342 1671 3386 cum
1714 3322 1853 3384 talia
1893 3321 2051 3383 bona

403 3409 667 3489 impartit
698 3409 885 3470 servis
915 3411 1064 3473 suis.
1095 3409 1292 3492 Ipsius
1345 3430 1484 3474 vero
1517 3412 1692 3475 etiam
1717 3411 1906 3491 gloria
1936 3410 2048 3472 erit

403 3496 747 3578 hujusmodi
773 3497 946 3560 bonis
975 3499 1209 3562 donari.
1241 3499 1358 3562 Aut
1387 3501 1501 3563 hoc
1533 3500 1707 3562 modo
1739 3500 2005 3579 intellige
2031 3518 2046 3563 :

405 3585 468 3650 Si
497 3585 834 3667 impleverit
870 3607 1017 3668 opus
1074 3589 1216 3651 ﬁdei
1274 3604 1486 3652 vestrae
1543 3608 1649 3673 per
1701 3589 2047 3672 potentiam,

406 3676 519 3737 hoc
533 3683 643 3751 est,
671 3694 776 3756 per
797 3676 1172 3740 tolerantiam
1197 3678 2052 3759 aIﬁictionum,gloriﬁcabitur

405 3764 469 3825 in
488 3763 655 3826 vobis
669 3763 826 3844 quod
852 3774 1126 3845 potentes
1146 3767 1220 3829 ad
1261 3769 1374 3831 hoc
1389 3769 1616 3845 fecerit,
1647 3779 1704 3832 et
1747 3787 1958 3831 nervos
1978 3767 2051 3829 ad

411 3853 524 3940 hoc
543 3851 819 3940 tribuerit
846 3873 859 3913 :
889 3862 947 3915 et
966 3873 1068 3916 vos
1085 3858 1147 3916 in
1168 3855 1317 3939 Deo,
1344 3858 1501 3939 quod
1558 3859 1822 3940 vosipsos
1847 3858 2055 3938 dignos

409 3939 798 4002 exhibueritis
827 3941 1024 4003 divino
1055 3962 1258 4007 amore
1289 3954 1346 4008 et
1391 3947 1634 4009 auxilio.
1676 3939 1698 4008 ἐ
1723 3947 1894 4010 Juxta
1915 3965 2054 4026 gra-

408 4026 548 4089 tiam
577 4026 685 4088 Dei
709 4029 915 4093 nostri.
953 4062 974 4092 ι
1012 4032 1152 4093 Haec
1185 4032 1343 4096 enim
1375 4036 1574 4097 omnia
1621 4035 1838 4098 Christi
1869 4035 2056 4114 gratia

407 4125 520 4207 est.
554 4114 862 4207 Siquidem
888 4137 1007 4180 non
1037 4138 1261 4198 sumus,
1286 4123 1389 4199 ait,
1452 4124 1656 4188 iionei
1703 4126 1825 4186 sive
1867 4124 2052 4207 digni,

408 4204 514 4267 sed
547 4205 738 4285 gratia
767 4206 897 4287 ejus
928 4227 1034 4290 per
1055 4227 1166 4271 nos
1195 4213 1394 4275 omnia
1422 4214 1623 4280 efﬁcit.

1051 4299 1294 4364 CAPUT
1338 4302 1410 4366 II.

475 4382 557 4441 De
583 4384 694 4458 ﬁne
719 4385 950 4458 quierit
986 4392 1112 4458 post
1165 4389 1576 4452 Antichristum
1625 4395 1950 4454 mittendum
1982 4398 2058 4454 ad

405 4463 730 4602 gigantum
755 4464 1227 4542 redargutionem,
1256 4473 1353 4543 qui
1386 4473 1608 4532 Christo
1667 4491 1782 4532 non
1809 4477 2056 4536 credide-

487 4623 1021 4716 II,_1,2Rogamus
1048 4636 1254 4695 autem
1282 4651 1404 4710 vos,
1429 4636 1678 4713 fratres,
1701 4656 1808 4716 per
1833 4639 2057 4703 adven-

409 4721 537 4809 tum
560 4713 1016 4809 Domininostri
1039 4716 1189 4782 Iesu
1210 4720 1464 4800 Christi,
1489 4731 1547 4788 et
1567 4713 1767 4790 nostri
1795 4747 2055 4809 congre-

406 4803 710 4893 gationem
741 4805 808 4866 in
821 4807 1142 4888 ipsum,ne
1167 4811 1288 4874 cito
1317 4813 1800 4878 dimoveaminia
1830 4803 2050 4893 mente,

405 4909 482 4954 ne
539 4892 889 4972 turbemmi,
942 4915 1138 4980 neque
1178 4917 1290 4981 per
1345 4903 1651 4984 spiritum,
1720 4923 1907 4986 neque
1944 4927 2058 4990 per

404 4997 763 5075 sermonem,
795 5003 988 5066 neque
1030 5006 1150 5069 per
1192 4991 1507 5072 epistolam
1568 5002 1855 5075 tanquam
1884 4997 2057 5062 nobis

408 5071 781 5148 auctoribus,
811 5076 990 5153 quasi
1019 5079 1202 5141 instet
1227 5071 1354 5142 dies
1386 5079 1641 5145 Christi.

495 5165 657 5220 ιοι
688 5159 734 5225 Ο
767 5162 893 5227 laus
923 5165 1140 5228 eximia
1167 5175 1541 5232 sanctorum!
1588 5171 1861 5236 Ostendit
1892 5178 2054 5241 enim

409 5246 566 5347 quod
587 5256 657 5348 .et
686 5250 798 5348 ipsi
830 5273 964 5315 cum
996 5255 1230 5319 Christo
1254 5261 1771 5340 congregabuntur
1797 5266 2053 5328 utetiam

409 5339 728 5427 ipsi_simul
759 5360 895 5404 cum
919 5362 990 5406 eo
1021 5356 1364 5427 appareant,
1392 5359 1450 5412 et
1489 5339 1625 5415 inna
1644 5373 1776 5416 cum
1810 5374 1879 5418 eo
1903 5376 2052 5419 con-

411 5422 670 5523 veniant.
708 5455 730 5488 ι
762 5427 1018 5523 Necito,
1058 5422 1266 5507 3'Quid
1325 5447 1523 5502 autem
1557 5460 1832 5523 rogamus
1862 5465 1964 5509 vos
1993 5456 2053 5511 et

411 5512 840 5581 exhortamur?
865 5519 952 5583 Ne
981 5524 1124 5600 cito,
1155 5523 1347 5607 inquit
1405 5512 1747 5596 terreamini
1775 5553 1844 5597 ac
1877 5536 2048 5600 time-

489 5647 524 5701 ³
547 5647 752 5714 Matth.
785 5669 926 5730 xxv,
965 5656 986 5720 1
1023 5673 1192 5740 seqq.
1277 5660 1311 5712 ³
1337 5663 1539 5726 Matth.
1571 5681 1711 5746 χχιι,
1746 5668 1844 5734 12.

2115 563 2270 638 ἡμῶν
2297 561 2385 617 καὶ
2415 559 2600 639 Κυρίου
2633 555 2806 625 Ἰησοῦ
2851 561 3096 633 Χριστοῦ.
3133 574 3161 614 b

2198 634 2632 726 Θαυμασθήσεται
2690 645 2745 702 δὲ
2801 648 2829 703 6
2885 646 3036 720 Θεὸς,
3099 639 3281 709 ἐπειδὴ
3339 637 3617 703 ἐπιστεύθη
3672 634 3754 726 ὲφξ

2114 740 2250 815 ὑμᾶς
2314 724 2366 806 *ἡ
2419 735 2761 816 διαμαρτυρία
2817 735 2970 810 ἡμῶν
3043 733 3130 788 καὶ
3184 731 3246 786 16
3312 729 3580 808 κήρυγμα.
3623 724 3756 816 ΔΚαὶ

2116 834 2229 892 πῶς
2285 826 2343 883 ἐκ
2396 832 2489 881 τοῦ
2544 834 2817 883 πιστεῦσαι
2876 823 3060 884 αὐτοὺς
3090 827 3191 898 γ,τῷ
3241 820 3540 898 κηρύγματι
3585 813 3756 869 αῦτών

2116 915 2299 993 μέλλει
2357 918 2386 972 6
2443 917 2571 979 Θεὸς
2623 913 3017 991 θαυμάζεσθαι;
3085 893 3191 968 ’,Οτι
3250 893 3329 965 εἱ-
3363 893 3440 983 μὴ
3496 904 3755 993 ἠκούσατε

2114 991 2292 1086 ημῶν,
2325 1006 2506 1086 φησὶν,
2551 1005 2645 1060 οῦκ
2707 1000 2956 1079 ἐμέλλετε
2997 1000 3260 1058 τοσούτων
3315 997 3523 1075 ἀγαθῶν
3545 991 3759 1086 -ἀ-ξιρῦο

2113 1079 2253 1158 σθαι.
2451 1079 2766 1167 ἀξιούμενοι,
2839 1089 2916 1167 δέ,
2975 1091 3067 1147 οῦκ
3109 1090 3170 1146 ἃν
3213 1089 3471 1168 πρόφασιν
3541 1079 3757 1148 δοξολο-

2114 1185 2230 1264 γίας
2314 1185 2401 1240 καὶ
2455 1184 2719 1259 θαύματος
2775 1189 2851 1256 τῷ
2923 1187 3132 1260 Χριστῷ
3189 1176 3490 1256 παρέσχετε
3513 1169 3614 1264 ⁸ἐφ’
3670 1172 3757 1264 oi:

2113 1259 2248 1349 ῦμᾶς
2291 1271 2553 1339 ἐδόξασεν.
2607 1290 2632 1327 (ι
2669 1269 2756 1329 Ἐν
2810 1275 2880 1347 τῇ
2934 1259 3107 1346 ἡμέρᾳ
3177 1266 3373 1342 ἐκεινῇ,
3425 1288 3451 1318 ιι
3513 1260 3602 1319 Ἐν
3659 1259 3758 1336 γὰρ

2112 1369 2180 1438 τῇ
2235 1364 2354 1418 τότε
2411 1360 2585 1439 ἡμέρᾳ
2626 1363 2904 1440 γενήσεται
2953 1358 3173 1439 φανερὸν
3258 1355 3338 1411 ὅτε
3392 1350 3756 1410 ἐπιστεύσατε.

2115 1463 2218 1512 Νῦν
2260 1453 2360 1532 γὰρ
2413 1451 2602 1508 πολλοί
2644 1452 2732 1506 καὶ
2785 1451 3152 1528 ὑποκρίνονται
3201 1449 3299 1514 τὴν
3345 1445 3544 1503 πίστιν.
3597 1463 3622 1496 α
3673 1439 3760 1503 Εἷς

2115 1541 2144 1597 ὅ
2185 1542 2273 1598 καὶ
2315 1541 2743 1620 προσευχόμεθα.
2788 1562 2809 1593 ι
2867 1539 2953 1602 Et;
3016 1544 3169 1594 τοῦτο
3217 1536 3367 1606 αὐτὸ,
3416 1533 3569 1612 φησὶ,
3600 1549 3762 1608 προσ-

2118 1630 2407 1710 ευχόμεθα,
2443 1626 2558 1710 ἕνα
2612 1629 2700 1684 καὶ
2756 1627 2808 1683 ἐν
2870 1627 2997 1702 ὑμῖν
3053 1623 3275 1700 δοξασθῇ
3321 1623 3408 1679 καὶ
3485 1622 3760 1696 θαυμλσθῇ

2121 1723 2148 1777 6
2175 1699 2326 1783 δεδς.
2367 1699 2405 1774 ιι.
2443 1699 2547 1775 Ἵνα
2601 1719 2732 1793 ὑμᾶς
2775 1699 2973 1794 ἀξιώσῃ
3013 1720 3112 1782 τῆς
3161 1699 3435 1775 χλώσεως.
3472 1733 3496 1767 ι
3529 1712 3589 1769 Ti
3617 1710 3758 1788 γάρ;

2122 1813 2216 1868 οὒκ
2242 1809 2378 1876 ἦσαν
2430 1805 2794 1886 κακλημένοις
2855 1806 2959 1863 ναί.
3015 1805 3113 1863 Καὶ
3163 1804 3262 1882 γὰρ
3319 1802 3512 1865 πάντες
3568 1798 3763 1867 κεκλή-

2124 1902 2278 1978 μεθα,
2339 1895 2455 1953 ἀλλ’
2517 1895 2576 1953 οῦ
2631 1896 2826 1958 πάντες
2883 1894 3252 1974 εἰσερχόμεθα.
3300 1892 3398 1950 Καὶ
3454 1897 3608 1948 τοῦτο
3658 1887 3761 1955 δη-

2124 1987 2299 2044 λοῦσιν
2331 1989 2382 2042 αἱ
2424 1985 2581 2042 πέντε
2633 1984 2903 2061 παρθένοι,
2949 1985 3038 2038 καὶ
3106 1985 3134 2038 6
3202 1983 3269 2038 τὰ
3339 1981 3540 2059 ρυπαρα
3581 1979 3765 2054 ἱμάτια

2126 2075 2292 2156 ἔχων.
2330 2074 2531 2142 Κλῆσιν
2575 2073 2663 2130 οῦν
2705 2095 2858 2151 φησι,
2899 2073 2998 2140 τὴν
3040 2073 3129 2128 καὶ
3170 2072 3232 2126 16
3290 2067 3540 2125 εἰσελθεῖν
3596 2067 3763 2148 ἔχου-

2125 2187 2245 2224 σαν.
2279 2162 2558 2243 Εῦχόμεθα
2587 2159 2640 2217 δέ
2689 2184 2872 2241 φησιν,
2930 2159 3023 2215 ἵνα
3078 2157 3338 2237 πληρώσῃ
3379 2163 3550 2213 πᾶσαν
3609 2159 3768 2214 αὐτοῦ

2125 2255 2223 2321 τὴν
2283 2251 2484 2331 ἀγαθὴν
2527 2249 2722 2326 βουλὴν
2777 2251 2849 2314 εἰς
2906 2251 3044 2326 ὑμᾶς
3074 2251 3102 2306 6
3159 2247 3311 2311 Θεός.
3357 2245 3530 2314 Βουλὴ
3584 2244 3638 2302 δὲ
3678 2246 3767 2300 καὶ

2127 2340 2333 2400 εὐδοκία
2417 2346 2568 2413 Θεοῦ,
2655 2340 2715 2395 τὸ
2770 2339 2970 2402 πάντας
3025 2337 3328 2415 ἀνθρώπους
3392 2339 3623 2403 σωθῆναι
3677 2334 3768 2390 καὶ

2126 2437 2232 2487 τῶν
2274 2430 2496 2487 αἰωνίων
2539 2442 2726 2508 τυχεῖν
2782 2427 3014 2506 ἀγαθῶν,
3063 2425 3340 2505 Πληρώσει
3388 2422 3445 2480 δὲ
3488 2425 3577 2480 καὶ
3617 2422 3767 2502 ἔργον

2125 2520 2350 2582 πίστεως
2381 2517 2433 2575 ἐν
2481 2519 2634 2595 ὑμῖν,
2694 2517 2749 2573 ἐν
2806 2523 2876 2594 τῇ
2933 2517 3096 2588 οἰγείᾳ
3148 2513 3386 2590 δυνάμει,
3446 2520 3610 2572 Τοῦτο
3666 2513 3765 2591 γὰρ

2124 2607 2321 2666 ἐκείνου
2363 2608 2673 2687 γεννητικόν
2731 2606 2893 2668 ἐστιν.
2943 2603 3067 2663 Ἐὰν
3117 2607 3216 2685 γὰρ
3258 2603 3516 2684 πληρώσῃ
3567 2605 3628 2659 16
3678 2601 3766 2680 ἕρ-

2123 2721 2216 2776 γον
2273 2698 2498 2762 πίστεως
2576 2699 2711 2772 ὑμᾶς
2789 2693 3110 2768 ἐπιτελέσαι,
3169 2693 3381 2758 πάντως
3451 2695 3608 2751 αὐτοῦ
3681 2691 3768 2747 καὶ

2129 2791 2226 2858 τὴν
2257 2789 2489 2847 εὐδοκίαν
2546 2788 2839 2868 πληρώσει.
2903 2777 3047 2867 υΟρα
3103 2785 3182 2867 δὲ,
3240 2786 3336 2842 οῦκ
3389 2790 3511 2842 εἷπε
3568 2785 3766 2861 πίστιν,

2129 2879 2247 2936 ἀλλ’
2293 2879 2440 2958 ἔργον
2468 2864 2717 2941 πίστεως.
2776 2902 2799 2932 ιι
2855 2864 3049 2941 υΟπως
3120 2864 3398 2950 ἐνδοξασθῇ
3466 2875 3527 2930 τὸ
3569 2871 3766 2935 ὅνοομα

2127 2976 2218 3025 τοῦ
2251 2970 2459 3048 Κυρίου,
2521 2987 2551 3028 )
2603 2969 2661 3024 EI
2711 2967 2810 3046 γὰρ
2851 2975 3014 3026 ταῦτα
3066 2964 3310 3045 γένηται.
3357 2964 3537 3044 φησὶν,
3590 2961 3768 3039 ὥσπερ

2129 3055 2183 3113 ἐν
2249 3071 2365 3122 τοῖς
2414 3058 2583 3135 ἁγίοις
2634 3057 2789 3113 αὐτοῦ
2833 3054 3262 3126 ἐνδοξασθήσεται
3307 3055 3334 3109 6
3380 3054 3534 3124 Θεὸς,
3597 3052 3768 3113 καθὼς

2131 3145 2239 3202 ἅνω
2295 3147 2470 3226 εἶπεν,
2529 3145 2692 3208 οὕτως
2731 3147 2818 3202 καὶ
2860 3144 2915 3200 ἐν
2963 3147 3108 3220 ὑμῖν.
3163 3142 3439 3214 Δοξάζεται
3488 3142 3609 3220 γὰρ,
3665 3162 3767 3196 κα-

2130 3237 2232 3300 θὼς
2261 3237 2349 3291 καὶ
2413 3235 2521 3291 ἄνω
2581 3234 2827 3315 εἴπομεν,
2873 3234 3120 3291 τοιούτων
3177 3231 3334 3297 ἀξιῶν
3376 3231 3496 3294 τοὺς
3554 3227 3766 3292 δούλους

2133 3324 2440 3400 αῦτοῦηιιίαὶ
2472 3336 2654 3386 αυτοῖς
2705 3321 2759 3378 δὲ
2817 3319 2936 3387 δόξα
2992 3320 3158 3400 ἔσται,
3192 3321 3253 3376 τὸ
3307 3320 3559 3376 τοιούτων
3601 3316 3766 3384 ἠξιῶ-

2134 3418 2274 3476 σθαι.
2317 3393 2376 3471 ,II
2427 3411 2594 3476 οὕτως
2642 3412 2833 3479 νόησον
2866 3428 2880 3441 ·
2939 3414 2998 3468 Εἰ
3051 3408 3322 3488 πληρώσει
3377 3412 3438 3464 16
3493 3407 3642 3486 ἔργον
3674 3407 3770 3474 τῆς

2137 3507 2362 3566 πίστεως
2430 3504 2578 3577 ὑμῶν
2633 3500 2686 3558 ἐν
2785 3499 3020 3576 δυνάμει,
3089 3498 3376 3574 τουτέστιν,
3425 3497 3479 3553 ἐν
3529 3499 3770 3572 ὑπομονῇ

2132 3597 2459 3671 πειρασμῶν,
2503 3588 2875 3659 δοξασθήσεται
2929 3590 2957 3644 6
3008 3589 3135 3652 Θεὸς
3193 3587 3244 3643 ἐν
3294 3588 3445 3663 ὑμῖν,
3498 3584 3579 3642 ὅτι
3607 3582 3766 3640 δονα-

2133 3681 2251 3744 τοὺς
2322 3679 2616 3746 κατέστησε
2667 3680 2797 3755 πρὸς
2843 3679 2998 3733 τοῦτο
3045 3677 3134 3732 καὶ
3180 3675 3454 3756 ἐνεύρωσε,
3487 3676 3574 3730 καὶ
3613 3675 3768 3749 ὑμεῖς

2138 3768 2190 3824 ἐν
2218 3776 2295 3843 τῷ
2351 3776 2486 3844 Θεῷ,
2550 3768 2631 3824 ὅτι
2674 3765 2842 3833 ἀξίους
2899 3764 3121 3832 ἐδείξατε
3185 3765 3396 3828 ἑαυτοὺς
3465 3768 3562 3832 τῆς
3630 3764 3769 3826 θείας

2135 3859 2348 3936 ἀγάπης
2405 3859 2493 3914 καὶ
2535 3857 2853 3937 ἐπικουρίας.
2915 3876 2939 3911 ι
2974 3857 3121 3914 Κατὰ
3167 3856 3262 3924 τὴν
3310 3855 3467 3934 χάριν
3510 3861 3602 3911 τοῦ
3643 3859 3774 3908 Θεοῦ

2135 3950 2314 4024 ἡμῶν.
2347 3966 2378 4007 )
2448 3947 2608 4027 Χάρις
2657 3947 2756 4026 γὰρ
2802 3955 2965 4004 ταῦτα
3007 3944 3179 4001 πάντα
3249 3950 3496 4022 Χριστοῦ.
3547 3943 3619 4001 Οῦ
3670 3941 3772 4019 γὰρ

2134 4038 2318 4114 ἡμεῖς,
2353 4037 2505 4116 φησὶ,
2563 4037 2692 4114 πρὸς
2737 4035 2900 4092 ταύτά
2954 4033 3113 4110 ἐσμεν
3167 4036 3334 4091 ἱκανοὶ
3376 4033 3412 4102 ἢ
3467 4031 3621 4112 ἄξιοι,
3651 4029 3773 4086 ἀλλ’

2135 4129 2170 4196 ἡ
2213 4127 2370 4208 χάρις
2413 4127 2570 4185 αὐτοῦ
2594 4122 2661 4181 δι’
2690 4126 2848 4201 ἡμῶν
2877 4124 3049 4180 πάντα
3078 4127 3347 4204 κατορθοῖ.

2080 4326 2118 4374 ο
2773 4309 3021 4366 ΚΕΦΑΛ.
3055 4310 3118 4362 B.

2143 4417 2171 4449 ιι
2205 4394 2351 4472 Περὶ,
2414 4391 2616 4466 τέλους,
2691 4391 2771 4473 ὅτι
2847 4393 3002 4473 μετὰ,
3042 4391 3408 4473 Ἀντίχριστον
3492 4394 3582 4449 τὸν
3637 4414 3773 4467 πεμ-

2217 4471 2448 4549 πόμενον
2520 4473 2604 4530 ἐπὶ
2693 4472 2907 4554 ἐλέγχῳ
2991 4471 3278 4554 Ἰουδαίων,
3366 4473 3774 4540 ἀπιστησάντων

2217 4560 2446 4631 Χριστῷ.
2500 4576 2522 4609 ε

2223 4666 2247 4698 ιι
2297 4639 2609 4722 Ἐρωτῶμεν
2665 4641 2718 4698 δὲ
2761 4644 2918 4718 ὑμᾶς,
2964 4639 3196 4723 ἀδελφοὶ,
3241 4642 3370 4721 ὑπὲρ
3410 4645 3508 4710 τῆς
3571 4664 3776 4721 παρου-

2139 4733 2251 4796 σίας
2306 4739 2398 4789 τοῦ
2469 4732 2653 4811 Κυρίου
2713 4734 2870 4808 ἡμῶν
2942 4730 3118 4798 Ἰησοῦ
3175 4737 3398 4811 Χριστοῦ
3467 4733 3554 4788 καὶ
3621 4733 3779 4805 ἡμῶν

2137 4823 2539 4902 ἐπισυναγι-ιγῆς
2569 4820 2653 4879 ἐπ’
2685 4823 2862 4884 αὗτὸν,
2895 4823 2968 4884 εἷς
2997 4822 3057 4877 τὸ
3086 4821 3164 4897 μὴ
3219 4819 3432 4901 ταχέως
3464 4819 3775 4892 σαλευθῆναι

2135 4915 2270 4989 ὑμᾶς
2300 4913 2404 4970 ἀπὸ
2460 4919 2552 4968 τοῦ
2601 4914 2744 4992 νοὸς,
2803 4913 2940 4988 μήτε
2993 4914 3256 4991 θροεῖσθαι
3299 4907 3384 4966 διὰ
3451 4911 3775 4987 πνεύματος,

2138 5003 2274 5078 μήτε
2332 5000 2416 5058 διὰ
2468 5000 2648 5080 λόγου,
2695 5003 2831 5076 μήτε
2881 4997 2948 5055 δι’
2991 4997 3277 5067 ἐπιστολῆς
3357 4999 3430 5062 ὡς
3475 4997 3542 5054 δι’
3594 4999 3772 5076 ἡμῶν,

2138 5093 2208 5157 ὡς
2241 5090 2320 5147 ὅτι
2349 5090 2628 5157 ἐνέστηκεν
2655 5091 2691 5158 ἡ
2729 5088 2903 5167 ἡμέρα
2931 5096 3023 5146 τοῦ
3056 5095 3305 5168 Χριστοῦ.
3341 5111 3368 5143 ιι

2221 5168 2284 5235 Ὠ
2315 5179 2576 5258 ἐγκώμιον
2606 5186 2709 5234 τῶν
2767 5179 2967 5258 ἁγίωνί
3021 5174 3176 5243 ἔδειξε
3229 5177 3328 5256 γὰρ
3383 5174 3463 5232 ὅτι
3515 5177 3602 5232 καὶ
3633 5178 3781 5232 αὖτοὶ

2140 5269 2648 5349 ἐπισυναχθήσονται
2706 5274 2782 5343 τῷ
2855 5274 3086 5346 Χριστῷ,
3145 5268 3217 5332 ὡς
3287 5267 3375 5322 καὶ
3417 5265 3605 5328 αὐτοὺς
3657 5265 3777 5339 μετ’

2135 5365 2292 5420 αὐτοῦ
2341 5360 2631 5440 ιραίνεσθαι,
2703 5361 2790 5415 καὶ
2847 5359 2958 5435 ἅμα
3014 5359 3156 5433 αύτῷ
3225 5357 3509 5438 συνῆχθαι.
3558 5357 3643 5421 Εἰς
3687 5357 3771 5428 16,

2139 5477 2163 5506 ιι
2198 5451 2286 5518 Μὴ
2317 5448 2552 5529 ταχέως,
2588 5468 2615 5508 ι
2665 5450 2725 5507 Τί
2777 5446 2831 5504 δὲ
2875 5446 3156 5528 ἐρωτῶμεν
3209 5449 3345 5522 ὑμᾶς
3400 5447 3486 5502 καὶ
3529 5467 3780 5525 παρακα-

2132 5540 2366 5620 λοῦμενς
2429 5539 2514 5603 Εἰς
2569 5539 2628 5593 16
2684 5540 2762 5613 μὴ
2821 5535 3056 5620 ταχέως,
3115 5538 3266 5620 φησί,
3324 5533 3638 5605 σαλευθῆναι
3669 5534 3779 5593 ἀπὸ
