  <div class='ocr_page' id='page_1' title='image "/cluster/home/n/w/nwhite01/storage/ocr_20150623/119/hvd.32044073502494/066.png"; bbox 0 0 4140 6212; ppageno 0'>
   <div class='ocr_carea' id='block_1_1' title="bbox 235 348 347 411">
    <p class='ocr_par' dir='ltr' id='par_1_1' title="bbox 235 348 347 411">
     <span class='ocr_line' id='line_1_1' title="bbox 235 348 347 411; baseline 0.009 -1"><span class='ocrx_word' id='word_1_1' title='bbox 235 348 347 411; x_wconf 79' lang='grc'><strong>117</strong></span> 
     </span>
    </p>
   </div>
   <div class='ocr_carea' id='block_1_2' title="bbox 1203 341 2632 416">
    <p class='ocr_par' dir='ltr' id='par_1_2' title="bbox 1203 341 2632 416">
     <span class='ocr_line' id='line_1_2' title="bbox 1203 341 2632 416; baseline -0.008 0"><span class='ocrx_word' id='word_1_2' title='bbox 1203 350 1596 416; x_wconf 83' lang='lat' dir='ltr'><strong>COMMENT.</strong></span> <span class='ocrx_word' id='word_1_3' title='bbox 1645 348 1726 410; x_wconf 87' lang='lat' dir='ltr'><strong>IN</strong></span> <span class='ocrx_word' id='word_1_4' title='bbox 1773 341 2013 406; x_wconf 86' lang='lat' dir='ltr'><strong>EPIST.</strong></span> <span class='ocrx_word' id='word_1_5' title='bbox 2061 341 2085 404; x_wconf 82' lang='grc' dir='ltr'>Ι</span> <span class='ocrx_word' id='word_1_6' title='bbox 2127 346 2231 408; x_wconf 84' lang='lat' dir='ltr'><strong>AD</strong></span> <span class='ocrx_word' id='word_1_7' title='bbox 2272 343 2632 408; x_wconf 87' lang='lat' dir='ltr'><strong>THESSAL.</strong></span> 
     </span>
    </p>
   </div>
   <div class='ocr_carea' id='block_1_3' title="bbox 3506 334 3620 402">
    <p class='ocr_par' dir='ltr' id='par_1_3' title="bbox 3506 334 3620 402">
     <span class='ocr_line' id='line_1_3' title="bbox 3506 334 3620 402; baseline 0 -1"><span class='ocrx_word' id='word_1_8' title='bbox 3506 334 3620 402; x_wconf 85' lang='grc'><strong>118</strong></span> 
     </span>
    </p>
   </div>
   <div class='ocr_carea' id='block_1_4' title="bbox 230 468 1882 566">
    <p class='ocr_par' dir='ltr' id='par_1_4' title="bbox 230 484 1882 566">
     <span class='ocr_line' id='line_1_4' title="bbox 230 484 1882 566; baseline 0.006 -29"><span class='ocrx_word' id='word_1_9' title='bbox 230 490 318 538; x_wconf 82' lang='grc' dir='ltr'>τοὺ</span> <span class='ocrx_word' id='word_1_10' title='bbox 346 484 496 558; x_wconf 87' lang='grc' dir='ltr'>νοὸς,</span> <span class='ocrx_word' id='word_1_11' title='bbox 529 486 784 560; x_wconf 80' lang='grc' dir='ltr'>τουτέστι,</span> <span class='ocrx_word' id='word_1_12' title='bbox 829 489 1143 566; x_wconf 75' lang='grc' dir='ltr'>ταραχθῆνα</span> <span class='ocrx_word' id='word_1_13' title='bbox 1227 487 1314 541; x_wconf 86' lang='grc' dir='ltr'>καὶ</span> <span class='ocrx_word' id='word_1_14' title='bbox 1361 485 1660 566; x_wconf 64' lang='grc' dir='ltr'>φοῗηθῆναι</span> <span class='ocrx_word' id='word_1_15' title='bbox 1690 490 1750 546; x_wconf 85' lang='grc' dir='ltr'><strong>ἐκ</strong></span> <span class='ocrx_word' id='word_1_16' title='bbox 1793 490 1882 553; x_wconf 67' lang='grc' dir='ltr'>τῆς</span> 
     </span>
    </p>
   </div>
   <div class='ocr_carea' id='block_1_5' title="bbox 1969 468 3608 566">
    <p class='ocr_par' dir='ltr' id='par_1_5' title="bbox 1975 468 3608 566">
     <span class='ocr_line' id='line_1_5' title="bbox 1975 468 3608 566; baseline -0.003 -30"><span class='ocrx_word' id='word_1_17' title='bbox 1975 473 2086 536; x_wconf 87' lang='lat' dir='ltr'><strong>atis</strong></span> <span class='ocrx_word' id='word_1_18' title='bbox 2117 492 2186 538; x_wconf 85' lang='lat' dir='ltr'><strong>ex</strong></span> <span class='ocrx_word' id='word_1_19' title='bbox 2229 474 2563 554; x_wconf 78' lang='lat' dir='ltr'><strong>ignorantia</strong></span> <span class='ocrx_word' id='word_1_20' title='bbox 2607 485 2668 537; x_wconf 91' lang='lat' dir='ltr'><strong>et</strong></span> <span class='ocrx_word' id='word_1_21' title='bbox 2719 473 2932 566; x_wconf 81' lang='lat' dir='ltr'><strong>timore</strong></span> <span class='ocrx_word' id='word_1_22' title='bbox 2990 472 3227 536; x_wconf 89' lang='lat' dir='ltr'><strong>mentis.</strong></span> <span class='ocrx_word' id='word_1_23' title='bbox 3280 468 3608 566; x_wconf 83' lang='lat' dir='ltr'><strong>Sciendum</strong></span> 
     </span>
    </p>
   </div>
   <div class='ocr_carea' id='block_1_6' title="bbox 234 572 1886 657">
    <p class='ocr_par' dir='ltr' id='par_1_6' title="bbox 234 572 1886 657">
     <span class='ocr_line' id='line_1_6' title="bbox 234 572 1886 657; baseline 0.003 -29"><span class='ocrx_word' id='word_1_24' title='bbox 234 572 323 628; x_wconf 78' lang='grc' dir='ltr'><strong>τοῦ</strong></span> <span class='ocrx_word' id='word_1_25' title='bbox 366 582 459 633; x_wconf 83' lang='grc' dir='ltr'><strong>νοῦ</strong></span> <span class='ocrx_word' id='word_1_26' title='bbox 523 573 739 652; x_wconf 75' lang='grc' dir='ltr'>ἀγνοίας</span> <span class='ocrx_word' id='word_1_27' title='bbox 803 577 892 631; x_wconf 85' lang='grc' dir='ltr'><strong>καὶ</strong></span> <span class='ocrx_word' id='word_1_28' title='bbox 947 573 1160 639; x_wconf 81' lang='grc' dir='ltr'>δειλίας.</span> <span class='ocrx_word' id='word_1_29' title='bbox 1222 572 1418 632; x_wconf 85' lang='grc' dir='ltr'>Ἰστέον</span> <span class='ocrx_word' id='word_1_30' title='bbox 1467 576 1567 657; x_wconf 75' lang='grc' dir='ltr'>γὰρ</span> <span class='ocrx_word' id='word_1_31' title='bbox 1611 576 1690 634; x_wconf 78' lang='grc' dir='ltr'>ὅτι</span> <span class='ocrx_word' id='word_1_32' title='bbox 1747 578 1886 642; x_wconf 74' lang='grc' dir='ltr'>τινὲς</span> 
     </span>
    </p>
   </div>
   <div class='ocr_carea' id='block_1_7' title="bbox 231 660 1883 746">
    <p class='ocr_par' dir='ltr' id='par_1_7' title="bbox 231 660 1883 746">
     <span class='ocr_line' id='line_1_7' title="bbox 231 660 1883 746; baseline 0.005 -32"><span class='ocrx_word' id='word_1_33' title='bbox 231 660 499 736; x_wconf 74' lang='grc' dir='ltr'>λυμεῶνες</span> <span class='ocrx_word' id='word_1_34' title='bbox 567 663 902 744; x_wconf 68' lang='grc' dir='ltr'><strong>ἀνεφάνησαν</strong></span> <span class='ocrx_word' id='word_1_35' title='bbox 934 663 1057 742; x_wconf 85' lang='grc' dir='ltr'>παρ’</span> <span class='ocrx_word' id='word_1_36' title='bbox 1105 665 1320 729; x_wconf 73' lang='grc' dir='ltr'>αὖτοϊς,</span> <span class='ocrx_word' id='word_1_37' title='bbox 1391 665 1681 745; x_wconf 72' lang='grc' dir='ltr'><strong>φάσκοντες</strong></span> <span class='ocrx_word' id='word_1_38' title='bbox 1765 665 1883 746; x_wconf 75' lang='grc' dir='ltr'>ἐφι-</span> 
     </span>
    </p>
   </div>
   <div class='ocr_carea' id='block_1_8' title="bbox 234 750 1882 835">
    <p class='ocr_par' dir='ltr' id='par_1_8' title="bbox 234 750 1882 835">
     <span class='ocr_line' id='line_1_8' title="bbox 234 750 1882 835; baseline 0.004 -29"><span class='ocrx_word' id='word_1_39' title='bbox 234 751 419 806; x_wconf 69' lang='grc' dir='ltr'>στέναι</span> <span class='ocrx_word' id='word_1_40' title='bbox 447 753 550 820; x_wconf 74' lang='grc' dir='ltr'><strong>τὴν</strong></span> <span class='ocrx_word' id='word_1_41' title='bbox 607 753 812 828; x_wconf 73' lang='grc' dir='ltr'>ἡμέραν</span> <span class='ocrx_word' id='word_1_42' title='bbox 868 754 968 819; x_wconf 75' lang='grc' dir='ltr'>τῆς</span> <span class='ocrx_word' id='word_1_43' title='bbox 1022 750 1266 831; x_wconf 84' lang='grc' dir='ltr'>δευτέρας</span> <span class='ocrx_word' id='word_1_44' title='bbox 1323 763 1416 812; x_wconf 84' lang='grc' dir='ltr'><strong>τοῦ</strong></span> <span class='ocrx_word' id='word_1_45' title='bbox 1472 762 1699 832; x_wconf 76' lang='grc' dir='ltr'><strong>Χριστοῦ</strong></span> <span class='ocrx_word' id='word_1_46' title='bbox 1753 779 1882 835; x_wconf 84' lang='grc' dir='ltr'>παρ-</span> 
     </span>
    </p>
   </div>
   <div class='ocr_carea' id='block_1_9' title="bbox 235 841 1886 920">
    <p class='ocr_par' dir='ltr' id='par_1_9' title="bbox 235 841 1886 920">
     <span class='ocr_line' id='line_1_9' title="bbox 235 841 1886 920; baseline 0.003 -24"><span class='ocrx_word' id='word_1_47' title='bbox 235 841 437 912; x_wconf 84' lang='grc' dir='ltr'>ουσίας,</span> <span class='ocrx_word' id='word_1_48' title='bbox 511 843 601 897; x_wconf 80' lang='grc' dir='ltr'><strong>καὶ</strong></span> <span class='ocrx_word' id='word_1_49' title='bbox 655 841 864 920; x_wconf 76' lang='grc' dir='ltr'>ἐθρόουν</span> <span class='ocrx_word' id='word_1_50' title='bbox 921 842 1107 904; x_wconf 66' lang='grc' dir='ltr'>αὖτοὺς</span> <span class='ocrx_word' id='word_1_51' title='bbox 1207 843 1295 897; x_wconf 83' lang='grc' dir='ltr'><strong>καὶ</strong></span> <span class='ocrx_word' id='word_1_52' title='bbox 1369 841 1615 908; x_wconf 84' lang='grc' dir='ltr'>ἐπτόουν,</span> <span class='ocrx_word' id='word_1_53' title='bbox 1677 844 1814 902; x_wconf 70' lang='grc' dir='ltr'>Εἶτα</span> <span class='ocrx_word' id='word_1_54' title='bbox 1858 847 1886 901; x_wconf 87' lang='lat'><strong>6</strong></span> 
     </span>
    </p>
   </div>
   <div class='ocr_carea' id='block_1_10' title="bbox 238 928 1886 1014">
    <p class='ocr_par' dir='ltr' id='par_1_10' title="bbox 238 928 1886 1014">
     <span class='ocr_line' id='line_1_10' title="bbox 238 928 1715 991; baseline 0.004 -7"><span class='ocrx_word' id='word_1_55' title='bbox 238 928 446 991; x_wconf 81' lang='grc' dir='ltr'>Παῦλος</span> <span class='ocrx_word' id='word_1_56' title='bbox 503 931 608 986; x_wconf 63' lang='grc' dir='ltr'>τότ</span> <span class='ocrx_word' id='word_1_57' title='bbox 718 930 829 952; x_wconf 68' lang='grc'><strong>“”</strong></span> <span class='ocrx_word' id='word_1_58' title='bbox 1071 929 1192 988; x_wconf 79' lang='grc' dir='ltr'><strong>’λ’</strong></span> <span class='ocrx_word' id='word_1_59' title='bbox 1357 931 1382 952; x_wconf 71' lang='grc'><strong>’⁷</strong></span> <span class='ocrx_word' id='word_1_60' title='bbox 1488 932 1610 964; x_wconf 68' lang='lat'><strong>“-’</strong></span> <span class='ocrx_word' id='word_1_61' title='bbox 1690 940 1715 970; x_wconf 53' lang='grc' dir='ltr'><strong>π</strong></span> 
     </span>
     <span class='ocr_line' id='line_1_11' title="bbox 453 933 1886 1014; baseline 0.003 -28"><span class='ocrx_word' id='word_1_62' title='bbox 453 977 469 1004; x_wconf 91' lang='grc'><strong>,</strong></span> <span class='ocrx_word' id='word_1_63' title='bbox 529 967 543 986; x_wconf 75' lang='lat'><strong>.</strong></span> <span class='ocrx_word' id='word_1_64' title='bbox 587 953 635 987; x_wconf 72' lang='grc' dir='ltr'>..ε</span> <span class='ocrx_word' id='word_1_65' title='bbox 676 953 772 1007; x_wconf 89' lang='grc' dir='ltr'><strong>μεν</strong></span> <span class='ocrx_word' id='word_1_66' title='bbox 805 952 974 1000; x_wconf 84' lang='grc' dir='ltr'>εσται,</span> <span class='ocrx_word' id='word_1_67' title='bbox 1037 953 1095 986; x_wconf 84' lang='grc' dir='ltr'><strong>ου</strong></span> <span class='ocrx_word' id='word_1_68' title='bbox 1171 953 1302 1008; x_wconf 87' lang='grc' dir='ltr'>εγει,</span> <span class='ocrx_word' id='word_1_69' title='bbox 1355 953 1434 987; x_wconf 82' lang='grc' dir='ltr'><strong>οτι</strong></span> <span class='ocrx_word' id='word_1_70' title='bbox 1479 943 1534 989; x_wconf 70' lang='grc' dir='ltr'>οι</span> <span class='ocrx_word' id='word_1_71' title='bbox 1562 955 1621 989; x_wconf 86' lang='grc' dir='ltr'><strong>ου</strong></span> <span class='ocrx_word' id='word_1_72' title='bbox 1661 957 1747 990; x_wconf 63' lang='grc' dir='ltr'><strong>νον</strong></span> <span class='ocrx_word' id='word_1_73' title='bbox 1787 933 1886 1014; x_wconf 80' lang='grc' dir='ltr'>ἐφ-</span> 
     </span>
    </p>
   </div>
   <div class='ocr_carea' id='block_1_11' title="bbox 237 1018 1880 1100">
    <p class='ocr_par' dir='ltr' id='par_1_11' title="bbox 237 1018 1880 1100">
     <span class='ocr_line' id='line_1_12' title="bbox 237 1018 1880 1100; baseline 0.004 -26"><span class='ocrx_word' id='word_1_74' title='bbox 237 1018 459 1085; x_wconf 80' lang='grc' dir='ltr'>έστηκεν</span> <span class='ocrx_word' id='word_1_75' title='bbox 506 1019 863 1095; x_wconf 65' lang='grc' dir='ltr'>ἀποδεικνῦσι,</span> <span class='ocrx_word' id='word_1_76' title='bbox 937 1035 1142 1096; x_wconf 81' lang='grc' dir='ltr'>σημεῖα</span> <span class='ocrx_word' id='word_1_77' title='bbox 1199 1020 1372 1099; x_wconf 86' lang='grc' dir='ltr'>λέγων</span> <span class='ocrx_word' id='word_1_78' title='bbox 1413 1027 1514 1088; x_wconf 75' lang='grc' dir='ltr'>τῆς</span> <span class='ocrx_word' id='word_1_79' title='bbox 1570 1023 1880 1100; x_wconf 86' lang='grc' dir='ltr'>παρουσίας.</span> 
     </span>
    </p>
   </div>
   <div class='ocr_carea' id='block_1_12' title="bbox 240 1107 1885 1191">
    <p class='ocr_par' dir='ltr' id='par_1_12' title="bbox 240 1107 1885 1191">
     <span class='ocr_line' id='line_1_13' title="bbox 240 1107 1885 1191; baseline 0.005 -31"><span class='ocrx_word' id='word_1_80' title='bbox 240 1131 262 1160; x_wconf 76' lang='grc' dir='ltr'><strong>ι</strong></span> <span class='ocrx_word' id='word_1_81' title='bbox 297 1111 451 1178; x_wconf 74' lang='grc' dir='ltr'>Μήτε</span> <span class='ocrx_word' id='word_1_82' title='bbox 481 1107 568 1166; x_wconf 70' lang='grc' dir='ltr'>διὰ</span> <span class='ocrx_word' id='word_1_83' title='bbox 618 1110 952 1184; x_wconf 76' lang='grc' dir='ltr'>Πνεύματος.</span> <span class='ocrx_word' id='word_1_84' title='bbox 988 1134 1016 1164; x_wconf 75' lang='grc' dir='ltr'><strong>ι»</strong></span> <span class='ocrx_word' id='word_1_85' title='bbox 1090 1108 1532 1191; x_wconf 74' lang='grc' dir='ltr'>Ψευδοπροφῆται</span> <span class='ocrx_word' id='word_1_86' title='bbox 1573 1114 1673 1190; x_wconf 77' lang='grc' dir='ltr'><strong>γὰρ</strong></span> <span class='ocrx_word' id='word_1_87' title='bbox 1722 1119 1885 1169; x_wconf 82' lang='grc' dir='ltr'>ταῦτα</span> 
     </span>
    </p>
   </div>
   <div class='ocr_carea' id='block_1_13' title="bbox 235 1192 1884 1281">
    <p class='ocr_par' dir='ltr' id='par_1_13' title="bbox 235 1192 1884 1281">
     <span class='ocr_line' id='line_1_14' title="bbox 235 1192 1884 1281; baseline 0.004 -28"><span class='ocrx_word' id='word_1_88' title='bbox 235 1197 442 1274; x_wconf 73' lang='grc' dir='ltr'>ἔλεγον.</span> <span class='ocrx_word' id='word_1_89' title='bbox 507 1201 651 1266; x_wconf 77' lang='grc' dir='ltr'>Φησὶ</span> <span class='ocrx_word' id='word_1_90' title='bbox 725 1198 781 1255; x_wconf 76' lang='grc' dir='ltr'>δὲ</span> <span class='ocrx_word' id='word_1_91' title='bbox 823 1209 1052 1278; x_wconf 78' lang='grc' dir='ltr'>πνεῦμα,</span> <span class='ocrx_word' id='word_1_92' title='bbox 1111 1203 1224 1256; x_wconf 84' lang='grc' dir='ltr'>οἷον</span> <span class='ocrx_word' id='word_1_93' title='bbox 1279 1200 1542 1279; x_wconf 77' lang='grc' dir='ltr'>χάρισμα.</span> <span class='ocrx_word' id='word_1_94' title='bbox 1608 1192 1731 1258; x_wconf 77' lang='grc' dir='ltr'><strong>Ηινα</strong></span> <span class='ocrx_word' id='word_1_95' title='bbox 1786 1202 1884 1281; x_wconf 75' lang='grc' dir='ltr'><strong>γὰρ</strong></span> 
     </span>
    </p>
   </div>
   <div class='ocr_carea' id='block_1_14' title="bbox 237 1286 1880 1366">
    <p class='ocr_par' dir='ltr' id='par_1_14' title="bbox 237 1286 1880 1366">
     <span class='ocr_line' id='line_1_15' title="bbox 237 1286 1880 1366; baseline 0.002 -25"><span class='ocrx_word' id='word_1_96' title='bbox 237 1286 495 1362; x_wconf 75' lang='grc' dir='ltr'>συνανέλῃ</span> <span class='ocrx_word' id='word_1_97' title='bbox 582 1289 703 1351; x_wconf 79' lang='grc' dir='ltr'>τοὺς</span> <span class='ocrx_word' id='word_1_98' title='bbox 772 1286 1232 1366; x_wconf 72' lang='grc' dir='ltr'><strong>ψευδοπροφήτας,</strong></span> <span class='ocrx_word' id='word_1_99' title='bbox 1317 1289 1612 1354; x_wconf 76' lang='grc' dir='ltr'>καθολικῶς</span> <span class='ocrx_word' id='word_1_100' title='bbox 1702 1291 1880 1360; x_wconf 75' lang='grc' dir='ltr'>εἶπεν,</span> 
     </span>
    </p>
   </div>
   <div class='ocr_carea' id='block_1_15' title="bbox 233 1375 1883 1458">
    <p class='ocr_par' dir='ltr' id='par_1_15' title="bbox 233 1375 1883 1458">
     <span class='ocr_line' id='line_1_16' title="bbox 233 1375 1883 1458; baseline 0.002 -27"><span class='ocrx_word' id='word_1_101' title='bbox 233 1375 310 1431; x_wconf 78' lang='grc' dir='ltr'><strong>ὅτι</strong></span> <span class='ocrx_word' id='word_1_102' title='bbox 339 1378 441 1432; x_wconf 68' lang='grc' dir='ltr'>κᾶν</span> <span class='ocrx_word' id='word_1_103' title='bbox 488 1377 730 1456; x_wconf 68' lang='grc' dir='ltr'>χάρισμα</span> <span class='ocrx_word' id='word_1_104' title='bbox 758 1400 838 1440; x_wconf 91' lang='grc' dir='ltr'><strong>τις</strong></span> <span class='ocrx_word' id='word_1_105' title='bbox 869 1377 1013 1456; x_wconf 78' lang='grc' dir='ltr'>ἔχων</span> <span class='ocrx_word' id='word_1_106' title='bbox 1043 1377 1368 1458; x_wconf 72' lang='grc' dir='ltr'>προερητείας</span> <span class='ocrx_word' id='word_1_107' title='bbox 1427 1389 1582 1438; x_wconf 83' lang='grc' dir='ltr'>τοῦτο</span> <span class='ocrx_word' id='word_1_108' title='bbox 1624 1379 1779 1457; x_wconf 72' lang='grc' dir='ltr'>εἴπῃ,</span> <span class='ocrx_word' id='word_1_109' title='bbox 1805 1381 1883 1456; x_wconf 77' lang='grc' dir='ltr'>μὴ</span> 
     </span>
    </p>
   </div>
   <div class='ocr_carea' id='block_1_16' title="bbox 233 1463 1885 1547">
    <p class='ocr_par' dir='ltr' id='par_1_16' title="bbox 233 1463 1885 1547">
     <span class='ocr_line' id='line_1_17' title="bbox 233 1463 1885 1547; baseline 0.003 -29"><span class='ocrx_word' id='word_1_110' title='bbox 233 1466 574 1530; x_wconf 74' lang='grc' dir='ltr'>πιστεύσητε.</span> <span class='ocrx_word' id='word_1_111' title='bbox 652 1467 713 1520; x_wconf 75' lang='grc' dir='ltr'><em>Ἠ</em></span> <span class='ocrx_word' id='word_1_112' title='bbox 772 1471 982 1541; x_wconf 83' lang='grc' dir='ltr'>πνεῦμα</span> <span class='ocrx_word' id='word_1_113' title='bbox 1048 1463 1190 1542; x_wconf 86' lang='grc' dir='ltr'>λέγει</span> <span class='ocrx_word' id='word_1_114' title='bbox 1270 1466 1332 1520; x_wconf 89' lang='grc' dir='ltr'><strong>τὸ</strong></span> <span class='ocrx_word' id='word_1_115' title='bbox 1419 1465 1725 1547; x_wconf 75' lang='grc' dir='ltr'>ἀκάθαρτον.</span> <span class='ocrx_word' id='word_1_116' title='bbox 1789 1469 1885 1524; x_wconf 74' lang='grc' dir='ltr'>Διὰ</span> 
     </span>
    </p>
   </div>
   <div class='ocr_carea' id='block_1_17' title="bbox 229 1552 1881 1637">
    <p class='ocr_par' dir='ltr' id='par_1_17' title="bbox 229 1552 1881 1637">
     <span class='ocr_line' id='line_1_18' title="bbox 229 1552 1881 1637; baseline 0.004 -30"><span class='ocrx_word' id='word_1_117' title='bbox 229 1555 324 1632; x_wconf 70' lang='grc' dir='ltr'><strong>γαρ</strong></span> <span class='ocrx_word' id='word_1_118' title='bbox 381 1554 679 1632; x_wconf 58' lang='grc' dir='ltr'>ἀκαθάρτου</span> <span class='ocrx_word' id='word_1_119' title='bbox 733 1555 1030 1629; x_wconf 76' lang='grc' dir='ltr'>πνεύματος</span> <span class='ocrx_word' id='word_1_120' title='bbox 1105 1552 1325 1614; x_wconf 79' lang='grc' dir='ltr'>ἐλάλουν</span> <span class='ocrx_word' id='word_1_121' title='bbox 1384 1559 1432 1612; x_wconf 78' lang='grc' dir='ltr'>οἱ</span> <span class='ocrx_word' id='word_1_122' title='bbox 1503 1556 1881 1637; x_wconf 79' lang='grc' dir='ltr'>ψευδοπροφῆ-</span> 
     </span>
    </p>
   </div>
   <div class='ocr_carea' id='block_1_18' title="bbox 232 1641 1882 1726">
    <p class='ocr_par' dir='ltr' id='par_1_18' title="bbox 232 1641 1882 1726">
     <span class='ocr_line' id='line_1_19' title="bbox 232 1641 1882 1726; baseline 0.003 -29"><span class='ocrx_word' id='word_1_123' title='bbox 232 1665 337 1704; x_wconf 86' lang='grc' dir='ltr'>ται.</span> <span class='ocrx_word' id='word_1_124' title='bbox 413 1644 592 1720; x_wconf 73' lang='grc' dir='ltr'>Ταύτῃ</span> <span class='ocrx_word' id='word_1_125' title='bbox 647 1649 716 1719; x_wconf 78' lang='grc' dir='ltr'><strong>τῇ</strong></span> <span class='ocrx_word' id='word_1_126' title='bbox 770 1641 982 1722; x_wconf 78' lang='grc' dir='ltr'>δευτέρᾳ</span> <span class='ocrx_word' id='word_1_127' title='bbox 1036 1645 1290 1722; x_wconf 77' lang='grc' dir='ltr'>ἑρμηνείᾳ</span> <span class='ocrx_word' id='word_1_128' title='bbox 1344 1642 1486 1703; x_wconf 79' lang='grc' dir='ltr'>ἔθετο</span> <span class='ocrx_word' id='word_1_129' title='bbox 1537 1649 1566 1703; x_wconf 98' lang='lat'><strong>6</strong></span> <span class='ocrx_word' id='word_1_130' title='bbox 1623 1648 1882 1726; x_wconf 79' lang='grc' dir='ltr'>μακάριος</span> 
     </span>
    </p>
   </div>
   <div class='ocr_carea' id='block_1_19' title="bbox 1970 557 3612 646">
    <p class='ocr_par' dir='ltr' id='par_1_19' title="bbox 1970 557 3612 646">
     <span class='ocr_line' id='line_1_20' title="bbox 1970 557 3612 646; baseline -0.003 -22"><span class='ocrx_word' id='word_1_131' title='bbox 1970 563 2128 625; x_wconf 89' lang='lat' dir='ltr'><strong>enim</strong></span> <span class='ocrx_word' id='word_1_132' title='bbox 2161 564 2320 644; x_wconf 88' lang='lat' dir='ltr'><strong>quod</strong></span> <span class='ocrx_word' id='word_1_133' title='bbox 2350 573 2728 646; x_wconf 80' lang='lat' dir='ltr'><strong>corruptores</strong></span> <span class='ocrx_word' id='word_1_134' title='bbox 2757 562 2998 645; x_wconf 90' lang='lat' dir='ltr'><strong>quidam</strong></span> <span class='ocrx_word' id='word_1_135' title='bbox 3026 567 3427 645; x_wconf 90' lang='lat' dir='ltr'><strong>apparuerunt</strong></span> <span class='ocrx_word' id='word_1_136' title='bbox 3453 557 3612 640; x_wconf 90' lang='lat' dir='ltr'><strong>apud</strong></span> 
     </span>
    </p>
   </div>
   <div class='ocr_carea' id='block_1_20' title="bbox 1967 648 3608 734">
    <p class='ocr_par' dir='ltr' id='par_1_20' title="bbox 1967 648 3608 734">
     <span class='ocr_line' id='line_1_21' title="bbox 1967 648 3608 734; baseline -0.004 -21"><span class='ocrx_word' id='word_1_137' title='bbox 1967 651 2128 733; x_wconf 93' lang='lat' dir='ltr'><strong>ipsos</strong></span> <span class='ocrx_word' id='word_1_138' title='bbox 2159 653 2260 734; x_wconf 87' lang='lat' dir='ltr'><strong>qui</strong></span> <span class='ocrx_word' id='word_1_139' title='bbox 2289 653 2558 716; x_wconf 85' lang='lat' dir='ltr'><strong>dicerent</strong></span> <span class='ocrx_word' id='word_1_140' title='bbox 2586 655 2806 716; x_wconf 91' lang='lat' dir='ltr'><strong>instare</strong></span> <span class='ocrx_word' id='word_1_141' title='bbox 2847 653 3010 715; x_wconf 92' lang='lat' dir='ltr'><strong>diem</strong></span> <span class='ocrx_word' id='word_1_142' title='bbox 3039 649 3286 714; x_wconf 86' lang='lat' dir='ltr'><strong>secundi</strong></span> <span class='ocrx_word' id='word_1_143' title='bbox 3313 648 3608 711; x_wconf 79' lang='lat' dir='ltr'><strong>adventus</strong></span> 
     </span>
    </p>
   </div>
   <div class='ocr_carea' id='block_1_21' title="bbox 1966 735 3616 818">
    <p class='ocr_par' dir='ltr' id='par_1_21' title="bbox 1966 735 3616 818">
     <span class='ocr_line' id='line_1_22' title="bbox 1966 735 3616 818; baseline -0.004 -13"><span class='ocrx_word' id='word_1_144' title='bbox 1966 741 2207 818; x_wconf 75' lang='lat' dir='ltr'><strong>Christi,</strong></span> <span class='ocrx_word' id='word_1_145' title='bbox 2240 752 2299 805; x_wconf 91' lang='lat' dir='ltr'><strong>et</strong></span> <span class='ocrx_word' id='word_1_146' title='bbox 2329 743 2642 805; x_wconf 76' lang='lat' dir='ltr'><strong>turbabant</strong></span> <span class='ocrx_word' id='word_1_147' title='bbox 2669 761 2737 805; x_wconf 90' lang='lat' dir='ltr'><strong>ac</strong></span> <span class='ocrx_word' id='word_1_148' title='bbox 2764 741 3061 806; x_wconf 89' lang='lat' dir='ltr'><strong>terrebant</strong></span> <span class='ocrx_word' id='word_1_149' title='bbox 3110 758 3232 803; x_wconf 89' lang='lat' dir='ltr'><strong>eos.</strong></span> <span class='ocrx_word' id='word_1_150' title='bbox 3279 739 3358 802; x_wconf 82' lang='lat' dir='ltr'><strong>At</strong></span> <span class='ocrx_word' id='word_1_151' title='bbox 3394 735 3616 802; x_wconf 85' lang='lat' dir='ltr'><strong>Paulus</strong></span> 
     </span>
    </p>
   </div>
   <div class='ocr_carea' id='block_1_22' title="bbox 1967 828 3612 913">
    <p class='ocr_par' dir='ltr' id='par_1_22' title="bbox 1967 828 3612 913">
     <span class='ocr_line' id='line_1_23' title="bbox 1967 828 3612 913; baseline -0.002 -23"><span class='ocrx_word' id='word_1_152' title='bbox 1967 847 2111 892; x_wconf 90' lang='lat' dir='ltr'><strong>sane</strong></span> <span class='ocrx_word' id='word_1_153' title='bbox 2137 850 2256 892; x_wconf 90' lang='lat' dir='ltr'><strong>non</strong></span> <span class='ocrx_word' id='word_1_154' title='bbox 2287 831 2428 893; x_wconf 90' lang='lat' dir='ltr'><strong>dicit</strong></span> <span class='ocrx_word' id='word_1_155' title='bbox 2458 831 2696 893; x_wconf 89' lang='lat' dir='ltr'><strong>interim</strong></span> <span class='ocrx_word' id='word_1_156' title='bbox 2725 831 2964 913; x_wconf 91' lang='lat' dir='ltr'><strong>quando</strong></span> <span class='ocrx_word' id='word_1_157' title='bbox 2996 831 3130 904; x_wconf 91' lang='lat' dir='ltr'><strong>erit,</strong></span> <span class='ocrx_word' id='word_1_158' title='bbox 3164 828 3269 891; x_wconf 93' lang='lat' dir='ltr'><strong>sed</strong></span> <span class='ocrx_word' id='word_1_159' title='bbox 3294 845 3412 889; x_wconf 92' lang='lat' dir='ltr'><strong>non</strong></span> <span class='ocrx_word' id='word_1_160' title='bbox 3443 842 3612 888; x_wconf 91' lang='lat' dir='ltr'><strong>nunc</strong></span> 
     </span>
    </p>
   </div>
   <div class='ocr_carea' id='block_1_23' title="bbox 1968 915 3608 1002">
    <p class='ocr_par' dir='ltr' id='par_1_23' title="bbox 1968 915 3608 1002">
     <span class='ocr_line' id='line_1_24' title="bbox 1968 915 3608 1002; baseline -0.004 -22"><span class='ocrx_word' id='word_1_161' title='bbox 1968 919 2177 982; x_wconf 88' lang='lat' dir='ltr'><strong>saltem</strong></span> <span class='ocrx_word' id='word_1_162' title='bbox 2207 921 2427 984; x_wconf 91' lang='lat' dir='ltr'><strong>instare</strong></span> <span class='ocrx_word' id='word_1_163' title='bbox 2456 921 2770 1002; x_wconf 84' lang='lat' dir='ltr'><strong>signiﬁcat,</strong></span> <span class='ocrx_word' id='word_1_164' title='bbox 2823 921 2992 1000; x_wconf 84' lang='lat' dir='ltr'><strong>signa</strong></span> <span class='ocrx_word' id='word_1_165' title='bbox 3041 919 3244 982; x_wconf 88' lang='lat' dir='ltr'><strong>dicens</strong></span> <span class='ocrx_word' id='word_1_166' title='bbox 3297 915 3608 978; x_wconf 88' lang='lat' dir='ltr'><strong>adventus.</strong></span> 
     </span>
    </p>
   </div>
   <div class='ocr_carea' id='block_1_24' title="bbox 1974 1003 3612 1092">
    <p class='ocr_par' dir='ltr' id='par_1_24' title="bbox 1974 1003 3612 1092">
     <span class='ocr_line' id='line_1_25' title="bbox 1974 1003 3612 1092; baseline -0.004 -22"><span class='ocrx_word' id='word_1_167' title='bbox 1974 1037 1996 1070; x_wconf 74' lang='grc' dir='ltr'>ι</span> <span class='ocrx_word' id='word_1_168' title='bbox 2030 1009 2232 1092; x_wconf 90' lang='lat' dir='ltr'><strong>Neque</strong></span> <span class='ocrx_word' id='word_1_169' title='bbox 2263 1030 2367 1092; x_wconf 93' lang='lat' dir='ltr'><strong>per</strong></span> <span class='ocrx_word' id='word_1_170' title='bbox 2413 1011 2722 1092; x_wconf 86' lang='lat' dir='ltr'><strong>Spiritum.</strong></span> <span class='ocrx_word' id='word_1_171' title='bbox 2780 1039 2802 1069; x_wconf 80' lang='grc' dir='ltr'><strong>ι</strong></span> <span class='ocrx_word' id='word_1_172' title='bbox 2861 1008 3402 1090; x_wconf 85' lang='lat' dir='ltr'><strong>Pseudoprophetae</strong></span> <span class='ocrx_word' id='word_1_173' title='bbox 3451 1003 3612 1065; x_wconf 92' lang='lat' dir='ltr'><strong>enim</strong></span> 
     </span>
    </p>
   </div>
   <div class='ocr_carea' id='block_1_25' title="bbox 1967 1092 3613 1182">
    <p class='ocr_par' dir='ltr' id='par_1_25' title="bbox 1967 1092 3613 1182">
     <span class='ocr_line' id='line_1_26' title="bbox 1967 1092 3613 1182; baseline -0.004 -22"><span class='ocrx_word' id='word_1_174' title='bbox 1967 1099 2091 1162; x_wconf 75' lang='lat' dir='ltr'><strong>haec</strong></span> <span class='ocrx_word' id='word_1_175' title='bbox 2124 1099 2420 1164; x_wconf 87' lang='lat' dir='ltr'><strong>dicebant.</strong></span> <span class='ocrx_word' id='word_1_176' title='bbox 2456 1100 2739 1182; x_wconf 90' lang='lat' dir='ltr'><strong>Spiritum</strong></span> <span class='ocrx_word' id='word_1_177' title='bbox 2778 1117 2915 1162; x_wconf 92' lang='lat' dir='ltr'><strong>vero</strong></span> <span class='ocrx_word' id='word_1_178' title='bbox 2945 1097 3047 1180; x_wconf 85' lang='lat' dir='ltr'><strong>ait,</strong></span> <span class='ocrx_word' id='word_1_179' title='bbox 3083 1099 3195 1160; x_wconf 88' lang='lat' dir='ltr'><strong>hoc</strong></span> <span class='ocrx_word' id='word_1_180' title='bbox 3227 1103 3338 1170; x_wconf 90' lang='lat' dir='ltr'><strong>est,</strong></span> <span class='ocrx_word' id='word_1_181' title='bbox 3371 1092 3613 1157; x_wconf 91' lang='lat' dir='ltr'><strong>charis-</strong></span> 
     </span>
    </p>
   </div>
   <div class='ocr_carea' id='block_1_26' title="bbox 1972 1187 3611 1269">
    <p class='ocr_par' dir='ltr' id='par_1_26' title="bbox 1972 1187 3611 1269">
     <span class='ocr_line' id='line_1_27' title="bbox 1972 1187 3611 1269; baseline -0.002 -21"><span class='ocrx_word' id='word_1_182' title='bbox 1972 1206 2064 1250; x_wconf 89' lang='lat' dir='ltr'><strong>ma</strong></span> <span class='ocrx_word' id='word_1_183' title='bbox 2111 1198 2167 1250; x_wconf 89' lang='lat' dir='ltr'><strong>et</strong></span> <span class='ocrx_word' id='word_1_184' title='bbox 2219 1188 2485 1254; x_wconf 91' lang='lat' dir='ltr'><strong>donum:</strong></span> <span class='ocrx_word' id='word_1_185' title='bbox 2545 1199 2607 1253; x_wconf 93' lang='lat' dir='ltr'><strong>ut</strong></span> <span class='ocrx_word' id='word_1_186' title='bbox 2664 1189 2823 1252; x_wconf 91' lang='lat' dir='ltr'><strong>enim</strong></span> <span class='ocrx_word' id='word_1_187' title='bbox 2884 1187 3435 1269; x_wconf 87' lang='lat' dir='ltr'><strong>pseudoprophetas</strong></span> <span class='ocrx_word' id='word_1_188' title='bbox 3485 1199 3611 1245; x_wconf 89' lang='lat' dir='ltr'><strong>una</strong></span> 
     </span>
    </p>
   </div>
   <div class='ocr_carea' id='block_1_27' title="bbox 1967 1270 3615 1359">
    <p class='ocr_par' dir='ltr' id='par_1_27' title="bbox 1967 1270 3615 1359">
     <span class='ocr_line' id='line_1_28' title="bbox 1967 1270 3615 1359; baseline -0.004 -18"><span class='ocrx_word' id='word_1_189' title='bbox 1967 1280 2523 1359; x_wconf 87' lang='lat' dir='ltr'><strong>comprehenderet,</strong></span> <span class='ocrx_word' id='word_1_190' title='bbox 2573 1279 2983 1342; x_wconf 89' lang='lat' dir='ltr'><strong>universaliter</strong></span> <span class='ocrx_word' id='word_1_191' title='bbox 3037 1276 3206 1350; x_wconf 82' lang='lat' dir='ltr'><strong>dixit,</strong></span> <span class='ocrx_word' id='word_1_192' title='bbox 3262 1273 3422 1355; x_wconf 90' lang='lat' dir='ltr'><strong>quod</strong></span> <span class='ocrx_word' id='word_1_193' title='bbox 3475 1270 3615 1334; x_wconf 90' lang='lat' dir='ltr'><strong>licet</strong></span> 
     </span>
    </p>
   </div>
   <div class='ocr_carea' id='block_1_28' title="bbox 1967 1361 3609 1450">
    <p class='ocr_par' dir='ltr' id='par_1_28' title="bbox 1967 1361 3609 1450">
     <span class='ocr_line' id='line_1_29' title="bbox 1967 1361 3609 1450; baseline -0.004 -22"><span class='ocrx_word' id='word_1_194' title='bbox 1967 1369 2258 1448; x_wconf 89' lang='lat' dir='ltr'><strong>quispiam</strong></span> <span class='ocrx_word' id='word_1_195' title='bbox 2290 1369 2509 1431; x_wconf 90' lang='lat' dir='ltr'><strong>donum</strong></span> <span class='ocrx_word' id='word_1_196' title='bbox 2534 1369 2764 1432; x_wconf 84' lang='lat' dir='ltr'><strong>habens</strong></span> <span class='ocrx_word' id='word_1_197' title='bbox 2786 1367 3111 1450; x_wconf 60' lang='lat' dir='ltr'><strong>prophetiae</strong></span> <span class='ocrx_word' id='word_1_198' title='bbox 3131 1366 3245 1427; x_wconf 89' lang='lat' dir='ltr'><strong>hoc</strong></span> <span class='ocrx_word' id='word_1_199' title='bbox 3262 1361 3508 1439; x_wconf 84' lang='lat' dir='ltr'><strong>dixerit,</strong></span> <span class='ocrx_word' id='word_1_200' title='bbox 3532 1378 3609 1423; x_wconf 90' lang='lat' dir='ltr'><strong>ne</strong></span> 
     </span>
    </p>
   </div>
   <div class='ocr_carea' id='block_1_29' title="bbox 1966 1451 3614 1540">
    <p class='ocr_par' dir='ltr' id='par_1_29' title="bbox 1966 1451 3614 1540">
     <span class='ocr_line' id='line_1_30' title="bbox 1966 1451 3614 1540; baseline -0.004 -22"><span class='ocrx_word' id='word_1_201' title='bbox 1966 1457 2246 1535; x_wconf 89' lang='lat' dir='ltr'><strong>credatis,</strong></span> <span class='ocrx_word' id='word_1_202' title='bbox 2277 1459 2392 1521; x_wconf 85' lang='lat' dir='ltr'><strong>Aut</strong></span> <span class='ocrx_word' id='word_1_203' title='bbox 2439 1458 2710 1540; x_wconf 89' lang='lat' dir='ltr'><strong>spiritum</strong></span> <span class='ocrx_word' id='word_1_204' title='bbox 2753 1458 2901 1520; x_wconf 85' lang='lat' dir='ltr'><strong>dicit</strong></span> <span class='ocrx_word' id='word_1_205' title='bbox 2957 1456 3281 1538; x_wconf 90' lang='lat' dir='ltr'><strong>impurum.</strong></span> <span class='ocrx_word' id='word_1_206' title='bbox 3321 1451 3468 1514; x_wconf 88' lang='lat' dir='ltr'><strong>Nam</strong></span> <span class='ocrx_word' id='word_1_207' title='bbox 3503 1467 3614 1532; x_wconf 87' lang='lat' dir='ltr'><strong>per</strong></span> 
     </span>
    </p>
   </div>
   <div class='ocr_carea' id='block_1_30' title="bbox 1962 1542 3602 1630">
    <p class='ocr_par' dir='ltr' id='par_1_30' title="bbox 1962 1542 3602 1630">
     <span class='ocr_line' id='line_1_31' title="bbox 1962 1542 3602 1630; baseline -0.002 -24"><span class='ocrx_word' id='word_1_208' title='bbox 1962 1547 2236 1626; x_wconf 90' lang='lat' dir='ltr'><strong>spiritum</strong></span> <span class='ocrx_word' id='word_1_209' title='bbox 2263 1548 2558 1628; x_wconf 89' lang='lat' dir='ltr'><strong>impurum</strong></span> <span class='ocrx_word' id='word_1_210' title='bbox 2609 1547 3002 1630; x_wconf 83' lang='lat' dir='ltr'><strong>loquebantur</strong></span> <span class='ocrx_word' id='word_1_211' title='bbox 3047 1542 3602 1626; x_wconf 82' lang='lat' dir='ltr'><strong>pseudoprOphelae.</strong></span> 
     </span>
    </p>
   </div>
   <div class='ocr_carea' id='block_1_31' title="bbox 1961 1632 3599 1719">
    <p class='ocr_par' dir='ltr' id='par_1_31' title="bbox 1961 1632 3599 1719">
     <span class='ocr_line' id='line_1_32' title="bbox 1961 1632 3599 1719; baseline -0.004 -22"><span class='ocrx_word' id='word_1_212' title='bbox 1961 1635 2109 1698; x_wconf 89' lang='lat' dir='ltr'><strong>Huic</strong></span> <span class='ocrx_word' id='word_1_213' title='bbox 2135 1640 2412 1700; x_wconf 77' lang='lat' dir='ltr'><strong>secundae</strong></span> <span class='ocrx_word' id='word_1_214' title='bbox 2441 1636 2920 1719; x_wconf 88' lang='lat' dir='ltr'><strong>interpretationi</strong></span> <span class='ocrx_word' id='word_1_215' title='bbox 2943 1635 3204 1698; x_wconf 90' lang='lat' dir='ltr'><strong>assensit</strong></span> <span class='ocrx_word' id='word_1_216' title='bbox 3223 1633 3396 1695; x_wconf 86' lang='lat' dir='ltr'><strong>divus</strong></span> <span class='ocrx_word' id='word_1_217' title='bbox 3417 1632 3599 1694; x_wconf 85' lang='lat' dir='ltr'><strong>Joan-</strong></span> 
     </span>
    </p>
   </div>
   <div class='ocr_carea' id='block_1_32' title="bbox 229 1721 1882 1820">
    <p class='ocr_par' dir='ltr' id='par_1_32' title="bbox 229 1721 1877 1815">
     <span class='ocr_line' id='line_1_33' title="bbox 229 1721 1877 1815; baseline 0.001 -26"><span class='ocrx_word' id='word_1_218' title='bbox 229 1733 512 1798; x_wconf 71' lang='grc' dir='ltr'>Ἰωάννης.</span> <span class='ocrx_word' id='word_1_219' title='bbox 557 1753 582 1788; x_wconf 71' lang='grc' dir='ltr'>ι</span> <span class='ocrx_word' id='word_1_220' title='bbox 609 1734 758 1802; x_wconf 69' lang='grc' dir='ltr'>Μήτι</span> <span class='ocrx_word' id='word_1_221' title='bbox 785 1730 871 1787; x_wconf 81' lang='grc' dir='ltr'><strong>διὰ</strong></span> <span class='ocrx_word' id='word_1_222' title='bbox 910 1721 1091 1811; x_wconf 81' lang='grc' dir='ltr'>λόγου,</span> <span class='ocrx_word' id='word_1_223' title='bbox 1141 1756 1168 1788; x_wconf 69' lang='grc' dir='ltr'><strong><em>ι</em></strong></span> <span class='ocrx_word' id='word_1_224' title='bbox 1219 1733 1570 1813; x_wconf 78' lang='grc' dir='ltr'>Πιθανολογίᾳ</span> <span class='ocrx_word' id='word_1_225' title='bbox 1612 1721 1706 1815; x_wconf 84' lang='grc' dir='ltr'>γὲρ</span> <span class='ocrx_word' id='word_1_226' title='bbox 1754 1721 1877 1808; x_wconf 76' lang='grc' dir='ltr'>τινι,</span> 
     </span>
    </p>
   </div>
   <div class='ocr_carea' id='block_1_33' title="bbox 1969 1721 3608 1820">
    <p class='ocr_par' dir='ltr' id='par_1_33' title="bbox 1969 1721 3608 1820">
     <span class='ocr_line' id='line_1_34' title="bbox 1969 1721 3608 1820; baseline -0.003 -34"><span class='ocrx_word' id='word_1_227' title='bbox 1969 1741 2094 1788; x_wconf 88' lang='lat' dir='ltr'><strong>nes.</strong></span> <span class='ocrx_word' id='word_1_228' title='bbox 2133 1757 2155 1787; x_wconf 79' lang='grc' dir='ltr'>ι</span> <span class='ocrx_word' id='word_1_229' title='bbox 2186 1726 2389 1808; x_wconf 90' lang='lat' dir='ltr'><strong>Neque</strong></span> <span class='ocrx_word' id='word_1_230' title='bbox 2422 1747 2527 1809; x_wconf 90' lang='lat' dir='ltr'><strong>per</strong></span> <span class='ocrx_word' id='word_1_231' title='bbox 2545 1745 2905 1790; x_wconf 88' lang='lat' dir='ltr'><strong>sermonem.</strong></span> <span class='ocrx_word' id='word_1_232' title='bbox 2943 1756 2964 1785; x_wconf 73' lang='grc' dir='ltr'><strong>ι</strong></span> <span class='ocrx_word' id='word_1_233' title='bbox 2997 1723 3265 1820; x_wconf 75' lang='lat' dir='ltr'><strong>Quodam</strong></span> <span class='ocrx_word' id='word_1_234' title='bbox 3290 1721 3452 1820; x_wconf 68' lang='lat' dir='ltr'><strong>enim</strong></span> <span class='ocrx_word' id='word_1_235' title='bbox 3479 1737 3608 1820; x_wconf 77' lang='lat' dir='ltr'><strong>per-</strong></span> 
     </span>
    </p>
   </div>
   <div class='ocr_carea' id='block_1_34' title="bbox 230 1808 1882 1903">
    <p class='ocr_par' dir='ltr' id='par_1_34' title="bbox 230 1819 1877 1903">
     <span class='ocr_line' id='line_1_35' title="bbox 230 1819 1877 1903; baseline 0.002 -27"><span class='ocrx_word' id='word_1_236' title='bbox 230 1819 436 1876; x_wconf 76' lang='grc' dir='ltr'>Ξπειθον</span> <span class='ocrx_word' id='word_1_237' title='bbox 492 1820 839 1900; x_wconf 70' lang='grc' dir='ltr'><strong>ἐφεστηκέναι</strong></span> <span class='ocrx_word' id='word_1_238' title='bbox 909 1821 1008 1888; x_wconf 78' lang='grc' dir='ltr'>τὴν</span> <span class='ocrx_word' id='word_1_239' title='bbox 1050 1821 1250 1901; x_wconf 77' lang='grc' dir='ltr'>ἡμέραν</span> <span class='ocrx_word' id='word_1_240' title='bbox 1306 1830 1397 1879; x_wconf 88' lang='grc' dir='ltr'><strong>τοῦ</strong></span> <span class='ocrx_word' id='word_1_241' title='bbox 1429 1825 1636 1903; x_wconf 80' lang='grc' dir='ltr'>Κυρίου.</span> <span class='ocrx_word' id='word_1_242' title='bbox 1688 1847 1714 1879; x_wconf 76' lang='grc' dir='ltr'><strong>α</strong></span> <span class='ocrx_word' id='word_1_243' title='bbox 1752 1827 1877 1893; x_wconf 72' lang='grc' dir='ltr'><strong>Μή-</strong></span> 
     </span>
    </p>
   </div>
   <div class='ocr_carea' id='block_1_35' title="bbox 1969 1808 3604 1903">
    <p class='ocr_par' dir='ltr' id='par_1_35' title="bbox 1969 1808 3604 1903">
     <span class='ocr_line' id='line_1_36' title="bbox 1969 1808 3604 1903; baseline -0.004 -28"><span class='ocrx_word' id='word_1_244' title='bbox 1969 1814 2231 1903; x_wconf 78' lang='lat' dir='ltr'><strong>suasibili</strong></span> <span class='ocrx_word' id='word_1_245' title='bbox 2258 1808 2536 1880; x_wconf 77' lang='lat' dir='ltr'><strong>sermOne</strong></span> <span class='ocrx_word' id='word_1_246' title='bbox 2563 1815 2891 1878; x_wconf 86' lang='lat' dir='ltr'><strong>suadebant</strong></span> <span class='ocrx_word' id='word_1_247' title='bbox 2908 1815 3128 1876; x_wconf 88' lang='lat' dir='ltr'><strong>instare</strong></span> <span class='ocrx_word' id='word_1_248' title='bbox 3154 1812 3314 1903; x_wconf 86' lang='lat' dir='ltr'><strong>diem</strong></span> <span class='ocrx_word' id='word_1_249' title='bbox 3336 1808 3604 1873; x_wconf 91' lang='lat' dir='ltr'><strong>Domini.</strong></span> 
     </span>
    </p>
   </div>
   <div class='ocr_carea' id='block_1_36' title="bbox 224 1907 1878 1991">
    <p class='ocr_par' dir='ltr' id='par_1_36' title="bbox 224 1907 1878 1991">
     <span class='ocr_line' id='line_1_37' title="bbox 224 1907 1878 1991; baseline 0.004 -27"><span class='ocrx_word' id='word_1_250' title='bbox 224 1931 279 1964; x_wconf 86' lang='grc' dir='ltr'><strong>τε</strong></span> <span class='ocrx_word' id='word_1_251' title='bbox 321 1907 390 1964; x_wconf 81' lang='grc' dir='ltr'>δι’</span> <span class='ocrx_word' id='word_1_252' title='bbox 426 1909 740 1976; x_wconf 79' lang='grc' dir='ltr'>ἐπιστολῆς.</span> <span class='ocrx_word' id='word_1_253' title='bbox 783 1933 804 1966; x_wconf 73' lang='grc' dir='ltr'><strong>ι</strong></span> <span class='ocrx_word' id='word_1_254' title='bbox 844 1913 944 1968; x_wconf 81' lang='grc' dir='ltr'>Καὶ</span> <span class='ocrx_word' id='word_1_255' title='bbox 973 1909 1258 1974; x_wconf 81' lang='grc' dir='ltr'>ἐπιστολὰς</span> <span class='ocrx_word' id='word_1_256' title='bbox 1302 1913 1402 1991; x_wconf 75' lang='grc' dir='ltr'>γὰρ</span> <span class='ocrx_word' id='word_1_257' title='bbox 1445 1914 1518 1976; x_wconf 87' lang='grc' dir='ltr'>ὡς</span> <span class='ocrx_word' id='word_1_258' title='bbox 1563 1911 1615 1979; x_wconf 76' lang='grc' dir='ltr'>ἐξ</span> <span class='ocrx_word' id='word_1_259' title='bbox 1670 1914 1878 1989; x_wconf 81' lang='grc' dir='ltr'>ὀνόμα-</span> 
     </span>
    </p>
   </div>
   <div class='ocr_carea' id='block_1_37' title="bbox 225 1996 1675 2072">
    <p class='ocr_par' dir='ltr' id='par_1_37' title="bbox 225 1996 1675 2072">
     <span class='ocr_line' id='line_1_38' title="bbox 225 1996 1675 2072; baseline 0.005 -19"><span class='ocrx_word' id='word_1_260' title='bbox 225 2019 314 2060; x_wconf 85' lang='grc' dir='ltr'><strong>τος</strong></span> <span class='ocrx_word' id='word_1_261' title='bbox 344 2005 443 2054; x_wconf 77' lang='grc' dir='ltr'><strong>τοῦ</strong></span> <span class='ocrx_word' id='word_1_262' title='bbox 485 1997 695 2054; x_wconf 79' lang='grc' dir='ltr'>Παύλου</span> <span class='ocrx_word' id='word_1_263' title='bbox 725 1996 1006 2072; x_wconf 81' lang='grc' dir='ltr'>ἔπλαττον,</span> <span class='ocrx_word' id='word_1_264' title='bbox 1039 2007 1192 2057; x_wconf 83' lang='grc' dir='ltr'>τοῦτο</span> <span class='ocrx_word' id='word_1_265' title='bbox 1221 1998 1370 2068; x_wconf 73' lang='grc' dir='ltr'>δῆθεν</span> <span class='ocrx_word' id='word_1_266' title='bbox 1404 1999 1675 2068; x_wconf 87' lang='grc' dir='ltr'>δηλώσας.</span> 
     </span>
    </p>
   </div>
   <div class='ocr_carea' id='block_1_38' title="bbox 315 2086 1877 2172">
    <p class='ocr_par' dir='ltr' id='par_1_38' title="bbox 315 2086 1877 2172">
     <span class='ocr_line' id='line_1_39' title="bbox 315 2086 1877 2172; baseline 0.003 -31"><span class='ocrx_word' id='word_1_267' title='bbox 315 2110 344 2140; x_wconf 75' lang='grc' dir='ltr'>ι</span> <span class='ocrx_word' id='word_1_268' title='bbox 400 2087 494 2153; x_wconf 75' lang='grc' dir='ltr'><strong>Μὴ</strong></span> <span class='ocrx_word' id='word_1_269' title='bbox 537 2109 617 2150; x_wconf 88' lang='grc' dir='ltr'><strong>τις</strong></span> <span class='ocrx_word' id='word_1_270' title='bbox 667 2089 798 2162; x_wconf 75' lang='grc' dir='ltr'>ὑμᾶς</span> <span class='ocrx_word' id='word_1_271' title='bbox 855 2086 1162 2164; x_wconf 73' lang='grc' dir='ltr'>ἐξαπατήσῃ</span> <span class='ocrx_word' id='word_1_272' title='bbox 1215 2091 1352 2145; x_wconf 74' lang='grc' dir='ltr'>κατὰ</span> <span class='ocrx_word' id='word_1_273' title='bbox 1406 2088 1607 2165; x_wconf 83' lang='grc' dir='ltr'>μηδένα</span> <span class='ocrx_word' id='word_1_274' title='bbox 1661 2094 1877 2172; x_wconf 85' lang='grc' dir='ltr'>τρόπον,</span> 
     </span>
    </p>
   </div>
   <div class='ocr_carea' id='block_1_39' title="bbox 229 2174 1880 2258">
    <p class='ocr_par' dir='ltr' id='par_1_39' title="bbox 229 2174 1880 2258">
     <span class='ocr_line' id='line_1_40' title="bbox 229 2174 1880 2258; baseline 0.004 -28"><span class='ocrx_word' id='word_1_275' title='bbox 229 2175 306 2230; x_wconf 76' lang='grc' dir='ltr'>ὅτι</span> <span class='ocrx_word' id='word_1_276' title='bbox 381 2175 474 2230; x_wconf 71' lang='grc' dir='ltr'><strong>ἐὰν</strong></span> <span class='ocrx_word' id='word_1_277' title='bbox 519 2176 599 2250; x_wconf 73' lang='grc' dir='ltr'>μὴ</span> <span class='ocrx_word' id='word_1_278' title='bbox 673 2174 796 2252; x_wconf 79' lang='grc' dir='ltr'>’έλθῃ</span> <span class='ocrx_word' id='word_1_279' title='bbox 865 2179 900 2244; x_wconf 77' lang='grc' dir='ltr'>ἡ</span> <span class='ocrx_word' id='word_1_280' title='bbox 958 2177 1251 2236; x_wconf 77' lang='grc' dir='ltr'>ἀποστασία</span> <span class='ocrx_word' id='word_1_281' title='bbox 1308 2186 1537 2258; x_wconf 81' lang='grc' dir='ltr'>πρῶτον,</span> <span class='ocrx_word' id='word_1_282' title='bbox 1595 2183 1683 2237; x_wconf 84' lang='grc' dir='ltr'><strong>καὶ</strong></span> <span class='ocrx_word' id='word_1_283' title='bbox 1739 2181 1880 2237; x_wconf 81' lang='grc' dir='ltr'>ἀπὸ·</span> 
     </span>
    </p>
   </div>
   <div class='ocr_carea' id='block_1_40' title="bbox 230 2262 1880 2348">
    <p class='ocr_par' dir='ltr' id='par_1_40' title="bbox 230 2262 1880 2348">
     <span class='ocr_line' id='line_1_41' title="bbox 230 2262 1880 2348; baseline 0.005 -29"><span class='ocrx_word' id='word_1_284' title='bbox 230 2262 476 2343; x_wconf 70' lang='grc' dir='ltr'>καλυφθῇ</span> <span class='ocrx_word' id='word_1_285' title='bbox 561 2267 590 2320; x_wconf 91' lang='lat'><strong>6</strong></span> <span class='ocrx_word' id='word_1_286' title='bbox 659 2263 930 2344; x_wconf 76' lang='grc' dir='ltr'>ἄνθρωπος</span> <span class='ocrx_word' id='word_1_287' title='bbox 1000 2272 1099 2332; x_wconf 79' lang='grc' dir='ltr'><strong>τῆς</strong></span> <span class='ocrx_word' id='word_1_288' title='bbox 1177 2267 1460 2348; x_wconf 77' lang='grc' dir='ltr'>ἁμαρτίας,</span> <span class='ocrx_word' id='word_1_289' title='bbox 1537 2271 1564 2325; x_wconf 89' lang='lat'><strong>6</strong></span> <span class='ocrx_word' id='word_1_290' title='bbox 1618 2271 1727 2334; x_wconf 80' lang='grc' dir='ltr'>υἱὸς</span> <span class='ocrx_word' id='word_1_291' title='bbox 1781 2276 1880 2336; x_wconf 74' lang='grc' dir='ltr'>τῆς</span> 
     </span>
    </p>
   </div>
   <div class='ocr_carea' id='block_1_41' title="bbox 229 2352 1881 2437">
    <p class='ocr_par' dir='ltr' id='par_1_41' title="bbox 229 2352 1881 2437">
     <span class='ocr_line' id='line_1_42' title="bbox 229 2352 1881 2437; baseline 0.005 -29"><span class='ocrx_word' id='word_1_292' title='bbox 229 2352 523 2425; x_wconf 73' lang='grc' dir='ltr'>ἀπωλείας,</span> <span class='ocrx_word' id='word_1_293' title='bbox 599 2356 627 2410; x_wconf 97' lang='lat'><strong>6</strong></span> <span class='ocrx_word' id='word_1_294' title='bbox 697 2354 1056 2430; x_wconf 81' lang='grc' dir='ltr'>ἀντικείμενος</span> <span class='ocrx_word' id='word_1_295' title='bbox 1141 2358 1228 2412; x_wconf 85' lang='grc' dir='ltr'><strong>καὶ</strong></span> <span class='ocrx_word' id='word_1_296' title='bbox 1313 2358 1725 2437; x_wconf 83' lang='grc' dir='ltr'>ὑπεραιρόμενος</span> <span class='ocrx_word' id='word_1_297' title='bbox 1794 2358 1881 2416; x_wconf 82' lang='grc' dir='ltr'>ἐπὶ</span> 
     </span>
    </p>
   </div>
   <div class='ocr_carea' id='block_1_42' title="bbox 231 2440 1878 2521">
    <p class='ocr_par' dir='ltr' id='par_1_42' title="bbox 231 2440 1878 2521">
     <span class='ocr_line' id='line_1_43' title="bbox 231 2440 1878 2521; baseline 0.005 -25"><span class='ocrx_word' id='word_1_298' title='bbox 231 2441 406 2497; x_wconf 64' lang='grc' dir='ltr'>πάντα</span> <span class='ocrx_word' id='word_1_299' title='bbox 492 2440 780 2520; x_wconf 83' lang='grc' dir='ltr'>λεγόμενον</span> <span class='ocrx_word' id='word_1_300' title='bbox 865 2445 996 2500; x_wconf 85' lang='grc' dir='ltr'>Θεὸν</span> <span class='ocrx_word' id='word_1_301' title='bbox 1089 2444 1125 2513; x_wconf 74' lang='grc' dir='ltr'>ἢ</span> <span class='ocrx_word' id='word_1_302' title='bbox 1195 2443 1455 2521; x_wconf 79' lang='grc' dir='ltr'>σέϐασμα,</span> <span class='ocrx_word' id='word_1_303' title='bbox 1541 2447 1677 2504; x_wconf 83' lang='grc' dir='ltr'>ὥστε</span> <span class='ocrx_word' id='word_1_304' title='bbox 1724 2449 1878 2504; x_wconf 76' lang='grc' dir='ltr'>αὐτὸν</span> 
     </span>
    </p>
   </div>
   <div class='ocr_carea' id='block_1_43' title="bbox 231 2532 1881 2597">
    <p class='ocr_par' dir='ltr' id='par_1_43' title="bbox 231 2532 1881 2597">
     <span class='ocr_line' id='line_1_44' title="bbox 231 2532 1881 2597; baseline 0.004 -11"><span class='ocrx_word' id='word_1_305' title='bbox 231 2532 302 2593; x_wconf 79' lang='grc' dir='ltr'><strong>εἰς</strong></span> <span class='ocrx_word' id='word_1_306' title='bbox 331 2532 427 2586; x_wconf 84' lang='grc' dir='ltr'><strong>τὸν</strong></span> <span class='ocrx_word' id='word_1_307' title='bbox 458 2533 582 2588; x_wconf 87' lang='grc' dir='ltr'>ναὸν</span> <span class='ocrx_word' id='word_1_308' title='bbox 630 2542 722 2590; x_wconf 87' lang='grc' dir='ltr'><strong>τοῦ</strong></span> <span class='ocrx_word' id='word_1_309' title='bbox 765 2540 896 2591; x_wconf 89' lang='grc' dir='ltr'>Θεοῦ</span> <span class='ocrx_word' id='word_1_310' title='bbox 936 2534 1009 2597; x_wconf 86' lang='grc' dir='ltr'><strong>ὡς</strong></span> <span class='ocrx_word' id='word_1_311' title='bbox 1073 2535 1203 2590; x_wconf 83' lang='grc' dir='ltr'>Θεὸν</span> <span class='ocrx_word' id='word_1_312' title='bbox 1246 2535 1452 2592; x_wconf 83' lang='grc' dir='ltr'>καθίσαι</span> <span class='ocrx_word' id='word_1_313' title='bbox 1504 2534 1881 2594; x_wconf 77' lang='grc' dir='ltr'>ἀποδεικνύντα</span> 
     </span>
    </p>
   </div>
   <div class='ocr_carea' id='block_1_44' title="bbox 231 2619 952 2684">
    <p class='ocr_par' dir='ltr' id='par_1_44' title="bbox 231 2619 952 2684">
     <span class='ocr_line' id='line_1_45' title="bbox 231 2619 952 2684; baseline 0.003 -10"><span class='ocrx_word' id='word_1_314' title='bbox 231 2620 419 2678; x_wconf 69' lang='grc' dir='ltr'>ἑαυτὸν</span> <span class='ocrx_word' id='word_1_315' title='bbox 454 2620 536 2675; x_wconf 83' lang='grc' dir='ltr'>ὅτι</span> <span class='ocrx_word' id='word_1_316' title='bbox 567 2619 676 2677; x_wconf 78' lang='grc' dir='ltr'>ἔστι</span> <span class='ocrx_word' id='word_1_317' title='bbox 705 2623 856 2684; x_wconf 76' lang='grc' dir='ltr'>Θεός.</span> <span class='ocrx_word' id='word_1_318' title='bbox 923 2645 952 2676; x_wconf 76' lang='grc' dir='ltr'>ιι</span> 
     </span>
    </p>
   </div>
   <div class='ocr_carea' id='block_1_45' title="bbox 311 2707 1878 2791">
    <p class='ocr_par' dir='ltr' id='par_1_45' title="bbox 311 2707 1878 2791">
     <span class='ocr_line' id='line_1_46' title="bbox 311 2707 1878 2791; baseline 0.004 -25"><span class='ocrx_word' id='word_1_319' title='bbox 311 2707 539 2777; x_wconf 77' lang='grc' dir='ltr'>Ἐπειδὴ</span> <span class='ocrx_word' id='word_1_320' title='bbox 585 2711 707 2767; x_wconf 85' lang='grc' dir='ltr'>εἶπε</span> <span class='ocrx_word' id='word_1_321' title='bbox 738 2711 816 2785; x_wconf 72' lang='grc' dir='ltr'>μὴ</span> <span class='ocrx_word' id='word_1_322' title='bbox 867 2711 1161 2791; x_wconf 70' lang='grc' dir='ltr'>ἐφιστάναι,</span> <span class='ocrx_word' id='word_1_323' title='bbox 1210 2713 1373 2779; x_wconf 83' lang='grc' dir='ltr'>αὺτῆς</span> <span class='ocrx_word' id='word_1_324' title='bbox 1404 2710 1591 2770; x_wconf 89' lang='grc' dir='ltr'>λοιπὸν</span> <span class='ocrx_word' id='word_1_325' title='bbox 1614 2720 1711 2782; x_wconf 82' lang='grc' dir='ltr'>τῆς</span> <span class='ocrx_word' id='word_1_326' title='bbox 1755 2715 1878 2772; x_wconf 88' lang='grc' dir='ltr'>ἐπι-</span> 
     </span>
    </p>
   </div>
   <div class='ocr_carea' id='block_1_46' title="bbox 232 2797 1882 2881">
    <p class='ocr_par' dir='ltr' id='par_1_46' title="bbox 232 2797 1882 2881">
     <span class='ocr_line' id='line_1_47' title="bbox 232 2797 1882 2881; baseline 0.005 -28"><span class='ocrx_word' id='word_1_327' title='bbox 232 2799 455 2861; x_wconf 78' lang='grc' dir='ltr'>στασίας</span> <span class='ocrx_word' id='word_1_328' title='bbox 513 2813 719 2873; x_wconf 76' lang='grc' dir='ltr'>σημεῖα</span> <span class='ocrx_word' id='word_1_329' title='bbox 761 2797 929 2876; x_wconf 77' lang='grc' dir='ltr'>λέγει,</span> <span class='ocrx_word' id='word_1_330' title='bbox 961 2801 1048 2855; x_wconf 82' lang='grc' dir='ltr'><strong>καὶ</strong></span> <span class='ocrx_word' id='word_1_331' title='bbox 1118 2799 1257 2878; x_wconf 88' lang='grc' dir='ltr'>μέγα</span> <span class='ocrx_word' id='word_1_332' title='bbox 1315 2803 1603 2881; x_wconf 73' lang='grc' dir='ltr'>μυστήριον</span> <span class='ocrx_word' id='word_1_333' title='bbox 1671 2803 1882 2862; x_wconf 80' lang='grc' dir='ltr'>ἀποκα-</span> 
     </span>
    </p>
   </div>
   <div class='ocr_carea' id='block_1_47' title="bbox 227 2885 1877 2968">
    <p class='ocr_par' dir='ltr' id='par_1_47' title="bbox 227 2885 1877 2968">
     <span class='ocr_line' id='line_1_48' title="bbox 227 2885 1877 2968; baseline 0.005 -28"><span class='ocrx_word' id='word_1_334' title='bbox 227 2885 439 2944; x_wconf 72' lang='grc' dir='ltr'>λύπτει.</span> <span class='ocrx_word' id='word_1_335' title='bbox 494 2911 522 2940; x_wconf 73' lang='grc' dir='ltr'><strong>α</strong></span> <span class='ocrx_word' id='word_1_336' title='bbox 573 2888 716 2946; x_wconf 75' lang='grc' dir='ltr'>Κατὰ</span> <span class='ocrx_word' id='word_1_337' title='bbox 758 2885 960 2961; x_wconf 79' lang='grc' dir='ltr'>μηδένα</span> <span class='ocrx_word' id='word_1_338' title='bbox 1005 2889 1221 2966; x_wconf 86' lang='grc' dir='ltr'>τρόπον.</span> <span class='ocrx_word' id='word_1_339' title='bbox 1265 2912 1288 2946; x_wconf 73' lang='grc' dir='ltr'>ι</span> <span class='ocrx_word' id='word_1_340' title='bbox 1339 2890 1428 2950; x_wconf 75' lang='grc' dir='ltr'><strong>Μὴ</strong></span> <span class='ocrx_word' id='word_1_341' title='bbox 1484 2891 1620 2946; x_wconf 82' lang='grc' dir='ltr'>κατὰ</span> <span class='ocrx_word' id='word_1_342' title='bbox 1647 2901 1877 2968; x_wconf 86' lang='grc' dir='ltr'>πνεῦμα,</span> 
     </span>
    </p>
   </div>
   <div class='ocr_carea' id='block_1_48' title="bbox 229 2975 1881 3057">
    <p class='ocr_par' dir='ltr' id='par_1_48' title="bbox 229 2975 1881 3057">
     <span class='ocr_line' id='line_1_49' title="bbox 229 2975 1881 3057; baseline 0.005 -28"><span class='ocrx_word' id='word_1_343' title='bbox 229 2977 380 3055; x_wconf 62' lang='grc' dir='ltr'>φησὶ,</span> <span class='ocrx_word' id='word_1_344' title='bbox 439 2977 518 3050; x_wconf 76' lang='grc' dir='ltr'>μὴ</span> <span class='ocrx_word' id='word_1_345' title='bbox 576 2977 708 3032; x_wconf 74' lang='grc' dir='ltr'>κατὰ</span> <span class='ocrx_word' id='word_1_346' title='bbox 750 2975 934 3057; x_wconf 82' lang='grc' dir='ltr'>λόγον,</span> <span class='ocrx_word' id='word_1_347' title='bbox 980 2977 1057 3052; x_wconf 74' lang='grc' dir='ltr'>μὴ</span> <span class='ocrx_word' id='word_1_348' title='bbox 1113 2977 1249 3034; x_wconf 71' lang='grc' dir='ltr'>κατὰ</span> <span class='ocrx_word' id='word_1_349' title='bbox 1303 2976 1611 3049; x_wconf 70' lang='grc' dir='ltr'>ἐπιστολήν.</span> <span class='ocrx_word' id='word_1_350' title='bbox 1677 3001 1699 3035; x_wconf 80' lang='grc' dir='ltr'>α</span> <span class='ocrx_word' id='word_1_351' title='bbox 1757 2980 1881 3039; x_wconf 74' lang='grc' dir='ltr'><strong>Ἐὰν</strong></span> 
     </span>
    </p>
   </div>
   <div class='ocr_carea' id='block_1_49' title="bbox 1969 1901 3604 1986">
    <p class='ocr_par' dir='ltr' id='par_1_49' title="bbox 1969 1901 3604 1986">
     <span class='ocr_line' id='line_1_50' title="bbox 1969 1901 3604 1986; baseline -0.002 -24"><span class='ocrx_word' id='word_1_352' title='bbox 1969 1932 1991 1962; x_wconf 79' lang='grc' dir='ltr'>ι</span> <span class='ocrx_word' id='word_1_353' title='bbox 2015 1901 2216 1985; x_wconf 87' lang='lat' dir='ltr'><strong>Neque</strong></span> <span class='ocrx_word' id='word_1_354' title='bbox 2240 1924 2345 1985; x_wconf 91' lang='lat' dir='ltr'><strong>per</strong></span> <span class='ocrx_word' id='word_1_355' title='bbox 2360 1906 2688 1986; x_wconf 88' lang='lat' dir='ltr'><strong>epistolam.</strong></span> <span class='ocrx_word' id='word_1_356' title='bbox 2717 1935 2737 1964; x_wconf 79' lang='grc' dir='ltr'><strong>ι</strong></span> <span class='ocrx_word' id='word_1_357' title='bbox 2769 1909 2921 1969; x_wconf 92' lang='lat' dir='ltr'><strong>Nam</strong></span> <span class='ocrx_word' id='word_1_358' title='bbox 2941 1912 2999 1966; x_wconf 93' lang='lat' dir='ltr'><strong>et</strong></span> <span class='ocrx_word' id='word_1_359' title='bbox 3022 1901 3304 1983; x_wconf 89' lang='lat' dir='ltr'><strong>epistolas</strong></span> <span class='ocrx_word' id='word_1_360' title='bbox 3327 1908 3604 1981; x_wconf 88' lang='lat' dir='ltr'><strong>tanquam</strong></span> 
     </span>
    </p>
   </div>
   <div class='ocr_carea' id='block_1_50' title="bbox 1961 1989 3601 2074">
    <p class='ocr_par' dir='ltr' id='par_1_50' title="bbox 1961 1989 3601 2074">
     <span class='ocr_line' id='line_1_51' title="bbox 1961 1989 3601 2074; baseline -0.001 -20"><span class='ocrx_word' id='word_1_361' title='bbox 1961 2009 2034 2054; x_wconf 82' lang='lat' dir='ltr'><strong>ex</strong></span> <span class='ocrx_word' id='word_1_362' title='bbox 2054 1993 2217 2056; x_wconf 90' lang='lat' dir='ltr'><strong>Pauli</strong></span> <span class='ocrx_word' id='word_1_363' title='bbox 2242 1995 2480 2056; x_wconf 87' lang='lat' dir='ltr'><strong>nomine</strong></span> <span class='ocrx_word' id='word_1_364' title='bbox 2500 1993 2819 2074; x_wconf 85' lang='lat' dir='ltr'><strong>ﬁngebant,</strong></span> <span class='ocrx_word' id='word_1_365' title='bbox 2844 1995 3027 2056; x_wconf 90' lang='lat' dir='ltr'><strong>ethoc</strong></span> <span class='ocrx_word' id='word_1_366' title='bbox 3067 2009 3210 2053; x_wconf 91' lang='lat' dir='ltr'><strong>sane</strong></span> <span class='ocrx_word' id='word_1_367' title='bbox 3242 1989 3601 2052; x_wconf 81' lang='lat' dir='ltr'><strong>manifestat.</strong></span> 
     </span>
    </p>
   </div>
   <div class='ocr_carea' id='block_1_51' title="bbox 2043 2079 3603 2164">
    <p class='ocr_par' dir='ltr' id='par_1_51' title="bbox 2043 2079 3603 2164">
     <span class='ocr_line' id='line_1_52' title="bbox 2043 2079 3603 2164; baseline -0.004 -20"><span class='ocrx_word' id='word_1_368' title='bbox 2043 2081 2113 2153; x_wconf 90' lang='lat' dir='ltr'><strong>Il,</strong></span> <span class='ocrx_word' id='word_1_369' title='bbox 2147 2083 2206 2157; x_wconf 89' lang='lat'><strong>3,</strong></span> <span class='ocrx_word' id='word_1_370' title='bbox 2243 2084 2299 2144; x_wconf 74' lang='grc'>4.</span> <span class='ocrx_word' id='word_1_371' title='bbox 2333 2083 2420 2144; x_wconf 83' lang='lat' dir='ltr'><strong>Ne</strong></span> <span class='ocrx_word' id='word_1_372' title='bbox 2450 2087 2586 2163; x_wconf 87' lang='lat' dir='ltr'><strong>quis</strong></span> <span class='ocrx_word' id='word_1_373' title='bbox 2606 2101 2708 2146; x_wconf 86' lang='grc' dir='ltr'>υος</span> <span class='ocrx_word' id='word_1_374' title='bbox 2736 2083 3010 2164; x_wconf 76' lang='lat' dir='ltr'><strong>decipiat</strong></span> <span class='ocrx_word' id='word_1_375' title='bbox 3064 2081 3192 2143; x_wconf 77' lang='lat' dir='ltr'><strong>ulto</strong></span> <span class='ocrx_word' id='word_1_376' title='bbox 3220 2079 3420 2152; x_wconf 88' lang='lat' dir='ltr'><strong>modo,</strong></span> <span class='ocrx_word' id='word_1_377' title='bbox 3451 2093 3603 2156; x_wconf 87' lang='lat' dir='ltr'><strong>quo-</strong></span> 
     </span>
    </p>
   </div>
   <div class='ocr_carea' id='block_1_52' title="bbox 1966 2166 3609 2253">
    <p class='ocr_par' dir='ltr' id='par_1_52' title="bbox 1966 2166 3609 2253">
     <span class='ocr_line' id='line_1_53' title="bbox 1966 2166 3609 2253; baseline -0.003 -19"><span class='ocrx_word' id='word_1_378' title='bbox 1966 2173 2135 2234; x_wconf 87' lang='lat' dir='ltr'><strong>niam</strong></span> <span class='ocrx_word' id='word_1_379' title='bbox 2164 2173 2285 2235; x_wconf 83' lang='lat' dir='ltr'><strong>nisi</strong></span> <span class='ocrx_word' id='word_1_380' title='bbox 2313 2175 2543 2236; x_wconf 83' lang='lat' dir='ltr'><strong>venerit</strong></span> <span class='ocrx_word' id='word_1_381' title='bbox 2589 2176 2858 2253; x_wconf 85' lang='lat' dir='ltr'><strong>primum</strong></span> <span class='ocrx_word' id='word_1_382' title='bbox 2904 2170 3180 2250; x_wconf 80' lang='lat' dir='ltr'><strong>defectio,</strong></span> <span class='ocrx_word' id='word_1_383' title='bbox 3213 2174 3271 2232; x_wconf 89' lang='lat' dir='ltr'><strong>et</strong></span> <span class='ocrx_word' id='word_1_384' title='bbox 3303 2166 3609 2230; x_wconf 77' lang='lat' dir='ltr'><strong>revelatus</strong></span> 
     </span>
    </p>
   </div>
   <div class='ocr_carea' id='block_1_53' title="bbox 1963 2257 3611 2343">
    <p class='ocr_par' dir='ltr' id='par_1_53' title="bbox 1963 2257 3611 2343">
     <span class='ocr_line' id='line_1_54' title="bbox 1963 2257 3611 2343; baseline -0.004 -19"><span class='ocrx_word' id='word_1_385' title='bbox 1963 2262 2151 2340; x_wconf 78' lang='lat' dir='ltr'><strong>fuerit</strong></span> <span class='ocrx_word' id='word_1_386' title='bbox 2177 2264 2354 2324; x_wconf 85' lang='lat' dir='ltr'><strong>homo</strong></span> <span class='ocrx_word' id='word_1_387' title='bbox 2385 2263 2484 2325; x_wconf 77' lang='lat' dir='ltr'><strong>ille</strong></span> <span class='ocrx_word' id='word_1_388' title='bbox 2509 2263 2756 2343; x_wconf 76' lang='lat' dir='ltr'><strong>peccati,</strong></span> <span class='ocrx_word' id='word_1_389' title='bbox 2789 2262 2953 2342; x_wconf 76' lang='lat' dir='ltr'><strong>ﬁlius</strong></span> <span class='ocrx_word' id='word_1_390' title='bbox 2971 2258 3354 2339; x_wconf 78' lang='lat' dir='ltr'><strong>perditionis,</strong></span> <span class='ocrx_word' id='word_1_391' title='bbox 3390 2257 3499 2337; x_wconf 90' lang='lat' dir='ltr'><strong>qui</strong></span> <span class='ocrx_word' id='word_1_392' title='bbox 3520 2261 3611 2318; x_wconf 86' lang='lat' dir='ltr'><strong>est</strong></span> 
     </span>
    </p>
   </div>
   <div class='ocr_carea' id='block_1_54' title="bbox 1963 2347 3610 2432">
    <p class='ocr_par' dir='ltr' id='par_1_54' title="bbox 1963 2347 3610 2432">
     <span class='ocr_line' id='line_1_55' title="bbox 1963 2347 3610 2432; baseline -0.005 -18"><span class='ocrx_word' id='word_1_393' title='bbox 1963 2353 2371 2432; x_wconf 78' lang='lat' dir='ltr'><strong>adversarius,</strong></span> <span class='ocrx_word' id='word_1_394' title='bbox 2431 2360 2490 2416; x_wconf 89' lang='lat' dir='ltr'><strong>et</strong></span> <span class='ocrx_word' id='word_1_395' title='bbox 2535 2353 2790 2432; x_wconf 68' lang='lat' dir='ltr'><strong>effertur</strong></span> <span class='ocrx_word' id='word_1_396' title='bbox 2831 2351 3121 2413; x_wconf 85' lang='lat' dir='ltr'><strong>adversus</strong></span> <span class='ocrx_word' id='word_1_397' title='bbox 3206 2364 3444 2410; x_wconf 88' lang='lat' dir='ltr'><strong>omnem</strong></span> <span class='ocrx_word' id='word_1_398' title='bbox 3503 2347 3610 2425; x_wconf 86' lang='lat' dir='ltr'><strong>qui</strong></span> 
     </span>
    </p>
   </div>
   <div class='ocr_carea' id='block_1_55' title="bbox 1961 2433 3611 2518">
    <p class='ocr_par' dir='ltr' id='par_1_55' title="bbox 1961 2433 3611 2518">
     <span class='ocr_line' id='line_1_56' title="bbox 1961 2433 3611 2518; baseline -0.004 -16"><span class='ocrx_word' id='word_1_399' title='bbox 1961 2440 2191 2502; x_wconf 77' lang='lat' dir='ltr'><strong>dicitur</strong></span> <span class='ocrx_word' id='word_1_400' title='bbox 2219 2440 2380 2504; x_wconf 84' lang='lat' dir='ltr'><strong>Deus</strong></span> <span class='ocrx_word' id='word_1_401' title='bbox 2411 2449 2519 2504; x_wconf 86' lang='lat' dir='ltr'><strong>aut</strong></span> <span class='ocrx_word' id='word_1_402' title='bbox 2548 2459 2795 2518; x_wconf 88' lang='lat' dir='ltr'><strong>numen,</strong></span> <span class='ocrx_word' id='word_1_403' title='bbox 2843 2440 2990 2502; x_wconf 81' lang='lat' dir='ltr'><strong>adeo</strong></span> <span class='ocrx_word' id='word_1_404' title='bbox 3026 2443 3095 2501; x_wconf 91' lang='lat' dir='ltr'><strong>ut</strong></span> <span class='ocrx_word' id='word_1_405' title='bbox 3146 2441 3214 2499; x_wconf 82' lang='lat' dir='ltr'><strong>in</strong></span> <span class='ocrx_word' id='word_1_406' title='bbox 3245 2437 3470 2516; x_wconf 80' lang='lat' dir='ltr'><strong>templo</strong></span> <span class='ocrx_word' id='word_1_407' title='bbox 3497 2433 3611 2496; x_wconf 89' lang='lat' dir='ltr'><strong>Dei</strong></span> 
     </span>
    </p>
   </div>
   <div class='ocr_carea' id='block_1_56' title="bbox 1963 2526 3610 2610">
    <p class='ocr_par' dir='ltr' id='par_1_56' title="bbox 1963 2526 3610 2610">
     <span class='ocr_line' id='line_1_57' title="bbox 1963 2526 3610 2610; baseline -0.004 -18"><span class='ocrx_word' id='word_1_408' title='bbox 1963 2539 2255 2610; x_wconf 79' lang='lat' dir='ltr'><strong>tanquam</strong></span> <span class='ocrx_word' id='word_1_409' title='bbox 2305 2532 2469 2593; x_wconf 85' lang='lat' dir='ltr'><strong>Deus</strong></span> <span class='ocrx_word' id='word_1_410' title='bbox 2513 2530 2737 2605; x_wconf 84' lang='lat' dir='ltr'><strong>sedeat,</strong></span> <span class='ocrx_word' id='word_1_411' title='bbox 2789 2536 3105 2592; x_wconf 82' lang='lat' dir='ltr'><strong>ostentans</strong></span> <span class='ocrx_word' id='word_1_412' title='bbox 3171 2526 3436 2607; x_wconf 82' lang='lat' dir='ltr'><strong>seipsum</strong></span> <span class='ocrx_word' id='word_1_413' title='bbox 3486 2541 3610 2587; x_wconf 80' lang='lat' dir='ltr'><strong>esse</strong></span> 
     </span>
    </p>
   </div>
   <div class='ocr_carea' id='block_1_57' title="bbox 1962 2620 2177 2684">
    <p class='ocr_par' dir='ltr' id='par_1_57' title="bbox 1962 2620 2177 2684">
     <span class='ocr_line' id='line_1_58' title="bbox 1962 2620 2177 2684; baseline -0.028 0"><span class='ocrx_word' id='word_1_414' title='bbox 1962 2620 2150 2684; x_wconf 90' lang='lat' dir='ltr'><strong>Deum</strong></span> <span class='ocrx_word' id='word_1_415' title='bbox 2164 2665 2177 2678; x_wconf 94' lang='lat'><strong>.</strong></span> 
     </span>
    </p>
   </div>
   <div class='ocr_carea' id='block_1_58' title="bbox 2042 2704 3598 2790">
    <p class='ocr_par' dir='ltr' id='par_1_58' title="bbox 2042 2704 3598 2790">
     <span class='ocr_line' id='line_1_59' title="bbox 2042 2704 3598 2790; baseline -0.004 -21"><span class='ocrx_word' id='word_1_416' title='bbox 2042 2707 2330 2780; x_wconf 85' lang='lat' dir='ltr'><strong>Quoniam</strong></span> <span class='ocrx_word' id='word_1_417' title='bbox 2360 2708 2503 2770; x_wconf 84' lang='lat' dir='ltr'><strong>dixit</strong></span> <span class='ocrx_word' id='word_1_418' title='bbox 2534 2728 2652 2771; x_wconf 90' lang='lat' dir='ltr'><strong>non</strong></span> <span class='ocrx_word' id='word_1_419' title='bbox 2682 2709 2927 2790; x_wconf 90' lang='lat' dir='ltr'><strong>instare,</strong></span> <span class='ocrx_word' id='word_1_420' title='bbox 2958 2706 3143 2788; x_wconf 87' lang='lat' dir='ltr'><strong>ipsius</strong></span> <span class='ocrx_word' id='word_1_421' title='bbox 3185 2704 3472 2786; x_wconf 89' lang='lat' dir='ltr'><strong>deinceps</strong></span> <span class='ocrx_word' id='word_1_422' title='bbox 3491 2719 3598 2783; x_wconf 90' lang='lat' dir='ltr'><strong>ap-</strong></span> 
     </span>
    </p>
   </div>
   <div class='ocr_carea' id='block_1_59' title="bbox 1960 2793 3601 2878">
    <p class='ocr_par' dir='ltr' id='par_1_59' title="bbox 1960 2793 3601 2878">
     <span class='ocr_line' id='line_1_60' title="bbox 1960 2793 3601 2878; baseline -0.002 -21"><span class='ocrx_word' id='word_1_423' title='bbox 1960 2797 2472 2878; x_wconf 90' lang='lat' dir='ltr'><strong>propinquationis</strong></span> <span class='ocrx_word' id='word_1_424' title='bbox 2503 2799 2670 2878; x_wconf 85' lang='lat' dir='ltr'><strong>signa</strong></span> <span class='ocrx_word' id='word_1_425' title='bbox 2718 2798 2885 2873; x_wconf 91' lang='lat' dir='ltr'><strong>dicit,</strong></span> <span class='ocrx_word' id='word_1_426' title='bbox 2939 2806 2998 2859; x_wconf 91' lang='lat' dir='ltr'><strong>et</strong></span> <span class='ocrx_word' id='word_1_427' title='bbox 3044 2814 3324 2876; x_wconf 84' lang='lat' dir='ltr'><strong>magnum</strong></span> <span class='ocrx_word' id='word_1_428' title='bbox 3373 2793 3601 2856; x_wconf 88' lang='lat' dir='ltr'><strong>revelat</strong></span> 
     </span>
    </p>
   </div>
   <div class='ocr_carea' id='block_1_60' title="bbox 1963 2881 3598 2968">
    <p class='ocr_par' dir='ltr' id='par_1_60' title="bbox 1963 2881 3598 2968">
     <span class='ocr_line' id='line_1_61' title="bbox 1963 2881 3598 2968; baseline -0.016 -1"><span class='ocrx_word' id='word_1_429' title='bbox 1963 2887 2332 2966; x_wconf 59' lang='lat' dir='ltr'><strong>mysterium.</strong></span> <span class='ocrx_word' id='word_1_430' title='bbox 2354 2887 2522 2950; x_wconf 68' lang='lat' dir='ltr'><strong>«Ullo</strong></span> <span class='ocrx_word' id='word_1_431' title='bbox 2554 2887 2729 2950; x_wconf 91' lang='lat' dir='ltr'><strong>modo</strong></span> <span class='ocrx_word' id='word_1_432' title='bbox 2760 2914 2785 2945; x_wconf 73' lang='grc' dir='ltr'>ι)</span> <span class='ocrx_word' id='word_1_433' title='bbox 2813 2888 3020 2968; x_wconf 89' lang='lat' dir='ltr'><strong>Neque</strong></span> <span class='ocrx_word' id='word_1_434' title='bbox 3047 2904 3154 2968; x_wconf 90' lang='lat' dir='ltr'><strong>per</strong></span> <span class='ocrx_word' id='word_1_435' title='bbox 3173 2884 3472 2966; x_wconf 82' lang='lat' dir='ltr'><strong>spiritum,</strong></span> <span class='ocrx_word' id='word_1_436' title='bbox 3503 2881 3598 2942; x_wconf 88' lang='lat' dir='ltr'><strong>in-</strong></span> 
     </span>
    </p>
   </div>
   <div class='ocr_carea' id='block_1_61' title="bbox 1966 2972 3602 3058">
    <p class='ocr_par' dir='ltr' id='par_1_61' title="bbox 1966 2972 3602 3058">
     <span class='ocr_line' id='line_1_62' title="bbox 1966 2972 3602 3058; baseline -0.002 -24"><span class='ocrx_word' id='word_1_437' title='bbox 1966 2975 2114 3056; x_wconf 87' lang='lat' dir='ltr'><strong>quit,</strong></span> <span class='ocrx_word' id='word_1_438' title='bbox 2148 2994 2339 3057; x_wconf 88' lang='lat' dir='ltr'><strong>neque</strong></span> <span class='ocrx_word' id='word_1_439' title='bbox 2372 2995 2478 3057; x_wconf 90' lang='lat' dir='ltr'><strong>per</strong></span> <span class='ocrx_word' id='word_1_440' title='bbox 2505 2995 2870 3050; x_wconf 90' lang='lat' dir='ltr'><strong>sermonem,</strong></span> <span class='ocrx_word' id='word_1_441' title='bbox 2902 2994 3100 3058; x_wconf 89' lang='lat' dir='ltr'><strong>neque</strong></span> <span class='ocrx_word' id='word_1_442' title='bbox 3131 2994 3238 3058; x_wconf 88' lang='lat' dir='ltr'><strong>per</strong></span> <span class='ocrx_word' id='word_1_443' title='bbox 3267 2972 3602 3056; x_wconf 89' lang='lat' dir='ltr'><strong>epistolam.</strong></span> 
     </span>
    </p>
   </div>
   <div class='ocr_carea' id='block_1_62' title="bbox 233 3062 1882 3152">
    <p class='ocr_par' dir='ltr' id='par_1_62' title="bbox 233 3067 1882 3152">
     <span class='ocr_line' id='line_1_63' title="bbox 233 3067 1882 3152; baseline 0.004 -29"><span class='ocrx_word' id='word_1_444' title='bbox 233 3075 312 3144; x_wconf 77' lang='grc' dir='ltr'>μὴ</span> <span class='ocrx_word' id='word_1_445' title='bbox 358 3068 488 3144; x_wconf 66' lang='grc' dir='ltr'>ἔλθῃ</span> <span class='ocrx_word' id='word_1_446' title='bbox 546 3069 863 3132; x_wconf 78' lang='grc' dir='ltr'>ἀποστασία,</span> <span class='ocrx_word' id='word_1_447' title='bbox 917 3094 941 3124; x_wconf 74' lang='grc' dir='ltr'>ι</span> <span class='ocrx_word' id='word_1_448' title='bbox 1006 3067 1356 3127; x_wconf 79' lang='grc' dir='ltr'>Ἀποστασίαν</span> <span class='ocrx_word' id='word_1_449' title='bbox 1412 3074 1568 3128; x_wconf 71' lang='grc' dir='ltr'>αὐτὸν</span> <span class='ocrx_word' id='word_1_450' title='bbox 1620 3071 1764 3152; x_wconf 83' lang='grc' dir='ltr'>λέγει</span> <span class='ocrx_word' id='word_1_451' title='bbox 1794 3075 1882 3130; x_wconf 90' lang='grc' dir='ltr'><strong>τὸν</strong></span> 
     </span>
    </p>
   </div>
   <div class='ocr_carea' id='block_1_63' title="bbox 1969 3062 3606 3152">
    <p class='ocr_par' dir='ltr' id='par_1_63' title="bbox 1973 3063 3606 3143">
     <span class='ocr_line' id='line_1_64' title="bbox 1973 3063 3606 3143; baseline -0.001 -20"><span class='ocrx_word' id='word_1_452' title='bbox 1973 3093 1994 3123; x_wconf 77' lang='grc' dir='ltr'>ι</span> <span class='ocrx_word' id='word_1_453' title='bbox 2028 3063 2153 3126; x_wconf 91' lang='lat' dir='ltr'><strong>Nisi</strong></span> <span class='ocrx_word' id='word_1_454' title='bbox 2188 3067 2414 3128; x_wconf 87' lang='lat' dir='ltr'><strong>venerit</strong></span> <span class='ocrx_word' id='word_1_455' title='bbox 2443 3066 2717 3129; x_wconf 82' lang='lat' dir='ltr'><strong>defectio.</strong></span> <span class='ocrx_word' id='word_1_456' title='bbox 2757 3095 2778 3124; x_wconf 74' lang='grc' dir='ltr'><strong>ι</strong></span> <span class='ocrx_word' id='word_1_457' title='bbox 2814 3066 3224 3130; x_wconf 90' lang='lat' dir='ltr'><strong>Defectionem</strong></span> <span class='ocrx_word' id='word_1_458' title='bbox 3251 3063 3606 3143; x_wconf 91' lang='lat' dir='ltr'><strong>dicitipsum</strong></span> 
     </span>
    </p>
   </div>
   <div class='ocr_carea' id='block_1_64' title="bbox 232 3160 1884 3253">
    <p class='ocr_par' dir='ltr' id='par_1_64' title="bbox 232 3160 1884 3253">
     <span class='ocr_line' id='line_1_65' title="bbox 232 3160 1884 3253; baseline 0.003 -35"><span class='ocrx_word' id='word_1_459' title='bbox 232 3160 630 3253; x_wconf 53' lang='grc' dir='ltr'>Ἀντίχριστξν,</span> <span class='ocrx_word' id='word_1_460' title='bbox 665 3166 738 3226; x_wconf 83' lang='grc' dir='ltr'>ὡς</span> <span class='ocrx_word' id='word_1_461' title='bbox 780 3164 1004 3242; x_wconf 64' lang='grc' dir='ltr'>ἀφιστᾷν</span> <span class='ocrx_word' id='word_1_462' title='bbox 1048 3163 1309 3238; x_wconf 86' lang='grc' dir='ltr'>μέλλοντα</span> <span class='ocrx_word' id='word_1_463' title='bbox 1363 3163 1592 3230; x_wconf 80' lang='grc' dir='ltr'>πολλοὺς</span> <span class='ocrx_word' id='word_1_464' title='bbox 1642 3166 1747 3222; x_wconf 80' lang='grc' dir='ltr'>ἀπὸ</span> <span class='ocrx_word' id='word_1_465' title='bbox 1789 3175 1884 3224; x_wconf 88' lang='grc' dir='ltr'><strong>τοῦ</strong></span> 
     </span>
    </p>
   </div>
   <div class='ocr_carea' id='block_1_65' title="bbox 234 3252 1875 3335">
    <p class='ocr_par' dir='ltr' id='par_1_65' title="bbox 234 3252 1875 3335">
     <span class='ocr_line' id='line_1_66' title="bbox 234 3252 1875 3335; baseline 0.004 -29"><span class='ocrx_word' id='word_1_466' title='bbox 234 3257 486 3328; x_wconf 74' lang='grc' dir='ltr'>Χριστοῦ.</span> <span class='ocrx_word' id='word_1_467' title='bbox 557 3259 599 3308; x_wconf 81' lang='grc' dir='ltr'>Η</span> <span class='ocrx_word' id='word_1_468' title='bbox 625 3252 970 3326; x_wconf 72' lang='grc' dir='ltr'>ἀποστασίαν,</span> <span class='ocrx_word' id='word_1_469' title='bbox 1015 3253 1177 3320; x_wconf 70' lang='grc' dir='ltr'>αὖτὴν</span> <span class='ocrx_word' id='word_1_470' title='bbox 1206 3254 1306 3320; x_wconf 75' lang='grc' dir='ltr'>τὴν</span> <span class='ocrx_word' id='word_1_471' title='bbox 1365 3253 1469 3309; x_wconf 75' lang='grc' dir='ltr'>ἀπὸ</span> <span class='ocrx_word' id='word_1_472' title='bbox 1498 3261 1630 3312; x_wconf 87' lang='grc' dir='ltr'>Θεοῦ</span> <span class='ocrx_word' id='word_1_473' title='bbox 1658 3256 1875 3335; x_wconf 74' lang='grc' dir='ltr'>ἀναχώο</span> 
     </span>
    </p>
   </div>
   <div class='ocr_carea' id='block_1_66' title="bbox 233 3341 1875 3422">
    <p class='ocr_par' dir='ltr' id='par_1_66' title="bbox 233 3341 1875 3422">
     <span class='ocr_line' id='line_1_67' title="bbox 233 3341 1875 3422; baseline 0.003 -27"><span class='ocrx_word' id='word_1_474' title='bbox 233 3361 412 3416; x_wconf 81' lang='grc' dir='ltr'>ρησιν,</span> <span class='ocrx_word' id='word_1_475' title='bbox 461 3342 548 3395; x_wconf 75' lang='grc' dir='ltr'>καὶ</span> <span class='ocrx_word' id='word_1_476' title='bbox 579 3342 704 3396; x_wconf 62' lang='grc' dir='ltr'>αὐτὸ</span> <span class='ocrx_word' id='word_1_477' title='bbox 729 3343 789 3397; x_wconf 88' lang='grc' dir='ltr'><strong>τὸ</strong></span> <span class='ocrx_word' id='word_1_478' title='bbox 820 3347 1059 3420; x_wconf 80' lang='grc' dir='ltr'>πρᾶγμα.</span> <span class='ocrx_word' id='word_1_479' title='bbox 1124 3373 1198 3385; x_wconf 87' lang='grc'><strong>-</strong></span> <span class='ocrx_word' id='word_1_480' title='bbox 1237 3363 1259 3397; x_wconf 74' lang='grc' dir='ltr'><strong>α</strong></span> <span class='ocrx_word' id='word_1_481' title='bbox 1312 3343 1410 3400; x_wconf 80' lang='grc' dir='ltr'><strong>Καὶ</strong></span> <span class='ocrx_word' id='word_1_482' title='bbox 1439 3341 1808 3422; x_wconf 73' lang='grc' dir='ltr'>ἀποκαλυφθῇ.</span> <span class='ocrx_word' id='word_1_483' title='bbox 1848 3369 1875 3400; x_wconf 72' lang='grc' dir='ltr'>ιι</span> 
     </span>
    </p>
   </div>
   <div class='ocr_carea' id='block_1_67' title="bbox 234 3426 1884 3512">
    <p class='ocr_par' dir='ltr' id='par_1_67' title="bbox 234 3426 1884 3512">
     <span class='ocr_line' id='line_1_68' title="bbox 234 3426 1884 3512; baseline 0.003 -28"><span class='ocrx_word' id='word_1_484' title='bbox 234 3427 585 3507; x_wconf 51' lang='grc' dir='ltr'><strong>[ΘΕΟΔΔΡᾸ</strong></span> <span class='ocrx_word' id='word_1_485' title='bbox 624 3426 976 3499; x_wconf 64' lang='grc' dir='ltr'>Σὸεσθιςσεται</span> <span class='ocrx_word' id='word_1_486' title='bbox 1003 3430 1103 3508; x_wconf 79' lang='grc' dir='ltr'>γὰρ</span> <span class='ocrx_word' id='word_1_487' title='bbox 1131 3431 1166 3498; x_wconf 74' lang='grc' dir='ltr'>ἡ</span> <span class='ocrx_word' id='word_1_488' title='bbox 1228 3431 1531 3512; x_wconf 66' lang='grc' dir='ltr'>κατέχουσα</span> <span class='ocrx_word' id='word_1_489' title='bbox 1559 3430 1759 3508; x_wconf 84' lang='grc' dir='ltr'>πλάνη,</span> <span class='ocrx_word' id='word_1_490' title='bbox 1795 3443 1884 3497; x_wconf 86' lang='grc' dir='ltr'>καὶ</span> 
     </span>
    </p>
   </div>
   <div class='ocr_carea' id='block_1_68' title="bbox 229 3515 1884 3595">
    <p class='ocr_par' dir='ltr' id='par_1_68' title="bbox 229 3515 1884 3595">
     <span class='ocr_line' id='line_1_69' title="bbox 229 3515 1490 3571; baseline 0.005 -37"><span class='ocrx_word' id='word_1_491' title='bbox 229 3515 260 3571; x_wconf 65' lang='grc' dir='ltr'><strong>λ</strong></span> <span class='ocrx_word' id='word_1_492' title='bbox 285 3515 326 3534; x_wconf 71' lang='grc'>.-</span> <span class='ocrx_word' id='word_1_493' title='bbox 424 3523 486 3550; x_wconf 80' lang='lat'><strong>__-</strong></span> <span class='ocrx_word' id='word_1_494' title='bbox 621 3515 669 3540; x_wconf 57' lang='grc' dir='ltr'>,κ</span> <span class='ocrx_word' id='word_1_495' title='bbox 691 3518 702 3536; x_wconf 76' lang='lat'><strong>.</strong></span> <span class='ocrx_word' id='word_1_496' title='bbox 997 3517 1017 3536; x_wconf 73' lang='grc' dir='ltr'><strong>ν</strong></span> <span class='ocrx_word' id='word_1_497' title='bbox 1356 3521 1370 3540; x_wconf 62' lang='grc' dir='ltr'><strong>ς</strong></span> <span class='ocrx_word' id='word_1_498' title='bbox 1480 3520 1490 3540; x_wconf 77' lang='grc'><strong><em>1</em></strong></span> 
     </span>
     <span class='ocr_line' id='line_1_70' title="bbox 263 3516 1884 3595; baseline 0.004 -24"><span class='ocrx_word' id='word_1_499' title='bbox 263 3537 378 3586; x_wconf 73' lang='grc' dir='ltr'>ηςει</span> <span class='ocrx_word' id='word_1_500' title='bbox 435 3539 532 3573; x_wconf 72' lang='grc' dir='ltr'>,ων</span> <span class='ocrx_word' id='word_1_501' title='bbox 596 3516 822 3574; x_wconf 82' lang='grc' dir='ltr'>ειοωλων</span> <span class='ocrx_word' id='word_1_502' title='bbox 877 3520 912 3587; x_wconf 73' lang='grc' dir='ltr'>ἡ</span> <span class='ocrx_word' id='word_1_503' title='bbox 970 3517 1228 3595; x_wconf 83' lang='grc' dir='ltr'>ἐςαπάτη,</span> <span class='ocrx_word' id='word_1_504' title='bbox 1287 3543 1374 3576; x_wconf 87' lang='grc' dir='ltr'><strong>και</strong></span> <span class='ocrx_word' id='word_1_505' title='bbox 1431 3542 1551 3576; x_wconf 86' lang='grc' dir='ltr'>τοτε</span> <span class='ocrx_word' id='word_1_506' title='bbox 1608 3520 1884 3579; x_wconf 83' lang='grc' dir='ltr'>ἀποκαλυ-</span> 
     </span>
    </p>
   </div>
   <div class='ocr_carea' id='block_1_69' title="bbox 230 3605 1882 3690">
    <p class='ocr_par' dir='ltr' id='par_1_69' title="bbox 230 3605 1882 3690">
     <span class='ocr_line' id='line_1_71' title="bbox 230 3605 1882 3690; baseline 0.004 -29"><span class='ocrx_word' id='word_1_507' title='bbox 230 3608 491 3683; x_wconf 62' lang='grc' dir='ltr'>φθήσεται</span> <span class='ocrx_word' id='word_1_508' title='bbox 521 3608 551 3662; x_wconf 92' lang='lat'><strong>6</strong></span> <span class='ocrx_word' id='word_1_509' title='bbox 609 3605 829 3681; x_wconf 75' lang='grc' dir='ltr'>ἄνομος.</span> <span class='ocrx_word' id='word_1_510' title='bbox 889 3617 1054 3667; x_wconf 85' lang='grc' dir='ltr'>Τοῦτο</span> <span class='ocrx_word' id='word_1_511' title='bbox 1110 3608 1210 3687; x_wconf 79' lang='grc' dir='ltr'><strong>γὰρ</strong></span> <span class='ocrx_word' id='word_1_512' title='bbox 1263 3611 1350 3666; x_wconf 82' lang='grc' dir='ltr'><strong>καὶ</strong></span> <span class='ocrx_word' id='word_1_513' title='bbox 1404 3611 1432 3665; x_wconf 93' lang='lat'><strong>6</strong></span> <span class='ocrx_word' id='word_1_514' title='bbox 1490 3609 1676 3688; x_wconf 84' lang='grc' dir='ltr'>Κύριος</span> <span class='ocrx_word' id='word_1_515' title='bbox 1735 3611 1882 3690; x_wconf 82' lang='grc' dir='ltr'>εἶπε,</span> 
     </span>
    </p>
   </div>
   <div class='ocr_carea' id='block_1_70' title="bbox 239 3696 1888 3779">
    <p class='ocr_par' dir='ltr' id='par_1_70' title="bbox 239 3696 1888 3779">
     <span class='ocr_line' id='line_1_72' title="bbox 239 3696 1888 3779; baseline 0.005 -31"><span class='ocrx_word' id='word_1_516' title='bbox 239 3719 262 3748; x_wconf 77' lang='grc' dir='ltr'>ι</span> <span class='ocrx_word' id='word_1_517' title='bbox 302 3697 713 3775; x_wconf 68' lang='grc' dir='ltr'>Κηροχθήσεται</span> <span class='ocrx_word' id='word_1_518' title='bbox 744 3699 804 3752; x_wconf 86' lang='grc' dir='ltr'><strong>τὸ</strong></span> <span class='ocrx_word' id='word_1_519' title='bbox 852 3696 1174 3775; x_wconf 76' lang='grc' dir='ltr'>Εὖαγγέλιον</span> <span class='ocrx_word' id='word_1_520' title='bbox 1217 3699 1290 3759; x_wconf 82' lang='grc' dir='ltr'>εἷς</span> <span class='ocrx_word' id='word_1_521' title='bbox 1347 3699 1518 3754; x_wconf 82' lang='grc' dir='ltr'>πάντα</span> <span class='ocrx_word' id='word_1_522' title='bbox 1574 3700 1640 3755; x_wconf 80' lang='grc' dir='ltr'>τὰ</span> <span class='ocrx_word' id='word_1_523' title='bbox 1687 3699 1888 3779; x_wconf 87' lang='grc' dir='ltr'>πέρατα</span> 
     </span>
    </p>
   </div>
   <div class='ocr_carea' id='block_1_71' title="bbox 231 3785 1885 3864">
    <p class='ocr_par' dir='ltr' id='par_1_71' title="bbox 231 3785 1885 3864">
     <span class='ocr_line' id='line_1_73' title="bbox 231 3785 1885 3864; baseline 0.005 -25"><span class='ocrx_word' id='word_1_524' title='bbox 231 3786 332 3850; x_wconf 76' lang='grc' dir='ltr'>τῆς</span> <span class='ocrx_word' id='word_1_525' title='bbox 365 3790 469 3861; x_wconf 75' lang='grc' dir='ltr'>γῆς</span> <span class='ocrx_word' id='word_1_526' title='bbox 503 3785 578 3847; x_wconf 83' lang='grc' dir='ltr'>εἷς</span> <span class='ocrx_word' id='word_1_527' title='bbox 605 3785 884 3864; x_wconf 82' lang='grc' dir='ltr'>μαρτύριον</span> <span class='ocrx_word' id='word_1_528' title='bbox 917 3799 1126 3860; x_wconf 78' lang='grc' dir='ltr'>αυτοῖς,</span> <span class='ocrx_word' id='word_1_529' title='bbox 1159 3788 1247 3843; x_wconf 86' lang='grc' dir='ltr'><strong>καὶ</strong></span> <span class='ocrx_word' id='word_1_530' title='bbox 1277 3787 1396 3844; x_wconf 87' lang='grc' dir='ltr'>τότε</span> <span class='ocrx_word' id='word_1_531' title='bbox 1425 3785 1536 3854; x_wconf 72' lang='grc' dir='ltr'>ἥξει</span> <span class='ocrx_word' id='word_1_532' title='bbox 1565 3789 1627 3845; x_wconf 90' lang='grc' dir='ltr'><strong>τὸ</strong></span> <span class='ocrx_word' id='word_1_533' title='bbox 1655 3787 1827 3852; x_wconf 87' lang='grc' dir='ltr'>τέλος.</span> <span class='ocrx_word' id='word_1_534' title='bbox 1855 3808 1885 3848; x_wconf 69' lang='grc' dir='ltr'><strong><em>ι</em></strong></span> 
     </span>
    </p>
   </div>
   <div class='ocr_carea' id='block_1_72' title="bbox 232 3866 1887 3957">
    <p class='ocr_par' dir='ltr' id='par_1_72' title="bbox 232 3866 1887 3957">
     <span class='ocr_line' id='line_1_74' title="bbox 232 3866 1887 3957; baseline 0.003 -27"><span class='ocrx_word' id='word_1_535' title='bbox 232 3907 313 3919; x_wconf 89' lang='lat'><strong>--</strong></span> <span class='ocrx_word' id='word_1_536' title='bbox 351 3898 376 3930; x_wconf 77' lang='grc' dir='ltr'>ι</span> <span class='ocrx_word' id='word_1_537' title='bbox 423 3866 483 3933; x_wconf 72' lang='grc' dir='ltr'><strong>Ὀ</strong></span> <span class='ocrx_word' id='word_1_538' title='bbox 513 3873 782 3953; x_wconf 75' lang='grc' dir='ltr'>ἄνθρωπος</span> <span class='ocrx_word' id='word_1_539' title='bbox 810 3881 910 3943; x_wconf 79' lang='grc' dir='ltr'>τῆς</span> <span class='ocrx_word' id='word_1_540' title='bbox 955 3877 1236 3956; x_wconf 84' lang='grc' dir='ltr'>ἁμαρτίας,</span> <span class='ocrx_word' id='word_1_541' title='bbox 1272 3899 1300 3932; x_wconf 72' lang='grc' dir='ltr'><strong><em>ι</em></strong></span> <span class='ocrx_word' id='word_1_542' title='bbox 1350 3877 1589 3957; x_wconf 77' lang='grc' dir='ltr'>ίιΩΛΝ.]</span> <span class='ocrx_word' id='word_1_543' title='bbox 1622 3878 1709 3941; x_wconf 89' lang='grc' dir='ltr'>Τίς</span> <span class='ocrx_word' id='word_1_544' title='bbox 1738 3878 1887 3943; x_wconf 77' lang='grc' dir='ltr'>οὗτος</span> 
     </span>
    </p>
   </div>
   <div class='ocr_carea' id='block_1_73' title="bbox 234 3963 1884 4046">
    <p class='ocr_par' dir='ltr' id='par_1_73' title="bbox 234 3963 1884 4046">
     <span class='ocr_line' id='line_1_75' title="bbox 234 3963 1884 4046; baseline 0.003 -27"><span class='ocrx_word' id='word_1_545' title='bbox 234 3963 418 4043; x_wconf 69' lang='grc' dir='ltr'>ἐστίνς</span> <span class='ocrx_word' id='word_1_546' title='bbox 482 3964 585 4043; x_wconf 84' lang='grc' dir='ltr'><strong>ἆρα</strong></span> <span class='ocrx_word' id='word_1_547' title='bbox 643 3967 673 4020; x_wconf 87' lang='lat'><strong>6</strong></span> <span class='ocrx_word' id='word_1_548' title='bbox 733 3971 1010 4045; x_wconf 70' lang='grc' dir='ltr'>Σατανᾶςς</span> <span class='ocrx_word' id='word_1_549' title='bbox 1069 3963 1338 4042; x_wconf 73' lang='grc' dir='ltr'>οὒδαμῶς.</span> <span class='ocrx_word' id='word_1_550' title='bbox 1405 3964 1555 4023; x_wconf 86' lang='grc' dir='ltr'>Ἀλλ’</span> <span class='ocrx_word' id='word_1_551' title='bbox 1612 3963 1884 4046; x_wconf 74' lang='grc' dir='ltr'>ἄνθρωπός</span> 
     </span>
    </p>
   </div>
   <div class='ocr_carea' id='block_1_74' title="bbox 232 4051 1881 4137">
    <p class='ocr_par' dir='ltr' id='par_1_74' title="bbox 232 4051 1881 4137">
     <span class='ocr_line' id='line_1_76' title="bbox 232 4051 1881 4137; baseline 0.002 -27"><span class='ocrx_word' id='word_1_552' title='bbox 232 4075 338 4132; x_wconf 83' lang='grc' dir='ltr'>τις,</span> <span class='ocrx_word' id='word_1_553' title='bbox 367 4060 546 4110; x_wconf 76' lang='grc' dir='ltr'>πᾶσαν</span> <span class='ocrx_word' id='word_1_554' title='bbox 578 4056 732 4111; x_wconf 69' lang='grc' dir='ltr'>αὐτοῦ</span> <span class='ocrx_word' id='word_1_555' title='bbox 770 4051 1059 4133; x_wconf 69' lang='grc' dir='ltr'>δεχόμενος</span> <span class='ocrx_word' id='word_1_556' title='bbox 1101 4059 1200 4123; x_wconf 81' lang='grc' dir='ltr'>τῆν</span> <span class='ocrx_word' id='word_1_557' title='bbox 1253 4054 1540 4134; x_wconf 85' lang='grc' dir='ltr'>ἐνέργειαν.</span> <span class='ocrx_word' id='word_1_558' title='bbox 1577 4053 1881 4137; x_wconf 84' lang='grc' dir='ltr'><strong>[ΣΕΥΗΡ.]</strong></span> 
     </span>
    </p>
   </div>
   <div class='ocr_carea' id='block_1_75' title="bbox 235 4143 1884 4223">
    <p class='ocr_par' dir='ltr' id='par_1_75' title="bbox 235 4143 1884 4223">
     <span class='ocr_line' id='line_1_77' title="bbox 235 4143 1884 4223; baseline 0.001 -24"><span class='ocrx_word' id='word_1_559' title='bbox 235 4143 384 4200; x_wconf 76' lang='grc' dir='ltr'><strong>Κατᾶ</strong></span> <span class='ocrx_word' id='word_1_560' title='bbox 414 4143 657 4217; x_wconf 79' lang='grc' dir='ltr'>μῖμησιν</span> <span class='ocrx_word' id='word_1_561' title='bbox 713 4150 806 4199; x_wconf 88' lang='grc' dir='ltr'><strong>τοῦ</strong></span> <span class='ocrx_word' id='word_1_562' title='bbox 849 4148 1099 4223; x_wconf 82' lang='grc' dir='ltr'>Σωτῆρος</span> <span class='ocrx_word' id='word_1_563' title='bbox 1150 4143 1366 4223; x_wconf 72' lang='grc' dir='ltr'>ἔρχεται</span> <span class='ocrx_word' id='word_1_564' title='bbox 1421 4146 1449 4200; x_wconf 90' lang='lat'><strong>6</strong></span> <span class='ocrx_word' id='word_1_565' title='bbox 1519 4150 1782 4218; x_wconf 82' lang='grc' dir='ltr'>Σατανᾶς,</span> <span class='ocrx_word' id='word_1_566' title='bbox 1831 4146 1884 4201; x_wconf 85' lang='grc' dir='ltr'><strong>ἐν</strong></span> 
     </span>
    </p>
   </div>
   <div class='ocr_carea' id='block_1_76' title="bbox 235 4216 1883 4314">
    <p class='ocr_par' dir='ltr' id='par_1_76' title="bbox 235 4216 1883 4314">
     <span class='ocr_line' id='line_1_78' title="bbox 235 4216 1883 4314; baseline 0.002 -28"><span class='ocrx_word' id='word_1_567' title='bbox 235 4231 498 4310; x_wconf 62' lang='grc' dir='ltr'>ἀνθρώπῳ</span> <span class='ocrx_word' id='word_1_568' title='bbox 555 4230 834 4312; x_wconf 73' lang='grc' dir='ltr'>ὁλοκλήρῳ</span> <span class='ocrx_word' id='word_1_569' title='bbox 891 4265 970 4277; x_wconf 93' lang='grc'><strong>-</strong></span> <span class='ocrx_word' id='word_1_570' title='bbox 1013 4216 1022 4223; x_wconf 46' lang='grc'><em>’</em></span> <span class='ocrx_word' id='word_1_571' title='bbox 1077 4216 1270 4297; x_wconf 61' lang='grc' dir='ltr'>Αλλος.</span> <span class='ocrx_word' id='word_1_572' title='bbox 1337 4216 1632 4314; x_wconf 58' lang='grc' dir='ltr'>Ἄνθρωπον</span> <span class='ocrx_word' id='word_1_573' title='bbox 1704 4216 1883 4314; x_wconf 84' lang='grc' dir='ltr'>ἁμαρ-</span> 
     </span>
    </p>
   </div>
   <div class='ocr_carea' id='block_1_77' title="bbox 1963 3152 3612 3238">
    <p class='ocr_par' dir='ltr' id='par_1_77' title="bbox 1963 3152 3612 3238">
     <span class='ocr_line' id='line_1_79' title="bbox 1963 3152 3612 3238; baseline -0.001 -23"><span class='ocrx_word' id='word_1_574' title='bbox 1963 3152 2424 3233; x_wconf 84' lang='lat' dir='ltr'><strong>Antichrismm,</strong></span> <span class='ocrx_word' id='word_1_575' title='bbox 2471 3156 2627 3238; x_wconf 83' lang='lat' dir='ltr'><strong>quod</strong></span> <span class='ocrx_word' id='word_1_576' title='bbox 2676 3157 2892 3220; x_wconf 88' lang='lat' dir='ltr'><strong>multos</strong></span> <span class='ocrx_word' id='word_1_577' title='bbox 2942 3163 3320 3238; x_wconf 90' lang='lat' dir='ltr'><strong>separaturus</strong></span> <span class='ocrx_word' id='word_1_578' title='bbox 3376 3159 3534 3216; x_wconf 87' lang='lat' dir='ltr'><strong>esset</strong></span> <span class='ocrx_word' id='word_1_579' title='bbox 3576 3168 3612 3213; x_wconf 87' lang='lat' dir='ltr'><strong>a</strong></span> 
     </span>
    </p>
   </div>
   <div class='ocr_carea' id='block_1_78' title="bbox 1967 3240 3608 3326">
    <p class='ocr_par' dir='ltr' id='par_1_78' title="bbox 1967 3240 3608 3326">
     <span class='ocr_line' id='line_1_80' title="bbox 1967 3240 3608 3326; baseline -0.002 -22"><span class='ocrx_word' id='word_1_580' title='bbox 1967 3240 2220 3306; x_wconf 88' lang='lat' dir='ltr'><strong>Christo.</strong></span> <span class='ocrx_word' id='word_1_581' title='bbox 2237 3245 2348 3306; x_wconf 89' lang='lat' dir='ltr'><strong>Aut</strong></span> <span class='ocrx_word' id='word_1_582' title='bbox 2363 3247 2720 3326; x_wconf 88' lang='lat' dir='ltr'><strong>apostasiam</strong></span> <span class='ocrx_word' id='word_1_583' title='bbox 2741 3246 2865 3309; x_wconf 86' lang='lat' dir='ltr'><strong>sive</strong></span> <span class='ocrx_word' id='word_1_584' title='bbox 2886 3244 3280 3310; x_wconf 85' lang='lat' dir='ltr'><strong>defectionem</strong></span> <span class='ocrx_word' id='word_1_585' title='bbox 3304 3242 3386 3308; x_wconf 89' lang='lat' dir='ltr'><strong>ait</strong></span> <span class='ocrx_word' id='word_1_586' title='bbox 3418 3242 3608 3324; x_wconf 90' lang='lat' dir='ltr'><strong>ipsam</strong></span> 
     </span>
    </p>
   </div>
   <div class='ocr_carea' id='block_1_79' title="bbox 1964 3331 3608 3418">
    <p class='ocr_par' dir='ltr' id='par_1_79' title="bbox 1964 3331 3608 3418">
     <span class='ocr_line' id='line_1_81' title="bbox 1964 3331 3608 3418; baseline -0.001 -27"><span class='ocrx_word' id='word_1_587' title='bbox 1964 3348 1998 3391; x_wconf 93' lang='lat' dir='ltr'><strong>a</strong></span> <span class='ocrx_word' id='word_1_588' title='bbox 2029 3331 2147 3393; x_wconf 90' lang='lat' dir='ltr'><strong>Deo</strong></span> <span class='ocrx_word' id='word_1_589' title='bbox 2180 3338 2635 3414; x_wconf 69' lang='lat' dir='ltr'><strong>soparationem,</strong></span> <span class='ocrx_word' id='word_1_590' title='bbox 2661 3344 2717 3400; x_wconf 92' lang='lat' dir='ltr'><strong>et</strong></span> <span class='ocrx_word' id='word_1_591' title='bbox 2734 3355 2860 3399; x_wconf 89' lang='lat' dir='ltr'><strong>rem</strong></span> <span class='ocrx_word' id='word_1_592' title='bbox 2884 3337 3070 3418; x_wconf 87' lang='lat' dir='ltr'><strong>ipsam</strong></span> <span class='ocrx_word' id='word_1_593' title='bbox 3095 3354 3227 3416; x_wconf 70' lang='lat' dir='ltr'><strong>quae</strong></span> <span class='ocrx_word' id='word_1_594' title='bbox 3256 3351 3365 3415; x_wconf 91' lang='lat' dir='ltr'><strong>per</strong></span> <span class='ocrx_word' id='word_1_595' title='bbox 3388 3347 3608 3394; x_wconf 91' lang='lat' dir='ltr'><strong>nomen</strong></span> 
     </span>
    </p>
   </div>
   <div class='ocr_carea' id='block_1_80' title="bbox 1965 3419 3608 3500">
    <p class='ocr_par' dir='ltr' id='par_1_80' title="bbox 1965 3419 3608 3500">
     <span class='ocr_line' id='line_1_82' title="bbox 1965 3419 3608 3500; baseline -0.001 -19"><span class='ocrx_word' id='word_1_596' title='bbox 1965 3419 2347 3496; x_wconf 80' lang='lat' dir='ltr'><strong>significatur.</strong></span> <span class='ocrx_word' id='word_1_597' title='bbox 2373 3458 2450 3469; x_wconf 96' lang='lat'><strong>—</strong></span> <span class='ocrx_word' id='word_1_598' title='bbox 2479 3454 2502 3485; x_wconf 79' lang='grc' dir='ltr'><strong>ιι</strong></span> <span class='ocrx_word' id='word_1_599' title='bbox 2527 3425 2596 3486; x_wconf 87' lang='grc' dir='ltr'>Ει</span> <span class='ocrx_word' id='word_1_600' title='bbox 2636 3425 2932 3487; x_wconf 86' lang='lat' dir='ltr'><strong>revelatus</strong></span> <span class='ocrx_word' id='word_1_601' title='bbox 2970 3424 3174 3486; x_wconf 86' lang='lat' dir='ltr'><strong>fuerit.</strong></span> <span class='ocrx_word' id='word_1_602' title='bbox 3203 3440 3228 3474; x_wconf 76' lang='grc' dir='ltr'><strong><em>ι</em></strong></span> <span class='ocrx_word' id='word_1_603' title='bbox 3251 3421 3608 3500; x_wconf 84' lang='lat' dir='ltr'><strong>Exstingue-</strong></span> 
     </span>
    </p>
   </div>
   <div class='ocr_carea' id='block_1_81' title="bbox 1967 3511 3612 3595">
    <p class='ocr_par' dir='ltr' id='par_1_81' title="bbox 1967 3511 3612 3595">
     <span class='ocr_line' id='line_1_83' title="bbox 1967 3511 3612 3595; baseline 0.002 -27"><span class='ocrx_word' id='word_1_604' title='bbox 1967 3511 2064 3571; x_wconf 91' lang='lat' dir='ltr'><strong>tur</strong></span> <span class='ocrx_word' id='word_1_605' title='bbox 2089 3511 2248 3573; x_wconf 91' lang='lat' dir='ltr'><strong>enim</strong></span> <span class='ocrx_word' id='word_1_606' title='bbox 2291 3532 2458 3575; x_wconf 91' lang='lat' dir='ltr'><strong>error</strong></span> <span class='ocrx_word' id='word_1_607' title='bbox 2503 3515 2604 3595; x_wconf 90' lang='lat' dir='ltr'><strong>qui</strong></span> <span class='ocrx_word' id='word_1_608' title='bbox 2649 3514 2856 3576; x_wconf 89' lang='lat' dir='ltr'><strong>orbem</strong></span> <span class='ocrx_word' id='word_1_609' title='bbox 2909 3519 3179 3592; x_wconf 88' lang='lat' dir='ltr'><strong>occupat,</strong></span> <span class='ocrx_word' id='word_1_610' title='bbox 3237 3511 3612 3592; x_wconf 87' lang='lat' dir='ltr'><strong>cessabitque</strong></span> 
     </span>
    </p>
   </div>
   <div class='ocr_carea' id='block_1_82' title="bbox 1968 3599 3609 3681">
    <p class='ocr_par' dir='ltr' id='par_1_82' title="bbox 1968 3599 3609 3681">
     <span class='ocr_line' id='line_1_84' title="bbox 1968 3599 3609 3681; baseline -0.001 -19"><span class='ocrx_word' id='word_1_611' title='bbox 1968 3600 2260 3662; x_wconf 91' lang='lat' dir='ltr'><strong>idolorum</strong></span> <span class='ocrx_word' id='word_1_612' title='bbox 2283 3602 2572 3676; x_wconf 91' lang='lat' dir='ltr'><strong>seductio,</strong></span> <span class='ocrx_word' id='word_1_613' title='bbox 2601 3610 2658 3664; x_wconf 91' lang='lat' dir='ltr'><strong>et</strong></span> <span class='ocrx_word' id='word_1_614' title='bbox 2682 3611 2822 3664; x_wconf 91' lang='lat' dir='ltr'><strong>tunc</strong></span> <span class='ocrx_word' id='word_1_615' title='bbox 2846 3601 3201 3664; x_wconf 89' lang='lat' dir='ltr'><strong>revelabitur</strong></span> <span class='ocrx_word' id='word_1_616' title='bbox 3225 3599 3609 3681; x_wconf 91' lang='lat' dir='ltr'><strong>iniquusille.</strong></span> 
     </span>
    </p>
   </div>
   <div class='ocr_carea' id='block_1_83' title="bbox 1967 3688 3611 3754">
    <p class='ocr_par' dir='ltr' id='par_1_83' title="bbox 1967 3688 3611 3754">
     <span class='ocr_line' id='line_1_85' title="bbox 1967 3688 3611 3754; baseline 0 -4"><span class='ocrx_word' id='word_1_617' title='bbox 1967 3689 2115 3751; x_wconf 90' lang='lat' dir='ltr'><strong>Nam</strong></span> <span class='ocrx_word' id='word_1_618' title='bbox 2149 3699 2204 3751; x_wconf 94' lang='lat' dir='ltr'><strong>et</strong></span> <span class='ocrx_word' id='word_1_619' title='bbox 2235 3691 2346 3752; x_wconf 91' lang='lat' dir='ltr'><strong>hoc</strong></span> <span class='ocrx_word' id='word_1_620' title='bbox 2378 3691 2523 3752; x_wconf 84' lang='lat' dir='ltr'><strong>dixit</strong></span> <span class='ocrx_word' id='word_1_621' title='bbox 2547 3691 2830 3754; x_wconf 91' lang='lat' dir='ltr'><strong>Dominus</strong></span> <span class='ocrx_word' id='word_1_622' title='bbox 2857 3691 2879 3752; x_wconf 85' lang='lat'><strong>:&#39;</strong></span> <span class='ocrx_word' id='word_1_623' title='bbox 2905 3711 2926 3741; x_wconf 78' lang='grc' dir='ltr'><strong>ι</strong></span> <span class='ocrx_word' id='word_1_624' title='bbox 2959 3688 3383 3752; x_wconf 66' lang='grc' dir='ltr'>Ρτωᾱίοεὼίιω*</span> <span class='ocrx_word' id='word_1_625' title='bbox 3411 3689 3611 3751; x_wconf 90' lang='lat' dir='ltr'><strong>Evan-</strong></span> 
     </span>
    </p>
   </div>
   <div class='ocr_carea' id='block_1_84' title="bbox 1969 3778 3609 3857">
    <p class='ocr_par' dir='ltr' id='par_1_84' title="bbox 1969 3778 3609 3857">
     <span class='ocr_line' id='line_1_86' title="bbox 1969 3778 3609 3857; baseline 0.001 -17"><span class='ocrx_word' id='word_1_626' title='bbox 1969 3780 2187 3857; x_wconf 79' lang='lat' dir='ltr'><strong>gelium</strong></span> <span class='ocrx_word' id='word_1_627' title='bbox 2222 3789 2373 3840; x_wconf 74' lang='lat' dir='ltr'><strong>HM</strong></span> <span class='ocrx_word' id='word_1_628' title='bbox 2398 3783 2454 3843; x_wconf 91' lang='lat' dir='ltr'><strong>in</strong></span> <span class='ocrx_word' id='word_1_629' title='bbox 2481 3799 2689 3842; x_wconf 91' lang='lat' dir='ltr'><strong>omnes</strong></span> <span class='ocrx_word' id='word_1_630' title='bbox 2720 3780 3010 3843; x_wconf 89' lang='lat' dir='ltr'><strong>terminos</strong></span> <span class='ocrx_word' id='word_1_631' title='bbox 3042 3790 3216 3841; x_wconf 60' lang='lat' dir='ltr'><strong>terra;</strong></span> <span class='ocrx_word' id='word_1_632' title='bbox 3244 3778 3317 3841; x_wconf 92' lang='lat' dir='ltr'><strong>ad</strong></span> <span class='ocrx_word' id='word_1_633' title='bbox 3343 3778 3609 3842; x_wconf 87' lang='lat' dir='ltr'><strong>testimo-</strong></span> 
     </span>
    </p>
   </div>
   <div class='ocr_carea' id='block_1_85' title="bbox 1971 3869 3611 3953">
    <p class='ocr_par' dir='ltr' id='par_1_85' title="bbox 1971 3869 3611 3953">
     <span class='ocr_line' id='line_1_87' title="bbox 1971 3869 3611 3953; baseline 0 -20"><span class='ocrx_word' id='word_1_634' title='bbox 1971 3870 2134 3933; x_wconf 90' lang='lat' dir='ltr'><strong>nium</strong></span> <span class='ocrx_word' id='word_1_635' title='bbox 2159 3871 2303 3953; x_wconf 88' lang='lat' dir='ltr'><strong>illis,</strong></span> <span class='ocrx_word' id='word_1_636' title='bbox 2335 3877 2394 3933; x_wconf 91' lang='lat' dir='ltr'><strong>et</strong></span> <span class='ocrx_word' id='word_1_637' title='bbox 2423 3879 2559 3933; x_wconf 91' lang='lat' dir='ltr'><strong>tunc</strong></span> <span class='ocrx_word' id='word_1_638' title='bbox 2574 3869 2770 3933; x_wconf 91' lang='lat' dir='ltr'><strong>veniet</strong></span> <span class='ocrx_word' id='word_1_639' title='bbox 2797 3871 3281 3933; x_wconf 57' lang='lat' dir='ltr'><strong>consummatio‘.</strong></span> <span class='ocrx_word' id='word_1_640' title='bbox 3308 3899 3330 3930; x_wconf 77' lang='grc' dir='ltr'><strong><em>ι</em></strong></span> <span class='ocrx_word' id='word_1_641' title='bbox 3355 3905 3434 3917; x_wconf 90' lang='grc'><strong><em>-</em></strong></span> <span class='ocrx_word' id='word_1_642' title='bbox 3461 3869 3611 3934; x_wconf 79' lang='grc' dir='ltr'><strong>«Ηο-</strong></span> 
     </span>
    </p>
   </div>
   <div class='ocr_carea' id='block_1_86' title="bbox 1970 3958 3614 4042">
    <p class='ocr_par' dir='ltr' id='par_1_86' title="bbox 1970 3958 3614 4042">
     <span class='ocr_line' id='line_1_88' title="bbox 1970 3958 3614 4042; baseline 0 -21"><span class='ocrx_word' id='word_1_643' title='bbox 1970 3961 2178 4022; x_wconf 90' lang='lat' dir='ltr'><strong>moille</strong></span> <span class='ocrx_word' id='word_1_644' title='bbox 2197 3959 2446 4042; x_wconf 85' lang='lat' dir='ltr'><strong>peccati.</strong></span> <span class='ocrx_word' id='word_1_645' title='bbox 2476 3991 2498 4021; x_wconf 76' lang='grc' dir='ltr'><strong><em>ι</em></strong></span> <span class='ocrx_word' id='word_1_646' title='bbox 2528 3961 2809 4034; x_wconf 85' lang='lat' dir='ltr'><strong>Quisnam</strong></span> <span class='ocrx_word' id='word_1_647' title='bbox 2835 3963 2942 4021; x_wconf 88' lang='lat' dir='ltr'><strong>iste</strong></span> <span class='ocrx_word' id='word_1_648' title='bbox 2964 3960 3102 4022; x_wconf 84' lang='lat' dir='ltr'><strong>est?</strong></span> <span class='ocrx_word' id='word_1_649' title='bbox 3126 3966 3426 4024; x_wconf 87' lang='lat' dir='ltr'><strong>utrumme</strong></span> <span class='ocrx_word' id='word_1_650' title='bbox 3449 3958 3614 4024; x_wconf 89' lang='lat' dir='ltr'><strong>Sata-</strong></span> 
     </span>
    </p>
   </div>
   <div class='ocr_carea' id='block_1_87' title="bbox 1969 4049 3608 4132">
    <p class='ocr_par' dir='ltr' id='par_1_87' title="bbox 1969 4049 3608 4132">
     <span class='ocr_line' id='line_1_89' title="bbox 1969 4049 3608 4132; baseline 0.002 -22"><span class='ocrx_word' id='word_1_651' title='bbox 1969 4051 2108 4111; x_wconf 84' lang='lat' dir='ltr'><strong>nas?</strong></span> <span class='ocrx_word' id='word_1_652' title='bbox 2141 4069 2536 4132; x_wconf 89' lang='lat' dir='ltr'><strong>nequaquam,</strong></span> <span class='ocrx_word' id='word_1_653' title='bbox 2560 4051 2665 4114; x_wconf 88' lang='lat' dir='ltr'><strong>sed</strong></span> <span class='ocrx_word' id='word_1_654' title='bbox 2688 4051 2864 4112; x_wconf 90' lang='lat' dir='ltr'><strong>homo</strong></span> <span class='ocrx_word' id='word_1_655' title='bbox 2884 4049 3098 4131; x_wconf 91' lang='lat' dir='ltr'><strong>aliquis</strong></span> <span class='ocrx_word' id='word_1_656' title='bbox 3123 4051 3226 4132; x_wconf 89' lang='lat' dir='ltr'><strong>qui</strong></span> <span class='ocrx_word' id='word_1_657' title='bbox 3269 4050 3608 4113; x_wconf 89' lang='lat' dir='ltr'><strong>universam</strong></span> 
     </span>
    </p>
   </div>
   <div class='ocr_carea' id='block_1_88' title="bbox 1968 4139 3610 4221">
    <p class='ocr_par' dir='ltr' id='par_1_88' title="bbox 1968 4139 3610 4221">
     <span class='ocr_line' id='line_1_90' title="bbox 1968 4139 3610 4221; baseline 0.002 -22"><span class='ocrx_word' id='word_1_658' title='bbox 1968 4140 2101 4218; x_wconf 89' lang='lat' dir='ltr'><strong>ejus</strong></span> <span class='ocrx_word' id='word_1_659' title='bbox 2170 4139 2420 4220; x_wconf 86' lang='lat' dir='ltr'><strong>accipiat</strong></span> <span class='ocrx_word' id='word_1_660' title='bbox 2463 4139 2898 4221; x_wconf 87' lang='lat' dir='ltr'><strong>operationem.</strong></span> <span class='ocrx_word' id='word_1_661' title='bbox 2956 4175 3037 4186; x_wconf 92' lang='lat'><strong>—</strong></span> <span class='ocrx_word' id='word_1_662' title='bbox 3080 4139 3170 4201; x_wconf 89' lang='lat' dir='ltr'><strong>Ad</strong></span> <span class='ocrx_word' id='word_1_663' title='bbox 3214 4139 3610 4202; x_wconf 89' lang='lat' dir='ltr'><strong>imitationem</strong></span> 
     </span>
    </p>
   </div>
   <div class='ocr_carea' id='block_1_89' title="bbox 1968 4226 3610 4293">
    <p class='ocr_par' dir='ltr' id='par_1_89' title="bbox 1968 4226 3610 4293">
     <span class='ocr_line' id='line_1_91' title="bbox 1968 4226 3610 4293; baseline 0.002 -3"><span class='ocrx_word' id='word_1_664' title='bbox 1968 4226 2283 4290; x_wconf 89' lang='lat' dir='ltr'><strong>Salvatoris</strong></span> <span class='ocrx_word' id='word_1_665' title='bbox 2326 4240 2608 4291; x_wconf 88' lang='lat' dir='ltr'><strong>venturus</strong></span> <span class='ocrx_word' id='word_1_666' title='bbox 2658 4238 2746 4290; x_wconf 91' lang='lat' dir='ltr'><strong>est</strong></span> <span class='ocrx_word' id='word_1_667' title='bbox 2801 4231 3048 4292; x_wconf 87' lang='lat' dir='ltr'><strong>Satanas</strong></span> <span class='ocrx_word' id='word_1_668' title='bbox 3076 4229 3137 4290; x_wconf 89' lang='lat' dir='ltr'><strong>in</strong></span> <span class='ocrx_word' id='word_1_669' title='bbox 3193 4228 3308 4291; x_wconf 90' lang='lat' dir='ltr'><strong>isto</strong></span> <span class='ocrx_word' id='word_1_670' title='bbox 3335 4229 3610 4293; x_wconf 89' lang='lat' dir='ltr'><strong>homine.</strong></span> 
     </span>
    </p>
   </div>
   <div class='ocr_carea' id='block_1_90' title="bbox 236 4317 1882 4403">
    <p class='ocr_par' dir='ltr' id='par_1_90' title="bbox 236 4319 1881 4403">
     <span class='ocr_line' id='line_1_92' title="bbox 236 4319 1881 4403; baseline 0.003 -28"><span class='ocrx_word' id='word_1_671' title='bbox 236 4325 350 4384; x_wconf 83' lang='grc' dir='ltr'>τίας</span> <span class='ocrx_word' id='word_1_672' title='bbox 381 4321 540 4377; x_wconf 70' lang='grc' dir='ltr'>αὐτὸν</span> <span class='ocrx_word' id='word_1_673' title='bbox 595 4319 737 4399; x_wconf 88' lang='grc' dir='ltr'>λέγει</span> <span class='ocrx_word' id='word_1_674' title='bbox 792 4323 884 4378; x_wconf 89' lang='grc' dir='ltr'><strong>τὸν</strong></span> <span class='ocrx_word' id='word_1_675' title='bbox 928 4321 1318 4403; x_wconf 84' lang='grc' dir='ltr'>Ἀντίχριστον,</span> <span class='ocrx_word' id='word_1_676' title='bbox 1364 4325 1436 4382; x_wconf 75' lang='grc' dir='ltr'><strong>Οὔ</strong></span> <span class='ocrx_word' id='word_1_677' title='bbox 1480 4324 1580 4402; x_wconf 76' lang='grc' dir='ltr'><strong>γὰρ</strong></span> <span class='ocrx_word' id='word_1_678' title='bbox 1632 4325 1659 4379; x_wconf 90' lang='lat'><strong>6</strong></span> <span class='ocrx_word' id='word_1_679' title='bbox 1702 4330 1881 4380; x_wconf 86' lang='grc' dir='ltr'>Σατα-</span> 
     </span>
    </p>
   </div>
   <div class='ocr_carea' id='block_1_91' title="bbox 1969 4317 3610 4403">
    <p class='ocr_par' dir='ltr' id='par_1_91' title="bbox 1972 4317 3610 4400">
     <span class='ocr_line' id='line_1_93' title="bbox 1972 4317 3610 4400; baseline 0.001 -22"><span class='ocrx_word' id='word_1_680' title='bbox 1972 4317 2104 4380; x_wconf 82' lang='lat' dir='ltr'><strong>Alio</strong></span> <span class='ocrx_word' id='word_1_681' title='bbox 2135 4319 2305 4380; x_wconf 89' lang='lat' dir='ltr'><strong>modo</strong></span> <span class='ocrx_word' id='word_1_682' title='bbox 2327 4317 2638 4380; x_wconf 87' lang='lat' dir='ltr'><strong>Hominem</strong></span> <span class='ocrx_word' id='word_1_683' title='bbox 2663 4320 2887 4399; x_wconf 88' lang='lat' dir='ltr'><strong>peccati</strong></span> <span class='ocrx_word' id='word_1_684' title='bbox 2911 4319 3058 4382; x_wconf 90' lang='lat' dir='ltr'><strong>dicit</strong></span> <span class='ocrx_word' id='word_1_685' title='bbox 3083 4318 3277 4400; x_wconf 86' lang='lat' dir='ltr'><strong>ipsum</strong></span> <span class='ocrx_word' id='word_1_686' title='bbox 3299 4318 3610 4381; x_wconf 88' lang='lat' dir='ltr'><strong>Antichri-</strong></span> 
     </span>
    </p>
   </div>
   <div class='ocr_carea' id='block_1_92' title="bbox 237 4407 1884 4491">
    <p class='ocr_par' dir='ltr' id='par_1_92' title="bbox 237 4407 1884 4491">
     <span class='ocr_line' id='line_1_94' title="bbox 237 4407 1884 4491; baseline 0.004 -29"><span class='ocrx_word' id='word_1_687' title='bbox 237 4414 332 4470; x_wconf 84' lang='grc' dir='ltr'>νᾶς</span> <span class='ocrx_word' id='word_1_688' title='bbox 378 4407 524 4464; x_wconf 67' lang='grc' dir='ltr'>ἔσται</span> <span class='ocrx_word' id='word_1_689' title='bbox 583 4411 612 4466; x_wconf 90' lang='lat'><strong>6</strong></span> <span class='ocrx_word' id='word_1_690' title='bbox 685 4409 1070 4491; x_wconf 78' lang='grc' dir='ltr'>Ἀντίχριστος,</span> <span class='ocrx_word' id='word_1_691' title='bbox 1138 4409 1258 4468; x_wconf 81' lang='grc' dir='ltr'>ἀλλ’</span> <span class='ocrx_word' id='word_1_692' title='bbox 1316 4411 1584 4491; x_wconf 75' lang='grc' dir='ltr'>ἅνθρωπος</span> <span class='ocrx_word' id='word_1_693' title='bbox 1641 4411 1884 4491; x_wconf 62' lang='grc' dir='ltr'>ἐνεργούς</span> 
     </span>
    </p>
   </div>
   <div class='ocr_carea' id='block_1_93' title="bbox 237 4499 1883 4578">
    <p class='ocr_par' dir='ltr' id='par_1_93' title="bbox 237 4499 1883 4578">
     <span class='ocr_line' id='line_1_95' title="bbox 237 4499 1883 4578; baseline 0.004 -27"><span class='ocrx_word' id='word_1_694' title='bbox 237 4519 398 4572; x_wconf 84' lang='grc' dir='ltr'>μενος</span> <span class='ocrx_word' id='word_1_695' title='bbox 430 4499 533 4553; x_wconf 78' lang='grc' dir='ltr'>ὑπὸ</span> <span class='ocrx_word' id='word_1_696' title='bbox 588 4506 681 4554; x_wconf 79' lang='grc' dir='ltr'><strong>τοῦ</strong></span> <span class='ocrx_word' id='word_1_697' title='bbox 734 4507 966 4557; x_wconf 75' lang='grc' dir='ltr'>Σατανᾶ.</span> <span class='ocrx_word' id='word_1_698' title='bbox 1039 4504 1321 4578; x_wconf 81' lang='grc' dir='ltr'>Ανθρωπον</span> <span class='ocrx_word' id='word_1_699' title='bbox 1379 4499 1432 4556; x_wconf 75' lang='grc' dir='ltr'>δὲ</span> <span class='ocrx_word' id='word_1_700' title='bbox 1483 4502 1740 4578; x_wconf 84' lang='grc' dir='ltr'>ἁμαρτίας</span> <span class='ocrx_word' id='word_1_701' title='bbox 1783 4503 1883 4558; x_wconf 68' lang='grc' dir='ltr'><strong>αὖ-</strong></span> 
     </span>
    </p>
   </div>
   <div class='ocr_carea' id='block_1_94' title="bbox 236 4584 1886 4667">
    <p class='ocr_par' dir='ltr' id='par_1_94' title="bbox 236 4584 1886 4667">
     <span class='ocr_line' id='line_1_96' title="bbox 236 4584 1886 4667; baseline 0.018 -26"><span class='ocrx_word' id='word_1_702' title='bbox 236 4588 330 4641; x_wconf 86' lang='grc' dir='ltr'><strong>τὸν</strong></span> <span class='ocrx_word' id='word_1_703' title='bbox 363 4584 548 4659; x_wconf 70' lang='grc' dir='ltr'>καλεῖ,</span> <span class='ocrx_word' id='word_1_704' title='bbox 603 4584 687 4642; x_wconf 79' lang='grc' dir='ltr'><strong>ὅτι</strong></span> <span class='ocrx_word' id='word_1_705' title='bbox 739 4589 826 4643; x_wconf 82' lang='grc' dir='ltr'><strong>καὶ</strong></span> <span class='ocrx_word' id='word_1_706' title='bbox 883 4589 1036 4654; x_wconf 74' lang='grc' dir='ltr'>αὐτὸς</span> <span class='ocrx_word' id='word_1_707' title='bbox 1088 4588 1318 4646; x_wconf 72' lang='grc' dir='ltr'>πλεῖστα</span> <span class='ocrx_word' id='word_1_708' title='bbox 1360 4589 1743 4667; x_wconf 70' lang='grc' dir='ltr'>ἅμαρτήσεται,</span> <span class='ocrx_word' id='word_1_709' title='bbox 1798 4593 1886 4647; x_wconf 62' lang='grc' dir='ltr'><strong>δαὶ</strong></span> 
     </span>
    </p>
   </div>
   <div class='ocr_carea' id='block_1_95' title="bbox 235 4673 1884 4756">
    <p class='ocr_par' dir='ltr' id='par_1_95' title="bbox 235 4673 1884 4756">
     <span class='ocr_line' id='line_1_97' title="bbox 235 4673 1884 4756; baseline 0.002 -26"><span class='ocrx_word' id='word_1_710' title='bbox 235 4673 428 4741; x_wconf 74' lang='grc' dir='ltr'>ἄλλους</span> <span class='ocrx_word' id='word_1_711' title='bbox 479 4677 553 4737; x_wconf 80' lang='grc' dir='ltr'>εἷς</span> <span class='ocrx_word' id='word_1_712' title='bbox 603 4685 758 4735; x_wconf 83' lang='grc' dir='ltr'>τοῦτο</span> <span class='ocrx_word' id='word_1_713' title='bbox 807 4677 1116 4756; x_wconf 73' lang='grc' dir='ltr'>ἀναγκάσει.</span> <span class='ocrx_word' id='word_1_714' title='bbox 1181 4680 1298 4735; x_wconf 78' lang='grc' dir='ltr'>Υἱὸν</span> <span class='ocrx_word' id='word_1_715' title='bbox 1329 4677 1382 4734; x_wconf 75' lang='grc' dir='ltr'>δὲ</span> <span class='ocrx_word' id='word_1_716' title='bbox 1428 4676 1695 4743; x_wconf 78' lang='grc' dir='ltr'>ἀπωλείας</span> <span class='ocrx_word' id='word_1_717' title='bbox 1728 4679 1884 4737; x_wconf 74' lang='grc' dir='ltr'>αὒτὸν</span> 
     </span>
    </p>
   </div>
   <div class='ocr_carea' id='block_1_96' title="bbox 234 4761 1882 4855">
    <p class='ocr_par' dir='ltr' id='par_1_96' title="bbox 234 4761 1882 4855">
     <span class='ocr_line' id='line_1_98' title="bbox 234 4761 1882 4855; baseline 0.005 -37"><span class='ocrx_word' id='word_1_718' title='bbox 234 4761 538 4855; x_wconf 51' lang='grc' dir='ltr'>καλετ,νδιὰ</span> <span class='ocrx_word' id='word_1_719' title='bbox 595 4767 656 4821; x_wconf 89' lang='grc' dir='ltr'><strong>τὸ</strong></span> <span class='ocrx_word' id='word_1_720' title='bbox 713 4763 960 4822; x_wconf 78' lang='grc' dir='ltr'>ἀπολύειν</span> <span class='ocrx_word' id='word_1_721' title='bbox 1014 4765 1266 4855; x_wconf 69' lang='grc' dir='ltr'>πολλοὺς,</span> <span class='ocrx_word' id='word_1_722' title='bbox 1311 4767 1398 4824; x_wconf 86' lang='grc' dir='ltr'><strong>καὶ</strong></span> <span class='ocrx_word' id='word_1_723' title='bbox 1458 4768 1612 4825; x_wconf 71' lang='grc' dir='ltr'>αὐτὸν</span> <span class='ocrx_word' id='word_1_724' title='bbox 1642 4766 1882 4826; x_wconf 81' lang='grc' dir='ltr'>ἀπόλλυ-</span> 
     </span>
    </p>
   </div>
   <div class='ocr_carea' id='block_1_97' title="bbox 233 4847 1883 4936">
    <p class='ocr_par' dir='ltr' id='par_1_97' title="bbox 233 4847 1883 4936">
     <span class='ocr_line' id='line_1_99' title="bbox 233 4847 1883 4936; baseline 0.004 -29"><span class='ocrx_word' id='word_1_725' title='bbox 233 4855 376 4912; x_wconf 80' lang='grc' dir='ltr'>σθαι.</span> <span class='ocrx_word' id='word_1_726' title='bbox 429 4847 730 4930; x_wconf 63' lang='grc' dir='ltr'>Ἄνθρωπον</span> <span class='ocrx_word' id='word_1_727' title='bbox 791 4853 846 4910; x_wconf 84' lang='grc' dir='ltr'><strong>δέ</strong></span> <span class='ocrx_word' id='word_1_728' title='bbox 892 4877 1008 4912; x_wconf 87' lang='grc' dir='ltr'>τινα</span> <span class='ocrx_word' id='word_1_729' title='bbox 1069 4847 1336 4934; x_wconf 77' lang='grc' dir='ltr'>Ἐϐρατον,</span> <span class='ocrx_word' id='word_1_730' title='bbox 1408 4855 1586 4923; x_wconf 81' lang='grc' dir='ltr'>πάσης</span> <span class='ocrx_word' id='word_1_731' title='bbox 1659 4859 1883 4936; x_wconf 83' lang='grc' dir='ltr'>μαγείας</span> 
     </span>
    </p>
   </div>
   <div class='ocr_carea' id='block_1_98' title="bbox 232 4942 1884 5028">
    <p class='ocr_par' dir='ltr' id='par_1_98' title="bbox 232 4942 1884 5028">
     <span class='ocr_line' id='line_1_100' title="bbox 232 4942 1884 5028; baseline 0.005 -33"><span class='ocrx_word' id='word_1_732' title='bbox 232 4942 322 4996; x_wconf 71' lang='grc' dir='ltr'><strong>καὶ</strong></span> <span class='ocrx_word' id='word_1_733' title='bbox 375 4945 711 5028; x_wconf 51' lang='grc' dir='ltr'>ραρμακείας</span> <span class='ocrx_word' id='word_1_734' title='bbox 769 4943 823 4999; x_wconf 90' lang='grc' dir='ltr'><strong>ἐν</strong></span> <span class='ocrx_word' id='word_1_735' title='bbox 878 4943 1149 5021; x_wconf 76' lang='grc' dir='ltr'>ἐπιστήμῃ</span> <span class='ocrx_word' id='word_1_736' title='bbox 1217 4945 1504 5022; x_wconf 85' lang='grc' dir='ltr'>γενόμενον</span> <span class='ocrx_word' id='word_1_737' title='bbox 1559 4947 1735 5018; x_wconf 69' lang='grc' dir='ltr'>αὑτὸν,</span> <span class='ocrx_word' id='word_1_738' title='bbox 1771 4971 1884 5028; x_wconf 75' lang='grc' dir='ltr'>φη-</span> 
     </span>
    </p>
   </div>
   <div class='ocr_carea' id='block_1_99' title="bbox 234 5023 1884 5112">
    <p class='ocr_par' dir='ltr' id='par_1_99' title="bbox 234 5023 1884 5112">
     <span class='ocr_line' id='line_1_101' title="bbox 234 5023 1884 5112; baseline 0.005 -29"><span class='ocrx_word' id='word_1_739' title='bbox 234 5032 339 5088; x_wconf 82' lang='grc' dir='ltr'>σίν.</span> <span class='ocrx_word' id='word_1_740' title='bbox 395 5053 425 5084; x_wconf 73' lang='grc' dir='ltr'><strong>α</strong></span> <span class='ocrx_word' id='word_1_741' title='bbox 498 5023 558 5088; x_wconf 79' lang='grc' dir='ltr'>Ὀ</span> <span class='ocrx_word' id='word_1_742' title='bbox 617 5031 976 5107; x_wconf 78' lang='grc' dir='ltr'>ἀντικείμενος</span> <span class='ocrx_word' id='word_1_743' title='bbox 1031 5035 1118 5088; x_wconf 80' lang='grc' dir='ltr'>καὶ</span> <span class='ocrx_word' id='word_1_744' title='bbox 1156 5033 1586 5112; x_wconf 75' lang='grc' dir='ltr'>ὑπεραιρόμενος.</span> <span class='ocrx_word' id='word_1_745' title='bbox 1621 5057 1649 5088; x_wconf 64' lang='grc' dir='ltr'><strong>κ</strong></span> <span class='ocrx_word' id='word_1_746' title='bbox 1703 5023 1884 5091; x_wconf 80' lang='grc' dir='ltr'>Ἀντι-</span> 
     </span>
    </p>
   </div>
   <div class='ocr_carea' id='block_1_100' title="bbox 234 5119 1884 5205">
    <p class='ocr_par' dir='ltr' id='par_1_100' title="bbox 234 5119 1884 5205">
     <span class='ocr_line' id='line_1_102' title="bbox 234 5119 1884 5205; baseline 0.003 -30"><span class='ocrx_word' id='word_1_747' title='bbox 234 5121 516 5188; x_wconf 72' lang='grc' dir='ltr'>τεθήσεται</span> <span class='ocrx_word' id='word_1_748' title='bbox 579 5123 679 5200; x_wconf 71' lang='grc' dir='ltr'><strong>γὰρ</strong></span> <span class='ocrx_word' id='word_1_749' title='bbox 721 5124 809 5178; x_wconf 83' lang='grc' dir='ltr'><strong>καὶ</strong></span> <span class='ocrx_word' id='word_1_750' title='bbox 857 5123 1270 5201; x_wconf 71' lang='grc' dir='ltr'>ὑπεραρθήσεται</span> <span class='ocrx_word' id='word_1_751' title='bbox 1327 5128 1396 5199; x_wconf 75' lang='grc' dir='ltr'>τῇ</span> <span class='ocrx_word' id='word_1_752' title='bbox 1451 5119 1552 5194; x_wconf 71' lang='grc' dir='ltr'>ἰδίᾳ</span> <span class='ocrx_word' id='word_1_753' title='bbox 1607 5124 1884 5205; x_wconf 76' lang='grc' dir='ltr'>ὑπερηφα-</span> 
     </span>
    </p>
   </div>
   <div class='ocr_carea' id='block_1_101' title="bbox 228 5210 1884 5285">
    <p class='ocr_par' dir='ltr' id='par_1_101' title="bbox 228 5210 1884 5285">
     <span class='ocr_line' id='line_1_103' title="bbox 228 5210 1884 5285; baseline 0.004 -21"><span class='ocrx_word' id='word_1_754' title='bbox 228 5210 341 5280; x_wconf 69' lang='grc' dir='ltr'>νείᾳ</span> <span class='ocrx_word' id='word_1_755' title='bbox 383 5212 446 5266; x_wconf 72' lang='grc' dir='ltr'>οὗ</span> <span class='ocrx_word' id='word_1_756' title='bbox 489 5211 653 5284; x_wconf 78' lang='grc' dir='ltr'>μόνον</span> <span class='ocrx_word' id='word_1_757' title='bbox 696 5212 834 5268; x_wconf 67' lang='grc' dir='ltr'>κατα</span> <span class='ocrx_word' id='word_1_758' title='bbox 883 5219 972 5269; x_wconf 88' lang='grc' dir='ltr'><strong>τοῦ</strong></span> <span class='ocrx_word' id='word_1_759' title='bbox 1005 5213 1088 5269; x_wconf 86' lang='grc' dir='ltr'><strong>ἐπὶ</strong></span> <span class='ocrx_word' id='word_1_760' title='bbox 1143 5211 1355 5268; x_wconf 65' lang='grc' dir='ltr'>πάντων</span> <span class='ocrx_word' id='word_1_761' title='bbox 1403 5220 1558 5285; x_wconf 87' lang='grc' dir='ltr'>Θεοῦ,</span> <span class='ocrx_word' id='word_1_762' title='bbox 1603 5210 1741 5268; x_wconf 80' lang='grc' dir='ltr'>ἀλλὰ</span> <span class='ocrx_word' id='word_1_763' title='bbox 1798 5215 1884 5270; x_wconf 81' lang='grc' dir='ltr'><strong>καὶ</strong></span> 
     </span>
    </p>
   </div>
   <div class='ocr_carea' id='block_1_102' title="bbox 235 5297 1883 5381">
    <p class='ocr_par' dir='ltr' id='par_1_102' title="bbox 235 5297 1883 5381">
     <span class='ocr_line' id='line_1_104' title="bbox 235 5297 1883 5381; baseline 0.004 -29"><span class='ocrx_word' id='word_1_764' title='bbox 235 5299 372 5354; x_wconf 70' lang='grc' dir='ltr'>κατὰ</span> <span class='ocrx_word' id='word_1_765' title='bbox 399 5305 510 5354; x_wconf 81' lang='grc' dir='ltr'><strong>τῶν</strong></span> <span class='ocrx_word' id='word_1_766' title='bbox 557 5297 806 5357; x_wconf 84' lang='grc' dir='ltr'>εἰδώλων.</span> <span class='ocrx_word' id='word_1_767' title='bbox 863 5303 935 5359; x_wconf 76' lang='grc' dir='ltr'><strong>Οὐ</strong></span> <span class='ocrx_word' id='word_1_768' title='bbox 982 5303 1082 5381; x_wconf 82' lang='grc' dir='ltr'><strong>γὰρ</strong></span> <span class='ocrx_word' id='word_1_769' title='bbox 1125 5303 1254 5381; x_wconf 88' lang='grc' dir='ltr'>πρὸς</span> <span class='ocrx_word' id='word_1_770' title='bbox 1305 5299 1732 5381; x_wconf 76' lang='grc' dir='ltr'>εἰδωλολατρείαν</span> <span class='ocrx_word' id='word_1_771' title='bbox 1776 5301 1883 5369; x_wconf 74' lang='grc' dir='ltr'>ἄξει</span> 
     </span>
    </p>
   </div>
   <div class='ocr_carea' id='block_1_103' title="bbox 236 5387 1885 5471">
    <p class='ocr_par' dir='ltr' id='par_1_103' title="bbox 236 5387 1885 5471">
     <span class='ocr_line' id='line_1_105' title="bbox 236 5387 1885 5471; baseline 0.005 -30"><span class='ocrx_word' id='word_1_772' title='bbox 236 5388 357 5448; x_wconf 72' lang='grc' dir='ltr'>τοὺς</span> <span class='ocrx_word' id='word_1_773' title='bbox 423 5387 748 5466; x_wconf 74' lang='grc' dir='ltr'>ἀνθρώπως,</span> <span class='ocrx_word' id='word_1_774' title='bbox 795 5387 914 5446; x_wconf 82' lang='grc' dir='ltr'>ἀλλ’</span> <span class='ocrx_word' id='word_1_775' title='bbox 975 5392 1044 5456; x_wconf 82' lang='grc' dir='ltr'>εἷς</span> <span class='ocrx_word' id='word_1_776' title='bbox 1093 5391 1154 5446; x_wconf 89' lang='grc' dir='ltr'><strong>τὸ</strong></span> <span class='ocrx_word' id='word_1_777' title='bbox 1211 5391 1366 5448; x_wconf 73' lang='grc' dir='ltr'>αὐτὸν</span> <span class='ocrx_word' id='word_1_778' title='bbox 1424 5390 1497 5452; x_wconf 85' lang='grc' dir='ltr'>ὡς</span> <span class='ocrx_word' id='word_1_779' title='bbox 1541 5391 1670 5446; x_wconf 88' lang='grc' dir='ltr'>Θεὸν</span> <span class='ocrx_word' id='word_1_780' title='bbox 1722 5413 1885 5471; x_wconf 88' lang='grc' dir='ltr'>προσ-</span> 
     </span>
    </p>
   </div>
   <div class='ocr_carea' id='block_1_104' title="bbox 235 5477 1882 5559">
    <p class='ocr_par' dir='ltr' id='par_1_104' title="bbox 235 5477 1882 5559">
     <span class='ocr_line' id='line_1_106' title="bbox 235 5477 1882 5559; baseline 0.004 -29"><span class='ocrx_word' id='word_1_781' title='bbox 235 5489 442 5535; x_wconf 73' lang='grc' dir='ltr'>κυνεῖν.</span> <span class='ocrx_word' id='word_1_782' title='bbox 507 5477 607 5532; x_wconf 73' lang='grc' dir='ltr'><strong>Διὰ</strong></span> <span class='ocrx_word' id='word_1_783' title='bbox 673 5484 828 5535; x_wconf 85' lang='grc' dir='ltr'>τοῦτο</span> <span class='ocrx_word' id='word_1_784' title='bbox 869 5481 1050 5559; x_wconf 75' lang='grc' dir='ltr'>φησὶν,</span> <span class='ocrx_word' id='word_1_785' title='bbox 1095 5481 1508 5559; x_wconf 77' lang='grc' dir='ltr'>ὑπεραρθήσεται</span> <span class='ocrx_word' id='word_1_786' title='bbox 1566 5477 1650 5536; x_wconf 82' lang='grc' dir='ltr'><strong>ἐπὶ</strong></span> <span class='ocrx_word' id='word_1_787' title='bbox 1713 5481 1882 5538; x_wconf 70' lang='grc' dir='ltr'>πάντα</span> 
     </span>
    </p>
   </div>
   <div class='ocr_carea' id='block_1_105' title="bbox 315 5635 894 5715">
    <p class='ocr_par' dir='ltr' id='par_1_105' title="bbox 315 5635 894 5715">
     <span class='ocr_line' id='line_1_107' title="bbox 315 5635 894 5715; baseline 0.002 -16"><span class='ocrx_word' id='word_1_788' title='bbox 315 5635 345 5689; x_wconf 78' lang='grc'><strong>4</strong></span> <span class='ocrx_word' id='word_1_789' title='bbox 372 5635 576 5701; x_wconf 76' lang='lat' dir='ltr'><strong>Matth.</strong></span> <span class='ocrx_word' id='word_1_790' title='bbox 606 5653 768 5715; x_wconf 73' lang='lat' dir='ltr'><strong>XXIV,</strong></span> <span class='ocrx_word' id='word_1_791' title='bbox 799 5637 894 5703; x_wconf 78' lang='grc'><strong>14.</strong></span> 
     </span>
    </p>
   </div>
   <div class='ocr_carea' id='block_1_106' title="bbox 1967 4405 3608 4488">
    <p class='ocr_par' dir='ltr' id='par_1_106' title="bbox 1967 4405 3608 4488">
     <span class='ocr_line' id='line_1_108' title="bbox 1967 4405 3608 4488; baseline 0.002 -22"><span class='ocrx_word' id='word_1_792' title='bbox 1967 4415 2146 4470; x_wconf 91' lang='lat' dir='ltr'><strong>stum.</strong></span> <span class='ocrx_word' id='word_1_793' title='bbox 2173 4405 2374 4488; x_wconf 91' lang='lat' dir='ltr'><strong>Neque</strong></span> <span class='ocrx_word' id='word_1_794' title='bbox 2405 4408 2564 4468; x_wconf 90' lang='lat' dir='ltr'><strong>enim</strong></span> <span class='ocrx_word' id='word_1_795' title='bbox 2596 4408 2840 4472; x_wconf 84' lang='lat' dir='ltr'><strong>Satanas</strong></span> <span class='ocrx_word' id='word_1_796' title='bbox 2873 4409 2986 4469; x_wconf 88' lang='lat' dir='ltr'><strong>erit</strong></span> <span class='ocrx_word' id='word_1_797' title='bbox 3038 4408 3461 4484; x_wconf 84' lang='lat' dir='ltr'><strong>Antichristus,</strong></span> <span class='ocrx_word' id='word_1_798' title='bbox 3501 4408 3608 4469; x_wconf 91' lang='lat' dir='ltr'><strong>sed</strong></span> 
     </span>
    </p>
   </div>
   <div class='ocr_carea' id='block_1_107' title="bbox 1969 4495 3609 4561">
    <p class='ocr_par' dir='ltr' id='par_1_107' title="bbox 1969 4495 3609 4561">
     <span class='ocr_line' id='line_1_109' title="bbox 1969 4495 3609 4561; baseline 0.001 -6"><span class='ocrx_word' id='word_1_799' title='bbox 1969 4495 2144 4558; x_wconf 92' lang='lat' dir='ltr'><strong>homo</strong></span> <span class='ocrx_word' id='word_1_800' title='bbox 2159 4496 2780 4560; x_wconf 85' lang='lat' dir='ltr'><strong>obsessusacdirectus</strong></span> <span class='ocrx_word' id='word_1_801' title='bbox 2795 4496 3387 4561; x_wconf 79' lang='lat' dir='ltr'><strong>aSatanaﬂominem</strong></span> <span class='ocrx_word' id='word_1_802' title='bbox 3407 4504 3609 4558; x_wconf 90' lang='lat' dir='ltr'><strong>autem</strong></span> 
     </span>
    </p>
   </div>
   <div class='ocr_carea' id='block_1_108' title="bbox 1970 4583 3606 4668">
    <p class='ocr_par' dir='ltr' id='par_1_108' title="bbox 1970 4583 3606 4668">
     <span class='ocr_line' id='line_1_110' title="bbox 1970 4583 3606 4668; baseline -0.001 -21"><span class='ocrx_word' id='word_1_803' title='bbox 1970 4586 2193 4665; x_wconf 84' lang='lat' dir='ltr'><strong>peccati</strong></span> <span class='ocrx_word' id='word_1_804' title='bbox 2224 4586 2418 4667; x_wconf 90' lang='lat' dir='ltr'><strong>ipsum</strong></span> <span class='ocrx_word' id='word_1_805' title='bbox 2441 4596 2626 4663; x_wconf 91' lang='lat' dir='ltr'><strong>vocat,</strong></span> <span class='ocrx_word' id='word_1_806' title='bbox 2648 4585 2803 4668; x_wconf 90' lang='lat' dir='ltr'><strong>quod</strong></span> <span class='ocrx_word' id='word_1_807' title='bbox 2831 4593 2888 4647; x_wconf 91' lang='lat' dir='ltr'><strong>et</strong></span> <span class='ocrx_word' id='word_1_808' title='bbox 2909 4586 3036 4665; x_wconf 91' lang='lat' dir='ltr'><strong>ipse</strong></span> <span class='ocrx_word' id='word_1_809' title='bbox 3059 4585 3379 4665; x_wconf 90' lang='lat' dir='ltr'><strong>plurimum</strong></span> <span class='ocrx_word' id='word_1_810' title='bbox 3403 4583 3606 4646; x_wconf 80' lang='lat' dir='ltr'><strong>delin-</strong></span> 
     </span>
    </p>
   </div>
   <div class='ocr_carea' id='block_1_109' title="bbox 1966 4671 3606 4757">
    <p class='ocr_par' dir='ltr' id='par_1_109' title="bbox 1966 4671 3606 4757">
     <span class='ocr_line' id='line_1_111' title="bbox 1966 4671 3606 4757; baseline -0.003 -19"><span class='ocrx_word' id='word_1_811' title='bbox 1966 4685 2125 4757; x_wconf 91' lang='lat' dir='ltr'><strong>quet,</strong></span> <span class='ocrx_word' id='word_1_812' title='bbox 2160 4685 2217 4736; x_wconf 92' lang='lat' dir='ltr'><strong>et</strong></span> <span class='ocrx_word' id='word_1_813' title='bbox 2244 4675 2390 4738; x_wconf 92' lang='lat' dir='ltr'><strong>alios</strong></span> <span class='ocrx_word' id='word_1_814' title='bbox 2410 4675 2481 4737; x_wconf 89' lang='lat' dir='ltr'><strong>ad</strong></span> <span class='ocrx_word' id='word_1_815' title='bbox 2512 4675 2975 4755; x_wconf 73' lang='lat' dir='ltr'><strong>boccompellet.</strong></span> <span class='ocrx_word' id='word_1_816' title='bbox 2997 4674 3206 4736; x_wconf 88' lang='lat' dir='ltr'><strong>Filium</strong></span> <span class='ocrx_word' id='word_1_817' title='bbox 3233 4691 3368 4734; x_wconf 88' lang='lat' dir='ltr'><strong>vero</strong></span> <span class='ocrx_word' id='word_1_818' title='bbox 3403 4671 3606 4754; x_wconf 89' lang='lat' dir='ltr'><strong>perdi-</strong></span> 
     </span>
    </p>
   </div>
   <div class='ocr_carea' id='block_1_110' title="bbox 1967 4759 3613 4845">
    <p class='ocr_par' dir='ltr' id='par_1_110' title="bbox 1967 4759 3613 4845">
     <span class='ocr_line' id='line_1_112' title="bbox 1967 4759 3613 4845; baseline -0.002 -19"><span class='ocrx_word' id='word_1_819' title='bbox 1967 4766 2143 4826; x_wconf 86' lang='lat' dir='ltr'><strong>tionis</strong></span> <span class='ocrx_word' id='word_1_820' title='bbox 2173 4783 2306 4827; x_wconf 93' lang='lat' dir='ltr'><strong>eum</strong></span> <span class='ocrx_word' id='word_1_821' title='bbox 2331 4765 2568 4844; x_wconf 89' lang='lat' dir='ltr'><strong>apellat,</strong></span> <span class='ocrx_word' id='word_1_822' title='bbox 2602 4782 2670 4826; x_wconf 93' lang='lat' dir='ltr'><strong>eo</strong></span> <span class='ocrx_word' id='word_1_823' title='bbox 2704 4765 2861 4845; x_wconf 93' lang='lat' dir='ltr'><strong>quod</strong></span> <span class='ocrx_word' id='word_1_824' title='bbox 2899 4762 3106 4844; x_wconf 90' lang='lat' dir='ltr'><strong>perdat</strong></span> <span class='ocrx_word' id='word_1_825' title='bbox 3147 4761 3361 4823; x_wconf 87' lang='lat' dir='ltr'><strong>multos</strong></span> <span class='ocrx_word' id='word_1_826' title='bbox 3405 4768 3460 4822; x_wconf 91' lang='lat' dir='ltr'><strong>et</strong></span> <span class='ocrx_word' id='word_1_827' title='bbox 3484 4759 3613 4841; x_wconf 90' lang='lat' dir='ltr'><strong>ipse</strong></span> 
     </span>
    </p>
   </div>
   <div class='ocr_carea' id='block_1_111' title="bbox 1969 4848 3611 4935">
    <p class='ocr_par' dir='ltr' id='par_1_111' title="bbox 1969 4848 3611 4935">
     <span class='ocr_line' id='line_1_113' title="bbox 1969 4848 3611 4935; baseline -0.002 -19"><span class='ocrx_word' id='word_1_828' title='bbox 1969 4856 2249 4935; x_wconf 77' lang='lat' dir='ltr'><strong>perdatur</strong></span> <span class='ocrx_word' id='word_1_829' title='bbox 2281 4873 2294 4914; x_wconf 93' lang='lat'><strong>:</strong></span> <span class='ocrx_word' id='word_1_830' title='bbox 2331 4852 2642 4915; x_wconf 84' lang='lat' dir='ltr'><strong>Hominem</strong></span> <span class='ocrx_word' id='word_1_831' title='bbox 2668 4861 2864 4914; x_wconf 85' lang='lat' dir='ltr'><strong>autem</strong></span> <span class='ocrx_word' id='word_1_832' title='bbox 2925 4850 3265 4932; x_wconf 90' lang='lat' dir='ltr'><strong>quempiam</strong></span> <span class='ocrx_word' id='word_1_833' title='bbox 3295 4848 3611 4913; x_wconf 77' lang='lat' dir='ltr'><strong>Hebraeum</strong></span> 
     </span>
    </p>
   </div>
   <div class='ocr_carea' id='block_1_112' title="bbox 1967 4937 3615 5025">
    <p class='ocr_par' dir='ltr' id='par_1_112' title="bbox 1967 4937 3615 5025">
     <span class='ocr_line' id='line_1_114' title="bbox 1967 4937 3615 5025; baseline -0.002 -20"><span class='ocrx_word' id='word_1_834' title='bbox 1967 4943 2111 5005; x_wconf 89' lang='lat' dir='ltr'><strong>dicit</strong></span> <span class='ocrx_word' id='word_1_835' title='bbox 2135 4944 2352 5025; x_wconf 88' lang='lat' dir='ltr'><strong>ipsum,</strong></span> <span class='ocrx_word' id='word_1_836' title='bbox 2387 4943 2446 5003; x_wconf 88' lang='lat' dir='ltr'><strong>in</strong></span> <span class='ocrx_word' id='word_1_837' title='bbox 2478 4941 2732 5022; x_wconf 89' lang='lat' dir='ltr'><strong>cujusvis</strong></span> <span class='ocrx_word' id='word_1_838' title='bbox 2764 4939 2972 5019; x_wconf 66' lang='lat' dir='ltr'><strong>magiae</strong></span> <span class='ocrx_word' id='word_1_839' title='bbox 2995 4957 3060 5000; x_wconf 90' lang='lat' dir='ltr'><strong>ac</strong></span> <span class='ocrx_word' id='word_1_840' title='bbox 3079 4937 3615 5002; x_wconf 85' lang='lat' dir='ltr'><strong>veneficiiscientia</strong></span> 
     </span>
    </p>
   </div>
   <div class='ocr_carea' id='block_1_113' title="bbox 1971 5028 3607 5113">
    <p class='ocr_par' dir='ltr' id='par_1_113' title="bbox 1971 5028 3607 5113">
     <span class='ocr_line' id='line_1_115' title="bbox 1971 5028 3607 5113; baseline -0.001 -19"><span class='ocrx_word' id='word_1_841' title='bbox 1971 5038 2337 5113; x_wconf 90' lang='lat' dir='ltr'><strong>provectum.</strong></span> <span class='ocrx_word' id='word_1_842' title='bbox 2381 5062 2402 5091; x_wconf 75' lang='grc' dir='ltr'><strong><em>α</em></strong></span> <span class='ocrx_word' id='word_1_843' title='bbox 2455 5031 2566 5103; x_wconf 90' lang='lat' dir='ltr'><strong>Qui</strong></span> <span class='ocrx_word' id='word_1_844' title='bbox 2610 5039 2700 5093; x_wconf 89' lang='lat' dir='ltr'><strong>est</strong></span> <span class='ocrx_word' id='word_1_845' title='bbox 2745 5028 3115 5092; x_wconf 88' lang='lat' dir='ltr'><strong>adversarius</strong></span> <span class='ocrx_word' id='word_1_846' title='bbox 3171 5035 3230 5091; x_wconf 92' lang='lat' dir='ltr'><strong>et</strong></span> <span class='ocrx_word' id='word_1_847' title='bbox 3280 5029 3545 5092; x_wconf 82' lang='lat' dir='ltr'><strong>effertur.</strong></span> <span class='ocrx_word' id='word_1_848' title='bbox 3583 5053 3607 5084; x_wconf 76' lang='grc' dir='ltr'>ι</span> 
     </span>
    </p>
   </div>
   <div class='ocr_carea' id='block_1_114' title="bbox 1967 5117 3616 5200">
    <p class='ocr_par' dir='ltr' id='par_1_114' title="bbox 1967 5117 3616 5200">
     <span class='ocr_line' id='line_1_116' title="bbox 1967 5117 3616 5200; baseline -0.002 -17"><span class='ocrx_word' id='word_1_849' title='bbox 1967 5120 2397 5183; x_wconf 79' lang='lat' dir='ltr'><strong>Adversabitur</strong></span> <span class='ocrx_word' id='word_1_850' title='bbox 2431 5136 2686 5200; x_wconf 91' lang='lat' dir='ltr'><strong>namque</strong></span> <span class='ocrx_word' id='word_1_851' title='bbox 2735 5127 2794 5179; x_wconf 90' lang='lat' dir='ltr'><strong>et</strong></span> <span class='ocrx_word' id='word_1_852' title='bbox 2842 5117 3154 5180; x_wconf 85' lang='lat' dir='ltr'><strong>extolletur</strong></span> <span class='ocrx_word' id='word_1_853' title='bbox 3199 5134 3306 5178; x_wconf 91' lang='lat' dir='ltr'><strong>sua</strong></span> <span class='ocrx_word' id='word_1_854' title='bbox 3335 5117 3616 5198; x_wconf 88' lang='lat' dir='ltr'><strong>superbia</strong></span> 
     </span>
    </p>
   </div>
   <div class='ocr_carea' id='block_1_115' title="bbox 1970 5207 3614 5289">
    <p class='ocr_par' dir='ltr' id='par_1_115' title="bbox 1970 5207 3614 5289">
     <span class='ocr_line' id='line_1_117' title="bbox 1970 5207 3614 5289; baseline -0.001 -17"><span class='ocrx_word' id='word_1_855' title='bbox 1970 5230 2090 5272; x_wconf 91' lang='lat' dir='ltr'><strong>non</strong></span> <span class='ocrx_word' id='word_1_856' title='bbox 2121 5210 2311 5272; x_wconf 93' lang='lat' dir='ltr'><strong>solum</strong></span> <span class='ocrx_word' id='word_1_857' title='bbox 2366 5209 2645 5270; x_wconf 90' lang='lat' dir='ltr'><strong>adversus</strong></span> <span class='ocrx_word' id='word_1_858' title='bbox 2691 5207 2878 5270; x_wconf 92' lang='lat' dir='ltr'><strong>Deum</strong></span> <span class='ocrx_word' id='word_1_859' title='bbox 2925 5207 3362 5289; x_wconf 87' lang='lat' dir='ltr'><strong>universorum,</strong></span> <span class='ocrx_word' id='word_1_860' title='bbox 3407 5225 3614 5270; x_wconf 89' lang='lat' dir='ltr'><strong>verum</strong></span> 
     </span>
    </p>
   </div>
   <div class='ocr_carea' id='block_1_116' title="bbox 1969 5294 3616 5379">
    <p class='ocr_par' dir='ltr' id='par_1_116' title="bbox 1969 5294 3616 5379">
     <span class='ocr_line' id='line_1_118' title="bbox 1969 5294 3616 5379; baseline -0.001 -18"><span class='ocrx_word' id='word_1_861' title='bbox 1969 5300 2145 5361; x_wconf 89' lang='lat' dir='ltr'><strong>etiam</strong></span> <span class='ocrx_word' id='word_1_862' title='bbox 2179 5300 2461 5361; x_wconf 89' lang='lat' dir='ltr'><strong>adversus</strong></span> <span class='ocrx_word' id='word_1_863' title='bbox 2493 5297 2675 5361; x_wconf 91' lang='lat' dir='ltr'><strong>idola.</strong></span> <span class='ocrx_word' id='word_1_864' title='bbox 2720 5295 2925 5379; x_wconf 88' lang='lat' dir='ltr'><strong>Neque</strong></span> <span class='ocrx_word' id='word_1_865' title='bbox 2977 5295 3136 5358; x_wconf 90' lang='lat' dir='ltr'><strong>enim</strong></span> <span class='ocrx_word' id='word_1_866' title='bbox 3181 5294 3254 5358; x_wconf 85' lang='lat' dir='ltr'><strong>ad</strong></span> <span class='ocrx_word' id='word_1_867' title='bbox 3278 5295 3616 5360; x_wconf 88' lang='lat' dir='ltr'><strong>idolatriam</strong></span> 
     </span>
    </p>
   </div>
   <div class='ocr_carea' id='block_1_117' title="bbox 1968 5384 3618 5468">
    <p class='ocr_par' dir='ltr' id='par_1_117' title="bbox 1968 5384 3618 5468">
     <span class='ocr_line' id='line_1_119' title="bbox 1968 5384 3618 5468; baseline -0.001 -17"><span class='ocrx_word' id='word_1_868' title='bbox 1968 5389 2147 5451; x_wconf 91' lang='lat' dir='ltr'><strong>ducet</strong></span> <span class='ocrx_word' id='word_1_869' title='bbox 2178 5388 2474 5464; x_wconf 85' lang='lat' dir='ltr'><strong>homines,</strong></span> <span class='ocrx_word' id='word_1_870' title='bbox 2509 5387 2614 5449; x_wconf 85' lang='lat' dir='ltr'><strong>sed</strong></span> <span class='ocrx_word' id='word_1_871' title='bbox 2647 5394 2710 5448; x_wconf 93' lang='lat' dir='ltr'><strong>ut</strong></span> <span class='ocrx_word' id='word_1_872' title='bbox 2740 5387 2932 5467; x_wconf 58' lang='lat' dir='ltr'><strong>ipsum</strong></span> <span class='ocrx_word' id='word_1_873' title='bbox 2956 5394 3230 5468; x_wconf 88' lang='lat' dir='ltr'><strong>tanquam</strong></span> <span class='ocrx_word' id='word_1_874' title='bbox 3259 5384 3447 5449; x_wconf 90' lang='lat' dir='ltr'><strong>Deum</strong></span> <span class='ocrx_word' id='word_1_875' title='bbox 3479 5386 3618 5450; x_wconf 88' lang='lat' dir='ltr'><strong>ado-</strong></span> 
     </span>
    </p>
   </div>
   <div class='ocr_carea' id='block_1_118' title="bbox 1966 5474 3618 5560">
    <p class='ocr_par' dir='ltr' id='par_1_118' title="bbox 1966 5474 3618 5560">
     <span class='ocr_line' id='line_1_120' title="bbox 1966 5474 3618 5560; baseline -0.001 -18"><span class='ocrx_word' id='word_1_876' title='bbox 1966 5487 2120 5543; x_wconf 89' lang='lat' dir='ltr'><strong>rent.</strong></span> <span class='ocrx_word' id='word_1_877' title='bbox 2157 5481 2480 5560; x_wconf 89' lang='lat' dir='ltr'><strong>Propterea</strong></span> <span class='ocrx_word' id='word_1_878' title='bbox 2511 5477 2658 5541; x_wconf 91' lang='lat' dir='ltr'><strong>dicit</strong></span> <span class='ocrx_word' id='word_1_879' title='bbox 2688 5477 2844 5560; x_wconf 92' lang='lat' dir='ltr'><strong>quod</strong></span> <span class='ocrx_word' id='word_1_880' title='bbox 2876 5476 3156 5541; x_wconf 82' lang='lat' dir='ltr'><strong>etferetur</strong></span> <span class='ocrx_word' id='word_1_881' title='bbox 3181 5474 3465 5540; x_wconf 79' lang='lat' dir='ltr'><strong>adversus</strong></span> <span class='ocrx_word' id='word_1_882' title='bbox 3495 5497 3618 5540; x_wconf 90' lang='lat' dir='ltr'><strong>om-</strong></span> 
     </span>
    </p>
   </div>
  </div>
