4140 6212
465 339 582 414 ΗΘ

1597 347 2006 416 (ECUMENII
2048 351 2344 416 ΤΗΙοοΕ
2385 353 2730 418 EPISCOPI,

3727 349 3844 417 {20

463 498 606 544 nem
628 478 966 562 quidicitur
988 481 1152 546 Deus
1172 487 1273 544 aut
1295 497 1542 545 numen.
1567 501 1590 534 ι
1610 479 1677 544 In
1697 481 1920 564 templo
1933 480 2066 547 Dei.
2094 502 2102 532 ι

2204 478 2491 560 λεγόμενον
2521 483 2652 564 Θεὸν
2679 483 2715 552 ἢ
2757 481 3018 558 σέϐασμα,
3059 505 3084 540 α
3120 487 3206 548 El:
3248 487 3338 541 τὸν
3369 485 3492 541 ναὸν
3519 490 3610 541 τοῦ
3631 491 3780 542 Θεοῦ.
3811 505 3836 539 ιι

460 568 590 633 Non
620 568 768 632 dicit
812 570 1101 652 templum
1153 569 1309 652 quod
1361 577 1490 632 erat
1534 569 1985 652 Hierosolymis,
2010 567 2116 632 sed

458 657 758 725 Ecclesias
791 659 922 723 Dei.
963 687 986 719 ι
1017 658 1364 724 Ostentans.
1401 677 1428 714 ι
1457 658 1585 722 Non
1598 659 1680 721 ait
1703 677 1718 722 :
1740 660 1982 736 Dice-ns,
2009 658 2114 722 sed

457 746 798 827 Ostentans,
831 747 944 809 hoc
972 754 1086 824 est,
1118 748 1426 829 operibus,
1466 748 1652 828 signis
1700 767 1770 812 ac
1813 747 2116 812 miraculis

455 837 653 900 nitens
671 835 1018 918 ostendere,
1047 836 1207 919 quod
1225 837 1304 899 sit
1320 837 1501 903 Deus.
1524 837 1906 900 Extrinsecus
1917 846 2114 900 autem

457 923 932 988 subaudiendum
965 933 1094 990 est:
1168 926 1553 1010 Nequaquam
1597 927 1798 992 veniet
1825 927 2114 990 adventus

461 1011 727 1077 Domini.
1968 1060 1972 1064 .

535 1099 609 1177 II,
640 1101 779 1164 5-8.
808 1102 907 1166 Αη
945 1119 1074 1166 non
1120 1103 1485 1167 mministis
1533 1104 1696 1185 quod
1745 1122 1882 1168 cum
1911 1103 2108 1168 adhuc

455 1207 646 1255 essem
691 1192 865 1272 apud
910 1209 1034 1268 vos,
1078 1193 1207 1256 haec
1257 1191 1534 1256 dicebam
1559 1194 1776 1257 vobis?
1815 1195 1895 1256 Et
1943 1211 2108 1256 nunc

453 1280 603 1363 quid
620 1279 892 1343 detineat
917 1283 1104 1358 scitis,
1129 1282 1207 1345 ad
1259 1283 1366 1345 hoc
1420 1288 1489 1346 ut
1544 1282 1647 1346 ille
1697 1283 2006 1346 reveletur
2034 1283 2104 1345 in

451 1387 562 1434 suo
583 1375 859 1450 tempore.
893 1367 1054 1433 Nam
1085 1373 1447 1452 mysterium
1459 1372 1606 1449 jam
1631 1372 1957 1451 peragitur
1987 1373 2103 1433 ini-

454 1458 751 1541 quitatis:
791 1456 988 1522 solum
1037 1465 1126 1522 est
1173 1460 1278 1538 qui
1329 1459 1500 1522 modo
1549 1461 1771 1522 retinet
1829 1460 2017 1524 donec
2072 1478 2104 1520 ε

453 1547 652 1611 medio
681 1547 959 1611 tollatur:
989 1555 1047 1611 et
1076 1554 1221 1612 tunc
1240 1548 1486 1630 pateﬂet
1507 1549 1756 1628 iniquus
1775 1547 1905 1622 ille,
1927 1565 2106 1630 quem

453 1635 757 1700 Dominus
801 1637 1082 1717 conﬁciet
1128 1639 1356 1719 spiritu
1411 1637 1538 1701 oris
1597 1639 1698 1700 sui
1746 1642 1801 1700 et
1845 1637 2106 1701 abolebit

455 1727 764 1790 charitate
791 1726 1090 1790 adventus
1118 1732 1240 1790 sui.

535 1815 721 1879 Multa
747 1815 946 1896 itaque
976 1833 1097 1878 non
1127 1815 1349 1897 scripta
1400 1813 1670 1879 tradebat
1716 1813 2017 1896 mysteria,
2045 1821 2106 1877 et

2200 569 2272 627 Οὐ
2299 571 2390 628 τὸν
2447 570 2501 628 ἐν
2547 562 2892 652 Ἰερουσαλὴμ
2939 571 3107 652 λέγει,
3154 572 3277 630 ἀλλ’
3332 575 3406 637 εἷς
3460 573 3553 636 τὰς
3616 570 3843 639 Ἐκκληο

2198 657 2314 723 σίας
2370 666 2462 717 τοῦ
2522 667 2672 736 Θευῦ,
2726 685 2756 717 ι
2789 659 3217 725 Ἀποδεικνύντα.
3269 686 3294 720 ο
3357 663 3464 722 Οὔκ
3521 662 3670 737 εἶπε,
3743 660 3845 718 Λέ-

2195 770 2379 826 γοντα,
2451 748 2572 806 ἀλλ’
2655 748 3084 824 Ἀποδεικνύντα,
3163 751 3426 828 τουτέστι,
3511 751 3843 830 πειρώμενον

2198 835 2462 903 ἀποδείξαι
2505 835 2579 920 διξ
2630 837 2798 920 ἔργων
2840 841 2928 896 καὶ
2989 841 3226 915 σημείων
3294 843 3384 897 καὶ
3423 840 3724 919 θαυμάτων,
3759 837 3842 896 ὅτι

2197 923 2308 982 ἔστι
2339 927 2492 991 Θεός.
2550 906 2770 994 νΕξωθεν
2811 906 3189 1009 ὑπακουστέον,
3237 929 3309 988 Οὔ
3352 929 3430 1005 μὴ
3479 906 3628 1005 ἔλθῃ,
3656 906 3840 1009 φνξσὶν,

2193 1015 2228 1082 ἠ
2272 1016 2528 1094 παρουσία
2556 1023 2647 1074 -ιοῦ
2693 1016 2904 1097 Κυρίου.

2277 1127 2305 1160 α
2337 1105 2410 1162 Ού
2452 1106 2813 1182 μνημονεύετε
2871 1107 2953 1165 ὅτι
3010 1105 3087 1165 ἔτι
3146 1106 3219 1166 ὢν
3279 1107 3409 1187 πρὸς
3460 1108 3619 1187 ὑμᾶς,
3677 1112 3843 1163 ταῦτα

2186 1191 2366 1273 ἔλεγον
2424 1195 2551 1270 ὑμῖν
2605 1196 2690 1252 καὶ
2768 1202 2856 1253 νῦν
2901 1197 2962 1252 τὸ
3031 1195 3264 1277 κατέχον
3353 1195 3559 1276 οἴδατε,
3619 1197 3692 1259 είς
3777 1197 3842 1252 τὸ

2184 1280 2616 1363 ἀποκαλυφθῆναι
2690 1286 2843 1342 αῦτὸν
2939 1283 2994 1340 ἐν
3090 1292 3168 1361 τῷ
3255 1286 3440 1344 ἑαυτοῦ
3518 1292 3686 1365 καιρῷ
3768 1285 3841 1343 Τὸ

2183 1371 2282 1450 γὰρ
2339 1375 2626 1452 μυστήριον
2679 1372 2782 1442 ἤδη
2854 1373 3146 1454 ἐνεργεῖται
3235 1380 3335 1442 τῆς
3427 1375 3674 1450 ἀνομίας.
3732 1373 3842 1430 Μό-

2185 1482 2273 1517 νον
2333 1463 2361 1517 6
2413 1462 2660 1544 κατέχων
2730 1461 2844 1540 ἄρτι
2920 1464 3022 1528 ἕως
3083 1462 3144 1520 ἐκ
3217 1465 3379 1540 μέσου
3434 1463 3676 1543 γένηται,
3750 1463 3840 1520 καὶ

2185 1549 2305 1606 τότε
2347 1549 2841 1632 ἀποκαλυφθήσεται
2885 1555 2914 1609 6
2944 1551 3164 1628 ἄνομος,
3196 1551 3257 1608 ὅν
3302 1554 3330 1610 6
3363 1553 3551 1633 Κύριος
3577 1550 3838 1609 ἀναλώσει

2185 1644 2264 1712 τῷ
2292 1640 2549 1716 πνεύματι
2591 1649 2684 1700 τοῦ
2713 1643 2977 1717 στόματος
3034 1640 3213 1722 αὐτοῦ,
3259 1643 3349 1699 καὶ
3409 1642 3740 1722 καταργήσει
3768 1649 3838 1719 τῇ

2131 1728 2464 1811 Βὲπιφανείᾳ
2491 1737 2590 1800 τῆς
2635 1733 2921 1813 παρουσίας
2963 1733 3144 1796 αὐτοῦ.
3193 1756 3222 1790 ι

2286 1828 2394 1899 Αρα
2447 1820 2698 1902 ἀγράφως
2765 1821 2940 1881 πολλά
3018 1820 3291 1902 παρεδίδου
3345 1827 3454 1878 τῶν
3510 1822 3834 1902 μυστηρίων,

459 1919 583 1964 non
606 1901 800 1965 solum
832 1921 942 1984 per
966 1904 1279 1986 epistolas:
1331 1911 1610 1986 tanquam
1655 1904 1916 1968 diceret:
1941 1903 2102 1966 Nihil

2191 1909 2274 1965 καὶ
2299 1910 2359 1966 οὗ
2385 1905 2452 1964 δι’
2495 1901 2789 1968 ἐπιστολῶν
2851 1912 3037 1986 μόνον,
3098 1901 3224 1968 ὡσεὶ
3265 1910 3443 1972 εἶπεν.
3495 1907 3654 1969 Οὐδὲν
3691 1901 3838 1976 ξένον

459 2009 678 2054 novum
695 1990 829 2054 dico
855 2012 869 2056 :
895 1991 1001 2056 sed
1021 1993 1178 2074 quod
1197 2011 1459 2074 praesens
1480 1992 1778 2058 dicebam.
1807 2014 1830 2045 ι
1854 1991 1927 2054 Et
1946 2012 2102 2055 nunc

2191 1995 2311 2074 ἒρῶ,
2344 1995 2462 2054 ἀλλ’
2493 1999 2522 2054 ὃ
2562 1999 2744 2079 παρὼν
2805 1998 3007 2080 ἔλεγον.
3062 2022 3084 2055 ε
3123 2001 3222 2058 Καὶ
3276 2007 3362 2056 νῦν
3392 2000 3454 2055 τὸ
3497 1999 3727 2079 κατέχον
3757 1999 3841 2058 οἴ-

460 2080 602 2170 quid
616 2080 880 2144 detineat
904 2081 1098 2144 scitis.
1127 2100 1150 2132 ι
1173 2081 1455 2145 Detinere
1466 2081 1612 2145 dicit
1638 2082 1798 2164 quod
1827 2081 2102 2164 prohibet

2191 2085 2330 2146 δατε.
2373 2109 2398 2146 ι
2476 2088 2719 2169 Κατέχον
2809 2090 2961 2170 φησὶ,
3018 2090 3079 2146 τὸ
3133 2087 3336 2146 κωλῦον
3377 2089 3464 2144 καὶ
3534 2087 3835 2168 ἐμποδίζον,

455 2169 550 2258 vel
578 2168 1008 2252 impedimento
1056 2178 1168 2234 est.
1216 2171 1515 2246 Quidnam
1547 2180 1747 2236 autem
1791 2179 1879 2234 est
1909 2169 2102 2233 illud?

2191 2175 2249 2234 Τί
2303 2173 2358 2232 δὲ
2426 2187 2619 2258 τοῦτος
2651 2168 2656 2169 ⁷
2685 2168 2877 2236 Πολλοὶ
2933 2180 2994 2234 τὸ
3067 2183 3279 2253 Πνεῦμα
3333 2177 3395 2233 τὸ
3449 2176 3600 2255 ἅγιόν
3657 2199 3834 2255 φασιν,

457 2257 911 2358 Multispiritum
940 2267 1208 2358 sanctum
1225 2261 1442 2358 dicunt
1462 2261 1607 2358 {alii
1635 2259 2102 2358 vero_Romano-l

2191 2261 2419 2358 ἕλλοιλδὲ
2473 2267 2574 2334 τὴν
2606 2257 2894 2343 Ῥωμαίων
2923 2265 3122 2347 ἀρχὴν,
3173 2266 3227 2324 οἵ
3286 2266 3374 2322 καὶ
3414 2263 3631 2358 βέλτιον-
3659 2263 3842 2358 λέγουξ

457 2365 592 2412 rum
621 2348 965 2430 imperium,
1031 2349 1133 2431 qui
1163 2349 1339 2413 etiam
1381 2349 1599 2412 melius
1641 2349 1948 2412 sentiunt:
1995 2348 2102 2410 nisi

2191 2375 2294 2414 σιν.
2350 2348 2431 2412 ’Ᾰν
2470 2356 2569 2435 γὰρ
2601 2356 2678 2432 μὴ
2740 2355 2873 2424 αὕτη
2931 2355 3086 2436 λυθῇ,
3137 2355 3344 2417 ἐκεῖνος
3391 2355 3494 2435 οὐχ
3561 2351 3704 2420 ὢξει.
3741 2353 3841 2410 Διά

457 2437 620 2500 enim
651 2437 764 2500 hoc
794 2439 1076 2516 solvatur,
1102 2439 1206 2502 ille
1235 2458 1356 2503 non
1401 2438 1621 2502 veniet.
1651 2447 1810 2499 195
1853 2436 2000 2500 Nam
2032 2438 2102 2501 ob

2191 2443 2300 2520 γαπ
2340 2450 2495 2501 τοῦτο
2522 2445 2609 2502 καὶ
2652 2443 2820 2506 οὕτως
2878 2443 3333 2520 συνεσκιασμένως
3390 2442 3544 2500 εἶπεν
3599 2444 3628 2498 6
3658 2442 3840 2518 μακά-

459 2523 522 2586 id
540 2543 790 2614 quoque
818 2524 966 2588 adeo
988 2525 1219 2590 obtecte
1250 2527 1485 2590 locutus
1513 2535 1602 2589 est
1631 2525 1838 2588 beatus
1866 2525 2101 2601 Paulus,

2191 2552 2298 2610 ριος
2370 2531 2600 2614 Παῦλος,
2650 2535 2727 2610 μὴ
2775 2533 3090 2610 βουλόμενος
3114 2531 3330 2614 ’,ἔχθρας
3374 2532 3613 2610 ἀναίρους
3656 2529 3840 2588 ἀναδέ-

457 2601 670 2676 nolens
689 2601 1071 2695 importunos
1089 2633 1158 2678 ac
1186 2617 1519 2697 superﬂuos
1533 2616 1810 2697 accipere
1827 2614 2102 2678 inimicos

2191 2601 2376 2700 χεσθαι
2405 2623 2548 2695 παρὰ
2763 2601 3060 2699 εῬωμαίων.
3114 2601 3372 2698 νέμε-λλον
3414 2601 3513 2700 γὰρ
3556 2620 3834 2684 ἀκούοντες

456 2701 613 2792 inter
637 2702 958 2792 Romanos.
994 2704 1059 2768 Si
1084 2704 1244 2768 enim
1265 2705 1570 2768 audissent
1589 2705 1746 2788 quod
1777 2705 2102 2768 dissolven-

2191 2707 2268 2765 ὅτι
2329 2709 2746 2782 καταλυθήσεται
2815 2714 2851 2781 ἡ
2925 2709 3200 2788 Ῥωμαίων
3282 2711 3452 2792 ἀρχὴ,
3513 2711 3601 2766 καὶ
3679 2710 3837 2769 αὐτὸν

455 2791 599 2880 dum
629 2791 1185 2875 diceretimperium
1199 2793 1625 2870 Romanorum,
1656 2802 1715 2856 et
1733 2793 1928 2875 ipsum
1951 2794 2102 2856 afﬂi-

2191 2805 2380 2854 κακοῦν
2421 2803 2510 2856 καὶ
2565 2802 2684 2864 τοὺς
2733 2802 2954 2866 πιστοὺς
3013 2801 3273 2880 ἅπαντας,
3322 2799 3396 2864 ὥς
3438 2799 3536 2867 τὴν
3585 2799 3837 2880 κατάχυ-

453 2879 681 2944 xissent
709 2889 768 2944 et
795 2882 1108 2946 universos
1156 2883 1494 2960 credentes,
1545 2892 1824 2966 tanquam
1876 2901 1979 2945 eos
2003 2883 2102 2964 qui

2191 2908 2268 2943 σιν
2327 2889 2490 2956 αὐτῆς
2538 2887 2928 2970 προδοκῶντας,
2979 2891 3038 2947 Εἰ
3091 2890 3192 2969 γὰρ
3233 2879 3312 2965 μὴ
3361 2891 3510 2952 οὗτος
3553 2894 3714 2966 γανῇ,
3774 2889 3838 2945 σύ

454 2978 868 3053 exspectarent
885 2971 1049 3035 illam
1096 2972 1572 3036 dissolutionem.
1605 2972 1752 3034 Nam
1777 2971 1829 3034 si
1857 2972 1955 3035 hic
1985 2991 2102 3035 non

2191 2976 2423 3056 φαίνεται
2452 2981 2481 3034 6
2510 2979 2755 3056 Χριστός.
2793 2981 2890 3036 Διά
2943 2979 3030 3036 οὗν
3072 2981 3134 3036 τὸ
3189 2979 3415 3058 φανῆναι
3455 2977 3546 3034 τὸν
3598 2976 3825 3058 Χριστόν

454 3061 816 3144 apparuerit,
853 3081 974 3125 non
1029 3062 1503 3127 manifestabitur
1537 3063 1849 3129 Christus:
1880 3081 1988 3144 ego
2037 3081 2102 3126 ex

2191 3089 2318 3148 φησι
2383 3066 2659 3144 βούλεσθαι
2711 3069 2868 3128 αὗτὸν
2937 3068 3079 3149 ταχὺ
3144 3056 3339 3148 ἐλθεῖν,
3396 3067 3484 3123 καὶ
3538 3065 3635 3134 τῆς
3689 3056 3826 3124 Ῥω-

457 3168 529 3214 eo
572 3151 732 3232 quod
754 3150 952 3215 statim
976 3151 1219 3232 cupiant
1239 3151 1604 3215 manifestari
1645 3151 1972 3227 Christum,
2001 3170 2102 3214 vo-

2191 3156 2360 3228 μαίων
2386 3157 2690 3236 ἠγεμωνίας
2717 3157 3003 3215 κατάλυσιν
3055 3156 3320 3234 γενέσθαι.
3378 3156 3437 3213 Ei
3477 3152 3532 3212 δὲ
3587 3159 3655 3221 ἦν
3709 3155 3829 3234 περὶ

455 3240 591 3304 lunt
619 3239 797 3303 etiam
828 3241 1024 3303 statim
1057 3242 1191 3304 ﬁeri
1231 3241 1684 3306 dissolutionem
1741 3239 2102 3322 principatus

2191 3251 2280 3302 τοῦ
2327 3246 2474 3324 ἁγίου
2539 3246 2864 3328 Πνεύματος,
2916 3247 2967 3303 τί
3008 3243 3232 3305 ἐκώλυεν
3271 3244 3430 3301 αὗτὸν
3507 3243 3677 3300 εἰπεῖν
3723 3265 3829 3299 σα-

452 3328 883 3395 Romanorum.
915 3331 976 3395 Si
1006 3338 1202 3393 autem
1227 3331 1303 3393 de
1335 3329 1562 3412 Spiritu
1591 3328 2102 3410 sanctointellige-

2191 3340 2323 3415 φῶς,
2356 3333 2441 3392 ὅτι
2491 3337 2526 3404 ἡ
2569 3346 2662 3396 τοῦ
2709 3337 3005 3412 πνεύματος
3055 3335 3209 3394 οὐτὸν
3251 3333 3410 3415 χάρις
3451 3331 3672 3413 κατέχει
3703 3332 3837 3412 πρὸς

451 3426 566 3508 ret,
622 3418 763 3502 quid
814 3419 1535 3508 prohiberetquominus
1581 3427 1784 3508 aperte
1833 3416 2100 3508 diceret:

2191 3426 2259 3490 τὴ
2303 3425 2382 3502 μὴ
2424 3431 2652 3506 φανῆναι
2677 3445 2695 3508 ;

453 3507 652 3574 Gratia
673 3509 917 3592 spiritus
945 3509 1140 3591 ipsum
1163 3507 1392 3572 detinet
1418 3526 1494 3571 ne
1525 3506 1936 3570 manifestetur
1957 3505 1989 3567 ?

542 3616 567 3649 σ
598 3599 671 3660 Ει
711 3617 872 3662 nunc
899 3598 1041 3681 quid
1071 3599 1337 3681 detineat
1363 3596 1557 3660 scitis.
1594 3617 1621 3654 ι
1673 3595 1762 3658 Ne
1791 3615 1949 3658 nunc
1974 3595 2103 3678 ipse

455 3687 885 3764 manifestetur,
917 3680 1022 3751 sed
1053 3688 1116 3750 in
1144 3680 1251 3752 sub
1265 3695 1534 3770 tempore
1557 3707 1571 3748 :
1594 3687 1708 3749 hoc
1740 3686 2099 3768 esl,quando

2191 3692 2242 3748 τὸ
2270 3693 2348 3768 μὴ
2397 3699 2485 3750 νῦν
2541 3680 2981 3776 ἀποκαλυφθῆναι
3027 3695 3208 3775 αὐτὸν,
3253 3692 3373 3751 ἀλλ’
3419 3693 3474 3751 ἐν
3501 3680 3607 3768 ’τῷ
3637 3680 3824 3750 ἑαυτοῦ

455 3777 810 3860 praeﬁnitum
837 3777 950 3859 ipsi
970 3795 1037 3840 ac
1051 3778 1410 3859 permissum
1432 3795 1468 3838 a
1483 3776 1606 3841 Deo
1627 3782 1866 3858 tempus
1885 3784 2101 3839 statua-

2191 3789 2370 3862 ιαιρῷ.
2427 3787 2558 3842 Οἷον
2613 3782 2740 3841 ὅταν
2793 3787 2822 3842 6
2879 3786 3098 3864 δρισθεὶς
3140 3785 3282 3860 αὖτῷ
3327 3785 3417 3841 καὶ
3457 3783 3821 3864 συγχωρηθεὶς

450 3877 548 3932 tur
573 3888 588 3930 :
619 3868 737 3932 nisi
748 3870 910 3934 enim
923 3889 1081 3933 nunc
1097 3869 1489 3946 detineretur,
1509 3869 1715 3950 utique
1731 3869 1907 3931 etiam
1941 3886 2100 3929 nunc

2191 3872 2279 3928 ὕπὸ
2323 3879 2454 3930 Θεοῦ
2497 3873 2692 3953 χρόνος
2749 3874 2963 3952 ἐπιστῇ.
3039 3876 3096 3933 Ei
3146 3873 3201 3930 δὲ
3241 3873 3320 3950 μὴ
3373 3874 3677 3953 κατείχετο,
3737 3893 3806 3928 κα

448 3957 815 4041 immineret,
840 3958 986 4020 adeo
1005 3975 1245 4040 semper
1261 3959 1542 4022 adversus
1557 3958 1875 4020 credentes
1897 3956 2096 4018 conci-

2191 3966 2262 4017 θῦν
2293 3961 2355 4018 ἃν
2412 3961 2635 4030 ἐπέστη.
2683 3963 2860 4027 Οὕτως
2932 3963 3013 4020 ἀεὶ
3063 3964 3198 4020 κατά
3239 3964 3344 4020 τῶν
3399 3968 3602 4020 πιστῶν
3660 3963 3818 4042 ὀργᾷ,

448 4053 627 4128 tatur,
655 4054 946 4109 eteorum
977 4047 1344 4128 pravitatem,
1392 4066 1530 4110 cum
1580 4046 1711 4128 ipse
1749 4045 1826 4107 sit
1857 4063 2090 4126 parvus,

2191 4051 2261 4107 ιαὶ
2291 4051 2390 4120 τὴν
2437 4053 2671 4112 κάκωσιν
2734 4057 2902 4112 αὐτῶν
2957 4055 2987 4110 6
3057 4053 3286 4132 πονηρὸς
3341 4051 3610 4128 ἐπιθυμεῖ.
3683 4049 3821 4107 ἀλλὰ

444 4135 838 4217 concupiscit,
860 4135 966 4198 sed
987 4135 1288 4199 detinetur
1308 4154 1376 4198 ac
1393 4134 1769 4217 prohibetur.
1785 4169 1866 4223 ἡ
1884 4134 2090 4223 Aliud.

2191 4139 2462 4223 ιατέχεται
2527 4144 2614 4200 καὶ
2660 4143 2939 4204 κωλύεται.
2994 4132 3195 4206 "Alio.
3247 4142 3532 4220 [ΣΕΥΠΡ.]
3587 4140 3820 4220 Κατέχει

445 4223 687 4290 Detinet
705 4243 774 4287 ac
795 4224 1070 4305 prohibet
1100 4224 1290 4307 iniqui
1316 4225 1480 4286 illius
1498 4223 1819 4286 adventum
1843 4222 2096 4304 Spiritus

2191 4234 2266 4289 ιαὶ
2305 4222 2497 4290 κωλύει
2555 4239 2647 4292 τοῦ
2702 4233 2901 4309 ἀνόμου
2958 4233 3058 4301 τὴν
3115 4231 3419 4310 πορουσίαν,
3476 4232 3538 4288 τὸ
3603 4229 3820 4304 Πνεῦμα

445 4321 706 4403 sanctus.
735 4317 1045 4403 Postquam
1067 4313 1247 4403 igitur
1259 4313 1356 4403 hic
1370 4320 1610 4395 propter
1630 4311 2095 4403 hominumpec-

2191 4320 2354 4400 ἵγιον.
2381 4319 2582 4381 Ἐπειδ’
2625 4323 2688 4379 ἃν
2730 4323 2842 4403 οῦν,
2903 4323 3055 4403 φησὶ,
3115 4330 3269 4380 τοῦτο
3311 4318 3395 4376 διὰ
3439 4319 3539 4386 τὴν
3580 4324 3686 4375 τῶν
3728 4316 3828 4373 ἀν-

441 4410 572 4466 cata
595 4402 671 4466 de
688 4401 890 4465 medio
912 4403 1016 4466 ﬁet
1040 4411 1098 4464 et
1121 4401 1414 4478 discedet,
1456 4409 1597 4464 tunc
1632 4401 1828 4490 locum
1860 4398 2102 4490 habebit

2191 4398 2404 4489 bpdmoov
2459 4414 2647 4468 κακίαν
2704 4411 2764 4469 ὲκ
2817 4398 2981 4488 μέσου
3035 4398 3256 4490 γέληται
3334 4409 3424 4466 καὶ
3491 4408 3720 4482 ἀποστῇ,
3766 4408 3828 4463 τὸ

2272 3622 2297 3660 e
2332 3603 2432 3664 Καὶ
2473 3611 2559 3662 νῦν
2586 3606 2647 3662 τὸ
2693 3605 2926 3687 κατέχον
2955 3607 3114 3688 φησὶν
3173 3603 3383 3664 οἴδατε.
3417 3628 3446 3661 ι
3501 3603 3712 3685 [ΦΩΤ.1
3750 3604 3836 3666 Εἰς

438 4491 681 4574 iniquus
711 4491 837 4568 ille,
877 4500 940 4553 ut
968 4490 1270 4554 reveletur
1297 4499 1355 4553 et
1376 4490 1662 4570 insurget,
1695 4489 1862 4552 nullo
1884 4488 2096 4571 prohi-

447 4581 1024 4646 bente.Dixitautem
1038 4579 1196 4662 quod
1213 4580 1390 4644 etiam
1405 4580 1467 4642 in
1481 4579 1718 4642 initium
1736 4580 1966 4662 accepit
1979 4599 2099 4662 my-

443 4671 695 4736 sterium
725 4670 1097 4752 iniquitatis:
1152 4669 1636 4752 quandoquidem
1684 4677 1742 4732 et
1788 4669 2097 4732 Manichaei

441 4765 722 4829 dixerunt
736 4764 1037 4828 diabolum
1065 4783 1199 4828 esse
1222 4764 1410 4827 Deum
1436 4763 1607 4844 legis,
1643 4771 1701 4825 et
1729 4763 1988 4826 Marcion
2015 4765 2096 4826 ait

436 4859 675 4924 Patrem
693 4859 912 4924 Christi
933 4879 1053 4923 non
1073 4877 1206 4922 esse
1225 4860 1410 4922 Deum
1437 4857 1607 4937 legis.
1627 4857 1784 4932 Quin
1815 4865 1874 4920 et
1891 4859 2094 4922 Manes

432 4949 697 5031 seipsum
726 4947 872 5011 dicit
901 4966 1032 5011 esse
1059 4948 1363 5012 Christum
1390 4966 1460 5009 ac
1498 4946 1871 5012 Paracletum
1897 4966 1912 5011 :
1942 4956 2000 5010 et
2023 4966 2094 5011 ex

435 5057 508 5101 eo
540 5046 809 5120 tempfre
839 5038 1151 5100 hominum
1183 5036 1667 5101 incredulitatem
1701 5036 1977 5099 diabolus
2007 5037 2095 5098 in-

433 5127 711 5190 ducebat.
737 5149 759 5180 ι
779 5130 931 5189 Nam
953 5127 1298 5208 mysterium
1308 5130 1429 5208 jam
1449 5127 1680 5208 peragit
1700 5125 2086 5208 iniquitatis.-

431 5215 778 5296 Mysterium
829 5215 1156 5297 iniquitatis
1199 5216 1348 5280 dicit
1392 5215 1715 5288 Neronem,
1753 5227 1820 5277 ut
1868 5215 1970 5297 qui
2019 5210 2098 5278 sit

2178 4499 2467 4566 τηνικαῦτα
2497 4501 2679 4581 χώραν
2735 4500 2838 4572 ἕξει
2894 4503 2923 4558 6
2986 4499 3207 4576 ἄνομος,
3279 4495 3712 4581 ἀποκαλυφθῆναι
3739 4497 3828 4552 καὶ

2178 4577 2560 4666 ἐπαναστῆναι,
2589 4577 2598 4580 -
2625 4588 2851 4666 μηδενὸς
2905 4589 3217 4653 κωλύοντος.
3285 4577 3440 4667 ’Ἔφη
3483 4583 3538 4641 δὲ
3587 4583 3668 4640 ὅτι
3738 4585 3828 4641 καὶ

2178 4678 2355 4760 ἀρχὴν
2399 4676 2590 4760 εἴληφε
2620 4681 2680 4736 τὸ
2728 4679 3016 4759 μοστήριιον
3072 4683 3170 4746 τῆς
3226 4677 3468 4754 ἀνομίας,
3527 4671 3709 4741 ἒπειδὴ
3738 4675 3828 4730 καὶ

2179 4774 2478 4848 Μανιχαῑοι
2509 4769 2684 4826 ἐἷπον
2753 4769 2842 4825 τὸν
2903 4765 3144 4826 διάϐολον
3212 4766 3342 4822 Θεὸν
3369 4763 3461 4821 τοῦ
3507 4763 3691 4842 νόμου,
3735 4763 3825 4818 καὶ

2177 4857 2423 4937 Μαρκίων
2491 4859 2650 4938 φησὶν
2704 4857 2763 4916 οὔ
2821 4859 2913 4914 τὸν
2963 4855 3172 4935 Πατέρα
3257 4854 3398 4911 εἶναι
3451 4854 3545 4908 τοῦ
3599 4853 3826 4928 Χριστοῦ

2175 4947 2267 5004 τὸν
2310 4947 2438 5005 Θεὸν
2467 4949 2561 5005 τοῦ
2614 4947 2804 5023 νόμου.
2861 4946 3014 5025 Λέγει
3068 4943 3124 5002 δὲ
3179 4944 3268 5000 καὶ
3315 4942 3537 5022 Χριστὸν
3581 4940 3764 4997 ἑαυτὸδ
3796 4941 3825 4997 6

2176 5034 2362 5103 Μάνης
2390 5036 2478 5093 καὶ
2519 5035 2884 5116 παράκλητον,
2927 5036 3015 5093 καὶ
3064 5033 3243 5090 ἔκτοτε
3294 5032 3392 5099 τὴν
3440 5028 3686 5087 ἀπιστίαν
3716 5031 3824 5085 τῶν

2176 5123 2461 5204 ἀνθρωπων
2535 5127 2564 5182 6
2631 5122 2873 5191 διάϐολος
2943 5127 3178 5203 εἰσῆγεν.
3251 5122 3322 5180 Τὸ
3374 5119 3476 5200 γὰρ
3532 5119 3822 5195 μυστήριον

2174 5213 2278 5282 ἤδη
2309 5215 2600 5296 ἐνεργεῖται
2655 5219 2756 5282 τῆς
2813 5214 3055 5289 ἀνομίας.
3117 5211 3414 5288 Μυστήριον
3457 5212 3558 5296 τῆς
3597 5206 3823 5281 ἀνομίας

429 5294 603 5386 typus
630 5294 1012 5368 Antichristi.
1040 5304 1274 5370 Etenim
1297 5305 1454 5370 Nero
1473 5315 1532 5370 et
1553 5323 1871 5388 perversus
1887 5294 2089 5369 eratet

2191 5305 2260 5361 τὸν
2290 5294 2506 5384 Νέρωνα
2561 5303 2726 5383 λέγει,
2787 5305 2860 5368 ὡς
2911 5305 2984 5366 εἷς
3032 5301 3193 5358 τύπον
3235 5298 3360 5356 ὄντα
3409 5299 3502 5355 τοῦ
3540 5294 3821 5375 Ἀντιχρί-

434 5393 597 5460 Deus
647 5391 769 5456 dici
780 5393 1076 5476 cupiebat.
1097 5395 1442 5478 Mysterium
1463 5403 1661 5458 autem
1681 5402 1848 5458 vocat
1863 5396 2080 5477 ipsum,

2169 5415 2317 5454 στου.
2352 5393 2448 5452 Καὶ
2505 5392 2605 5473 γὰρ
2649 5392 2735 5448 καὶ
2766 5394 2794 5448 6
2851 5391 3027 5472 Νέρων
3056 5387 3250 5470 φαῦλός
3295 5409 3353 5445 τε
3408 5387 3498 5463 ἧν,
3568 5386 3655 5473 καὶ
3687 5386 3823 5450 Θεὸς

427 5480 587 5568 quod
605 5479 828 5563 absque
848 5470 1076 5564 pudore
1097 5470 1322 5548 faceret
1337 5483 1493 5548 Nero
1515 5504 1647 5567 quae
1684 5470 2085 5548 Antichristus

2191 5483 2340 5554 ζήτει
2396 5470 2660 5561 λέγεσθαι.
2715 5470 3013 5556 Μυστήριον
3093 5476 3148 5536 δὲ
3205 5478 3358 5568 αῦτόν
3414 5495 3593 5568 φησι,
3624 5470 3712 5568 διὰ
3756 5474 3822 5568 τὸ

429 5559 695 5636 facturus
708 5559 886 5648 esset,
894 5573 1001 5634 sed
1019 5589 1199 5654 parce
1215 5590 1284 5634 ac
1307 5578 1487 5648 tecte,
1511 5559 1731 5654 inquit,
1753 5572 2081 5656 peragitur,

2191 5573 2243 5640 ιὴ
2274 5559 2773 5650 ἀπηρυθριασμένως
2821 5582 2995 5628 ποιεῖν
3043 5569 3136 5626 τὸν
3179 5566 3394 5656 Νέρωνα
3427 5563 3524 5622 οἷα
3547 5565 3603 5656 ⁸ὁ
3633 5559 3818 5656 ’λντί-

424 5677 642 5746 nempe
661 5657 773 5725 sub
789 5650 1048 5728 Satana':
1072 5660 1202 5744 ipse
1224 5679 1490 5745 namque
1537 5650 1786 5726 satanas
1812 5650 1924 5745 per
1947 5650 2078 5725 me;

2191 5681 2382 5742 [ριστος
2437 5661 2652 5732 ποιήσει
2681 5672 2698 5691 ⁶
2752 5657 2872 5715 ἀλλ’
2917 5657 3208 5738 ὀφειμένως
3263 5653 3391 5730 ἤδη,
3435 5653 3620 5734 φησὶν,
3663 5650 3818 5732 ἐνερ-
