4140 6212
294 347 396 413 121

1251 361 1645 428 COMMENT.
1691 363 1775 427 IN
1819 355 2060 424 EPIST.
2108 359 2165 421 II
2208 361 2309 424 AD
2352 361 2714 426 THESSAL.

3563 354 3682 421 122

287 502 486 570 γετται,
548 492 838 567 τουτέστιν,
881 495 984 551 ὑπὸ
1041 503 1132 553 τοῦ
1187 503 1421 560 Σατανᾶ,
1489 497 1778 576 Εἰργάσατο
1835 495 1922 573 γὰρ

2017 486 2185 552 dinm
2211 489 2513 554 Neronem
2545 491 3047 575 operabaturqute
3065 491 3181 554 sibi
3197 490 3674 556 videbantur.lta

286 577 368 635 διὰ
392 580 559 654 μέσου
585 589 680 638 τοῦ
728 581 966 661 Νέρωνος
997 587 1026 641 6
1077 593 1318 650 Σατανᾶς
1367 587 1434 644 τὰ
1495 587 1636 661 αῦτῷ
1665 583 1937 648 δοκοῦντα,

286 667 464 730 οἷτως
493 666 549 724 δὲ
579 671 1034 746 συνεσκιασμένως
1095 675 1274 747 εἶπεν,
1308 678 1367 733 οὗ
1425 673 1508 731 διά
1555 673 1772 746 δειλίαν,
1807 673 1942 730 ἀλλά

282 755 542 843 παιδεύων
589 759 760 838 ἡμᾶς,
817 758 1102 830 ἀνονήτους
1161 761 1357 843 ἔχθρας
1419 764 1508 820 καὶ
1563 763 1809 843 περιττὰς
1863 763 1940 836 μὴ

281 842 656 932 ἀναδέχεσθλι,
699 867 731 906 ε
781 849 952 905 Μόνον
982 853 1010 906 6
1041 842 1290 932 κατέχων
1337 851 1479 931 ἄρτι.
1526 873 1554 911 ι
1605 842 1876 924 Τουτέστι,
1911 854 1939 908 6

287 924 564 1009 Ῥφμαίων
605 937 788 1016 θρόνος
846 941 935 996 καὶ
981 942 1016 1008 ἡ
1065 924 1305 998 θασιλεία
1436 949 1524 999 νῦν
1566 939 1936 1021 ἐμποδίζουσα,

283 1022 410 1080 ὅταν
440 1025 737 1099 παύσηται,
795 1029 948 1107 φησὶ,
992 1030 1078 1085 καὶ
1133 1028 1285 1096 τέλος
1333 1028 1496 1109 λάϐῃ,
1553 1030 1674 1087 τότε
1731 1029 1938 1109 ἀποκα-

281 1109 604 1190 λικρθήσεται
640 1116 670 1168 ὁ
698 1113 917 1198 ἄνομος,
949 1138 1012 1172 το
1042 1115 1242 1198 τέστιν,
1267 1119 1296 1174 6
1327 1107 1721 1197 Ἀντίχριστος.
1757 1107 1934 1175 ΗΟταν

285 1199 384 1276 τᾶρ
441 1199 716 1279 καταλυθῇ
755 1205 791 1272 ἡ
845 1194 1116 1279 Ῥωμαίων
1160 1194 1329 1286 ἀρχὴ,
1403 1194 1524 1262 τότε
1581 1209 1609 1263 6
1657 1204 1932 1286 Ἀντίχρι-

279 1309 405 1351 στος
437 1287 810 1360 ἐπιτεθήσεται
868 1299 935 1368 τῇ
991 1294 1218 1374 ἀναρχίᾳ
1271 1297 1358 1351 καὶ
1413 1300 1674 1374 κρατῆσαι
1715 1295 1932 1375 ἐπιχει-

278 1378 454 1454 ρήσει,
498 1382 561 1438 οὖ
590 1380 753 1454 μόνον
781 1382 879 1448 τὴν
932 1387 1038 1438 τῶν
1096 1383 1405 1461 ἀνθρώπων,
1441 1383 1578 1440 ἀλλά
1605 1384 1692 1440 καὶ
1722 1384 1818 1450 τὴν
1843 1391 1934 1440 τοῦ

283 1473 420 1525 Θεοῦ
465 1467 669 1546 ἀρχήν.
731 1471 841 1538 Τὴν
890 1468 945 1526 δὲ
1001 1463 1272 1552 ιΡωμαίων
1329 1471 1528 1552 ἀρχὴν,
1569 1473 1722 1536 αὖτὸς
1754 1469 1932 1527 τέλεον

276 1558 608 1633 καταργήσει
637 1560 666 1614 6
698 1555 1085 1639 Ἀντίχριστος.
1152 1550 1372 1641 ΗΩσπεργ
1398 1550 1516 1640 γγάρ
1540 1563 1575 1629 ἡ
1609 1559 1802 1630 Μήδων
1831 1561 1932 1616 ὑπὸ

2023 588 2222 641 autem
2245 579 2482 644 obtecte
2505 581 2803 658 dixit,non
2825 581 3044 644 timore
3066 581 3367 643 cohibitus
3390 601 3404 644 :
3431 581 3540 644 sed
3567 599 3678 643 nos

2025 667 2334 732 instruens
2349 689 2425 733 ne
2439 669 2683 733 inutiles
2694 690 2762 733 ac
2782 671 3115 752 superﬂuas
3134 668 3480 732 inimicitias
3492 669 3676 732 susci-

2029 755 2282 835 piamus.
2317 757 2559 822 «Solum
2591 766 2680 821 est
2709 759 2811 840 qui
2845 758 3020 820 modo
3052 758 3291 821 retinet.
3329 787 3351 818 ι
3387 759 3668 821 Thronus

2023 843 2306 909 videlicet
2336 855 2394 908 et
2414 866 2664 928 regnum
2693 846 3288 929 Romanorum,quod
3311 864 3472 908 nunc
3487 846 3674 928 impe-

2021 932 2294 998 dimento
2322 943 2413 997 est
2433 936 2626 998 donec
2653 944 2872 1016 cesset,
2895 937 3199 1015 ﬁnemque
3227 935 3512 1016 accipiat:
3532 943 3674 998 tunc

2023 1022 2388 1087 revelabitur
2417 1025 2660 1105 iniquus
2690 1026 2812 1107 ille,
2848 1025 2960 1086 hoc
2991 1033 3102 1105 est,
3125 1022 3673 1088 Antichristus.Ubi

2021 1111 3670 1193 enimimperiumRomanorumtueritdissolutum,tunc

2015 1200 2424 1263 Antichristus
2450 1201 2784 1264 rebellione
2814 1202 3099 1275 irruet,ac
3122 1201 3400 1264 obtinere
3430 1199 3672 1263 conabi-

2017 1296 2136 1370 tur,
2177 1298 2340 1350 nos
2360 1308 2480 1352 non
2501 1290 2810 1352 hominum
2846 1291 3066 1364 solum,
3101 1308 3306 1352 verum
3338 1290 3524 1352 etiam
3563 1289 3670 1352 Dei

2015 1375 2358 1457 imperium.
2387 1377 2792 1440 Romanorum
2815 1386 3013 1439 autem
3039 1377 3359 1458 imperium
3382 1376 3511 1458 ipse
3534 1379 3666 1439 An-

2016 1465 2321 1529 tichristus
2352 1467 2618 1547 perfecte
2647 1466 2926 1529 abolevit.
2967 1465 3480 1540 Quemadmodum
3503 1465 3662 1528 enim

2019 1555 2323 1620 Medorum
2351 1555 2672 1637 imperium
2692 1574 2723 1618 a
2744 1557 3088 1636 Babyloniis
3106 1555 3462 1618 dissolutum
3483 1562 3666 1628 est,et

275 1641 628 1702 Βαὸυλωνίων
657 1647 943 1722 κατελύθη,
975 1652 1065 1705 καὶ
1093 1652 1128 1718 ἡ
1173 1647 1519 1707 Βαϐυλωνίων
1559 1651 1658 1706 5πὸ
1692 1655 1922 1728 Περσῶν,

2017 1643 2480 1724 Babyloniorum
2509 1665 2543 1708 a
2573 1645 3117 1722 Persis,Persarum
3150 1663 3386 1726 quoque
3407 1664 3439 1705 a
3463 1644 3663 1706 Mace-

274 1733 359 1818 καὶ
389 1734 427 1800 ἦ
471 1736 687 1813 Περσῶν
732 1737 835 1794 ὑπὸ
882 1738 1218 1818 Μακεδόνων,
1251 1740 1338 1795 καὶ
1365 1740 1400 1807 ἡ
1457 1736 1771 1796 Μακεδόνων
1827 1740 1928 1794 61:6

277 1810 580 1902 Ῥωμαίων,
612 1825 784 1889 οὕτως
840 1827 876 1895 ἡ
929 1810 1216 1901 Ῥωμαίων,
1251 1829 1354 1884 ὑπὸ
1411 1834 1503 1884 τοῦ
1563 1825 1932 1908 Ἀντιχρίστου

273 1913 361 1968 καὶ
391 1915 429 1981 ἡ
459 1921 554 1970 τοῦ
603 1914 969 1997 Ἀντιχρίστου
996 1921 1098 1977 ὑπὸ
1131 1927 1223 1976 τοῦ
1245 1921 1399 1994 ἡμῶν
1433 1920 1721 1980 Δεσπότου.
1757 1926 1931 1977 Ταῦτα

273 1999 327 2057 δὲ
359 2004 390 2057 6
439 2003 641 2073 Δανιήλ
699 1996 882 2085 φησιν.
947 1996 1120 2065 ’Ὅταν
1180 2008 1356 2084 μέντοι
1415 2010 1476 2064 τὸ
1530 2007 1691 2088 πέρας
1739 2007 1930 2084 ἐπιστῇ

271 2094 372 2154 τῆς
404 2098 499 2147 τοῦ
530 2099 664 2150 Θεοῦ
695 2095 1018 2174 προθέσεως,
1047 2099 1136 2153 καὶ
1165 2100 1193 2153 6
1222 2107 1309 2157 νῦν
1351 2097 1597 2177 κατέχων
1627 2097 1781 2153 αὕτὸν
1812 2095 1929 2173 ὅρος

271 2177 440 2266 ἐκστῆ
464 2177 788 2258 πληρωθεὶς⁶
821 2183 1047 2258 ἑτοίμως
1076 2185 1196 2242 τότε
1251 2187 1340 2242 καὶ
1395 2183 1520 2266 δίχα
1573 2187 1750 2252 πάσης
1806 2184 1929 2240 ἀναο

269 2263 444 2333 ϐολῆς
505 2270 536 2325 6
585 2266 781 2346 ἄνομος
839 2271 1358 2354 ἀποκαλυφθήσεται.
1424 2260 1588 2354 ..Ἴον
1658 2277 1686 2330 6
1745 2275 1928 2352 Κύριος

273 2355 568 2420 ἀναλώσει.
645 2383 673 2415 ι
733 2363 930 2418 Λοιπὸν
974 2349 1150 2444 xxiii,
1207 2364 1526 2444 παραμυθία.
1567 2349 1661 2421 "Ov
1719 2365 1747 2418 6
1793 2349 1925 2442 Χρι-

267 2448 420 2519 στὸς,
473 2450 656 2527 φησὶν,
712 2449 997 2515 ἀναλώσει,
1046 2441 1415 2533 υιὶσπερνγειρ
1470 2455 1634 2530 παρὸς
1682 2451 1757 2508 ἔτι
1789 2441 1922 2530 πορο

269 2533 436 2611 ῥωθεν
497 2535 670 2614 ὄντος,
729 2541 795 2597 τά
857 2543 1021 2621 μικρά
1087 2543 1289 2622 ζωύφια
1345 2543 1406 2598 ἐκ
1461 2547 1558 2609 τῆς
1601 2541 1923 2622 θερμότητος

270 2623 638 2713 ἀναλίσκεται,
698 2627 834 2686 οὕτω
875 2633 962 2687 καὶ
1013 2633 1041 2688 6
1084 2627 1449 2713 Ἀντίχριστος
1501 2630 1553 2696 ἒξ
1609 2635 1772 2698 αὒτῆς
1825 2631 1921 2699 τῆς

271 2711 584 2792 ἐπιφανείας
664 2725 755 2774 τοῦ
821 2727 1070 2797 Χριστοῦ,
1140 2722 1228 2777 καὶ
1307 2730 1399 2777 τοῦ
1463 2720 1758 2796 πνεύματος
1833 2727 1927 2778 τοῦ

270 2801 540 2876 στόματος
597 2804 775 2883 αὐτοῦ,
847 2808 1266 2880 ἀναλωθήσεται,
1343 2815 1557 2884 Πνεῦμα
1633 2809 1921 2884 στόματος,

269 2892 334 2946 16
391 2890 660 2972 ἐπίταγμα
713 2897 802 2953 καὶ
843 2896 1110 2974 κέλευσμα
1177 2897 1378 2979 καλῶν,
1435 2899 1523 2954 καὶ
1579 2901 1696 2954 οἷον
1751 2897 1923 2977 ἐμφύ-

267 3000 450 3073 σημα,
481 2982 608 3073 ἣλτρ
637 2984 787 3063 ἅγιον
819 2993 1056 3063 Πνεῦμα,
1093 3011 1120 3042 ι
1154 2988 1512 3066 Καταργήσει.
1546 3009 1567 3041 ι
1604 2989 1734 3044 Οἶον
1783 2985 1922 3042 παύ-
1944 3023 1984 3073 C

268 3089 377 3141 σει,
427 3069 702 3132 ἀπολέσει.

357 3180 381 3213 ε
445 3162 518 3216 Οὗ
557 3161 698 3219 ἐστιν
752 3164 788 3232 ἡ
858 3167 1115 3246 παρουσία
1158 3166 1278 3224 κατ’
1335 3164 1598 3245 ἐνέργειαν
1645 3171 1738 3220 τοῦ
1809 3171 1916 3220 Σασ

265 3253 425 3323 τανᾶ,
499 3249 556 3306 ἐν
610 3251 757 3330 πάσῃ
810 3252 1024 3330 δυνάμει
1107 3257 1195 3312 καὶ
1262 3257 1505 3331 σημείοις
1583 3254 1669 3309 καὶ
1738 3253 1916 3332 τέρασι

266 3335 513 3413 ψεύδους,
568 3342 658 3397 καὶ
726 3341 781 3398 ἐν
848 3345 996 3422 πάσῃ
1038 3345 1218 3423 ἀπάτῃ
1275 3351 1373 3413 τῆς
1428 3341 1632 3405 ἀδικίας
1689 3341 1743 3397 ἐν
1799 3354 1916 3405 τοῖς

2009 1732 2355 1816 donibus,et
2376 1735 2770 1800 Macedonum
2803 1754 2838 1796 a
2866 1733 3150 1796 Romanis
3188 1751 3202 1796 :
3236 1733 3316 1795 ita
3347 1742 3406 1794 et
3439 1736 3662 1794 Roma-

2011 1839 2224 1884 norum
2257 1823 2330 1884 ab
2361 1822 2825 1896 Antichristo,et
2848 1821 3194 1884 Antichristi
3221 1819 3516 1882 aDomino
3547 1839 3661 1882 no-

2009 1911 2302 1975 stro.Hzec
2329 1921 2528 1974 autem
2550 1911 2634 1974 ait
2660 1910 3156 1984 Daniel.Quando
3189 1928 3337 1972 sane
3364 1909 3660 1972 terminus

2012 1998 2195 2062 divini
2216 2001 2503 2082 propositi
2517 1998 3276 2082 appropinquaverit,etqui
3294 1997 3658 2078 nuncipsum

2011 2090 2235 2152 retinet
2257 2090 2769 2171 ﬁnis,completus
2791 2088 3088 2150 exstiterit
3109 2109 3122 2152 :
3154 2095 3292 2149 tunc
3316 2093 3659 2167 prompteet

2011 2177 2144 2239 sine
2177 2178 2296 2239 ulla
2344 2196 2512 2240 mora
2563 2177 2805 2259 iniquus
2835 2177 2938 2239 ille
2983 2176 3376 2239 revelabitur.
3416 2198 3438 2228 ι
3471 2174 3656 2248 Quem

2011 2263 2302 2328 Dominus
2335 2266 2636 2328 conﬁciet.
2673 2290 2694 2324 ι
2747 2265 2974 2328 Deinde
3005 2265 3272 2346 sequitur
3304 2262 3658 2326 consolatio.

2010 2353 2198 2427 Quem
2242 2355 2537 2430 Christus,
2571 2354 2790 2436 inquit,
2841 2353 3086 2417 delebit.
3137 2353 3655 2426 Quemadmodum

2008 2447 2169 2510 enim
2203 2449 2344 2512 dum
2374 2450 2574 2512 adhuc
2601 2450 2754 2528 ignis
2779 2447 3014 2509 eminus
3067 2455 3398 2529 separatur,
3429 2445 3659 2508 minuta

2005 2538 2287 2602 animalia
2317 2541 2516 2603 calore
2547 2545 3001 2610 consumuntur,
3047 2537 3130 2599 ita
3162 2545 3220 2599 et
3249 2536 3657 2601 Antichristus

2008 2645 2079 2690 ex
2111 2628 2240 2710 ipso
2272 2629 2494 2693 Christi
2525 2629 2784 2691 adventu
2817 2635 2877 2689 et
2905 2627 3116 2710 spiritu
3147 2627 3270 2689 oris
3320 2627 3472 2706 ejus,
3504 2645 3655 2688 con-

2011 2725 2303 2780 sumetur.
2357 2717 2643 2800 Spiritum
2697 2724 2894 2780 autem
2951 2717 3075 2779 oris
3121 2724 3288 2778 vocat
3309 2716 3547 2796 jussum
3587 2733 3658 2779 ac

2010 2816 2370 2890 praeceptum
2403 2816 2465 2870 et
2492 2807 2674 2871 veluti
2714 2809 2940 2882 ﬂatum,
2987 2815 3086 2868 aut
3131 2806 3416 2888 Spiritum
3474 2823 3655 2868 sanc-

2008 2907 2158 2962 tum.
2194 2927 2218 2959 α
2255 2898 2561 2980 Abolebit,
2592 2921 2614 2951 ι
2649 2896 2762 2959 hoc
2787 2903 2903 2977 est,
2936 2895 3262 2978 cohibebit,
3297 2895 3532 2976 perdet.

2084 3165 2158 3248 ΙΙ,
2183 3167 2366 3232 9-11.
2401 3167 2588 3247 Cujus
2617 3166 2910 3230 adventus
2937 3171 3024 3228 est
3049 3164 3374 3228 secundum
3421 3182 3648 3244 opera-

2003 3255 2231 3318 tionem
2277 3262 2513 3320 satanae
2562 3272 2698 3318 cum
2746 3259 2917 3318 omni
2940 3255 3236 3333 potentia,
3269 3260 3326 3316 et
3355 3253 3551 3330 signis
3579 3270 3652 3315 ac

1998 3344 2296 3424 prodigiis
2325 3345 2653 3416 mendacii,
2689 3350 2746 3407 et
2790 3362 2926 3406 cum
2959 3344 3126 3405 omni
3163 3343 3503 3421 deceptione
3547 3343 3648 3403 in-

265 3424 682 3510 ἀπολλυμένοις,
752 3431 866 3489 ἀνθ’
920 3437 995 3490 ὧν
1057 3436 1164 3502 τὴν
1237 3435 1454 3513 ἀγάπην
1523 3439 1616 3495 τᾶς
1674 3431 1920 3498 ἀληθείας

2008 3436 2261 3508 iustitiae
2279 3437 2343 3498 in
2365 3442 2438 3498 iis
2470 3441 2578 3516 qui
2600 3443 2887 3516 pereunt,
2919 3451 3032 3513 pro
3071 3451 3140 3494 eo
3172 3432 3335 3512 quod
3371 3430 3648 3493 dilectio-

265 3520 363 3574 οὐκ
436 3516 692 3594 ἐδέξαντο,
749 3525 823 3588 εἰς
875 3526 938 3581 16
1014 3530 1246 3593 σωθῆναι
1324 3526 1534 3588 αὐτούς.
1617 3525 1711 3578 Δια
1767 3529 1920 3578 τοῦτο

265 3607 473 3682 πέμψει
517 3609 702 3675 αὗτοϊς
733 3615 761 3669 ὃ
791 3615 923 3678 Θεὸς
948 3617 1210 3694 ἐνεργειαν
1239 3613 1472 3694 πλάνης,
1506 3615 1578 3676 εἷς
1609 3613 1668 3668 16
1698 3618 1918 3667 πιστεῦ-

269 3719 356 3753 σαι
387 3697 577 3762 αὐτοὺς
607 3707 685 3774 τῷ
713 3700 913 3782 ψεύδει,
944 3703 1036 3759 ἵνα
1061 3705 1274 3781 κριθῶσι
1304 3703 1496 3768 πάντες
1526 3705 1571 3759 οἱ
1600 3701 1678 3776 μὴ
1709 3699 1918 3756 πιστεύ-

270 3808 487 3859 σαντες,
548 3795 616 3866 τῇ
659 3789 899 3864 ἀληθείᾳ,
958 3790 1074 3848 ἀλλ’
1145 3791 1520 3863 εὐδοκήσαντες
1563 3790 1618 3846 ἐν
1673 3796 1741 3865 τῇ
1797 3787 1917 3844 ἀδι-

274 3877 389 3948 κίᾳ,
447 3899 470 3933 ο

355 3966 455 4024 Καὶ
483 3970 830 4050 καταργήσει,
892 3973 1044 4051 φησὶ,
1105 3977 1172 4048 τῇ
1225 3971 1481 4048 παρουσίᾳ
1526 3967 1681 4023 αὖτοῦ
1739 3967 1768 4021 6
1825 3966 1924 4024 Κύ-

267 4077 382 4132 ριος
428 4058 518 4112 τὸν
580 4054 970 4139 Ἀντίχριστον,
1026 4063 1088 4116 οὗ
1130 4059 1495 4139 Ἀντιχρίστου
1537 4056 1680 4113 ἔσται
1715 4059 1748 4124 ἦ
1778 4077 1919 4134 παρ-

263 4146 416 4201 ουσία
480 4143 600 4202 κατ’
671 4147 933 4227 ἐνέργειαν
986 4157 1076 4206 τοῦ
1128 4157 1359 4212 Σατανᾶ,
1441 4149 1536 4204 Διά
1597 4146 1759 4222 μέσου
1816 4148 1918 4235 γὰρ

2002 3541 2140 3585 nem
2161 3525 2443 3588 veritatis
2468 3543 2588 3587 non
2622 3531 2996 3603 receperunt,
3033 3526 3097 3582 in
3123 3519 3234 3582 hoc
3262 3527 3328 3581 ut
3351 3517 3506 3580 salvi
3534 3519 3648 3596 ﬁe-

2001 3619 2157 3676 rent.
2207 3613 2291 3675 Et
2327 3621 2648 3694 propterea
2704 3615 2899 3672 mittet
2947 3610 3076 3671 illis
3117 3608 3273 3670 Deus
3320 3609 3648 3686 efﬁcaciam

2001 3700 2329 3773 ittusionis,
2375 3710 2444 3762 ut
2487 3701 2742 3764 credant
2769 3698 3135 3761 mendacio:
3179 3703 3248 3756 ut
3292 3696 3648 3775 judicentur

2003 3807 2212 3852 omnes
2242 3791 2348 3870 qui
2373 3808 2495 3853 non
2526 3789 2918 3853 crediderunt
2961 3789 3232 3860 veritati,
3283 3785 3388 3848 sed
3415 3801 3641 3864 appro-

2003 3877 2301 3941 baverunt
2323 3879 2719 3958 injustitiam.

2083 3971 2900 4056 Abolebit,inquit,Dominus
2921 3988 3030 4032 suo
3054 3969 3310 4031 adventu
3335 3967 3642 4030 Antichri-

2001 4069 2184 4144 stum,
2235 4064 2407 4144 cujus
2456 4061 2814 4126 Antichristi
2853 4061 3136 4123 adventus
3165 4059 3279 4122 erit
3309 4057 3640 4120 secundum

2003 4153 2409 4232 Operationem
2444 4152 2850 4216 Satanae.Nam
2874 4168 2982 4232 per
3002 4149 3263 4211 medium
3296 4149 3424 4230 ejus
3445 4147 3646 4209 omnia

263 4237 424 4294 αὐτοῦ
471 4237 644 4292 πάντα
675 4237 852 4316 πράξει
885 4241 912 4295 ὁ
957 4237 1222 4302 διάϐολος.
1275 4261 1296 4294 ι
1351 4239 1440 4296 Ἐν
1498 4238 1643 4314 πάσῃ
1698 4235 1914 4312 δυνάμει

2008 4241 2346 4322 operabitur
2375 4242 2665 4304 diabclus.
2684 4265 2703 4294 ι
2727 4241 2793 4303 In
2823 4240 2984 4302 omni
3010 4239 3270 4320 potentia
3299 4247 3357 4299 et
3386 4237 3636 4318 signis.-

260 4325 351 4379 ἀἱ
406 4326 673 4400 σημείοις.
704 4347 731 4386 ι
795 4329 969 4386 Ταῦτα
1025 4345 1304 4410 προεῖπεν,
1366 4328 1459 4385 ’ἵνα
1518 4329 1594 4402 μὴ
1625 4327 1914 4392 ἀπατηθῶ-

259 4434 344 4468 σιν
435 4417 480 4470 οἱ
563 4416 705 4474 τότε.
802 4423 1006 4494 Πᾶσιν,
1083 4421 1264 4498 φησὶν,
1345 4416 1590 4482 ἐπιδείξαι
1669 4413 1910 4490 δύναμιν.

259 4500 500 4567 Ψεῦδους
570 4502 646 4575 δὲ,
707 4505 744 4571 ἦ
802 4504 882 4561 ὅτι
925 4509 1059 4563 κατά
1114 4508 1400 4587 φαντασίαν
1443 4504 1624 4581 μέλλει
1710 4517 1911 4578 ποιεῖν,

261 4592 350 4646 καὶ
395 4593 518 4654 τοὺς
574 4593 874 4674 ὀφθαλμοὺς
935 4597 1163 4668 ἀπατᾷν,
1219 4597 1255 4665 ἢ
1304 4595 1486 4663 ἐπειδὴ
1533 4595 1662 4673 πρὸς
1699 4597 1760 4650 16
1791 4597 1914 4668 ψεῦο

257 4677 346 4744 δος
412 4679 650 4762 ἄγουσιν,
711 4683 748 4751 ἢ
809 4684 864 4740 ἐν
918 4687 1074 4742 παντὶ
1132 4687 1401 4765 πράγματι
1485 4683 1756 4765 ἀπατῆσαι
1826 4683 1914 4738 καὶ

253 4767 508 4835 ἀδικῆσαι
565 4773 684 4838 τοὺς
736 4775 1080 4838 πιστεύοντας
1131 4775 1422 4852 δυναμένῳ.
1491 4755 1572 4852 Ἦ,
1619 4775 1692 4835 ὡς
1747 4770 1906 4850 εἴρη-

252 4885 362 4928 ται,
417 4865 676 4938 φαντασία
705 4867 790 4921 καὶ
819 4865 1030 4939 δοκήσει
1061 4870 1126 4925 τα
1178 4881 1382 4942 σημετα
1425 4868 1662 4936 ποιήσει.
1731 4889 1756 4918 α
1821 4862 1910 4921 Ἐν

250 4962 371 5012 τοῖς
433 4949 842 5027 ἀπολλυμένοις,
925 4979 944 5008 ι
1010 4957 1099 5023 Μὴ
1164 4953 1398 5036 φοϐηθῇς
1475 4962 1637 5010 ταῦτα
1707 4953 1908 5009 ἀκούων

247 5041 367 5116 περὶ
428 5043 608 5101 αὖτοῦ.
666 5039 755 5099 Ἐν
809 5058 924 5108 τοῖς
979 5043 1368 5121 ἀπολλυμένοις
1423 5044 1523 5123 γάρ
1580 5043 1814 5122 ἰσχύσει,
1850 5043 1902 5098 ο’ἰ

249 5129 337 5182 καὶ
370 5129 475 5204 πρὸ
537 5128 694 5186 αὐτοῦ
738 5132 832 5187 οὒκ
887 5132 1194 5190 ἐπίστευσαν
1237 5141 1313 5208 τῷ
1368 5141 1599 5212 Χριστῷ.
1665 5157 1692 5185 «
1765 5129 1908 5187 Ἀνθ’

246 5217 321 5270 ὧι
349 5215 453 5281 τὴν
485 5216 698 5293 ἀγάπην
727 5225 826 5286 τῆς
870 5220 1116 5288 ἀληθείας
1147 5225 1240 5279 οὐκ
1283 5221 1537 5287 ἐδέξαντο.
1603 5243 1626 5276 ι
1662 5219 1908 5299 Ἀγάπην

248 5303 504 5370 ἀληθείας
534 5308 624 5362 τὸν
658 5311 878 5386 Χριστὸν
907 5309 1076 5388 λέγει.
1125 5313 1224 5368 Διά
1267 5311 1365 5388 γὰρ
1394 5310 1606 5389 ἀγάπην
1635 5309 1733 5377 τὴν
1777 5311 1906 5388 πρὸς

245 5394 419 5473 ἡμᾶς,
448 5396 538 5450 καὶ
561 5395 654 5451 ’ἶνα
675 5394 725 5452 τ’
761 5395 933 5465 ἀληθῆ
979 5398 1182 5476 διδάξῃ,
1212 5399 1611 5478 ἑνανθρωπῆσαι
1641 5397 1906 5465 κατηξίω-

247 5503 359 5542 σεν,
392 5482 690 5540 Αἷνιττεται
725 5481 802 5565 δε,
851 5485 931 5542 ὅτι
980 5490 1121 5568 παρά
1162 5485 1430 5552 Ἰουδαίοις
1487 5488 1716 5568 ἰσχύσει.
1750 5491 1905 5546 Οὗτοι

244 5572 345 5650 γὰρ
387 5574 481 5626 τὸν
536 5575 761 5652 Χριστὸν
791 5577 886 5632 οὒκ
941 5575 1202 5651 ἐδέξαντο,
1253 5576 1370 5634 οὔτε
1402 5577 1708 5634 ἐπίστευσαν
1738 5579 1902 5658 αὐτῷ,

228 5661 258 5718 ὃ
323 5661 418 5722 καὶ
463 5663 493 5717 6
542 5665 764 5744 Χριστὸς
811 5667 998 5732 αὐτοῖς
1029 5689 1212 5750 φησιν.
1253 5689 1280 5722 ι
1331 5663 1478 5748 Ἐγὼ
1529 5665 1690 5736 ἦλθον
1745 5667 1800 5724 ἐν
1829 5677 1904 5748 τῷ

1997 4329 2134 4392 Haec
2166 4331 2454 4412 praedixit,
2479 4349 2554 4393 ne
2590 4331 3013 4412 deciperentur
3041 4327 3140 4410 qui
3163 4337 3302 4390 tunc
3322 4335 3643 4408 praesentes

1999 4429 2220 4483 esst-nt.
2255 4419 2532 4488 Omnem.
2569 4421 2782 4501 inquit.
2816 4420 3094 4480 ostendet
3117 4415 3639 4497 putentiamMen-

1996 4506 2149 4570 dat-ii
2196 4508 2517 4583 autem,vel
2544 4509 2700 4588 quod
2737 4508 2910 4588 juxta
2961 4505 3324 4587 phantasiam
3357 4505 3643 4564 duntaxat

1997 4597 2256 4658 facturus
2277 4596 2439 4668 sit,et
2465 4597 2627 4658 fallet
2650 4597 2878 4658 oculos:
2907 4595 2994 4655 vel
3020 4594 3160 4673 quia
3175 4593 3245 4652 ad
3263 4589 3639 4650 mendacium

1996 4685 2366 4748 ducunt.Aut
2388 4685 2447 4745 in
2473 4684 2636 4746 omni
2661 4710 2670 4741 ι
2693 4704 2724 4746 e
2745 4703 2874 4765 qua:
2896 4683 3095 4744 falli-re
3115 4679 3300 4760 possit
3321 4701 3386 4737 ac
3419 4695 3638 4740 nocere

1995 4775 2399 4836 credentibus.
2434 4775 2548 4835 Aut
2578 4772 2732 4834 sicut
2760 4774 2981 4834 dictum
3013 4769 3205 4843 cst,ad
3236 4768 3420 4828 solam
3457 4767 3638 4846 phan-

1993 4863 2198 4925 tasiam
2232 4875 2292 4924 et
2322 4862 2727 4944 apparentiam
2762 4862 3023 4922 facturus
3052 4872 3139 4919 est
3171 4859 3366 4936 signa.
3400 4883 3420 4910 ιι
3455 4856 3516 4917 In
3542 4856 3636 4917 his

1991 4952 2092 5033 qui
2149 4961 2418 5032 pereunt.
2468 4981 2488 5010 ι
2545 4950 2630 5013 Ne
2687 4951 2962 5011 terrearis
3015 4967 3148 5008 cum
3215 4948 3340 5008 haec
3399 4946 3472 5006 de
3533 4945 3637 5006 illo

1990 5042 2184 5103 audis.
2219 5041 2362 5103 Nam
2385 5041 2445 5102 in
2480 5040 2571 5102 his
2601 5039 2701 5120 qui
2734 5045 2990 5119 pereunt
3012 5037 3337 5118 potentiam
3369 5033 3631 5098 habebit:

2003 5139 2152 5190 Ιοτ
2181 5130 2302 5212 qui,
2339 5131 2512 5192 etiam
2541 5129 2884 5210 priusquam
2918 5127 3045 5206 ipse
3069 5126 3321 5200 veniret,
3359 5144 3474 5186 non
3497 5144 3635 5187 cre-

1991 5219 2212 5283 debant
2236 5217 2486 5282 Christo.
2525 5221 2636 5279 Pro
2685 5236 2755 5278 eo
2812 5216 2967 5298 quod
2999 5215 3378 5278 dilectionem
3412 5217 3633 5278 verita-

1995 5311 2068 5370 tis
2097 5327 2216 5370 non
2247 5317 2628 5388 receperunt.
2668 5327 2689 5356 ι
2716 5304 3111 5368 Dilectionem
3167 5305 3430 5368 veritatis
3493 5307 3639 5369 dicit

1993 5396 2288 5459 Christum
2314 5416 2328 5457 :
2358 5414 2491 5457 nam
2509 5404 2752 5477 propter
2767 5395 3147 5457 dilectionem
3172 5414 3344 5475 quam
3370 5414 3510 5474 erga
3533 5416 3638 5458 nos

1991 5486 2220 5562 habuit,
2269 5496 2348 5568 et,
2382 5493 2444 5546 ut
2472 5504 2604 5567 qua;
2632 5505 2770 5549 vero
2801 5493 2940 5548 sunt
2969 5485 3232 5561 doceret,
3286 5487 3466 5548 homo
3507 5485 3636 5548 ﬁeri

1988 5576 2265 5656 dignatus
2295 5583 2404 5638 est.
2446 5576 2732 5656 Designat
2776 5583 2971 5638 autem
3025 5574 3180 5659 quod
3212 5578 3368 5658 apud
3397 5575 3639 5637 Judaaos

1989 5665 2316 5750 potentiam
2335 5663 2598 5734 habebit.
2627 5663 2774 5732 Nam
2797 5665 2858 5736 hi
2880 5665 3182 5737 Christum
3208 5684 3327 5736 non
3352 5682 3639 5756 suscepe.
