4140 6212
246 360 363 429 129

1189 367 1584 437 COMMENT.
1630 367 1714 434 IN
1758 364 2000 433 EPIST.
2046 365 2103 429 II
2144 355 2244 428 AD
2287 364 2650 429 THESSAL.

3498 333 3615 424 eo

241 501 405 578 ἐστιν,
475 500 570 558 ἵνα
627 501 1016 583 ἐμπαράσκευοι
1085 497 1257 579 ὄντες,
1330 503 1486 560 αὐτὸν
1563 498 1876 582 προσδεχώ-

1966 504 2029 558 υι
2059 497 2481 577 sustineamus,
2515 495 2630 558 hoc
2661 501 2772 571 est,
2803 502 2868 557 ut
2897 495 3210 578 praeparati
3232 494 3427 576 ipsum
3449 494 3608 557 reci-

241 594 394 664 μωη.

873 676 1240 750 κεψΑΑ.ε2

247 786 274 824 ι
305 767 591 846 Προτροπὴ
621 764 865 846 ἐργασίας
894 769 983 822 καὶ
1009 769 1380 846 παραιτήσεως
1429 767 1526 835 τὴν
1573 766 1750 847 ἀργῶν
1797 768 1884 824 καὶ

865 848 1179 928 περιέργων.
1218 871 1246 903 3

319 963 343 995 ε
419 941 866 1021 Παραγγέλλομεν
921 939 975 997 δὲ
1031 944 1182 1019 ὑμῖν,
1257 940 1492 1023 ἀδελφοὶ,
1550 942 1606 999 ἐν
1664 943 1882 1018 ὀνόματι

237 1037 327 1088 τοῦ
431 1031 615 1110 Κυρίου
709 1032 865 1106 ἡμῶν
949 1029 1122 1099 Ἰησοῦ
1229 1039 1474 1112 Χριστοῦ,
1577 1031 1881 1089 στέλλεσθαι

236 1122 372 1196 ὑμᾶς
442 1120 551 1176 ἀπὸ
619 1123 817 1184 παντὸς
900 1118 1120 1203 ἀδελφοῦ
1209 1121 1448 1185 ἀτάκτως
1523 1130 1880 1202 περιπατοῦν-

236 1233 351 1292 τος,
410 1212 502 1266 καὶ
558 1211 634 1286 μη
709 1213 846 1267 κατὰ
915 1213 1013 1279 τὴν
1095 1209 1379 1291 παράδοσιν
1465 1211 1531 1278 ἦν
1588 1208 1880 1290 παρέλαϐεν

233 1298 360 1378 παρ’
419 1302 598 1376 ἡμῶν.
674 1302 828 1358 Αὐτοὶ
899 1302 1000 1380 γὰρ
1052 1298 1232 1358 οἴδατε
1289 1307 1403 1366 πῶς
1463 1299 1546 1358 δεῖ
1602 1303 1880 1376 μιμεῖσθαι

234 1393 401 1470 ἡμᾶς,
462 1389 543 1446 ὅτι
600 1391 694 1446 οῦκ
761 1390 1138 1466 ἠτακτήσαμεν
1225 1391 1278 1448 ὲν
1348 1393 1499 1470 ὑμῖν,
1584 1387 1697 1448 οῦδὲ
1780 1388 1882 1446 δω-

235 1481 354 1559 ρεὰν
416 1480 574 1558 ἄρτον
657 1477 917 1556 ἐλάϐομεν
998 1481 1140 1561 παρά
1215 1503 1384 1554 τινος,
1444 1477 1563 1536 ἀλλ’
1618 1479 1670 1534 ὲν
1729 1481 1882 1553 κόπῳ

231 1571 320 1626 καὶ
376 1570 576 1649 μόχθῳ
643 1570 801 1626 νύκτα
872 1572 966 1625 καί
1047 1569 1249 1651 ἡμέραν
1333 1570 1668 1649 ἐργαζόμενοι
1749 1571 1880 1649 πρὸς

231 1661 291 1714 τὸ
343 1661 428 1735 μὴ
483 1657 795 1739 ἐπιϐαρῆσαί
844 1681 961 1715 τινα
1014 1660 1182 1736 ὑμῶν.
1269 1660 1386 1739 Οὐχ
1464 1658 1570 1715 ὅτι·
1603 1663 1698 1718 οὔκ
1753 1658 1882 1739 ἕχο-

231 1769 328 1822 μεν
418 1747 676 1822 ἐξουσίαν,
759 1745 880 1804 ἀλλ’
960 1747 1053 1804 ἵνα
1136 1747 1349 1812 ἑαυτοὺς
1462 1748 1625 1804 τύπον
1706 1745 1880 1823 δῶμεν

1968 583 2224 666 pianius.

2604 684 2845 749 CAPUT
2891 687 2964 747 V.

1965 774 2305 832 Exhortatio
2332 772 2404 832 ad
2424 775 2662 832 laborem
2699 780 2750 832 et
2797 775 3178 832 deritationem
3217 774 3519 832 otiosorum
3545 787 3612 829 ac

2497 848 2716 904 curiose
2744 848 3079 919 degentium.

2045 951 2144 1026 Ill,
2180 955 2356 1021 6-11.
2393 958 2788 1036 Prceoipimus
2808 964 3005 1020 autem
3028 955 3212 1035 vobis,
3239 956 3484 1036 fratres,
3502 971 3610 1034 per

1963 1061 2182 1106 nomen
2213 1047 2680 1110 DnmittiNosiri
2705 1053 2853 1111 Jesu
2876 1048 3128 1122 Christi,
3166 1053 3232 1109 ut
3251 1046 3610 1108 subdueatis

1960 1151 2066 1196 vos
2087 1133 2161 1195 ab
2187 1139 2353 1198 omni
2373 1139 2572 1216 fratre
2602 1140 2706 1218 qui
2731 1139 3075 1200 inordinate
3100 1154 3161 1200 se
3196 1138 3372 1218 gerit,
3406 1141 3464 1197 et
3485 1152 3609 1196 non

1947 1223 2140 1308 jumta
2162 1225 2546 1290 traditionem
2565 1245 2751 1308 quam
2772 1229 3049 1308 accepita
3075 1227 3270 1290 nobis.
3319 1227 3474 1308 Nam
3495 1225 3609 1304 ipsi

1961 1305 2438 1387 scitisquomodo
2461 1305 2723 1387 eporteat
2745 1305 2983 1370 imitari
3000 1325 3110 1370 nos
3134 1327 3154 1368 :
3176 1307 3466 1387 quomodo
3485 1321 3609 1387 non

1963 1383 2314 1448 inordinate
2343 1383 2640 1466 gessimus
2676 1407 2784 1450 nos
2815 1391 2971 1469 inter
3021 1405 3148 1469 vos,
3182 1383 3374 1468 neque
3411 1385 3610 1466 gratis

1958 1490 2181 1552 panem
2205 1481 2544 1555 accepimus
2565 1496 2604 1539 a
2637 1495 2939 1558 quoquam
2963 1497 2978 1539 :
3009 1479 3112 1540 sed
3151 1494 3292 1540 eum
3318 1474 3530 1539 labore
3551 1481 3609 1536 et

1963 1562 2328 1642 fatigatione
2347 1574 2513 1628 nocte
2533 1567 2743 1646 dieque
2758 1567 3052 1641 facientes
3099 1584 3271 1648 Opus.
3304 1565 3386 1626 ad
3405 1563 3511 1626 hoc
3530 1580 3608 1625 ne

1963 1652 2064 1712 cui
2085 1661 2355 1715 vestrum
2368 1672 2628 1718 essemus
2648 1662 2844 1718 one-ri.
2868 1655 3006 1718 Non
3027 1657 3192 1737 quod
3212 1655 3276 1718 id
3295 1653 3468 1717 nobis
3484 1669 3609 1716 non

1964 1737 2169 1816 liceat,
2201 1743 2306 1804 sed
2327 1752 2391 1805 ut
2414 1745 2693 1825 nosipsos
2732 1746 2993 1822 formam
3017 1743 3410 1808 earhibeamus
3440 1741 3608 1805 vobis

229 1839 387 1916 ὑμῖν,
451 1839 526 1900 εἰς
581 1838 642 1894 τὸ
700 1841 979 1913 μιμεῖσθαι
1051 1839 1219 1912 ἡμᾶς,
1281 1835 1386 1895 Καί
1443 1838 1542 1916 γὰρ
1595 1835 1683 1892 ὅτε
1739 1835 1876 1911 ἦμεν

1962 1829 2038 1916 ad
2054 1831 2420 1895 imitandum
2444 1851 2570 1896 nos.
2616 1833 2863 1896 Etenim
2885 1851 3020 1896 cum
3036 1850 3296 1896 essemus
3318 1831 3483 1912 apud
3504 1846 3606 1893 vos

229 1927 364 2003 πρὸς
396 1927 562 2005 ὑμᾶς,
613 1935 766 1986 τοῦτο
806 1924 1251 2005 παρηγγέλλομεν
1309 1927 1460 2000 ὑμῖν,
1520 1924 1600 1981 ὅτι
1630 1925 1683 1980 εἴ
1711 1947 1791 1989 τις
1823 1927 1882 1983 οὐ

227 2015 368 2070 θέλει
400 2016 732 2096 ἐργάζεσθαι,
787 2015 922 2092 μηδὲ
978 2015 1212 2076 ἐσθιέτω.
1269 2013 1558 2090 Ἀκούομεν
1603 2016 1704 2094 γάρ
1732 2036 1878 2079 τινας

227 2112 652 2182 περιπατοῦντας
682 2108 738 2161 ἓν
790 2106 921 2180 ὑμῖν
975 2105 1239 2180 ἀτάκτως,
1275 2103 1440 2182 μηδὲν
1470 2105 1874 2185 ἐργαζομένους,

226 2192 368 2248 ἄλλα
397 2193 925 2273 περιεργαζομένους,
962 2217 986 2250 υ

308 2280 693 2362 Φοϐερωτέραν
740 2284 842 2351 τὴν
898 2282 1253 2363 παραγγελίαν
1333 2284 1634 2364 εἰργάσατο,
1693 2286 1764 2349 ὡς
1820 2284 1880 2364 *εἰ

228 2373 388 2429 εἶπεν
421 2392 434 2404 ⁸
461 2353 472 2362 ’
515 2353 614 2429 Διά
666 2381 758 2430 τοῦ
828 2353 1066 2451 Χριστοῦ.
1091 2353 1540 2453 ’παραγγέλλομεν
1595 2353 1744 2450 ὕσμϊν.
1820 2353 1878 2430 Ἀῐεῐ

228 2463 398 2537 μέσου
455 2460 606 2527 ὄντος
662 2469 756 2520 τοῦ
811 2463 1071 2538 ὀνόματος
1118 2463 1298 2538 αὐτοῦ,
1357 2465 1443 2520 καὶ
1500 2469 1879 2542 μαρτυροῦντος

228 2551 312 2606 ὅτι
353 2551 816 2632 παρηγγείλαμεν,
871 2553 909 2620 ἢ
967 2551 1047 2609 ὅτι
1103 2552 1259 2608 αὗτοῦ
1311 2555 1423 2609 ὲττι
1473 2550 1631 2630 λόγος
1690 2555 1718 2608 ὁ
1775 2552 1878 2630 ρη-

226 2642 553 2722 θησόμενος,
614 2646 709 2702 οὐκ
761 2641 914 2722 ἐμός.
981 2665 1007 2697 α
1067 2641 1404 2701 Στέλλεσθαι.
1441 2666 1469 2697 3
1523 2633 1879 2699 ἰ’ποστέλλε-

227 2712 378 2806 σθαι,
427 2712 766 2810 χωρίζεσθαι,
790 2712 1061 2795 ὙΑτακτος
1115 2729 1169 2788 δέ
1221 2730 1363 2787 ἐστιν
1419 2734 1448 2787 ὁ
1506 2729 1632 2811 δίχα
1685 2728 1881 2796 τάξεως

226 2820 320 2874 καὶ
371 2825 481 2877 τῶν
536 2828 629 2878 τοῦ
657 2828 815 2878 ’Θεοῦ
896 2822 1072 2898 νόμων
1152 2826 1480 2900 περιπατῶν.
1569 2823 1753 2878 Εἷπεϊν
1827 2817 1880 2876 δὲ

227 2906 369 2964 θῦιει
427 2909 644 2968 ἐνταῦθα
728 2913 846 2991 περί
915 2933 1072 2969 τινων
1153 2910 1328 2989 ἀργῶς
1400 2909 1716 2991 περιϊόντων
1791 2911 1880 2966 καὶ

229 2997 311 3079 μὴ
340 2993 758 3079 Ἔργαζομένων,
811 3024 835 3058 σ
873 3001 973 3059 Καὶ
1025 3000 1102 3076 μὴ
1163 3002 1300 3056 κατὰ
1352 3000 1452 3068 τὴν
1507 2998 1817 3079 παράδοσιν.
1848 3021 1870 3054 ο

228 3077 329 3146 ’Ἦν
356 3088 446 3145 διὰ
492 3096 600 3146 τῶν
647 3090 815 3171 ἔργων
860 3092 988 3166 ὑμῖν
1043 3087 1343 3170 παρέδωκα,
1379 3090 1540 3156 τύπος
1594 3089 1876 3168 γενόμενος

227 3182 383 3255 ὑμῖν,
447 3179 626 3260 φησίν.
690 3201 716 3237 σ
771 3181 927 3240 Αὐτοὶ
977 3180 1077 3259 γὰρ
1135 3177 1338 3238 οἴδατε.
1413 3202 1442 3236 3
1505 3179 1593 3246 Ἐξ
1648 3183 1722 3237 ὧν
1777 3179 1878 3259 γὰρ

231 3268 541 3350 ἐποιοῦμεν,
595 3267 925 3345 δεδώκαμεν,
963 3270 1089 3346 ὑμῖν
1173 3267 1449 3346 σπέρματα
1529 3269 1618 3326 καὶ
1673 3269 1878 3332 εἱκόνας

231 3361 510 3434 μιμήσως.
571 3377 602 3418 (
661 3357 810 3415 Ἀλλ’
867 3358 922 3414 ἒν
973 3359 1124 3432 κόπῳ
1178 3359 1266 3416 καὶ
1321 3359 1536 3439 μόχθῳ,
1571 3382 1600 3415 3
1661 3357 1824 3416 Βαϐαί
1857 3379 1874 3396 ο

231 3447 512 3514 ἰπίτασιςι
581 3469 606 3503 ι
665 3449 802 3528 Πρὸς
857 3448 920 3504 τὸ
969 3448 1046 3522 μὴ
1101 3445 1414 3527 ἐπιϐαρῆσαί
1467 3469 1585 3504 τινα
1637 3448 1808 3523 ὑμῶν.
1844 3470 1872 3504 3

227 3536 397 3614 Βάρος
425 3538 525 3612 μὲν
574 3537 766 3616 κυρίως
798 3534 1032 3614 λέγεται,
1063 3537 1124 3593 τὸ
1179 3537 1322 3614 παρὰ
1377 3536 1613 3593 ἀκόντων
1667 3533 1873 3596 λαϐεῖν.

229 3624 378 3692 Πλὴν
409 3626 469 3682 οῦ
516 3623 601 3681 διὰ
663 3633 817 3684 τοῦτο
863 3623 1032 3706 λέγει,
1090 3623 1206 3682 ἀλλ’
1264 3625 1344 3682 ὅτι
1400 3623 1596 3705 σφόδρα
1651 3625 1876 3693 πένητες

225 3712 390 3780 ἦσαν.
429 3737 458 3770 σ
517 3716 636 3795 Οὐχ
690 3713 771 3771 ὅτι
826 3715 922 3771 οὐκ
977 3712 1176 3794 ἔχομεν
1232 3713 1488 3781 ἐξουσίαν,
1539 3733 1568 3774 3
1606 3715 1749 3795 Εἶχε
1778 3716 1877 3795 γὰρ

227 3803 461 3869 ἐξουσίαν
487 3803 674 3884 ἀργεῖν
716 3805 777 3862 ἐκ
831 3810 923 3860 τοῦ
969 3801 1122 3884 ’έργου
1175 3809 1281 3860 τῶν
1337 3803 1559 3886 χειρῶν,
1618 3803 1880 3884 ἀπησχο-

226 3892 462 3968 λημένος
517 3900 595 3967 τῷ
662 3896 986 3974 κηρύγματι,
1061 3895 1150 3951 καὶ
1228 3893 1503 3974 τρέφεσθαι
1579 3894 1718 3973 παρὰ
1774 3899 1879 3950 τῶν

226 3983 694 4058 μαθητευομένων,
774 4005 798 4040 ι
881 3980 1030 4048 Αξιος
1113 3984 1238 4064 γὰρ,
1297 3983 1478 4063 φησὶν,
1554 3984 1583 4039 ὁ
1651 3981 1878 4062 ἐργάτης

224 4081 319 4130 τοῦ
359 4075 550 4147 μισθοῦ
607 4073 790 4135 αῦτοῦ.
840 4091 872 4132 3
929 4070 1079 4129 Ἀλλ’
1119 4071 1180 4128 ὲκ
1216 4071 1515 4152 περιουσίας
1573 4071 1661 4128 καὶ
1717 4069 1877 4150 φιλο-

223 4163 432 4240 τιμίας,
502 4165 591 4221 καὶ
666 4166 950 4245 εἰργάζετο.
1025 4165 1126 4223 Καὶ
1209 4166 1408 4223 ἑαυτῶν
1485 4163 1689 4246 ἔτρεφε,
1789 4165 1877 4220 καὶ

224 4253 346 4316 τοοέις
397 4253 493 4309 σὺν
549 4252 745 4347 minii:
787 4255 816 4310 ὃ
872 4255 960 4310 καὶ
1013 4252 1481 4347 ἀλλαχοῦνφησιν.
1527 4272 1556 4313 (
1598 4251 1753 4312 Ἀλλ’
1782 4252 1876 4310 ’ίνα

225 4340 447 4406 ἑαυτοὺς
502 4341 669 4400 τύπον
721 4339 892 4418 δῶμεν
942 4343 1094 4419 ὑμῖν,
1159 4365 1183 4401 3
1260 4339 1389 4416 Ἶνα,
1460 4344 1641 4424 φησίν,
1699 4341 1876 4399 εἰκόνα

1957 1915 2068 1979 hoc.
2085 1923 2589 1999 prxcipiebamus
2601 1923 2794 1997 vobis,
2815 1931 2878 1985 ut
2898 1926 2952 1984 si
2965 1924 3102 2003 quis
3120 1920 3308 1984 nollet
3329 1921 3600 2000 operari,

1961 2009 2016 2067 is
2043 2025 2154 2069 nec
2175 2009 2370 2072 edere.
2403 2012 2766 2074 Audiuimus
2790 2017 2953 2073 enim
2971 2011 3262 2091 quosdam
3290 2016 3608 2072 versantes

1961 2100 2118 2159 inter
2145 2115 2249 2160 vos
2287 2100 2665 2175 inordinate,
2719 2099 2878 2162 nihil
2916 2102 3116 2180 operis
3153 2099 3466 2178 facientes,
3501 2097 3608 2160 sed

1963 2188 2197 2249 curiose
2224 2196 2489 2268 agentes.

2047 2283 2208 2336 eo:
2242 2279 2603 2359 Praeceptum
2623 2277 2854 2340 timoris
2897 2277 3146 2357 plenum
3191 2277 3426 2340 effecit:
3457 2294 3524 2340 ac
3555 2276 3607 2338 si

1963 2362 2208 2427 dixisset
2231 2387 2246 2426 :
2273 2365 2385 2428 Per
2407 2366 2702 2430 Christum
2721 2366 3099 2448 praecipimus
3123 2367 3309 2430 vobis.
3363 2370 3480 2431 Aut
3501 2383 3608 2450 per

1962 2455 2227 2519 medium
2252 2477 2465 2520 nomen
2489 2461 2639 2538 ejus,
2668 2459 2825 2541 quod
2851 2459 3197 2523 testiﬁcetur
3237 2478 3344 2523 nos
3375 2477 3604 2540 praece-

1963 2545 2160 2626 pisse:
2196 2555 2295 2609 aut
2332 2547 2489 2630 quod
2538 2547 2724 2629 ipsius
2772 2567 2969 2610 sermo
3013 2549 3090 2611 sit
3141 2549 3243 2631 qui
3285 2550 3603 2622 referetur,

1960 2651 2079 2695 non
2112 2655 2297 2698 meus.
2341 2667 2363 2697 ι
2396 2635 2470 2700 Ut
2499 2637 2865 2700 subducatis.
2901 2665 2924 2698 3
2962 2637 3035 2702 Ut
3085 2639 3468 2720 separemini.
3504 2638 3606 2700 Est

1959 2733 2154 2788 autem
2187 2727 2559 2790 inordinatus
2590 2729 2691 2810 qui
2725 2730 2857 2792 sine
2889 2730 3100 2793 ordine
3131 2738 3230 2792 aut
3258 2729 3604 2811 absqueDei

1960 2813 2190 2894 legibus
2205 2817 2487 2881 ambulat.
2515 2817 2654 2881 Vult
2675 2829 2876 2884 autem
2899 2819 2996 2883 hic
3020 2819 3224 2884 dicere
3255 2818 3332 2882 de
3350 2819 3600 2901 quibus-

1961 2902 2097 2964 dam
2121 2904 2224 2986 qui
2247 2905 2417 2967 otiosi
2445 2907 2822 2983 circtmeunt,
2857 2927 2968 2971 nec
2983 2909 3311 2991 quidquam
3345 2926 3602 2989 operan-

1962 2999 2080 3056 tur.
2119 3022 2142 3052 α
2174 2993 2243 3056 Et
2294 3015 2411 3057 non
2455 2998 2620 3077 juxta
2677 2999 3054 3062 traditionem
3097 3017 3272 3081 quam
3315 2997 3543 3079 accepit
3571 3017 3605 3059 a

1897 3060 1936 3110 ο
1964 3081 2156 3168 nobis.
2193 3083 2434 3157 niQuam
2455 3060 2736 3168 operibus
2777 3060 2944 3151 vobis
2969 3060 3219 3166 tradidi,
3258 3060 3601 3150 factus‘vo-

1961 3167 2056 3232 bis
2087 3180 2278 3254 typus.
2305 3167 2633 3257 «Nam'ipsi
2682 3177 2866 3240 scitis.
2893 3197 2916 3228 ι
2966 3179 3052 3242 Ex
3088 3177 3182 3240 his
3221 3195 3352 3259 quae
3379 3175 3605 3258 operati

1962 3278 2190 3336 sumus,
2219 3260 2496 3326 dedimus
2520 3265 2687 3328 vobis
2717 3265 2946 3328 semina
3002 3283 3071 3328 ac
3102 3265 3420 3328 simulacra
3449 3282 3602 3346 ope-

1959 3348 2136 3410 randi
2193 3369 2325 3432 qua:
2381 3353 2788 3417 imitaremini.
2856 3381 2878 3412 ι
2915 3353 3033 3418 Sed
3091 3373 3225 3416 cum
3282 3352 3486 3417 labore
3536 3370 3605 3414 ac

1961 3437 2323 3518 fatigatione.
2351 3465 2372 3495 ι
2403 3443 2614 3524 Papae!
2647 3443 2889 3526 quantia
2908 3441 3301 3524 exaggeratio.
3329 3462 3354 3497 ι
3380 3442 3468 3503 Ad
3493 3441 3606 3504 hoc

1961 3545 2038 3589 ne
2073 3528 2170 3590 cui
2217 3538 2480 3593 vestrum
2526 3551 2794 3594 essemus
2841 3532 3028 3594 oneri.
3068 3556 3090 3586 ι
3147 3529 3311 3594 Onus
3360 3529 3604 3610 quidem

1961 3618 2201 3698 prOprie
2226 3618 2445 3682 dicitur
2471 3621 2628 3701 quod
2654 3621 2727 3684 ab
2755 3621 2954 3683 invitis
2997 3619 3281 3683 sumitur:
3341 3626 3601 3680 attamen

1963 3723 2082 3767 non
2114 3715 2432 3789 prppterea
2449 3708 2618 3790 dicit,
2650 3708 2757 3772 sed
2780 3708 2935 3791 quod
2957 3707 3274 3770 admodum
3307 3723 3602 3790 pauperes

1966 3804 2187 3860 essent.
2226 3826 2249 3857 ι
2282 3795 2410 3859 Non
2442 3798 2598 3880 quod
2620 3798 2680 3860 in
2719 3797 2891 3860 nobis
2912 3816 3033 3860 non
3065 3797 3262 3861 liceat.
3308 3824 3334 3856 ν
3361 3795 3606 3859 Licebat

1965 3883 2019 3945 ei
2051 3883 2270 3964 degere
2299 3885 2361 3947 in
2384 3885 2525 3967 otio,
2544 3893 2885 3950 autcessare
2897 3886 2970 3948 ab
2987 3904 3166 3968 opere
3179 3904 3486 3960 manuum,
3514 3903 3606 3947 va-

1963 3973 2153 4036 cando
2178 3975 2602 4056 praedicationi,
2637 3985 2702 4039 ut
2729 3977 2988 4040 aleretur
3024 3975 3096 4039 ab
3137 3975 3211 4038 iis
3245 3994 3394 4057 quos
3417 3974 3602 4038 doce-

1963 4059 2100 4125 bat:
2137 4089 2159 4120 α
2189 4064 2414 4144 Dignus
2436 4074 2524 4128 est
2546 4065 2705 4128 enim
2727 4066 3058 4148 operarius,
3087 4065 3298 4146 inquit,
3323 4065 3606 4128 mercede

1959 4151 2289 4215 suaiﬁzsed
2331 4172 2402 4216 ex
2449 4153 2808 4217 abundantia
2855 4164 2915 4218 et
2956 4154 3419 4235 magniﬁcentia
3448 4173 3598 4237 ope-

1957 4241 2198 4303 rabatur
2211 4261 2279 4304 ac
2295 4243 2557 4326 seipsum
2575 4244 2774 4306 alebat
2789 4263 3013 4327 eosque
3029 4243 3131 4326 qui
3151 4262 3356 4307 secum
3387 4254 3560 4308 erant
3584 4265 3600 4309 :

1956 4331 2114 4410 quod
2157 4331 2332 4394 etiam
2378 4333 2519 4394 alibi
2561 4333 2794 4398 dicit”.
2858 4354 2879 4384 ι
2910 4333 3030 4396 Sed
3089 4341 3153 4395 ut
3209 4333 3605 4414 nosmetipsos

222 4431 442 4495 ἑαυτοὺς
497 4429 672 4507 δῶμεν
731 4433 884 4508 ὑμῖν,
929 4438 1042 4496 πῶς
1102 4427 1209 4489 δέοι
1268 4433 1435 4508 βιοῦν.
1488 4455 1516 4487 ι
1552 4422 1682 4489 υΟτι
1715 4431 1874 4494 εἴτις

1963 4419 2212 4508 formam
2245 4421 2651 4487 exhibeamus.
2733 4421 2806 4486 Ut
2862 4441 2997 4485 nos
3025 4422 3335 4504 metipsos,
3385 4421 3601 4502 inquit,

221 4519 281 4575 οῦ
336 4519 479 4577 θέλει
558 4519 882 4599 ἐργάζεσθαι,
965 4518 1101 4596 μηδὲ
1175 4520 1412 4580 ἐσθιέτω.
1471 4541 1502 4580 )
1564 4518 1869 4600 Ἐργασίαν,

219 4611 317 4674 τὴν
371 4608 460 4665 διὰ
513 4615 620 4666 τῶν
673 4611 873 4691 χειρῶν
953 4632 1137 4689 φησιν.
1215 4607 1450 4689 ’Δνάγκῃ
1500 4610 1600 4689 γὰρ
1661 4609 1871 4691 πάντως

218 4719 269 4752 τι
338 4713 545 4761 ποιεῖν,
629 4687 717 4756 α’*
748 4687 914 4758 ’Ἀλλᾶ
969 4687 1597 4780 -περιεργαζομένουςλα
1665 4687 1723 4756 Ὀ
1772 4698 1872 4776 γὰρ

221 4788 352 4851 Θεὸς
409 4787 620 4867 ἐνεργον
675 4790 809 4864 ἡμῖν
868 4778 1065 4846 δέδωκε.
1134 4778 1223 4847 τὸν
1299 4797 1441 4853 νοῦν.
1528 4778 1704 4846 υΟταν
1781 4787 1870 4844 οὖν

217 4876 378 4934 αὖτὸν
407 4882 516 4934 τῶν
558 4877 728 4957 ἔργων
790 4876 1176 4957 ἂπαγάγωμεν,
1235 4877 1416 4946 ἐπειδὴ
1472 4879 1627 4941 αὐτὸς
1685 4875 1868 4956 ἀργεῖν

217 4970 278 5025 οῦ
319 4965 560 5042 δύναται,
595 4968 785 5024 λοιπὸν
844 4968 914 5032 εἷς
970 4966 1213 5047 ἐργασίας
1264 4967 1479 5048 ἔρχεται
1537 4964 1864 5038 διαϐολικὰς,

217 5057 289 5121 εἰς
325 5057 654 5138 περιεργίαν,
684 5054 962 5137 φλυαρίαν,
994 5055 1340 5135 καταλαλιὰν,
1378 5054 1741 5138 εὐτραπελίαν,
1774 5055 1866 5112 καὶ

216 5146 283 5199 τὰ
311 5144 500 5220 ὅμοια.

304 5433 330 5467 ι
393 5420 525 5476 Το·’ς
581 5410 637 5469 δὲ
689 5412 946 5478 τοιούτοις
1028 5413 1465 5494 παραγγέλλομεν
1540 5415 1628 5472 καὶ
1689 5435 1866 5492 παρα-

213 5500 485 5577 καλοῦμεν
567 5500 652 5558 διᾶ
753 5506 844 5557 τοῦ
943 5503 1124 5581 Κυρίου
1219 5506 1373 5580 ἡμῶν
1473 5503 1652 5570 Ἰησοῦ
1746 5509 1869 5582 Χρι-

297 5667 361 5722 η
385 5669 552 5736 lett.
582 5683 692 5746 xu,
731 5667 828 5734 10.
909 5669 968 5721 ίδ
993 5668 1129 5736 Act.
1164 5685 1265 5748 xx,
1297 5670 1398 5735 34.

1959 4507 2331 4572 traderemus
2354 4511 2519 4572 vobis
2540 4511 2860 4592 imaginem
2883 4511 3180 4594 quomodo
3196 4511 3404 4573 videre
3428 4527 3600 4592 opor-

1957 4603 2094 4658 teat.
2137 4627 2159 4658 ι
2193 4597 2268 4662 Ut
2296 4599 2348 4661 si
2377 4601 2509 4682 quis
2540 4603 2724 4665 nollet
2752 4600 3012 4684 operari,
3066 4601 3118 4663 is
3168 4618 3277 4662 nec
3307 4598 3534 4661 ederet.
3571 4619 3595 4650 ι

1953 4685 2374 4768 Operationem
2397 4709 2535 4754 vero
2566 4691 2710 4756 dicit
2740 4709 2870 4772 qua;
2920 4689 3194 4752 manibus
3216 4689 3317 4750 ﬁt:
3354 4705 3605 4749 necesse

1953 4785 2042 4839 est
2071 4779 2232 4841 enim
2262 4787 2325 4841 ut
2357 4798 2565 4843 omnes
2586 4781 2810 4862 aliquid
2859 4779 3098 4844 faciant.
3143 4801 3164 4830 ι
3217 4776 3336 4840 Sed
3369 4775 3606 4838 curiose

1952 4876 2216 4945 agentes.
2239 4895 2264 4930 ι
2285 4867 2433 4930 Nam
2452 4869 2882 4934 Deusmentem
2905 4867 3076 4932 nobis
3099 4867 3264 4930 dedit
3283 4885 3415 4947 quae
3434 4863 3605 4944 aperi

1951 4956 2132 5019 alicui
2161 4957 2541 5022 intenderet:
2578 4979 2713 5022 cum
2745 4977 2881 5040 ergo
2913 4957 3103 5039 ipsam
3134 4955 3208 5018 ab
3241 4973 3425 5036 opere
3454 4955 3594 5016 sub-

1948 5045 2246 5120 ducimus,
2280 5049 2559 5128 quoniam
2605 5048 2736 5129 ipsa
2764 5049 2826 5110 in
2872 5046 2992 5110 otio
3048 5063 3182 5109 esse
3223 5063 3340 5106 non
3371 5051 3592 5126 potest,

1941 5133 2067 5213 jam
2098 5134 2170 5196 ad
2195 5137 2573 5216 operationes
2596 5136 2826 5198 accedit
2855 5134 3202 5211 diabolicas,
3231 5141 3372 5216 puta
3392 5133 3594 5197 curio-

1952 5221 2214 5296 sitatem,
2247 5222 2664 5303 nugacitatem,
2692 5223 3146 5302 detractionem,
3183 5222 3596 5304 eutrapeliam,

1949 5329 2020 5372 ac
2050 5311 2296 5374 similia.

2030 5398 2133 5483 IlI,
2167 5401 2364 5464 12-15.
2394 5402 2507 5466 His
2534 5412 2746 5468 autem
2788 5404 2892 5484 qui
2913 5409 3053 5467 sunt
3077 5401 3414 5467 istiusmodi
3442 5420 3605 5484 prte-

1949 5492 2207 5573 cipimus
2217 5501 2274 5556 et
2292 5494 2618 5558 hortamur
2624 5513 2737 5578 per
2753 5488 3084 5560 Dominum
3103 5502 3372 5557 nostrum
3392 5494 3602 5558 Jesum
