4140 6212
265 288 383 365 133
1267 297 1660 376 COMMENT.
1707 297 1791 376 ῘΝ
1836 308 1924 377 EP

2010 301 2076 380 Τ.
2124 323 2150 384 I
2193 311 2296 386 Al)
2338 320 2661 388 TIMOTH.
3537 331 3657 400 134

265 437 393 546 πρέἷς
462 437 527 493 τὸ
582 441 662 513 μὴ
732 445 1160 514 μεταποιεῖσθαι.
1236 441 1328 501 Ἐν
1382 445 1530 546 πάσῃ
1587 445 1641 503 δὲ
1698 453 1790 528 τῇ,
1850 452 1922 516 ὡς

2010 451 2072 514 ln
2105 451 2266 546 omni
2295 461 2517 546 autem,
2541 471 2672 546 quas
2693 461 2759 517 ut
2803 456 3126 546 verisimile
3156 467 3246 522 est
3273 461 3345 522 ad
3378 479 3485 525 vos
3506 463 3654 525 mit-

268 527 433 606 εἰκὸς,
494 529 917 607 πεμφθησομένῃ
973 532 1102 610 πρὸς
1158 532 1320 607 ὑμᾶς.
1383 527 1474 599 Ὠς
1535 536 1579 592 εἰ
1628 527 1784 593 εἶπεν
1819 554 1833 568 ⁸
1871 540 1924 597 El

2011 541 2326 635 tenda_es_t.
2353 543 2436 635 A_c
2453 541 2503 604 si
2527 527 2941 635 d-iceretzNisi
2989 548 3102 609 hoc
3143 548 3379 626 habeat,
3426 571 3545 613 non
3567 561 3657 618 est

272 617 348 688 μὴ
378 617 502 694 ἔχοι
533 617 710 697 τοῦτο,
744 621 837 676 οὐκ
875 617 982 674 ἔστι
1042 643 1141 695 μου
1198 620 1514 693 Ἐπιστολή.
1555 647 1582 679 α
1646 617 1709 680 Ἠ
1767 626 1924 706 χάρις

332 703 359 714 ⁸
392 713 427 724 ειν
508 705 520 724 Ι
635 707 650 720 ο
720 707 750 718 ³.
909 714 953 724 ν-
974 707 1012 724 I‘
1131 710 1144 724 ο
1249 707 1299 724 ΙΙΑ
1447 713 1460 724 α
1512 719 1538 724 ..-
1657 717 1671 724 μ
1731 719 1757 724 _.
1794 694 1807 705 .

2011 650 2144 694 mea
2167 631 2465 724 βρίθων,
2509 653 2531 683 ι
2565 631 2762 696 Gratia
2809 634 3046 698 Domini
3099 639 3306 702 nostri.
3343 617 3377 691 ι’
3394 617 3650 704 Rursum

269 707 360 810 τρῦ
392 707 581 782 Κυρίου
628 707 807 781 ἡμῶν,
845 731 874 762 ι
909 707 1076 764 Πάλιν
1118 710 1190 775 ὡς
1249 707 1362 773 ἕθος
1406 713 1571 787 αὐτῷ,
1625 717 1764 793 εὐχῇ
1793 737 1924 771 κατ-

2010 731 2074 784 ut
2129 707 2247 783 sibi
2305 722 2488 784 moris
2542 730 2653 797 est,
2715 727 3057 804 precatione
3106 726 3354 791 absolvit
3410 729 3648 810 Episto-

271 791 551 896 iluas‘zﬁv
585 793 935 896 Ἐζπιστολήι
1689 791 1724 793 Π
2009 812 2149 874 lam.
2640 791 2651 797 '
2717 791 2732 804 .
3414 791 3418 792 γ
3461 791 3484 810 r
3672 843 3713 896 κ

274 901 302 939 ι
349 880 539 957 Τέλος,
597 884 692 939 σὺν
723 893 860 962 Θεῷ,
892 890 991 955 τῆς
1035 891 1166 968 πρὸς
1211 889 1617 957 Θεσσαλονικεῖς
1676 891 1916 974 δευτέρας

887 977 942 999 ν.-
1109 977 1172 999 η..

2010 915 2182 980 Fmis,
2204 914 2392 973 diuino
2412 915 2641 999 [coepta
2668 915 2906 999 auxilio,
2939 918 3265 999 posterioris
3308 918 3382 975 ad
3433 918 3655 980 Ma-

887 977 1208 1047 Ἐπιστολῆς
1219 1026 1235 1042 .
1278 1004 1307 1035 ιο

2172 977 2179 980 ⁷
2412 977 2422 986 ’
2523 986 2820 1045 tom'censes
2849 977 3132 1060 Epistolas.

765 1062 998 1147 Ἐγράιρη
1029 1069 1137 1126 ἀπὸ
1179 1067 1441 1137 Ἀθηνῶν,

2452 1065 2685 1148 Scripta
2715 1067 2828 1129 fuit
2853 1087 2921 1130 ex
2953 1068 3224 1133 Athenis.

1522 1397 2405 1527 ΥΠΟΘΕΣΙΣ

721 1652 936 1736 ΤΗΣ
1029 1655 1321 1741 ΠΡΟΣ
1393 1658 1981 1746 ΤΙΜΟΘΕΟΝ
2054 1661 2500 1746 ΙΙΡΩΤΗΣ
2575 1664 3207 1749 ΕΠΙΣΤΟΛΗΣ

1348 2023 2416 2165 ARGUMEN'l‘U
2448 2031 2554 2155 Μ

650 2291 1207 2402 PRIORIS
1299 2297 2005 2406 EPISTOLE
2092 2297 2278 2405 AD
2369 2297 3254 2408 TIMOTHEUM.

345 2649 559 2716 Ταύτην
621 2648 913 2706 ἐπιστέλλει
951 2650 1056 2708 ἀπὸ
1103 2649 1430 2716 Λαοδικείας.
1483 2644 1544 2708 Ἠ
1591 2650 1646 2708 δὲ
1704 2638 1914 2733 πρδφα-

2085 2663 2244 2714 205
2257 2653 2422 2715 Hanc
2444 2653 2677 2718 aburbe
2700 2655 2986 2716 Laodicea
3005 2655 3488 2720 scribit.0ccasio
3505 2676 3642 2720 vero

265 2760 349 2802 σις
417 2744 513 2804 τῆς
607 2737 891 2806 ἐπιπολῆς
976 2740 1132 2810 αὕτη.
1211 2739 1299 2798 Ἐν
1372 2749 1440 2819 τῇ
1522 2739 1728 2820 Ἐφέσῳ
1783 2743 1921 2806 τινὲς

2010 2741 2282 2823 Epistolae
2305 2743 2410 2804 fuit
2433 2743 2807 2824 haec.Ephesi
2835 2745 3070 2826 quidam
3097 2746 3468 2825 judaizantes
3483 2748 3647 2808 varia

263 2824 621 2898 ἰωδαΐζοντες
679 2827 986 2908 ἐπεχείρουν
1073 2829 1553 2911 ἑτεροδιδασκαλεῖν
1632 2833 1720 2887 καὶ
1788 2831 1924 2888 ἀπα-

2010 2833 2224 2893 docere
2246 2833 2612 2894 conabantur
2643 2840 2700 2893 et
2731 2824 3126 2912 simpliciores
3155 2835 3458 2915 decipere,
3495 2835 3646 2914 legis

265 2922 362 2988 τᾷν
407 2917 528 2981 τοὺς
586 2917 1003 2996 ἆκεραιοτέρους,
1049 2909 1304 3000 προφάσει
1362 2923 1456 2978 τοῦ
1503 2920 1688 2995 νόμου.
1752 2922 1917 2978 Τοῦτο

2010 2929 2315 3000 praetextu.
2343 2920 2509 2993 Quod
2531 2921 2626 2982 ubi
2653 2909 3350 3003 cognovissetApostolus
3374 2909 3646 2986 hertatur

266 3004 321 3061 δὲ
394 3007 574 3081 μαθὼν
647 3009 674 3062 ὁ
759 3005 1107 3076 Ἀπόστολος,
1177 3009 1459 3089 προτρέπει
1525 3012 1616 3066 τὸν
1663 3010 1915 3085 Τιμόθεον

2010 3008 2404 3083 l‘imolheum,
2440 3019 2500 3071 ut
2532 3009 2629 3071 ubi
2662 3019 2896 3072 maneat
2919 3010 2991 3072 ad
3017 3012 3287 3092 ipsorum
3313 3013 3649 3093 correptio-

266 3093 386 3150 ἐκεῖ
459 3109 779 3173 προσμεῖναι
835 3097 964 3175 πρὸς
1023 3095 1294 3176 διόρθωσιν
1349 3100 1542 3177 αὑτῶν,
1602 3098 1789 3178 γράφει
1860 3121 1918 3155 τε

265 3184 368 3249 τὴν
428 3182 737 3253 ἐπιστολήν.
785 3186 884 3242 Καὶ
951 3193 1160 3265 πρῶτον
1235 3187 1333 3262 μὲν
1374 3189 1765 3264 ὑπομιμνήσκει
1821 3198 1920 3246 Τι-

267 3273 460 3348 μόθεον
517 3270 689 3328 εἰδότα
745 3274 842 3340 τὴν
901 3273 961 3331 ἐκ
1015 3282 1226 3355 Χριστῷ
1287 3278 1484 3357 πίστιν,
1532 3275 1789 3334 διδάσκων
1833 3282 1921 3337 αὑ-

263 3364 360 3418 τὸν
393 3363 515 3440 περὶ
576 3361 668 3417 τοῦ
740 3363 924 3442 νόμου,
976 3363 1196 3422 κωλύειν
1257 3366 1380 3429 τοὺς
1425 3367 1568 3444 παρὰ
1615 3367 1713 3433 τὴν
1765 3367 1923 3445 ὀρθὴν

266 3449 610 3535 διδασκαλίαν
638 3450 952 3528 λαλοῦντας,
1013 3454 1260 3531 ἐπιτιμᾷν
1314 3477 1372 3511 τε
1429 3460 1631 3518 αὐτοῖς.
1680 3457 1778 3514 Καὶ
1825 3457 1924 3535 γὰρ

265 3540 428 3604 αὑτὸς
542 3531 818 3616 ἰ’μέναιον
912 3544 1001 3599 καὶ
1106 3542 1444 3624 Ἀλέξανδρον
1529 3531 1926 3622 ναυαγήσαντας

268 3632 389 3710 περὶ
419 3630 521 3697 τὴν
575 3630 753 3687 πίστιν
806 3629 1074 3710 παρέδωκε
1132 3641 1208 3708 τῷ
1266 3639 1501 3707 Σατανᾷ,
1559 3632 1652 3688 ’ἕνα
1707 3631 1926 3690 παιδευ-

265 3721 396 3774 θὼσι
457 3719 536 3793 μὴ
619 3717 984 3800 βλασφημεῖν.
1067 3723 1239 3778 Ταῦτα
1323 3723 1664 3798 ὑπομνήσας,
1738 3721 1928 3779 λοιπὸν

265 3806 536 3864 διατάσσει
595 3808 739 3884 αὗτῷ
836 3811 1062 3874 κανόνας
1130 3810 1623 3878 ἐκκλησιαστικοὺς.
1684 3818 1923 3892 Πρῶτον,

263 3899 386 3976 περὶ
454 3903 792 3982 προσευχῆς,
851 3906 968 3964 πῶς
1025 3900 1114 3956 καὶ
1169 3900 1290 3974 ποῦ,
1337 3901 1422 3956 καὶ
1478 3901 1596 3979 περὶ
1637 3900 1792 3955 τίνων
1836 3897 1920 3956 δεῖ

2003 3116 2170 3174 nem,
2218 3097 2547 3180 scribitque
2612 3099 2956 3180 Epistolam.
3005 3100 3080 3162 Et
3116 3101 3373 3181 primum
3404 3100 3647 3182 quidem

2005 3187 2275 3265 suggerit
2330 3187 2642 3250 Timotheo
2701 3189 2852 3269 quod
2914 3189 3090 3252 ﬁdem
3140 3204 3342 3252 nosset
3398 3209 3531 3271 qua;
3587 3190 3649 3251 in

2005 3273 2242 3338 Christo
2266 3286 2378 3354 est,
2413 3277 2637 3340 docens
2661 3296 2794 3338 cum
2818 3277 2892 3339 de
2910 3279 3060 3357 lege,
3089 3285 3150 3338 ut
3180 3277 3491 3358 prohibeat
3516 3278 3648 3339 illos

2007 3365 2107 3446 qui
2135 3365 2356 3446 aliquid
2390 3375 2602 3447 praeter
2629 3377 2851 3428 rectam
2876 3366 3211 3428 doctrinam
3235 3367 3643 3446 loquerentur,

2012 3453 2360 3533 etobjurget
2379 3473 2502 3516 eos.
2525 3457 2673 3518 Nam
2692 3463 2748 3516 et
2766 3453 3286 3534 ipseHymenzeum
3310 3462 3368 3514 et
3389 3454 3648 3516 Alexan-

2012 3542 2209 3619 drum,
2245 3543 2345 3624 qui
2367 3543 2525 3605 circa
2543 3543 2718 3605 ﬁdem
2753 3542 3119 3621 naufraginm
3161 3543 3446 3616 fecerant,
3476 3541 3648 3603 Sata-

2011 3632 2460 3707 naatradiderat,
2506 3641 2568 3693 ut
2586 3631 2889 3693 discerent
2913 3650 3028 3691 non
3043 3629 3486 3711 blasphemare.
3511 3631 3652 3692 Haec

2009 3719 2113 3782 ubi
2141 3720 2212 3782 ad
2246 3722 2595 3782 memoriam
2620 3720 2880 3796 reduxit,
2902 3719 3188 3800 deinceps
3212 3718 3650 3782 ecclesiasticos

2013 3832 2273 3876 canones
2295 3813 2349 3875 ei
2371 3814 2712 3876 constituit:
2738 3812 2930 3892 primo
2952 3812 3026 3874 de
3039 3811 3330 3882 oratione,
3353 3810 3650 3892 quomodo

2006 3910 2066 3965 et
2098 3901 2197 3963 ubi
2228 3921 2296 3964 ac
2325 3902 2398 3963 de
2429 3901 2643 3983 quibus
2674 3901 2905 3982 precari
2925 3909 3211 3983 oporteat.
3267 3899 3568 3982 Secundo,
3591 3913 3654 3967 ut

262 3987 684 4067 προσεύχεσθαι.
747 3989 1024 4068 Δευτέραν,
1083 3990 1200 4068 περὶ
1255 3990 1348 4045 τοῦ
1401 3994 1554 4066 σιγᾷν
1613 3985 1667 4043 ἐν
1713 3985 1917 4054 ἐκκλη-

2013 3990 2298 4054 mulieres
2329 3998 2556 4056 taceant
2588 3991 2650 4052 in
2678 3990 2966 4065 Ecclesia,
3017 3990 3293 4072 quodque
3323 3989 3514 4071 magis
3537 4009 3650 4052 cu—

265 4076 353 4148 σίᾳ
422 4077 518 4140 τὰς
577 4090 860 4158 γυναῖκας,
909 4079 997 4134 καὶ
1083 4076 1284 4153 μᾶλλον
1348 4077 1630 4153 μανθάνειν
1702 4075 1917 4151 ἐθέλειν,

266 4164 471 4239 καὶμὴ
529 4163 788 4222 διδάσκειν
833 4168 1017 4231 αὐτάς.
1068 4168 1271 4248 Τρίτον,
1318 4167 1436 4245 περὶ
1484 4165 1814 4240 ἐπισκόπων,
1836 4167 1924 4222 καὶ

267 4250 636 4334 πρεσϐυτέρων
691 4257 778 4312 καὶ
833 4254 1112 4327 διακόνων,
1189 4263 1303 4322 πῶς
1359 4256 1446 4312 καὶ
1521 4257 1732 4319 ὁποίους
1781 4255 1922 4312 εἶναι

264 4339 351 4399 δεῖ
406 4344 527 4408 τοὺς
569 4344 1001 4421 καθισταμένους.
1056 4345 1339 4424 Τέταρτον,
1397 4345 1513 4424 περὶ
1563 4350 1667 4400 τῶν
1724 4343 1777 4400 ἐν
1857 4351 1924 4421 τῇ

267 4429 530 4504 ἐκκλησίᾳ
559 4441 770 4513 χηρῶν,
829 4434 936 4491 ἀπὸ
963 4435 1142 4492 πόσων
1170 4435 1302 4491 ἐτῶν
1344 4434 1455 4514 χρὴ
1503 4433 1697 4498 ταύτας
1751 4455 1924 4489 κατα-

265 4519 545 4600 λέγεσθαι,
600 4523 690 4578 καὶ
758 4523 913 4587 ποίας
969 4525 1126 4588 αὑτὰς
1170 4523 1311 4580 εἶναι
1355 4521 1438 4579 δεῖ
1512 4523 1601 4578 καὶ
1656 4527 1768 4587 πῶς
1827 4525 1925 4581 αὑ-

264 4622 394 4672 ταῖς
458 4607 541 4666 δεῖ
582 4610 889 4692 προσέχειν.
973 4613 1243 4687 Πέμπτον,
1320 4613 1437 4691 περὶ
1487 4611 1578 4667 τοῦ
1637 4624 1928 4691 σωφρονεῖν

265 4699 393 4760 τοὺς
422 4699 730 4780 νεωτέρους,
781 4701 870 4757 καὶ
913 4713 1109 4780 γαμεῖν
1158 4698 1386 4776 μᾶλλον,
1439 4701 1528 4756 καὶ
1569 4699 1649 4774 μὴ
1693 4700 1926 4778 αἰσχρῶς

271 4788 396 4862 ζῇν.
436 4775 662 4862 “Emov,
735 4791 857 4869 περὶ
921 4775 1018 4846 τοῧ
1077 4775 1428 4868 παραγέλλειν
1484 4801 1602 4850 τοῖς
1655 4775 1926 4851 πλουσίοις

267 4877 349 4942 πη
406 4873 826 4955 ὑψηλοφρονεῖν,
888 4876 1025 4954 μηδὲ
1077 4877 1304 4949 ἐλπίζειν
1379 4876 1464 4934 ἐπὶ
1507 4875 1743 4951 πλούτῳ.
1807 4882 1932 4955 Περὶ

264 4965 471 5021 τούτων
524 4962 923 5042 διαταξάμενος,
1001 4967 1343 5046 προτρέπεται
1400 4966 1555 5022 αὑτὸν
1620 4964 1784 5022 ταῦτα
1857 4963 1933 5020 δι-

2015 4080 2177 4162 piant
2210 4080 2443 4143 discere
2475 4098 2648 4158 quam
2672 4079 2910 4143 docere.
2939 4077 3142 4142 Tertio
3164 4079 3237 4140 de
3269 4077 3565 4159 episcopis
3594 4086 3652 4140 et

2009 4168 2378 4250 presbyteris
2399 4188 2466 4231 ac
2488 4168 2776 4245 diaconis,
2802 4170 3100 4250 quomodo
3122 4168 3363 4230 affectos
3376 4181 3429 4229 et
3445 4165 3650 4248 quales

2007 4277 2138 4320 esse
2179 4266 2446 4337 oporteat
2497 4277 2600 4321 eos
2647 4259 2748 4340 qui
2795 4257 3255 4320 constituantur.
3305 4256 3544 4329 Quarto,
3578 4256 3654 4318 de

2011 4347 2206 4410 viduis
2230 4366 2360 4428 quae
2392 4355 2528 4409 sunt
2557 4348 2618 4408 in
2650 4347 2916 4410 Ecclesla
2944 4367 2978 4408 a
3008 4354 3152 4428 quot
3182 4346 3354 4408 annis
3385 4363 3483 4407 eas
3511 4345 3652 4404 206

2012 4435 2154 4513 eligi
2179 4446 2238 4498 et
2267 4437 2472 4517 quales
2499 4455 2629 4498 esse
2666 4435 3000 4511 conveniat,
3055 4443 3114 4497 et
3165 4433 3463 4515 quomodo
3493 4434 3654 4513 ipsas

2015 4524 2611 4605 observaireoporteat
2639 4523 3043 4606 Quinto,quod
3055 4523 3329 4604 juniores
3353 4521 3652 4584 modestas

2009 4633 2144 4678 esse
2173 4621 2460 4696 oporteat,
2491 4623 2550 4679 et
2580 4615 2806 4676 nubere
2851 4614 3044 4694 potius
3097 4631 3274 4694 quam
3305 4609 3655 4672 indecenter

2011 4704 2231 4766 vivere.
2255 4702 2453 4780 Sexto,
2488 4716 2552 4766 ut
2583 4703 2882 4785 praecipiat
2911 4701 3190 4764 divitibus
3237 4719 3310 4761 ne
3358 4698 3651 4761 extollan-

2013 4800 2130 4867 tur,
2160 4810 2354 4874 neque
2379 4800 2620 4874 sperent
2641 4792 2700 4853 in
2723 4791 2968 4854 divitiis.
2987 4790 3126 4852 Haec
3148 4796 3453 4870 postquam
3486 4787 3651 4848 ordi-

2012 4880 2190 4962 navit,
2224 4882 2567 4946 exhortatur
2595 4881 2787 4962 ipsum
2820 4887 2884 4941 ut
2919 4899 2988 4942 ea
3035 4879 3243 4940 doceat
3271 4899 3284 4936 :
3321 4875 3376 4939 ei
3409 4875 3654 4956 posthac

2012 4990 2223 5054 aquam
2256 4990 2372 5033 non
2404 4971 2588 5047 bibat,
2641 4989 2710 5032 ac
2762 4969 2996 5050 sibiipsi
3053 4965 3339 5030 doctrinae
3389 4964 3652 5054 animum

271 5051 508 5128 διάσκειν,
571 5057 657 5111 καὶ
711 5056 904 5131 μηκέτι
978 5057 1073 5133 μὲν
1127 5055 1468 5136 ὑδροποτεῖν,
1529 5053 1819 5133 προσέχειν
1873 5051 1924 5110 δὲ

2012 5051 2314 5130 adhibeat,
2350 5060 2548 5122 sciens
2573 5078 2687 5140 quo
2729 5059 2924 5120 futura
2975 5058 3094 5120 sint
3141 5063 3410 5135 tempora
3441 5051 3656 5143 quibus

268 5142 448 5216 ἑαυτῷ
501 5143 590 5198 καὶ
673 5149 741 5220 τῇ
802 5142 1129 5219 διδασκαλίᾳ,
1206 5143 1377 5201 εἰδότα
1452 5143 1656 5199 ἔσεσθαι
1712 5142 1924 5221 καιροὺς

2013 5150 2323 5213 discedent
2351 5148 2620 5211 nonnulli
2645 5166 2678 5208 a
2701 5148 2841 5211 ﬁde.
2864 5149 3176 5228 Postquam
3219 5151 3421 5207 autem
3452 5142 3656 5205 docuit

270 5232 324 5290 ὲν
384 5237 474 5297 οἷς
535 5232 929 5304 ἀποστήσονταί
982 5257 1118 5302 τινες
1187 5241 1288 5302 τῆς
1338 5234 1590 5308 πίστεως,
1637 5230 1840 5298 διδάξας
1872 5230 1925 5288 δὲ

269 5323 477 5401 καθαρὰ
535 5323 676 5380 εἶναι
761 5325 851 5381 καὶ
933 5326 998 5381 τὰ
1070 5325 1347 5404 βρώματα,
1429 5324 1516 5378 καὶ
1569 5320 1927 5400 παραγγείλας

277 5413 427 5486 αὐτῷ
497 5411 834 5490 ἐκτρέπεσθαι
914 5415 1005 5480 τὰς
1091 5413 1474 5495 ἐκφιλονείκους
1548 5411 1797 5482 ζητήσεις
1853 5412 1926 5474 ὡς

284 5498 547 5576 βεϐήλους
578 5501 756 5580 οὔσας,
784 5501 866 5584 ἐφ’
923 5507 1013 5569 αἷς
1066 5526 1204 5567 τινες
1244 5503 1582 5583 καυχώμενοι
1625 5499 1929 5578 παρέϐησαν

285 5592 386 5659 τὴν
415 5593 620 5666 πίστιν,
652 5595 740 5649 καὶ
796 5592 950 5657 τέλος
991 5595 1049 5650 ὃν
1093 5595 1205 5676 χρὴ
1247 5595 1438 5673 τρόπον
1492 5589 1677 5671 ἄρχειν
1733 5610 1790 5645 τε
1847 5590 1932 5646 καὶ

283 5678 678 5758 διατάσσεσθαι,
712 5683 911 5742 τελειοῖ
942 5687 1038 5753 τὴν
1070 5681 1412 5760 Ἐπιστολήν,

2011 5239 2266 5302 mundos
2290 5257 2527 5320 quoque
2556 5256 2690 5300 esse
2719 5237 2906 5314 cibos,
2961 5236 3357 5318 praecepitque
3387 5241 3452 5296 nt
3481 5251 3651 5294 aver-

2013 5336 2167 5392 tatur
2194 5348 2229 5392 a
2257 5327 2648 5391 contontiosis
2703 5325 3151 5408 quaestionibus,
3181 5333 3248 5388 ut
3290 5343 3423 5405 quae
3451 5325 3656 5406 profa-

2014 5438 2104 5481 nae
2132 5421 2272 5490 sint,
2300 5417 2362 5480 in
2394 5416 2609 5499 quibus
2633 5416 2816 5500 aliqui
2864 5416 3206 5498 gloriantes,
3255 5415 3316 5477 in
3351 5415 3466 5478 ﬁde
3499 5434 3654 5496 prae-

2019 5509 2262 5573 varicati
2295 5517 2456 5585 sunt,
2488 5507 2733 5570 tandem
2764 5506 3072 5570 concludit
3099 5504 3456 5588 Epistolam.
