4140 6212
440 418 547 484 147

1565 422 1971 486 (ECUMENII
2016 422 2309 486 ΤΗΙΟΟιΕ
2351 424 2685 489 EPISCOPI

3692 413 3808 481 148

439 570 707 633 pugnans
722 554 1002 618 omnibus
1016 554 1210 617 modis
1227 554 1510 616 adversus
1525 553 1863 634 spirituales
1878 550 2082 614 inimi-

2171 565 2283 615 τοῖς
2311 556 2529 633 ἐχθροῖς
2560 553 2830 631 πολεμῶν.
2889 580 2917 611 α
2969 553 3057 612 Ἐν
3102 557 3311 616 αὐταῖς.
3351 575 3374 609 ι
3427 561 3558 613 Ταῖς
3590 570 3803 628 προφη-

440 660 563 704 cos.
602 665 624 698 ι
660 641 725 704 In
758 643 869 707 eis.
913 670 937 701 υ
999 642 1335 725 Prophetiis
1362 641 1635 705 videlicet
1669 664 1681 701 :
1717 661 1855 703 nam
1884 640 1999 702 illa:
2028 646 2086 700 te

441 730 768 811 elegerunt.
803 730 1056 813 Propter
1075 749 1221 813 quas
1249 749 1389 811 ergo
1414 737 1725 810 susceptus
1747 738 1803 793 et
1825 749 1857 792 a
1875 730 2087 811 quibus

442 818 669 881 clectus
700 837 786 895 es,
823 818 885 881 in
917 819 1063 901 ipsis
1094 829 1151 882 et
1180 837 1286 900 per
1311 819 1474 900 ipsas
1504 819 1716 894 milita,
1749 819 1808 879 id
1843 825 1952 895 est,
1984 834 2090 898 per

440 907 634 988 ipsum
661 907 947 987 Spiritum
983 926 1089 989 per
1117 926 1293 989 quem
1319 914 1529 970 suntet
1547 907 1893 989 prophetiae.
1925 931 1951 962 α
1972 910 2087 969 Βο-

444 1016 580 1059 nam
614 998 911 1062 militiam.
971 1023 995 1054 ν
1031 1002 1133 1062 Est
1161 998 1321 1061 enim
1363 1008 1419 1061 et
1454 1000 1604 1061 mala
1634 998 1844 1059 militia
1871 998 1945 1059 de
1974 1013 2089 1077 qua

446 1086 623 1148 dicit:
656 1109 678 1143 α
709 1084 1073 1149 Exhibuistis
1096 1086 1366 1150 membra
1386 1094 1576 1149 vestra
1588 1084 2091 1148 armaimmuudi-

445 1174 541 1237 tim
570 1183 628 1237 et
656 1174 951 1257 iniquitati
975 1175 1050 1241 ίι.
1082 1200 1105 1234 ι
1131 1211 1211 1222 -
1242 1199 1265 1233 α
1304 1174 1540 1238 Habens
1562 1175 1763 1238 ﬁdem.
1798 1201 1820 1233 υ
1844 1173 2089 1256 Oportet

444 1264 603 1327 enim
624 1265 966 1344 magistrum
988 1266 1080 1327 sui
1101 1264 1354 1347 primum
1379 1283 1510 1328 esse
1525 1264 1851 1328 doctorem.
1877 1263 2084 1326 Fidem

444 1361 640 1416 autem
670 1353 813 1416 dicit
842 1372 971 1435 quae
1000 1363 1088 1416 est
1116 1354 1275 1416 circa
1293 1354 1569 1436 dogmata
1604 1375 1617 1411 :
1661 1352 2083 1415 conscientiam

444 1460 584 1504 vero
615 1460 748 1524 quae
776 1442 932 1504 circa
949 1443 1452 1505 conversationem
1477 1450 1589 1506 est.
1627 1465 1650 1499 ι
1677 1440 1861 1515 Quam
1883 1440 2084 1522 repel-

443 1530 635 1595 lentes
649 1532 945 1595 nonnulli.
966 1557 990 1588 »
1009 1532 1222 1605 Quam,
1245 1530 1458 1613 inquit,
1487 1530 1938 1605 conscientiam,
1954 1547 2086 1611 qua;

445 1627 537 1682 est
564 1619 638 1681 de
665 1627 830 1682 reete
857 1619 1129 1683 vivendo.
1163 1619 1275 1683 Ubi
1298 1619 1457 1682 enim
1480 1619 1613 1701 quis
1643 1618 1829 1701 probe
1850 1618 2081 1693 vixerit,

444 1707 623 1770 etiam
657 1707 814 1771 circa
834 1708 1012 1773 ﬁdem
1037 1708 1401 1787 naufragium
1422 1709 1583 1772 facit.
1616 1710 1696 1770 2|
1714 1711 1753 1769 7
1778 1707 2083 1790 Siquidem

2168 640 2355 721 τείαις,
2388 642 2544 721 φησίν
2590 658 2604 673 ’
2667 643 2867 700 ἐκεῖναι
2912 645 3010 721 γὰρ
3069 640 3279 699 ε’ῗλοντό
3336 661 3417 702 σε,
3495 637 3574 694 Δι’
3626 638 3687 701 ἃς
3716 638 3803 691 οὖν

2169 727 2385 809 ⁴δρέθίπλς,
2417 733 2503 788 καὶ
2549 731 2600 797 ἐξ
2642 734 2715 788 ὧν
2770 731 3051 811 ἐπελέγης,
3099 731 3153 787 ἐν
3208 730 3395 793 αὐταῖς
3452 731 3539 784 καὶ
3593 724 3660 781 δι’
3704 726 3804 781 αὖ·

2171 826 2276 876 τῶν
2301 821 2617 900 στρατεύων,
2652 819 2737 878 διὰ
2790 832 2884 881 τοῦ
2939 826 3097 881 αὒτοῦ
3141 819 3466 898 Πνεύματος,
3521 815 3586 912 δι’
3635 817 3695 872 οὗ
3722 814 3810 868 καὶ

2172 914 2223 966 αἱ
2273 926 2617 991 προφητεῖαι.
2697 937 2724 967 α
2758 914 2867 980 Τὴν
2923 911 3094 980 καλὴν
3155 912 3452 991 στρατείαν.Δ
3490 933 3513 965 ι
3549 906 3659 965 wEm.
3707 906 3809 983 γὰρ

2169 1001 2257 1058 καὶ
2284 988 2425 1068 κακῆ
2481 1003 2743 1081 στρατεία,
2804 1003 2920 1081 περὶ
2969 1004 3038 1068 ἦς
3093 988 3252 1080 φησιν
3288 1018 3303 1033 ⁸
3353 1018 3383 1058 (
3416 988 3633 1076 ’Ὠσπερ
3662 1015 3806 1072 παρ-

2172 1091 2429 1159 εστήσατε
2483 1091 2549 1149 τὰ
2607 1089 2747 1166 μέλη
2804 1093 2950 1167 ὑμῶν
2994 1088 3134 1146 ὅπλα
3186 1095 3256 1166 τῇ
3311 1087 3538 1167 ἁμαρτίᾳ
3589 1085 3679 1141 καὶ
3742 1087 3811 1157 τῇ

2171 1178 2477 1259 ἀκαθαρσίᾳ.
2516 1204 2543 1235 ι
2580 1213 2655 1225 --
2696 1203 2724 1234 α
2759 1169 2959 1260 υΕχων
3016 1179 3212 1239 πίστιν.
3249 1200 3273 1235 Ι
3336 1178 3437 1235 Τὸν
3493 1175 3592 1253 γὰρ
3659 1169 3809 1227 διδά-

2169 1267 2364 1324 σκαλον
2414 1270 2552 1349 χρὴ,
2613 1270 2799 1328 ἑαυτοῦ
2853 1269 3075 1348 πρῶτων
3142 1267 3284 1323 εἶναι
3339 1261 3671 1323 διδάσκαλον,
3708 1260 3809 1349 Πί-

2166 1379 2280 1415 στιν
2321 1355 2377 1413 δέ
2430 1380 2559 1437 φησι
2614 1358 2711 1424 τὴν
2766 1346 2989 1436 περὶτὰ
3054 1354 3316 1434 δόγματα,
3375 1350 3662 1417 συνείδησιν
3726 1346 3805 1415 δὲ,

2165 1448 2264 1514 τὴν
2303 1435 2562 1525 περὶτῆς
2612 1435 2900 1510 πολιτείας.
2954 1469 2981 1500 α
3031 1435 3144 1502 ’Ἦν
3186 1464 3323 1507 τινες
3370 1440 3733 1515 ἀπωσάμενοι,
3772 1459 3801 1489 ι»

2171 1526 2283 1593 ’Ἦν
2326 1556 2465 1615 τινα,
2495 1537 2645 1615 φησὶ,
2691 1532 2979 1601 συνείδησιν
3025 1534 3123 1601 τὴν
3183 1532 3304 1611 περὶ
3352 1531 3413 1587 τὸ
3468 1530 3631 1608 ὀρθῶς
3661 1527 3808 1602 βιοῦν

2169 1614 2345 1683 ιὈταν
2401 1614 2517 1703 γάρ
2554 1647 2632 1689 τις
2703 1622 2966 1699 ἂδοκίμως
3025 1626 3114 1700 ζῇ,
3173 1622 3261 1677 καὶ
3314 1621 3432 1698 περὶ
3485 1618 3581 1685 τὴν
3636 1616 3815 1671 πίστιν

2166 1730 2409 1794 ναυαγεῖ,
2447 1706 2571 1773 υινα
2598 1715 2697 1792 γὰρ
2727 1714 2805 1789 μὴ
2855 1719 2933 1787 τῷ
2974 1709 3122 1792 φόϐῳ
3174 1716 3281 1767 τῶ)
3310 1707 3611 1786 μελλόντων
3638 1706 3811 1782 βασα-

444 1815 519 1859 ne
551 1804 780 1860 terrore
808 1797 1139 1859 futurorum
1169 1798 1529 1874 crucientur,
1564 1816 1670 1859 suo
1710 1797 1910 1859 animo
1941 1814 2081 1878 per-

2171 1805 2418 1883 νίζονται,
2502 1800 2843 1873 σπουδάζουσι
2915 1803 3108 1857 πεῖθειν
3202 1800 3299 1867 τὴν
3370 1799 3567 1853 ἑαυτῶν
3622 1794 3808 1873 ψυχὴν

442 1886 693 1949 suadere
723 1886 989 1947 nituntur
1017 1886 1327 1949 mendacia
1367 1905 1501 1949 esse
1533 1904 1901 1968 quaecunque
1932 1884 2089 1966 apud

2173 1892 2253 1950 ὅτι
2283 1892 2448 1969 ψευδῆ
2502 1892 2673 1948 πάντα
2729 1892 2795 1946 τὰ
2848 1887 2972 1968 παρ’
3028 1888 3164 1965 ἤμϊν
3191 1889 3258 1945 τά
3284 1909 3341 1944 τε
3401 1888 3520 1965 περὶ
3586 1884 3812 1940 ἀναστά-

444 1993 553 2037 nos
573 1974 648 2037 de
676 1974 1114 2037 resurrectione
1134 1993 1202 2037 ac
1218 1975 1448 2055 judicio
1471 1975 1769 2038 dicuntur.
1795 1998 1821 2035 ι
1847 1972 2093 2039 Tradidi

443 2066 671 2130 Satanae
712 2072 778 2126 ut
822 2064 1073 2126 discant.
1108 2090 1134 2119 ιο
1196 2065 1343 2129 Cum
1394 2063 1635 2128 Satanas
1680 2064 1940 2145 seipsum
1972 2080 2094 2124 non

443 2153 715 2229 instruat,
749 2153 1045 2235 quomodo
1075 2153 1208 2216 aliis
1237 2153 1451 2216 bonam
1480 2155 1687 2217 aﬂ‘eret
1712 2153 2045 2216 doctrinam
2068 2155 2096 2212 7

443 2244 512 2307 Et
540 2242 795 2306 dicimus
815 2243 972 2324 quod
1005 2242 1160 2305 sicut
1178 2242 1420 2306 lictores
1443 2243 1777 2305 innumeris
1804 2241 1963 2325 pleni
1980 2259 2097 2303 ma.

442 2331 518 2393 lis
567 2331 715 2395 alios
743 2334 1053 2411 castigant,
1087 2340 1147 2394 et
1174 2332 1478 2395 instruunt
1506 2340 1573 2395 ut
1604 2332 1872 2395 modeste
1902 2349 1967 2392 se
1998 2348 2095 2408 ge-

442 2427 598 2497 rant,
632 2419 800 2482 itaet
832 2418 1098 2483 Satanas.
1160 2419 1406 2493 Quando
1461 2421 1620 2484 enim
1679 2420 1813 2503 quis
1862 2422 2094 2483 Satanae

442 2509 713 2585 traditur,
748 2508 821 2571 ab
878 2510 1130 2571 aliorum
1193 2510 1731 2571 communicatione
1761 2518 2089 2590 separatur.

443 2597 741 2679 Deinceps
771 2616 911 2678 ergo
941 2597 1172 2659 daemon
1204 2606 1514 2679 acceptum
1560 2598 1861 2659 hominem
1893 2596 2091 2658 divino

443 2686 727 2750 nudatum
776 2686 994 2748 auxilio
1040 2686 1288 2766 castigat
1340 2698 1398 2747 et
1427 2686 1621 2749 erudit
1655 2709 1669 2748 :
1704 2694 1762 2749 et
1792 2688 1905 2748 hoc
1934 2685 2095 2747 cedit

441 2776 557 2859 ipsi
585 2775 659 2839 ad
690 2776 1068 2838 modestiam.
1104 2773 1295 2848 Quare
1326 2785 1523 2838 autem
1557 2776 1788 2838 Satanae
1813 2775 1987 2837 tradit
2013 2776 2088 2851 1⁵,

444 2872 505 2927 et
533 2883 653 2927 non
681 2864 810 2947 ipse
838 2864 1083 2944 castigat
1138 2871 1198 2925 et
1247 2864 1495 2927 erudit?
1523 2864 1600 2928 Ut
1629 2865 1906 2927 ostendat
1936 2864 2094 2945 quod

446 2954 623 3016 etiam
645 2952 930 3035 possibile
951 2953 1027 3014 sit
1047 2952 1275 3016 Satanae
1300 2953 1604 3033 imperare
1626 2976 1638 3013 :
1667 2961 1725 3017 et
1743 2961 1934 3016 utuna
1955 2973 2087 3016 cum

2174 2004 2309 2046 σεως
2375 1983 2466 2037 καὶ
2517 1980 2761 2059 κρίσεως.
2839 2002 2867 2033 α
2927 1976 3203 2058 Παράδοκα
3282 1984 3359 2051 τῷ
3417 1979 3647 2046 Σατανᾷ,
3721 1974 3816 2026 ’ἶνα

2174 2068 2511 2131 παιδευθῶσι,
2550 2092 2577 2124 ι
2616 2059 2675 2126 Ὀ
2719 2068 2903 2123 ἐαυτὸν
2954 2067 3032 2141 μὴ
3101 2063 3357 2122 παιδεύων
3389 2068 3649 2135 Σατανᾶς,
3695 2064 3812 2121 πός

2175 2173 2290 2223 τοῖς
2320 2157 2501 2221 ἄλλοις
2558 2158 2755 2235 γίνεται
2804 2161 3048 2235 χρηστῆς
3103 2152 3339 2217 παιδείας
3377 2150 3665 2231 πρόξενος;
3716 2150 3818 2206 Καί

2176 2269 2370 2329 φαμεν,
2431 2248 2609 2325 ὣσπερ
2678 2249 2726 2303 οἱ
2775 2243 2954 2320 δήμιοι
3034 2244 3228 2323 μυρίων
3286 2242 3538 2321 γέμοντες
3607 2245 3812 2311 κακῶν,

2173 2339 2296 2403 τοὺς
2322 2336 2510 2404 ἄλλους
2558 2347 2851 2416 σωφρονεῖν
2898 2331 3252 2412 παιδεύουσιν,
3295 2332 3459 2395 οὕτως
3521 2330 3610 2386 καὶ
3637 2331 3666 2385 6
3697 2335 3814 2416 Σαέ

2174 2433 2355 2493 τανᾶς.
2388 2414 2689 2507 Παράδοσιςν
2733 2425 2832 2505 γὰρ
2888 2422 3011 2480 ὅταν
3067 2421 3285 2501 γένηται
3338 2428 3416 2495 τῷ
3470 2423 3700 2490 Σατανᾷ,
3723 2414 3817 2507 ,δι’

2175 2505 2481 2594 ἀφορισμοῠή
2530 2520 2630 2583 τῆς
2673 2513 2948 2576 κοινωνίας
3031 2515 3251 2591 γίνεται.
3328 2510 3524 2568 Λοιπὸν
3578 2505 3817 2587 παραλα-

2174 2602 2280 2661 ϐὼν
2324 2607 2353 2661 6
2381 2604 2581 2681 δαίμων
2609 2606 2805 2684 γυμνὸν
2874 2609 2973 2673 τῆς
3018 2612 3110 2663 τοῦ
3158 2609 3289 2660 Θεοῦ
3333 2599 3576 2677 βοηθεία)
3605 2598 3694 2653 τὸν
3720 2594 3813 2653 ἄν·

2173 2698 2401 2774 θρωπον,
2429 2691 2685 2757 παιδεύει.
2736 2696 2835 2753 Καὶ
2893 2700 3047 2751 τοῦτο
3100 2693 3298 2770 γίνεται
3367 2690 3509 2760 αὒτῷ
3548 2688 3679 2761 πρὸς
3711 2708 3820 2743 σω-

2174 2783 2485 2864 φρονισμόν.
2536 2784 2633 2840 Διὰ
2660 2781 2790 2864 τίδὲ
2838 2785 2917 2858 τῷ
2962 2787 3173 2853 Σατανᾷ
3214 2776 3555 2859 παραδίδωσι,
3600 2777 3688 2833 καὶ
3735 2775 3816 2849 μὴ

2175 2862 2329 2938 dare;
2360 2870 2625 2954 παιδεύιι;
2663 2862 2789 2930 υΙνα
2857 2870 2995 2949 δείξῃ
3023 2870 3104 2927 ὅτι
3151 2870 3240 2926 καὶ
3308 2874 3384 2943 τῷ
3440 2871 3650 2954 Σατανᾷ
3702 2865 3809 2920 ἐπι.

2175 2920 2328 2938 ""“
2367 2920 2584 2954 ’ννζνννη
2701 2920 2789 2930 ⁸η*
2861 2920 2995 2949 *ν’νιι
3028 2920 3104 2927 *⁷*
3154 2920 3239 2926 *ππ
3320 2920 3379 2943 "r
3626 2920 3643 2938 τ

2174 2961 2386 3020 τάσσειν
2441 2961 2563 3018 αἷόν
2603 2920 2663 3018 τέ
2721 2959 2857 3041 ἐστι,
2914 2961 3004 3018 καὶ
3057 2958 3149 3016 ἵνα
3208 2957 3344 3034 μετὰ
3396 2960 3495 3023 τῆς
3549 2952 3821 3018 κολάσεως

443 3042 732 3125 supplicio
761 3043 954 3106 ferant
983 3042 1159 3105 etiam
1191 3044 1641 3119 contumeliam,
1688 3062 1902 3125 nempe
1932 3043 2089 3125 quod

2171 3051 2259 3109 καὶ
2310 3047 2637 3130 ὑϐρίζωνται,
2721 3056 2812 3108 τοῦ
2897 3055 3107 3109 Σατανᾶ
3198 3043 3609 3127 τιμωρουμένου.
3689 3042 3823 3107 Τοὺς

442 3133 704 3198 aSatana
716 3132 1060 3215 puniantur.
1079 3131 1382 3214 Siquidem
1404 3133 1744 3195 incredulos
1769 3133 2089 3214 puniebant

2175 3139 2271 3215 μὲν
2327 3140 2427 3219 γὰρ
2483 3138 2752 3213 ἀπίστους,
2797 3136 2865 3195 δι⁹
2934 3140 3133 3195 ἑαυτῶν
3190 3132 3435 3206 ἐκόλαζον
3480 3136 3528 3190 οἱ
3582 3131 3820 3188 ἀπόστο-

443 3241 550 3304 per
581 3207 814 3302 seipsos
850 3222 1103 3303 apostoli
1132 3207 1695 3303 {quemadmodum
1725 3207 1854 3303 ipse
1880 3222 2089 3285 Paulus

2174 3207 2282 3304 λοι,
2313 3207 2496 3308 ῶσπερ
2532 3229 2625 3284 τὸν
2681 3207 2975 3307 Βαριησοῦν
3032 3230 3061 3283 6
3116 3225 3272 3288 αὐτὸς
3318 3220 3526 3285 Παῦλος
3582 3222 3670 3308 καὶ
3725 3222 3822 3275 τὸν

441 3311 748 3376 Bariesum
798 3310 900 3392 qui
952 3319 1009 3373 et
1038 3310 1297 3392 Elymas,
1332 3318 1391 3373 et
1418 3314 1631 3374 Petrus
1660 3311 1948 3374 Ananiam
1985 3329 2000 3374 :
2033 3317 2089 3398 ut

2177 3315 2431 3398 Ἐλύμαν,
2473 3307 2565 3374 καὶ
2615 3319 2643 3373 6
2686 3316 2882 3395 Πέτρος
2934 3317 3024 3373 τὸν
3081 3312 3320 3373 Ἀνανίαν
3365 3329 3381 3345 ⁸
3440 3311 3533 3368 ’ἕνα
3586 3307 3820 3398 δείξωσιν

441 3398 828 3462 ostenderent
857 3398 1014 3481 quod
1069 3407 1337 3481 potentes
1367 3409 1570 3463 essent
1602 3422 1615 3460 :
1650 3398 1798 3463 alios
1828 3418 1966 3463 vero
1996 3392 2089 3480 qui

2177 3405 2259 3464 ὅτι
2287 3404 2552 3466 δύνανται.
2599 3407 2731 3471 Τοὺς
2760 3404 2814 3462 δὲ
2867 3405 3071 3470 τούτοις
3132 3405 3228 3480 μὲν
3285 3402 3665 3478 μανθάνοντας,
3724 3397 3824 3454 ἐκ-

438 3488 514 3551 ab
543 3488 690 3571 ipsis
716 3488 959 3571 quidem
989 3487 1209 3552 eruditi
1235 3488 1495 3567 fuerant,
1521 3490 1625 3553 sed
1646 3489 1878 3552 adversi
1900 3497 2089 3570 erant,

2178 3495 2470 3576 τραπέντας
2520 3494 2596 3569 δὲ,
2656 3502 2735 3570 τῷ
2792 3499 3001 3567 Σατανᾷ
3055 3489 3378 3573 παρεδίδουν.
3441 3513 3469 3545 ι
3503 3490 3591 3557 Μὴ
3645 3487 3824 3565 βλασ-

440 3577 673 3643 Satanae
702 3578 1036 3642 tradebant.
1074 3603 1101 3634 α
1135 3579 1271 3641 Non
1302 3577 1743 3661 blasphemare.
1781 3605 1807 3636 ιο
1836 3578 1910 3641 Hi
1939 3577 2089 3640 enim

2181 3597 2407 3667 φημετν.
2462 3606 2485 3640 s
2548 3586 2702 3641 Οὗτοι
2769 3583 2869 3662 γὰρ
2949 3580 3233 3660 λογισμοῖς
3302 3578 3637 3667 ἀνθρωπίνως
3718 3576 3822 3643 τὴν

448 3668 790 3731 nationibus
818 3667 1095 3731 humanis
1113 3668 1290 3731 ﬁdem
1310 3668 1762 3750 interpellantes
1783 3675 2089 3731 converte~

2182 3665 2354 3731 πίστιν
2409 3670 2820 3747 ὑποϐάλλοντες,
2891 3668 3246 3750 ἐξετράπησαν
3305 3669 3392 3724 καὶ
3453 3665 3821 3746 βλασφημεῖν,

448 3754 665 3819 bantur
692 3756 766 3819 ad
799 3756 1334 3839 blasphemandum
1361 3779 1376 3819 :
1413 3757 1570 3840 quod
1603 3776 1762 3820 nunc
1797 3756 2089 3839 patiuntur

2183 3761 2312 3842 ὅπερ
2369 3768 2456 3820 νῦν
2515 3761 2843 3841 Νεστοριανοὶ
2903 3761 3196 3840 πάσχουσι,
3261 3758 3350 3815 καὶ
3402 3757 3454 3813 αἱ
3511 3754 3689 3813 λοιπαὶ
3745 3757 3829 3810 αἱ-

449 3844 785 3909 Nestoriani
813 3862 882 3907 ac
906 3846 1155 3927 reliqua;
1184 3846 1467 3910 haereses.
2183 3852 2375 3917 ρέσεις,

1081 3934 1325 3998 CAPUT
1354 3934 1457 3999 IV.

2826 3932 3190 4004 KE¢AA.A2

455 4022 546 4086 De
567 4022 844 4121 oralioue
873 4027 1075 4121 ut‘pro
1107 4023 1384 4121 omnibus
1423 4024 1554 4104 ﬁat,
1583 4024 1926 4121 _ut_ubique
1951 4042 2089 4105 pure

2187 4062 2215 4095 ι
2250 4040 2374 4118 Περὶ
2405 4040 2596 4121 εὐχῆς,
2622 4038 2703 4097 ὅτι
2729 4039 2857 4119 ὑπὲρ
2886 4039 3122 4117 πάντων,
3172 4034 3253 4092 ὅτι
3281 4039 3557 4114 πανταχοῦ
3587 4032 3796 4095 ἀκάκως
3814 4082 3827 4102 ,

734 4111 870 4200 sine
892 4110 1021 4174 ulla
1050 4111 1392 4175 turbatione
1419 4120 1479 4175 et
1508 4113 1809 4191 religiose.

2327 4110 2337 4118 ’
2467 4110 2505 4119 Π
2580 4110 2594 4121 ’
2663 4110 2974 4200 ἀταράχως,
3008 4110 3238 4193 σεμνῶς.
3289 4138 3317 4171 ι

535 4199 1710 4290 ll,4-4.Adhortorigiturutanlcomniu
1739 4200 2103 4281 ﬁauldepre-
2273 4230 2303 4272 ι
2351 4208 2650 4290 Παρακαλῶ
2705 4199 2794 4267 οὖν
2838 4214 3043 4287 πρῶτον
3086 4206 3320 4280 πάντων,
3382 4205 3647 4260 ποιεῖσθαι
3706 4200 3833 4271 δεή..

454 4290 770 4363 orationes,
803 4288 1263 4365 obsecrationes,
1294 4290 1829 4370 interpellationes,
1861 4290 2089 4371 gratia-

2190 4323 2324 4381 σεις,
2422 4288 2747 4380 προσευχὰς,
2860 4295 3134 4372 ἐντεύξεις,
3250 4293 3582 4373 εὔχαριστίας
3696 4292 3832 4369 ὑπὲρ

453 4396 591 4441 rum
605 4379 861 4467 actiones
869 4395 985 4461 pro
1002 4379 1275 4442 omnibus
1295 4378 1527 4441 homini
1535 4380 1662 4454 bus,
1675 4399 1785 4460 pro
1798 4380 2035 4462 regibus
2046 4394 2089 4441 ei

2187 4378 2402 4461 πήντων
2468 4378 2798 4467 νὰυθρῶπων,
2882 4387 3011 4466 ὑπὲρ
3093 4382 3354 4462 βασιλέων
3448 4382 3534 4438 καὶ
3615 4380 3835 4437 πάντων

455 4466 734 4532 munibus
747 4470 931 4550 quiin
945 4470 1274 4532 eminentia
1286 4475 1425 4531 sunt
1450 4472 1783 4532 constituti:
1812 4475 1883 4532 ut
1898 4469 2089 4549 placi-

2185 4485 2290 4536 τῶν
2343 4477 2397 4534 ἐν
2460 4466 2702 4557 ὑπεροχῇ
2752 4476 2939 4550 ὄντων,
3014 4474 3108 4530 ἵνα
3162 4473 3359 4550 ἤρεμον
3433 4470 3520 4527 καὶ
3600 4469 3833 4548 ἡσύχιον

454 4557 595 4621 dam
607 4574 678 4620 ae
694 4558 959 4639 quietam
978 4557 1167 4646 uitam
1195 4557 1487 4640 degamus
1518 4563 1584 4620 in
1614 4560 1781 4621 omni
1800 4561 2089 4639 pietatem

2185 4568 2297 4646 βίον
2367 4565 2634 4646 διάγωμεν
2718 4564 2772 4621 ἐν
2845 4564 2992 4640 πάσῃ
3065 4559 3297 4634 εὖσεϐείᾷ
3370 4561 3456 4618 καὶ
3514 4558 3828 4633 σεμνότητι.

454 4646 791 4737 Itonestate.
812 4647 969 4711 Nam
981 4644 1090 4737 hoc
1122 4647 1337 4710 bonum
1366 4655 1452 4710 est
1483 4656 1540 4710 et
1571 4654 1875 4728 acceptum
1899 4664 2089 4737 coram

2188 4644 2353 4717 Τοῦτο
2381 4644 2481 4737 γὰρ
2502 4655 2666 4713 καλὸν
2702 4656 2788 4711 καὶ
2819 4652 3130 4727 ἀπόδεκτον,
3163 4652 3388 4709 ἐνώπιον
3436 4671 3528 4706 του
3576 4652 3830 4725 Σωτῆρος

455 4735 783 4800 Saluatore
801 4742 1005 4798 nostra
1026 4735 1167 4811 Deo,
1186 4738 1290 4816 qui
1306 4745 1551 4800 cunclos
1572 4737 1841 4801 homines
1854 4736 1975 4799 ruit
1989 4738 2089 4798 sat

2186 4748 2340 4823 ἡμῶν
2397 4735 2554 4805 θεοῦ.
2599 4745 2657 4809 ὃς
2699 4744 2899 4806 πάντας
2942 4742 3241 4823 ἀνθρώπους
3288 4738 3425 4796 θέλει
3453 4739 3707 4809 σωθῆναι,
3741 4740 3833 4791 καὶ

457 4844 561 4889 vos
587 4825 728 4906 ﬁeri
754 4832 809 4890 et
829 4826 910 4889 ad
937 4831 1335 4907 cognitionem
1365 4829 1636 4890 veritatis
1654 4831 1884 4891 venire.

2188 4837 2260 4900 εἷς
2290 4834 2569 4913 ἐπίγνωσιν
2612 4832 2854 4900 ἀληθείας
2885 4831 3082 4891 ἐλθεῖν.
3131 4855 3187 4890 ι.

540 4913 683 4977 218
709 4916 774 4978 In
804 4914 1176 4997 quotidiana,
1218 4915 1430 4997 inquit,
1473 4916 1631 4978 cultu
1656 4917 1769 4979 hoc
1789 4927 1925 4981 ante
1954 4916 2089 4980 alio!

2273 4922 2363 4982 Ἐν
2389 4930 2458 5000 τῇ
2515 4925 2842 5001 καθημερινῇ
2899 4918 3132 5000 λατρεία,
3191 4925 3346 4976 τοῦτο
3415 4918 3517 4997 πρὸ
3571 4916 3666 4983 τῆς
3722 4916 3831 4971 τῶν

458 5024 592 5068 rum
638 5003 1002 5068 mentionem
1046 5003 1143 5065 sit.
1204 5026 1227 5061 ι
1264 5002 1338 5067 Ut
1382 5004 1524 5066 ﬁant
1566 5004 2035 5088 deprecationes.
2074 5033 2089 5065 ι

2190 5011 2366 5070 ἄλλων
2438 5013 2658 5089 μνήμης
2711 5010 2824 5089 εἴη,
2882 5012 3033 5090 φησί.
3116 5030 3140 5067 α
3177 5009 3447 5065 Ποιετσθκι
3517 5003 3745 5074 δεήσεις.
3799 5028 3827 5057 u

459 5093 813 5175 Deprecatio
859 5093 1101 5174 quidem
1148 5100 1238 5155 est
1266 5093 1615 5175 supplicatio
1647 5115 1750 5176 pro
1777 5101 2089 5160 remotione

2197 5102 2391 5170 Δέησις
2423 5102 2519 5179 μὲν
2578 5100 2718 5158 ἔστιν
2778 5100 2946 5156 ἱκεσία
3012 5098 3140 5177 ὑπὲρ
3182 5094 3498 5174 ἀπαλλαγῆς
3581 5093 3835 5179 λυπηρῶν

464 5185 718 5273 tristium
751 5184 946 5247 oblata
972 5204 986 5249 :
1016 5185 1350 5250 obsecratio
1379 5206 1518 5251 vero
1552 5188 1753 5269 petitio
1787 5188 2077 5253 bonorum

2190 5176 2617 5273 προσφερομένη.
2677 5189 2960 5269 Προσευχὴ
3007 5185 3084 5262 δὲ,
3116 5176 3359 5254 αἴτησις
3413 5185 3643 5262 ἀγαθῶν,
3697 5176 3836 5240 ’Ἑν-

460 5272 1067 5355 Interpellatioaulem
1084 5284 1173 5340 est
1197 5276 1267 5338 ad
1287 5278 1720 5339 accusationem
1740 5280 2089 5342 nocentium.

2192 5272 2358 5347 τευξις
2430 5279 2509 5353 δὲ,
2571 5278 2862 5357 κατηγορία
2930 5282 3033 5333 τῶν
3116 5274 3452 5335 ἀδικούντων.
3517 5292 3546 5331 (
3591 5276 3833 5354 Εὖχαρι-

468 5361 834 5426 ιϐτειίειιυω
859 5363 1147 5428 actiones.
1180 5384 1210 5424 ι
1239 5362 1487 5445 Oportet
1519 5366 1673 5429 enim
1692 5366 1911 5448 gratias
1930 5387 2089 5450 agere

2188 5374 2359 5447 στίας,
2395 5395 2424 5428 ι
2463 5380 2560 5428 Δεῖ
2600 5371 2699 5449 γὰρ
2755 5370 3088 5450 εὖχοριστεεϊν
3130 5368 3258 5446 ὑπὲρ
3313 5372 3418 5422 τῶν
3460 5366 3532 5430 εἷς
3563 5363 3833 5436 ἀλλήλους

463 5470 568 5535 pro
594 5449 774 5541 bonis
802 5469 933 5541 quae
957 5461 1161 5541 mutuo
1193 5451 1349 5516 inter
1370 5473 1479 5515 nos
1509 5455 1677 5517 ﬁunt.
1712 5481 1739 5512 α
1772 5460 1883 5519 Pro
1915 5448 2089 5521 omni

2187 5460 2476 5541 γινομένων
2559 5448 2790 5537 ἀγαθῶν,
2872 5478 2895 5511 α
2956 5448 3114 5535 ’Υπὲρ
3156 5456 3368 5514 πάντων
3436 5453 3746 5534 ἀνθρώπων,
3795 5474 3828 5514 ι

463 5541 575 5605 bus
593 5538 961 5603 hominibus.
988 5566 1016 5598 ι
1055 5538 1200 5604 Cum
1231 5543 1391 5606 enim
1425 5543 1741 5624 episcopus
1771 5548 2089 5611 communit

2188 5538 2291 5609 T6v
2317 5551 2417 5630 γὰρ
2471 5549 2782 5625 ἐπίσκοπον,
2841 5546 3019 5604 κοινὸν
3075 5545 3272 5625 πατέρα
3342 5543 3493 5619 ὅντα,
3563 5544 3675 5623 χρὴ
3702 5542 3839 5623 ὑπὲρ

544 5709 604 5761 η
629 5710 801 5772 Rom.
836 5726 923 5793 v1,
962 5711 1052 5775 t3.
1142 5710 1203 5765 15
1230 5711 1359 5777 Act.
1391 5727 1520 5789 nu,
1551 5712 1610 5789 9,
1646 5729 1817 5795 seqq.
