4140 6212
452 398 554 462 151
1561 395 1973 462 (ῈΟΗΜΕΝΙΙ
2017 396 2087 458 Τ]

2190 393 2313 456 ιϐιΕ
2354 389 2692 460 EPIBCOPI
3712 389 3825 453 l52

441 533 602 596 niam
627 551 768 610 ergo
801 530 1110 612 oportebat
1141 549 1276 591 eum
1329 529 1432 609 qui
1482 526 1833 590 conciliator
1870 527 2076 588 futura:

2189 525 2458 605 μετέχειν,
2516 526 2608 582 ’ίνα
2665 530 2750 584 καὶ
2818 535 3117 602 μεσιτεῦσαι
3199 525 3411 602 δυνηθῇ,
3473 529 3502 582 6
3560 527 3676 588 Υἱὸς
3735 530 3824 580 106

446 630 627 694 esset,
662 619 974 682 amborum
1008 637 1140 682 esse
1173 619 1545 698 participem,
1575 625 1637 678 ut
1667 617 1842 680 etiam
1894 617 2081 679 conci-

2189 621 2313 670 Θεοῦ
2356 617 2384 670 6
2453 615 2767 694 προαιώνιος
2839 617 3031 694 Λόγος,
3102 617 3384 694 σαρκωθεὶς
3446 613 3824 693 παραγέγονεν,

445 711 571 773 iare
599 715 821 791 posset,
882 707 1068 768 Filius
1125 707 1234 768 Dei
1293 713 1430 766 ante
1490 705 1707 767 saacula
1761 705 2080 767 incarnatu:

2194 703 2244 759 ἐκ
2293 701 2382 760 δύο
2427 705 2655 784 φύσεων,
2716 709 2833 762 οἷον
2876 705 2936 762 ἐκ
2992 705 3242 771 θεότητος
3297 705 3384 760 καὶ
3431 703 3829 782 ἀνθρωοότητος

441 799 678 862 advenit
706 799 767 858 in
797 795 1031 857 duabus
1063 793 1318 874 naturis,
1351 812 1566 874 nempe
1614 793 1677 854 in
1705 792 2010 855 divinitate
2041 812 2072 854 θ

2199 792 2460 872 ιπάρχων,
2524 795 2611 850 καὶ
2654 793 2708 850 ἐν
2764 801 2861 869 μιᾷ
2927 795 3210 850 ὑποστάσει
3268 794 3404 868 μετὰ
3497 793 3592 860 τὴν
3647 793 3834 848 ἓνωσιν

444 887 809 951 humanitate
842 884 1135 947 exsistens
1171 904 1185 946 :
1221 891 1279 945 et
1308 883 1369 944 in
1395 882 1572 946 unica
1618 883 1915 964 hypostasi
1969 901 2073 962 pos

2200 882 2465 956 ροούμενος
2537 885 2625 938 καὶ
2691 885 3163 960 προσκυνούμενος.
3243 883 3300 939 Ei
3393 883 3493 960 γὰρ
3534 885 3710 958 γυμνῇ
3765 884 3835 954 τῇ

443 977 749 1049 unionem,
786 973 1124 1035 intellectus
1155 981 1212 1034 et
1239 971 1539 1036 adoratus.
1573 972 1720 1034 Nam
1753 972 1804 1033 si
1849 973 1907 1032 in
1940 972 2078 1033 nud:

2194 969 2386 1036 δεότητι
2440 969 2677 1050 ἐπεφάνη
2719 973 2854 1046 ἡμῖν
2915 974 2942 1027 6
3002 971 3328 1049 Μονογενὴς,
3374 972 3474 1027 ούιι
3513 971 3574 1026 ἃν
3605 967 3829 1045 ἤνεγκεν

444 1065 746 1128 divinitate
788 1062 1158 1144 apparuisset
1208 1062 1383 1124 nobis
1425 1061 1798 1142 Unigenitus,
1833 1080 1950 1124 non
1983 1081 2079 1142 po-

2190 1059 2211 1126 ἣ
2241 1059 2407 1122 κτίσις
2439 1061 2616 1139 αὐτὸν,
2647 1058 2780 1116 ὅπου
2821 1081 2882 1139 γε
2912 1061 2972 1116 16
3003 1061 3280 1139 πρόσωπον
3313 1059 3544 1122 Μωσέως
3573 1056 3705 1114 ἰδεῖν
3729 1058 3825 1113 οὒκ

437 1154 644 1216 tuisset
675 1171 809 1214 eum
861 1151 1018 1214 ferre
1070 1158 1379 1227 creatura;
1433 1150 1666 1232 quando
1725 1169 1920 1231 neque
1953 1149 2070 1212 Mos

2187 1145 2368 1228 ἴσχυον
2396 1150 2442 1203 οἱ
2465 1151 2565 1206 υἱοὶ
2595 1148 2830 1229 Ἰσραήλ.
2865 1151 2936 1208 Τὸ
2978 1148 3054 1224 δὲ,
3120 1171 3144 1206 ι
3195 1153 3291 1212 Εἷς
3319 1150 3472 1223 Θεὸς,
3513 1171 3535 1203 ι
3604 1149 3664 1204 06
3690 1148 3822 1226 πρὸς

436 1243 649 1306 faciem
680 1241 886 1304 videre
933 1247 1205 1320 poterant
1233 1240 1342 1302 ﬁlii
1369 1239 1552 1302 Israel
1584 1241 1663 1301 18.
1697 1240 1864 1314 Quod
1894 1247 2071 1301 auten

2185 1233 2575 1304 ἆντιδιαστολὴν
2644 1238 2824 1294 κεῖται
2890 1248 2982 1297 τοῦ
3047 1241 3168 1294 Υἱοῦ
3233 1237 3270 1304 ἢ
3340 1243 3432 1294 106
3489 1239 3820 1311 Πνεύματος,

435 1331 517 1394 ait
549 1350 563 1395 :
597 1330 764 1394 Unus
796 1333 980 1402 Deus,
1017 1347 1140 1390 non
1172 1329 1244 1390 ad
1281 1328 1722 1391 distinctionem
1755 1329 1888 1391 Filii
1918 1327 2070 1407 poni-

2183 1323 2347 1402 ἔπαγε
2377 1324 2391 1383 1
2425 1324 2560 1381 ἀλλὰ
2589 1328 2717 1405 πρὸς
2746 1327 2867 1389 τοὺς
2899 1327 2994 1383 οὒκ
3021 1326 3198 1401 ὄντας,
3225 1325 3538 1404 λεγομένους
3569 1323 3622 1380 δὲ
3651 1325 3818 1388 θεούς.

435 1428 536 1482 tur
561 1427 660 1481 aut
689 1419 975 1499 Spiritus.
1009 1416 1222 1480 Absit!
1260 1417 1374 1479 Sed
1409 1427 1652 1498 propter
1678 1418 1809 1478 illos
1842 1417 1943 1498 qui
1975 1434 2070 1477 nor

2184 1414 2430 1480 Ζητεῖται
2482 1413 2537 1470 δὲ
2607 1413 2691 1471 διὰ
2746 1416 2795 1471 τί
2849 1422 2941 1472 τοῦ
3003 1416 3306 1490 Πνεύματος
3375 1415 3472 1471 οὒκ
3553 1413 3819 1488 ἐμνήσθη.

430 1517 593 1582 sunt,
628 1515 688 1570 et
716 1495 915 1569 tamen
947 1506 1230 1568 dicuntur
1251 1506 1358 1568 dii.
1379 1495 1675 1579 Quaeritur
1695 1495 1889 1569 autem
1914 1524 2065 1587 quan

2190 1501 2394 1570 Επειδὴ
2430 1505 2547 1584 περὶ
2614 1495 2886 1574 ιΕλλήνων
2943 1506 2970 1561 ό
3018 1504 3176 1583 λόγος
3219 1504 3308 1572 ἧν.
3363 1505 3494 1583 Περί
3525 1507 3693 1562 αὐτῶν
3723 1503 3825 1580 γὰρ

432 1598 507 1659 ob
540 1615 778 1659 causam
813 1596 1068 1676 Spiritus
1119 1614 1237 1656 non
1299 1596 1665 1658 meminerit.
1696 1595 1986 1669 Quoniam
2018 1593 2067 1655 dt

2186 1592 2258 1666 τὸ,
2299 1616 2327 1647 ιι
2376 1595 2474 1650 Καὶ
2505 1594 2577 1658 εἰς
2606 1591 2890 1672 ἐπίγνωσιν
2921 1592 3165 1660 ἀληθείας
3195 1591 3392 1656 ἐλθεῖν,
3433 1615 3458 1650 ο
3496 1590 3625 1669 Παρ’
3649 1593 3821 1647 αὐτῶν

432 1686 652 1751 Graecis
679 1704 877 1786 sermo
894 1692 1041 1760 erat,
1057 1684 1130 1786 de
1153 1684 1302 1766 ipsis
1319 1703 1576 1787 namque
1595 1685 1936 1787 dicebatur:
1970 1707 1992 1741 ι
2019 1685 2066 1746 Ε

2189 1677 2230 1735 SE
2301 1679 2556 1738 πολυθεία
2623 1681 2710 1752 ἧν,
2784 1684 2871 1738 καὶ
2957 1680 3244 1762 ἐφυλάξατο
3327 1683 3672 1757 οἰκονομικῶς
3727 1685 3824 1734 106

2189 1775 2222 1787 η
2296 1770 2307 1787 ι
2673 1774 2731 1787 λ-
2965 1773 2977 1787 .
3215 1770 3292 1787 τη,
3465 1769 3484 1787 ς
3529 1773 3552 1787 λ
3595 1773 3604 1787 ,
3729 1769 3742 1787 ς

431 1777 505 1839 ad
529 1775 940 1854 cognitionem
961 1773 1224 1836 veritatis
1240 1773 1505 1839 venire.»
1521 1776 1693 1857 Apud
1710 1776 1872 1858 ipsos
1892 1784 2066 1837 auten

2184 1770 2477 1845 Πνεύματος
2528 1774 2848 1846 μνησθῆναι,
2905 1773 2980 1847 μή
3041 1795 3154 1836 πως
3210 1770 3332 1847 δόξῃ
3391 1769 3675 1827 πολυθείαν
3703 1769 3819 1825 εἷσ-

437 1873 562 1928 erat
589 1865 839 1926 deorum
872 1863 1188 1925 multitudo
1225 1882 1238 1926 :
1284 1871 1342 1925 et
1370 1865 1450 1925 ita
1477 1856 1910 1946 dispensatorie
1943 1862 2065 1926 cavi

2184 1858 2342 1936 άγειν.
2381 1856 2526 1916 Ἐπεὶ
2583 1859 2703 1917 ἔνθα
2746 1875 2958 1924 πιστοῖς
3019 1859 3336 1939 διαλέγεται,
3383 1865 3621 1939 συνεχῶς
3661 1860 3819 1914 αὐτοῦ

435 1954 692 2036 Spiritus
718 1953 912 2014 facere
945 1952 1333 2030 mentionem,
1357 1973 1433 2015 ne
1455 1973 1569 2034 quo
1593 1954 1770 2016 modo
1791 1953 2070 2016 videretul

2182 1947 2464 2023 μέμνηται,
2524 1947 2779 2014 πολλάκις
2847 1951 2934 2036 καὶ
2993 1949 3172 2025 μόνου,
3236 1951 3314 2026 μὴ
3357 1949 3525 2029 φέρων
3597 1949 3817 2024 μνήμην

429 2028 680 2107 deorum
734 2042 1024 2131 inducere
1084 2028 1547 2104 multitudinem.
1608 2042 1756 2116 Quia
1814 2043 1914 2105 ubi
1955 2063 2064 2104 cun

2177 2037 2378 2131 ματρὸς
2423 2038 2508 2094 καὶ
2559 2040 2698 2096 Υἱου.
2781 2060 2802 2092 ι
2858 2028 3153 2117 Ἀνθρωπος
3225 2028 3445 2115 Χριστὸς
3515 2043 3741 2103 Ἰησοῦς.
3785 2058 3809 2090 ι

430 2131 708 2195 ﬁdelibus
735 2130 999 2207 disserit,
1021 2132 1302 2193 continue
1327 2133 1461 2210 ejus
1492 2114 1786 2207 meminit,
1815 2133 2063 2214 frequen

2182 2114 2213 2134 ιο
2448 2124 2474 2145 γ
2562 2123 2586 2143 ,ι
2943 2114 2989 2141 ρι’
3117 2130 3142 2148 τ
3277 2114 3309 2145 ⁷,
3446 2128 3460 2144 κ
3590 2125 3645 2143 ,η
3766 2125 3774 2141 ν

2215 2133 2394 2202 Ωσπερ
2444 2149 2510 2191 ην
2555 2129 2852 2202 ανθρωπος,
2911 2149 3077 2190 ουτως
3113 2149 3179 2194 ην
3227 2149 3313 2182 και
3373 2133 3526 2197 Θεος,
3584 2141 3817 2204 αοιαιρε-

433 2230 525 2284 ter
555 2223 733 2283 etiam
768 2206 989 2296 solius,
1009 2220 1230 2281 nullam
1264 2206 1487 2282 faciens
1512 2206 1876 2284 mentionem
1903 2206 2068 2284 ﬁatri:

2179 2234 2300 2286 τως,
2363 2213 2697 2294 ἂσυγχύτως.
2753 2238 2779 2269 α
2835 2206 2892 2272 ιΟ
2947 2213 3067 2278 δοὺς
3125 2215 3311 2272 ἐαυτὸν
3359 2214 3655 2294 ἀντίλυτρον
3685 2215 3814 2294 ὑπὲρ

428 2319 488 2374 et
517 2311 674 2374 Filii.
714 2335 740 2366 ε
778 2295 971 2372 Homo
997 2308 1270 2370 Christus
1297 2308 1491 2373 Jesus.
1521 2336 1547 2366 n
1575 2310 2063 2384 Quemadmodun

2185 2301 2404 2376 πάντων,
2442 2325 2469 2357 ι
2527 2305 2614 2359 καὶ
2661 2295 2953 2374 Ἑλλήνων.
3004 2304 3242 2368 Ἐκεῖνος
3294 2305 3393 2380 μὲν
3449 2305 3536 2361 οὖν
3567 2304 3820 2360 ἂπέθανεν

430 2406 557 2462 erat
584 2400 786 2473 homo,
820 2399 900 2460 ita
923 2405 1050 2459 erat
1069 2406 1124 2458 et
1146 2397 1324 2473 Deus,
1350 2399 1850 2479 inseparabiliter,
1875 2401 2065 2462 incon!

2180 2391 2304 2468 ὺπέρ
2357 2392 2590 2466 πάντων,
2638 2393 2698 2448 σὺ
2741 2390 2796 2448 δὲ
2849 2393 3084 2459 εὔξασθαι
3129 2395 3222 2450 οὐκ
3268 2393 3490 2473 ἀνέχῃς
3544 2383 3687 2472 υΟρα
3757 2391 3815 2448 δὲ

431 2488 589 2551 fuse.
628 2489 773 2548 220
837 2510 858 2544 ιι
897 2485 1014 2558 Qui
1070 2487 1234 2549 dedit
1284 2488 1671 2568 semetipsum
1705 2489 1956 2567 pretium
1988 2507 2066 2550 re

2180 2480 2258 2552 τὸ,
2300 2498 2322 2534 α
2363 2481 2493 2545 Δοὺς
2539 2482 2748 2544 ἑαυτὸν,
2798 2502 2823 2539 ι
2875 2484 3020 2542 Κατὰ
3051 2483 3332 2562 Ἀρειανῶν
3360 2485 3459 2561 γὰρ
3487 2489 3662 2546 τοῦτο,
3706 2488 3815 2538 τῶν

431 2576 796 2655 demptionis
834 2593 938 2655 pro
996 2575 1296 2636 omnibus.
1341 2600 1364 2632 ι)
1428 2566 1618 2638 Etiam
1667 2566 1910 2640 Graecis.
1957 2577 2066 2657 Ipse

2177 2566 2462 2657 λεγόντων,
2521 2569 2602 2626 ὅτι
2657 2569 2799 2629 ἄκων
2859 2570 3143 2648 παρεδόθη,
3195 2572 3254 2630 Τί
3294 2569 3347 2627 δέ
3410 2573 3549 2628 ἐστιν
3601 2570 3812 2628 ἀντίλυ-

431 2647 729 2744 siquidem
762 2647 867 2744 pro
895 2663 1174 2726 omnibus
1200 2674 1463 2726 mortuus
1495 2673 1623 2726 est:
1657 2674 1716 2727 tu
1741 2675 1936 2728 autem
1971 2647 2066 2726 non

2173 2676 2332 2737 τρον;
2399 2647 2641 2740 ’Ἔνοχος
2698 2661 2762 2728 ἦν
2817 2663 2852 2730 ἡ
2911 2647 3084 2741 φύσις,
3158 2661 3294 2717 ὥστε
3351 2659 3660 2741 ἂπόλέσθαι,
3691 2659 3807 2716 ἀλλ’

430 2751 924 2815 adducerisutvel
941 2753 1203 2832 preceris
1222 2771 1325 2833 pro
1349 2752 1646 2816 omnibus.
1673 2753 2065 2815 Animadverh

2176 2744 2285 2802 ἄντ’
2316 2746 2519 2816 ἐκείνης
2571 2750 2765 2806 ἀαυτὸν
2811 2749 2994 2811 ἔδωκε.
3057 2773 3080 2806 ι
3117 2752 3188 2808 Τὸ
3242 2751 3541 2829 μαρτύριον.
3583 2774 3606 2809 ο
3643 2759 3811 2808 Τουτ-

432 2849 628 2904 autem
662 2843 818 2921 quod
852 2843 973 2904 ait:
1015 2866 1035 2898 ι
1076 2841 1188 2914 Qui
1221 2842 1385 2904 dedit
1433 2843 1842 2923 semetipsum.
1879 2868 1902 2902 ιο
1938 2843 2067 2905 Nan

2170 2833 2304 2923 ἐστι,
2353 2834 2435 2892 διὰ
2502 2847 2592 2896 τοῦ
2635 2839 2912 2918 μαρτυρίου
2966 2839 3176 2917 ἐγένετο
3228 2841 3256 2894 6
3316 2841 3434 2902 Υἱὸς
3481 2837 3805 2918 ἀντίλυτρον,

430 2933 546 2994 hoc
579 2915 782 2993 contra
808 2931 1064 2992 Arianos
1087 2939 1176 2993 est
1201 2931 1302 3014 qui
1324 2931 1530 2993 dicunt
1559 2915 1712 3012 quod
1739 2933 1948 2993 nolens
1973 2940 2065 2993 tra

2176 2915 2250 2982 U0
2293 2915 2895 3007 quppnveﬁva1o61d
2943 2915 3072 3009 φησι
3119 2935 3228 3003 νῦν,
3295 2926 3375 2983 ὅτι
3423 2915 3811 3014 6v1001pov16

433 3020 590 3111 ditus
621 3023 719 3111 sit.
756 3019 868 3092 Qui
899 3029 990 3082 est
1041 3007 1237 3082 autem
1292 3021 1549 3111 pretium
1577 3007 2068 3103 redemptionis?

2180 3016 2448 3094 aap16ptov
2507 3014 2671 3094 λέγει,
2757 3007 2992 3074 τουτέστι
3047 3019 3112 3111 16
3193 3018 3378 3080 πάθος.
3477 3007 3633 3075 Ἠλθε
3712 3019 3815 3097 γὰρ

433 3107 703 3173 Obnoxia
733 3118 860 3173 erat
889 3117 1102 3172 natura
1131 3117 1198 3172 ut
1224 3110 1468 3190 periret,
1492 3117 1552 3172 at
1581 3110 1678 3172 ille
1697 3111 2068 3191 semetipsun

2179 3105 2518 3182 μαρτυρήσων
2585 3111 2654 3182 τῇ
2735 3104 2975 3179 ἀληθείᾳ,
3047 3103 3404 3184 Ἐμαρτύρησε
3459 3108 3557 3186 γὰρ
3615 3105 3680 3164 δι’
3738 3111 3814 3162 ὡν

429 3216 534 3279 pro
568 3198 695 3278 ipsa
724 3197 908 3260 dedit.
953 3223 981 3254 α
1015 3198 1472 3262 Testimonium.
1503 3223 1522 3254 ι
1558 3201 1685 3262 Hoe
1717 3207 1826 3274 est,
1850 3218 1953 3279 per
1972 3208 2060 3261 tes

2175 3192 2446 3273 ἔπραττεν,
2492 3193 2572 3250 ὅτι
2604 3195 2753 3261 αὐτός
2783 3199 2925 3253 ἐστιν
2959 3199 2988 3253 6
3037 3197 3260 3275 Χριστὸς
3315 3197 3344 3251 6
3378 3199 3494 3260 Υἱὸς
3524 3207 3614 3255 106
3657 3206 3810 3272 Θεοῦ,

429 3287 741 3348 timonium
773 3286 895 3348 sive
928 3288 1273 3368 martyrium
1302 3288 1490 3351 factus
1523 3296 1611 3348 est
1640 3287 1826 3350 Filius
1847 3289 2064 3350 redem‘

2178 3282 2333 3363 μέχρι
2389 3284 2634 3346 θανάτου.
2695 3286 2792 3342 Καὶ
2835 3286 2934 3365 γὰρ
2990 3287 3146 3349 αὐτὸς
3202 3287 3292 3341 τὸν
3359 3286 3564 3366 Πατέρα
3619 3288 3813 3367 ἐφανέ-

431 3376 649 3458 ptionis
679 3376 937 3457 pretium
975 3398 988 3440 :
1034 3377 1191 3458 quod
1249 3377 1652 3458 interpretans
1700 3377 1845 3439 dicit
1897 3397 2066 3454 nunc1

2178 3393 2326 3448 auiae,
2373 3373 2459 3429 καὶ
2502 3375 2562 3429 τὸ
2591 3372 2783 3440 ἀληθὲς
2816 3372 2987 3453 δόγμα
3015 3378 3103 3431 καὶ
3149 3376 3237 3431 τὸν
3268 3372 3439 3443 ἀληθῆ
3471 3378 3556 3435 καὶ
3588 3374 3813 3454 ἀγγελι-

429 3465 585 3547 quod
620 3466 875 3545 pretium
896 3466 1328 3547 redemptionis
1348 3477 1519 3530 vocet
1543 3486 1700 3529 nunc
1717 3468 2057 3548 martyrium

2171 3461 2260 3516 κὸν
2290 3461 2400 3536 βίον
2455 3461 2608 3525 αὐτὸς
2657 3463 3002 3541 εἰσηγήσατο,
3054 3486 3082 3517 α
3116 3472 3334 3542 Καιροϊς
3382 3462 3552 3538 ἰδίοις,
3591 3488 3618 3520 n
3655 3465 3806 3544 φησί.

425 3555 540 3618 hoc
573 3563 662 3617 est
683 3555 1043 3636 passionem.
1073 3556 1249 3619 Venit
1275 3556 1434 3618 enim
1458 3556 1863 3618 testimonium
1885 3557 2060 3619 feren:

2177 3549 2464 3626 Γουτέστιν,
2524 3549 2612 3608 ὅτε
2665 3551 2972 3619 ἐπιτηδείως
3015 3554 3173 3632 εἶχον
3235 3554 3362 3632 πρὸς
3419 3555 3517 3620 τὴν
3563 3554 3734 3610 πίστιν
3764 3557 3812 3610 οἱ

424 3643 654 3706 veritati
683 3632 702 3705 Ξ
737 3664 871 3706 nam
906 3664 1016 3725 per
1057 3663 1127 3707 ea
1185 3663 1317 3726 qua;
1344 3645 1483 3707 fecit
1533 3652 1776 3708 testatus
1805 3655 1894 3706 est
1925 3665 2059 3726 quot

2167 3635 2447 3718 ἅνθρωποι.
2483 3639 2658 3704 Οὕτως
2689 3643 2717 3698 6
2767 3640 2992 3716 Κλήμης
3041 3641 3095 3697 ἐν
3122 3632 3171 3712 ζ’
3219 3663 3243 3698 ι
3279 3633 3692 3699 ἰ’ποτυπώσεων
3722 3657 3734 3670 '
3779 3663 3802 3696 ι

429 3741 588 3795 esset
617 3733 884 3796 Christus
912 3733 1096 3795 Filius
1126 3732 1232 3796 Dei
1266 3753 1452 3815 usque
1482 3734 1555 3796 ad
1580 3741 1856 3798 mortem.
1883 3733 2064 3816 Siqui-

2173 3751 2195 3782 ι
2238 3737 2454 3808 Καιροτς
2503 3729 2668 3796 ἰδίοις.
2707 3753 2734 3784 ιν
2802 3732 2899 3786 Διά
2955 3733 3047 3787 106
3096 3732 3376 3811 μαρτυρίου
3434 3729 3623 3788 ἔδωκεν
3679 3731 3806 3787 ἑαυ-

431 3822 567 3884 dem
603 3823 730 3902 ipse
759 3826 995 3884 Patrem
1046 3824 1459 3900 manifestavit,
1523 3830 1585 3888 et
1639 3843 1838 3885 verum
1874 3825 2066 3904 dogm:

2172 3819 2281 3895 τὸν,
2338 3819 2518 3899 φησὶν,
2551 3818 2870 3898 ἀντίλυτρον,
2937 3821 3034 3876 Διὰ
3063 3827 3152 3876 τοῦ
3197 3822 3498 3900 μαρτυρίου,
3546 3821 3807 3888 τουτέστι,

421 3927 744 3991 veramque
801 3911 978 3971 vitam
1041 3913 1439 3990 evangelicam
1526 3913 1655 3993 ipse
1738 3915 2056 3976 introduxit

2172 3916 2260 3964 106
2289 3907 2482 3971 πάθους
2545 3907 2621 3987 (ἐν
2678 3912 2820 3983 αὐτῷ
2874 3910 2972 3988 γὰρ
3016 3909 3286 3988 ἐμαρτύρει
3345 3916 3412 3986 τῇ
3455 3917 3548 3966 τοῦ
3605 3912 3807 3989 Πατρὸς

430 4022 458 4053 α
493 3997 895 4078 Temporibus
925 3999 1069 4062 suis.
1113 4024 1136 4058 υ
1189 4000 1312 4062 Hoc
1365 4008 1477 4076 est,
1514 4002 1750 4081 quando
1802 4012 1966 4064 recte
2021 4024 2065 4065 sc

2180 3994 2456 4073 Ξιγαθότητι
2516 3995 2595 4053 ὅτι
2656 3999 2813 4061 αὐτὸς
2896 4000 2985 4055 καὶ
3052 4001 3140 4054 τὸν
3211 4000 3327 4054 Υἱὸν
3384 3997 3596 4062 ἔδωκεν,
3657 4003 3815 4058 Αὐτοὶ

426 4084 731 4174 habebant
753 4087 1024 4149 homines
1056 4088 1129 4150 ad
1163 4089 1362 4152 fidem.
1382 4088 1467 4150 lta
1489 4090 1636 4152 dicit
1656 4089 1932 4152 Clemens
1953 4111 2056 4174 sep

2178 4082 2220 4138 δὲ
2279 4089 2375 4151 τῆς
2429 4088 2558 4164 πρὸς
2615 4089 2771 4144 αὐτὸν
2827 4086 3018 4169 ἔχθρας
3109 4092 3202 4147 οὐκ
3281 4087 3594 4161 ἐπαύσαντο,
3676 4087 3813 4144 ἀλλὰ

421 4173 568 4236 timo
600 4176 1109 4253 Informationum
1144 4176 1296 4239 libro
1335 4195 1348 4240 :
1390 4199 1418 4237 (
1453 4177 1849 4259 Temporibus
1878 4173 2056 4244 suis.’:

2173 4173 2251 4227 καὶ
2319 4179 2410 4229 τὸν
2451 4177 2570 4230 Υἱὸν
2626 4175 2977 4255 ἐσταύρωσαν.
3027 4179 3124 4235 Καὶ
3175 4175 3254 4231 ὅτι
3314 4175 3464 4242 αύτὸς
3523 4178 3617 4242 τὰς
3648 4177 3808 4255 ἐπαγ·

423 4261 538 4325 Per
593 4263 1023 4346 testimonium,
1083 4267 1296 4347 inquit,
1363 4267 1488 4328 sive
1542 4267 1890 4347 martyrium
1921 4268 2058 4330 dedi

2178 4259 2341 4338 γελίας
2397 4264 2578 4328 αὐτοῖς
2643 4262 2922 4342 πληρῶσαι
2968 4264 3130 4339 θέλει,
3191 4264 3335 4321 αὐτοὶ
3387 4262 3440 4320 δὲ
3496 4269 3555 4324 06
3596 4265 3813 4340 βούλον-

425 4352 816 4433 semetipsum
877 4354 1131 4434 pretium
1169 4355 1602 4436 redemptionis
1637 4376 1650 4417 :
1685 4357 1798 4416 hoc
1831 4365 1940 4428 est,
1979 4377 2060 4437 pe]

2168 4349 2300 4428 ται),
2361 4358 2452 4408 τοῦ
2508 4354 2718 4432 καιροῖς
2774 4352 2943 4427 ίδίοις,
3006 4358 3156 4435 φησὶ,
3197 4355 3502 4435 γενομένου,
3546 4355 3803 4434 τουτέστι,

423 4425 786 4520 passionem.
821 4425 966 4505 Nam
1001 4443 1061 4505 in
1093 4462 1163 4505 ea
1195 4425 1539 4507 testiﬁcatus
1597 4453 1684 4506 est
1717 4445 1790 4506 de
1823 4425 2058 4507 bonit'att

2170 4442 2654 4517 προτετυπωμένοις
2714 4446 2800 4499 καὶ
2895 4447 3280 4523 προορισθεϊσιν
3349 4445 3448 4500 ὑπὸ
3503 4446 3599 4510 της
3653 4444 3805 4520 ἅγίας

423 4530 635 4605 Patris,
671 4531 828 4615 quod
859 4531 988 4612 ipse
1020 4533 1327 4615 proprium
1340 4533 1564 4615 deserit
1587 4534 1801 4596 Filium
1822 4555 1835 4595 :
1857 4535 2054 4615 ipsiau

2170 4529 2250 4583 καὶ
2281 4531 2539 4609 μακαρίας
2605 4530 2844 4611 Τριάδος,
2915 4556 2938 4588 α
2977 4535 3062 4596 Εἰς
3113 4533 3140 4588 ὃ
3184 4531 3364 4598 ἐτέθην
3414 4530 3544 4609 ἐγώ.
3581 4553 3605 4588 ι
3660 4533 3746 4593 Εἰς
3777 4534 3805 4586 ὃ

422 4619 542 4674 tem
577 4630 696 4672 non
725 4612 1082 4693 quieverunt
1129 4612 1203 4675 ab
1250 4613 1561 4676 inimicitia
1593 4633 1767 4696 quam
1799 4612 2051 4678 adversu

2167 4617 2444 4696 μαρτύριον
2511 4622 2600 4677 καὶ
2657 4622 2844 4692 πάθος,
2933 4622 3042 4699 ἐγὼ
3117 4620 3299 4686 ἐτέθην
3355 4622 3444 4676 καὶ
3504 4620 3802 4699 ἂφωρίσθην

423 4719 560 4791 eum
582 4700 890 4780 gerebant,
923 4702 1026 4764 sed
1059 4710 1115 4764 et
1137 4702 1354 4765 Filium
1378 4704 1823 4768 cruciﬁxerunt.
1850 4704 1922 4765 Et
1943 4705 2058 4786 qui:

2164 4704 2345 4791 κῆρυξ,
2389 4707 2481 4764 ’ίνα
2531 4719 2810 4791 πανταχοῦ
2847 4710 3124 4791 καταφανῆ
3165 4709 3377 4778 ποιήσω
3419 4711 3508 4766 τὸν
3559 4709 3799 4788 σταυρόν.

421 4788 554 4879 ipse
587 4790 1014 4870 promissiones
1036 4791 1123 4853 eis
1152 4793 1458 4864 complere
1473 4793 1657 4874 cupit,
1689 4784 2056 4874 ipsiverono

2175 4784 2222 4816 ’π
2329 4794 2373 4818 Μ
2442 4795 2483 4816 κκ
2521 4798 2543 4819 .v
2709 4784 2785 4816 "r
3000 4784 3103 4821 Kal
3335 4801 3347 4820 ι
3433 4805 3457 4814 ~
3593 4799 3616 4818 ν
3691 4784 3699 4788 ⁷

2186 4803 2388 4865 Επειοη
2437 4810 2491 4853 οε
2522 4799 2706 4876 εμελλε
2729 4801 2924 4879 λέγειν,
2963 4797 3305 4860 αοιοασκαλος
3338 4802 3554 4879 εθνων,ι
3586 4820 3807 4855 απιστον

419 4877 549 4940 lunt
571 4879 836 4968 ;7factum
867 4881 1012 4944 dicit
1043 4881 1414 4962 temporibus
1442 4883 1590 4959 suis,
1625 4883 1741 4944 hoc
1762 4891 1852 4945 est
1882 4884 2054 4963 praelii

2176 4881 2216 4938 Ξὲ
2259 4883 2425 4942 ἐδόκει
2495 4889 2538 4944 εξ
2581 4877 3019 4968 προσεκλήθησαν
3049 4892 3096 4944 οἱ
3145 4877 3534 4966 εἰδωὶολάτραι,
3585 4909 3811 4966 προανα-

419 4967 644 5047 guratis
677 4977 743 5060 et
763 4977 936 5060 antea
991 4970 1253 5032 deﬁnitis
1285 4990 1318 5032 a
1346 4979 1549 5034 sancta
1580 4991 1647 5034 ac
1680 4971 1849 5034 beata
1878 4971 2054 5033 Trini‘

2168 4989 2349 5052 φωνεῖ·
2375 4999 2402 5030 α
2431 4975 2711 5047 Ἀλήθείαν
2732 4979 2894 5060 λέγω,
2919 4984 2978 5038 0-3
2997 4978 3276 5054 ψεύδομαι.
3311 5002 3333 5036 ο
3349 5001 3459 5031 -α
3487 4975 3803 5034 Διδάσκαλε)-

419 5064 617 5148 tate._c
655 5057 747 5120 Ad
778 5057 934 5139 quod
966 5059 1195 5140 positus
1229 5079 1361 5122 sum
1391 5079 1520 5140 ego.
1565 5085 1586 5118 ι
1625 5063 1715 5124 Ad
1740 5061 1897 5144 quod
1923 5061 2054 5122 testi

2170 5061 2341 5126 ἐθνῶν,
2383 5087 2410 5120 ι
2469 5064 2684 5134 Ἐπειδὴ
2756 5057 2830 5124 ἔνι
2882 5057 2989 5125 ’καὶ
3066 5067 3506 5148 παρατρεχόντως
3565 5065 3805 5146 κηρῦξαι,

419 5145 687 5207 monium
714 5155 771 5207 et
805 5150 1157 5228 passionem,
1225 5169 1333 5229 ego
1395 5150 1621 5230 positus
1676 5171 1744 5214 ac
1794 5150 2054 5213 deﬁnitu:

2168 5151 2421 5233 ἐπήγαγε,
2490 5153 2835 5221 Διδάσκαλος.
2891 5159 2962 5214 Ού
3017 5158 3116 5236 γὰρ
3145 5145 3382 5235 Ἵέκῆρυξα
3427 5155 3609 5230 μόνον.
3669 5145 3803 5211 ἀλλα

415 5250 548 5294 sum
580 5253 799 5323 praeco,
835 5245 898 5297 ut
951 5237 1175 5320 ubique
1231 5239 1611 5301 manifestum
1643 5240 1846 5302 faciam
1881 5239 2050 5302 cruci:

2169 5242 2240 5296 ιαὶ
2272 5243 2590 5319 παραμένων
2647 5244 2936 5309 ἐδίδασκον,
2988 5254 3153 5304 Τοῦτο
3209 5243 3263 5301 δὲ
3322 5246 3422 5312 τὴν
3444 5246 3560 5323 περὶ
3589 5246 3653 5300 τὰ
3683 5244 3804 5311 ἕθνη

415 5322 787 5402 mysterium.
822 5323 1112 5396 Quoniam
1144 5336 1337 5388 autem
1389 5328 1659 5390 dicturus
1709 5336 1834 5390 erat
1859 5329 2050 5390 docto:

2165 5328 2384 5398 σπουδὴν
2413 5342 2504 5392 106
2537 5341 2668 5393 Θεοῦ
2718 5334 3056 5398 ἐνδείκνυται,
3115 5359 3141 5390 α
3192 5333 3280 5392 Ἐν
3321 5335 3490 5390 πίστει
3540 5336 3624 5390 καὶ
3660 5333 3800 5401 ἀλη-

411 5410 706 5500 gentium,
739 5411 1092 5477 incredibile
1120 5424 1318 5478 autem
1350 5415 1658 5479 videbatur
1687 5417 1841 5498 quod
1869 5417 2046 5478 idolo-

2167 5421 2282 5492 θείᾳ.
2324 5443 2352 5474 ι
2377 5418 2597 5490 Ἐπειδή
2629 5425 2805 5497 εἶπεν,
2844 5423 2932 5483 Ἐν
2962 5427 3158 5499 πίστει,
3212 5424 3305 5480 ’ίνα
3336 5426 3412 5500 μή
3470 5446 3549 5486 τις
3584 5445 3802 5500 νομισῃ,

413 5497 580 5562 latrat
609 5507 808 5562 essent
837 5500 1104 5563 advocati
1134 5504 1207 5564 ad
1257 5504 1533 5583 salutem,
1568 5497 2048 5584 idcopraemittit,

2171 5505 2230 5563 ἱτι
2261 5507 2442 5576 ἀπάτη
2502 5507 2662 5588 ἐστὶν,
2723 5513 2934 5595 ἐπάγει,
2993 5511 3084 5572 Ἐν
3131 5497 3371 5586 ἀληθεία.
3433 5511 3505 5570 Οὐ
3556 5497 3806 5590 κηρυσσω

490 5668 548 5718 ¹8
576 5666 760 5732 Exod.
800 5684 1001 5745 xxxrv,
1037 5669 1156 5750 35;
1192 5668 1243 5732 ΙΙ
1272 5669 1410 5734 Cor.
1444 5688 1530 5744 ιιι,
1574 5675 1666 5736 13.
