4140 6212
1593 314 2003 379 (ECUMENII
2049 313 2122 376 Τ]

2205 309 2344 376 361E
2387 313 2718 377 EPISCOPI
3738 309 3851 373 164

1098 452 1342 516 CAPUT
1377 451 1500 516 Vll.
2139 459 2178 506 Α

897 543 982 605 De
1009 545 1220 606 divina
1254 542 1696 604 incarnatione.

2629 554 2657 595 ι
2689 537 2812 615 Περὶ
2841 535 2980 600 θείας
3009 536 3345 614 σαρκώσεως.
3402 558 3428 588 »

559 631 659 706 IIl,
686 633 773 693 l6.
807 633 880 694 Et
903 635 1054 694 citra
1077 631 1546 694 controversiam
1566 647 1747 711 magn
1759 647 1867 690 um
1889 635 1975 689 est
1992 628 2094 706 pie

2293 647 2314 679 ιι
2381 626 2475 682 Καὶ
2532 624 2990 705 ὁμολογουμένως,
3063 624 3200 702 μέγα
3269 624 3378 680 ἐστὶ
3435 627 3495 680 τὸ
3538 623 3635 690 τῆς
3692 625 3843 680 εὗσε-

481 722 626 782 tatis
654 727 1026 800 mysterium.
1067 720 1222 782 Deus
1252 721 1676 797 manifestatus
1705 727 1795 780 est
1822 719 1884 778 in
1907 733 2114 790 rarne,

2205 711 2344 776 ϐείας
2418 715 2725 793 μυστήριον.
2811 716 2939 776 Θεὸς
2997 713 3298 793 ἐφανερώθη
3369 712 3421 769 ἐν
3479 715 3650 791 σαρκὶ,
3741 711 3843 768 ἐδι-

467 811 842 887 justi/icutus
889 819 973 871 est
1013 812 1075 871 in
1101 811 1354 889 spiritu,
1388 811 1648 870 visusest
1670 806 1925 887 angelis,
1953 823 2117 885 proe-

2205 802 2406 868 καιώθη
2481 801 2535 855 ἐν
2615 802 2898 877 πνεύματι,
2983 801 3131 880 ὤφθη
3228 801 3492 880 ἀγγέλοις,
3567 800 3840 880 ἐκηρύχθη

477 898 711 959 dicatus
740 906 824 960 est
844 887 1145 977 gentibus,
1168 897 1314 976 ﬁdes
1335 895 1431 957 illi
1450 897 1659 958 habita
1683 897 1852 957 estin
1876 893 2122 972 mundo,

2208 890 2260 944 ἐν
2344 889 2558 965 ἔθνεσιν⁷
2645 891 2919 955 ἐπιστεύθη
3003 889 3055 945 ἐν
3139 890 3347 969 κόσμῶ,
3436 887 3704 968 ἀνελήφθη
3787 889 3843 944 ἐν

475 993 817 1066 assumptus
848 976 1021 1049 estin
1047 988 1276 1068 gloria.

2205 976 2351 1053 δόξῃ,
2391 1001 2417 1033 ι

558 1060 698 1135 228
733 1101 755 1131 ιι
793 1080 948 1140 C-tra
982 1060 1464 1138 coiitroversiam.
1507 1099 1529 1132 »
1581 1072 1766 1134 Nemo
1829 1072 1987 1134 enim
2046 1072 2122 1133 (le

2292 1093 2317 1122 ιι
2381 1060 2874 1147 Ὀμολογουμένως.
2923 1089 2950 1126 ι
3013 1070 3086 1125 0'5
3127 1068 3224 1146 γάρ
3267 1090 3345 1130 τις
3377 1064 3693 1146 ἀμφιϐάλλει
3723 1067 3843 1144 περὶ

478 1164 589 1224 hoc
623 1163 888 1243 ambigit.
917 1163 986 1224 Et
1009 1182 1282 1242 magnum
1313 1172 1422 1238 est,
1462 1173 1516 1224 et
1556 1161 1895 1242 mysterium
1923 1171 2031 1235 est,
2071 1180 2122 1236 8|

2213 1163 2415 1220 τούτου.
2467 1165 2562 1220 Καὶ
2591 1161 2728 1239 μέγα
2759 1161 2890 1232 ἐστὶ,
2951 1162 3038 1216 καὶ
3087 1161 3371 1238 μυστήριόν
3428 1160 3558 1234 ἐστὶ,
3619 1160 3707 1214 καὶ
3761 1158 3845 1212 εὖ·

480 1255 712 1332 pietatis
743 1253 1085 1334 mysterium
1109 1261 1200 1314 est
1230 1252 1380 1313 ﬁdes
1409 1271 1537 1333 qua:
1569 1253 1627 1312 in
1663 1250 1835 1312 nobis
1878 1260 1989 1331 est,
2019 1270 2122 1316 nec

2211 1249 2410 1316 σεϐείας
2469 1251 2575 1306 ἐστὶ
2631 1252 2914 1329 μυστήριον
2958 1252 2991 1318 ἡ
3037 1248 3150 1304 καθ’
3180 1251 3322 1324 ἡμᾶς
3353 1249 3548 1322 πίστις,
3600 1249 3688 1303 καὶ
3725 1246 3841 1303 οὔτε

483 1328 661 1403 ullam
741 1328 918 1404 habet
995 1328 1447 1403 haesitationem:
1533 1341 1790 1402 Videsne
1866 1328 2122 1418 gradus?

2207 1337 2674 1418 ἀμφισϐητήσιμον
2719 1328 2834 1418 ἔχει
2865 1360 2936 1400 τι,
3001 1328 3152 1416 Ὀρᾷς
3195 1336 3570 1416 ἀναϐαθμούς,
3625 1359 3648 1392 ε
3713 1337 3842 1398 Θεὸς

484 1455 504 1486 ιι
543 1431 700 1492 Deus
737 1431 1138 1493 manifestatus
1167 1438 1258 1493 est
1289 1431 1348 1490 in
1381 1449 1578 1505 carne,
1610 1455 1631 1486 ο
1662 1438 1717 1490 et
1743 1437 1870 1491 cret.
1895 1428 2122 1490 Deinde

2205 1427 2501 1507 ἐφανερώθη
2563 1429 2614 1484 ἐν
2660 1432 2830 1506 σαρκί,
2912 1451 2933 1482 ι
3012 1429 3146 1483 Εἶτα
3205 1425 3345 1504 λέγει
3414 1429 3472 1481 τὸ
3531 1427 3840 1503 μυστήριον.

475 1519 619 1582 dicit
653 1521 1019 1601 mysterium.
1045 1519 1149 1580 Ille
1179 1519 1334 1579 enim
1361 1519 1460 1599 qui
1492 1519 1550 1579 in
1575 1537 1753 1579 carne
1781 1517 2122 1579 hominibus

2205 1515 2455 1580 Ἐκεῖνος
2498 1519 2596 1596 γὰρ
2647 1519 2675 1573 6
2719 1515 2772 1571 ἐν
2817 1518 2966 1596 σαρκὶ
3015 1530 3130 1579 τοῖς
3188 1515 3474 1594 ἀνθρώποις
3505 1516 3842 1595 φανερωθεὶς,

476 1609 881 1672 manifestatus
913 1616 1024 1689 est,
1071 1609 1167 1670 hic
1192 1627 1306 1668 non
1329 1609 1403 1669 ab
1423 1609 1698 1669 humanis
1715 1608 1900 1670 oculis
1919 1609 2122 1687 justus

2205 1609 2351 1671 οὗτος
2403 1607 2462 1663 οὗ
2516 1606 2656 1685 παρὰ
2708 1605 3047 1684 ἀνθρωπίνοις
3116 1603 3408 1684 ὀφθαλμοῖς
3450 1603 3646 1666 δίκαιος
3700 1604 3848 1683 ἐκρί-

466 1697 767 1792 judicatus
799 1706 929 1792 est,
966 1698 1070 1792 sed
1101 1698 1288 1792 oculis
1319 1697 1602 1792 Spiritus,
1653 1698 2122 1792 qui_scrutantur

2205 1698 2290 1770 θη,
2339 1693 2474 1750 ἀλλὰ
2526 1695 2647 1758 τοῖς
2705 1702 2796 1750 τοὺ
2844 1695 3144 1769 Πνεύματος
3201 1691 3491 1772 ὀφθαλμοῖς
3541 1694 3660 1756 τοῖς
3693 1692 3842 1772 ἐρευ-

474 1788 648 1847 etiam
681 1787 970 1867 profunda
1000 1787 1108 1848 Dei
1156 1787 1238 1849 i7.
1301 1787 1453 1850 Dicit
1483 1795 1678 1849 autem
1718 1808 1730 1846 :
1762 1787 2122 1849 Justiticatus

2205 1791 2330 1839 νῶσι
2401 1785 2488 1840 καὶ
2560 1785 2625 1838 τὰ
2683 1785 2816 1859 βάθη
2874 1793 2967 1842 τοῦ
3023 1789 3175 1844 Θεοῦ.
3239 1785 3309 1840 Τὸ
3363 1780 3440 1861 δὲ,
3505 1781 3843 1855 Ἐδικαιὼθη,

485 319 600 386 163

2844 452 3091 508 sema.
3138 436 3216 507 z'.

475 1884 585 1947 est,
615 1884 854 1955 propter
883 1895 1141 1936 carnem.
1177 1875 1483 1948 Quatunus
1511 1877 1669 1937 enim
1698 1876 1852 1937 Deus
1869 1885 1978 1950 est,
2006 1894 2122 1935 non

465 1962 848 2041 justiﬁcatur,
871 1964 1284 2044 sedjustiﬁcat.
1311 1964 1431 2027 Hoc
1459 1974 1518 2025 et
1539 1966 1824 2045 propheta
1853 1964 2116 2027 dicebat:

481 2073 503 2106 ι
539 2050 649 2123 Qui
675 2061 986 2131 peccatum
1006 2071 1124 2114 non
1151 2055 1310 2128 fecit,
1340 2073 1532 2134 neque
1557 2054 2014 2114 dolusinventus
2036 2061 2125 2114 est

472 2139 532 2200 in
564 2159 668 2202 ore
699 2143 828 2222 ejus
854 2141 934 2204 98.
976 2166 999 2199 ι)
1037 2142 1216 2204 Divus
1260 2145 1511 2225 Cyrillus
1541 2143 1898 2204 duodecimo
1930 2142 2123 2222 capite

473 2227 858 2293 Scholiomm
889 2231 968 2292 ait
1003 2249 1015 2293 :
1065 2232 1189 2308 Qui
1238 2233 1660 2312 manifestatus
1689 2239 1774 2294 est
1820 2235 1880 2293 in
1913 2249 2118 2311 carne,

474 2321 838 2399 iustiﬁcatus
859 2330 946 2382 est
969 2323 1033 2382 in
1053 2327 1314 2400 spiritu:
1339 2323 1499 2384 nullo
1523 2322 1682 2383 enim
1705 2321 1880 2382 modo
1904 2321 2123 2382 nostris

477 2407 924 2470 inﬁrmitatibus
967 2410 1074 2470 fuit
1097 2411 1406 2472 obnoxius.
1473 2412 1644 2476 Visus
1701 2419 1789 2471 est
1833 2411 1904 2471 ab
1937 2429 2120 2487 ange-

475 2495 567 2557 lis.
608 2520 630 2553 ι)
670 2497 976 2576 Siquidem
1036 2518 1152 2559 non
1209 2500 1626 2578 ignoraverunt
1677 2499 2122 2578 generationem

473 2584 658 2663 ipsius
687 2587 1013 2648 secundum
1074 2606 1336 2651 carnem.
1380 2584 1466 2634 --'
1493 2615 1518 2644 α
1551 2588 1911 2652 Justiticatus
1944 2596 2032 2649 est
2061 2587 2121 2648 in

2205 1870 2288 1927 διὰ
2343 1872 2440 1938 τὴν
2495 1872 2682 1950 σάρκα.
2741 1872 2878 1928 Καθὸ
2933 1871 3032 1948 γάρ
3074 1869 3183 1925 ἐστι
3243 1871 3394 1944 Θεὸς,
3442 1870 3501 1925 οὗ
3531 1869 3841 1943 δικαιοῦται,

2206 1961 2340 2017 ἀλλὰ
2383 1960 2603 2019 δικαιοῖ.
2664 1968 2825 2018 Τοῦτο
2879 1963 2966 2016 καὶ
3025 1962 3052 2015 6
3107 1961 3384 2038 προφήτης
3428 1958 3628 2038 ἔλεγεν,
3678 1979 3706 2019 ι
3751 1945 3846 2022 ⁸’ος

2207 2050 2460 2129 ἁμαρτίαν
2513 2053 2606 2108 οὐκ
2660 2048 2926 2124 ἐποίησεν,
3000 2046 3115 2106 οὑδὲ
3186 2048 3364 2126 εὗρέθη
3421 2045 3570 2112 δόλος
3640 2047 3693 2102 ἐν
3769 2054 3848 2120 τῷ

2206 2140 2429 2215 στόματι
2487 2143 2663 2197 αὐτοῦ.
2702 2161 2730 2193 ι)
2769 2129 2824 2194 Ὀ
2857 2137 2911 2192 ἐν
2967 2138 3134 2216 ἁγίοις
3169 2135 3504 2216 Κύριλλοςέν
3559 2144 3634 2210 τῷ
3690 2134 3849 2192 δωδε-

2205 2210 2349 2283 κάτω
2376 2225 2646 2306 κεφαλαίῳ
2672 2233 2776 2282 τῶν
2804 2249 2825 2281 ι
2856 2210 3100 2305 Σχολίων
3121 2248 3142 2282 ιι
3172 2210 3349 2305 φησίν·
3385 2248 3407 2279 ι
3433 2210 3525 2288 "0;
3547 2224 3847 2304 ἐφανερώθη

2204 2316 2256 2372 ἐν
2288 2318 2458 2395 σαρκὶ,
2506 2314 2784 2382 ἐδικαιώθη
2832 2313 2885 2370 ἐν
2942 2315 3222 2390 πνεύματι.
3280 2337 3301 2369 ι
3351 2313 3481 2372 Κατ’
3513 2313 3702 2395 οὒδένα,
3745 2315 3847 2392 γὰρ

2204 2383 2396 2484 τρόπον
2442 2383 2590 2467 ’ταῖς
2669 2404 2953 2482 ἡμετέραις
3033 2383 3319 2466 ἀσθενείαις
3387 2402 3520 2468 ἥλω,
3588 2425 3610 2459 ι
3677 2383 3844 2481 "uses

2205 2495 2475 2573 ἀγγέλοις.
2529 2518 2552 2552 ι
2598 2496 2670 2551 Οὔ
2711 2495 2810 2572 γὰρ
2866 2493 3138 2571 ἠγνόησαν
3189 2493 3288 2559 τὴν
3341 2493 3476 2547 κατὰ
3534 2491 3697 2570 σάρκα
3755 2492 3846 2546 αὖ·

2207 2607 2298 2640 του
2340 2584 2606 2662 γέννησιν.
2642 2617 2715 2628 —
2761 2602 2788 2641 ι
2824 2573 3135 2648 Ἐδικαιώθη
3193 2581 3246 2636 ἐν
3289 2581 3569 2655 πνεύματι.
3635 2604 3661 2634 α
3724 2581 3847 2656 [Ol-

473 2673 706 2753 spiritu.
745 2699 772 2730 ι)
812 2673 881 2734 Ει
911 2695 1028 2754 qua
1061 2677 1492 2755 justiﬁcatione
1530 2678 1884 2758 justilicatus
1940 2686 2030 2740 est
2076 2677 2122 2737 is

2212 2674 2440 2749 KOYMJ
2480 2674 2575 2730 Καὶ
2627 2673 2780 2728 ποίαν
2837 2669 3114 2737 ἐδικαιώθη
3172 2667 3501 2736 δικαιοσύνην
3557 2671 3590 2737 ἡ
3637 2667 3847 2725 αὐτοδι-

472 2747 570 2842 qui
594 2771 682 2823 est
714 2764 836 2843 ipsa
856 2747 1086 2842 justitia
1116 2776 1176 2827 et
1203 2747 1557 2845 redemptio:
1585 2765 1680 2828 Sol
1700 2766 1943 2846 justitiie
1971 2767 2122 2844 juxta

2209 2747 2463 2828 καιοσύνη
2522 2762 2608 2817 καὶ
2650 2759 3033 2839 ἀπολύτρωσις,
3068 2762 3096 2815 6
3137 2763 3234 2826 τῆς
3283 2756 3612 2824 δικαιοσύνης
3648 2747 3846 2821 ’Ἠλιος

470 2849 815 2913 Malachiam
846 2852 950 2910 εξ)ίῖ
1007 2853 1164 2931 quod
1229 2854 1522 2934 signiﬁcat
1553 2855 2019 2916 sincerissimam
2049 2873 2117 2915 ac

2205 2853 2334 2910 κατὰ
2389 2853 2478 2907 τὸν
2525 2849 2852 2930 Μαλαχίαν;
2901 2850 2929 2905 ὃ
2986 2847 3143 2915 δηλοῖ
3225 2852 3321 2915 τὴν
3394 2846 3848 2926 ἁκραιφνεστάτην

469 2940 849 3020 purissimam
899 2940 1214 3020 justitiam.
1277 2944 1788 3025 Cornplementum
1847 2944 2122 3006 videlicet

2205 2942 2288 2998 καὶ
2343 2940 2719 3018 καθαρωτάτην
2775 2937 3134 3016 δικαιοσύνην,
3196 2937 3294 3004 τὴν
3357 2935 3690 3014 ἐκπλήρωσιν
3742 2934 3844 3001 δη-

471 3029 745 3108 legalium
771 3031 1289 3110 justiﬁcalionum,
1339 3034 1414 3096 de
1475 3033 1686 3114 quibus
1714 3033 1923 3096 .loanni
1954 3033 2122 3094 dice-

2205 3029 2379 3086 λονότι
2435 3036 2541 3085 τῶν
2597 3033 2832 3105 τομικῶν
2871 3025 3224 3102 δικιιομάτων
3259 3041 3273 3056 ⁸
3304 3027 3422 3106 περὶ
3450 3029 3522 3082 ὧν
3551 3032 3627 3100 τῷ
3656 3025 3847 3082 Ἰωάν-

472 3115 569 3178 bat
603 3135 616 3179 :
657 3142 682 3171 α
718 3109 860 3179 Sine
903 3119 1118 3193 modo,
1153 3121 1238 3182 sic
1270 3121 1426 3182 enim
1461 3109 1633 3184 decet
1662 3141 1768 3182 nos
1821 3123 2122 3200 complere

2208 3143 2274 3196 νη
2307 3117 2481 3196 ἔλεγεν
2515 3133 2528 3147 ⁸
2585 3137 2613 3176 (
2676 3127 2813 3198 Αιρες
2843 3114 2958 3195 ἄρτι
2994 3135 3010 3152 ·
3056 3113 3193 3172 οὕτω
3221 3116 3319 3194 γὰρ
3346 3114 3544 3194 πρέπον
3573 3116 3706 3189 ἡμῖν
3735 3113 3846 3169 ἐστι

471 3223 706 3268 omnem
723 3207 1014 3286 justitiam
1043 3210 1128 3271 50.
1159 3236 1184 3264 n
1217 3209 1505 3282 Quoniam
1531 3210 1693 3271 enim
1724 3210 1798 3272 de
1818 3209 2122 3291 baptisma.

2210 3206 2488 3286 πληρῶσαι
2518 3213 2690 3262 πᾶσαν
2719 3205 3071 3272 δικαιοσύνην.
3128 3228 3150 3260 ι
3211 3202 3428 3271 Ἐπειδὴ
3459 3205 3558 3283 γὰρ
3599 3204 3686 3259 καὶ
3727 3204 3846 3281 περὶ

470 3294 545 3356 tis
578 3308 940 3378 praeceperat
968 3299 1086 3374 lex,
1139 3301 1302 3362 venit
1359 3302 1430 3362 ad
1487 3300 1810 3364 Jordanem
1869 3309 1932 3362 ut
1979 3300 2131 3361 hanc

467 3386 802 3465 compleret
835 3409 848 3448 :
877 3390 1377 3469 quemadmodum
1410 3391 1682 3453 videlicet
1714 3388 2128 3452 circumcisio-

466 3491 603 3534 nem
626 3484 682 3536 et
704 3475 1034 3540 oblationes
1055 3479 1130 3540 de
1153 3479 1588 3560 primogenitis.
1616 3479 1767 3552 Quid
1791 3487 1986 3541 autem
2012 3473 2126 3539 sibi

465 3563 586 3624 vult
615 3566 771 3644 quod
804 3566 930 3630 ait:
994 3593 1020 3622 α
1055 3567 1120 3629 In
1168 3569 1428 3650 spiritu?
1461 3595 1486 3624 η
1548 3569 1770 3650 Spiritu
1828 3567 2125 3630 servitutis

465 3655 819 3716 constrictus
851 3666 977 3718 erat
1007 3655 1190 3718 Israel
1226 3677 1337 3738 per
1376 3659 1720 3738 punientem
1753 3657 1966 3736 legem,
2004 3676 2123 3718 non

466 3741 626 3802 enim
654 3741 863 3806 habuit
883 3745 1152 3824 spiritum
1187 3749 1542 3828 adoptionis,
1570 3767 1702 3808 nam
1726 3747 1823 3808 hic
1843 3747 2124 3810 Christia-

466 3829 558 3890 nis
587 3829 756 3891 datus
787 3839 895 3906 est,
925 3835 1436 3912 quemadmodum
1470 3836 1610 3898 dicit
1641 3835 1854 3896 Paulus
1886 3857 1898 3896 :
1927 3859 1949 3892 ι
1983 3834 2124 3907 Quae

465 3934 696 4006 sursum
733 3927 820 3979 est
847 3921 1176 3982 Jerusalem
1211 3923 1398 3986 libera
1440 3933 1550 4006 est,
1609 3944 1739 4005 quae
1791 3932 1880 3984 est
1937 3932 2125 3985 mater

467 4003 730 4093 omnium
768 4019 1036 4068 nostrum
1067 4010 1148 4072 '5‘.
1187 4034 1209 4068 ιι
1246 4009 1396 4073 Dicit
1427 4003 1566 4089 ergo
1599 4003 1992 4093 {Quanquam
2025 4013 2117 4074 le—

465 4090 628 4180 gales
658 4093 970 4174 complevit
987 4097 1460 4175 justiticaliones,
1486 4109 1744 4162 attamen
1766 4090 1884 4162 non
1910 4100 2120 4180 spiritu

2209 3297 2588 3373 βαπτισμάτων
2630 3294 2921 3352 ἐνετείλατο
2964 3297 2992 3350 6
3065 3295 3247 3371 νόμος,
3301 3292 3456 3361 ἦλθεν
3501 3294 3553 3348 ἐν
3613 3290 3846 3371 Ἰορδάνῇ

2208 3388 2296 3442 καὶ
2323 3394 2507 3443 τοῦτον
2551 3384 2854 3465 πληρῶσαι,
2905 3384 3081 3464 ὥσπερ
3134 3382 3319 3460 ἀμέλει
3373 3385 3471 3450 τὴν
3525 3382 3845 3461 περιτομὴν,

2207 3475 2430 3538 καὶτὰς
2483 3475 2612 3552 ὑπὲρ
2680 3481 2785 3531 τῶν
2841 3474 3209 3552 πρωτοτοκίων
3267 3473 3592 3551 προσφορής.
3665 3473 3724 3528 Τί
3788 3469 3847 3526 δὲ

2207 3563 2450 3639 βούλεται
2494 3565 2579 3638 τὸ,
2616 3584 2638 3618 ιι
2677 3561 2766 3621 Ἐν
2797 3564 3052 3638 πνεύματι
3085 3581 3101 3643 ;
3161 3584 3184 3620 ι
3222 3562 3484 3637 Πνεύματι
3518 3559 3749 3623 δουλείας
3781 3559 3844 3627 ἦν

2206 3653 2617 3734 κατεσφιγμένος
2648 3656 2676 3709 6
2718 3652 2956 3732 Ἰσραὴλ,
3001 3650 3084 3708 διὰ
3140 3658 3230 3708 τοὺ
3287 3650 3600 3722 κολάζοντος
3655 3652 3840 3725 νόμου.

2207 3747 2279 3802 06
2309 3745 2409 3822 γάρ
2451 3743 2580 3822 εἶχε
2609 3744 2669 3798 τὸ
2710 3751 2915 3817 πνεῦμα
2943 3747 3040 3808 τῆς
3068 3741 3317 3804 υἱοθεσίας
3351 3759 3365 3774 ⁸
3412 3748 3566 3796 τοῦτο
3595 3741 3849 3822 γαρλΧρι-

2204 3820 2435 3899 στιανοῒς
2475 3820 2785 3912 δεδώρηται,
2823 3831 2995 3895 καθώς
3038 3852 3166 3908 φησι
3195 3831 3282 3886 καὶ
3325 3829 3530 3892 Παῦλος
3565 3845 3578 3859 ⁶
3621 3854 3647 3883 ιι
3697 3820 3759 3886 ’Β
3787 3826 3845 3884 δὲ

2203 3923 2312 3978 ἀνω
2387 3914 2726 4002 Ἰερουσαλὴμ
2796 3919 3035 3998 ἐλευθέρα
3091 3919 3250 3993 ἐστὶν,
3330 3918 3442 3984 ἥτις
3499 3919 3609 3975 ἐστὶ
3663 3920 3848 3997 μήτηρ

2202 4012 2411 4069 πάντων
2441 4014 2615 4086 ἡμῶν.
2657 4032 2678 4066 ι
2716 4009 2868 4087 Λέγει
2898 4009 3008 4084 οὖν,
3043 4009 3103 4066 Εἰ
3159 4010 3246 4065 καὶ
3303 4009 3396 4072 τὰς
3428 4010 3646 4082 νομικὰς
3679 4007 3847 4077 ἐπλή-

2202 4123 2291 4180 ρου
2333 4099 2685 4180 δικαιοσύνας,
2737 4097 2853 4154 ἀλλ’
2912 4099 2972 4155 οὔ
3023 4102 3100 4172 τῷ
3141 4102 3240 4164 τῆς
3295 4095 3528 4160 δουλείας
3585 4097 3843 4172 πνεύματι

465 4179 786 4270 servitutis,
827 4181 1154 4262 (Quomodo
1217 4189 1375 4248 enim
1425 4189 1484 4250 id
1542 4190 1765 4250 faceret
1819 4179 2120 4270 qui’alios

2206 4179 2338 4258 (πῶς
2393 4189 2514 4267 γὰρ,
2561 4190 2588 4243 6
2646 4189 2731 4242 καὶ
2785 4187 2904 4250 τοὺς
2963 4185 3152 4249 ἄλλους
3183 4184 3463 4260 ἐλευθερῶν
3498 4189 3565 4264 ;),
3599 4183 3736 4241 ἀλλὰ
3764 4193 3842 4260 τῷ

466 4286 702 4358 quoque
733 4269 955 4333 liberos
979 4273 1248 4356 reddit?)
1275 4277 1376 4336 sed
1400 4275 1620 4358 Spiritu
1648 4285 1876 4347 sancto,
1902 4281 2000 4358 qui
2031 4282 2120 4339 est

2205 4279 2336 4356 ἁγίῳ
2385 4278 2649 4352 Πνεύματι
2704 4282 2780 4331 τῶ
2831 4281 2929 4342 τῆς
2971 4275 3246 4348 υἱοθεσίας,
3303 4273 3430 4353 ὅπερ
3497 4270 3649 4328 ἔλαϐε
3705 4276 3841 4330 κατὰ

464 4355 709 4436 spiritus
737 4359 1092 4448 adoptionis,
1126 4355 1300 4444 quem
1332 4355 1562 4448 accepit
1584 4368 1748 4446 juxta
1782 4355 2113 4428 humanita-

2205 4370 2260 4424 τὸ
2280 4367 2622 4447 ἀνθρώπινον,
2653 4367 2792 4441 ἡμῖν
2821 4369 2880 4421 τὸ
2909 4365 3072 4445 δῶρον
3094 4364 3355 4444 προξενῶν
3385 4368 3412 4421 6
3442 4365 3659 4442 γνήσιος
3692 4367 3836 4445 Υἱὸς,

463 4452 604 4537 tem,
641 4447 814 4537 nobis
844 4449 1062 4512 donum
1096 4453 1209 4515 hoc
1241 4446 1564 4516 concilians
1595 4455 1896 4537 legitimus
1924 4453 2109 4516 Filius

2205 4459 2276 4513 ιαὶ
2307 4457 2583 4530 ὁμοούσιος
2615 4463 2691 4529 τῷ
2735 4456 3022 4535 Πνεύματι,
3073 4457 3158 4510 καὶ
3213 4457 3317 4534 οὐχ
3365 4455 3557 4529 ἑαυτῷ.
3623 4446 3840 4537 υΩσπερ

465 4541 524 4625 et
541 4534 807 4614 ejusdem
829 4537 1174 4603 substantiae
1195 4561 1326 4604 cum
1348 4542 1599 4625 Spiritu,
1617 4534 1809 4606 etnon
1833 4543 1942 4607 sibi
1968 4544 2106 4625 ipsi.

2205 4543 2376 4622 ἰιμέλει
2433 4547 2520 4601 καὶ
2569 4544 2783 4624 ηὔξατο,
2840 4547 2934 4608 τὰς
3009 4534 3169 4619 ἡμῶν
3221 4545 3382 4623 εὐχὰς
3433 4534 3839 4623 εὒπροσδέκτους

465 4622 973 4694 Quemadmodum
991 4622 1454 4694 videlicetetia—m
1496 4622 2108 4716 precabatur,nostras

2205 4641 2382 4708 ποιῶν,
2416 4635 2503 4690 καὶ
2548 4636 2671 4689 ναὸν
2699 4637 2759 4690 τὸ
2791 4635 2989 4690 οἰκεῖον
3018 4631 3191 4690 ἐκάλει
3246 4640 3424 4708 σῶμα,
3484 4636 3636 4698 ναοὺς
3693 4637 3840 4711 ἡμᾶς

463 4730 676 4791 preces
707 4716 969 4778 reddens
997 4719 1390 4800 acceptabiles
1425 4741 1438 4784 :
1474 4731 1532 4784 et
1560 4723 1846 4803 templum
1866 4721 2108 4784 vocabat

2205 4731 2326 4780 Θεοῦ
2355 4723 2592 4801 γενέσθαι
2622 4719 2906 4800 προξενῶν,
2943 4723 3038 4780 Καὶ
3066 4723 3164 4800 γὰρ
3190 4724 3278 4778 καὶ
3321 4725 3366 4777 οἱ
3395 4724 3531 4779 κατὰ
3567 4726 3629 4780 τὸ
3660 4726 3840 4804 Εὐαγ-

461 4820 633 4892 suum
661 4821 875 4884 corpus
901 4806 986 4881 52,
1021 4809 1121 4888 qui
1151 4810 1263 4872 hec
1291 4810 1499 4890 agebat
1529 4822 1593 4874 ut
1622 4831 1729 4872 nos
1761 4811 1980 4892 templa
2010 4811 2115 4873 Dei

2205 4811 2374 4889 γέλιον
2412 4810 2623 4888 δίκαιοι,
2657 4809 2821 4875 ὅντως
2862 4813 3232 4886 πνευματικοὶ,
3266 4809 3448 4886 πολλῷ
3474 4813 3580 4868 τῶν
3609 4813 3661 4868 ἐν
3691 4815 3844 4889 νὸμῳ

461 4891 859 4954 elﬁceremur.
893 4895 1125 4958 Etenim
1182 4901 1283 4980 qui
1336 4903 1498 4978 juxta
1545 4891 1923 4980 Evangelium
1973 4901 2116 4980 justi

2205 4899 2574 4975 δικαιουμένων
2617 4899 2779 4956 πάλαι
2810 4900 3180 4980 ὑπερέχοντες.

459 4988 619 5053 sunt,
653 4999 788 5044 vere
816 4984 1154 5064 spirituales
1181 4997 1342 5066 sunt,
1375 4991 1515 5051 229
1544 4989 1718 5068 longe
1743 4989 1815 5050 iis
1865 4987 2421 5070 prmeminentiores
2450 4987 2551 5070 qui
2579 4987 2726 5050 olim
2762 4991 2821 5049 in
2854 4988 2985 5068 lege
3007 4987 3512 5068 justiﬁcabantur.

537 5069 905 5161 Atiojmodo.
950 5097 973 5131 ι
1009 5075 1367 5140 Justiﬁcatus
1397 5085 1485 5140 est
1539 5077 1599 5140 in
1627 5069 1925 5159 spiritu.»
1987 5078 2111 5140 Hoc

2279 5102 2307 5134 α
2331 5077 2539 5143 Αλλως.
2555 5102 2583 5134 ι
2605 5076 2952 5145 (Ἐδικαιώθη
2979 5078 3032 5135 ἐν
3052 5081 3327 5154 πνεύματι.
3343 5103 3366 5138 ι
3395 5079 3538 5137 Ἀντὶ
3564 5087 3840 5161 τοῦ,πνευ-

457 5164 567 5254 est,
623 5159 1012 5254 spiritualiter
1068 5174 1125 5226 et
1182 5185 1297 5228 non
1349 5167 1518 5246 juxta
1547 5168 1766 5244 legem.
1799 5166 2106 5248 Siquidem

2205 5191 2318 5224 uti.
2351 5166 2652 5248 ἐδικαιώθη,
2705 5166 2824 5223 ἀλλ’
2874 5167 2932 5222 οὔ
2987 5175 3242 5244 νομικῶς.
3305 5172 3400 5228 Καὶ
3457 5171 3555 5247 γὰρ
3610 5159 3695 5226 καὶ
3739 5172 3838 5233 τὰς

460 5249 636 5337 etiam
662 5265 793 5307 cum
823 5249 1034 5330 legalia
1063 5255 1396 5334 complebat
1421 5266 1735 5337 praecepta,
1782 5275 1898 5316 non
1939 5255 2108 5335 juxta

2205 5259 2410 5333 νομικὰς
2433 5257 2650 5336 πληρῶν
2672 5255 2908 5336 ἐντολὰς,
2935 5259 2994 5314 οὗ
3009 5264 3241 5333 νομικῶς
3292 5261 3474 5334 αὐτὰς,
3508 5257 3642 5315 ἒίλλὰ
3671 5269 3839 5317 πνεῦ-

459 5329 650 5430 legem
681 5352 750 5396 ea
779 5340 1133 5430 complebat,
1179 5329 1283 5405 sed
1342 5329 1747 5426 spiritualiter.
1811 5329 2109 5426 Aut'quia

2205 5352 2425 5409 ιατικῶς
2447 5346 2832 5426 ἐξεπλήρωσεν.
2878 5353 2921 5402 Η
2945 5346 3024 5404 ὅτι
3071 5349 3114 5404 εἰ
3161 5349 3247 5404 καὶ
3289 5349 3408 5412 τοῖς
3440 5349 3716 5427 σαρκικοῖς
3749 5350 3840 5404 καὶ

460 5418 599 5482 licet
627 5418 966 5489 carnalibus
1019 5439 1077 5491 et
1105 5418 1392 5508 gravibus.
1414 5437 1594 5496 corde
1626 5453 1742 5494 non
1801 5418 2109 5496 videbatur

2205 5433 2546 5514 Ξαρυκαρδίοις
2604 5437 2696 5492 οὒκ
2751 5433 2915 5490 ἐδόκει
2990 5433 3349 5493 δεδικαιῶσθαι
3429 5436 3630 5517 (ἔλεγον
3710 5437 3838 5517 γὰρ,

540 5580 600 5633 27
635 5581 658 5645 l
687 5581 821 5648 Cor.
853 5602 918 5664 ιι,
955 5587 1053 5651 10.
1101 5588 1160 5640 28
1194 5588 1308 5653 lsa.
1344 5608 1473 5667 Lm,
1507 5593 1565 5653 9.
1617 5591 1680 5642 99
1708 5591 1951 5655 Malach.
1987 5613 2061 5671 ιγ,
2096 5601 2122 5657 9

2205 5597 2255 5641 ³ο
2283 5595 2492 5658 Matth.
2516 5611 2608 5674 ιιι,
2646 5595 2744 5656 15.
2793 5595 2841 5638 ³¹
2871 5593 3059 5662 Galat.
3091 5595 3292 5676 1v,26.
3360 5596 3601 5661 32Joan.
3634 5613 3698 5672 ιι,
3734 5596 3837 5661 19.
