4140 6212
459 349 566 412 167

453 595 488 640 a
515 577 686 657 cibis,
720 586 780 640 ut
810 577 1165 658 quibusdam
1213 577 1400 638 visum
1464 585 1575 651 est,
1609 595 1802 657 neque
1849 577 2101 658 apostoli

455 666 810 746 negligentia
841 684 856 729 :
887 667 992 730 sed
1023 673 1188 728 recte
1242 665 1313 726 ad
1374 666 1633 728 Atticum
1691 666 1868 728 etiam
1926 685 2099 730 usum

451 774 765 836 expressus
797 762 886 816 est
947 773 1165 816 sermo.
1217 753 1728 826 Quemadmodum
1783 773 1914 816 cum
1945 754 2101 816 dici-

451 855 590 908 tur:
628 845 923 902 Ἐκώλυσεν
980 846 1136 902 αὺτὸν
1180 847 1256 920 μὴ
1315 859 1490 901 ποιεῖν
1535 846 1598 900 τὰ
1655 845 1848 919 ἄτοπα,
1895 845 1955 906 td
1988 853 2100 920 εει,

451 933 746 1013 prohibuit
775 951 909 997 eum
943 951 1018 994 ne
1050 939 1414 1014 perpetraret
1442 933 1722 1009 absurda,
1765 953 1879 995 non
1913 935 2102 1014 signi-

448 1025 657 1086 ﬁcatur
679 1020 941 1114 quodad
996 1021 1420 1114 absurditatem
1454 1041 1589 1084 eum
1621 1023 1965 1086 exhortatus
1989 1032 2106 1114 est,

449 1121 680 1175 etcum
737 1110 999 1172 dicitur:
1063 1112 1351 1191 ἀπέτρεπεν
1412 1115 1565 1172 αὐτὸν
1626 1114 1702 1188 μὴ
1763 1110 2101 1192 προσκρούειν

446 1203 638 1282 φίλοις,
697 1199 755 1261 id
787 1211 902 1274 est,
941 1199 1230 1263 deterruit
1257 1221 1390 1264 eum
1425 1221 1501 1263 ne
1531 1202 1834 1263 resisteret
1863 1201 2097 1273 amicis,

444 1311 562 1353 non
592 1289 857 1352 innuitur
891 1288 1051 1368 quod
1096 1291 1362 1352 hortatus
1424 1291 1500 1350 sit
1559 1290 1630 1350 ad
1691 1289 2095 1354 resistendum

444 1379 675 1454 amicis,
708 1378 813 1440 sed
837 1378 1196 1439 contrarium
1227 1379 1442 1459 potius.
1481 1381 1738 1442 Rursum
1772 1398 1906 1440 cum
1939 1379 2094 1440 dici-

446 1479 578 1533 tur:
615 1467 878 1526 Ἐκώλυσε
925 1469 1011 1542 μὴ’
1033 1467 1297 1537 κλέπτειν,
1354 1467 1412 1528 id
1462 1477 1572 1543 est,
1637 1467 1943 1546 prohibuit
1977 1487 2093 1530 non

442 1557 644 1631 furari,
680 1575 798 1617 non
831 1555 1196 1634 signiﬁcatur
1212 1557 1366 1636 quod
1389 1559 1734 1620 adhortatus
1757 1558 1832 1619 sit
1859 1557 1933 1619 ad
1965 1557 2092 1618 fur-

445 1656 591 1708 tum.
626 1649 918 1709 Praeterea
947 1663 1078 1705 cum
1131 1644 1394 1706 dicitur:
1458 1645 1754 1704 Ἐκώλυσεν
1800 1646 2092 1726 ἀπέχεσθαι

444 1735 834 1814 ὰῤῥητοποιίας,
869 1733 926 1795 id
959 1741 1070 1808 est,
1134 1734 1432 1814 prohibuit
1482 1754 1516 1795 a
1573 1735 1847 1796 nefandis
1903 1734 2090 1796 absti-

1600 355 1946 418 (ECUMEN
1952 351 2005 417 II
2025 373 2027 376 ·
2051 354 2344 417 TRICC/E
2387 355 2718 419 EPISCOPI

450 488 650 569 lapsus
678 507 712 549 a
739 495 1043 554 venustate
1089 489 1383 551 sermonis
1414 488 1569 569 quod
1599 488 1677 549 ait
1714 509 1727 548 :
1777 488 2088 549 Abstinere

2174 489 2448 558 συνήθειαν
2515 488 2988 570 διαπεφρασμὲνον.

3718 347 3834 414 168

3091 500 3268 570 Ωσπερ
3319 493 3402 570 τὸ,
3456 513 3480 548 ε
3530 489 3827 549 Ἐκώλυσεν

2181 578 2336 635 αὐτὸν
2380 578 2456 653 μὴ
2512 592 2689 636 ποιεῖν
2719 582 2783 636 τὰ
2809 578 3003 653 ἄτοπα,
3043 603 3066 636 ε
3137 580 3194 637 οὒ
3237 579 3380 659 λέγει
3441 582 3514 644 ὡς
3570 583 3643 645 εἷς
3700 579 3833 635 ἆτο-

2181 665 2304 721 πίαν
2336 666 2491 721 αὐτὸν
2531 666 2848 748 προύτρεπεν
2881 686 2895 699 ⁸
2941 671 3029 725 καὶ
3072 671 3155 747 τὸ,
3221 689 3245 724 ε
3312 667 3634 749 Ἀπότρεπεν
3676 669 3835 725 αὐτὸν

2185 754 2262 828 μὴ
2345 758 2684 836 προσκρούειν
2753 757 2946 829 φίλοις,
3027 760 3149 838 οὐχὶ
3219 757 3386 838 φίλοις
3464 757 3831 838 προσκρούειν,

2186 841 2322 899 ἀλλὰ
2370 847 2689 909 τούναντίον,
2749 849 2845 906 Καὶ
2900 846 3084 921 πάλιν,
3139 871 3165 902 α
3227 846 3490 905 Ἐκώλυσε
3552 848 3629 922 μή
3699 844 3835 902 κλε-

2187 955 2357 1007 πτειν,
2389 953 2418 993 )
2444 936 2548 1016 οὺχ
2566 934 2646 992 ὅτι
2673 935 2926 1016 ἐπέτρεπε
2944 937 3042 1004 τὴν
3057 936 3290 1006 κλοπήν,
3320 940 3440 1012 Καὶ,
3482 957 3505 993 ι
3533 934 3832 996 Ἐκώλυσεν

2188 1019 2480 1101 ἀπέχεσθαι
2503 1022 2876 1103 ἀρρητοποίας,
2919 1049 2947 1080 ι»
2992 1025 3105 1082 ἀντὶ
3155 1035 3262 1099 τοῦ,
3319 1023 3553 1103 Ἀπῆγεν
3595 1025 3700 1081 ἀπὸ
3730 1029 3832 1090 τῆς

2186 1110 2435 1178 τοιαύτης
2505 1112 2763 1191 πράξεως.
2826 1114 3004 1178 Οὕτως
3052 1117 3140 1171 καὶ
3200 1140 3224 1169 ιι
3287 1114 3552 1172 Ἐκώλυον
3615 1113 3829 1192 ἀπέχε-

2181 1200 2296 1254 σθαι
2354 1201 2674 1282 βρωμάτων,
2727 1227 2750 1259 ν
2785 1203 2906 1260 ἀντὶ
2964 1214 3078 1277 τοῦ,
3129 1203 3399 1263 Ἐκώλυον
3425 1204 3531 1260 ἀπὸ
3560 1208 3658 1269 τῆς
3689 1202 3832 1281 βρώ-

2178 1307 2338 1350 σεως.
2373 1289 2555 1358 Πολλὴ
2612 1290 2666 1348 δὲ
2725 1295 2813 1350 καὶ
2851 1295 2993 1371 παρὰ
3020 1307 3137 1357 τοῖς
3181 1292 3340 1372 ἕξωὴ
3387 1298 3606 1372 χρῆσις.
3660 1313 3690 1346 ι
3736 1293 3826 1354 Εἷς

2177 1375 2479 1453 μετάληψιν
2533 1382 2667 1455 μετὰ
2723 1366 3081 1461 εὐχαριστίας,
3168 1401 3198 1440 )
3265 1366 3559 1461 ’δρα-’πῶς
3617 1376 3829 1446 ἐξέϐαλε

2175 1464 2273 1530 τὴν
2321 1469 2519 1548 τρυφὴν
2570 1477 2647 1545 τῷ
2705 1471 2924 1546 ὀνόματι
2998 1477 3095 1538 τῆς
3154 1470 3538 1546 μεταλήψεως,
3602 1461 3665 1527 (Η
3727 1471 3829 1548 γὰρ

2179 1551 2501 1629 μετάληψις,
2549 1557 2644 1624 τὴν
2705 1558 3114 1636 μεμετρημένην
3143 1556 3306 1634 λῆψιν
3340 1555 3522 1623 eam.
3574 1558 3672 1615 Καὶ
3726 1559 3826 1614 αὒ-

2177 1639 2273 1727 τὴν
2332 1640 2387 1698 δὲ
2443 1645 2542 1712 τὴν
2601 1651 2789 1725 ρυφην,
2864 1647 2966 1727 οὐχ
3027 1649 3100 1711 ὡς
3173 1647 3464 1726 ἀκάθαρτον
3529 1643 3825 1721 ἐξέϐαλλεν,

2178 1725 2295 1784 ἀλλ’
2351 1734 2425 1795 ὡς
2477 1733 2782 1791 κωλύουσαν
2836 1725 3060 1802 διάίήτῆς
3104 1725 3355 1814 ἀμετρίας
3411 1737 3498 1792 καὶ
3551 1740 3651 1802 τῆς
3707 1739 3829 1791 οἷον

444 1813 611 1899 nere,
646 1825 755 1885 hoc
788 1831 875 1885 est
901 1813 1187 1901 abegit,a
1219 1823 1316 1884 tali
1343 1822 1598 1887 actione.
1635 1823 1720 1885 Ita
1742 1823 1942 1903 etiam,
1969 1824 2088 1880 ἐκώ-

2182 1816 2495 1896 διαρῥήξεως
2560 1823 2661 1890 τὴν
2717 1827 2922 1904 ψυχήν.
2996 1835 3122 1889 Τοῖς
3194 1813 3430 1906 πιστοῖς,
3505 1829 3684 1905 φησιν,
3753 1826 3826 1889 εἷς

441 1913 563 1970 λυον
645 1913 934 1992 ἀπέχεσθαι
1018 1913 1333 1992 βρωμάτων,
1411 1911 1469 1972 id
1534 1921 1645 1993 est,
1705 1911 2099 1993 prohibebant

441 2000 737 2063 abstinere
782 2020 816 2062 a
875 1999 1046 2076 cibis,
1081 2001 1195 2062 hoc
1247 2009 1333 2062 est
1393 1999 1789 2081 prohibebant
1836 2021 1868 2062 a
1921 1999 2092 2064 cibis.

439 2090 610 2170 Apud
645 2099 920 2152 externos
951 2108 1186 2170 quoque
1218 2091 1544 2170 scriptores
1573 2091 1825 2154 multum
1860 2098 1952 2153 est
1982 2091 2091 2151 ho-

438 2197 569 2241 rum
603 2198 764 2243 usus.
802 2203 822 2236 σ
868 2178 962 2242 Ad
988 2179 1456 2260 participandum
1485 2199 1617 2242 cum
1649 2180 1964 2259 gratiarum
1993 2195 2087 2240 aes

441 2269 623 2330 tione.
667 2293 690 2327 ι
730 2269 880 2330 Vide
908 2269 1205 2348 quomodo
1236 2269 1482 2330 delicias
1527 2269 1816 2349 abjecerit
1846 2268 2092 2332 nomine

437 2357 952 2438 participationis?
983 2357 1359 2438 Participatio
1400 2358 1558 2419 enim
1588 2359 1948 2420 mediocrem
1980 2377 2081 2421 ac-

435 2448 768 2528 ceptionem
800 2447 1112 2525 signiﬁcat.
1145 2445 1309 2526 Ipsas
1353 2455 1546 2510 tamen
1578 2448 1826 2510 delicias
1873 2467 1993 2509 non
2024 2457 2086 2510 ut

435 2555 564 2597 rem
597 2536 964 2597 immundam
995 2535 1230 2614 abjecit,
1265 2535 1368 2596 sed
1399 2536 1556 2616 quod
1587 2537 1800 2597 animm
1827 2535 2086 2616 impedi-

437 2633 637 2686 mento
669 2624 787 2686 sint
819 2643 924 2704 per
952 2623 1472 2686 immoderantiam
1505 2631 1564 2686 et
1595 2625 1773 2686 veluti
1803 2624 2089 2706 diruptio-

435 2732 595 2777 nem.
622 2713 952 2787 Fidelibus,
986 2713 1197 2793 inquit,
1232 2713 1388 2775 Deus
1417 2714 1584 2775 cibos
1605 2713 1825 2776 creavit
1850 2715 1924 2776 ad.
1947 2733 2085 2795 par-

432 2802 804 2883 tieipandum
835 2803 1050 2881 gratias
1079 2803 1329 2881 agendo.
1381 2803 1730 2865 lnﬁdelibus
1779 2803 1936 2865 enim
1968 2822 2088 2866 non

437 2893 519 2954 ita
556 2913 568 2953 :
603 2909 737 2952 nam
769 2891 831 2952 hi
863 2891 1119 2972 propriis
1137 2891 1370 2970 legibus
1389 2892 1621 2972 seipsos
1648 2892 1722 2953 ab
1748 2892 1834 2953 eis
1855 2901 2083 2955 arcent.

437 2989 590 3041 ιιι
636 3006 661 3036 ιι
697 2980 768 3042 Ει
817 2979 890 3041 iis
943 2980 1042 3062 qui
1102 2991 1509 3060 cognoverunt
1538 2981 1865 3043 veritatem.
1905 3008 1927 3040 ι
1971 2985 2083 3043 ,ιιι-

430 3069 598 3132 daic-a
625 3087 771 3134 sane
827 3077 998 3131 erant
1037 3070 1223 3149 ﬁgura
1261 3091 1273 3133 :
1309 3089 1468 3132 nunc
1499 3071 1658 3133 enim
1693 3083 1786 3133 est
1839 3071 2079 3133 veritas.

2183 1910 2496 1988 εὐχάριστον
2549 1912 2852 1989 μετάληψιν
2908 1914 3109 1971 ἔκτισεν
3159 1917 3187 1970 ὁ
3246 1917 3374 1978 Θεὸς
3433 1916 3498 1970 τὰ
3540 1914 3818 1993 βρώματα.

2181 2005 2308 2061 Τοῖς
2339 1999 2438 2077 γὰρ
2507 2000 2744 2067 ἀπίστοις
2795 2005 2888 2060 οὐκ
2930 2002 3028 2066 ἔτι,
3084 2005 3283 2079 Νόμοις
3337 2005 3435 2083 γὰρ
3489 2001 3636 2065 ἰδίοις
3693 2003 3814 2058 ἑαυιι

2173 2087 2294 2149 τοὺς
2363 2089 2697 2171 ἀπείργουσιν
2779 2093 2969 2150 αὐτῶν.
3054 2117 3076 2148 (ι
3155 2095 3252 2152 Καὶ
3319 2093 3646 2171 ὶπεγνωκόσι
3722 2093 3822 2159 τὴν

2171 2175 2444 2247 ἀλήθειαν,
2478 2163 2668 2260 {’39:
2745 2183 2809 2240 τὰ
2878 2181 3144 2239 Ἰουδαϊκὰ
3209 2183 3372 2245 τύπος
3428 2163 3494 2249 ἦν
3529 2200 3542 2214 ·
3606 2191 3693 2240 νῦν
3722 2182 3823 2260 γὰρ

2169 2267 2204 2333 ἡ
2260 2266 2502 2336 ἀλήθεια.
2565 2269 2935 2338 Ἐκώλύθησαν
2963 2271 3018 2328 δὲ
3061 2276 3166 2329 τῶν
3205 2271 3419 2329 πολλῶν
3455 2271 3681 2340 ὶκεῖνοι,
3716 2273 3821 2351 οὔχ

2169 2356 2244 2418 ὡς
2313 2356 2640 2438 ἀκαθάρτων,
2707 2359 2824 2416 ἀλλ’
2876 2361 2969 2418 ἵνα
3036 2369 3129 2417 αοῦ
3186 2367 3378 2440 τρυφᾷν
3437 2359 3815 2439 ἐπισλεθῶσιν,

2171 2440 2448 2515 Ἀλήθειαν
2502 2447 2556 2504 δέ
2611 2471 2763 2528 φησι,
2809 2450 2908 2517 τὴν
2965 2451 3036 2513 εἰς
3084 2452 3308 2528 Χριστὸν
3357 2448 3552 2507 πίστιν.
3619 2471 3647 2503 ε
3709 2454 3820 2504 Πᾶν

2169 2534 2270 2613 γὰρ
2313 2538 2505 2612 κτίσμα
2549 2545 2681 2595 Θεοῦ
2750 2538 2934 2601 καλόν,
2989 2562 3013 2595 ε
3063 2541 3184 2618 Περὶ
3225 2541 3331 2595 τῶν
3383 2535 3646 2613 ἐδωδίμων
3717 2536 3819 2593 λέ-

2167 2645 2272 2700 γει.
2330 2626 2760 2703 Προκαταῧάλλει
2831 2626 2885 2684 δὲ
3104 2630 3204 2696 τὴν
3261 2627 3465 2707 αἵρεσιν
3529 2631 3636 2682 τῶν
3715 2627 3814 2693 τὴν

2167 2713 2454 2792 ἀγέννητον
2499 2715 2630 2784 ὕλην
2663 2718 3002 2798 εἰσαγόντων⁷
3056 2720 3154 2775 καί
3198 2717 3402 2784 ἐκείνης
3457 2718 3523 2772 τὸ.
3593 2716 3816 2796 βρώμα-

2166 2826 2232 2861 τα
2287 2803 2573 2883 λεγόντων.
2626 2827 2658 2863 ε·
2690 2808 2786 2865 Καὶ
2815 2805 2961 2864 οὐδὲν
3020 2804 3347 2874 ἀπόϐλητον,
3395 2828 3420 2864 ε
3497 2805 3696 2864 Οὐκοῦν
3725 2808 3816 2863 καὶ

2167 2896 2228 2950 τὸ
2285 2891 2621 2951 εἰδωλόθυτον
2687 2897 2781 2952 οὐκ
2848 2895 2987 2952 ἔστιν
3065 2893 3372 2963 ἀπόϐλητον
3452 2897 3587 2971 μετὰ
3642 2897 3812 2974 εὐχῆς

2166 2980 2589 3060 λαμϐανόμενον,
2648 2985 2737 3041 ἐὰν
2792 2985 2992 3064 ἆγνοῆς
3041 2987 3127 3058 σὺ,
3188 2985 3308 3042 ἐπεὶ
3367 2986 3641 3051 ὑπεύθυνος
3691 2986 3811 3063 γίνῃ

2165 3077 2242 3144 τῷ
2284 3073 2431 3148 νόμῳ
2487 3077 2564 3148 τῷ
2632 3073 3012 3154 ἀπαγορεύοντι
3083 3076 3160 3152 μὴ
3237 3089 3515 3132 κοινωνεῖν
3584 3072 3815 3132 εἰδώλων

429 3159 610 3220 Multa
638 3166 836 3220 autem
869 3157 986 3239 illis
1017 3159 1317 3239 prohibita
1345 3169 1504 3241 sunt,
1534 3179 1652 3221 non
1672 3160 1830 3241 quod
1850 3160 2085 3241 impura

2171 3162 2468 3241 τραπέζαις.
2502 3171 2578 3221 Ex
2605 3165 2705 3230 τῆς
2759 3171 2850 3220 τοῦ
2907 3167 3077 3240 νόμου
3125 3165 3213 3222 οὖν
3287 3161 3634 3230 παραϐάσεως
3687 3185 3812 3220 κοι-

430 3255 650 3323 essent,
687 3247 790 3309 sed
817 3255 880 3309 ut
897 3248 1736 3331 adeliciis-compescerentur.
1761 3250 2086 3312 Veritatem

429 3355 564 3398 vero
596 3337 738 3398 dicit
787 3337 970 3400 ﬁdem
1024 3357 1156 3420 quin
1209 3339 1270 3400 in
1327 3337 1630 3402 Christum
1686 3347 1797 3401 est.
1839 3363 1861 3396 ιι
1919 3339 2085 3412 Quod

432 3425 626 3486 omnis
656 3433 928 3488 creatura
955 3427 1064 3488 Dei
1085 3427 1240 3490 bona
1262 3427 1359 3491 sit.
1382 3448 1414 3490 ›
1439 3428 1525 3490 De
1549 3428 1870 3491 esculentis
1890 3428 2080 3510 loqui-

431 3523 550 3578 tur.
584 3513 656 3576 Et
677 3516 800 3596 jam
831 3515 1073 3578 illorum
1105 3535 1339 3598 quoque
1362 3526 1582 3579 sectam
1601 3517 1802 3589 diruit,
1828 3519 1929 3598 qui
1961 3536 2081 3580 ma-

431 3603 634 3665 teriam
666 3603 988 3683 ingenitam
1037 3607 1402 3687 asserebant,
1437 3625 1506 3668 ac
1533 3605 1696 3668 CIbOS
1725 3606 1890 3668 illius
1945 3627 2080 3670 esse

427 3691 730 3753 dicebant.
772 3713 800 3753 ‹
827 3692 899 3754 Ει
925 3693 1070 3756 ηἰῧὶι
1101 3695 1518 3774 rejiciendum.
1557 3720 1584 3750 ι
1632 3694 1834 3776 Itaque
1884 3715 2079 3779 neque

427 3780 821 3861 idolothytum
850 3783 1244 3862 rejiciendum
1301 3793 1407 3858 est,
1448 3783 1622 3847 modo
1652 3803 1784 3846 cum
1811 3787 2078 3848 oratione

425 3877 712 3944 sumatur,
743 3870 792 3930 si
823 3869 1062 3948 ignores
1094 3891 1106 3934 :
1138 3873 1416 3953 quoniam
1449 3893 1514 3935 ex
1548 3873 1683 3950 lege
1713 3892 1851 3936 reus
1870 3876 2076 3937 efﬁce-

425 3955 512 4017 ris
541 3975 670 4037 quae
695 3961 963 4038 praecipit
993 3979 1068 4021 ne
1123 3960 1470 4022 immundus
1519 3961 1795 4024 reddaris
1856 3964 2080 4026 mensis

430 4044 726 4107 idolorum
755 4065 769 4110 :
805 4066 875 4109 ex
904 4051 1379 4129 transgressione
1407 4069 1544 4130 ergo
1568 4050 1714 4130 legis
1738 4051 2080 4116 immundus

427 4132 700 4195 redditur
735 4152 748 4194 :
783 4138 1287 4215 quemadmodum
1316 4139 1491 4201 etiam
1523 4141 1678 4220 quod
1711 4141 1952 4204 omnino
1976 4160 2080 4223 pu-

425 4242 560 4287 rum
590 4235 698 4301 est,
735 4235 794 4288 et
820 4227 950 4290 sine
978 4230 1298 4309 gratiarum
1359 4233 1589 4293 actione
1618 4241 1904 4310 sumatur,
1958 4236 2076 4296 im-

431 4313 717 4376 mundum
739 4316 1012 4380 redditur
1033 4327 1276 4401 propter
1293 4320 1679 4384 voluntariam
1695 4330 1852 4384 tuam
1877 4323 2078 4402 ingra-

2169 3258 2345 3308 νοῦτσιιι
2385 3273 2397 3286 ο
2445 3252 2622 3332 ὥσπερ
2679 3252 2768 3310 οὖν
2810 3255 2899 3310 καὶ
2925 3256 2985 3312 τὸ
3040 3256 3263 3334 καθαρὸν
3310 3252 3582 3318 παντελῶς
3642 3255 3815 3333 εὔχα-

2169 3344 2367 3421 ριστίας
2396 3339 2798 3417 λαμϐάνόμενον
2827 3341 2976 3423 δίχα,
3031 3350 3317 3419 κοινοῦται,
3365 3343 3450 3400 διὰ
3503 3343 3605 3410 τὴν
3661 3341 3812 3422 ἀχά-

2166 3433 2342 3510 ριστόν
2387 3454 2480 3489 σου
2537 3433 2857 3511 προαίρεσιν,
2911 3454 2936 3489 ε
2999 3423 3295 3512 ’Λγιάζεται
3339 3435 3438 3512 γὰρ
3509 3430 3594 3488 διὰ
3649 3430 3812 3510 λόγου

2161 3520 2293 3576 Θεοῦ
2333 3519 2428 3576 καὶ
2486 3518 2780 3585 ἐντεύξεως.
2831 3543 2859 3576 ι
2905 3523 2965 3577 Ei
2993 3522 3286 3602 ἁγιάζεται,
3333 3526 3515 3581 οὐκοῦν
3557 3521 3639 3577 ὅτι
3667 3521 3810 3578 ἀκά-

2157 3611 2343 3688 θαρτόν
2388 3609 2496 3666 ἐστι
2531 3627 2547 3689 ;
2608 3610 2697 3673 Μὴ
2741 3610 2946 3687 γένοιτο
2976 3609 2990 3672 l
3045 3611 3222 3668 πάντα
3246 3612 3345 3689 γὰρ
3387 3611 3587 3690 καθαρά
3621 3629 3634 3645 ·
3666 3609 3805 3668 ἀλλὰ

2159 3697 2247 3755 δύο
2313 3701 2515 3766 τίθησιν
2565 3699 2782 3758 ἐνταῦθα
2852 3698 3114 3780 κεφάλαια
3169 3701 3302 3778 πρὸς
3369 3700 3596 3765 ἐκείνους
3677 3702 3801 3764 τοὺς

2159 3787 2424 3867 ἂκάθαρτά
2468 3810 2584 3844 τινα
2641 3795 2746 3845 τῶν
2799 3789 3092 3867 βρωμάτων
3150 3787 3416 3852 λένοντας.
3494 3799 3586 3848 Οτι
3643 3796 3796 3870 πρῶ-

2157 3900 2248 3934 τον
2305 3879 2425 3957 μὲν,
2483 3884 2588 3934 πᾶν
2643 3880 2837 3954 κτίσμα
2880 3884 3009 3934 Θεοῦ
3067 3877 3253 3951 καλὸν,
3311 3880 3398 3935 καὶ
3451 3878 3594 3936 οὐδὲν
3662 3880 3804 3936 ἀκά-

2159 3971 2366 4046 θαρτον.
2415 3969 2472 4024 Εἰ
2531 3965 2586 4024 δέ
2640 3989 2720 4031 τις
2777 3966 2888 4041 δῴη
2955 3969 3092 4025 κατὰ
3134 3968 3514 4049 συγχώρησενΔ
3554 3969 3696 4026 εῖναι
3751 3991 3802 4025 τι

2161 4057 2474 4136 ἀκάθαρτον,
2508 4055 2582 4112 ἔνι
2625 4057 2712 4113 καὶ
2752 4056 2917 4120 οὕτως
2945 4047 3245 4137 φάρμακον,
3265 4047 3466 4136 Ῠφησίν.
3503 4047 3803 4136 ’.ἁγιάζεται

2160 4147 2259 4224 γὰρ
2289 4143 2372 4201 διὰ
2399 4143 2562 4224 λόγου
2589 4153 2741 4225 Θεοῢ,
2793 4145 3051 4216 τουτέστι,
3100 4143 3167 4202 δι’
3213 4146 3404 4225 εὐχῆς.
3437 4148 3803 4226 Πρωθύστερον

2160 4234 2214 4292 δὲ
2239 4249 2415 4292 κεῖται
2448 4252 2463 4268 ⁶
2501 4236 2599 4292 Διὰ
2627 4236 2726 4314 γὰρ
2753 4233 2912 4313 λόγου
2939 4236 3026 4291 καὶ
3066 4233 3339 4301 ἐντεύξεως
3379 4240 3479 4302 τῆς
3511 4238 3642 4313 πρὸς
3672 4238 3803 4293 Θεὸν

2160 4323 2469 4402 γινομένης.

425 4402 767 4493 titudinem.
807 4427 830 4461 α
875 4405 1289 4472 Sanctiﬁcatur
1319 4409 1478 4473 enim
1509 4429 1614 4491 per
1645 4429 1983 4474 sermonem
2029 4414 2138 4478 Dei
2186 4423 2246 4476 et
2289 4410 2642 4474 orationem.
2681 4435 2707 4467 ι
2743 4409 2803 4474 Si
2837 4411 3262 4488 sanctiﬁcatur,
3312 4413 3376 4475 ﬁt
3418 4412 3600 4493 igitur
3653 4413 3804 4476 illud

430 4491 572 4571 quia
602 4492 975 4584 immundum
1010 4497 1185 4559 erat?
1223 4500 1650 4580 Nequaquam!
1682 4519 1816 4560 nam
1850 4502 2051 4564 omnia
2101 4500 2321 4564 munda
2365 4507 2548 4562 sunt:
2605 4499 2711 4561 sed
2759 4499 2875 4562 duo
2923 4501 3092 4581 ponit
3140 4501 3240 4564 hic
3290 4491 3492 4584 capita
3516 4501 3802 4564 adversus

433 4581 670 4672 eosuqui
701 4581 868 4672 cibos
898 4583 1125 4666 aliquos
1156 4588 1495 4650 immundos
1524 4607 1655 4651 esse
1685 4588 1969 4651 dicebant
2001 4609 2014 4654 :
2071 4591 2324 4672 primum
2371 4587 2614 4669 quidem
2654 4588 2814 4668 quod
2845 4589 3040 4651 omnis
3071 4598 3342 4652 creatura
3362 4581 3483 4654 Dei
3513 4590 3670 4654 bona
3697 4589 3800 4666 sit,

432 4669 701 4760 nihilque
724 4671 1099 4737 immundum
1135 4684 1263 4738 est:
1301 4677 1458 4759 quod
1491 4681 1539 4740 si
1571 4678 1702 4759 quis
1751 4679 1928 4742 etiam
1991 4669 2356 4743 admittendo
2407 4677 2590 4740 donet
2645 4677 2867 4759 aliquid
2922 4697 3057 4740 esse
3117 4679 3514 4760 immundum,
3569 4677 3808 4742 accedit

432 4759 545 4850 hoc
577 4761 752 4822 etiam
779 4763 954 4826 modo
985 4766 1397 4849 pharmacum,
1428 4767 1621 4849 inquit
1653 4788 1666 4831 :
1701 4769 2103 4833 sanctificatur
2133 4769 2293 4833 enim
2326 4786 2432 4849 per
2465 4785 2804 4830 sermonem
2833 4766 2964 4844 Dei,
2992 4768 3104 4830 hoc
3135 4775 3248 4845 est,
3287 4787 3394 4850 per
3441 4759 3801 4832 orationem.

424 4845 675 4997 Sonitur
707 4859 902 4914 autem
951 4845 1162 4916 ordine
1203 4845 1611 4938 praepostero:
1660 4877 1793 4920 nam
1846 4859 2195 4940 intelligitur
2241 4845 2385 4920 sic:
2432 4855 2547 4919 Per
2593 4873 2932 4920 sermonem
2969 4863 3029 4919 et
3073 4845 3405 4920 ora-tionem
3441 4874 3572 4938 qua
3625 4854 3704 4916 sit
3729 4854 3804 4916 ad

477 4954 636 4997 eum.

477 4954 636 5001 eum.

502 5024 604 5100 IV,
637 5029 694 5102 6,
718 5030 768 5089 7".
801 5028 890 5091 De
912 5032 1076 5095 hvisst'
1111 5037 2080 5116 commonescerisfratrsbonus

2253 5059 2281 5093 ε
2355 5043 2527 5094 Ταῦτα
2606 5034 2978 5111 ὑποτιθέμενος
3069 5049 3184 5100 τοτς
3281 5033 3560 5116 ἀδελφοῖς.
3642 5032 3806 5098 καλὸς

420 5117 542 5205 eris
575 5118 853 5205 minister
877 5119 1018 5182 Iesu
1049 5121 1310 5198 Christi,
1345 5110 1658 5188 enutritus
1703 5110 2079 5188 sérmmibus

2319 5122 2560 5188 διάκονος
2615 5110 2829 5190 Ἰησοῦγ
2878 5130 3124 5205 Χριστοῦ,
3214 5110 3590 5204 ἐντρεφόμενος
3686 5135 3806 5186 τοῖς

423 5203 570 5294 fidei
590 5204 872 5287 bonaque
900 5210 1216 5287 doctrinm,
1267 5231 1452 5294 quam
1483 5232 1670 5294 usque
1722 5221 1961 5278 secutus
1989 5233 2073 5278 es.

2171 5216 2342 5293 λόγοις
2385 5219 2484 5280 τῆς
2528 5214 2754 5276 πίστεως
2784 5214 2870 5268 καὶ
2911 5203 3009 5280 τῆς
3040 5203 3210 5280 καλῆς
3237 5211 3596 5288 διδασκαλίας,
3628 5210 3663 5287 ᾗ
3692 5233 3805 5267 πα·-

423 5289 723 5357 Cateru-m
745 5297 939 5361 aniles
966 5307 1020 5362 et
1043 5289 1389 5382 prophaiws
1409 5303 1474 5382 fu
1487 5289 1661 5366 bulas
1691 5307 1891 5376 refice.

2171 5289 2582 5381 ρηκολούθηκας.
2619 5302 2752 5365 Τοὺς
2780 5298 2835 5356 δὲ
2889 5299 3147 5378 βεϐήλους
3199 5304 3296 5358 καὶ
3328 5298 3584 5382 γραώδεις
3613 5299 3805 5375 μύθους

2157 5413 2434 5470 παραιτου.
2469 5415 2496 5445 ι

513 5467 636 5561 ξΒε
653 5470 764 5561 his.
778 5498 804 5531 ι
830 5472 1058 5544 Quibus
1075 5476 1105 5538 ‘?
1127 5477 1270 5550 Quae
1297 5481 1376 5542 de
1390 5481 1668 5561 mysterio
1707 5489 1843 5542 sunt
1865 5489 1923 5542 et
1943 5499 2074 5561 quae

2243 5501 2267 5537 ε
2307 5490 2502 5542 Ταῦτα,
2545 5504 2570 5535 ι
2608 5480 2746 5536 Ποῖα
2779 5499 2804 5559 ;,
2829 5481 2905 5538 Τὰ
2946 5482 3063 5560 περὶ
3106 5491 3206 5540 τοῦ.
3229 5480 3534 5559 μυστηρίου,
3582 5479 3648 5536 τὰ
3688 5479 3809 5556 περὶ

422 5558 495 5620 de
509 5557 1113 5650 haeresibus,quaeque
1125 5567 1199 5627 de
1211 5567 1359 5631 cibis
1372 5557 2075 5630 retexuit.Animadvérte

2171 5572 2261 5625 :th
2322 5569 2592 5646 αἱρέσεων,
2655 5570 2718 5625 τὰ
2771 5557 2886 5647 περὶ
2931 5557 3036 5625 τῶν
3087 5557 3415 5650 βρωμάτων,
3471 5569 3604 5648 ἅπερ
3658 5589 3810 5623 -κατ-

423 5653 625 5710 autem
674 5647 833 5728 quod
892 5668 1010 5712 non
1070 5653 1329 5719 dixerit:
1386 5656 1449 5718 Si
1500 5657 1774 5737 jusseris,
1827 5655 1977 5718 sed:
2012 5655 2076 5717 Si

2171 5657 2353 5724 ίλεξεν,
2410 5665 2527 5737 ὀρα
2572 5657 2648 5734 δὲ,
2687 5660 2780 5716 οὐκ
2809 5659 2956 5738 εἶπε,
2993 5647 3252 5739 Κελεύων,
3285 5657 3426 5735 ἀλλ’,
3463 5683 3485 5714 ε
3536 5647 3814 5714 ’Υποτιθὲ-
