4140 6212
462 337 574 402 170

1589 341 1994 406 CECUMENII
2039 338 2332 402 TRICC/E
2375 341 2708 406 EPISCOPI

3713 330 3832 396 180

457 472 717 552 operari,
744 475 885 537 959
905 473 1011 538 sed
1031 482 1091 538 et
1115 475 1422 538 mulieres.
1443 473 1638 538 Omne
1663 476 1822 536 enim
1875 472 2097 535 malum

2186 489 2268 524 σαι
2298 471 2418 536 τοὺς
2476 470 2812 536 ἐπεισάκτους
2884 469 3070 550 ἄνδρας
3115 471 3480 552 χορηγοῦντας
3552 471 3738 530 αὖταῖς
3766 469 3833 525 τὰ

457 579 530 624 ex
559 563 679 625 otio
701 564 984 645 gignitur.
1011 563 1244 628 (Simul
1283 569 1342 625 et
1383 563 1585 626 otiosae
1607 563 1864 626 discunt.
1894 587 1919 619 ι
1950 561 2102 634 Quo-

464 651 641 714 modo
672 661 870 716 autem
903 653 1106 716 otiosa
1151 651 1388 715 discunt
1415 651 1446 712 ‘?
1487 651 1786 714 Habentes
1814 650 2105 713 ascititios

457 740 617 804 viros
633 742 736 823 qui
758 744 843 805 eis
861 742 1196 804 necessaria
1218 740 1839 822 suppeditent,segnes
1863 740 2104 821 quidem

458 839 596 892 sunt
609 830 681 892 ad
705 847 1121 910 opera,curam
1141 838 1342 892 tamen
1360 829 1582 892 habent
1595 832 1804 892 utvins
1823 829 2107 911 speciosae

459 918 796 981 videantur.
811 921 966 981 «Imo
984 937 1104 982 non
1127 917 1318 981 solum
1338 918 1671 994 otiosa,sed
1689 926 1747 980 et
1759 917 2040 999 garrulae.
2073 941 2098 976 »

452 1005 616 1068 Mens
649 1006 810 1069 enim
835 1006 1009 1069 nobis
1040 1007 1113 1071 ad
1149 1007 1518 1087 operandum
1550 1026 1583 1070 a
1607 1010 1883 1072 Creatore
1914 1006 2100 1069 labri-

464 1102 592 1157 cata
622 1103 734 1158 est.
756 1095 873 1160 Ubi
895 1114 1032 1177 ergo
1056 1095 1276 1160 bonum
1301 1116 1449 1178 opus
1465 1097 1520 1159 ei
1543 1115 1663 1159 non
1688 1096 2103 1159 subministra-

458 1185 744 1266 verimus,
770 1185 898 1266 ipsa
920 1185 1171 1249 assumit
1202 1204 1386 1267 opera
1413 1185 1694 1249 absurda.

536 1274 843 1347 ν,14-16.
879 1272 1021 1338 Volo
1042 1277 1237 1356 igitur
1281 1277 1553 1353 iuniores
1599 1274 1840 1349 nubere,
1879 1275 2104 1338 liberos

452 1379 658 1442 gnere,
696 1362 936 1426 domum
973 1365 1437 1446 administrare,
1459 1362 1701 1427 nullam
1728 1365 2101 1427 occasionem

453 1451 602 1513 dare
649 1451 998 1514 adversario
1035 1460 1101 1515 ut
1124 1451 1346 1516 habeat
1398 1451 1810 1516 maledicendi
1826 1469 2098 1515 causam.

458 1537 606 1600 Jam
626 1543 786 1601 enim
812 1540 1114 1604 nonnulla
1162 1543 1550 1621 deﬂewerunt
1601 1551 1735 1624 post
1775 1543 2102 1608 Satanam.

461 1625 626 1701 Quod
655 1630 709 1690 si
737 1629 873 1709 quis
900 1629 1119 1709 ﬁdelis,
1148 1636 1446 1710 autsiqua
1460 1630 2103 1711 ﬁdelishabetviduas,

2183 559 2313 637 πρὸς
2350 561 2558 640 χρείαν,
2629 566 2735 617 τῶν
2794 561 2891 637 μὲν
2948 559 3115 640 ἔργων
3176 559 3508 639 ῥᾳθυμοῦσιν,
3563 556 3708 620 ὅπως
3779 555 3835 612 δὲ

2186 647 2517 728 εὐπρόσωποι
2593 663 2710 714 τοῖς
2793 648 3004 729 ἀνδράσι
3084 647 3325 724 δόξωσιν,
3429 647 3830 725 ἐπιμελοῦνται.

2191 755 2222 795 (
2253 739 2324 794 Οὔ
2365 737 2526 813 μόνον
2556 737 2611 794 δὲ
2655 738 2832 819 ἀργαὶ,
2891 737 3025 796 ἀλλά
3079 741 3167 796 καὶ
3224 737 3468 819 φλύαροι.
3505 762 3532 794 η
3583 735 3832 815 Ἐνεργὸς

2188 825 2287 905 γὰρ
2316 827 2344 882 ὁ
2375 833 2492 907 νοῦς
2561 829 2699 902 ἡμῖν
2749 829 2891 907 παρὰ
2957 837 3049 888 τοῦ
3123 837 3460 907 Δημιουργοῦ
3515 826 3836 883 κατεσκεύα-

2191 937 2332 978 σται,
2383 905 2556 973 ιὈταν
2587 915 2675 973 οὖν
2705 905 2847 992 αὒτῷ
2898 939 2976 994 μη
3031 915 3203 994 δῶμεν
3259 905 3502 995 ἐργασίαν
3559 915 3828 997 χρηττὴν,

2190 1005 2346 1068 αὐτὸς
2385 1002 2797 1081 ἐπιλαμϐάνεται
2828 1005 3073 1086 ἐργασίας
3105 1004 3423 1086 ἀτόπου[ς].

2272 1292 2297 1327 α
2360 1269 2624 1346 Βούλομαι
2696 1271 2785 1328 οὖν
2855 1271 3110 1352 νεωτέρας
3189 1285 3407 1352 γαμεῖν,
3468 1286 3826 1352 τεκιογονεῖν,

2185 1358 2610 1434 οἰκοδεσποτεῖν,
2728 1359 2991 1438 μηδεμίαν
3124 1361 3371 1442 ἀφορμὴν
3477 1359 3670 1418 διδόναι
3752 1368 3832 1436 τῷ

2186 1449 2532 1525 ἀντικειμένῳ
2591 1428 2884 1528 ’λοιδορίας
2989 1428 3185 1531 χάριν..
3232 1428 3416 1518 ’ἬΗδη
3509 1453 3610 1531 γὰρ
3689 1428 3830 1514 τινες

2187 1536 2546 1618 ἐξετράπησαν
2595 1539 2764 1596 ὀπίσω
2823 1548 2919 1599 τοῦ
2987 1546 3220 1601 Σατανᾶ.
3283 1539 3349 1597 Εἴ
3419 1563 3507 1604 πις
3551 1542 3738 1604 πιστὸς
3781 1542 3819 1608 ἢ

2931 1629 3222 1708 ἐπαρκείτω
3316 1629 3528 1710 αὒταῖς,
3601 1631 3687 1685 καὶ
3742 1632 3824 1704 μὴ

2187 1619 2349 1696 πιστὴ
2405 1627 2526 1708 ἔχει
2622 1629 2821 1709 χήρας,

457 1717 785 1796 seppeditet
814 1717 966 1798 illis,
1000 1724 1058 1781 et
1085 1735 1210 1780 non
1263 1725 1549 1782 oneretur
1595 1719 1896 1795 Ecclesia,
1928 1727 1994 1782 ut
2027 1720 2100 1782 iis

2187 1715 2440 1794 βαρείσθω
2499 1717 2535 1784 ἡ
2617 1715 2934 1798 Ἐκκλησία,
3010 1717 3103 1774 ἵνα
3179 1729 3299 1782 ταῖς
3382 1717 3548 1782 ὅντως
3619 1719 3820 1798 χήραις

459 1821 594 1884 quos
623 1822 763 1868 vere
791 1814 932 1869 sunt
960 1806 1161 1869 viduae
1192 1813 1492 1887 suppetat.

539 1893 768 1955 Bonum
791 1894 1031 1975 quidem
1050 1895 1258 1958 fuisset
1279 1903 1346 1958 ut
1361 1914 1504 1979 quae
1526 1897 1879 1959 semel'inter
1899 1896 2104 1960 viduas

467 1982 692 2044 allectaa
717 1992 939 2060 essent,
972 2003 1091 2045 non
1120 1985 1333 2046 lascive
1361 1993 1608 2064 agerent
1635 1986 1916 2048 adversus
1940 1985 2106 2048 Chri-

463 2077 643 2152 stum,
668 2090 863 2153 neque
879 2073 1129 2154 primam
1156 2072 1332 2135 ﬁdem
1356 2074 1697 2154 rejicerent.
1723 2073 1942 2137 Verum
1967 2075 2104 2156 quia

461 2159 572 2222 hoc
594 2160 838 2238 faciunt,
863 2161 1091 2224 nubant
1117 2183 1131 2225 :
1167 2163 1392 2242 seipsas
1423 2161 1657 2225 Christo
1688 2182 1806 2225 non
1838 2164 2104 2245 despon-

463 2248 662 2331 deant,
695 2257 754 2313 et
782 2252 863 2313 ita
917 2249 1185 2314 nubant:
1229 2251 1340 2313 hoc
1388 2251 1551 2314 enim
1611 2259 1853 2332 peccato
1911 2260 2100 2329 vacat,

459 2336 608 2400 illud
625 2357 764 2401 vero
787 2339 1035 2420 impium
1062 2355 1146 2402 es:
1165 2347 1223 2402 et
1245 2341 1828 2406 scelestum.lllarum
1847 2361 2106 2423 namque

461 2425 713 2489 inhiatio
745 2435 804 2489 et
832 2429 1108 2490 socordia
1135 2429 1215 2490 ita
1241 2438 1549 2491 coercetur
1579 2430 1923 2493 exuberanti
1957 2432 2104 2494 afﬂi-

461 2514 659 2578 ctione
689 2524 747 2579 et
764 2535 926 2580 cura.
962 2542 983 2575 ι
1013 2517 1248 2580 Nullam
1262 2519 1635 2581 occasionem
1667 2521 1807 2582 dare
1823 2520 2098 2582 adversa-

457 2603 573 2666 rio.
609 2626 632 2663 ι
669 2605 731 2668 Si
763 2607 921 2668 enim
951 2615 1116 2668 recta
1155 2607 1484 2688 nupserint,
1522 2627 1640 2670 non
1672 2609 1836 2688 prius
1867 2610 2100 2672 Christo

459 2692 852 2774 desponsatas,
879 2695 953 2757 ad
985 2693 1381 2758 maledicendi
1444 2696 1822 2759 occasionem
1875 2697 2103 2779 seipsas

461 2799 582 2844 non
614 2781 934 2847 deducent.
959 2786 1090 2848 Non
1119 2792 1183 2846 ut
1231 2783 1363 2846 sine
1413 2785 1626 2847 timore
1657 2785 1850 2848 vivant
1876 2785 2104 2850 nubere

460 2872 762 2953 praecepit,
797 2873 902 2936 sed
934 2881 996 2936 ut
1025 2875 1185 2936 curis
1211 2891 1453 2955 pressae,
1505 2875 1869 2954 prospiciant
1900 2883 1962 2937 ut
1989 2875 2100 2939 de-

461 2967 668 3026 center
696 2963 917 3026 vivant.
959 2989 982 3019 «
1009 2966 1138 3025 Jam
1161 2962 1323 3026 enim
1347 2963 1647 3025 nonnullae
1665 2964 2096 3030 deﬂexerunt.»

464 3048 660 3124 Quare
714 3058 914 3114 autem
1003 3059 1224 3114 tantam
1296 3051 1728 3114 observantiam
1783 3053 1942 3114 cirea
1996 3041 2160 3117 hasC

459 3139 742 3217 habuisti,
764 3147 824 3202 et
840 3141 1127 3222 majorem
1156 3140 1260 3222 qui
1285 3140 1442 3202 circa
1495 3140 1786 3219 virgines?
1810 3141 1958 3214 Quia
1987 3142 2098 3219 hae,

459 3225 674 3308 inquit,
728 3227 1103 3291 occasionem
1153 3227 1471 3305 dederunt,
1531 3227 1918 3292 deﬂectentes
1973 3239 2103 3311 post

461 3314 759 3380 Satanam.
794 3316 942 3380 Nam
973 3318 1099 3380 haec
1129 3317 1283 3392 dico,
1317 3317 1530 3398 inquit,
1568 3337 1686 3379 non
1743 3327 1806 3380 ut
1835 3338 1951 3381 non
1985 3321 2105 3383 sint

459 3404 648 3468 vidua;
662 3407 956 3485 juniores,
982 3406 1084 3469 sed
1110 3406 1335 3469 ueritus
1357 3425 1433 3468 ne
1448 3405 1746 3468 Christum
1763 3408 2095 3489 rejicerem.

463 3519 491 3551 α
527 3493 693 3568 Quod
707 3496 906 3578 siquis
931 3495 1148 3560 ﬁdelis.
1181 3520 1208 3552 ι)
1236 3497 1422 3560 Recte
1435 3495 1578 3558 dicit
1608 3496 1705 3560 :Si
1727 3497 1858 3579 quis
1885 3497 2096 3574 ﬁdelis,

456 3591 556 3647 aut
586 3584 775 3667 siqua
800 3585 1016 3650 fidelis.
1077 3586 1227 3648 Nam
1282 3584 1334 3647 si
1393 3584 1668 3648 inﬁdeles
1727 3596 1946 3667 essent,
1983 3607 2102 3650 non

457 3682 765 3754 oporteret
791 3683 856 3737 ut
877 3673 951 3738 ab
977 3675 1067 3738 eis
1092 3674 1416 3749 alerentur,
1449 3692 1524 3735 ne
1538 3674 1884 3736 viderenlur
1897 3676 2104 3739 ﬁdeles

456 3780 632 3842 egere
691 3763 1057 3828 inﬁdelibus.
1110 3767 1406 3828 Praeterea
1435 3781 1671 3845 quoque
1702 3763 2102 3843 legislationes

454 3851 589 3913 illos
609 3861 980 3916 concernunt
1011 3853 1113 3934 qui
1135 3854 1280 3936 ipsis
1311 3861 1543 3934 parent,
1566 3871 1682 3914 non
1707 3870 1811 3914 eos
1834 3853 1934 3934 qui
1965 3854 2102 3917 sub-

447 3940 594 4020 jecti
625 3959 746 4003 non
801 3949 960 4006 sunt.
1026 3967 1052 3999 ο
1083 3942 1436 4024 Suppeditet
1482 3942 1621 4005 illis.
1661 3967 1685 4001 ο
1725 3943 1874 4006 Rem
1923 3943 2100 4007 faciat

458 4047 589 4109 quae
601 4029 850 4092 minime
871 4031 1012 4092 240
1031 4031 1224 4112 gravis
1236 4049 1368 4094 esse
1398 4031 1602 4094 debet.
1643 4032 1761 4093 Per
1783 4031 1896 4092 hoc
1938 4033 2094 4094 enim

455 4119 614 4198 quod
644 4119 745 4194 ait,
781 4121 1096 4201 ἐπαρκείτω,
1128 4120 1188 4181 id
1245 4127 1359 4200 est,
1411 4119 1769 4200 suppeditet,
1817 4137 2097 4182 necessa-

460 4206 615 4268 rium
646 4209 997 4289 signiﬁcavit
1051 4210 1423 4273 alimentum.
1484 4233 1507 4264 α
1545 4207 1616 4269 Ει
1667 4225 1783 4268 non
1816 4216 2101 4271 oneretur

2185 1803 2452 1884 ἐπαρκέσῃ
2463 1851 2479 1868 .
2513 1829 2541 1860 n
3423 1832 3426 1835 ·

2265 1894 2337 1952 Τὸ
2365 1893 2464 1968 μὲν
2492 1891 2654 1949 καλὸν
2681 1893 2772 1974 ἦν,
2830 1891 2966 1959 ἅπαξ
3020 1905 3142 1958 ταῖς
3195 1894 3392 1973 χήραις
3448 1890 3829 1972 καταλεγείσας

2185 1981 2262 2057 μὴ
2328 1988 2715 2060 καταστρηνιᾷν
2789 1992 2883 2042 τοῦ
2951 1982 3193 2062 Χριστοῦ,
3273 1979 3408 2058 μηδέ
3465 1981 3670 2038 ἀθετεῖν
3727 1983 3829 2049 τὴν

2184 2069 2400 2150 πρώτην
2429 2071 2625 2134 πίστιν.
2683 2071 2900 2139 Ἐπειδὴ
2959 2069 3015 2128 δὲ
3075 2079 3229 2129 τοῦτο
3291 2073 3518 2143 ποιοῦσι,
3552 2072 3828 2149 γαμείτω-

2186 2182 2306 2236 σαν,
2334 2161 2422 2217 καὶ
2479 2161 2557 2236 μὴ
2601 2162 3044 2240 κατεγγυάτωσαν
3101 2161 3289 2226 ἑαυτὰς
3344 2166 3421 2235 τῷ
3475 2167 3703 2238 Χριστῷ,
3737 2162 3833 2216 καὶ

2187 2249 2354 2314 οὕτως
2382 2251 2737 2329 γαμείτωσαν.
2799 2251 2870 2309 Τὸ
2927 2251 3024 2326 μὲν
3081 2250 3180 2328 γὰρ
3236 2249 3629 2328 ἀναμάρτητον,
3688 2251 3750 2305 τὸ
3779 2248 3829 2304 δ’

2188 2337 2418 2401 ἀνόσιον.
2464 2341 2534 2398 Τὸ
2579 2341 2677 2418 γὰρ
2731 2341 2967 2419 κεχηνὸς
3010 2341 3180 2396 αὐτῶν
3229 2339 3317 2394 καὶ
3385 2338 3639 2415 ῥῄθυμον,
3686 2337 3827 2396 οὕτω

2185 2435 2310 2506 γοῦν
2367 2427 2804 2506 καταστέλλεται,
2889 2435 2957 2505 τῇ
3055 2425 3398 2505 περισσοτέρᾳ
3479 2426 3651 2502 θλίψει
3733 2428 3825 2483 καὶ

2199 2475 2306 2506 δ””’
2370 2475 2434 2484 ””
2448 2475 2528 2484 ⁷⁷⁷⁷
2547 2475 2687 2484 “”“““
2703 2475 2804 2508 ’“”
2900 2475 2957 2505 "I'
3063 2475 3398 2505 "'l'"""|"r
3484 2475 3651 2502 ""T"
3735 2475 3825 2483 ’⁷’”’

2183 2519 2432 2602 φροντίδι,
2512 2541 2546 2602 ς.
2599 2519 2872 2596 Μηδεμίαν
2927 2521 3170 2601 ἀφορμὴν
3225 2517 3418 2576 διδόναι
3475 2527 3550 2594 τῷ
3599 2519 3826 2576 ἀντικει-

2185 2589 2348 2685 μένῳ.
2431 2631 2453 2668 α
2521 2589 2603 2667 Ἂν
2661 2589 2760 2689 γὰρ
2807 2609 2857 2675 ἐς
2917 2589 3073 2689 ὄρθου
3121 2610 3403 2687 γαμήσωσι
3466 2589 3542 2683 μη
3571 2609 3823 2688 πρότερον

2186 2697 2373 2762 ἑαυτὰς
2433 2704 2645 2778 Χριστῷ
2736 2700 3189 2777 κατεγγυήσασαι,
3271 2697 3366 2752 οὐκ
3432 2697 3505 2760 εὶς
3577 2695 3823 2776 ἀφορμὴν

2184 2784 2441 2866 λοιδορίας
2503 2786 2732 2853 ἥξουσιν.
2793 2788 2908 2867 Οὐχ
2963 2787 3056 2842 ἵνα
3113 2784 3168 2842 δὲ
3219 2783 3384 2847 ἀδεῶς
3440 2785 3592 2860 ζῶσι,
3626 2799 3828 2863 γαμεῖν

2183 2873 2518 2953 προσέταξεν,
2554 2873 2674 2932 ἀλλ’
2733 2875 2826 2931 ’ίνα
2909 2887 3030 2940 ταῖς
3100 2874 3330 2956 φροντίσι
3383 2873 3821 2962 γυῦνύπιεζόμε-

2185 2987 2289 3044 ναι,
2354 2971 2445 3021 τοῦ
2523 2966 2757 3040 κοσμίως
2855 2970 2947 3041 ζῇν
3004 2965 3392 3043 προνοήσωσιν.
3433 2986 3461 3017 ι
3543 2961 3656 3029 Ηδη
3725 2965 3826 3041 γὰρ

2183 3075 2319 3120 τινες
2350 3052 2726 3134 ἐξετράπησαν.
2767 3075 2791 3112 ι
2844 3055 2943 3112 Διὰ
2991 3051 3132 3110 τίδὲ
3187 3053 3446 3119 τοσαύτην
3505 3050 3824 3132 παραφυλα-

2183 3144 2284 3211 κήν
2316 3146 2434 3223 περὶ
2462 3147 2630 3223 αὐτῶν
2688 3143 2948 3218 ἐποιήσω,
2994 3143 3082 3199 καὶ
3145 3141 3314 3198 πλείω
3369 3140 3502 3220 ἤπερ
3561 3141 3645 3197 ἐπὶ
3715 3146 3821 3196 τῶν

2183 3231 2450 3312 παρθένων
2483 3252 2499 3313 ;
2567 3221 2696 3291 εὈτι
2739 3233 2912 3310 αὐταὶ,
2971 3233 3120 3313 φησὶ,
3170 3231 3269 3298 τὴν
3311 3230 3556 3310 ἀφορμὴν
3585 3228 3822 3286 δεδώκα-

2186 3343 2267 3379 σιν
2332 3321 2662 3400 ἐκτραπῆσαι
2748 3322 2917 3378 ὀπίσω
3000 3327 3090 3376 τοῦ
3170 3325 3402 3381 Σατανᾶ,
3465 3326 3638 3377 Ταῦτα
3693 3320 3817 3397 γὰρ,

2185 3411 2333 3492 φησὶ,
2369 3410 2535 3490 λέγω,
2567 3411 2670 3490 οὐχ
2711 3410 2804 3467 ’ίνα
2862 3411 2939 3486 μὴ
2993 3411 3091 3465 ὦσι
3143 3409 3390 3488 νεώτεραι
3450 3413 3642 3488 χῆραι,
3687 3407 3823 3464 ἀλλά

2185 3497 2429 3564 δεδοικὼς
2477 3500 2554 3575 μὴ
2611 3501 2702 3556 τὸν
2757 3499 2981 3578 Χριστὸν
3035 3499 3354 3568 ἀθετήσωσι.
3406 3517 3430 3554 α
3479 3495 3545 3554 Εἴ
3602 3519 3680 3561 τις
3723 3519 3820 3552 πι-

2185 3589 2331 3653 στός,
2371 3611 2395 3645 ι)
2436 3586 2622 3653 Καλῶς
2672 3590 2755 3651 τὸ.
2811 3589 2998 3652 Πιστὸς
3056 3586 3092 3656 ἢ
3149 3587 3336 3654 πιστὴ,
3411 3587 3468 3644 El
3521 3587 3619 3664 γὰρ
3686 3586 3822 3653 ἦσαν

2184 3678 2420 3750 ἄπιστοι,
2476 3680 2570 3735 οὐκ
2624 3675 2726 3734 ἔδει
2782 3677 2908 3756 παρ’
2963 3677 3133 3734 αὐτῶν
3214 3674 3544 3762 τρέφεσθαιλ,
3580 3675 3671 3730 ’ίνα
3741 3675 3820 3751 μὴ

2183 3765 2369 3835 δόξωσι
2400 3766 2601 3824 δέεσθαι
2661 3769 2712 3822 αἱ
2766 3767 2946 3822 πισταὶ
3013 3770 3118 3821 τῶν
3190 3764 3444 3822 ἀπίστων.
3533 3761 3722 3826 νΑλλως
3767 3763 3822 3819 δὶ

2183 3858 2428 3937 καὶπρὸς
2459 3857 2581 3919 τοὺς
2611 3854 2950 3930 πειθομένους
3007 3855 3060 3910 αἱ
3116 3851 3436 3929 νομοθεσίαι,
3499 3853 3559 3908 οὒ
3612 3853 3734 3916 τοὺς
3765 3854 3827 3908 οὖ

2182 3945 2654 4022 πεισθησομένους,
2732 3967 2759 3999 α
2794 3941 3118 4024 Ἐπαρκείτω
3211 3944 3421 4004 αὐταῖς.
3498 3961 3527 4000 ι
3606 3937 3826 4019 Ἀϐαρὲς

2180 4035 2396 4092 ποιείτω
2453 4037 2514 4092 τὸ
2573 4040 2812 4112 πρᾶγμα.
2879 4034 2976 4088 Διά
3028 4033 3127 4112 γὰρ
3181 4037 3296 4104 τοῦ,
3353 4029 3670 4109 ἐπαρκείτω,
3724 4031 3827 4096 τὴν

2181 4123 2468 4203 ἀναγκαίαν
2539 4121 2772 4203 ἐδήλωσε
2822 4122 3044 4202 τροφήν.
3115 4140 3138 4176 α
3177 4121 3274 4177 Καὶ
3325 4120 3433 4194 μὴν
3487 4119 3743 4196 βαρείσθω
3785 4121 3821 4186 ἡ

2181 4201 2495 4280 Ἐκκλησία,
2531 4230 2561 4272 ι
2628 4201 2802 4267 υΩιεττε
2859 4201 2908 4267 οἱ
2957 4211 3134 4267 πιστοὶ
3191 4207 3460 4287 τρέφοντες
3500 4209 3592 4272 τὰς
3625 4209 3825 4266 ἑαυτῶν

449 4292 739 4358 Ecclesia.
774 4319 802 4359 ›
839 4297 1042 4380 Itaque
1071 4297 1263 4360 ﬁdelis
1309 4295 1413 4379 qui
1462 4314 1598 4359 suas
1647 4295 1814 4356 alunt
1863 4295 2094 4379 viduas,

2186 4303 2376 4381 χήρας,
2441 4303 2527 4358 καὶ
2612 4313 2734 4366 ταῖς
2786 4304 2884 4366 τῆς
2930 4297 3250 4365 Ἐκκλησίας
3333 4298 3529 4377 χήραις
3587 4294 3821 4372 συμϐάλ.

456 4381 634 4445 etiam
666 4384 946 4450 Ecclesiae
966 4387 1176 4450 viduas
1183 4386 1428 4466 juvant:
1462 4383 1946 4466 quandoquidem
1978 4404 2098 4448 non

451 4475 969 4551 gravataEcelesia
1010 4475 1257 4540 uberius
1283 4475 1401 4536 alet
1421 4493 1564 4556 quas
1583 4473 1710 4554 alit,
1734 4490 1948 4554 nempe
1968 4493 2099 4556 quae

451 4579 592 4626 vere
609 4573 747 4628 sunt
767 4566 982 4641 viduae,
1011 4567 1126 4628 hoc
1149 4564 1486 4646 est.quibus
1505 4563 1702 4626 nullus
1721 4570 1961 4644 praeest,
1991 4563 2095 4626 sed

450 4651 731 4718 desolatas
749 4663 909 4719 sunt.
946 4679 967 4710 ι
987 4655 1064 4720 Ut
1087 4654 1160 4717 iis
1182 4672 1314 4736 quae
1335 4672 1472 4716 vere
1490 4660 1630 4716 sunt
1647 4651 1838 4714 viduae
1868 4670 2093 4733 suppe-

449 4748 552 4805 tat.
585 4767 608 4803 ο
639 4745 792 4808 Vere
815 4744 1004 4808 viduae
1019 4763 1151 4827 quae
1168 4743 1434 4824 undique
1464 4741 1738 4805 desertae‘
1769 4747 1922 4802 sunt.
1945 4740 2090 4804 Nam

447 4832 549 4913 qui
581 4833 694 4898 hoc
707 4835 867 4910 facit,
883 4854 1002 4898 non
1019 4834 1211 4897 solum
1236 4833 1340 4895 alit
1368 4851 1542 4914 quam
1567 4833 1694 4906 alit,
1741 4829 1846 4892 sed
1867 4837 1926 4892 et
1943 4831 2092 4893 reli-

447 4923 582 5004 quis
629 4924 878 4988 multum
929 4923 1182 5006 confert,
1243 4921 1385 4984 dum
1419 4921 1651 4984 occasio
1714 4927 1824 4995 est,
1857 4929 1921 4980 ut
1974 4920 2093 4983 illis

447 5010 852 5078 abundantius
875 5013 1312 5096 suppeditetur.

1057 5099 1302 5166 CAPUT
1345 5099 1472 5165 XII.

836 5193 928 5257 De
948 5193 1433 5274 presbyterorem
1464 5189 1710 5252 honore.

489 5277 556 5353 V,
571 5280 782 5344 17-21.
793 5282 910 5357 Qui
929 5282 1075 5346 bene
1085 5279 1964 5362 prmsunlpresbyteriﬂuplici
1979 5276 2091 5342 ho-

441 5382 592 5429 nore
602 5367 774 5448 digni
786 5369 1424 5434 habeanturmazcime
1436 5369 1485 5430 ii
1498 5369 1606 5448 qui
1616 5367 1892 5431 laborant
1906 5369 1970 5430 in
1985 5385 2096 5431 ser-

438 5471 617 5518 mone
633 5463 689 5519 et
701 5457 997 5522 doctrina.
1010 5459 1176 5522 Dic-it
1196 5455 1604 5537 enimScriptu
1613 5476 1702 5519 ra:
1724 5459 1851 5520 Non
1866 5457 2091 5540 obliga-

443 5543 532 5606 bis
544 5561 611 5607 os
624 5543 761 5608 bovi
775 5547 1217 5611 triluranti.Et
1227 5567 1239 5606 :
1251 5547 1482 5626 Dignus
1499 5554 1585 5609 est
1600 5549 1916 5626 operarius
1928 5566 2092 5610 mer-

437 5633 577 5698 cede
584 5636 1036 5701 sua.Adversus
1046 5637 1338 5700 seniorem
1352 5652 1425 5696 ne
1439 5635 1752 5700 admiseris
1767 5639 2100 5701 accusatio-

2179 4389 2360 4447 λονται
2396 4438 2410 4452 ,
2442 4393 2534 4447 οἷα
2563 4387 2628 4457 δὴ
2686 4389 2764 4465 μὴ
2821 4387 3149 4465 βαρουμένης
3207 4389 3305 4452 τῆς
3357 4385 3701 4459 Ἐκκλησίας,
3733 4388 3823 4442 καὶ

2178 4476 2262 4536 διὰ
2329 4485 2484 4536 τοῦτο
2541 4479 2900 4558 ἀφθονώτερον
2956 4477 3272 4556 τρεφούσης,
3330 4475 3390 4538 ἃς
3448 4475 3647 4554 τρέφει,
3725 4476 3819 4538 τὰς

2177 4567 2339 4634 ὄντως
2376 4567 2579 4636 δηλαδὴ
2640 4570 2850 4648 χήρας,
2899 4567 3138 4625 τουτέστι
3194 4567 3288 4630 τὰς
3346 4565 3819 4648 ἀπροστατεύτους,

2177 4659 2262 4715 καὶ
2293 4645 2693 4734 μεμονωμέναξ.
2727 4645 2762 4712 -α
2812 4646 2851 4669 ”
2880 4667 2964 4714 [να
2992 4669 3114 4720 ταῖς
3157 4655 3324 4718 ὅντως
3354 4656 3580 4733 χήραις,
3624 4678 3643 4709 ι
3686 4645 3820 4713 υΟνο

2175 4769 2280 4811 τως
2329 4752 2498 4827 χῆραι
2595 4748 2646 4803 αἱ
2736 4747 2990 4802 πάντοθεν
3076 4744 3290 4824 ἔρημοι.
3391 4737 3446 4801 Ὀ
3497 4746 3596 4822 γὰρ
3663 4751 3819 4800 τοῦτο

2175 4835 2364 4910 ποιῶν,
2404 4836 2583 4916 φησὶν,
2613 4839 2674 4894 οὗ
2701 4835 2864 4910 μόνον
2913 4834 2979 4902 ἢν
3035 4833 3234 4914 τρέφει,
3307 4831 3504 4913 τρέφει,
3566 4831 3701 4887 ἀλλὰ
3729 4835 3819 4888 καὶ

2173 4937 2295 4988 ταῖς
2367 4923 2582 4990 λοιπαῖς
2668 4923 2804 4981 πολὺ
2886 4919 3263 5000 συμϐάλλεται,
3359 4920 3560 4984 πλάτος
3629 4920 3817 4984 αὖταῖς

2175 5011 2461 5092 προξενῶν,

2796 5107 3046 5161 ΚΕΦΑΛ.
3081 5090 3188 5164 13'.

2568 5215 2596 5246 ε
2643 5194 2766 5271 Περὶ
2794 5188 3157 5271 πρεσϐυτέρων
3186 5193 3370 5266 τιμῆς.
3407 5209 3434 5248 ι

2261 5304 2290 5335 α
2349 5283 2410 5339 Οἱ
2479 5279 2656 5346 καλῶς
2739 5287 3068 5360 προεστῶτες
3163 5276 3523 5358 πρεσϐύτεροι,
3621 5275 3812 5344 διπλῆς

2173 5374 2335 5446 τιμῆς
2418 5367 2790 5435 ἀξιούσθωσαν,
2891 5367 3133 5425 Μάλιστα
3215 5370 3263 5424 οἱ
3355 5368 3645 5429 κοπιῶντες
3757 5366 3812 5423 ἐν

2172 5457 2318 5537 λόγῳ
2385 5459 2472 5514 καὶ
2527 5456 2852 5531 διδασκαλίᾳ,
2932 5457 3084 5535 Λέγει
3141 5458 3238 5535 γὰρ
3308 5457 3342 5524 ἡ
3399 5457 3579 5534 Γραφή
3611 5471 3624 5485 ⁸
3681 5463 3813 5511 Βοῦν

2175 5547 2417 5604 ἀλοῶντα
2485 5549 2543 5604 οὗ
2610 5549 2892 5625 φιμώσεις,
2955 5548 3074 5626 Καὶ,
3159 5545 3310 5610 Αξιος
3367 5547 3394 5600 ὁ
3450 5544 3672 5621 ἐργάτης
3720 5557 3815 5606 τοῦ

2179 5639 2364 5715 μισθοῦ
2443 5639 2624 5696 αὒτοῦ.
2709 5638 2852 5694 Κατὰ
2907 5632 3253 5713 πρεσϐυτέρου
3324 5635 3640 5711 κατηγορία-ο
3732 5637 3812 5709 μὴ
