4140 6212
233 310 332 377 181

1213 321 1604 386 COMMENT.
1653 324 1734 388 IN
1780 318 2021 385 EPIST.
2069 324 2095 384 Ι
2137 326 2240 388 ΑΒ
2282 324 2605 389 ΤΙΜΟΤΗ.

3492 324 3610 393 182

223 446 552 528 παραδέχου,
624 450 776 516 ἐκτὸς
830 453 875 507 εἰ
929 454 1007 527 μὴ
1063 455 1149 510 ἐπὶ
1203 451 1292 510 δύο
1360 452 1396 521 ἢ
1438 460 1597 532 τριῶν
1667 454 1867 534 μαρτύ-

1957 472 2114 536 nem,
2147 457 2273 519 nisi
2296 455 2654 521 subduobus
2670 463 2783 520 aut
2810 457 3010 522 tribus
3051 457 3327 523 testibus.
3362 458 3609 539 anque;

222 562 341 629 ρων.
419 543 555 606 Τοὺς
606 542 1007 622 ἁμαρτάνοντας
1089 545 1312 602 ἐνώπιον
1377 545 1587 607 πάντων
1654 545 1873 629 ἔλεγχε,

1957 552 2223 624 peccant,
2257 562 2465 609 coram
2494 546 2778 609 omnibus
2793 564 3005 626 argue,
3031 555 3100 610 ut
3125 555 3182 611 et
3203 552 3406 612 elateri
3433 549 3611 612 timo-

218 628 308 685 ῗνα
375 631 467 687 καὶ
520 631 571 688 οἱ
668 629 843 688 λοιποὶ
911 631 1072 714 φόϐον
1142 633 1345 714 ἔχωσι.

224 718 455 776 ἑκώπιον
542 727 638 778 τοῦ
721 726 854 776 Θεοῦ
930 723 1019 778 καὶ
1105 724 1295 802 Κυρίου

1444 635 1876 715 Διαμαρτύρομαι

1407 721 1582 791 Ἰησοῦ
1654 731 1876 803 Χριστοῦ

1957 650 2090 696 rem
2119 634 2402 699 habeant.
2426 635 2704 700 Obtestor
2720 636 3112 717 inconspectu
3124 638 3233 700 Dei
3253 655 3326 701 ac
3353 636 3610 700 Domini

1954 719 2100 785 Iesu
2128 722 2369 787 Christi
2396 731 2452 786 et
2477 724 2801 787 electorum
2827 727 3211 805 angelorum,
3244 733 3309 788 ut
3336 725 3460 788 hac
3474 742 3605 789 ser-

226 808 312 862 καὶ
379 811 487 864 τῶν
573 806 838 865 ἐκλεκτῶν
919 809 1183 889 ἀγγέλων,
1234 810 1328 868 ’ίνα
1412 819 1576 869 ταῦτα
1644 812 1873 893 φνλάξῇς

1957 827 2053 873 ves
2070 816 2203 873 sine
2225 813 2713 894 praecipitatione
2725 814 2974 894 judicii,
2997 812 3159 876 nihil
3168 813 3405 894 faciens
3428 815 3607 893 iuxta

228 897 391 976 χωρίς

228 984 451 1053 κλησιν.
504 1008 530 1044 ο

307 1076 458 1140 Τίνες
486 1072 542 1130 δὲ
572 1078 618 1132 οἱ
671 1073 852 1141 καλῶς
904 1082 1259 1155 προεστῶτες,
1319 1079 1349 1134 6
1393 1079 1616 1157 Χριστὸς
1673 1076 1869 1150 ἐδήλω-

228 1189 335 1229 σεν.
370 1191 403 1222 ι
439 1159 500 1225 Ὀ
534 1169 768 1249 Ποιμὴν,
800 1170 986 1250 φησὶν,
1040 1170 1068 1226 6
1110 1167 1297 1243 καλὸς,
1342 1171 1443 1238 τὴν
1492 1171 1680 1252 ψυχὴν
1722 1174 1881 1230 αὖτοῦ

228 1257 429 1322 τίθησιν
482 1258 614 1336 ὁπὲρ
681 1262 789 1313 τῶν
845 1255 1148 1337 προϐάτων,
1188 1281 1211 1314 ι
1247 1291 1329 1303 —-
1376 1283 1402 1313 ιι
1454 1258 1661 1328 Διπλῆς
1717 1263 1879 1337 τιμῆς

229 1344 605 1412 ἀξιούσθωσαν,
638 1369 667 1400 ι
741 1348 915 1422 Τιμήν
998 1368 1127 1427 φησι
1209 1347 1308 1415 τὴν
1406 1355 1512 1406 τῶν
1580 1348 1878 1428 ἀναγκαίων

228 1434 433 1513 χρείαν,
491 1433 529 1502 ἢ
610 1433 815 1510 μᾶλλον
895 1435 1179 1516 χορηγίαν.
1249 1458 1271 1491 ι
1322 1438 1395 1494 Οὒ
1462 1438 1721 1517 φιμώσεις
1777 1440 1879 1519 γὰρ

225 1525 369 1602 φησὶ,
418 1524 548 1599 βοῦν
579 1523 842 1581 ἁλοῶντα’
875 1526 986 1604 καὶ,
1056 1522 1209 1589 Αξιος
1259 1527 1288 1582 6
1343 1526 1573 1606 ἐργάτης
1615 1537 1706 1588 τοῦ
1748 1550 1877 1605 μισ-

222 1617 310 1670 Θοῦ
338 1617 522 1673 αὐτοῦ.
566 1638 588 1670 ι
614 1648 694 1659 -
725 1639 754 1671 α
788 1614 994 1683 Διπλῆς
1024 1634 1055 1676 )
1093 1612 1172 1690 δὲ,
1206 1617 1280 1680 ὡς
1308 1619 1440 1694 πρὸς
1460 1618 1555 1683 τὰς
1586 1621 1785 1699 χήρας·
1820 1622 1879 1677 οὔ

478 897 860 977 προκρίματος,
962 898 1131 975 μηδὲν
1228 904 1399 957 ποιῶν
1493 902 1628 958 κατὰ
1699 902 1872 982 πρόσ-

1957 903 2413 979 propensiomm
2440 901 2660 965 animi.

2030 1076 2281 1149 Quinam
2301 1087 2499 1141 autem
2516 1077 2673 1141 bene
2690 1078 2954 1160 praesint,
2996 1077 3267 1143 Christus
3294 1078 3603 1160 signiﬁca-

1961 1163 2065 1228 vit.
2095 1190 2123 1222 ιι
2156 1170 2377 1242 Bonus,
2410 1167 2623 1248 inquit,
2678 1166 2885 1229 Pastor
2931 1166 3190 1230 animam
3244 1186 3411 1231 suam
3442 1168 3609 1250 ponit

1962 1272 2068 1334 pro
2085 1254 2291 1317 ovibus
2318 1256 2398 1317 41.
2439 1281 2459 1312 ι
2492 1282 2571 1301 -ι-
2594 1277 2623 1316 (
2644 1254 2881 1337 Duplici
2899 1256 3127 1319 honore
3152 1254 3313 1332 digni
3344 1255 3610 1320 habean-

1962 1351 2078 1407 tur.
2111 1369 2138 1400 ιι
2166 1346 2465 1408 Honorem
2495 1344 2641 1408 dicit
2660 1345 3131 1408 necessariorum
3162 1363 3334 1408 usum
3363 1353 3468 1409 aut
3491 1362 3607 1428 po-

1963 1430 2657 1514 tiussuppeditationem.
2689 1458 2717 1490 α
2767 1433 2897 1496 Non
2945 1432 3258 1515 obligabis,
3289 1433 3505 1511 inquit,
3537 1453 3605 1497 os

1957 1518 2087 1581 bovi
2108 1521 2448 1600 trituranti;
2498 1531 2559 1585 et
2605 1521 2826 1602 Dignus
2859 1532 2950 1585 est
2986 1523 3299 1604 operarius
3325 1521 3603 1586 mercede

1958 1626 2087 1669 sua.
2124 1635 2152 1666 ι»
2188 1609 2416 1691 Duplici
2445 1629 2605 1688 vero,
2666 1609 2984 1675 collatione
3037 1610 3192 1674 facta
3243 1610 3317 1673 ad
3371 1610 3598 1688 viduas,

225 1703 321 1793 τέιρ
354 1704 435 1767 ὣς
494 1705 639 1793 *πρὸς
679 1704 801 1768 τοὺς
871 1704 950 1779 μὴ
1020 1701 1198 1793 καλῶς
1257 1697 1873 1788 προεστῶταςήτιρεσϐυ-

1961 1716 2079 1793 non
2107 1699 2177 1761 ad
2207 1701 2580 1793 presbyteros
2608 1699 2709 1793 qui
2765 1717 2884 1761 non
2939 1697 3094 1762 bene
3142 1712 3422 1781 praesunt.
3453 1698 3602 1793 Nam

493 1789 754 1888 Ἐκεξνοι-
796 1792 896 1888 γὰρ
951 1793 1066 1872 ξοῦκ
1140 1791 1404 1888 ἀξιοῦνται
1472 1786 1698 1877 enim,
1744 1796 1873 1855 ἀλλᾶ

1962 1786 2050 1848 illi
2082 1805 2158 1849 ne
2186 1788 2518 1870 simplicem
2549 1788 2791 1870 quidem
2824 1797 3130 1850 merentur
3149 1790 3462 1888 honorem,
3495 1787 3601 1850 sed

226 1877 533 1938 διώκονται.
615 1877 672 1937 ’Π
727 1879 918 1949 διπλῆς
971 1886 1068 1949 τῆς
1124 1879 1327 1950 πολλῆς
1381 1881 1545 1963 λέγει.
1615 1908 1641 1940 ιι
1690 1889 1749 1944 Οἱ
1777 1908 1878 1944 κο-

225 1975 454 2032 πιῶντες
485 1969 542 2025 ἐν
570 1968 736 2049 λόγῳ,
771 1992 800 2025 n
838 1967 928 2028 Ἐν
969 1968 1116 2049 λόγῳ
1161 1974 1221 2030 οὗ
1269 1978 1348 2046 τῷ
1398 1972 1693 2049 κομπώδει,
1741 1973 1879 2034 ἀλλὰ

224 2066 299 2132 τῷ
340 2067 719 2134 πνευματικῶς
774 2058 978 2139 τρέφειν
1035 2060 1299 2140 ἰσχύοντι.
1359 2068 1468 2119 Ποῦ
1522 2060 1578 2118 δὲ
1634 2070 1720 2119 νῦν
1751 2065 1879 2121 εἰσιν

218 2150 265 2205 οἱ
293 2146 580 2226 λέγοντες,
612 2149 691 2224 μὴ
745 2147 947 2206 δεῖσθαι
990 2147 1167 2227 λόγων
1218 2148 1354 2225 μηδὲ
1424 2148 1756 2218 διδασκαλίας
1785 2155 1877 2210 τὸν

220 2243 570 2317 προεστῶτι,
625 2237 763 2295 ἀλλὰ
805 2238 918 2314 βίου
948 2257 964 2318 ;
1015 2236 1377 2296 Ἀκουέτωσαν
1407 2246 1494 2297 νῦν
1524 2240 1731 2298 Παύλου
1758 2248 1874 2307 πῶς

218 2329 312 2384 τὸν
342 2326 510 2405 λόγον
538 2334 690 2407 τιμᾷ,
719 2327 986 2411 Μάλιστα,
1017 2325 1211 2407 λέγων.
1260 2338 1358 2385 Δεῖ
1403 2330 1504 2410 γὰρ
1548 2333 1635 2387 καὶ
1662 2332 1873 2411 τούτου,

222 2414 380 2494 εἴπερ
430 2417 577 2481 τινὸς
638 2406 823 2476 ἄλλου.
888 2406 1065 2474 υθταν
1124 2416 1225 2495 γὰρ
1265 2418 1385 2495 περὶ
1419 2406 1720 2495 δογμάτων
1762 2419 1798 2496 ᾗ
1848 2406 1877 2476 6

223 2504 412 2583 λόγος,
446 2519 607 2569 ποῖος
634 2507 745 2583 βίος
774 2506 993 2565 ἐνταῦθα
1049 2506 1269 2585 ἷσχύει;
1306 2497 1453 2586 “Ορα
1494 2505 1549 2562 δὲ
1605 2508 1667 2564 τὸ
1722 2508 1873 2566 ἀντι-

225 2591 670 2689 διαστελλόμενον
698 2602 798 2675 τῷ,
836 2617 865 2650 ιι
901 2596 978 2689 Ού
993 2594 1251 2689 φιμώσεις
1273 2595 1403 2689 βοῦν
1432 2594 1695 2659 ἀλοῶντα,
1720 2619 1746 2653 n
1777 2599 1879 2655 Τὸν

223 2684 325 2761 γὰρ
367 2685 480 2757 μὴν
508 2681 750 2741 ἀλοῶντα
776 2681 1064 2764 φιμωτὲον.
1142 2704 1166 2739 ε
1202 2681 1380 2750 Ἄξιος
1437 2687 1466 2741 ὁ
1524 2685 1753 2765 ἐργάτης
1784 2695 1879 2745 τοῦ

227 2774 415 2845 μισθοῦ
461 2775 642 2833 αὐτοῦ.
702 2796 730 2828 ι
790 2773 887 2831 Καὶ
941 2773 972 2828 6
1024 2773 1246 2850 Χριστὸς
1291 2773 1544 2853 σύμφωνα
1585 2779 1663 2847 τῷ
1731 2773 1879 2849 νόμῳ

225 2857 394 2936 λέγει.
429 2867 537 2917 Τοῦ
591 2864 802 2934 μισθσῦ,
876 2864 974 2927 τῆς
1029 2859 1226 2939 τροφῆς
1285 2858 1552 2928 δηλονότι,
1613 2858 1876 2939 Ἐργάτην

226 2946 281 3003 δὲ
340 2947 514 3027 λέγει,
559 2952 651 3005 τὸν
707 2951 998 3026 κάμνοντα.
1071 2940 1161 3013 ’δὶς
1212 2946 1306 3027 ὅγε
1364 2951 1443 3026 μὴ
1500 2950 1741 3025 κάμνων,
1772 2950 1873 3006 ἀν-

220 3036 364 3102 άξιος
391 3041 617 3119 τροφῆς.
643 3048 813 3098 Ταῦτα
856 3037 910 3094 δὲ
953 3035 1099 3116 λέγει
1180 3039 1311 3117 πρὸς
1352 3040 1474 3103 τοὺς
1530 3036 1872 3104 διδασκάλους

222 3127 347 3191 τοὺς
378 3133 679 3194 κοπιῶντας
709 3129 763 3184 ἐν
804 3135 873 3206 τῇ
914 3124 1240 3199 διδασκαλίᾳ.

305 3416 339 3450 α
372 3396 525 3453 Κατὰ
575 3389 922 3472 πρεσϐυτέρου
982 3394 1304 3473 κατηγορίαν
1350 3394 1429 3470 μὴ
1474 3393 1801 3477 παραδέχου.
1836 3420 1865 3453 n

221 3484 282 3541 Τί
308 3484 462 3564 γάρς
538 3483 687 3542 Κατὰ
731 3481 984 3561 νεωτέρου
1053 3484 1303 3551 τοιαύτην
1360 3482 1706 3542 καταδεκτέον
1766 3507 1871 3543 κα-

220 3595 482 3652 τηγοριαν
514 3592 532 3652 ;
566 3573 655 3643 Μή
698 3570 906 3650 γένοιτο
945 3571 960 3631 1
1018 3569 1169 3629 Ἀλλ’
1226 3574 1300 3637 ὡς
1361 3575 1405 3629 εἰ
1448 3571 1599 3653 ἔλεγε
1628 3592 1647 3611 ⁶
1723 3576 1873 3633 Κατὰ

223 3661 454 3735 μηδενὸς
538 3660 659 3741 μὲν,
780 3661 921 3718 κατὰ
1036 3657 1385 3741 πρεσϐυτέρου
1479 3660 1534 3719 δὲ
1619 3662 1869 3738 μάλιστα.

237 3761 445 3832 gloom
517 3751 618 3830 γὰρ
674 3752 764 3807 καὶ
817 3751 908 3807 τὸν
984 3749 1090 3807 ἀπὸ
1170 3754 1268 3817 τῆς
1355 3748 1567 3819 ἠλικίας
1623 3751 1870 3832 χαλινόν.

221 3839 580 3920 Πρεσϐύτερον
635 3837 713 3919 δὲ,
759 3841 851 3896 τὸν
906 3838 961 3895 ἐν
1014 3841 1153 3918 γήρᾳ
1207 3840 1388 3919 φησίν,
1428 3862 1453 3895 ιι
1490 3840 1620 3904 Τοὺς
1692 3842 1867 3921 ἁμαρ-

216 3932 475 3992 τάνοντας
558 3927 784 3984 ἐνώπιον
857 3928 1068 3987 πάντων
1150 3924 1364 4008 ἔλεγχε.
1430 3952 1455 3983 ιι
1520 3930 1674 4000 Ζήτει
1743 3930 1866 4006 μὲν,

216 4020 399 4099 φησὶν,
478 4016 772 4096 ἐπιμελῶς,
846 4017 1095 4097 εῦρίσκων
1168 4014 1248 4091 δὲ,
1322 4018 1456 4092 μετὰ
1512 4015 1868 4099 σφοδρότητος

219 4106 540 4173 ἐπίπληττε.
574 4112 739 4163 Τοῦτο
768 4106 868 4184 γὰρ
923 4107 1008 4185 τὸ,
1067 4103 1284 4188 ἔλεγχε.
1341 4105 1599 4164 Ἐνώπιον
1657 4105 1711 4163 δὲ
1741 4107 1872 4164 πάν-

219 4217 349 4267 των,
379 4194 478 4249 ἵνα
532 4195 621 4249 καὶ
675 4195 721 4249 οἱ
778 4192 950 4249 λονποὶ
1001 4198 1421 4272 σωφρονισθῶσι.
1483 4200 1651 4252 Τοῦτο
1680 4196 1708 4250 6
1740 4196 1871 4260 Θεὸς

1961 1876 2147 1954 magis
2167 1877 2502 1957 expellendi
2529 1885 2688 1939 sunt.
2725 1877 2842 1938 Aut
2878 1876 3125 1957 duplum
3146 1875 3290 1939 dicit
3321 1875 3599 1938 multum.

1967 1984 1994 2023 ι
2027 1965 2139 2038 Qui
2172 1965 2442 2028 laborant
2467 1967 2529 2028 in
2580 1983 2881 2029 sermone.
2939 1988 2963 2024 ι
3029 1963 3096 2026 In
3150 1982 3427 2027 sermone
3481 1981 3603 2026 non

1960 2054 2243 2129 t‘astuoso,
2259 2055 2364 2116 sed
2378 2054 2480 2135 qui
2494 2053 2885 2135 spiritualiter
2915 2053 3079 2115 alere
3099 2061 3311 2135 potens
3329 2052 3428 2116 sit.
3460 2052 3589 2114 241

1958 2141 2073 2205 Ubi
2097 2161 2236 2221 ergo
2260 2161 2414 2205 nunc
2435 2151 2571 2205 sunt
2594 2143 2696 2223 qui
2716 2148 2990 2205 asserunt
3013 2160 3132 2203 non
3157 2158 3306 2222 opus
3337 2157 3470 2203 esse
3497 2141 3603 2223 qui

1958 2230 2337 2293 sermonibus
2359 2239 2458 2293 aut
2480 2231 2748 2294 doctrina
2769 2230 2995 2313 praesit,
3021 2229 3126 2293 sed
3155 2230 3273 2293 vita
3293 2230 3323 2292 ?
3344 2229 3604 2292 Audiant

1958 2339 2117 2382 nunc
2149 2320 2393 2383 Paulum
2425 2320 2718 2402 quomodo
2765 2336 3103 2381 Sermonem
3158 2318 3430 2395 honorat,
3465 2336 3599 2381 cum

1959 2408 2158 2471 addit:
2210 2408 2497 2472 Maxime:
2552 2427 2687 2471 nam
2737 2414 2795 2470 et
2822 2408 2936 2470 hoc
2966 2406 3370 2471 necessarium
3401 2415 3516 2489 est,
3549 2406 3600 2469 si

1961 2498 2102 2578 quid
2120 2498 2458 2561 aliud.Cum
2474 2497 2632 2560 enim
2656 2497 2730 2559 de
2753 2496 3050 2576 dogmatis
3071 2513 3270 2559 sermo
3294 2495 3597 2572 inciderit,

1960 2604 2092 2667 qua;
2111 2585 2194 2647 ibi
2216 2586 2331 2647 vita
2353 2585 2629 2648 sufﬁcere
2655 2584 2926 2666 poterit?
2952 2583 3372 2648 Animadverte
3401 2591 3599 2646 autem

1959 2675 2112 2754 quod
2133 2674 2207 2736 ad
2231 2674 2450 2755 aliquid
2475 2674 2810 2755 oppositum
2832 2673 3013 2735 dicit:
3058 2677 3192 2738 Non
3214 2669 3503 2751 obligabis
3534 2688 3601 2735 os

1957 2761 2091 2825 bovi
2113 2763 2433 2827 trituranti.
2459 2761 2764 2845 Siquidem
2784 2761 3166 2843 obligandum
3198 2768 3289 2823 est
3306 2760 3392 2824 illi
3409 2779 3475 2823 os
3498 2762 3599 2843 qui

1958 2870 2075 2913 non
2096 2853 2348 2916 triturat.
2381 2872 2410 2912 ‹
2428 2852 2653 2931 Dignus
2674 2860 2765 2914 est
2784 2850 3091 2933 operarius
3108 2849 3383 2911 mercede
3411 2867 3542 2913 sua.
3568 2874 3593 2910 ι

1956 2940 2143 3002 Etiam
2168 2942 2436 3005 Christus
2456 2942 2574 3022 legi
2590 2959 2852 3004 consona
2871 2939 3148 3023 loquitur.
3172 2937 3469 3014 Mercede,
3483 2938 3599 3000 ati-

1958 3029 2143 3091 menti
2173 3029 2841 3112 videlicet,goperarium
2871 3048 3009 3093 vero
3039 3027 3182 3090 dicit
3210 3044 3347 3090 eum
3376 3026 3478 3108 qui
3506 3027 3598 3090 la-

1890 3102 1931 3153 c
1955 3117 2146 3195 borat,
2175 3138 2390 3200 nempe
2418 3102 2576 3201 quod
2602 3120 2654 3183 is
2684 3119 2786 3202 qui
2815 3138 2934 3181 non
2964 3119 3195 3182 laborat
3223 3102 3504 3196 indignus
3524 3117 3602 3181 sit

1953 3207 2258 3271 alimento.
2291 3208 2429 3272 Haec
2459 3216 2655 3272 autem
2687 3208 3153 3290 praeceptoribus
3177 3202 3462 3287 loquitur,
3495 3215 3600 3289 qui

1954 3314 2073 3358 non
2106 3297 2375 3360 laborant
2399 3299 2461 3360 in
2492 3297 2786 3361 doctrina.

2043 3417 2065 3448 ι
2096 3386 2396 3449 Adversus
2425 3387 2724 3450 seniorem
2753 3405 2830 3449 ne
2886 3386 3199 3449 admiseris
3254 3386 3593 3452 accusatio-

1954 3494 2114 3538 nem.
2152 3503 2173 3534 ι
2213 3474 2365 3549 Quid
2400 3495 2541 3554 ergo
2567 3476 2593 3538 ‘t
2623 3476 2715 3537 An
2742 3473 3022 3537 adversus
3044 3474 3347 3554 juniorem
3380 3476 3593 3539 admit-

1956 3565 2131 3627 tenda
2162 3574 2251 3626 est
2278 3564 2617 3646 bujusmodi
2638 3563 2935 3627 accusatio
2955 3567 2983 3624 ?
3010 3565 3394 3646 Nequaquam
3428 3565 3443 3628 !
3477 3563 3596 3630 Sed

1954 3664 2231 3736 tanquam
2261 3655 2521 3716 diceret:
2553 3654 2857 3718 Adversus
2887 3651 3141 3728 nullum,
3175 3652 3432 3717 maxime
3492 3672 3596 3716 au-

1958 3751 2077 3806 tem
2094 3743 2378 3805 adversus
2397 3744 2695 3805 seniorem
2722 3758 2736 3805 :
2770 3759 2907 3803 nam
2935 3740 3156 3803 habent
3182 3740 3245 3803 hi
3277 3748 3337 3803 et
3363 3739 3439 3804 ab
3467 3741 3598 3824 ipsa

1958 3840 2128 3896 aetate
2157 3833 2389 3895 frenum
2430 3831 2728 3913 quoddam
2765 3850 2781 3904 ;
2833 3830 3184 3912 πρεσϐύτερον
3231 3847 3371 3909 ergo
3429 3837 3600 3893 vocat

1953 3940 2090 3984 eum
2127 3921 2228 4002 qui
2258 3928 2431 3983 aetate
2450 3939 2632 3984 senex
2655 3927 2762 3983 est.
2791 3943 2818 3975 ι
2846 3923 2963 3983 Eos
2983 3919 3083 4000 qui
3104 3925 3372 3999 peccant,
3397 3936 3596 3981 coram

1952 4010 2231 4073 omnibus
2258 4028 2460 4090 argue.
2489 4035 2516 4068 ιν
2544 4009 2776 4085 Quaere,
2808 4007 3022 4089 inquit,
3055 4006 3405 4087 diligenter:
3435 4025 3600 4070 cum-

1953 4118 2068 4180 que
2098 4100 2418 4179 inveneris,
2445 4117 2581 4160 cum
2604 4097 2980 4161 vehementia
3000 4095 3333 4177 objurgato.
3373 4093 3596 4159 Namid

1955 4188 2250 4266 signiﬁcat
2269 4188 2484 4268 ἔλεγχε.
2506 4189 2716 4251 Coram
2742 4185 3021 4249 omnibus
3043 4192 3264 4262 autem,
3299 4191 3363 4247 ut
3389 4194 3447 4249 et
3477 4204 3594 4248 caa-

220 4285 495 4355 ‘szoincev,
546 4281 633 4338 ἐπὶ
697 4303 756 4338 τε
796 4289 889 4338 τοῦ
932 4284 1150 4362 Φαραὼ,
1203 4285 1291 4340 καὶ
1337 4292 1430 4342 τοῦ
1460 4279 1871 4363 Ναϐουχοδονό-

1957 4282 2063 4339 teri
2094 4277 2168 4338 ad
2198 4276 2543 4339 modestiam
2575 4284 2947 4339 revocentur.
2972 4274 3098 4336 Hoc
3119 4273 3259 4337 fecit
3280 4276 3438 4363 Deus
3458 4274 3599 4336 etin

226 4395 336 4450 σορ.

226 4460 581 4542 σφώρὰητα.
640 4463 714 4518 O6
765 4459 866 4537 γὰρ
920 4457 1103 4528 ἐπειδὴ
1158 4461 1409 4536 Τιμόθεος
1465 4460 1554 4535 ἦν,
1586 4474 1873 4539 παραιτεῖ-

223 4573 335 4621 ται,
387 4548 527 4608 ἀλλὰ
582 4545 1007 4628 διαμαρτύρεται,
1066 4550 1129 4605 τὸ
1183 4550 1370 4606 ἑαυτοῦ
1425 4546 1868 4628 ἀσφαλιζόμενος,

220 4641 274 4697 εἴ
302 4663 355 4696 τι
393 4640 506 4695 τῶν
576 4637 654 4712 μὴ
710 4635 937 4694 δέοντων
991 4637 1233 4716 γένηται,
1294 4638 1354 4697 Τί
1408 4636 1605 4707 δήποτε
1655 4634 1710 4693 δὲ
1780 4640 1871 4694 τὸν

221 4728 433 4808 Πατέρα
491 4729 580 4784 καὶ
619 4728 711 4783 τὸν
774 4727 895 4782 Υἱὸν
966 4724 1196 4808 καλέσας
1240 4748 1528 4807 μαρτυρας,
1601 4728 1689 4783 καὶ
1746 4728 1868 4791 τοὺς

218 4805 483 4899 ἀγγέλους
512 4814 912 4897 συγκέκλησενς
964 4805 1093 4874 ιὈσιτι
1122 4818 1209 4873 καὶ
1267 4805 1417 4874 αὐτοὶ
1480 4805 1578 4883 τῆς
1649 4816 1870 4895 κρίσεως

221 4906 541 4986 γινομένης,
620 4905 758 4979 μετὰ
813 4912 905 4961 τοῦ
992 4906 1182 4962 οἰκείου
1281 4905 1548 4986 Δεσπότου
1617 4905 1870 4984 παρεῖναι

223 4982 476 5071 μέλλουσι
517 4995 608 5048 καὶ
665 5006 948 5072 μαρτυρεῖν
989 4999 1066 5067 τῷ
1107 4992 1271 5072 λόγῳ.
1339 4982 1503 5056 ’Ἐθος
1547 4990 1602 5049 δέ
1631 4982 1742 5050 ἐστι
1786 4995 1873 5049 καὶ

220 5089 377 5164 ἡμῖν,
438 5083 529 5138 καὶ
596 5083 928 5161 ὑπερέχοντα
1000 5083 1088 5138 καὶ
1160 5082 1414 5139 ἐλάττονα
1482 5081 1744 5159 πρόσωπα
1800 5084 1873 5145 εἰς

223 5175 510 5253 μαρτυρὶαν
581 5168 889 5245 λαμϐάνειν.
953 5172 1051 5228 Καὶ
1093 5173 1122 5227 6
1179 5168 1392 5250 Ἰακὼϐ,
1461 5173 1549 5227 καὶ
1595 5172 1687 5228 τὸν
1746 5173 1876 5228 Θεὸν

221 5268 308 5321 καὶ
363 5265 553 5339 βουνὸν
652 5261 889 5340 μάρτυρα
975 5258 1397 5338 παραλαμϐάνει.
1492 5277 1522 5318 ι
1582 5260 1681 5317 Καὶ
1769 5266 1874 5316 τῶν

222 5351 487 5410 ἐκλεκτῶν
542 5347 813 5429 ἀγγέλων,
874 5371 902 5403 ι
964 5347 1264 5406 Ἐκλεκτῶν
1317 5346 1374 5404 δὲ
1427 5345 1669 5426 ἀγγέλων
1722 5348 1871 5429 εἷπε,

223 5442 351 5499 διότι
382 5440 608 5520 ἄγγελοι
664 5439 755 5495 καὶ
809 5441 856 5495 οἱ
938 5434 1204 5513 δαίμονες,
1263 5434 1383 5494 ἀλλ’
1443 5434 1762 5504 ἀπόϐλητοι,
1796 5470 1870 5482 -

420 4396 449 4425 ιι
502 4370 929 4449 Διαμαρτύρομαι
984 4371 1207 4428 ἐθώπιον
1277 4378 1369 4429 τοῦ
1426 4377 1579 4432 Θεοῦ.
1633 4394 1660 4425 ι
1726 4360 1873 4445 υΟρι

1957 4365 2264 4429 Pharaone
2284 4366 2347 4416 θ
2376 4374 2434 4427 et
2464 4366 2524 4428 in
2555 4365 3105 4428 Nabuchodonosor
3131 4364 3216 4428 45.
3251 4384 3280 4425 ‹
3315 4362 3594 4427 Obtestor

1956 4454 2016 4516 in
2048 4464 2369 4536 conspectu
2403 4456 2529 4519 Dei.
2561 4479 2584 4513 ι»
2619 4455 2884 4519 Adverte
2904 4453 3364 4516 vehementiam.
3388 4453 3595 4531 Neque

1956 4545 2114 4606 enim
2148 4562 2218 4606 eo
2248 4544 2405 4625 quod
2454 4543 2802 4607 Timotheus
2862 4551 3058 4604 tantus
3112 4549 3290 4617 esset,
3347 4538 3597 4619 supplex

1956 4633 2123 4714 petit,
2145 4632 2250 4695 sed
2265 4632 2610 4713 obtestatur,
2627 4652 2763 4695 suas
2799 4639 2994 4714 partes
3017 4629 3348 4710 stabiliens,
3372 4630 3420 4689 si
3454 4626 3597 4714 quid

1955 4713 2051 4784 tiat
2081 4740 2285 4783 eorum
2314 4740 2446 4803 quae
2475 4740 2593 4783 non
2620 4713 2877 4801 oportet.
2917 4722 3114 4793 Quare
3144 4724 3343 4779 autem
3380 4713 3601 4779 vocatis

1956 4814 2124 4872 Patre
2152 4819 2207 4872 et
2228 4810 2376 4874 Filio
2399 4810 2460 4871 in
2502 4817 2702 4884 testes,
2752 4809 2929 4870 etiam
2959 4806 3200 4885 angelos
3222 4803 3399 4867 simul
3428 4822 3597 4867 voca-

1952 4899 2081 4963 vit?
2103 4898 2250 4972 Quia
2272 4898 2412 4963 ethi
2441 4917 2558 4960 una
2595 4916 2729 4959 cum
2762 4916 2866 4959 suo
2902 4897 3155 4960 Domino
3186 4894 3249 4956 in
3270 4893 3464 4958 futuro
3486 4893 3596 4974 ju-

1955 4988 2110 5051 dicio
2130 4988 2404 5060 aderunt,
2437 4995 2496 5049 et
2522 4986 2786 5050 sermoni
2814 4984 3271 5047 attestabuntur.
3304 4982 3488 5046 Moris
3508 4988 3600 5043 est

1956 5087 2149 5141 autem
2182 5076 2358 5139 etiam
2392 5075 2563 5137 nobis
2592 5082 2649 5136 et
2678 5074 3011 5137 emiuentes
3039 5081 3099 5134 et
3116 5071 3435 5135 inferiores
3464 5088 3605 5152 per-

1957 5186 2133 5229 sonas
2161 5167 2223 5228 in
2255 5173 2434 5228 testes
2486 5181 2744 5226 sumere.
2803 5162 2995 5244 Atque
3044 5162 3157 5224 hoc
3209 5159 3384 5223 modo
3410 5158 3596 5224 Jacob

1957 5265 2015 5319 et
2044 5260 2232 5321 Deum
2265 5267 2326 5317 et
2357 5251 2647 5316 tumulum
2703 5250 2827 5316 sive
2882 5268 3162 5313 acervum
3216 5248 3480 5331 lapidum
3535 5249 3599 5312 in

1958 5353 2170 5409 testem
2201 5342 2451 5407 assumit
2478 5343 2563 5406 44.
2603 5366 2630 5399 α
2679 5341 2751 5405 Et
2800 5340 3128 5407 electorum
3157 5338 3527 5419 angelorum.
3569 5361 3594 5398 ι)

1955 5435 2111 5498 Dixit
2136 5441 2335 5497 autem
2358 5433 2581 5496 electos
2602 5432 2870 5514 angelos,
2887 5427 3030 5511 quia
3043 5428 3344 5493 daemones
3363 5445 3604 5509 quoque

301 5620 353 5668 ι¹
385 5620 557 5683 Joan.
596 5634 662 5698 x,
702 5617 791 5678 ti.
882 5615 942 5665 43
974 5613 1160 5676 Exod.
1195 5619 1378 5687 αλια]
1436 5632 1602 5695 seqq.
1691 5612 1753 5662 45
1781 5611 1929 5674 Dan.
1966 5629 2043 5687 Iv,
2081 5612 2103 5674 1
2140 5629 2310 5694 seqq.
2396 5610 2459 5661 44
2486 5610 2639 5674 Gen.
2673 5625 2835 5687 XXXI,
2868 5609 2946 5675 46
2977 5627 3146 5693 seqq.
