4152 6216
288 385 400 448 185
1286 381 1679 446 COMMENT.
1730 382 1810 443 IN
1855 375 1965 438 ΕΡ]

2054 375 2097 436 ἲ.
2143 377 2170 436 Ι
2215 377 2314 439 AD
2353 377 2675 440 TIMOTH.
3551 370 3662 436 186

287 513 608 591 προάγουσαι
671 515 742 577 εἰς
806 515 998 592 κρίσιν,
1059 513 1164 568 τισὶ
1220 508 1273 566 δὲ
1329 511 1416 566 καὶ
1470 508 1965 569 ἐπακολουθοῦσιν..

2054 516 2160 572 unt
2187 513 2595 591 praecedentia
2633 513 2716 575 ad
2757 512 3076 590 iudicium,
3103 513 3398 593 quosdam
3438 525 3579 570 vero
3610 513 3667 569 et

314 603 565 668 Ωσαύτως
589 604 678 659 καὶ
708 602 773 658 τὰ
801 601 939 658 καλὰ
969 600 1093 680 ἔργα
1120 597 1358 678 πρόδηλά
1388 597 1522 679 ἐστι,
1554 601 1639 656 καὶ
1665 601 1730 656 τὰ
1760 600 1936 665 ἄλλως

2054 597 2488 680 ubsequuntur.
2524 603 2938 666 Consimiliter
2984 611 3040 667 et
3083 602 3234 666 bona
3284 615 3470 678 Opera
3517 603 3664 658 ante

289 689 491 770 ’έχοντα
531 689 790 770 κρυϐῆναι
818 689 878 746 οῦ
907 688 1170 750 δύνανται.
1223 710 1246 745 ι

2054 688 2350 767 manifesta
2375 697 2558 754 sunt:
2593 699 2650 756 et
2678 709 2751 754 ea
2783 711 2916 774 qua
2943 711 3114 757 secus
3129 689 3345 754 habent
3375 684 3670 750 occultari

2021 793 2145 837 non
2179 787 2461 857 possunt.

2104 864 2390 938 Quoniam
2424 876 2599 932 antea
2627 869 2854 935 dixerat
2887 893 2902 936 :
2937 893 2966 932 ιι
3002 871 3087 934 Ne
3118 865 3522 932 communices
3536 881 3670 945 pec-

2027 956 2170 1041 catis
2198 955 2486 1037 alienis,»
2525 961 2692 1040 quasi
2729 979 2832 1039 per
2871 962 3267 1041 objectionem
3306 955 3475 1018 solvit
3513 953 3668 1034 quod

2027 1040 2250 1103 dictum
2285 1053 2395 1109 est.
2413 1044 2562 1118 Quid
2598 1048 2778 1118 enim.
2814 1040 3040 1111 diceret
3067 1047 3440 1116 Timotheus,
3472 1041 3520 1102 si
3546 1041 3674 1120 ejus

2027 1130 2128 1212 qui
2142 1131 2447 1196 ordinatur
2461 1146 2698 1215 peccata
2713 1135 3294 1217 ignorem,numquid
3313 1133 3396 1195 eis
3409 1149 3669 1194 commu-

2028 1217 2195 1281 nico?
2217 1227 2274 1282 et
2295 1221 2410 1283 ait:
2440 1223 2886 1296 «Quorumdam
2917 1227 3225 1288 hominum
3258 1229 3501 1305 peccata
3535 1227 3670 1279 ante

2028 1307 2338 1370 manifesta
2364 1318 2499 1371 sunt
2525 1314 2917 1391 przncedentia
2947 1315 3019 1377 ad
3046 1313 3358 1395 judicium.
3383 1333 3413 1368 ›
3439 1307 3668 1370 Talium

2027 1395 2207 1473 igitur
2225 1407 2486 1478 peccata,
2509 1400 2560 1461 si
2577 1401 2893 1482 diligenter
2911 1405 3296 1485 inquiras,om
3307 1401 3449 1461 nino
3462 1415 3674 1475 cogno-

372 866 600 936 Ἐπιιδῆ
643 867 798 926 ε’ίπεν
839 867 973 948 ἄνω,
1013 889 1042 922 ι
1074 866 1163 935 Μὴ
1192 866 1430 924 κοινώνει
1461 866 1737 947 ἁμαρτίαις
1771 867 1938 925 ἀλλο-

292 957 492 1038 τρίαις,
527 977 551 1013 ι
581 959 655 1022 ὡς
686 957 739 1013 έν
780 957 1032 1014 ἀντιθέσει
1081 953 1279 1012 ἐπιλύει
1323 958 1384 1013 τὸ
1415 955 1712 1036 εἰρημένον.
1759 958 1818 1015 Τί
1845 959 1942 1037 γὰρ

293 1046 356 1102 ἄν
399 1050 432 1102 ὁ
461 1049 761 1127 Τιμόθεοςς
816 1048 876 1104 Εἰ
930 1046 1139 1125 ἀργνοῶ
1192 1053 1286 1104 τοῦ
1340 1046 1807 1127 χειροτονουμένου
1848 1049 1942 1112 τὰς

293 1137 585 1211 ἁμαρτίας,
629 1137 708 1212 μὴ
738 1136 836 1215 ἆρα
884 1135 1133 1199 κοινωνός
1190 1135 1347 1216 εἶμι,
1399 1137 1486 1193 καὶ
1534 1159 1662 1217 φησι
1698 1154 1711 1167 ’
1760 1159 1782 1194 α
1846 1147 1943 1196 Τι-

296 1228 399 1281 νῶν
473 1223 760 1303 ἀνθρώπων
815 1222 1071 1304 πρόδηλοί
1139 1225 1266 1312 εἰσιν
1352 1227 1404 1281 αἱ
1477 1225 1724 1305 ἁμαρτίαι
1805 1245 1942 1305 προ-

299 1315 521 1392 άγουσαι
552 1315 625 1379 είς
680 1313 870 1393 κρίσιν,
935 1337 963 1370 ι
1037 1314 1169 1377 Τοὺς
1212 1315 1479 1378 τοιούτους
1535 1321 1812 1392 τοιγαροῦν
1885 1313 1944 1372 ἂν

297 1401 571 1478 ἐπιμελῶς
625 1405 892 1480 ζητήσης,
938 1403 1119 1481 γνώσῃ
1172 1403 1404 1468 πάντως.
1479 1427 1508 1460 α
1579 1405 1692 1463 Τισὶ
1761 1403 1815 1461 δὲ
1859 1407 1947 1461 καὶ

295 1491 736 1552 ἐπακολουθοῦσι.
816 1515 840 1551 I
915 1494 1160 1550 Τουτέστι
1228 1493 1362 1568 μετὰ
1449 1493 1547 1562 τὴν
1619 1494 1948 1574 χειροτονίαν

2054 1487 2528 1560 :cas.«Quosdam
2557 1508 2694 1552 vero
2719 1501 2774 1552 et
2796 1493 3393 1574 subsequunturlloc
3412 1495 3522 1560 est,
3543 1491 3673 1565 post

295 1579 664 1640 ἀκολουθοῦσι.
754 1589 885 1647 Ταῖς
953 1580 1187 1660 πρώταις
1241 1580 1338 1656 μὲν
1423 1580 1511 1638 οῦν
1580 1583 1944 1653 κοινωνήσεις.

2054 1574 2469 1640 »τόὶηειιὶοιιοιη
2493 1581 3158 1658 sequuntur.Prioribus
3189 1600 3330 1660 ergo
3351 1574 3676 1641 communi-

296 1664 584 1743 Ἀμελείας
653 1669 752 1748 γὰρ
807 1670 869 1725 τὸ
922 1669 1016 1733 τὰς
1074 1667 1366 1748 προδήλους
1425 1671 1502 1746 μὴ
1550 1675 1772 1748 γνῶναι.
1816 1681 1948 1736 Ταῖς

2054 1671 2268 1726 :aturus
2291 1669 2857 1748 essesznegligentiae
2879 1671 3035 1733 enim
3055 1679 3354 1750 essetqua:
3367 1664 3676 1728 manifesta

299 1755 356 1812 δὲ
411 1755 677 1836 δευτέραις
737 1756 832 1814 οὒκ
899 1755 1027 1812 ἔτι·
1105 1754 1250 1812 οὐδὲν
1309 1758 1410 1837 γὰρ
1478 1759 1620 1838 παρὰ
1676 1759 1757 1817 σέ.
1818 1757 1954 1817 Οἶδα

2054 1759 2173 1838 sunt
2192 1771 2306 1813 non
2327 1772 2704 1834 cognoscere.
2722 1759 3154 1821 l’osterioribus
3179 1776 3316 1820 vero
3339 1774 3455 1817 non
3478 1751 3679 1832 ita,ni—

297 1846 553 1929 1011fva
612 1845 753 1924 παρά
793 1867 895 1902 τινι
939 1851 1044 1902 τῶν
1100 1845 1264 1922 ἁγίων
1318 1837 1572 1925 ἀναγνοὺς
1643 1849 1944 1927 ἑρμηνείαν.

2054 1837 2116 1898 ιίΙ
2135 1840 2290 1900 enim
2319 1851 2530 1922 praeter
2550 1852 2625 1907 te.
2655 1846 2790 1908 Scio
2818 1866 2912 1909 me
2933 1849 3086 1929 apud
3107 1846 3420 1929 quemdam
3437 1847 3674 1904 sancto-

303 1921 402 1987 ’μὲν
432 1935 557 2008 μὲν,
606 1934 758 2008 φησὶ,
817 1934 1133 2013 προάγουσιν
1177 1937 1226 1990 αἱ
1283 1935 1554 2012 ἁμαρτίαι,
1616 1939 1736 1994 οῦτο
1795 1937 1950 1995 πᾶσίν

2054 1943 2163 1988 'um
2183 1921 2516 2008 hujusmodi
2544 1933 2756 2011 legisse
2775 1921 3348 2017 interpretationem:
3369 1930 3523 2014 quod
3539 1947 3678 2009 quo-

303 2023 402 2077 εἶσι
447 2019 753 2100 πρόδηλοι·
813 2020 1048 2078 ἔστωσαν
1101 2030 1378 2102 τοιγαροῦν
1419 2025 1507 2081 καὶ
1563 2025 1665 2088 σοί,
1739 2030 1838 2090 Οἷς
1896 2024 1949 2082 δὲ

2054 2032 2161 2075 'um
2186 2019 2530 2096 praecedunt
2557 2024 2884 2100 peccata,hi
2907 2025 3184 2086 omnibus
3207 2017 3502 2084 manifesti
3520 2022 3674 2077 sunt:

301 2109 738 2186 ἐπακολουθοῦσι,
795 2111 1008 2175 τούτους
1078 2112 1139 2168 σὺ
1218 2109 1420 2190 φυλάξῃ
1489 2121 1566 2189 τῷ
1623 2125 1955 2196 προορατικῷ

304 2199 587 2277 ὀφθαλμῷ.
619 2198 688 2257 Εἴ
731 2221 782 2255 τι
839 2199 928 2256 οὖν
983 2201 1124 2280 παρὰ
1166 2207 1320 2257 τοῦτο
1375 2204 1644 2280 ποιήσεις,
1692 2207 1955 2276 κοινωνή-

305 2309 421 2353 σεις
480 2300 601 2352 ταῖς
657 2288 957 2366 ἁμαρτίαις.
1008 2278 1070 2347 ’0⁷
1123 2287 1177 2345 δὲ
1236 2291 1492 2367 μακάριος
1551 2278 1822 2358 Βασίλειος
1875 2291 1958 2350 οῦ-

305 2399 415 2442 τως
475 2377 825 2456 ἡρμήνευσεν,
887 2378 961 2440 ὡς
1005 2375 1148 2434 οῦδὲν
1203 2388 1296 2438 τοῦ
1349 2379 1634 2460 κεφαλαίου
1675 2384 1802 2462 πρὸς
1829 2405 1956 2464 χει-

307 2467 548 2543 ροτονίαν
607 2467 984 2532 συντείνοντος.
1055 2466 1284 2542 Οἵτινες,
1346 2471 1525 2547 φησὶν,
1572 2473 1716 2529 αῦτοὶ
1771 2471 1942 2552 ἤμαρο

305 2578 423 2629 τον,
471 2555 646 2640 μόνοι.
667 2557 759 2620 τὰς
817 2555 1072 2634 ἁμαρτίας
1141 2555 1358 2637 ἔχουσιν
1429 2557 1514 2614 ἐπὶ
1583 2560 1752 2639 κρίσιν
1817 2583 1956 2640 προο

308 2629 562 2724 αγαδάας.
620 2629 757 2702 boot
787 2629 974 2701 5?:th
1032 2629 1282 2721 μετὰητὸ
1337 2644 1476 2704 ἔνθεν
1526 2629 1797 2724 ἀπέλθετν,
1849 2629 1961 2708 έτέ-

309 2757 419 2814 ροις
480 2732 889 2791 καταλελοίπασι
965 2735 1253 2814 προφάσεις
1322 2737 1621 2818 ἁμαρτιῶν,
1691 2741 1764 2804 ὡς
1849 2750 1956 2798 Νε-

312 2827 525 2903 στόριος
553 2826 643 2880 καὶ
687 2825 732 2880 οἱ
761 2823 936 2880 λοιποὶ
979 2825 1247 2904 αἱρετικοὶ,
1303 2826 1506 2890 τούτοις
1555 2828 1640 2883 καὶ
1697 2827 1958 2890 ἀπελθοῦ-

313 2938 398 2970 σιν
426 2912 868 2972 ἐπακολουθοῦσιν
925 2915 978 2968 αἱ
1020 2913 1292 2992 ἁμαρτίαι.
1337 2919 1453 2971 Τῶν
1495 2916 1595 2994 γὰρ
1651 2913 1718 2971 δι’
1776 2920 1960 2984 αὐτοὺς

317 3002 702 3083 σφαλλομένων
772 3002 860 3058 καὶ
928 3000 1142 3067 ἐκείνοις
1195 3004 1246 3058 αἱ
1311 3003 1557 3082 ἁμαρτίαι
1641 3003 1959 3084 λογίζονται.

322 3109 355 3152 ι
395 3084 667 3154 Ὠσαύτως
727 3088 780 3146 δὲ
823 3091 910 3148 καὶ
964 3091 1030 3146 τὰ
1071 3089 1208 3147 καλὰ
1238 3089 1386 3170 ἔργα,
1457 3113 1485 3147 ι
1549 3094 1818 3176 Τουτέστι,
1852 3119 1961 3153 πα-
1983 3133 2022 3184 C

313 3180 650 3259 ραπλησίως.
746 3187 879 3254 Οσα,
964 3181 1143 3261 φησὶν,
1213 3181 1424 3260 εἴρηται
1481 3183 1599 3260 περὶ
1668 3185 1959 3263 ἁμαρτιῶν,

314 3277 491 3327 ταῦτα
557 3267 695 3334 δέξαι
752 3269 841 3324 καὶ
911 3267 996 3325 ἐπὶ
1063 3283 1177 3334 τοῖς
1227 3268 1416 3334 καλοῖς
1458 3269 1655 3350 ἔργοις.
1714 3274 1826 3330 Εἰσὶ
1866 3275 1965 3354 γὰρ

314 3361 375 3416 οἳ
406 3359 670 3438 πρόφασις
723 3357 1002 3436 γεγόνασιν
1059 3356 1256 3436 ἑτέροις
1314 3359 1602 3440 σωτηρίας.
1650 3363 1858 3419 Τούτων
1915 3366 1966 3419 αἱ

313 3447 699 3526 κατορθώσεις,
783 3446 873 3502 καὶ
948 3461 1071 3528 τοῖς
1152 3449 1218 3506 τὰ
1300 3447 1577 3528 σπέρματα
1659 3448 1961 3522 δεδωκόσιν,

313 3517 744 3616 ὕπολογίζονται.
775 3565 854 3579 --
890 3558 918 3590 α
945 3517 1172 3616 Ἀλλως.
1211 3559 1236 3594 ι
1274 3517 1444 3596 Τοῦτό-
1468 3539 1584 3616 περὶ
1613 3545 1718 3595 τῶν
1746 3517 1967 3598 ἀνοσίων

313 3607 674 3705 αἱρεσιὰρχῶν
754 3647 939 3705 φησιν.
1038 3607 1252 3705 1δίίχουσι
1329 3627 1428 3704 γὰρ
1515 3607 1966 3686 ἐπακολουθοῦσαν

314 3716 454 3791 μετὰ
483 3715 707 3772 θανάτου
727 3715 827 3781 τὴν
863 3715 1143 3792 ἁμαρτίαν,
1167 3713 1331 3798 ἤγουν
1345 3715 1443 3782 τὴν
1464 3713 1695 3793 ὀλέθριον
1714 3715 1963 3798 διδαχὴν,

311 3807 385 3871 ἣν
415 3801 701 3860 κατέλιπον
733 3800 786 3857 ἐν
817 3799 948 3871 τῷδε
978 3809 1053 3876 τῷ
1236 3795 1298 3860 Ἠ
1345 3803 1443 3881 γὰρ
1474 3802 1714 3861 ἀπώλεια
1743 3795 1964 3863 τῶνὺπ’

322 3893 502 3949 αὖτῶν
530 3890 907 3972 διδαχθέντων,
969 3892 1225 3974 πρόφασις
1285 3893 1468 3957 αὐτοῖς
1521 3892 1720 3971 γίνεται
1765 3895 1973 3952 αἰωνίου

317 3980 595 4046 κολάσεως
605 4027 620 4042 .

942 4073 1192 4128 neua.
1256 4059 1363 4129 ιε’.

764 4177 793 4216 (
826 4159 950 4238 Περὶ
990 4157 1188 4216 δούλων
1215 4159 1479 4226 ὑπακοῆς.
1516 4182 1543 4214 ι

411 4271 440 4305 ι
512 4230 653 4308 beat
725 4250 849 4306 είσὶν
903 4230 1018 4304 ’ὑπὸ
1099 4249 1255 4326 ζυγὸν
1325 4245 1520 4320 δοῦλοι,
1618 4250 1738 4313 τοὺς
1820 4247 1972 4316 ἰδίους

2037 2105 2154 2193 sint
2175 2114 2232 2165 et
2255 2125 2392 2185 ergo
2413 2117 2469 2168 et
2486 2108 2776 2191 tibi-quos
2794 2121 2995 2174 autem
3023 2107 3600 2193 subsequuntur,hos
3618 2111 3678 2162 tu

2039 2191 2284 2283 observa
2304 2197 3013 2276 prospicientibusoculis.
3038 2201 3099 2264 Si
3119 2191 3260 2283 quid
3276 2199 3454 2278 igitur
3467 2201 3683 2283 praeter

2039 2281 2150 2373 hcc
2181 2283 2857 2373 facias,commuuicabis
2874 2281 3340 2373 peccatisZDivus
3357 2294 3548 2348 autem
3574 2281 3680 2373 Ba-

2040 2371 2208 2460 silius
2225 2371 2306 2433 ita
2325 2373 2749 2456 interpretatus
2770 2369 2891 2454 est,
2906 2379 3074 2460 quasi
3095 2379 3240 2441 nihil
3265 2377 3443 2456 hujus
3468 2369 3676 2460 capitis

2043 2459 2114 2520 ad
2147 2460 2579 2524 ordinationem
2606 2457 3306 2548 pcrtineat.Quicunque,
3329 2460 3541 2543 inquit,
3566 2457 3679 2537 ipsi

2044 2561 2439 2630 peccaverunt
2469 2554 2602 2628 soli,
2631 2565 2875 2636 peccata
2895 2559 3114 2620 habent
3133 2558 3204 2618 ad
3221 2552 3512 2636 judicium
3539 2564 3683 2628 prae-

2042 2638 2314 2728 cedentia
2343 2660 2411 2702 ac
2435 2643 2749 2706 trahentia.
2777 2645 3072 2728 Quotquot
3099 2654 3292 2707 autem
3316 2641 3490 2704 etiam
3515 2641 3678 2728 post-

2043 2747 2217 2808 quam
2248 2727 2386 2790 binc
2415 2731 2840 2810 discesserunt,
2866 2727 2998 2796 aliis
3029 2731 3315 2816 peccandi
3335 2727 3683 2792 occasiones

2043 2816 2436 2901 reliquerunt,
2471 2823 2970 2902 quemadmodum
3021 2821 3325 2886 Nestorius
3365 2817 3682 2894 caaterique

2045 2905 2448 2981 haeretici,hos
2479 2909 2653 2970 etiam
2677 2911 3056 2974 discedentes
3085 2910 3530 2990 subsequuntur
3551 2919 3685 2982 pec-

2045 3002 2173 3057 cata
2217 3012 2230 3057 :
2270 2997 2408 3056 21M
2446 3015 2578 3079 n‘am
2621 2999 2797 3059 etiam
2858 3009 3101 3082 propter
3148 3000 3308 3080 ipsos
3361 2991 3681 3082 labentium

2050 3093 2292 3165 peccata
2341 3086 2456 3148 illis
2506 3079 2891 3168 imputantur.
2930 3079 3390 3154 {Consimiliter
3422 3092 3480 3146 et
3531 3079 3687 3141 bona

2049 3192 2253 3254 opera.
2286 3199 2308 3233 ο
2337 3177 2460 3238 Hoc
2487 3184 2598 3252 est,
2633 3177 2760 3257 pari
2792 3178 2993 3240 modo.
3031 3179 3434 3257 Quaecunque,
3468 3168 3681 3257 inquit,

2049 3262 2123 3324 de
2156 3263 2412 3343 peccatis
2438 3264 2592 3326 dicta
2621 3256 2779 3341 sunt,
2809 3267 2934 3328 haec
2968 3268 3146 3329 etiam
3178 3256 3380 3346 accipe
3412 3263 3485 3324 de
3517 3256 3688 3320 bonis

2049 3351 2351 3432 operibus.
2388 3352 2536 3415 Sunt
2566 3354 2723 3416 enim
2757 3356 2859 3436 qui
2909 3359 3040 3419 aliis
3097 3357 3232 3418 facti
3287 3363 3425 3415 sunt
3455 3346 3688 3436 occasio

2048 3441 2277 3516 salutis,
2311 3441 2522 3504 horum
2554 3452 2718 3505 recta
2763 3434 2942 3525 opera
2982 3447 3053 3507 ad
3109 3463 3210 3505 eos
3261 3457 3496 3523 quoque
3527 3434 3686 3525 refe-

2050 3538 2261 3591 runtur
2287 3531 2386 3611 qui
2418 3531 2644 3592 semina
2667 3523 3067 3596 dederunt.—
3092 3534 3236 3596 Alio
3267 3530 3599 3592 modo.ﬂoc
3617 3523 3691 3583 de

2049 3617 2248 3700 impiis
2277 3621 2422 3681 dicit
2443 3621 3120 3683 haeresiarchisﬁabent
3148 3621 3306 3682 enim
3328 3616 3692 3710 subsequen-

2051 3707 2129 3767 tia
2157 3715 2286 3788 post
2315 3717 2562 3770 mortem
2597 3718 2856 3791 peccata,
2890 3729 3105 3790 nempe
3127 3710 3457 3772 doetrinam
3486 3707 3692 3791 perni-

2055 3796 2273 3858 ciosam
2307 3817 2477 3878 quam
2510 3788 2958 3879 dereliquerunt
2994 3788 3053 3860 in
3085 3801 3194 3861 hac
3228 3797 3347 3858 vita
3384 3813 3398 3858 :
3441 3788 3694 3879 perditio

2055 3903 2310 3966 namque
2341 3906 2542 3948 eorum
2579 3888 2675 3969 qui
2695 3878 2767 3950 ab
2788 3889 2873 3952 eis
2903 3889 3100 3952 edocti
3130 3878 3697 3969 sunt,occasioipsis

2057 3975 2312 4036 efﬁcitur
2341 3975 2548 4038 mterni
2579 3979 2876 4059 supplicii.

2680 4071 2917 4135 CAPUT
2953 4072 3083 4137 XV.

2474 4149 2561 4212 De
2593 4153 2929 4216 obedientia
2959 4170 3290 4216 servorum.

2137 4239 2236 4317 VI,
2274 4246 2330 4318 1,
2358 4243 2418 4303 2.
2441 4244 3070 4326 ριιὶσιιηςιυεεαᾙαζιο
3090 4255 3228 4310 sunt
3249 4245 3576 4319 servi,suos
3601 4241 3702 4302 do-

319 4339 581 4404 δεσπότας
667 4339 845 4406 πὰσης
929 4339 1092 4414 τιμῆς
1184 4336 1356 4403 ἀξίους
1441 4338 1787 4416 ἡγείσθωσαν,
1875 4340 1965 4396 ’ίνα

2054 4332 2252 4393 minos
2265 4334 2431 4394 omni
2451 4333 2678 4395 honore
2689 4337 2907 4416 dignos
2930 4337 3260 4416 ducant,ne
3282 4351 3497 4396 nomm
3520 4331 3634 4423 Dei
3647 4335 3703 4390 et

324 4431 406 4506 μὴ
445 4431 508 4486 τὸ
551 4429 720 4503 ὄνομα
763 4434 852 4484 τοῦ
897 4434 1028 4483 Θεοῦ
1083 4427 1170 4482 καὶ
1224 4428 1260 4495 ἡ
1315 4424 1649 4490 διδασκαλίας
1718 4427 1965 4508 βλασφη-

2059 4419 2344 4482 doctrina
2361 4422 2514 4483 male
2529 4423 2761 4485 audiat.
2790 4424 2922 4500 Qui
2939 4443 3073 4486 vero
3102 4425 3308 4504 ﬁdeles
3346 4423 3562 4484 habent
3592 4419 3699 4478 do-

325 4523 520 4594 μῆται.
576 4520 636 4573 Οἱ
706 4513 759 4572 δὲ
812 4515 1030 4579 πιστοὺς
1088 4513 1304 4594 ἔχοντες
1360 4513 1641 4590 δεσπότας,
1715 4515 1792 4590 μὴ
1875 4538 1973 4572 κα-

323 4608 773 4689 ταφρονείτωσαν,
849 4605 930 4662 ὅτι
1010 4604 1222 4685 ἀδελφοί
1311 4607 1460 4684 εἰσιν,
1557 4604 1691 4662 ἀλλὰ
1775 4606 1976 4681 μᾶλλον

325 4696 740 4769 δουλευέτωσαν,
833 4695 913 4750 ὅτι
982 4693 1159 4750 πιστοί
1242 4695 1337 4749 εἶσι
1417 4695 1503 4750 καὶ
1588 4693 1850 4774 ἀγαπητοὶ
1933 4700 1979 4753 οἱ

321 4791 423 4854 τῆς
455 4785 753 4865 εὒεργεσίας
776 4779 1310 4858 ἀντιλαμϐανόμενοι.
1346 4789 1520 4839 Ταῦτα
1547 4781 1752 4841 δίδασκε
1775 4786 1862 4841 καὶ
1884 4807 1982 4842 πα-

325 4874 573 4955 ρακάλει,

417 4965 546 5044 Περὶ
626 4963 826 5018 πιστῶν
897 4958 1095 5018 δούλων
1164 4957 1484 5041 διαλέγεται,
1571 4966 1676 5016 τῶν
1746 4961 1983 5042 ἕχόντων

326 5054 584 5118 ἀπίστους
616 5049 897 5129 δεσπότας,
972 5059 1082 5122 Ινα,
1129 5050 1279 5130 φησὶ,
1337 5051 1424 5106 καὶ
1479 5057 1641 5106 ταῦτα
1695 5050 1979 5130 παραινῇς,

333 5165 358 5199 ι
419 5153 506 5201 Ῑνα
564 5140 644 5218 μὴ
673 5140 735 5196 τὸ
782 5138 948 5214 ὄνομα
977 5144 1070 5195 τοῦ
1114 5145 1268 5199 Θεοῦ.
1318 5158 1346 5193 ι)
1380 5137 1506 5198 Ἐὰν
1561 5139 1681 5217 γὰρ,
1715 5141 1866 5219 φησὶ,
1901 5137 1984 5196 διὰ

329 5235 391 5290 τὸ
443 5232 591 5288 εἶναι
649 5229 772 5293 τοὺς
828 5226 1089 5291 δεσπότας
1144 5227 1418 5303 ἀπίστους,
1475 5230 1521 5284 οἱ
1574 5229 1752 5285 πιστοὶ
1809 5225 1983 5287 δοῦλοι

329 5320 674 5400 παρακούωσι
760 5318 847 5374 καὶ
929 5316 1440 5396 ἆπαυθαδιάζωνται,
1524 5316 1783 5396 πρόφασιν
1865 5331 1984 5382 τοῖς

330 5410 564 5482 οἰκείοις,
613 5406 913 5488 παρέχουσι
970 5405 1246 5471 δεσπόταις
1313 5404 1653 5484 βλασφημεῖν
1706 5408 1794 5463 τὸν
1849 5415 1982 5487 Χρι-

332 5499 454 5554 στὸν
511 5498 602 5553 καὶ
645 5498 707 5553 τὸ
761 5497 1032 5577 κήρυγμα,
1076 5498 1150 5560 ὡς
1180 5493 1356 5552 αἴτιον
1411 5497 1511 5562 τῆς
1567 5493 1834 5560 αὖθαδείας
1877 5500 1980 5555 νῶν

332 5584 528 5643 δούλων
560 5585 866 5664 γενόμενον,
920 5605 947 5640 α
981 5585 1071 5653 Μή
1126 5583 1636 5664 καταφρονείτωσαν,
1685 5582 1762 5641 δτι
1820 5584 1979 5642 ἀδελ-

333 5699 420 5755 φοι
450 5677 607 5735 εἰσιν.
657 5695 685 5729 ι
725 5673 812 5740 Μὴ
841 5675 902 5730 τὸ
952 5674 1094 5733 εἶναί
1123 5695 1182 5730 σε
1231 5671 1478 5755 ἀδελφὸν,
1527 5671 1701 5730 αἴτιον
1757 5673 1979 5752 γινέσθω

2059 4511 2278 4590 minos,
2307 4527 2385 4572 ne
2403 4519 2782 4573 routemnnnt
2803 4515 2958 4592 quod
2974 4517 3198 4592 fratres
3218 4519 3360 4588 sint,
3381 4511 3483 4572 sed
3506 4508 3702 4588 magis

2062 4602 2574 4680 i-nservtantquod
2592 4603 2800 4682 fideles
2811 4607 2932 4668 sint
2955 4624 3024 4668 ac
3037 4605 3245 4667 dilecti
3259 4607 3363 4685 qui
3382 4603 3699 4680 beneﬁcen-

2065 4695 2164 4752 τέω
2191 4691 2511 4771 participes
2539 4700 2700 4756 sunt.
2740 4693 2882 4755 Ηωσ
2911 4695 3050 4757 doce
3079 4703 3136 4758 et
3167 4695 3514 4757 exliortare.

2147 4949 2234 5012 De
2286 4947 2670 5011 credentibus
2716 4951 2902 5012 servis
2954 4950 3211 5034 disserit,
3274 4952 3373 5034 qui
3431 4951 3706 5013 dominos

2069 5039 2290 5101 habent
2319 5038 2684 5101 incredulos.
2727 5039 2886 5115 Haec,
2918 5040 3132 5120 inquit,
3168 5045 3342 5104 etiam
3394 5041 3708 5104 exhortare

2066 5138 2130 5191 ut
2160 5130 2521 5210 quicunque.
2561 5138 2675 5190 etc.
2710 5151 2730 5181 ι
2758 5127 2844 5190 Ne
2877 5147 3092 5191 nomen
3117 5131 3279 5194 Dei.»
3317 5133 3460 5194 Nam
3492 5131 3709 5192 siservi

2067 5217 2488 5297 credentes,ob
2508 5217 2565 5278 id
2589 5217 2746 5299 quod
2765 5219 2991 5281 domini
3019 5231 3218 5284 essent
3242 5222 3561 5303 increduli,
3597 5221 3709 5283 ob-

2068 5309 2341 5371 audirent
2371 5306 2456 5369 eis
2488 5319 2807 5390 essentque
2839 5313 3296 5389 arrogantiores,
3335 5312 3710 5375 occasionem

2067 5401 2276 5462 darent
2308 5397 2432 5459 suis
2461 5396 2722 5472 dominis
2753 5399 3008 5462 convitia
3031 5401 3293 5482 jaciendi
3322 5401 3384 5462 in
3409 5402 3711 5464 Christum

2065 5509 2134 5552 ac
2193 5486 2698 5570 praedicationem,
2752 5497 3026 5571 tanquam
3083 5491 3316 5553 occasio
3369 5492 3522 5554 facta
3561 5499 3719 5552 esset

2065 5577 2451 5642 contumacia;
2506 5595 2837 5641 servorum.
2904 5599 2932 5638 «
2975 5577 3504 5643 Νοιόοηῑθιηηεηι
3559 5578 3714 5659 quod

2062 5669 2273 5732 fratres
2305 5664 2422 5726 sint
2487 5693 2510 5726 ο
2549 5667 2634 5730 Ne
2669 5675 3036 5751 propterea,‘
3062 5668 3277 5752 inquit,
3325 5669 3485 5752 quod
3536 5667 3720 5730 frater
