  <div class='ocr_page' id='page_1' title='image "/cluster/home/n/w/nwhite01/storage/ocr_20150623/119/hvd.32044073502494/101.png"; bbox 0 0 4152 6216; ppageno 0'>
   <div class='ocr_carea' id='block_1_1' title="bbox 409 308 2048 388">
    <p class='ocr_par' dir='ltr' id='par_1_1' title="bbox 409 308 2048 381">
     <span class='ocr_line' id='line_1_1' title="bbox 409 308 2048 381; baseline 0.004 -7"><span class='ocrx_word' id='word_1_1' title='bbox 409 308 524 376; x_wconf 85' lang='grc'>187</span> <span class='ocrx_word' id='word_1_2' title='bbox 1512 316 1923 381; x_wconf 85' lang='lat' dir='ltr'>CECUMENII</span> <span class='ocrx_word' id='word_1_3' title='bbox 1968 317 2048 380; x_wconf 77' lang='lat' dir='ltr'>TI</span> 
     </span>
    </p>
   </div>
   <div class='ocr_carea' id='block_1_2' title="bbox 2131 308 3766 388">
    <p class='ocr_par' dir='ltr' id='par_1_2' title="bbox 2131 315 3766 388">
     <span class='ocr_line' id='line_1_2' title="bbox 2131 315 3766 388; baseline 0.004 -8"><span class='ocrx_word' id='word_1_4' title='bbox 2131 315 2263 381; x_wconf 69' lang='grc' dir='ltr'>Κ]Ᾰῦ</span> <span class='ocrx_word' id='word_1_5' title='bbox 2301 318 2634 382; x_wconf 83' lang='lat' dir='ltr'>EPISCOPI</span> <span class='ocrx_word' id='word_1_6' title='bbox 3096 378 3104 382; x_wconf 92' lang='lat'>.</span> <span class='ocrx_word' id='word_1_7' title='bbox 3651 324 3766 388; x_wconf 89' lang='grc'>188</span> 
     </span>
    </p>
   </div>
   <div class='ocr_carea' id='block_1_3' title="bbox 404 446 2048 533">
    <p class='ocr_par' dir='ltr' id='par_1_3' title="bbox 404 446 2048 532">
     <span class='ocr_line' id='line_1_3' title="bbox 404 446 2048 532; baseline 0.004 -26"><span class='ocrx_word' id='word_1_8' title='bbox 404 446 510 523; x_wconf 86' lang='lat' dir='ltr'><strong>sis,</strong></span> <span class='ocrx_word' id='word_1_9' title='bbox 563 457 939 532; x_wconf 73' lang='lat' dir='ltr'>contemptus</span> <span class='ocrx_word' id='word_1_10' title='bbox 988 453 1362 514; x_wconf 82' lang='lat' dir='ltr'>occasionem</span> <span class='ocrx_word' id='word_1_11' title='bbox 1418 470 1666 514; x_wconf 90' lang='lat' dir='ltr'><strong>sumas:</strong></span> <span class='ocrx_word' id='word_1_12' title='bbox 1700 451 1802 513; x_wconf 90' lang='lat' dir='ltr'>sed</span> <span class='ocrx_word' id='word_1_13' title='bbox 1857 450 2048 532; x_wconf 83' lang='lat' dir='ltr'><strong>potius</strong></span> 
     </span>
    </p>
   </div>
   <div class='ocr_carea' id='block_1_4' title="bbox 2131 446 3766 533">
    <p class='ocr_par' dir='ltr' id='par_1_4' title="bbox 2133 453 3766 533">
     <span class='ocr_line' id='line_1_4' title="bbox 2133 453 3766 533; baseline 0.006 -27"><span class='ocrx_word' id='word_1_14' title='bbox 2133 473 2238 529; x_wconf 89' lang='grc' dir='ltr'>σοι,</span> <span class='ocrx_word' id='word_1_15' title='bbox 2311 453 2464 531; x_wconf 82' lang='grc' dir='ltr'>φησὶ,</span> <span class='ocrx_word' id='word_1_16' title='bbox 2524 456 2984 533; x_wconf 74' lang='grc' dir='ltr'>καταφρονήσεως,</span> <span class='ocrx_word' id='word_1_17' title='bbox 3058 454 3176 511; x_wconf 74' lang='grc' dir='ltr'>ἀλλ’</span> <span class='ocrx_word' id='word_1_18' title='bbox 3252 457 3629 531; x_wconf 70' lang='grc' dir='ltr'>ἐνθυμούμενον</span> <span class='ocrx_word' id='word_1_19' title='bbox 3685 457 3766 516; x_wconf 82' lang='grc' dir='ltr'>ὅτι</span> 
     </span>
    </p>
   </div>
   <div class='ocr_carea' id='block_1_5' title="bbox 405 535 2048 640">
    <p class='ocr_par' dir='ltr' id='par_1_5' title="bbox 405 535 2042 640">
     <span class='ocr_line' id='line_1_5' title="bbox 405 535 2042 640; baseline 0.004 -45"><span class='ocrx_word' id='word_1_20' title='bbox 405 535 584 640; x_wconf 69' lang='lat' dir='ltr'><strong>alacri</strong></span> <span class='ocrx_word' id='word_1_21' title='bbox 614 537 861 639; x_wconf 46' lang='lat' dir='ltr'><strong>.animo,</strong></span> <span class='ocrx_word' id='word_1_22' title='bbox 920 540 1075 620; x_wconf 82' lang='lat' dir='ltr'><strong>quod</strong></span> <span class='ocrx_word' id='word_1_23' title='bbox 1125 540 1335 640; x_wconf 54' lang='lat' dir='ltr'><strong>fideles</strong></span> <span class='ocrx_word' id='word_1_24' title='bbox 1383 540 1501 640; x_wconf 77' lang='lat' dir='ltr'><strong>sint</strong></span> <span class='ocrx_word' id='word_1_25' title='bbox 1543 546 1802 640; x_wconf 66' lang='lat' dir='ltr'><strong>_l)eoque</strong></span> <span class='ocrx_word' id='word_1_26' title='bbox 1841 540 2042 640; x_wconf 71' lang='lat' dir='ltr'><strong>dilecti</strong></span> 
     </span>
    </p>
   </div>
   <div class='ocr_carea' id='block_1_6' title="bbox 2131 535 3768 640">
    <p class='ocr_par' dir='ltr' id='par_1_6' title="bbox 2131 541 3768 640">
     <span class='ocr_line' id='line_1_6' title="bbox 2131 541 3768 640; baseline 0.004 -45"><span class='ocrx_word' id='word_1_27' title='bbox 2131 541 2301 596; x_wconf 81' lang='grc' dir='ltr'>πιστοί</span> <span class='ocrx_word' id='word_1_28' title='bbox 2357 541 2454 596; x_wconf 73' lang='grc' dir='ltr'>εἶσι</span> <span class='ocrx_word' id='word_1_29' title='bbox 2513 542 2601 597; x_wconf 87' lang='grc' dir='ltr'>καὶ</span> <span class='ocrx_word' id='word_1_30' title='bbox 2658 542 2924 617; x_wconf 79' lang='grc' dir='ltr'>ἀγαπητοῖ</span> <span class='ocrx_word' id='word_1_31' title='bbox 2971 550 3101 600; x_wconf 60' lang='grc' dir='ltr'>Θεῡῦ</span> <span class='ocrx_word' id='word_1_32' title='bbox 3144 548 3191 601; x_wconf 77' lang='grc' dir='ltr'>οἱ</span> <span class='ocrx_word' id='word_1_33' title='bbox 3235 544 3506 627; x_wconf 78' lang='grc' dir='ltr'>δεσπόται,</span> <span class='ocrx_word' id='word_1_34' title='bbox 3566 546 3768 640; x_wconf 49' lang='lat' dir='ltr'>agno»</span> 
     </span>
    </p>
   </div>
   <div class='ocr_carea' id='block_1_7' title="bbox 403 623 2048 712">
    <p class='ocr_par' dir='ltr' id='par_1_7' title="bbox 403 623 2043 708">
     <span class='ocr_line' id='line_1_7' title="bbox 403 623 2043 708; baseline 0.004 -25"><span class='ocrx_word' id='word_1_35' title='bbox 403 623 652 700; x_wconf 88' lang='lat' dir='ltr'>domini,</span> <span class='ocrx_word' id='word_1_36' title='bbox 689 628 873 706; x_wconf 86' lang='lat' dir='ltr'><strong>magis</strong></span> <span class='ocrx_word' id='word_1_37' title='bbox 921 628 1229 704; x_wconf 76' lang='lat' dir='ltr'><strong>inservias,</strong></span> <span class='ocrx_word' id='word_1_38' title='bbox 1266 628 1462 690; x_wconf 92' lang='lat' dir='ltr'><strong>timori</strong></span> <span class='ocrx_word' id='word_1_39' title='bbox 1487 628 1818 708; x_wconf 81' lang='lat' dir='ltr'><strong>adjungens</strong></span> <span class='ocrx_word' id='word_1_40' title='bbox 1866 630 2043 691; x_wconf 89' lang='lat' dir='ltr'><strong>etiam</strong></span> 
     </span>
    </p>
   </div>
   <div class='ocr_carea' id='block_1_8' title="bbox 2131 623 3769 712">
    <p class='ocr_par' dir='ltr' id='par_1_8' title="bbox 2131 623 3769 712">
     <span class='ocr_line' id='line_1_8' title="bbox 2131 623 3769 712; baseline 0.006 -31"><span class='ocrx_word' id='word_1_41' title='bbox 2131 626 2355 691; x_wconf 79' lang='grc' dir='ltr'>δούλευε.</span> <span class='ocrx_word' id='word_1_42' title='bbox 2431 629 2618 706; x_wconf 83' lang='grc' dir='ltr'>μιγνὺς</span> <span class='ocrx_word' id='word_1_43' title='bbox 2674 636 2752 703; x_wconf 77' lang='grc' dir='ltr'>τῷ</span> <span class='ocrx_word' id='word_1_44' title='bbox 2821 627 2968 710; x_wconf 59' lang='grc' dir='ltr'>φόϐῳ</span> <span class='ocrx_word' id='word_1_45' title='bbox 3021 633 3109 687; x_wconf 84' lang='grc' dir='ltr'>καὶ</span> <span class='ocrx_word' id='word_1_46' title='bbox 3155 632 3254 700; x_wconf 82' lang='grc' dir='ltr'>τὴν</span> <span class='ocrx_word' id='word_1_47' title='bbox 3309 623 3547 712; x_wconf 78' lang='grc' dir='ltr'>ἀγάπην,</span> <span class='ocrx_word' id='word_1_48' title='bbox 3620 623 3769 694; x_wconf 53' lang='grc' dir='ltr'>’ὅσον</span> 
     </span>
    </p>
   </div>
   <div class='ocr_carea' id='block_1_9' title="bbox 407 712 2048 800">
    <p class='ocr_par' dir='ltr' id='par_1_9' title="bbox 407 712 2046 797">
     <span class='ocr_line' id='line_1_9' title="bbox 407 712 2046 797; baseline 0.004 -25"><span class='ocrx_word' id='word_1_49' title='bbox 407 712 1106 788; x_wconf 72' lang='lat' dir='ltr'><strong>dilectionem.Quantum</strong></span> <span class='ocrx_word' id='word_1_50' title='bbox 1139 717 1297 779; x_wconf 89' lang='lat' dir='ltr'><strong>enim</strong></span> <span class='ocrx_word' id='word_1_51' title='bbox 1330 716 1688 779; x_wconf 76' lang='lat' dir='ltr'><strong>beneficium</strong></span> <span class='ocrx_word' id='word_1_52' title='bbox 1712 716 2046 797; x_wconf 89' lang='lat' dir='ltr'><strong>recipitisin</strong></span> 
     </span>
    </p>
   </div>
   <div class='ocr_carea' id='block_1_10' title="bbox 2131 712 3768 800">
    <p class='ocr_par' dir='ltr' id='par_1_10' title="bbox 2131 716 3768 800">
     <span class='ocr_line' id='line_1_10' title="bbox 2131 716 3768 800; baseline 0.005 -27"><span class='ocrx_word' id='word_1_53' title='bbox 2131 716 2227 794; x_wconf 79' lang='grc' dir='ltr'>γὰρ</span> <span class='ocrx_word' id='word_1_54' title='bbox 2297 717 2648 796; x_wconf 82' lang='grc' dir='ltr'>εὐηργέτησθε</span> <span class='ocrx_word' id='word_1_55' title='bbox 2704 716 2958 798; x_wconf 81' lang='grc' dir='ltr'>ἀδελφοὺς</span> <span class='ocrx_word' id='word_1_56' title='bbox 3016 718 3234 800; x_wconf 79' lang='grc' dir='ltr'>ἔχοντες</span> <span class='ocrx_word' id='word_1_57' title='bbox 3291 724 3412 787; x_wconf 83' lang='grc' dir='ltr'>τοὺς</span> <span class='ocrx_word' id='word_1_58' title='bbox 3484 723 3768 799; x_wconf 82' lang='grc' dir='ltr'>δεσπότας,</span> 
     </span>
    </p>
   </div>
   <div class='ocr_carea' id='block_1_11' title="bbox 406 801 2049 884">
    <p class='ocr_par' dir='ltr' id='par_1_11' title="bbox 406 801 2049 884">
     <span class='ocr_line' id='line_1_11' title="bbox 406 801 2049 884; baseline 0.005 -23"><span class='ocrx_word' id='word_1_59' title='bbox 406 801 519 864; x_wconf 91' lang='lat' dir='ltr'>hoc</span> <span class='ocrx_word' id='word_1_60' title='bbox 549 822 781 884; x_wconf 89' lang='lat' dir='ltr'><strong>quoque</strong></span> <span class='ocrx_word' id='word_1_61' title='bbox 828 805 1098 867; x_wconf 92' lang='lat' dir='ltr'><strong>dominos</strong></span> <span class='ocrx_word' id='word_1_62' title='bbox 1147 806 1411 867; x_wconf 80' lang='lat' dir='ltr'>habeatis</span> <span class='ocrx_word' id='word_1_63' title='bbox 1459 806 1689 883; x_wconf 81' lang='lat' dir='ltr'>fratres,</span> <span class='ocrx_word' id='word_1_64' title='bbox 1730 814 1953 868; x_wconf 90' lang='lat' dir='ltr'><strong>tantum</strong></span> <span class='ocrx_word' id='word_1_65' title='bbox 1990 813 2049 869; x_wconf 87' lang='lat' dir='ltr'>et</span> 
     </span>
    </p>
   </div>
   <div class='ocr_carea' id='block_1_12' title="bbox 404 892 2047 977">
    <p class='ocr_par' dir='ltr' id='par_1_12' title="bbox 404 892 2047 977">
     <span class='ocr_line' id='line_1_12' title="bbox 404 892 2047 977; baseline 0.005 -27"><span class='ocrx_word' id='word_1_66' title='bbox 404 907 510 950; x_wconf 85' lang='lat' dir='ltr'>vos</span> <span class='ocrx_word' id='word_1_67' title='bbox 534 892 681 970; x_wconf 84' lang='lat' dir='ltr'><strong>grati</strong></span> <span class='ocrx_word' id='word_1_68' title='bbox 717 892 870 966; x_wconf 88' lang='lat' dir='ltr'><strong>sitis,</strong></span> <span class='ocrx_word' id='word_1_69' title='bbox 904 893 1090 971; x_wconf 82' lang='lat' dir='ltr'><strong>magis</strong></span> <span class='ocrx_word' id='word_1_70' title='bbox 1137 893 1539 957; x_wconf 81' lang='lat' dir='ltr'><strong>inserviendo.</strong></span> <span class='ocrx_word' id='word_1_71' title='bbox 1582 896 1699 957; x_wconf 86' lang='lat' dir='ltr'>Aut</span> <span class='ocrx_word' id='word_1_72' title='bbox 1747 898 1883 977; x_wconf 90' lang='lat' dir='ltr'><strong>quia</strong></span> <span class='ocrx_word' id='word_1_73' title='bbox 1920 895 2047 958; x_wconf 87' lang='lat' dir='ltr'>vice</span> 
     </span>
    </p>
   </div>
   <div class='ocr_carea' id='block_1_13' title="bbox 405 980 2047 1062">
    <p class='ocr_par' dir='ltr' id='par_1_13' title="bbox 405 980 2047 1062">
     <span class='ocr_line' id='line_1_13' title="bbox 405 980 2047 1062; baseline 0.006 -24"><span class='ocrx_word' id='word_1_74' title='bbox 405 996 575 1039; x_wconf 86' lang='lat' dir='ltr'><strong>versa</strong></span> <span class='ocrx_word' id='word_1_75' title='bbox 608 980 966 1045; x_wconf 83' lang='lat' dir='ltr'><strong>beneficium</strong></span> <span class='ocrx_word' id='word_1_76' title='bbox 995 1001 1029 1044; x_wconf 91' lang='lat' dir='ltr'>a</span> <span class='ocrx_word' id='word_1_77' title='bbox 1050 983 1309 1047; x_wconf 85' lang='lat' dir='ltr'><strong>dominis</strong></span> <span class='ocrx_word' id='word_1_78' title='bbox 1330 984 1625 1062; x_wconf 87' lang='lat' dir='ltr'><strong>recipiunt</strong></span> <span class='ocrx_word' id='word_1_79' title='bbox 1646 984 1785 1047; x_wconf 90' lang='lat' dir='ltr'>dum</span> <span class='ocrx_word' id='word_1_80' title='bbox 1804 986 2047 1048; x_wconf 89' lang='lat' dir='ltr'><strong>aluntur</strong></span> 
     </span>
    </p>
   </div>
   <div class='ocr_carea' id='block_1_14' title="bbox 404 1069 2043 1156">
    <p class='ocr_par' dir='ltr' id='par_1_14' title="bbox 404 1069 2043 1156">
     <span class='ocr_line' id='line_1_14' title="bbox 404 1069 2043 1156; baseline 0.006 -29"><span class='ocrx_word' id='word_1_81' title='bbox 404 1084 471 1128; x_wconf 90' lang='lat' dir='ltr'><strong>ac</strong></span> <span class='ocrx_word' id='word_1_82' title='bbox 500 1069 852 1133; x_wconf 80' lang='lat' dir='ltr'><strong>vestiuntur.</strong></span> <span class='ocrx_word' id='word_1_83' title='bbox 903 1097 930 1128; x_wconf 76' lang='grc' dir='ltr'>α</span> <span class='ocrx_word' id='word_1_84' title='bbox 978 1073 1100 1136; x_wconf 89' lang='lat' dir='ltr'>Sed</span> <span class='ocrx_word' id='word_1_85' title='bbox 1160 1073 1345 1154; x_wconf 85' lang='lat' dir='ltr'><strong>magis</strong></span> <span class='ocrx_word' id='word_1_86' title='bbox 1373 1074 1735 1137; x_wconf 84' lang='lat' dir='ltr'>inserviant:</span> <span class='ocrx_word' id='word_1_87' title='bbox 1766 1100 1788 1132; x_wconf 74' lang='grc' dir='ltr'>ι</span> <span class='ocrx_word' id='word_1_88' title='bbox 1832 1093 2043 1156; x_wconf 89' lang='lat' dir='ltr'><strong>nempe</strong></span> 
     </span>
    </p>
   </div>
   <div class='ocr_carea' id='block_1_15' title="bbox 403 1157 2045 1243">
    <p class='ocr_par' dir='ltr' id='par_1_15' title="bbox 403 1157 2045 1243">
     <span class='ocr_line' id='line_1_15' title="bbox 403 1157 2045 1243; baseline 0.007 -28"><span class='ocrx_word' id='word_1_89' title='bbox 403 1157 581 1243; x_wconf 84' lang='lat' dir='ltr'><strong>servi.</strong></span> <span class='ocrx_word' id='word_1_90' title='bbox 605 1159 745 1220; x_wconf 70' lang='lat'>245</span> <span class='ocrx_word' id='word_1_91' title='bbox 769 1163 878 1222; x_wconf 90' lang='lat' dir='ltr'><strong>Per</strong></span> <span class='ocrx_word' id='word_1_92' title='bbox 904 1161 1269 1242; x_wconf 81' lang='lat' dir='ltr'>hyperbaton</span> <span class='ocrx_word' id='word_1_93' title='bbox 1311 1166 1470 1225; x_wconf 90' lang='lat' dir='ltr'><strong>enim</strong></span> <span class='ocrx_word' id='word_1_94' title='bbox 1523 1165 1778 1243; x_wconf 85' lang='lat' dir='ltr'><strong>ponitur.</strong></span> <span class='ocrx_word' id='word_1_95' title='bbox 1814 1163 1879 1225; x_wconf 91' lang='lat' dir='ltr'><strong>In</strong></span> <span class='ocrx_word' id='word_1_96' title='bbox 1914 1182 2045 1226; x_wconf 91' lang='lat' dir='ltr'>me-</span> 
     </span>
    </p>
   </div>
   <div class='ocr_carea' id='block_1_16' title="bbox 407 1242 2049 1328">
    <p class='ocr_par' dir='ltr' id='par_1_16' title="bbox 407 1242 2049 1328">
     <span class='ocr_line' id='line_1_16' title="bbox 407 1242 2049 1328; baseline 0.008 -24"><span class='ocrx_word' id='word_1_97' title='bbox 407 1242 505 1305; x_wconf 91' lang='lat' dir='ltr'>dio</span> <span class='ocrx_word' id='word_1_98' title='bbox 539 1256 735 1310; x_wconf 89' lang='lat' dir='ltr'><strong>autem</strong></span> <span class='ocrx_word' id='word_1_99' title='bbox 767 1250 1020 1328; x_wconf 88' lang='lat' dir='ltr'><strong>locetur,</strong></span> <span class='ocrx_word' id='word_1_100' title='bbox 1054 1250 1222 1323; x_wconf 91' lang='lat' dir='ltr'><strong>Quod</strong></span> <span class='ocrx_word' id='word_1_101' title='bbox 1254 1252 1464 1314; x_wconf 84' lang='lat' dir='ltr'><strong>ﬁdeles</strong></span> <span class='ocrx_word' id='word_1_102' title='bbox 1493 1242 1614 1313; x_wconf 72' lang='lat' dir='ltr'><strong>sint</strong></span> <span class='ocrx_word' id='word_1_103' title='bbox 1641 1271 1708 1314; x_wconf 90' lang='lat' dir='ltr'><strong>ac</strong></span> <span class='ocrx_word' id='word_1_104' title='bbox 1731 1252 1954 1326; x_wconf 86' lang='lat' dir='ltr'><strong>dilecti,</strong></span> <span class='ocrx_word' id='word_1_105' title='bbox 1991 1262 2049 1317; x_wconf 90' lang='lat' dir='ltr'><strong>et</strong></span> 
     </span>
    </p>
   </div>
   <div class='ocr_carea' id='block_1_17' title="bbox 403 1334 2049 1423">
    <p class='ocr_par' dir='ltr' id='par_1_17' title="bbox 403 1334 2049 1423">
     <span class='ocr_line' id='line_1_17' title="bbox 403 1334 2049 1423; baseline 0.007 -29"><span class='ocrx_word' id='word_1_106' title='bbox 403 1334 876 1423; x_wconf 84' lang='lat' dir='ltr'><strong>subaudiendum</strong></span> <span class='ocrx_word' id='word_1_107' title='bbox 937 1349 1047 1415; x_wconf 91' lang='lat' dir='ltr'><strong>est,</strong></span> <span class='ocrx_word' id='word_1_108' title='bbox 1108 1341 1360 1403; x_wconf 89' lang='lat' dir='ltr'><strong>domini.</strong></span> <span class='ocrx_word' id='word_1_109' title='bbox 1413 1350 1531 1403; x_wconf 87' lang='lat' dir='ltr'><strong>.\ut</strong></span> <span class='ocrx_word' id='word_1_110' title='bbox 1584 1341 1937 1423; x_wconf 89' lang='lat' dir='ltr'><strong>simpliciter</strong></span> <span class='ocrx_word' id='word_1_111' title='bbox 1985 1345 2049 1404; x_wconf 72' lang='lat' dir='ltr'>ut</span> 
     </span>
    </p>
   </div>
   <div class='ocr_carea' id='block_1_18' title="bbox 405 1422 2043 1514">
    <p class='ocr_par' dir='ltr' id='par_1_18' title="bbox 405 1422 2043 1514">
     <span class='ocr_line' id='line_1_18' title="bbox 405 1422 2043 1514; baseline 0.005 -30"><span class='ocrx_word' id='word_1_112' title='bbox 405 1422 582 1514; x_wconf 82' lang='lat' dir='ltr'><strong>habet</strong></span> <span class='ocrx_word' id='word_1_113' title='bbox 610 1426 1058 1506; x_wconf 88' lang='lat' dir='ltr'><strong>intelligendum</strong></span> <span class='ocrx_word' id='word_1_114' title='bbox 1091 1422 2043 1514; x_wconf 77' lang='lat' dir='ltr'><strong>estzQuibeneﬁciumrecipiunt,</strong></span> 
     </span>
    </p>
   </div>
   <div class='ocr_carea' id='block_1_19' title="bbox 404 1511 2047 1596">
    <p class='ocr_par' dir='ltr' id='par_1_19' title="bbox 404 1511 2047 1596">
     <span class='ocr_line' id='line_1_19' title="bbox 404 1511 2047 1596; baseline 0.006 -24"><span class='ocrx_word' id='word_1_115' title='bbox 404 1511 518 1573; x_wconf 90' lang='lat' dir='ltr'>hoc</span> <span class='ocrx_word' id='word_1_116' title='bbox 549 1523 637 1575; x_wconf 89' lang='lat' dir='ltr'>est</span> <span class='ocrx_word' id='word_1_117' title='bbox 667 1514 916 1596; x_wconf 87' lang='lat' dir='ltr'><strong>domini,</strong></span> <span class='ocrx_word' id='word_1_118' title='bbox 969 1536 1171 1579; x_wconf 89' lang='lat' dir='ltr'><strong>curam</strong></span> <span class='ocrx_word' id='word_1_119' title='bbox 1213 1518 1464 1580; x_wconf 85' lang='lat' dir='ltr'><strong>habeant</strong></span> <span class='ocrx_word' id='word_1_120' title='bbox 1510 1528 1574 1580; x_wconf 92' lang='lat' dir='ltr'><strong>ut</strong></span> <span class='ocrx_word' id='word_1_121' title='bbox 1628 1518 1804 1581; x_wconf 89' lang='lat' dir='ltr'><strong>etiam</strong></span> <span class='ocrx_word' id='word_1_122' title='bbox 1856 1511 2047 1582; x_wconf 78' lang='lat' dir='ltr'><strong>servis</strong></span> 
     </span>
    </p>
   </div>
   <div class='ocr_carea' id='block_1_20' title="bbox 404 1598 2048 1693">
    <p class='ocr_par' dir='ltr' id='par_1_20' title="bbox 404 1598 2048 1693">
     <span class='ocr_line' id='line_1_20' title="bbox 404 1598 2048 1693; baseline 0.007 -32"><span class='ocrx_word' id='word_1_123' title='bbox 404 1598 800 1666; x_wconf 88' lang='lat' dir='ltr'><strong>benefaeiant.</strong></span> <span class='ocrx_word' id='word_1_124' title='bbox 840 1626 864 1661; x_wconf 84' lang='grc' dir='ltr'>ιι</span> <span class='ocrx_word' id='word_1_125' title='bbox 900 1605 1037 1668; x_wconf 63' lang='lat' dir='ltr'><strong>Haec</strong></span> <span class='ocrx_word' id='word_1_126' title='bbox 1053 1607 1203 1670; x_wconf 92' lang='lat' dir='ltr'><strong>doce</strong></span> <span class='ocrx_word' id='word_1_127' title='bbox 1232 1616 1290 1670; x_wconf 90' lang='lat' dir='ltr'><strong>et</strong></span> <span class='ocrx_word' id='word_1_128' title='bbox 1318 1608 1654 1693; x_wconf 82' lang='lat' dir='ltr'><strong>exhortare.</strong></span> <span class='ocrx_word' id='word_1_129' title='bbox 1697 1633 1719 1668; x_wconf 75' lang='grc' dir='ltr'>ιι</span> <span class='ocrx_word' id='word_1_130' title='bbox 1758 1610 1886 1671; x_wconf 84' lang='grc' dir='ltr'>Νοη</span> <span class='ocrx_word' id='word_1_131' title='bbox 1904 1628 2048 1672; x_wconf 86' lang='lat' dir='ltr'><strong>sane</strong></span> 
     </span>
    </p>
   </div>
   <div class='ocr_carea' id='block_1_21' title="bbox 404 1694 1794 1779">
    <p class='ocr_par' dir='ltr' id='par_1_21' title="bbox 404 1694 1794 1779">
     <span class='ocr_line' id='line_1_21' title="bbox 404 1694 1794 1779; baseline 0.008 -30"><span class='ocrx_word' id='word_1_132' title='bbox 404 1694 749 1755; x_wconf 81' lang='lat' dir='ltr'><strong>auctoritate</strong></span> <span class='ocrx_word' id='word_1_133' title='bbox 778 1695 882 1756; x_wconf 89' lang='lat' dir='ltr'>sed</span> <span class='ocrx_word' id='word_1_134' title='bbox 915 1695 1158 1759; x_wconf 67' lang='lat' dir='ltr'><strong>lenitate</strong></span> <span class='ocrx_word' id='word_1_135' title='bbox 1183 1696 1408 1775; x_wconf 87' lang='lat' dir='ltr'><strong>indiget</strong></span> <span class='ocrx_word' id='word_1_136' title='bbox 1441 1705 1794 1779; x_wconf 80' lang='lat' dir='ltr'><strong>praeceptor.</strong></span> 
     </span>
    </p>
   </div>
   <div class='ocr_carea' id='block_1_22' title="bbox 1002 1789 1436 1854">
    <p class='ocr_par' dir='ltr' id='par_1_22' title="bbox 1002 1789 1436 1854">
     <span class='ocr_line' id='line_1_22' title="bbox 1002 1789 1436 1854; baseline 0 -2"><span class='ocrx_word' id='word_1_137' title='bbox 1002 1789 1241 1854; x_wconf 85' lang='lat' dir='ltr'>CAPUT</span> <span class='ocrx_word' id='word_1_138' title='bbox 1285 1790 1436 1854; x_wconf 77' lang='lat' dir='ltr'>XVI.</span> 
     </span>
    </p>
   </div>
   <div class='ocr_carea' id='block_1_23' title="bbox 566 1879 1887 1965">
    <p class='ocr_par' dir='ltr' id='par_1_23' title="bbox 566 1879 1887 1965">
     <span class='ocr_line' id='line_1_23' title="bbox 566 1879 1887 1965; baseline 0.007 -27"><span class='ocrx_word' id='word_1_139' title='bbox 566 1879 858 1943; x_wconf 78' lang='lat' dir='ltr'><strong>Adversus</strong></span> <span class='ocrx_word' id='word_1_140' title='bbox 885 1901 1128 1959; x_wconf 83' lang='lat' dir='ltr'><strong>avaros,</strong></span> <span class='ocrx_word' id='word_1_141' title='bbox 1166 1892 1225 1947; x_wconf 83' lang='lat' dir='ltr'>et</span> <span class='ocrx_word' id='word_1_142' title='bbox 1251 1884 1443 1964; x_wconf 83' lang='lat' dir='ltr'><strong>falsos</strong></span> <span class='ocrx_word' id='word_1_143' title='bbox 1467 1892 1887 1965; x_wconf 63' lang='lat' dir='ltr'><strong>praeceptores.</strong></span> 
     </span>
    </p>
   </div>
   <div class='ocr_carea' id='block_1_24' title="bbox 483 1969 2052 2058">
    <p class='ocr_par' dir='ltr' id='par_1_24' title="bbox 483 1969 2052 2058">
     <span class='ocr_line' id='line_1_24' title="bbox 483 1969 2052 2058; baseline 0.006 -26"><span class='ocrx_word' id='word_1_144' title='bbox 483 1969 607 2052; x_wconf 88' lang='lat' dir='ltr'><strong>VII,</strong></span> <span class='ocrx_word' id='word_1_145' title='bbox 630 1973 734 2036; x_wconf 91' lang='lat'>3-8</span> <span class='ocrx_word' id='word_1_146' title='bbox 765 1974 833 2038; x_wconf 85' lang='lat' dir='ltr'><strong>Si</strong></span> <span class='ocrx_word' id='word_1_147' title='bbox 846 1977 984 2056; x_wconf 90' lang='lat' dir='ltr'><strong>quis</strong></span> <span class='ocrx_word' id='word_1_148' title='bbox 1005 1978 1303 2040; x_wconf 82' lang='lat' dir='ltr'><strong>diversam</strong></span> <span class='ocrx_word' id='word_1_149' title='bbox 1321 1983 1604 2058; x_wconf 76' lang='lat' dir='ltr'><strong>sequitur</strong></span> <span class='ocrx_word' id='word_1_150' title='bbox 1624 1978 2052 2053; x_wconf 83' lang='lat' dir='ltr'><strong>doctrinam,et</strong></span> 
     </span>
    </p>
   </div>
   <div class='ocr_carea' id='block_1_25' title="bbox 400 2064 2051 2131">
    <p class='ocr_par' dir='ltr' id='par_1_25' title="bbox 400 2064 2051 2131">
     <span class='ocr_line' id='line_1_25' title="bbox 400 2064 2051 2131; baseline 0.005 -10"><span class='ocrx_word' id='word_1_151' title='bbox 400 2078 526 2123; x_wconf 80' lang='lat' dir='ltr'>non</span> <span class='ocrx_word' id='word_1_152' title='bbox 549 2064 783 2126; x_wconf 76' lang='lat' dir='ltr'><strong>accedit</strong></span> <span class='ocrx_word' id='word_1_153' title='bbox 803 2068 970 2127; x_wconf 87' lang='lat' dir='ltr'><strong>sanis</strong></span> <span class='ocrx_word' id='word_1_154' title='bbox 987 2068 1367 2128; x_wconf 79' lang='lat' dir='ltr'><strong>sermonibus</strong></span> <span class='ocrx_word' id='word_1_155' title='bbox 1396 2068 1644 2129; x_wconf 83' lang='lat' dir='ltr'><strong>Domini</strong></span> <span class='ocrx_word' id='word_1_156' title='bbox 1680 2069 1872 2130; x_wconf 79' lang='lat' dir='ltr'><strong>nostri</strong></span> <span class='ocrx_word' id='word_1_157' title='bbox 1911 2067 2051 2131; x_wconf 73' lang='lat' dir='ltr'><strong>Iesu</strong></span> 
     </span>
    </p>
   </div>
   <div class='ocr_carea' id='block_1_26' title="bbox 2126 806 3771 890">
    <p class='ocr_par' dir='ltr' id='par_1_26' title="bbox 2126 806 3771 890">
     <span class='ocr_line' id='line_1_26' title="bbox 2126 806 3771 890; baseline 0.005 -31"><span class='ocrx_word' id='word_1_158' title='bbox 2126 811 2373 860; x_wconf 78' lang='grc' dir='ltr'>τοσοῦτον</span> <span class='ocrx_word' id='word_1_159' title='bbox 2414 806 2517 890; x_wconf 57' lang='grc' dir='ltr'>κιιιζ⁸</span> <span class='ocrx_word' id='word_1_160' title='bbox 2556 807 2710 880; x_wconf 86' lang='grc' dir='ltr'>ὑμεῖς</span> <span class='ocrx_word' id='word_1_161' title='bbox 2764 808 3066 887; x_wconf 85' lang='grc' dir='ltr'>εὐχάριστοι</span> <span class='ocrx_word' id='word_1_162' title='bbox 3116 809 3317 887; x_wconf 82' lang='grc' dir='ltr'>γίνεσθε</span> <span class='ocrx_word' id='word_1_163' title='bbox 3379 811 3433 868; x_wconf 83' lang='grc' dir='ltr'>ἐν</span> <span class='ocrx_word' id='word_1_164' title='bbox 3461 819 3538 888; x_wconf 80' lang='grc' dir='ltr'>τῷ</span> <span class='ocrx_word' id='word_1_165' title='bbox 3567 812 3771 890; x_wconf 84' lang='grc' dir='ltr'>μᾶλλον</span> 
     </span>
    </p>
   </div>
   <div class='ocr_carea' id='block_1_27' title="bbox 2125 876 3773 980">
    <p class='ocr_par' dir='ltr' id='par_1_27' title="bbox 2125 876 3773 980">
     <span class='ocr_line' id='line_1_27' title="bbox 2125 876 3773 980; baseline 0.006 -32"><span class='ocrx_word' id='word_1_166' title='bbox 2125 890 2408 953; x_wconf 82' lang='grc' dir='ltr'>δουλεύειν.</span> <span class='ocrx_word' id='word_1_167' title='bbox 2493 876 2547 951; x_wconf 64' lang='grc' dir='ltr'><strong><em>Ἦ</em></strong></span> <span class='ocrx_word' id='word_1_168' title='bbox 2617 892 2698 951; x_wconf 83' lang='grc' dir='ltr'>ὅτι</span> <span class='ocrx_word' id='word_1_169' title='bbox 2755 876 3275 974; x_wconf 64' lang='grc' dir='ltr'>ἀντέυεργετούμενοι</span> <span class='ocrx_word' id='word_1_170' title='bbox 3332 901 3475 980; x_wconf 84' lang='grc' dir='ltr'>παρὰ</span> <span class='ocrx_word' id='word_1_171' title='bbox 3528 876 3635 958; x_wconf 64' lang='grc' dir='ltr'>των</span> <span class='ocrx_word' id='word_1_172' title='bbox 3688 898 3773 958; x_wconf 87' lang='grc' dir='ltr'>δε-</span> 
     </span>
    </p>
   </div>
   <div class='ocr_carea' id='block_1_28' title="bbox 2124 979 3774 1063">
    <p class='ocr_par' dir='ltr' id='par_1_28' title="bbox 2124 979 3774 1063">
     <span class='ocr_line' id='line_1_28' title="bbox 2124 979 3774 1063; baseline 0.006 -27"><span class='ocrx_word' id='word_1_173' title='bbox 2124 987 2357 1061; x_wconf 84' lang='grc' dir='ltr'>σποτῶν,</span> <span class='ocrx_word' id='word_1_174' title='bbox 2410 979 2496 1038; x_wconf 80' lang='grc' dir='ltr'>διὰ</span> <span class='ocrx_word' id='word_1_175' title='bbox 2542 988 2635 1039; x_wconf 78' lang='grc' dir='ltr'>τοῦ</span> <span class='ocrx_word' id='word_1_176' title='bbox 2690 982 2964 1063; x_wconf 87' lang='grc' dir='ltr'>τρέγεσθαι</span> <span class='ocrx_word' id='word_1_177' title='bbox 3014 986 3103 1042; x_wconf 85' lang='grc' dir='ltr'>καὶ</span> <span class='ocrx_word' id='word_1_178' title='bbox 3143 979 3424 1049; x_wconf 83' lang='grc' dir='ltr'>ἐνδύεσθαι.</span> <span class='ocrx_word' id='word_1_179' title='bbox 3505 1012 3534 1045; x_wconf 70' lang='grc' dir='ltr'>ι</span> <span class='ocrx_word' id='word_1_180' title='bbox 3604 986 3774 1046; x_wconf 81' lang='grc' dir='ltr'>Ἀλλὰ</span> 
     </span>
    </p>
   </div>
   <div class='ocr_carea' id='block_1_29' title="bbox 2126 1067 3772 1145">
    <p class='ocr_par' dir='ltr' id='par_1_29' title="bbox 2126 1067 3772 1145">
     <span class='ocr_line' id='line_1_29' title="bbox 2126 1067 3772 1145; baseline 0.006 -20"><span class='ocrx_word' id='word_1_181' title='bbox 2126 1067 2328 1145; x_wconf 84' lang='grc' dir='ltr'>μᾶλλον</span> <span class='ocrx_word' id='word_1_182' title='bbox 2372 1067 2755 1128; x_wconf 80' lang='grc' dir='ltr'>δουλευέτωσαν</span> <span class='ocrx_word' id='word_1_183' title='bbox 2789 1089 2806 1105; x_wconf 88' lang='grc'>⁶</span> <span class='ocrx_word' id='word_1_184' title='bbox 2860 1094 2884 1128; x_wconf 75' lang='grc' dir='ltr'>ο</span> <span class='ocrx_word' id='word_1_185' title='bbox 2961 1071 3228 1130; x_wconf 79' lang='grc' dir='ltr'>τουτέστιν</span> <span class='ocrx_word' id='word_1_186' title='bbox 3274 1077 3323 1130; x_wconf 79' lang='grc' dir='ltr'>οἱ</span> <span class='ocrx_word' id='word_1_187' title='bbox 3378 1072 3577 1139; x_wconf 76' lang='grc' dir='ltr'>δοῦλοι.</span> <span class='ocrx_word' id='word_1_188' title='bbox 3642 1075 3772 1135; x_wconf 82' lang='grc' dir='ltr'>Καθ’</span> 
     </span>
    </p>
   </div>
   <div class='ocr_carea' id='block_1_30' title="bbox 2125 1154 3775 1237">
    <p class='ocr_par' dir='ltr' id='par_1_30' title="bbox 2125 1154 3775 1237">
     <span class='ocr_line' id='line_1_30' title="bbox 2125 1154 3775 1237; baseline 0.006 -24"><span class='ocrx_word' id='word_1_189' title='bbox 2125 1154 2415 1236; x_wconf 78' lang='grc' dir='ltr'>ὑπερϐατὸν</span> <span class='ocrx_word' id='word_1_190' title='bbox 2443 1159 2543 1237; x_wconf 81' lang='grc' dir='ltr'>γὰρ</span> <span class='ocrx_word' id='word_1_191' title='bbox 2571 1171 2770 1217; x_wconf 87' lang='grc' dir='ltr'>κεῖται.</span> <span class='ocrx_word' id='word_1_192' title='bbox 2831 1161 2929 1217; x_wconf 79' lang='grc' dir='ltr'>Διὰ</span> <span class='ocrx_word' id='word_1_193' title='bbox 2984 1160 3149 1237; x_wconf 81' lang='grc' dir='ltr'>μέσου</span> <span class='ocrx_word' id='word_1_194' title='bbox 3200 1161 3282 1237; x_wconf 78' lang='grc' dir='ltr'>δὲ,</span> <span class='ocrx_word' id='word_1_195' title='bbox 3336 1186 3364 1218; x_wconf 75' lang='grc' dir='ltr'>ι</span> <span class='ocrx_word' id='word_1_196' title='bbox 3445 1173 3538 1223; x_wconf 86' lang='grc' dir='ltr'>Οτι</span> <span class='ocrx_word' id='word_1_197' title='bbox 3596 1168 3775 1223; x_wconf 87' lang='grc' dir='ltr'>πιστοί</span> 
     </span>
    </p>
   </div>
   <div class='ocr_carea' id='block_1_31' title="bbox 2129 1247 3774 1333">
    <p class='ocr_par' dir='ltr' id='par_1_31' title="bbox 2129 1247 3774 1333">
     <span class='ocr_line' id='line_1_31' title="bbox 2129 1247 3774 1333; baseline 0.005 -30"><span class='ocrx_word' id='word_1_198' title='bbox 2129 1248 2228 1304; x_wconf 74' lang='grc' dir='ltr'>εἶσι</span> <span class='ocrx_word' id='word_1_199' title='bbox 2269 1248 2357 1333; x_wconf 53' lang='grc' dir='ltr'>καὶ</span> <span class='ocrx_word' id='word_1_200' title='bbox 2384 1247 2672 1327; x_wconf 78' lang='grc' dir='ltr'>ἀγαπητοὶ,</span> <span class='ocrx_word' id='word_1_201' title='bbox 2714 1272 2738 1303; x_wconf 73' lang='grc' dir='ltr'>ι)</span> <span class='ocrx_word' id='word_1_202' title='bbox 2773 1250 2861 1305; x_wconf 87' lang='grc' dir='ltr'>καὶ</span> <span class='ocrx_word' id='word_1_203' title='bbox 2907 1251 3424 1333; x_wconf 86' lang='grc' dir='ltr'>προσυπακουστέον,</span> <span class='ocrx_word' id='word_1_204' title='bbox 3482 1256 3528 1311; x_wconf 80' lang='grc' dir='ltr'>οἱ</span> <span class='ocrx_word' id='word_1_205' title='bbox 3577 1253 3774 1312; x_wconf 87' lang='grc' dir='ltr'>δεσπό-</span> 
     </span>
    </p>
   </div>
   <div class='ocr_carea' id='block_1_32' title="bbox 2129 1313 3775 1418">
    <p class='ocr_par' dir='ltr' id='par_1_32' title="bbox 2129 1313 3775 1418">
     <span class='ocr_line' id='line_1_32' title="bbox 2129 1313 3775 1418; baseline 0.005 -26"><span class='ocrx_word' id='word_1_206' title='bbox 2129 1357 2240 1395; x_wconf 86' lang='grc' dir='ltr'>ται.</span> <span class='ocrx_word' id='word_1_207' title='bbox 2278 1313 2338 1394; x_wconf 61' lang='grc' dir='ltr'><strong>Ἦ</strong></span> <span class='ocrx_word' id='word_1_208' title='bbox 2369 1313 2574 1412; x_wconf 65' lang='grc' dir='ltr'>ἁπλῶς,</span> <span class='ocrx_word' id='word_1_209' title='bbox 2605 1313 2785 1418; x_wconf 79' lang='grc' dir='ltr'>ὥσπερ</span> <span class='ocrx_word' id='word_1_210' title='bbox 2826 1313 3026 1415; x_wconf 66' lang='grc' dir='ltr'>κεῖται,</span> <span class='ocrx_word' id='word_1_211' title='bbox 3088 1339 3305 1407; x_wconf 86' lang='grc' dir='ltr'>νοητέον</span> <span class='ocrx_word' id='word_1_212' title='bbox 3362 1313 3447 1416; x_wconf 69' lang='grc' dir='ltr'>τδ,</span> <span class='ocrx_word' id='word_1_213' title='bbox 3499 1362 3530 1402; x_wconf 68' lang='grc' dir='ltr'><strong><em>ι</em></strong></span> <span class='ocrx_word' id='word_1_214' title='bbox 3573 1346 3633 1402; x_wconf 79' lang='grc' dir='ltr'><strong>Οἱ</strong></span> <span class='ocrx_word' id='word_1_215' title='bbox 3674 1349 3775 1411; x_wconf 81' lang='grc' dir='ltr'>τῆς</span> 
     </span>
    </p>
   </div>
   <div class='ocr_carea' id='block_1_33' title="bbox 2130 1422 3775 1509">
    <p class='ocr_par' dir='ltr' id='par_1_33' title="bbox 2130 1422 3775 1509">
     <span class='ocr_line' id='line_1_33' title="bbox 2130 1422 3775 1509; baseline 0.005 -28"><span class='ocrx_word' id='word_1_216' title='bbox 2130 1423 2423 1504; x_wconf 72' lang='grc' dir='ltr'>εὐεργεσίας</span> <span class='ocrx_word' id='word_1_217' title='bbox 2467 1422 3001 1509; x_wconf 64' lang='grc' dir='ltr'>ἀντιλαμϐανόμενοι,</span> <span class='ocrx_word' id='word_1_218' title='bbox 3036 1449 3060 1485; x_wconf 70' lang='grc' dir='ltr'>ι</span> <span class='ocrx_word' id='word_1_219' title='bbox 3104 1428 3396 1503; x_wconf 81' lang='grc' dir='ltr'>τουτέστιν,</span> <span class='ocrx_word' id='word_1_220' title='bbox 3437 1433 3484 1488; x_wconf 79' lang='grc' dir='ltr'>οἱ</span> <span class='ocrx_word' id='word_1_221' title='bbox 3525 1429 3775 1489; x_wconf 87' lang='grc' dir='ltr'>δεσπόται</span> 
     </span>
    </p>
   </div>
   <div class='ocr_carea' id='block_1_34' title="bbox 2131 1515 3776 1598">
    <p class='ocr_par' dir='ltr' id='par_1_34' title="bbox 2131 1515 3776 1598">
     <span class='ocr_line' id='line_1_34' title="bbox 2131 1515 3776 1598; baseline 0.005 -26"><span class='ocrx_word' id='word_1_222' title='bbox 2131 1517 2178 1572; x_wconf 81' lang='grc' dir='ltr'>οἱ</span> <span class='ocrx_word' id='word_1_223' title='bbox 2206 1515 2563 1596; x_wconf 78' lang='grc' dir='ltr'>φροντίζοντες</span> <span class='ocrx_word' id='word_1_224' title='bbox 2605 1523 2698 1574; x_wconf 80' lang='grc' dir='ltr'>τοῦ</span> <span class='ocrx_word' id='word_1_225' title='bbox 2753 1518 3046 1598; x_wconf 72' lang='grc' dir='ltr'>εὐεργετεῖν</span> <span class='ocrx_word' id='word_1_226' title='bbox 3101 1520 3221 1584; x_wconf 81' lang='grc' dir='ltr'>τοὺς</span> <span class='ocrx_word' id='word_1_227' title='bbox 3252 1518 3489 1586; x_wconf 85' lang='grc' dir='ltr'>δούλους,</span> <span class='ocrx_word' id='word_1_228' title='bbox 3541 1544 3570 1578; x_wconf 73' lang='grc' dir='ltr'>α</span> <span class='ocrx_word' id='word_1_229' title='bbox 3601 1523 3776 1581; x_wconf 79' lang='grc' dir='ltr'>Ταῦτα</span> 
     </span>
    </p>
   </div>
   <div class='ocr_carea' id='block_1_35' title="bbox 2132 1601 3777 1688">
    <p class='ocr_par' dir='ltr' id='par_1_35' title="bbox 2132 1601 3777 1688">
     <span class='ocr_line' id='line_1_35' title="bbox 2132 1601 3777 1688; baseline 0.005 -28"><span class='ocrx_word' id='word_1_230' title='bbox 2132 1601 2337 1662; x_wconf 88' lang='grc' dir='ltr'>δίδασκε</span> <span class='ocrx_word' id='word_1_231' title='bbox 2394 1607 2482 1662; x_wconf 82' lang='grc' dir='ltr'>καὶ</span> <span class='ocrx_word' id='word_1_232' title='bbox 2538 1605 2855 1687; x_wconf 84' lang='grc' dir='ltr'>παρακάλει.</span> <span class='ocrx_word' id='word_1_233' title='bbox 2918 1631 2940 1664; x_wconf 70' lang='grc' dir='ltr'>ι</span> <span class='ocrx_word' id='word_1_234' title='bbox 3006 1608 3113 1666; x_wconf 88' lang='grc' dir='ltr'>Οὐκ</span> <span class='ocrx_word' id='word_1_235' title='bbox 3168 1606 3268 1688; x_wconf 81' lang='grc' dir='ltr'>ἄρα</span> <span class='ocrx_word' id='word_1_236' title='bbox 3320 1609 3608 1684; x_wconf 83' lang='grc' dir='ltr'>αὐθεντίας,</span> <span class='ocrx_word' id='word_1_237' title='bbox 3639 1609 3777 1668; x_wconf 79' lang='grc' dir='ltr'>ἀλλὰ</span> 
     </span>
    </p>
   </div>
   <div class='ocr_carea' id='block_1_36' title="bbox 2132 1694 3092 1775">
    <p class='ocr_par' dir='ltr' id='par_1_36' title="bbox 2132 1694 3092 1775">
     <span class='ocr_line' id='line_1_36' title="bbox 2132 1694 3092 1775; baseline 0.005 -26"><span class='ocrx_word' id='word_1_238' title='bbox 2132 1694 2448 1774; x_wconf 88' lang='grc' dir='ltr'>προσηνείας</span> <span class='ocrx_word' id='word_1_239' title='bbox 2478 1695 2668 1775; x_wconf 74' lang='grc' dir='ltr'>χρῄζει</span> <span class='ocrx_word' id='word_1_240' title='bbox 2699 1698 2727 1753; x_wconf 83' lang='grc' dir='ltr'>ὁ</span> <span class='ocrx_word' id='word_1_241' title='bbox 2757 1695 3092 1760; x_wconf 78' lang='grc' dir='ltr'>διδάσκαλος.</span> 
     </span>
    </p>
   </div>
   <div class='ocr_carea' id='block_1_37' title="bbox 2740 1780 3173 1865">
    <p class='ocr_par' dir='ltr' id='par_1_37' title="bbox 2740 1780 3173 1865">
     <span class='ocr_line' id='line_1_37' title="bbox 2740 1780 3173 1865; baseline 0.005 -16"><span class='ocrx_word' id='word_1_242' title='bbox 2740 1796 2992 1850; x_wconf 63' lang='lat' dir='ltr'><strong>sema.</strong></span> <span class='ocrx_word' id='word_1_243' title='bbox 3049 1780 3173 1865; x_wconf 76' lang='grc' dir='ltr'>ις’.</span> 
     </span>
    </p>
   </div>
   <div class='ocr_carea' id='block_1_38' title="bbox 2298 1880 3605 1964">
    <p class='ocr_par' dir='ltr' id='par_1_38' title="bbox 2298 1880 3605 1964">
     <span class='ocr_line' id='line_1_38' title="bbox 2298 1880 3605 1964; baseline 0.003 -26"><span class='ocrx_word' id='word_1_244' title='bbox 2298 1906 2327 1938; x_wconf 70' lang='grc' dir='ltr'>α</span> <span class='ocrx_word' id='word_1_245' title='bbox 2365 1883 2510 1941; x_wconf 78' lang='grc' dir='ltr'>Κατὰ</span> <span class='ocrx_word' id='word_1_246' title='bbox 2536 1880 2882 1964; x_wconf 79' lang='grc' dir='ltr'>φιλοκερδῶν,</span> <span class='ocrx_word' id='word_1_247' title='bbox 2913 1885 3001 1940; x_wconf 85' lang='grc' dir='ltr'>καὶ</span> <span class='ocrx_word' id='word_1_248' title='bbox 3030 1883 3540 1961; x_wconf 82' lang='grc' dir='ltr'>ψευδοδιδασκάλων.</span> <span class='ocrx_word' id='word_1_249' title='bbox 3578 1910 3605 1942; x_wconf 78' lang='grc' dir='ltr'>ι›</span> 
     </span>
    </p>
   </div>
   <div class='ocr_carea' id='block_1_39' title="bbox 2220 1970 3775 2057">
    <p class='ocr_par' dir='ltr' id='par_1_39' title="bbox 2220 1970 3775 2057">
     <span class='ocr_line' id='line_1_39' title="bbox 2220 1970 3775 2057; baseline 0.005 -31"><span class='ocrx_word' id='word_1_250' title='bbox 2220 1993 2249 2026; x_wconf 79' lang='grc' dir='ltr'>α</span> <span class='ocrx_word' id='word_1_251' title='bbox 2295 1971 2363 2029; x_wconf 81' lang='lat' dir='ltr'>Ei&#39;</span> <span class='ocrx_word' id='word_1_252' title='bbox 2432 1992 2513 2034; x_wconf 89' lang='grc' dir='ltr'>τις</span> <span class='ocrx_word' id='word_1_253' title='bbox 2571 1970 3047 2051; x_wconf 80' lang='grc' dir='ltr'>ἑτεροδιδασκαλεῖ,</span> <span class='ocrx_word' id='word_1_254' title='bbox 3118 1975 3208 2031; x_wconf 86' lang='grc' dir='ltr'>καὶ</span> <span class='ocrx_word' id='word_1_255' title='bbox 3274 1974 3351 2049; x_wconf 78' lang='grc' dir='ltr'>μὴ</span> <span class='ocrx_word' id='word_1_256' title='bbox 3423 1975 3775 2057; x_wconf 84' lang='grc' dir='ltr'>προσέρχεται</span> 
     </span>
    </p>
   </div>
   <div class='ocr_carea' id='block_1_40' title="bbox 2131 2059 3778 2142">
    <p class='ocr_par' dir='ltr' id='par_1_40' title="bbox 2131 2059 3778 2142">
     <span class='ocr_line' id='line_1_40' title="bbox 2131 2059 3778 2142; baseline 0.005 -27"><span class='ocrx_word' id='word_1_257' title='bbox 2131 2060 2417 2139; x_wconf 88' lang='grc' dir='ltr'>ὑγιαίνουσι</span> <span class='ocrx_word' id='word_1_258' title='bbox 2481 2059 2663 2139; x_wconf 87' lang='grc' dir='ltr'>λόγοις</span> <span class='ocrx_word' id='word_1_259' title='bbox 2727 2073 2845 2126; x_wconf 86' lang='grc' dir='ltr'>τοῖς</span> <span class='ocrx_word' id='word_1_260' title='bbox 2937 2070 3030 2121; x_wconf 78' lang='grc' dir='ltr'>τοῦ</span> <span class='ocrx_word' id='word_1_261' title='bbox 3110 2062 3297 2142; x_wconf 81' lang='grc' dir='ltr'>Κυρίου</span> <span class='ocrx_word' id='word_1_262' title='bbox 3373 2065 3529 2139; x_wconf 77' lang='grc' dir='ltr'>ἡμῶν</span> <span class='ocrx_word' id='word_1_263' title='bbox 3602 2062 3778 2133; x_wconf 83' lang='grc' dir='ltr'>Ἰησοῦ</span> 
     </span>
    </p>
   </div>
   <div class='ocr_carea' id='block_1_41' title="bbox 406 2149 2048 2237">
    <p class='ocr_par' dir='ltr' id='par_1_41' title="bbox 406 2151 2048 2237">
     <span class='ocr_line' id='line_1_41' title="bbox 406 2151 2048 2237; baseline 0.006 -26"><span class='ocrx_word' id='word_1_264' title='bbox 406 2151 725 2233; x_wconf 72' lang='lat' dir='ltr'><strong>Christi,et</strong></span> <span class='ocrx_word' id='word_1_265' title='bbox 756 2157 813 2215; x_wconf 88' lang='lat' dir='ltr'>ei</span> <span class='ocrx_word' id='word_1_266' title='bbox 825 2172 961 2235; x_wconf 70' lang='lat' dir='ltr'><strong>qua:</strong></span> <span class='ocrx_word' id='word_1_267' title='bbox 979 2157 1305 2219; x_wconf 78' lang='lat' dir='ltr'><strong>secundum</strong></span> <span class='ocrx_word' id='word_1_268' title='bbox 1322 2158 1613 2237; x_wconf 84' lang='lat' dir='ltr'><strong>pietatem</strong></span> <span class='ocrx_word' id='word_1_269' title='bbox 1630 2165 1713 2219; x_wconf 87' lang='lat' dir='ltr'>est</span> <span class='ocrx_word' id='word_1_270' title='bbox 1728 2157 2048 2234; x_wconf 64' lang='lat' dir='ltr'><strong>doctrinae,</strong></span> 
     </span>
    </p>
   </div>
   <div class='ocr_carea' id='block_1_42' title="bbox 2131 2149 3772 2237">
    <p class='ocr_par' dir='ltr' id='par_1_42' title="bbox 2132 2149 3772 2235">
     <span class='ocr_line' id='line_1_42' title="bbox 2132 2149 3772 2235; baseline 0.004 -30"><span class='ocrx_word' id='word_1_271' title='bbox 2132 2156 2380 2229; x_wconf 78' lang='grc' dir='ltr'>Χριστοῦ,</span> <span class='ocrx_word' id='word_1_272' title='bbox 2494 2151 2581 2206; x_wconf 84' lang='grc' dir='ltr'>καὶ</span> <span class='ocrx_word' id='word_1_273' title='bbox 2688 2155 2758 2227; x_wconf 76' lang='grc' dir='ltr'>τῇ</span> <span class='ocrx_word' id='word_1_274' title='bbox 2854 2149 2974 2207; x_wconf 85' lang='grc' dir='ltr'>κατ’</span> <span class='ocrx_word' id='word_1_275' title='bbox 3077 2149 3342 2209; x_wconf 78' lang='grc' dir='ltr'>εὐσέϐειαν</span> <span class='ocrx_word' id='word_1_276' title='bbox 3444 2150 3772 2235; x_wconf 77' lang='grc' dir='ltr'>διδασκαλίᾳ,</span> 
     </span>
    </p>
   </div>
   <div class='ocr_carea' id='block_1_43' title="bbox 402 2236 2048 2327">
    <p class='ocr_par' dir='ltr' id='par_1_43' title="bbox 402 2236 2048 2327">
     <span class='ocr_line' id='line_1_43' title="bbox 402 2236 2048 2327; baseline 0.007 -29"><span class='ocrx_word' id='word_1_277' title='bbox 402 2240 457 2299; x_wconf 84' lang='lat' dir='ltr'>is</span> <span class='ocrx_word' id='word_1_278' title='bbox 474 2242 722 2307; x_wconf 85' lang='lat' dir='ltr'><strong>inﬂatus</strong></span> <span class='ocrx_word' id='word_1_279' title='bbox 745 2244 1021 2318; x_wconf 83' lang='lat' dir='ltr'><strong>est,m&#39;hil</strong></span> <span class='ocrx_word' id='word_1_280' title='bbox 1041 2236 1371 2320; x_wconf 77' lang='lat' dir='ltr'><strong>sciens,sed</strong></span> <span class='ocrx_word' id='word_1_281' title='bbox 1392 2247 1690 2324; x_wconf 79' lang='lat' dir='ltr'><strong>(unguens</strong></span> <span class='ocrx_word' id='word_1_282' title='bbox 1701 2247 1865 2307; x_wconf 72' lang='lat' dir='ltr'><strong>circa</strong></span> <span class='ocrx_word' id='word_1_283' title='bbox 1879 2264 2048 2327; x_wconf 75' lang='lat' dir='ltr'><strong>quae-</strong></span> 
     </span>
    </p>
   </div>
   <div class='ocr_carea' id='block_1_44' title="bbox 2131 2236 3775 2327">
    <p class='ocr_par' dir='ltr' id='par_1_44' title="bbox 2131 2236 3775 2327">
     <span class='ocr_line' id='line_1_44' title="bbox 2131 2236 3775 2327; baseline 0.004 -33"><span class='ocrx_word' id='word_1_284' title='bbox 2131 2239 2422 2318; x_wconf 73' lang='grc' dir='ltr'>τετύφωται</span> <span class='ocrx_word' id='word_1_285' title='bbox 2544 2236 2709 2313; x_wconf 78' lang='grc' dir='ltr'>μηδὲν</span> <span class='ocrx_word' id='word_1_286' title='bbox 2831 2239 3202 2327; x_wconf 71' lang='grc' dir='ltr'>ἐπιστάμενος,</span> <span class='ocrx_word' id='word_1_287' title='bbox 3346 2241 3485 2299; x_wconf 80' lang='grc' dir='ltr'>ἀλλὰ</span> <span class='ocrx_word' id='word_1_288' title='bbox 3607 2251 3775 2301; x_wconf 87' lang='grc' dir='ltr'>νοσῶν</span> 
     </span>
    </p>
   </div>
   <div class='ocr_carea' id='block_1_45' title="bbox 401 2326 2048 2415">
    <p class='ocr_par' dir='ltr' id='par_1_45' title="bbox 401 2326 2048 2415">
     <span class='ocr_line' id='line_1_45' title="bbox 401 2326 2048 2415; baseline 0.005 -26"><span class='ocrx_word' id='word_1_289' title='bbox 401 2334 625 2393; x_wconf 79' lang='lat' dir='ltr'><strong>stiones</strong></span> <span class='ocrx_word' id='word_1_290' title='bbox 640 2348 711 2393; x_wconf 88' lang='lat' dir='ltr'><strong>ac</strong></span> <span class='ocrx_word' id='word_1_291' title='bbox 730 2333 1049 2395; x_wconf 80' lang='lat' dir='ltr'><strong>verborum</strong></span> <span class='ocrx_word' id='word_1_292' title='bbox 1065 2353 1416 2415; x_wconf 73' lang='lat' dir='ltr'><strong>pugnas,ex</strong></span> <span class='ocrx_word' id='word_1_293' title='bbox 1436 2334 1651 2414; x_wconf 85' lang='lat' dir='ltr'><strong>quibus</strong></span> <span class='ocrx_word' id='word_1_294' title='bbox 1667 2326 2048 2398; x_wconf 78' lang='lat' dir='ltr'><strong>nascituriu-</strong></span> 
     </span>
    </p>
   </div>
   <div class='ocr_carea' id='block_1_46' title="bbox 2131 2326 3774 2415">
    <p class='ocr_par' dir='ltr' id='par_1_46' title="bbox 2131 2326 3774 2415">
     <span class='ocr_line' id='line_1_46' title="bbox 2131 2326 3774 2415; baseline 0.004 -32"><span class='ocrx_word' id='word_1_295' title='bbox 2131 2329 2248 2406; x_wconf 86' lang='grc' dir='ltr'>περὶ</span> <span class='ocrx_word' id='word_1_296' title='bbox 2342 2329 2592 2398; x_wconf 76' lang='grc' dir='ltr'>ζητήσεις</span> <span class='ocrx_word' id='word_1_297' title='bbox 2683 2328 2770 2415; x_wconf 85' lang='grc' dir='ltr'>καὶ</span> <span class='ocrx_word' id='word_1_298' title='bbox 2851 2326 3208 2409; x_wconf 82' lang='grc' dir='ltr'>λογομαχίας,</span> <span class='ocrx_word' id='word_1_299' title='bbox 3304 2328 3357 2396; x_wconf 79' lang='grc' dir='ltr'>ἐξ</span> <span class='ocrx_word' id='word_1_300' title='bbox 3433 2333 3507 2387; x_wconf 80' lang='grc' dir='ltr'>ὧν</span> <span class='ocrx_word' id='word_1_301' title='bbox 3576 2332 3774 2409; x_wconf 87' lang='grc' dir='ltr'>γίνεται</span> 
     </span>
    </p>
   </div>
   <div class='ocr_carea' id='block_1_47' title="bbox 401 2414 2048 2504">
    <p class='ocr_par' dir='ltr' id='par_1_47' title="bbox 401 2414 2048 2504">
     <span class='ocr_line' id='line_1_47' title="bbox 401 2414 2048 2504; baseline 0.005 -27"><span class='ocrx_word' id='word_1_302' title='bbox 401 2417 900 2498; x_wconf 83' lang='lat' dir='ltr'><strong>vidia,contentio</strong></span> <span class='ocrx_word' id='word_1_303' title='bbox 911 2475 920 2490; x_wconf 85' lang='grc'>,</span> <span class='ocrx_word' id='word_1_304' title='bbox 931 2414 1719 2504; x_wconf 63' lang='grc' dir='ltr'>ὺῑαείιΙιὲηιὶω,ειιιςῃίσίοηρε</span> <span class='ocrx_word' id='word_1_305' title='bbox 1737 2424 1914 2486; x_wconf 75' lang='lat' dir='ltr'><strong>malae</strong></span> <span class='ocrx_word' id='word_1_306' title='bbox 1927 2443 2048 2495; x_wconf 86' lang='lat' dir='ltr'><strong>,su-</strong></span> 
     </span>
    </p>
   </div>
   <div class='ocr_carea' id='block_1_48' title="bbox 2131 2414 3771 2504">
    <p class='ocr_par' dir='ltr' id='par_1_48' title="bbox 2134 2414 3771 2499">
     <span class='ocr_line' id='line_1_48' title="bbox 2134 2414 3771 2499; baseline 0.004 -28"><span class='ocrx_word' id='word_1_307' title='bbox 2134 2416 2320 2496; x_wconf 75' lang='grc' dir='ltr'>φθόνος</span> <span class='ocrx_word' id='word_1_308' title='bbox 2430 2415 2556 2497; x_wconf 79' lang='grc' dir='ltr'>ἔρις,</span> <span class='ocrx_word' id='word_1_309' title='bbox 2684 2414 3038 2497; x_wconf 83' lang='grc' dir='ltr'>βλασφημίαι,</span> <span class='ocrx_word' id='word_1_310' title='bbox 3162 2417 3400 2475; x_wconf 79' lang='grc' dir='ltr'>ὑπόνοιαι</span> <span class='ocrx_word' id='word_1_311' title='bbox 3522 2425 3771 2499; x_wconf 85' lang='grc' dir='ltr'>πονηραὶ,</span> 
     </span>
    </p>
   </div>
   <div class='ocr_carea' id='block_1_49' title="bbox 399 2501 2048 2594">
    <p class='ocr_par' dir='ltr' id='par_1_49' title="bbox 399 2501 2048 2594">
     <span class='ocr_line' id='line_1_49' title="bbox 399 2501 2048 2594; baseline 0.005 -29"><span class='ocrx_word' id='word_1_312' title='bbox 399 2523 785 2586; x_wconf 75' lang='lat' dir='ltr'><strong>pervacaueae</strong></span> <span class='ocrx_word' id='word_1_313' title='bbox 795 2510 1266 2592; x_wconf 72' lang='lat' dir='ltr'><strong>conﬂictatioues</strong></span> <span class='ocrx_word' id='word_1_314' title='bbox 1279 2501 1590 2574; x_wconf 69' lang='lat' dir='ltr'><strong>homiuum</strong></span> <span class='ocrx_word' id='word_1_315' title='bbox 1604 2520 1801 2575; x_wconf 84' lang='lat' dir='ltr'><strong>mente</strong></span> <span class='ocrx_word' id='word_1_316' title='bbox 1813 2530 2048 2594; x_wconf 88' lang='lat' dir='ltr'><strong>corrup-</strong></span> 
     </span>
    </p>
   </div>
   <div class='ocr_carea' id='block_1_50' title="bbox 2131 2501 3770 2594">
    <p class='ocr_par' dir='ltr' id='par_1_50' title="bbox 2134 2501 3770 2585">
     <span class='ocr_line' id='line_1_50' title="bbox 2134 2501 3770 2585; baseline 0.003 -25"><span class='ocrx_word' id='word_1_317' title='bbox 2134 2501 2529 2584; x_wconf 81' lang='grc' dir='ltr'>διαπαρατριϐαὶ</span> <span class='ocrx_word' id='word_1_318' title='bbox 2612 2502 2997 2585; x_wconf 75' lang='grc' dir='ltr'>διεφθαρμένων</span> <span class='ocrx_word' id='word_1_319' title='bbox 3077 2505 3363 2585; x_wconf 86' lang='grc' dir='ltr'>ἀνθρώπων</span> <span class='ocrx_word' id='word_1_320' title='bbox 3444 2509 3535 2564; x_wconf 78' lang='grc' dir='ltr'>τὸν</span> <span class='ocrx_word' id='word_1_321' title='bbox 3629 2516 3770 2585; x_wconf 81' lang='grc' dir='ltr'>νοῠν,</span> 
     </span>
    </p>
   </div>
   <div class='ocr_carea' id='block_1_51' title="bbox 405 2593 2048 2680">
    <p class='ocr_par' dir='ltr' id='par_1_51' title="bbox 405 2593 2048 2680">
     <span class='ocr_line' id='line_1_51' title="bbox 405 2593 2048 2680; baseline 0.005 -23"><span class='ocrx_word' id='word_1_322' title='bbox 405 2597 911 2676; x_wconf 75' lang='lat' dir='ltr'><strong>torum,etqnibu:</strong></span> <span class='ocrx_word' id='word_1_323' title='bbox 922 2601 1093 2661; x_wconf 82' lang='lat' dir='ltr'><strong>adem</strong></span> <span class='ocrx_word' id='word_1_324' title='bbox 1100 2610 1205 2679; x_wconf 74' lang='lat' dir='ltr'><strong>pta.</strong></span> <span class='ocrx_word' id='word_1_325' title='bbox 1216 2607 1305 2663; x_wconf 87' lang='lat' dir='ltr'>est</span> <span class='ocrx_word' id='word_1_326' title='bbox 1318 2602 1681 2680; x_wconf 79' lang='lat' dir='ltr'><strong>veritas,qui</strong></span> <span class='ocrx_word' id='word_1_327' title='bbox 1698 2593 2048 2665; x_wconf 77' lang='lat' dir='ltr'><strong>ea-istimaut</strong></span> 
     </span>
    </p>
   </div>
   <div class='ocr_carea' id='block_1_52' title="bbox 2131 2593 3774 2680">
    <p class='ocr_par' dir='ltr' id='par_1_52' title="bbox 2132 2593 3774 2676">
     <span class='ocr_line' id='line_1_52' title="bbox 2132 2593 3774 2676; baseline 0.004 -28"><span class='ocrx_word' id='word_1_328' title='bbox 2132 2594 2220 2649; x_wconf 86' lang='grc' dir='ltr'>καὶ</span> <span class='ocrx_word' id='word_1_329' title='bbox 2320 2593 2761 2674; x_wconf 82' lang='grc' dir='ltr'>ἀπεστερημένων</span> <span class='ocrx_word' id='word_1_330' title='bbox 2863 2598 2962 2661; x_wconf 77' lang='grc' dir='ltr'>τῆς</span> <span class='ocrx_word' id='word_1_331' title='bbox 3071 2593 3345 2676; x_wconf 82' lang='grc' dir='ltr'>ἀληθείας,</span> <span class='ocrx_word' id='word_1_332' title='bbox 3456 2597 3774 2673; x_wconf 86' lang='grc' dir='ltr'>νομιζόντων</span> 
     </span>
    </p>
   </div>
   <div class='ocr_carea' id='block_1_53' title="bbox 403 2681 2048 2773">
    <p class='ocr_par' dir='ltr' id='par_1_53' title="bbox 403 2688 2048 2771">
     <span class='ocr_line' id='line_1_53' title="bbox 403 2688 2048 2771; baseline 0.005 -28"><span class='ocrx_word' id='word_1_333' title='bbox 403 2691 698 2762; x_wconf 74' lang='lat' dir='ltr'><strong>quaestum</strong></span> <span class='ocrx_word' id='word_1_334' title='bbox 720 2703 846 2748; x_wconf 83' lang='lat' dir='ltr'><strong>esse</strong></span> <span class='ocrx_word' id='word_1_335' title='bbox 857 2692 1162 2767; x_wconf 80' lang='lat' dir='ltr'><strong>pietatem.</strong></span> <span class='ocrx_word' id='word_1_336' title='bbox 1194 2688 1530 2769; x_wconf 84' lang='lat' dir='ltr'><strong>Sejungere</strong></span> <span class='ocrx_word' id='word_1_337' title='bbox 1549 2689 1624 2751; x_wconf 84' lang='lat' dir='ltr'>ab</span> <span class='ocrx_word' id='word_1_338' title='bbox 1654 2692 1731 2751; x_wconf 81' lang='lat' dir='ltr'>iis</span> <span class='ocrx_word' id='word_1_339' title='bbox 1755 2700 1861 2771; x_wconf 79' lang='lat' dir='ltr'>qui</span> <span class='ocrx_word' id='word_1_340' title='bbox 1885 2694 2048 2769; x_wconf 81' lang='lat' dir='ltr'><strong>ejus-</strong></span> 
     </span>
    </p>
   </div>
   <div class='ocr_carea' id='block_1_54' title="bbox 2131 2681 3774 2773">
    <p class='ocr_par' dir='ltr' id='par_1_54' title="bbox 2132 2681 3774 2773">
     <span class='ocr_line' id='line_1_54' title="bbox 2132 2681 3774 2773; baseline 0.004 -36"><span class='ocrx_word' id='word_1_341' title='bbox 2132 2684 2392 2760; x_wconf 83' lang='grc' dir='ltr'>πορισμὸν</span> <span class='ocrx_word' id='word_1_342' title='bbox 2489 2684 2630 2741; x_wconf 78' lang='grc' dir='ltr'>εἶναι</span> <span class='ocrx_word' id='word_1_343' title='bbox 2671 2683 2813 2773; x_wconf 47' lang='grc' dir='ltr'>’,τὴν</span> <span class='ocrx_word' id='word_1_344' title='bbox 2895 2681 3182 2746; x_wconf 78' lang='grc' dir='ltr'>εὐσέϐειαν,</span> <span class='ocrx_word' id='word_1_345' title='bbox 3296 2683 3582 2764; x_wconf 74' lang='grc' dir='ltr'>Ἀφίστασο</span> <span class='ocrx_word' id='word_1_346' title='bbox 3668 2687 3774 2743; x_wconf 81' lang='grc' dir='ltr'>ἀπὸ</span> 
     </span>
    </p>
   </div>
   <div class='ocr_carea' id='block_1_55' title="bbox 405 2770 2048 2858">
    <p class='ocr_par' dir='ltr' id='par_1_55' title="bbox 405 2774 2048 2858">
     <span class='ocr_line' id='line_1_55' title="bbox 405 2774 2048 2858; baseline 0.007 -27"><span class='ocrx_word' id='word_1_347' title='bbox 405 2774 575 2835; x_wconf 85' lang='lat' dir='ltr'><strong>modi</strong></span> <span class='ocrx_word' id='word_1_348' title='bbox 592 2775 873 2838; x_wconf 75' lang='lat' dir='ltr'><strong>sunt.[:‘st</strong></span> <span class='ocrx_word' id='word_1_349' title='bbox 896 2783 1098 2840; x_wconf 85' lang='lat' dir='ltr'><strong>autem</strong></span> <span class='ocrx_word' id='word_1_350' title='bbox 1123 2785 1387 2856; x_wconf 65' lang='lat' dir='ltr'><strong>quaestus</strong></span> <span class='ocrx_word' id='word_1_351' title='bbox 1413 2795 1674 2857; x_wconf 84' lang='lat' dir='ltr'><strong>magnus</strong></span> <span class='ocrx_word' id='word_1_352' title='bbox 1689 2786 1886 2858; x_wconf 84' lang='lat' dir='ltr'><strong>pietas</strong></span> <span class='ocrx_word' id='word_1_353' title='bbox 1913 2788 2048 2842; x_wconf 83' lang='lat' dir='ltr'>cum</span> 
     </span>
    </p>
   </div>
   <div class='ocr_carea' id='block_1_56' title="bbox 2131 2770 3773 2858">
    <p class='ocr_par' dir='ltr' id='par_1_56' title="bbox 2131 2770 3773 2852">
     <span class='ocr_line' id='line_1_56' title="bbox 2131 2770 3773 2852; baseline 0.003 -27"><span class='ocrx_word' id='word_1_354' title='bbox 2131 2777 2236 2826; x_wconf 82' lang='grc' dir='ltr'>τῶν</span> <span class='ocrx_word' id='word_1_355' title='bbox 2314 2772 2584 2830; x_wconf 81' lang='grc' dir='ltr'>τοιούτων.</span> <span class='ocrx_word' id='word_1_356' title='bbox 2674 2770 2813 2829; x_wconf 71' lang='grc' dir='ltr'>Ἐστι</span> <span class='ocrx_word' id='word_1_357' title='bbox 2879 2770 2936 2828; x_wconf 81' lang='grc' dir='ltr'>δὲ</span> <span class='ocrx_word' id='word_1_358' title='bbox 2991 2775 3248 2852; x_wconf 83' lang='grc' dir='ltr'>πορισμὸς</span> <span class='ocrx_word' id='word_1_359' title='bbox 3304 2772 3471 2851; x_wconf 84' lang='grc' dir='ltr'>μέγας</span> <span class='ocrx_word' id='word_1_360' title='bbox 3525 2776 3560 2842; x_wconf 75' lang='grc' dir='ltr'><strong>ἡ</strong></span> <span class='ocrx_word' id='word_1_361' title='bbox 3619 2774 3773 2833; x_wconf 82' lang='grc' dir='ltr'>εὐσέ-</span> 
     </span>
    </p>
   </div>
   <div class='ocr_carea' id='block_1_57' title="bbox 405 2859 2048 2942">
    <p class='ocr_par' dir='ltr' id='par_1_57' title="bbox 405 2863 2048 2931">
     <span class='ocr_line' id='line_1_57' title="bbox 405 2863 2048 2931; baseline 0.006 -10"><span class='ocrx_word' id='word_1_362' title='bbox 405 2863 611 2923; x_wconf 84' lang='lat' dir='ltr'><strong>animo</strong></span> <span class='ocrx_word' id='word_1_363' title='bbox 631 2880 744 2925; x_wconf 84' lang='lat' dir='ltr'>sua</span> <span class='ocrx_word' id='word_1_364' title='bbox 760 2872 919 2927; x_wconf 87' lang='lat' dir='ltr'><strong>sorte</strong></span> <span class='ocrx_word' id='word_1_365' title='bbox 938 2872 1234 2929; x_wconf 79' lang='lat' dir='ltr'><strong>contento.</strong></span> <span class='ocrx_word' id='word_1_366' title='bbox 1261 2865 1435 2928; x_wconf 81' lang='lat' dir='ltr'><strong>Nihil</strong></span> <span class='ocrx_word' id='word_1_367' title='bbox 1458 2869 1621 2929; x_wconf 86' lang='lat' dir='ltr'><strong>enim</strong></span> <span class='ocrx_word' id='word_1_368' title='bbox 1642 2870 1966 2930; x_wconf 82' lang='lat' dir='ltr'><strong>intulimus</strong></span> <span class='ocrx_word' id='word_1_369' title='bbox 1986 2871 2048 2931; x_wconf 83' lang='lat' dir='ltr'><strong>in</strong></span> 
     </span>
    </p>
   </div>
   <div class='ocr_carea' id='block_1_58' title="bbox 2131 2859 3775 2942">
    <p class='ocr_par' dir='ltr' id='par_1_58' title="bbox 2131 2859 3775 2942">
     <span class='ocr_line' id='line_1_58' title="bbox 2131 2859 3775 2942; baseline 0.002 -26"><span class='ocrx_word' id='word_1_370' title='bbox 2131 2859 2248 2916; x_wconf 81' lang='grc' dir='ltr'>ϐεια</span> <span class='ocrx_word' id='word_1_371' title='bbox 2343 2861 2479 2935; x_wconf 81' lang='grc' dir='ltr'>μετὰ</span> <span class='ocrx_word' id='word_1_372' title='bbox 2563 2860 2870 2938; x_wconf 83' lang='grc' dir='ltr'>αὐταρκείας</span> <span class='ocrx_word' id='word_1_373' title='bbox 2969 2859 3129 2919; x_wconf 67' lang='grc' dir='ltr'>Οὐδὲν</span> <span class='ocrx_word' id='word_1_374' title='bbox 3206 2863 3305 2939; x_wconf 79' lang='grc' dir='ltr'>γὰρ</span> <span class='ocrx_word' id='word_1_375' title='bbox 3394 2862 3775 2942; x_wconf 74' lang='grc' dir='ltr'>εἰσηνέγκαμεν</span> 
     </span>
    </p>
   </div>
   <div class='ocr_carea' id='block_1_59' title="bbox 399 2948 2049 3036">
    <p class='ocr_par' dir='ltr' id='par_1_59' title="bbox 399 2948 2049 3036">
     <span class='ocr_line' id='line_1_59' title="bbox 399 2948 2049 3036; baseline 0.007 -27"><span class='ocrx_word' id='word_1_376' title='bbox 399 2948 565 3013; x_wconf 81' lang='lat' dir='ltr'>hunc</span> <span class='ocrx_word' id='word_1_377' title='bbox 617 2953 933 3030; x_wconf 78' lang='lat' dir='ltr'><strong>mundum,</strong></span> <span class='ocrx_word' id='word_1_378' title='bbox 992 2953 1270 3017; x_wconf 71' lang='lat' dir='ltr'><strong>videlicet</strong></span> <span class='ocrx_word' id='word_1_379' title='bbox 1324 2973 1430 3017; x_wconf 78' lang='lat' dir='ltr'>nec</span> <span class='ocrx_word' id='word_1_380' title='bbox 1486 2954 1697 3036; x_wconf 70' lang='lat' dir='ltr'><strong>efferre</strong></span> <span class='ocrx_word' id='word_1_381' title='bbox 1722 2957 2049 3036; x_wconf 82' lang='lat' dir='ltr'><strong>quidquam</strong></span> 
     </span>
    </p>
   </div>
   <div class='ocr_carea' id='block_1_60' title="bbox 406 3043 2044 3128">
    <p class='ocr_par' dir='ltr' id='par_1_60' title="bbox 406 3043 2044 3128">
     <span class='ocr_line' id='line_1_60' title="bbox 406 3043 2044 3128; baseline 0.006 -31"><span class='ocrx_word' id='word_1_382' title='bbox 406 3056 723 3117; x_wconf 82' lang='lat' dir='ltr'><strong>possumus</strong></span> <span class='ocrx_word' id='word_1_383' title='bbox 758 3061 771 3101; x_wconf 91' lang='lat'>:</span> <span class='ocrx_word' id='word_1_384' title='bbox 808 3043 911 3105; x_wconf 83' lang='lat' dir='ltr'>sed</span> <span class='ocrx_word' id='word_1_385' title='bbox 927 3043 1206 3105; x_wconf 66' lang='lat' dir='ltr'><strong>habentes</strong></span> <span class='ocrx_word' id='word_1_386' title='bbox 1238 3043 1527 3105; x_wconf 84' lang='lat' dir='ltr'><strong>alimenta</strong></span> <span class='ocrx_word' id='word_1_387' title='bbox 1557 3052 1614 3106; x_wconf 91' lang='lat' dir='ltr'>et</span> <span class='ocrx_word' id='word_1_388' title='bbox 1643 3045 1861 3122; x_wconf 83' lang='lat' dir='ltr'><strong>quibus</strong></span> <span class='ocrx_word' id='word_1_389' title='bbox 1883 3054 2044 3128; x_wconf 86' lang='lat' dir='ltr'><strong>tega-</strong></span> 
     </span>
    </p>
   </div>
   <div class='ocr_carea' id='block_1_61' title="bbox 408 3128 1277 3200">
    <p class='ocr_par' dir='ltr' id='par_1_61' title="bbox 408 3128 1277 3200">
     <span class='ocr_line' id='line_1_61' title="bbox 408 3128 1277 3200; baseline 0.008 -14"><span class='ocrx_word' id='word_1_390' title='bbox 408 3143 573 3200; x_wconf 84' lang='lat' dir='ltr'><strong>mur,</strong></span> <span class='ocrx_word' id='word_1_391' title='bbox 605 3128 697 3191; x_wconf 83' lang='lat' dir='ltr'>his</span> <span class='ocrx_word' id='word_1_392' title='bbox 726 3133 992 3194; x_wconf 69' lang='lat' dir='ltr'><strong>contenti</strong></span> <span class='ocrx_word' id='word_1_393' title='bbox 1022 3134 1277 3195; x_wconf 83' lang='lat' dir='ltr'><strong>erimus.</strong></span> 
     </span>
    </p>
   </div>
   <div class='ocr_carea' id='block_1_62' title="bbox 491 3216 2047 3302">
    <p class='ocr_par' dir='ltr' id='par_1_62' title="bbox 491 3216 2047 3302">
     <span class='ocr_line' id='line_1_62' title="bbox 491 3216 2047 3302; baseline 0.004 -23"><span class='ocrx_word' id='word_1_394' title='bbox 491 3242 516 3272; x_wconf 74' lang='grc' dir='ltr'>α</span> <span class='ocrx_word' id='word_1_395' title='bbox 551 3216 853 3281; x_wconf 85' lang='lat' dir='ltr'><strong>Diversam</strong></span> <span class='ocrx_word' id='word_1_396' title='bbox 874 3221 1141 3302; x_wconf 89' lang='lat' dir='ltr'><strong>sequitur</strong></span> <span class='ocrx_word' id='word_1_397' title='bbox 1156 3221 1524 3285; x_wconf 87' lang='lat' dir='ltr'><strong>doctrinam:</strong></span> <span class='ocrx_word' id='word_1_398' title='bbox 1554 3244 1580 3282; x_wconf 82' lang='grc'><strong>»</strong></span> <span class='ocrx_word' id='word_1_399' title='bbox 1617 3223 1728 3284; x_wconf 88' lang='lat' dir='ltr'><strong>hoc</strong></span> <span class='ocrx_word' id='word_1_400' title='bbox 1753 3223 2047 3302; x_wconf 89' lang='lat' dir='ltr'><strong>est,aliam</strong></span> 
     </span>
    </p>
   </div>
   <div class='ocr_carea' id='block_1_63' title="bbox 402 3304 2052 3392">
    <p class='ocr_par' dir='ltr' id='par_1_63' title="bbox 402 3304 2052 3392">
     <span class='ocr_line' id='line_1_63' title="bbox 402 3304 2052 3392; baseline 0.005 -25"><span class='ocrx_word' id='word_1_401' title='bbox 402 3304 476 3367; x_wconf 87' lang='lat' dir='ltr'>ab</span> <span class='ocrx_word' id='word_1_402' title='bbox 507 3324 575 3369; x_wconf 92' lang='lat' dir='ltr'><strong>ea</strong></span> <span class='ocrx_word' id='word_1_403' title='bbox 604 3327 735 3390; x_wconf 69' lang='lat' dir='ltr'><strong>quae</strong></span> <span class='ocrx_word' id='word_1_404' title='bbox 762 3318 925 3372; x_wconf 92' lang='lat' dir='ltr'><strong>recta</strong></span> <span class='ocrx_word' id='word_1_405' title='bbox 955 3318 1064 3371; x_wconf 58' lang='grc' dir='ltr'>εδι.</span> <span class='ocrx_word' id='word_1_406' title='bbox 1103 3336 1128 3367; x_wconf 77' lang='grc' dir='ltr'>ιι</span> <span class='ocrx_word' id='word_1_407' title='bbox 1165 3314 1236 3373; x_wconf 84' lang='grc' dir='ltr'>Ει</span> <span class='ocrx_word' id='word_1_408' title='bbox 1266 3312 1320 3373; x_wconf 93' lang='lat' dir='ltr'><strong>ei</strong></span> <span class='ocrx_word' id='word_1_409' title='bbox 1352 3330 1483 3392; x_wconf 74' lang='lat' dir='ltr'><strong>quae</strong></span> <span class='ocrx_word' id='word_1_410' title='bbox 1511 3312 1837 3374; x_wconf 85' lang='lat' dir='ltr'><strong>secundum</strong></span> <span class='ocrx_word' id='word_1_411' title='bbox 1872 3312 2052 3392; x_wconf 81' lang='lat' dir='ltr'><strong>pieta-</strong></span> 
     </span>
    </p>
   </div>
   <div class='ocr_carea' id='block_1_64' title="bbox 404 3397 2047 3479">
    <p class='ocr_par' dir='ltr' id='par_1_64' title="bbox 404 3397 2047 3479">
     <span class='ocr_line' id='line_1_64' title="bbox 404 3397 2047 3479; baseline 0.005 -23"><span class='ocrx_word' id='word_1_412' title='bbox 404 3403 521 3457; x_wconf 90' lang='lat' dir='ltr'><strong>tem</strong></span> <span class='ocrx_word' id='word_1_413' title='bbox 536 3397 992 3460; x_wconf 70' lang='lat' dir='ltr'><strong>estdoctrinaa.»</strong></span> <span class='ocrx_word' id='word_1_414' title='bbox 1014 3399 1180 3472; x_wconf 90' lang='lat' dir='ltr'><strong>Quod</strong></span> <span class='ocrx_word' id='word_1_415' title='bbox 1208 3400 1357 3462; x_wconf 84' lang='lat' dir='ltr'><strong>dixit</strong></span> <span class='ocrx_word' id='word_1_416' title='bbox 1391 3422 1404 3457; x_wconf 88' lang='lat'><strong>:</strong></span> <span class='ocrx_word' id='word_1_417' title='bbox 1436 3400 1610 3462; x_wconf 90' lang='lat' dir='ltr'><strong>Sanis</strong></span> <span class='ocrx_word' id='word_1_418' title='bbox 1641 3401 2047 3479; x_wconf 91' lang='lat' dir='ltr'><strong>sermonibus,</strong></span> 
     </span>
    </p>
   </div>
   <div class='ocr_carea' id='block_1_65' title="bbox 402 3486 2045 3571">
    <p class='ocr_par' dir='ltr' id='par_1_65' title="bbox 402 3486 2045 3571">
     <span class='ocr_line' id='line_1_65' title="bbox 402 3486 2045 3571; baseline 0.003 -25"><span class='ocrx_word' id='word_1_419' title='bbox 402 3486 515 3548; x_wconf 88' lang='lat' dir='ltr'>hoc</span> <span class='ocrx_word' id='word_1_420' title='bbox 568 3505 724 3549; x_wconf 91' lang='lat' dir='ltr'><strong>nunc</strong></span> <span class='ocrx_word' id='word_1_421' title='bbox 774 3499 939 3551; x_wconf 62' lang='lat' dir='ltr'><strong>venat</strong></span> <span class='ocrx_word' id='word_1_422' title='bbox 994 3490 1325 3551; x_wconf 89' lang='lat' dir='ltr'><strong>doctrinam</strong></span> <span class='ocrx_word' id='word_1_423' title='bbox 1372 3489 1700 3554; x_wconf 85' lang='lat' dir='ltr'><strong>secundum</strong></span> <span class='ocrx_word' id='word_1_424' title='bbox 1746 3490 2045 3571; x_wconf 89' lang='lat' dir='ltr'><strong>pietatem,</strong></span> 
     </span>
    </p>
   </div>
   <div class='ocr_carea' id='block_1_66' title="bbox 407 3573 2052 3659">
    <p class='ocr_par' dir='ltr' id='par_1_66' title="bbox 407 3573 2052 3659">
     <span class='ocr_line' id='line_1_66' title="bbox 407 3573 2052 3659; baseline 0.004 -24"><span class='ocrx_word' id='word_1_425' title='bbox 407 3573 739 3638; x_wconf 88' lang='lat' dir='ltr'><strong>doctrinam</strong></span> <span class='ocrx_word' id='word_1_426' title='bbox 790 3579 1067 3642; x_wconf 84' lang='lat' dir='ltr'><strong>videlicet</strong></span> <span class='ocrx_word' id='word_1_427' title='bbox 1123 3579 1287 3642; x_wconf 73' lang='lat' dir='ltr'><strong>fidei.</strong></span> <span class='ocrx_word' id='word_1_428' title='bbox 1350 3603 1373 3634; x_wconf 72' lang='grc' dir='ltr'>α</span> <span class='ocrx_word' id='word_1_429' title='bbox 1437 3581 1674 3640; x_wconf 84' lang='lat' dir='ltr'><strong>lnﬂatus</strong></span> <span class='ocrx_word' id='word_1_430' title='bbox 1732 3588 1843 3659; x_wconf 90' lang='lat' dir='ltr'><strong>est,</strong></span> <span class='ocrx_word' id='word_1_431' title='bbox 1904 3580 2052 3642; x_wconf 87' lang='lat' dir='ltr'><strong>nihil</strong></span> 
     </span>
    </p>
   </div>
   <div class='ocr_carea' id='block_1_67' title="bbox 402 3664 2049 3749">
    <p class='ocr_par' dir='ltr' id='par_1_67' title="bbox 402 3664 2049 3749">
     <span class='ocr_line' id='line_1_67' title="bbox 402 3664 2049 3749; baseline 0.004 -25"><span class='ocrx_word' id='word_1_432' title='bbox 402 3664 623 3726; x_wconf 91' lang='lat' dir='ltr'><strong>sciens.</strong></span> <span class='ocrx_word' id='word_1_433' title='bbox 658 3690 684 3720; x_wconf 67' lang='grc' dir='ltr'>ι</span> <span class='ocrx_word' id='word_1_434' title='bbox 708 3666 852 3729; x_wconf 92' lang='lat' dir='ltr'>Nam</span> <span class='ocrx_word' id='word_1_435' title='bbox 878 3669 977 3749; x_wconf 86' lang='lat' dir='ltr'>qui</span> <span class='ocrx_word' id='word_1_436' title='bbox 1001 3688 1069 3730; x_wconf 86' lang='lat' dir='ltr'>ea</span> <span class='ocrx_word' id='word_1_437' title='bbox 1094 3688 1208 3730; x_wconf 91' lang='lat' dir='ltr'><strong>non</strong></span> <span class='ocrx_word' id='word_1_438' title='bbox 1248 3668 1410 3729; x_wconf 90' lang='lat' dir='ltr'><strong>novit</strong></span> <span class='ocrx_word' id='word_1_439' title='bbox 1445 3687 1577 3748; x_wconf 65' lang='lat' dir='ltr'><strong>qua;</strong></span> <span class='ocrx_word' id='word_1_440' title='bbox 1607 3668 1761 3729; x_wconf 89' lang='lat' dir='ltr'><strong>scire</strong></span> <span class='ocrx_word' id='word_1_441' title='bbox 1795 3678 2049 3749; x_wconf 88' lang='lat' dir='ltr'><strong>oportet,</strong></span> 
     </span>
    </p>
   </div>
   <div class='ocr_carea' id='block_1_68' title="bbox 405 3748 2048 3838">
    <p class='ocr_par' dir='ltr' id='par_1_68' title="bbox 405 3748 2048 3838">
     <span class='ocr_line' id='line_1_68' title="bbox 405 3748 2048 3838; baseline 0.002 -24"><span class='ocrx_word' id='word_1_442' title='bbox 405 3752 455 3814; x_wconf 88' lang='lat' dir='ltr'>is</span> <span class='ocrx_word' id='word_1_443' title='bbox 488 3754 636 3816; x_wconf 89' lang='lat' dir='ltr'><strong>nihil</strong></span> <span class='ocrx_word' id='word_1_444' title='bbox 667 3757 800 3816; x_wconf 85' lang='lat' dir='ltr'><strong>scit.</strong></span> <span class='ocrx_word' id='word_1_445' title='bbox 828 3748 936 3829; x_wconf 78' lang='lat' dir='ltr'>Qui</span> <span class='ocrx_word' id='word_1_446' title='bbox 967 3777 1105 3819; x_wconf 84' lang='lat' dir='ltr'><strong>vero</strong></span> <span class='ocrx_word' id='word_1_447' title='bbox 1138 3776 1207 3818; x_wconf 90' lang='lat' dir='ltr'>ea</span> <span class='ocrx_word' id='word_1_448' title='bbox 1233 3777 1363 3838; x_wconf 67' lang='lat' dir='ltr'><strong>quae</strong></span> <span class='ocrx_word' id='word_1_449' title='bbox 1392 3776 1533 3818; x_wconf 84' lang='lat' dir='ltr'><strong>sana</strong></span> <span class='ocrx_word' id='word_1_450' title='bbox 1555 3765 1693 3818; x_wconf 91' lang='lat' dir='ltr'><strong>sunt</strong></span> <span class='ocrx_word' id='word_1_451' title='bbox 1717 3748 1845 3818; x_wconf 89' lang='lat' dir='ltr'><strong>non</strong></span> <span class='ocrx_word' id='word_1_452' title='bbox 1867 3759 2048 3819; x_wconf 88' lang='lat' dir='ltr'><strong>novit.</strong></span> 
     </span>
    </p>
   </div>
   <div class='ocr_carea' id='block_1_69' title="bbox 403 3842 2053 3909">
    <p class='ocr_par' dir='ltr' id='par_1_69' title="bbox 403 3842 2053 3909">
     <span class='ocr_line' id='line_1_69' title="bbox 403 3842 2053 3909; baseline 0.005 -8"><span class='ocrx_word' id='word_1_453' title='bbox 403 3842 454 3901; x_wconf 85' lang='lat' dir='ltr'>is</span> <span class='ocrx_word' id='word_1_454' title='bbox 485 3861 627 3904; x_wconf 84' lang='lat' dir='ltr'><strong>sane</strong></span> <span class='ocrx_word' id='word_1_455' title='bbox 655 3844 1017 3907; x_wconf 76' lang='lat' dir='ltr'><strong>dzemoniaca</strong></span> <span class='ocrx_word' id='word_1_456' title='bbox 1052 3846 1233 3907; x_wconf 72' lang='lat' dir='ltr'><strong>novit;</strong></span> <span class='ocrx_word' id='word_1_457' title='bbox 1272 3849 1454 3909; x_wconf 87' lang='lat' dir='ltr'><strong>Porro</strong></span> <span class='ocrx_word' id='word_1_458' title='bbox 1491 3845 1672 3907; x_wconf 83' lang='lat' dir='ltr'><strong>fastus</strong></span> <span class='ocrx_word' id='word_1_459' title='bbox 1721 3864 1816 3907; x_wconf 90' lang='lat' dir='ltr'>res</span> <span class='ocrx_word' id='word_1_460' title='bbox 1862 3847 2053 3909; x_wconf 68' lang='lat' dir='ltr'><strong>amita</strong></span> 
     </span>
    </p>
   </div>
   <div class='ocr_carea' id='block_1_70' title="bbox 406 3933 2051 4015">
    <p class='ocr_par' dir='ltr' id='par_1_70' title="bbox 406 3933 2051 4015">
     <span class='ocr_line' id='line_1_70' title="bbox 406 3933 2051 4015; baseline 0.005 -26"><span class='ocrx_word' id='word_1_461' title='bbox 406 3939 494 3990; x_wconf 90' lang='lat' dir='ltr'>est</span> <span class='ocrx_word' id='word_1_462' title='bbox 522 3950 589 3992; x_wconf 86' lang='lat' dir='ltr'>ac</span> <span class='ocrx_word' id='word_1_463' title='bbox 624 3933 861 4012; x_wconf 89' lang='lat' dir='ltr'><strong>propria</strong></span> <span class='ocrx_word' id='word_1_464' title='bbox 897 3934 1286 3997; x_wconf 66' lang='lat' dir='ltr'><strong>daemonibus.</strong></span> <span class='ocrx_word' id='word_1_465' title='bbox 1329 3961 1351 3988; x_wconf 88' lang='lat'><strong>«</strong></span> <span class='ocrx_word' id='word_1_466' title='bbox 1395 3934 1564 3996; x_wconf 87' lang='lat' dir='ltr'><strong>Circa</strong></span> <span class='ocrx_word' id='word_1_467' title='bbox 1598 3934 1953 4015; x_wconf 64' lang='lat' dir='ltr'><strong>quaestiones</strong></span> <span class='ocrx_word' id='word_1_468' title='bbox 1982 3955 2051 3998; x_wconf 90' lang='lat' dir='ltr'>ac</span> 
     </span>
    </p>
   </div>
   <div class='ocr_carea' id='block_1_71' title="bbox 2131 2948 3767 3029">
    <p class='ocr_par' dir='ltr' id='par_1_71' title="bbox 2131 2948 3767 3029">
     <span class='ocr_line' id='line_1_71' title="bbox 2131 2948 3767 3029; baseline 0.002 -22"><span class='ocrx_word' id='word_1_469' title='bbox 2131 2952 2203 3013; x_wconf 86' lang='grc' dir='ltr'>εἰς</span> <span class='ocrx_word' id='word_1_470' title='bbox 2247 2952 2338 3007; x_wconf 83' lang='grc' dir='ltr'>τὸν</span> <span class='ocrx_word' id='word_1_471' title='bbox 2366 2949 2590 3025; x_wconf 81' lang='grc' dir='ltr'>κόσμον,</span> <span class='ocrx_word' id='word_1_472' title='bbox 2623 2948 2869 3017; x_wconf 90' lang='grc' dir='ltr'>δηλονότι</span> <span class='ocrx_word' id='word_1_473' title='bbox 2899 2948 3012 3009; x_wconf 80' lang='grc' dir='ltr'>οὐδὲ</span> <span class='ocrx_word' id='word_1_474' title='bbox 3059 2948 3350 3029; x_wconf 79' lang='grc' dir='ltr'>ἐξενεγκεῖν</span> <span class='ocrx_word' id='word_1_475' title='bbox 3405 2973 3455 3007; x_wconf 90' lang='grc' dir='ltr'>τι</span> <span class='ocrx_word' id='word_1_476' title='bbox 3484 2949 3767 3027; x_wconf 81' lang='grc' dir='ltr'>δυνάμεθα.</span> 
     </span>
    </p>
   </div>
   <div class='ocr_carea' id='block_1_72' title="bbox 2150 3036 3772 3120">
    <p class='ocr_par' dir='ltr' id='par_1_72' title="bbox 2150 3036 3772 3120">
     <span class='ocr_line' id='line_1_72' title="bbox 2150 3036 3772 3120; baseline 0.001 -24"><span class='ocrx_word' id='word_1_477' title='bbox 2150 3047 2385 3119; x_wconf 85' lang='grc' dir='ltr'>Εχοντες</span> <span class='ocrx_word' id='word_1_478' title='bbox 2416 3039 2470 3096; x_wconf 79' lang='grc' dir='ltr'>δὲ</span> <span class='ocrx_word' id='word_1_479' title='bbox 2498 3036 2776 3120; x_wconf 74' lang='grc' dir='ltr'>διατροφὰς</span> <span class='ocrx_word' id='word_1_480' title='bbox 2808 3039 2893 3095; x_wconf 77' lang='grc' dir='ltr'>καὶ</span> <span class='ocrx_word' id='word_1_481' title='bbox 2934 3039 3306 3119; x_wconf 85' lang='grc' dir='ltr'>σκεπάσματα,</span> <span class='ocrx_word' id='word_1_482' title='bbox 3346 3040 3548 3105; x_wconf 81' lang='grc' dir='ltr'>τούτοις</span> <span class='ocrx_word' id='word_1_483' title='bbox 3575 3041 3772 3120; x_wconf 77' lang='grc' dir='ltr'>ἀρκεσ-</span> 
     </span>
    </p>
   </div>
   <div class='ocr_carea' id='block_1_73' title="bbox 2131 3131 2420 3205">
    <p class='ocr_par' dir='ltr' id='par_1_73' title="bbox 2131 3131 2420 3205">
     <span class='ocr_line' id='line_1_73' title="bbox 2131 3131 2420 3205; baseline 0.017 -21"><span class='ocrx_word' id='word_1_484' title='bbox 2131 3131 2420 3205; x_wconf 84' lang='grc' dir='ltr'>θησόμεθα.</span> 
     </span>
    </p>
   </div>
   <div class='ocr_carea' id='block_1_74' title="bbox 2217 3210 3773 3299">
    <p class='ocr_par' dir='ltr' id='par_1_74' title="bbox 2217 3210 3773 3299">
     <span class='ocr_line' id='line_1_74' title="bbox 2217 3210 3773 3299; baseline -0.001 -25"><span class='ocrx_word' id='word_1_485' title='bbox 2217 3241 2245 3274; x_wconf 73' lang='grc' dir='ltr'>α</span> <span class='ocrx_word' id='word_1_486' title='bbox 2322 3210 2834 3299; x_wconf 74' lang='grc' dir='ltr'>Ἑτεροδιδασκαλεῖ,</span> <span class='ocrx_word' id='word_1_487' title='bbox 2898 3240 2924 3272; x_wconf 78' lang='grc' dir='ltr'>ιι</span> <span class='ocrx_word' id='word_1_488' title='bbox 2980 3217 3269 3290; x_wconf 84' lang='grc' dir='ltr'>τουτέστιν,</span> <span class='ocrx_word' id='word_1_489' title='bbox 3322 3216 3473 3297; x_wconf 79' lang='grc' dir='ltr'>ἕτερα</span> <span class='ocrx_word' id='word_1_490' title='bbox 3528 3219 3669 3297; x_wconf 68' lang='grc' dir='ltr'>παρὰ</span> <span class='ocrx_word' id='word_1_491' title='bbox 3709 3218 3773 3273; x_wconf 77' lang='grc' dir='ltr'>τὰ</span> 
     </span>
    </p>
   </div>
   <div class='ocr_carea' id='block_1_75' title="bbox 2131 3303 3770 3387">
    <p class='ocr_par' dir='ltr' id='par_1_75' title="bbox 2131 3303 3770 3387">
     <span class='ocr_line' id='line_1_75' title="bbox 2131 3303 3770 3387; baseline -0.001 -22"><span class='ocrx_word' id='word_1_492' title='bbox 2131 3309 2256 3387; x_wconf 67' lang='grc' dir='ltr'>ῥρθὰ</span> <span class='ocrx_word' id='word_1_493' title='bbox 2297 3306 2548 3369; x_wconf 72' lang='grc' dir='ltr'>διδάσκει,</span> <span class='ocrx_word' id='word_1_494' title='bbox 2589 3331 2617 3362; x_wconf 81' lang='grc'><strong>«</strong></span> <span class='ocrx_word' id='word_1_495' title='bbox 2665 3307 2764 3365; x_wconf 83' lang='grc' dir='ltr'>Καὶ</span> <span class='ocrx_word' id='word_1_496' title='bbox 2816 3312 2884 3383; x_wconf 71' lang='grc' dir='ltr'>τῇ</span> <span class='ocrx_word' id='word_1_497' title='bbox 2936 3305 3056 3363; x_wconf 87' lang='grc' dir='ltr'>κατ’</span> <span class='ocrx_word' id='word_1_498' title='bbox 3086 3303 3351 3362; x_wconf 77' lang='grc' dir='ltr'>εὐσέϐειαν</span> <span class='ocrx_word' id='word_1_499' title='bbox 3378 3304 3704 3379; x_wconf 83' lang='grc' dir='ltr'>διδασκαλίᾳ,</span> <span class='ocrx_word' id='word_1_500' title='bbox 3740 3329 3770 3363; x_wconf 71' lang='grc' dir='ltr'><strong><em>ι</em></strong></span> 
     </span>
    </p>
   </div>
   <div class='ocr_carea' id='block_1_76' title="bbox 2130 3381 3778 3476">
    <p class='ocr_par' dir='ltr' id='par_1_76' title="bbox 2130 3381 3778 3476">
     <span class='ocr_line' id='line_1_76' title="bbox 2130 3381 3778 3476; baseline -0.002 -22"><span class='ocrx_word' id='word_1_501' title='bbox 2130 3381 2194 3454; x_wconf 61' lang='grc' dir='ltr'><strong>Ὃ</strong></span> <span class='ocrx_word' id='word_1_502' title='bbox 2236 3398 2413 3469; x_wconf 78' lang='grc' dir='ltr'>εἶπεν,</span> <span class='ocrx_word' id='word_1_503' title='bbox 2452 3421 2480 3453; x_wconf 71' lang='grc' dir='ltr'><strong><em>ι</em></strong></span> <span class='ocrx_word' id='word_1_504' title='bbox 2518 3388 2834 3476; x_wconf 69' lang='grc' dir='ltr'>Ὑγιαίνουσι</span> <span class='ocrx_word' id='word_1_505' title='bbox 2861 3381 3091 3473; x_wconf 75' lang='grc' dir='ltr'>λόγοις,</span> <span class='ocrx_word' id='word_1_506' title='bbox 3130 3418 3154 3452; x_wconf 70' lang='grc' dir='ltr'>ι</span> <span class='ocrx_word' id='word_1_507' title='bbox 3215 3394 3369 3451; x_wconf 82' lang='grc' dir='ltr'>τοῦτό</span> <span class='ocrx_word' id='word_1_508' title='bbox 3425 3417 3577 3476; x_wconf 78' lang='grc' dir='ltr'>φησι,</span> <span class='ocrx_word' id='word_1_509' title='bbox 3613 3414 3644 3454; x_wconf 71' lang='grc' dir='ltr'><strong><em>ι</em></strong></span> <span class='ocrx_word' id='word_1_510' title='bbox 3678 3403 3778 3459; x_wconf 82' lang='grc' dir='ltr'>Καὶ</span> 
     </span>
    </p>
   </div>
   <div class='ocr_carea' id='block_1_77' title="bbox 2133 3481 3775 3562">
    <p class='ocr_par' dir='ltr' id='par_1_77' title="bbox 2133 3481 3775 3562">
     <span class='ocr_line' id='line_1_77' title="bbox 2133 3481 3775 3562; baseline -0.002 -21"><span class='ocrx_word' id='word_1_511' title='bbox 2133 3491 2201 3562; x_wconf 80' lang='grc' dir='ltr'>τῇ</span> <span class='ocrx_word' id='word_1_512' title='bbox 2232 3483 2352 3543; x_wconf 81' lang='grc' dir='ltr'>κατ’</span> <span class='ocrx_word' id='word_1_513' title='bbox 2384 3485 2647 3544; x_wconf 81' lang='grc' dir='ltr'>εὐσέϐειαν</span> <span class='ocrx_word' id='word_1_514' title='bbox 2675 3481 2999 3555; x_wconf 82' lang='grc' dir='ltr'>διδασκαλίᾳ,</span> <span class='ocrx_word' id='word_1_515' title='bbox 3038 3506 3067 3538; x_wconf 74' lang='grc' dir='ltr'><strong><em>ι</em></strong></span> <span class='ocrx_word' id='word_1_516' title='bbox 3101 3484 3168 3550; x_wconf 85' lang='grc' dir='ltr'><strong>τῆ</strong></span> <span class='ocrx_word' id='word_1_517' title='bbox 3196 3488 3295 3550; x_wconf 77' lang='grc' dir='ltr'>τῆς</span> <span class='ocrx_word' id='word_1_518' title='bbox 3324 3482 3550 3548; x_wconf 79' lang='grc' dir='ltr'>πίστεώς</span> <span class='ocrx_word' id='word_1_519' title='bbox 3577 3481 3775 3551; x_wconf 87' lang='grc' dir='ltr'>δηλον-</span> 
     </span>
    </p>
   </div>
   <div class='ocr_carea' id='block_1_78' title="bbox 2134 3562 3770 3656">
    <p class='ocr_par' dir='ltr' id='par_1_78' title="bbox 2134 3562 3770 3656">
     <span class='ocr_line' id='line_1_78' title="bbox 2134 3562 3770 3656; baseline -0.001 -27"><span class='ocrx_word' id='word_1_520' title='bbox 2134 3573 2236 3630; x_wconf 86' lang='grc' dir='ltr'>ότι.</span> <span class='ocrx_word' id='word_1_521' title='bbox 2277 3593 2307 3633; x_wconf 87' lang='grc'><strong>(</strong></span> <span class='ocrx_word' id='word_1_522' title='bbox 2357 3575 2659 3656; x_wconf 74' lang='grc' dir='ltr'>Τετύφωται</span> <span class='ocrx_word' id='word_1_523' title='bbox 2702 3569 2870 3648; x_wconf 79' lang='grc' dir='ltr'>μηδὲν</span> <span class='ocrx_word' id='word_1_524' title='bbox 2925 3570 3294 3647; x_wconf 76' lang='grc' dir='ltr'>ἐπιστάμενος,</span> <span class='ocrx_word' id='word_1_525' title='bbox 3326 3595 3373 3656; x_wconf 63' lang='grc' dir='ltr'>Δι</span> <span class='ocrx_word' id='word_1_526' title='bbox 3438 3562 3494 3629; x_wconf 59' lang='grc' dir='ltr'><strong>Ὀ</strong></span> <span class='ocrx_word' id='word_1_527' title='bbox 3534 3573 3635 3651; x_wconf 79' lang='grc' dir='ltr'>γὰρ</span> <span class='ocrx_word' id='word_1_528' title='bbox 3691 3571 3770 3647; x_wconf 77' lang='grc' dir='ltr'>μὴ</span> 
     </span>
    </p>
   </div>
   <div class='ocr_carea' id='block_1_79' title="bbox 2135 3651 3777 3738">
    <p class='ocr_par' dir='ltr' id='par_1_79' title="bbox 2135 3651 3777 3738">
     <span class='ocr_line' id='line_1_79' title="bbox 2135 3651 3777 3738; baseline -0.002 -20"><span class='ocrx_word' id='word_1_529' title='bbox 2135 3661 2282 3726; x_wconf 78' lang='grc' dir='ltr'>εἰδὼς</span> <span class='ocrx_word' id='word_1_530' title='bbox 2312 3664 2347 3719; x_wconf 81' lang='grc' dir='ltr'>ἃ</span> <span class='ocrx_word' id='word_1_531' title='bbox 2375 3661 2457 3721; x_wconf 82' lang='grc' dir='ltr'>δεῖ</span> <span class='ocrx_word' id='word_1_532' title='bbox 2499 3651 2717 3735; x_wconf 79' lang='grc' dir='ltr'>εἰδέναε,</span> <span class='ocrx_word' id='word_1_533' title='bbox 2776 3657 2921 3718; x_wconf 76' lang='grc' dir='ltr'>οὐδὲν</span> <span class='ocrx_word' id='word_1_534' title='bbox 2979 3659 3274 3721; x_wconf 78' lang='grc' dir='ltr'>ἐπίσταται,</span> <span class='ocrx_word' id='word_1_535' title='bbox 3325 3651 3382 3717; x_wconf 64' lang='grc' dir='ltr'>Ὀ</span> <span class='ocrx_word' id='word_1_536' title='bbox 3435 3657 3489 3715; x_wconf 79' lang='grc' dir='ltr'>δὲ</span> <span class='ocrx_word' id='word_1_537' title='bbox 3530 3661 3596 3716; x_wconf 76' lang='grc' dir='ltr'>τὰ</span> <span class='ocrx_word' id='word_1_538' title='bbox 3650 3661 3777 3738; x_wconf 88' lang='grc' dir='ltr'>ὑγιῆ</span> 
     </span>
    </p>
   </div>
   <div class='ocr_carea' id='block_1_80' title="bbox 2134 3746 3773 3829">
    <p class='ocr_par' dir='ltr' id='par_1_80' title="bbox 2134 3746 3773 3829">
     <span class='ocr_line' id='line_1_80' title="bbox 2134 3746 3773 3829; baseline -0.001 -21"><span class='ocrx_word' id='word_1_539' title='bbox 2134 3753 2213 3827; x_wconf 70' lang='grc' dir='ltr'>μὴ</span> <span class='ocrx_word' id='word_1_540' title='bbox 2242 3752 2615 3829; x_wconf 79' lang='grc' dir='ltr'>ἐπιστάμενος,</span> <span class='ocrx_word' id='word_1_541' title='bbox 2678 3749 2924 3818; x_wconf 89' lang='grc' dir='ltr'>δηλονότι</span> <span class='ocrx_word' id='word_1_542' title='bbox 2981 3750 3048 3804; x_wconf 83' lang='grc' dir='ltr'>τὰ</span> <span class='ocrx_word' id='word_1_543' title='bbox 3100 3746 3422 3823; x_wconf 79' lang='grc' dir='ltr'>δαιμονιώδη</span> <span class='ocrx_word' id='word_1_544' title='bbox 3479 3747 3773 3807; x_wconf 78' lang='grc' dir='ltr'>ἐπίσταται.</span> 
     </span>
    </p>
   </div>
   <div class='ocr_carea' id='block_1_81' title="bbox 2133 3837 3780 3917">
    <p class='ocr_par' dir='ltr' id='par_1_81' title="bbox 2133 3837 3780 3917">
     <span class='ocr_line' id='line_1_81' title="bbox 2133 3837 3780 3917; baseline -0.002 -21"><span class='ocrx_word' id='word_1_545' title='bbox 2133 3839 2292 3897; x_wconf 81' lang='grc' dir='ltr'>Φίλον</span> <span class='ocrx_word' id='word_1_546' title='bbox 2361 3839 2415 3897; x_wconf 77' lang='grc' dir='ltr'>δὲ</span> <span class='ocrx_word' id='word_1_547' title='bbox 2467 3855 2584 3904; x_wconf 85' lang='grc' dir='ltr'>τοῖς</span> <span class='ocrx_word' id='word_1_548' title='bbox 2642 3838 2851 3916; x_wconf 83' lang='grc' dir='ltr'>δαίμοσι</span> <span class='ocrx_word' id='word_1_549' title='bbox 2895 3837 2981 3893; x_wconf 80' lang='grc' dir='ltr'>καὶ</span> <span class='ocrx_word' id='word_1_550' title='bbox 3025 3838 3223 3894; x_wconf 75' lang='grc' dir='ltr'>οἰκεῖον</span> <span class='ocrx_word' id='word_1_551' title='bbox 3265 3840 3294 3894; x_wconf 80' lang='grc' dir='ltr'>ὁ</span> <span class='ocrx_word' id='word_1_552' title='bbox 3348 3846 3529 3917; x_wconf 81' lang='grc' dir='ltr'>τῦφος,</span> <span class='ocrx_word' id='word_1_553' title='bbox 3580 3861 3608 3891; x_wconf 74' lang='grc' dir='ltr'>σι</span> <span class='ocrx_word' id='word_1_554' title='bbox 3654 3838 3780 3917; x_wconf 81' lang='grc' dir='ltr'>Περὶ</span> 
     </span>
    </p>
   </div>
   <div class='ocr_carea' id='block_1_82' title="bbox 2131 3926 3777 4009">
    <p class='ocr_par' dir='ltr' id='par_1_82' title="bbox 2131 3926 3777 4009">
     <span class='ocr_line' id='line_1_82' title="bbox 2131 3926 3777 4009; baseline 0.002 -23"><span class='ocrx_word' id='word_1_555' title='bbox 2131 3932 2382 4001; x_wconf 80' lang='grc' dir='ltr'>ζητήσεις</span> <span class='ocrx_word' id='word_1_556' title='bbox 2412 3933 2500 3988; x_wconf 89' lang='grc' dir='ltr'>καὶ</span> <span class='ocrx_word' id='word_1_557' title='bbox 2541 3930 2900 4009; x_wconf 84' lang='grc' dir='ltr'>λογομαχίας.</span> <span class='ocrx_word' id='word_1_558' title='bbox 2949 3949 2977 3981; x_wconf 66' lang='grc' dir='ltr'><strong><em>ι</em></strong></span> <span class='ocrx_word' id='word_1_559' title='bbox 3029 3926 3152 3984; x_wconf 69' lang='grc' dir='ltr'>Ἐὰν</span> <span class='ocrx_word' id='word_1_560' title='bbox 3207 3927 3306 4006; x_wconf 77' lang='grc' dir='ltr'>γὰρ</span> <span class='ocrx_word' id='word_1_561' title='bbox 3365 3926 3442 4002; x_wconf 75' lang='grc' dir='ltr'>μὴ</span> <span class='ocrx_word' id='word_1_562' title='bbox 3497 3926 3777 4003; x_wconf 74' lang='grc' dir='ltr'>πιστεύῃς,</span> 
     </span>
    </p>
   </div>
   <div class='ocr_carea' id='block_1_83' title="bbox 403 4013 2048 4101">
    <p class='ocr_par' dir='ltr' id='par_1_83' title="bbox 403 4013 2045 4101">
     <span class='ocr_line' id='line_1_83' title="bbox 403 4013 2045 4101; baseline 0.005 -24"><span class='ocrx_word' id='word_1_563' title='bbox 403 4018 861 4098; x_wconf 83' lang='lat' dir='ltr'><strong>disputationem</strong></span> <span class='ocrx_word' id='word_1_564' title='bbox 898 4041 1140 4101; x_wconf 82' lang='lat' dir='ltr'><strong>pugnas.</strong></span> <span class='ocrx_word' id='word_1_565' title='bbox 1179 4048 1200 4076; x_wconf 75' lang='grc' dir='ltr'>ι»</span> <span class='ocrx_word' id='word_1_566' title='bbox 1240 4022 1299 4084; x_wconf 89' lang='lat' dir='ltr'><strong>Si</strong></span> <span class='ocrx_word' id='word_1_567' title='bbox 1324 4024 1485 4084; x_wconf 85' lang='lat' dir='ltr'><strong>enim</strong></span> <span class='ocrx_word' id='word_1_568' title='bbox 1519 4013 1637 4083; x_wconf 84' lang='lat' dir='ltr'><strong>non</strong></span> <span class='ocrx_word' id='word_1_569' title='bbox 1670 4024 1902 4091; x_wconf 83' lang='lat' dir='ltr'><strong>credas.</strong></span> <span class='ocrx_word' id='word_1_570' title='bbox 1941 4025 2045 4085; x_wconf 90' lang='lat' dir='ltr'>sed</span> 
     </span>
    </p>
   </div>
   <div class='ocr_carea' id='block_1_84' title="bbox 2131 4013 3783 4101">
    <p class='ocr_par' dir='ltr' id='par_1_84' title="bbox 2131 4013 3783 4099">
     <span class='ocr_line' id='line_1_84' title="bbox 2131 4013 3783 4099; baseline -0.004 -23"><span class='ocrx_word' id='word_1_571' title='bbox 2131 4025 2315 4090; x_wconf 81' lang='grc' dir='ltr'>ζητεῖς</span> <span class='ocrx_word' id='word_1_572' title='bbox 2346 4019 2424 4091; x_wconf 80' lang='grc' dir='ltr'>δὲ,</span> <span class='ocrx_word' id='word_1_573' title='bbox 2458 4020 2662 4099; x_wconf 83' lang='grc' dir='ltr'>ἀνάγκη</span> <span class='ocrx_word' id='word_1_574' title='bbox 2718 4015 3055 4097; x_wconf 84' lang='grc' dir='ltr'>λογομαχίας</span> <span class='ocrx_word' id='word_1_575' title='bbox 3109 4015 3252 4072; x_wconf 75' lang='grc' dir='ltr'>εἶναι</span> <span class='ocrx_word' id='word_1_576' title='bbox 3307 4016 3394 4071; x_wconf 84' lang='grc' dir='ltr'>καὶ</span> <span class='ocrx_word' id='word_1_577' title='bbox 3432 4015 3642 4080; x_wconf 76' lang='grc' dir='ltr'>στάσεις</span> <span class='ocrx_word' id='word_1_578' title='bbox 3686 4013 3783 4071; x_wconf 91' lang='grc' dir='ltr'>λο-</span> 
     </span>
    </p>
   </div>
   <div class='ocr_carea' id='block_1_85' title="bbox 405 4102 2048 4191">
    <p class='ocr_par' dir='ltr' id='par_1_85' title="bbox 405 4105 2042 4191">
     <span class='ocr_line' id='line_1_85' title="bbox 405 4105 2042 4191; baseline 0.005 -26"><span class='ocrx_word' id='word_1_579' title='bbox 405 4105 935 4187; x_wconf 81' lang='lat' dir='ltr'><strong>inquiris,necesse</strong></span> <span class='ocrx_word' id='word_1_580' title='bbox 966 4121 1057 4173; x_wconf 82' lang='lat' dir='ltr'>est</span> <span class='ocrx_word' id='word_1_581' title='bbox 1089 4111 1398 4173; x_wconf 87' lang='lat' dir='ltr'><strong>verborum</strong></span> <span class='ocrx_word' id='word_1_582' title='bbox 1432 4129 1659 4191; x_wconf 73' lang='lat' dir='ltr'><strong>pugnas</strong></span> <span class='ocrx_word' id='word_1_583' title='bbox 1690 4130 1821 4174; x_wconf 91' lang='lat' dir='ltr'><strong>esse</strong></span> <span class='ocrx_word' id='word_1_584' title='bbox 1843 4131 1909 4173; x_wconf 90' lang='lat' dir='ltr'>ac</span> <span class='ocrx_word' id='word_1_585' title='bbox 1924 4114 2042 4174; x_wconf 91' lang='lat' dir='ltr'><strong>dis-</strong></span> 
     </span>
    </p>
   </div>
   <div class='ocr_carea' id='block_1_86' title="bbox 2131 4102 3778 4191">
    <p class='ocr_par' dir='ltr' id='par_1_86' title="bbox 2132 4102 3778 4191">
     <span class='ocr_line' id='line_1_86' title="bbox 2132 4102 3778 4191; baseline -0.002 -28"><span class='ocrx_word' id='word_1_586' title='bbox 2132 4116 2361 4185; x_wconf 82' lang='grc' dir='ltr'>γισμῶν.</span> <span class='ocrx_word' id='word_1_587' title='bbox 2432 4108 2650 4177; x_wconf 77' lang='grc' dir='ltr'>Ἐπειδὴ</span> <span class='ocrx_word' id='word_1_588' title='bbox 2709 4109 2809 4186; x_wconf 79' lang='grc' dir='ltr'>γὰρ</span> <span class='ocrx_word' id='word_1_589' title='bbox 2867 4108 2895 4163; x_wconf 89' lang='grc' dir='ltr'>ὁ</span> <span class='ocrx_word' id='word_1_590' title='bbox 2939 4105 3345 4184; x_wconf 79' lang='grc' dir='ltr'>Χριστιανισμὸς</span> <span class='ocrx_word' id='word_1_591' title='bbox 3393 4104 3461 4160; x_wconf 77' lang='grc' dir='ltr'>τὰ</span> <span class='ocrx_word' id='word_1_592' title='bbox 3514 4102 3778 4191; x_wconf 86' lang='grc' dir='ltr'>μέλλοντα</span> 
     </span>
    </p>
   </div>
   <div class='ocr_carea' id='block_1_87' title="bbox 403 4190 2048 4281">
    <p class='ocr_par' dir='ltr' id='par_1_87' title="bbox 403 4190 2040 4281">
     <span class='ocr_line' id='line_1_87' title="bbox 403 4190 2040 4281; baseline 0.004 -26"><span class='ocrx_word' id='word_1_593' title='bbox 403 4199 707 4262; x_wconf 85' lang='lat' dir='ltr'><strong>sentiones</strong></span> <span class='ocrx_word' id='word_1_594' title='bbox 735 4200 1367 4281; x_wconf 78' lang='lat' dir='ltr'><strong>rationum.Siquidem</strong></span> <span class='ocrx_word' id='word_1_595' title='bbox 1399 4190 1534 4279; x_wconf 84' lang='lat' dir='ltr'><strong>quia</strong></span> <span class='ocrx_word' id='word_1_596' title='bbox 1557 4199 2040 4262; x_wconf 85' lang='lat' dir='ltr'><strong>Christianismus</strong></span> 
     </span>
    </p>
   </div>
   <div class='ocr_carea' id='block_1_88' title="bbox 2131 4190 3780 4281">
    <p class='ocr_par' dir='ltr' id='par_1_88' title="bbox 2131 4190 3780 4277">
     <span class='ocr_line' id='line_1_88' title="bbox 2131 4190 3780 4277; baseline -0.001 -25"><span class='ocrx_word' id='word_1_597' title='bbox 2131 4199 2529 4277; x_wconf 57' lang='grc' dir='ltr'>ἐπαγγέλλεται,</span> <span class='ocrx_word' id='word_1_598' title='bbox 2578 4200 2673 4255; x_wconf 87' lang='grc' dir='ltr'>οὐκ</span> <span class='ocrx_word' id='word_1_599' title='bbox 2735 4196 2849 4254; x_wconf 80' lang='grc' dir='ltr'>ἔστι</span> <span class='ocrx_word' id='word_1_600' title='bbox 2898 4193 2953 4250; x_wconf 71' lang='grc' dir='ltr'>δὲ</span> <span class='ocrx_word' id='word_1_601' title='bbox 3007 4202 3174 4252; x_wconf 77' lang='grc' dir='ltr'>ταῦτα</span> <span class='ocrx_word' id='word_1_602' title='bbox 3222 4191 3519 4273; x_wconf 73' lang='grc' dir='ltr'>ὀφθαλμοῖς</span> <span class='ocrx_word' id='word_1_603' title='bbox 3576 4190 3780 4250; x_wconf 78' lang='grc' dir='ltr'>ἐπιδεῖ-</span> 
     </span>
    </p>
   </div>
   <div class='ocr_carea' id='block_1_89' title="bbox 405 4280 2048 4370">
    <p class='ocr_par' dir='ltr' id='par_1_89' title="bbox 405 4280 2040 4370">
     <span class='ocr_line' id='line_1_89' title="bbox 405 4280 2040 4370; baseline 0.004 -25"><span class='ocrx_word' id='word_1_604' title='bbox 405 4284 595 4349; x_wconf 84' lang='lat' dir='ltr'><strong>futura</strong></span> <span class='ocrx_word' id='word_1_605' title='bbox 652 4289 961 4370; x_wconf 84' lang='lat' dir='ltr'><strong>promittit.</strong></span> <span class='ocrx_word' id='word_1_606' title='bbox 1027 4280 1163 4351; x_wconf 59' lang='lat'>2‘46</span> <span class='ocrx_word' id='word_1_607' title='bbox 1217 4308 1347 4370; x_wconf 75' lang='lat' dir='ltr'><strong>quae</strong></span> <span class='ocrx_word' id='word_1_608' title='bbox 1405 4288 1590 4350; x_wconf 88' lang='lat' dir='ltr'><strong>oculis</strong></span> <span class='ocrx_word' id='word_1_609' title='bbox 1644 4289 2040 4352; x_wconf 85' lang='lat' dir='ltr'><strong>demonstrari</strong></span> 
     </span>
    </p>
   </div>
   <div class='ocr_carea' id='block_1_90' title="bbox 2131 4280 3781 4370">
    <p class='ocr_par' dir='ltr' id='par_1_90' title="bbox 2131 4280 3781 4370">
     <span class='ocr_line' id='line_1_90' title="bbox 2131 4280 3781 4370; baseline -0.002 -28"><span class='ocrx_word' id='word_1_610' title='bbox 2131 4290 2226 4362; x_wconf 80' lang='grc' dir='ltr'>Ξαι,</span> <span class='ocrx_word' id='word_1_611' title='bbox 2298 4289 2505 4368; x_wconf 74' lang='grc' dir='ltr'>ἀνάγκη</span> <span class='ocrx_word' id='word_1_612' title='bbox 2564 4289 2793 4353; x_wconf 86' lang='grc' dir='ltr'>πίστεως</span> <span class='ocrx_word' id='word_1_613' title='bbox 2835 4284 3016 4365; x_wconf 88' lang='grc' dir='ltr'>χρεία.</span> <span class='ocrx_word' id='word_1_614' title='bbox 3082 4291 3191 4362; x_wconf 89' lang='grc' dir='ltr'>Ορα</span> <span class='ocrx_word' id='word_1_615' title='bbox 3231 4281 3313 4370; x_wconf 77' lang='grc' dir='ltr'>δὲ,</span> <span class='ocrx_word' id='word_1_616' title='bbox 3363 4280 3444 4338; x_wconf 81' lang='grc' dir='ltr'>ὅτι</span> <span class='ocrx_word' id='word_1_617' title='bbox 3494 4283 3555 4338; x_wconf 83' lang='grc' dir='ltr'>τὸ</span> <span class='ocrx_word' id='word_1_618' title='bbox 3595 4289 3781 4354; x_wconf 88' lang='grc' dir='ltr'>ζητεῖν</span> 
     </span>
    </p>
   </div>
   <div class='ocr_carea' id='block_1_91' title="bbox 407 4369 2048 4459">
    <p class='ocr_par' dir='ltr' id='par_1_91' title="bbox 407 4369 2035 4459">
     <span class='ocr_line' id='line_1_91' title="bbox 407 4369 2035 4459; baseline 0.002 -23"><span class='ocrx_word' id='word_1_619' title='bbox 407 4369 733 4458; x_wconf 87' lang='lat' dir='ltr'><strong>nequeunt,</strong></span> <span class='ocrx_word' id='word_1_620' title='bbox 747 4379 1083 4442; x_wconf 87' lang='lat' dir='ltr'><strong>necessaria</strong></span> <span class='ocrx_word' id='word_1_621' title='bbox 1101 4388 1188 4440; x_wconf 89' lang='lat' dir='ltr'><strong>est</strong></span> <span class='ocrx_word' id='word_1_622' title='bbox 1204 4369 1706 4440; x_wconf 85' lang='lat' dir='ltr'><strong>ﬁdes.Considera</strong></span> <span class='ocrx_word' id='word_1_623' title='bbox 1723 4397 1858 4440; x_wconf 89' lang='lat' dir='ltr'><strong>vero</strong></span> <span class='ocrx_word' id='word_1_624' title='bbox 1880 4379 2035 4459; x_wconf 89' lang='lat' dir='ltr'><strong>quod</strong></span> 
     </span>
    </p>
   </div>
   <div class='ocr_carea' id='block_1_92' title="bbox 2131 4369 3780 4459">
    <p class='ocr_par' dir='ltr' id='par_1_92' title="bbox 2131 4369 3780 4455">
     <span class='ocr_line' id='line_1_92' title="bbox 2131 4369 3780 4455; baseline -0.002 -24"><span class='ocrx_word' id='word_1_625' title='bbox 2131 4391 2309 4435; x_wconf 90' lang='grc' dir='ltr'>νοσεῖν</span> <span class='ocrx_word' id='word_1_626' title='bbox 2358 4379 2492 4442; x_wconf 79' lang='grc' dir='ltr'>ἐστι,</span> <span class='ocrx_word' id='word_1_627' title='bbox 2575 4401 2605 4439; x_wconf 68' lang='grc' dir='ltr'>α</span> <span class='ocrx_word' id='word_1_628' title='bbox 2677 4375 3044 4455; x_wconf 80' lang='grc' dir='ltr'>Βλασφημίαι.</span> <span class='ocrx_word' id='word_1_629' title='bbox 3124 4394 3146 4426; x_wconf 72' lang='grc' dir='ltr'>ι</span> <span class='ocrx_word' id='word_1_630' title='bbox 3226 4369 3460 4449; x_wconf 76' lang='grc' dir='ltr'>Ἀνάγκη</span> <span class='ocrx_word' id='word_1_631' title='bbox 3537 4372 3637 4451; x_wconf 77' lang='grc' dir='ltr'>γὰρ</span> <span class='ocrx_word' id='word_1_632' title='bbox 3690 4372 3780 4428; x_wconf 82' lang='grc' dir='ltr'>τὸν</span> 
     </span>
    </p>
   </div>
   <div class='ocr_carea' id='block_1_93' title="bbox 404 4459 2048 4550">
    <p class='ocr_par' dir='ltr' id='par_1_93' title="bbox 404 4467 2041 4550">
     <span class='ocr_line' id='line_1_93' title="bbox 404 4467 2041 4550; baseline 0 -23"><span class='ocrx_word' id='word_1_633' title='bbox 404 4469 739 4530; x_wconf 87' lang='lat' dir='ltr'><strong>consultare</strong></span> <span class='ocrx_word' id='word_1_634' title='bbox 753 4481 809 4531; x_wconf 91' lang='lat' dir='ltr'><strong>et</strong></span> <span class='ocrx_word' id='word_1_635' title='bbox 829 4469 1127 4550; x_wconf 85' lang='lat' dir='ltr'><strong>inquirere</strong></span> <span class='ocrx_word' id='word_1_636' title='bbox 1139 4476 1540 4547; x_wconf 65' lang='lat' dir='ltr'><strong>estaagrotare.</strong></span> <span class='ocrx_word' id='word_1_637' title='bbox 1557 4467 2003 4544; x_wconf 76' lang='lat' dir='ltr'><strong>«Blasphemize.</strong></span> <span class='ocrx_word' id='word_1_638' title='bbox 2019 4492 2041 4527; x_wconf 73' lang='grc' dir='ltr'><strong><em>υ</em></strong></span> 
     </span>
    </p>
   </div>
   <div class='ocr_carea' id='block_1_94' title="bbox 2131 4459 3777 4550">
    <p class='ocr_par' dir='ltr' id='par_1_94' title="bbox 2131 4459 3777 4550">
     <span class='ocr_line' id='line_1_94' title="bbox 2131 4459 3777 4550; baseline -0.003 -29"><span class='ocrx_word' id='word_1_639' title='bbox 2131 4464 2413 4545; x_wconf 82' lang='grc' dir='ltr'>λογισμοῖς</span> <span class='ocrx_word' id='word_1_640' title='bbox 2488 4466 2831 4546; x_wconf 83' lang='grc' dir='ltr'>ἀνθρωπίνοις</span> <span class='ocrx_word' id='word_1_641' title='bbox 2875 4465 2942 4521; x_wconf 77' lang='grc' dir='ltr'>τὰ</span> <span class='ocrx_word' id='word_1_642' title='bbox 3009 4462 3145 4519; x_wconf 78' lang='grc' dir='ltr'>κατὰ</span> <span class='ocrx_word' id='word_1_643' title='bbox 3214 4459 3777 4550; x_wconf 53' lang='lat' dir='ltr'>986v.£1tttpé1tovt1,</span> 
     </span>
    </p>
   </div>
   <div class='ocr_carea' id='block_1_95' title="bbox 402 4555 2048 4637">
    <p class='ocr_par' dir='ltr' id='par_1_95' title="bbox 402 4555 2048 4637">
     <span class='ocr_line' id='line_1_95' title="bbox 402 4555 2048 4637; baseline 0 -19"><span class='ocrx_word' id='word_1_644' title='bbox 402 4555 659 4619; x_wconf 83' lang='lat' dir='ltr'><strong>Necesse</strong></span> <span class='ocrx_word' id='word_1_645' title='bbox 682 4567 771 4619; x_wconf 68' lang='lat' dir='ltr'>est</span> <span class='ocrx_word' id='word_1_646' title='bbox 799 4558 955 4619; x_wconf 90' lang='lat' dir='ltr'><strong>enim</strong></span> <span class='ocrx_word' id='word_1_647' title='bbox 978 4576 1113 4620; x_wconf 92' lang='lat' dir='ltr'><strong>eum</strong></span> <span class='ocrx_word' id='word_1_648' title='bbox 1138 4558 1237 4637; x_wconf 90' lang='lat' dir='ltr'>qui</span> <span class='ocrx_word' id='word_1_649' title='bbox 1257 4556 1533 4618; x_wconf 82' lang='lat' dir='ltr'><strong>humanis</strong></span> <span class='ocrx_word' id='word_1_650' title='bbox 1555 4556 1839 4635; x_wconf 89' lang='lat' dir='ltr'><strong>permittit</strong></span> <span class='ocrx_word' id='word_1_651' title='bbox 1864 4557 2048 4618; x_wconf 89' lang='lat' dir='ltr'><strong>ratio-</strong></span> 
     </span>
    </p>
   </div>
   <div class='ocr_carea' id='block_1_96' title="bbox 407 4644 2050 4725">
    <p class='ocr_par' dir='ltr' id='par_1_96' title="bbox 407 4644 2050 4725">
     <span class='ocr_line' id='line_1_96' title="bbox 407 4644 2050 4725; baseline 0.002 -19"><span class='ocrx_word' id='word_1_652' title='bbox 407 4646 582 4708; x_wconf 86' lang='lat' dir='ltr'><strong>nibus</strong></span> <span class='ocrx_word' id='word_1_653' title='bbox 612 4647 833 4720; x_wconf 89' lang='lat' dir='ltr'><strong>divina,</strong></span> <span class='ocrx_word' id='word_1_654' title='bbox 856 4655 915 4709; x_wconf 90' lang='lat' dir='ltr'><strong>et</strong></span> <span class='ocrx_word' id='word_1_655' title='bbox 944 4647 1119 4709; x_wconf 91' lang='lat' dir='ltr'><strong>etiam</strong></span> <span class='ocrx_word' id='word_1_656' title='bbox 1152 4647 1212 4708; x_wconf 90' lang='lat' dir='ltr'><strong>in</strong></span> <span class='ocrx_word' id='word_1_657' title='bbox 1242 4646 1642 4725; x_wconf 80' lang='lat' dir='ltr'><strong>blasphemias</strong></span> <span class='ocrx_word' id='word_1_658' title='bbox 1670 4644 1935 4707; x_wconf 89' lang='lat' dir='ltr'><strong>incidere</strong></span> <span class='ocrx_word' id='word_1_659' title='bbox 1977 4664 2050 4709; x_wconf 83' lang='lat' dir='ltr'>ex</span> 
     </span>
    </p>
   </div>
   <div class='ocr_carea' id='block_1_97' title="bbox 404 4734 2046 4817">
    <p class='ocr_par' dir='ltr' id='par_1_97' title="bbox 404 4734 2046 4817">
     <span class='ocr_line' id='line_1_97' title="bbox 404 4734 2046 4817; baseline 0.001 -23"><span class='ocrx_word' id='word_1_660' title='bbox 404 4736 849 4814; x_wconf 60' lang='lat' dir='ltr'><strong>quaestionibus.</strong></span> <span class='ocrx_word' id='word_1_661' title='bbox 885 4762 906 4790; x_wconf 76' lang='grc' dir='ltr'>α</span> <span class='ocrx_word' id='word_1_662' title='bbox 937 4735 1321 4816; x_wconf 77' lang='lat' dir='ltr'><strong>Suspiciones</strong></span> <span class='ocrx_word' id='word_1_663' title='bbox 1350 4734 1540 4797; x_wconf 74' lang='lat' dir='ltr'><strong>make.</strong></span> <span class='ocrx_word' id='word_1_664' title='bbox 1583 4760 1609 4789; x_wconf 66' lang='grc' dir='ltr'><strong>θ</strong></span> <span class='ocrx_word' id='word_1_665' title='bbox 1647 4736 1768 4796; x_wconf 85' lang='lat' dir='ltr'><strong>Hoc</strong></span> <span class='ocrx_word' id='word_1_666' title='bbox 1798 4744 1884 4796; x_wconf 89' lang='lat' dir='ltr'>est</span> <span class='ocrx_word' id='word_1_667' title='bbox 1912 4736 2046 4817; x_wconf 90' lang='lat' dir='ltr'><strong>opi-</strong></span> 
     </span>
    </p>
   </div>
   <div class='ocr_carea' id='block_1_98' title="bbox 406 4824 2049 4905">
    <p class='ocr_par' dir='ltr' id='par_1_98' title="bbox 406 4824 2049 4905">
     <span class='ocr_line' id='line_1_98' title="bbox 406 4824 2049 4905; baseline 0.002 -21"><span class='ocrx_word' id='word_1_668' title='bbox 406 4824 616 4887; x_wconf 89' lang='lat' dir='ltr'><strong>niones</strong></span> <span class='ocrx_word' id='word_1_669' title='bbox 672 4833 731 4889; x_wconf 87' lang='lat' dir='ltr'>et</span> <span class='ocrx_word' id='word_1_670' title='bbox 787 4825 1123 4887; x_wconf 85' lang='lat' dir='ltr'><strong>adulterina</strong></span> <span class='ocrx_word' id='word_1_671' title='bbox 1171 4825 1465 4904; x_wconf 86' lang='lat' dir='ltr'><strong>dogmata.</strong></span> <span class='ocrx_word' id='word_1_672' title='bbox 1508 4849 1533 4878; x_wconf 76' lang='grc' dir='ltr'><strong><em>α</em></strong></span> <span class='ocrx_word' id='word_1_673' title='bbox 1580 4826 2049 4905; x_wconf 68' lang='lat' dir='ltr'><strong>Supervacaneaa</strong></span> 
     </span>
    </p>
   </div>
   <div class='ocr_carea' id='block_1_99' title="bbox 407 4911 2048 4995">
    <p class='ocr_par' dir='ltr' id='par_1_99' title="bbox 407 4911 2048 4995">
     <span class='ocr_line' id='line_1_99' title="bbox 407 4911 2048 4995; baseline -0.001 -21"><span class='ocrx_word' id='word_1_674' title='bbox 407 4913 903 4975; x_wconf 83' lang='lat' dir='ltr'><strong>conﬂictationes.</strong></span> <span class='ocrx_word' id='word_1_675' title='bbox 944 4939 968 4970; x_wconf 84' lang='lat'><strong>»</strong></span> <span class='ocrx_word' id='word_1_676' title='bbox 1007 4913 1193 4977; x_wconf 84' lang='lat' dir='ltr'><strong>Morbi</strong></span> <span class='ocrx_word' id='word_1_677' title='bbox 1230 4931 1661 4995; x_wconf 88' lang='lat' dir='ltr'><strong>pravorumque</strong></span> <span class='ocrx_word' id='word_1_678' title='bbox 1711 4911 2048 4991; x_wconf 85' lang='lat' dir='ltr'><strong>dogmatum</strong></span> 
     </span>
    </p>
   </div>
   <div class='ocr_carea' id='block_1_100' title="bbox 406 5000 2047 5081">
    <p class='ocr_par' dir='ltr' id='par_1_100' title="bbox 406 5000 2047 5081">
     <span class='ocr_line' id='line_1_100' title="bbox 406 5000 2047 5081; baseline -0.003 -18"><span class='ocrx_word' id='word_1_679' title='bbox 406 5002 743 5065; x_wconf 84' lang='lat' dir='ltr'><strong>transfusio.</strong></span> <span class='ocrx_word' id='word_1_680' title='bbox 777 5004 1038 5067; x_wconf 89' lang='lat' dir='ltr'><strong>Sumitur</strong></span> <span class='ocrx_word' id='word_1_681' title='bbox 1064 5018 1259 5065; x_wconf 81' lang='lat' dir='ltr'><strong>autem</strong></span> <span class='ocrx_word' id='word_1_682' title='bbox 1298 5002 1643 5081; x_wconf 83' lang='lat' dir='ltr'><strong>metaphora</strong></span> <span class='ocrx_word' id='word_1_683' title='bbox 1671 5000 1731 5061; x_wconf 92' lang='lat' dir='ltr'><strong>in</strong></span> <span class='ocrx_word' id='word_1_684' title='bbox 1762 5020 1902 5062; x_wconf 85' lang='lat' dir='ltr'><strong>voce</strong></span> <span class='ocrx_word' id='word_1_685' title='bbox 1931 5000 2047 5059; x_wconf 83' lang='grc' dir='ltr'>δια-</span> 
     </span>
    </p>
   </div>
   <div class='ocr_carea' id='block_1_101' title="bbox 405 5090 2048 5174">
    <p class='ocr_par' dir='ltr' id='par_1_101' title="bbox 405 5090 2048 5174">
     <span class='ocr_line' id='line_1_101' title="bbox 405 5090 2048 5174; baseline 0.001 -25"><span class='ocrx_word' id='word_1_686' title='bbox 405 5092 740 5174; x_wconf 75' lang='grc' dir='ltr'>παρκτριϐιί,</span> <span class='ocrx_word' id='word_1_687' title='bbox 772 5110 805 5154; x_wconf 90' lang='lat' dir='ltr'>a</span> <span class='ocrx_word' id='word_1_688' title='bbox 831 5092 1124 5154; x_wconf 80' lang='lat' dir='ltr'><strong>scabiosis</strong></span> <span class='ocrx_word' id='word_1_689' title='bbox 1153 5092 1362 5154; x_wconf 87' lang='lat' dir='ltr'><strong>ovibus</strong></span> <span class='ocrx_word' id='word_1_690' title='bbox 1391 5109 1521 5170; x_wconf 68' lang='lat' dir='ltr'><strong>quae</strong></span> <span class='ocrx_word' id='word_1_691' title='bbox 1565 5090 1872 5171; x_wconf 60' lang='lat' dir='ltr'><strong>applicata;</strong></span> <span class='ocrx_word' id='word_1_692' title='bbox 1916 5090 2048 5151; x_wconf 58' lang='lat' dir='ltr'><strong>alii</strong></span> 
     </span>
    </p>
   </div>
   <div class='ocr_carea' id='block_1_102' title="bbox 407 5177 2047 5259">
    <p class='ocr_par' dir='ltr' id='par_1_102' title="bbox 407 5177 2047 5259">
     <span class='ocr_line' id='line_1_102' title="bbox 407 5177 2047 5259; baseline 0 -19"><span class='ocrx_word' id='word_1_693' title='bbox 407 5189 465 5240; x_wconf 92' lang='lat' dir='ltr'>et</span> <span class='ocrx_word' id='word_1_694' title='bbox 488 5181 704 5243; x_wconf 71' lang='lat' dir='ltr'><strong>altritze</strong></span> <span class='ocrx_word' id='word_1_695' title='bbox 734 5182 907 5243; x_wconf 92' lang='lat' dir='ltr'><strong>etiam</strong></span> <span class='ocrx_word' id='word_1_696' title='bbox 931 5200 1108 5243; x_wconf 84' lang='lat' dir='ltr'><strong>sanas</strong></span> <span class='ocrx_word' id='word_1_697' title='bbox 1131 5183 1334 5242; x_wconf 88' lang='lat' dir='ltr'><strong>morbo</strong></span> <span class='ocrx_word' id='word_1_698' title='bbox 1353 5181 1625 5259; x_wconf 90' lang='lat' dir='ltr'><strong>implent.</strong></span> <span class='ocrx_word' id='word_1_699' title='bbox 1648 5202 1670 5234; x_wconf 77' lang='grc' dir='ltr'>ιι</span> <span class='ocrx_word' id='word_1_700' title='bbox 1695 5177 1801 5252; x_wconf 89' lang='lat' dir='ltr'><strong>Qui</strong></span> <span class='ocrx_word' id='word_1_701' title='bbox 1841 5179 2047 5241; x_wconf 81' lang='lat' dir='ltr'><strong>existi-</strong></span> 
     </span>
    </p>
   </div>
   <div class='ocr_carea' id='block_1_103' title="bbox 410 5267 2049 5350">
    <p class='ocr_par' dir='ltr' id='par_1_103' title="bbox 410 5267 2049 5350">
     <span class='ocr_line' id='line_1_103' title="bbox 410 5267 2049 5350; baseline 0.001 -22"><span class='ocrx_word' id='word_1_702' title='bbox 410 5278 569 5329; x_wconf 90' lang='lat' dir='ltr'><strong>mant</strong></span> <span class='ocrx_word' id='word_1_703' title='bbox 596 5280 880 5349; x_wconf 63' lang='lat' dir='ltr'><strong>quaestum</strong></span> <span class='ocrx_word' id='word_1_704' title='bbox 905 5289 1038 5332; x_wconf 91' lang='lat' dir='ltr'><strong>osse</strong></span> <span class='ocrx_word' id='word_1_705' title='bbox 1073 5271 1371 5350; x_wconf 79' lang='lat' dir='ltr'><strong>pietatem.</strong></span> <span class='ocrx_word' id='word_1_706' title='bbox 1410 5294 1436 5324; x_wconf 68' lang='grc' dir='ltr'><strong>υ</strong></span> <span class='ocrx_word' id='word_1_707' title='bbox 1479 5268 1656 5330; x_wconf 85' lang='lat' dir='ltr'><strong>Vides</strong></span> <span class='ocrx_word' id='word_1_708' title='bbox 1685 5267 1838 5349; x_wconf 85' lang='lat' dir='ltr'><strong>quod</strong></span> <span class='ocrx_word' id='word_1_709' title='bbox 1873 5269 2049 5331; x_wconf 88' lang='lat' dir='ltr'><strong>etiam</strong></span> 
     </span>
    </p>
   </div>
   <div class='ocr_carea' id='block_1_104' title="bbox 409 5356 2047 5440">
    <p class='ocr_par' dir='ltr' id='par_1_104' title="bbox 409 5356 2047 5440">
     <span class='ocr_line' id='line_1_104' title="bbox 409 5356 2047 5440; baseline 0.002 -25"><span class='ocrx_word' id='word_1_710' title='bbox 409 5376 617 5436; x_wconf 72' lang='lat' dir='ltr'><strong>pugnae</strong></span> <span class='ocrx_word' id='word_1_711' title='bbox 647 5358 956 5420; x_wconf 88' lang='lat' dir='ltr'><strong>verborum</strong></span> <span class='ocrx_word' id='word_1_712' title='bbox 979 5370 1146 5440; x_wconf 87' lang='lat' dir='ltr'><strong>turpe</strong></span> <span class='ocrx_word' id='word_1_713' title='bbox 1171 5360 1398 5420; x_wconf 82' lang='lat' dir='ltr'><strong>lucrum</strong></span> <span class='ocrx_word' id='word_1_714' title='bbox 1420 5356 1811 5438; x_wconf 85' lang='lat' dir='ltr'><strong>pariunt?Nec</strong></span> <span class='ocrx_word' id='word_1_715' title='bbox 1837 5357 2047 5419; x_wconf 91' lang='lat' dir='ltr'><strong>mirum</strong></span> 
     </span>
    </p>
   </div>
   <div class='ocr_carea' id='block_1_105' title="bbox 405 5445 2048 5526">
    <p class='ocr_par' dir='ltr' id='par_1_105' title="bbox 405 5445 2048 5526">
     <span class='ocr_line' id='line_1_105' title="bbox 405 5445 2048 5526; baseline 0.003 -21"><span class='ocrx_word' id='word_1_716' title='bbox 405 5445 506 5526; x_wconf 90' lang='lat' dir='ltr'>qui</span> <span class='ocrx_word' id='word_1_717' title='bbox 550 5445 708 5507; x_wconf 90' lang='lat' dir='ltr'><strong>enim</strong></span> <span class='ocrx_word' id='word_1_718' title='bbox 748 5448 944 5510; x_wconf 81' lang='lat' dir='ltr'><strong>verbis</strong></span> <span class='ocrx_word' id='word_1_719' title='bbox 996 5448 1385 5521; x_wconf 85' lang='lat' dir='ltr'><strong>contendunt,</strong></span> <span class='ocrx_word' id='word_1_720' title='bbox 1442 5447 1642 5526; x_wconf 82' lang='lat' dir='ltr'><strong>plures</strong></span> <span class='ocrx_word' id='word_1_721' title='bbox 1695 5447 2048 5510; x_wconf 82' lang='lat' dir='ltr'><strong>attrahenda</strong></span> 
     </span>
    </p>
   </div>
   <div class='ocr_carea' id='block_1_106' title="bbox 408 5535 2051 5616">
    <p class='ocr_par' dir='ltr' id='par_1_106' title="bbox 408 5535 2051 5616">
     <span class='ocr_line' id='line_1_106' title="bbox 408 5535 2051 5616; baseline 0.002 -21"><span class='ocrx_word' id='word_1_722' title='bbox 408 5535 751 5615; x_wconf 80' lang='lat' dir='ltr'><strong>discipulos,</strong></span> <span class='ocrx_word' id='word_1_723' title='bbox 801 5553 868 5597; x_wconf 85' lang='lat' dir='ltr'><strong>ex</strong></span> <span class='ocrx_word' id='word_1_724' title='bbox 910 5535 1004 5597; x_wconf 83' lang='lat' dir='ltr'>his</span> <span class='ocrx_word' id='word_1_725' title='bbox 1045 5544 1332 5616; x_wconf 64' lang='lat' dir='ltr'><strong>quiestum</strong></span> <span class='ocrx_word' id='word_1_726' title='bbox 1377 5537 1619 5607; x_wconf 81' lang='lat' dir='ltr'><strong>faciunt,</strong></span> <span class='ocrx_word' id='word_1_727' title='bbox 1664 5535 1787 5595; x_wconf 83' lang='lat' dir='ltr'><strong>sive</strong></span> <span class='ocrx_word' id='word_1_728' title='bbox 1818 5535 2051 5599; x_wconf 81' lang='lat' dir='ltr'><strong>lucrum</strong></span> 
     </span>
    </p>
   </div>
   <div class='ocr_carea' id='block_1_107' title="bbox 410 5623 2049 5708">
    <p class='ocr_par' dir='ltr' id='par_1_107' title="bbox 410 5623 2049 5708">
     <span class='ocr_line' id='line_1_107' title="bbox 410 5623 2049 5708; baseline 0 -22"><span class='ocrx_word' id='word_1_729' title='bbox 410 5625 820 5708; x_wconf 67' lang='lat' dir='ltr'><strong>pecuniarum.</strong></span> <span class='ocrx_word' id='word_1_730' title='bbox 854 5623 1108 5703; x_wconf 84' lang='lat' dir='ltr'><strong>Fingunt</strong></span> <span class='ocrx_word' id='word_1_731' title='bbox 1136 5626 1295 5686; x_wconf 84' lang='lat' dir='ltr'><strong>enim</strong></span> <span class='ocrx_word' id='word_1_732' title='bbox 1330 5624 1601 5705; x_wconf 77' lang='lat' dir='ltr'><strong>pietatem</strong></span> <span class='ocrx_word' id='word_1_733' title='bbox 1638 5633 1696 5685; x_wconf 92' lang='lat' dir='ltr'><strong>ut</strong></span> <span class='ocrx_word' id='word_1_734' title='bbox 1729 5642 1832 5703; x_wconf 88' lang='lat' dir='ltr'><strong>per</strong></span> <span class='ocrx_word' id='word_1_735' title='bbox 1866 5625 2049 5705; x_wconf 89' lang='lat' dir='ltr'><strong>ipsam</strong></span> 
     </span>
    </p>
   </div>
   <div class='ocr_carea' id='block_1_108' title="bbox 2131 4539 3785 4636">
    <p class='ocr_par' dir='ltr' id='par_1_108' title="bbox 2131 4539 3785 4636">
     <span class='ocr_line' id='line_1_108' title="bbox 2131 4539 3785 4636; baseline -0.003 -26"><span class='ocrx_word' id='word_1_736' title='bbox 2131 4539 2220 4612; x_wconf 73' lang='lat' dir='ltr'>mi</span> <span class='ocrx_word' id='word_1_737' title='bbox 2249 4539 2595 4636; x_wconf 73' lang='grc' dir='ltr'>βλασφημεῖν</span> <span class='ocrx_word' id='word_1_738' title='bbox 2648 4555 2708 4611; x_wconf 76' lang='grc' dir='ltr'>ἐκ</span> <span class='ocrx_word' id='word_1_739' title='bbox 2767 4561 2871 4611; x_wconf 82' lang='grc' dir='ltr'>τῶν</span> <span class='ocrx_word' id='word_1_740' title='bbox 2931 4554 3227 4625; x_wconf 69' lang='grc' dir='ltr'>ζητήσεων.</span> <span class='ocrx_word' id='word_1_741' title='bbox 3281 4572 3303 4605; x_wconf 72' lang='grc' dir='ltr'>ι</span> <span class='ocrx_word' id='word_1_742' title='bbox 3363 4539 3633 4606; x_wconf 62' lang='grc' dir='ltr'>’Υπόνοιαι</span> <span class='ocrx_word' id='word_1_743' title='bbox 3688 4571 3785 4605; x_wconf 82' lang='grc' dir='ltr'>πο-</span> 
     </span>
    </p>
   </div>
   <div class='ocr_carea' id='block_1_109' title="bbox 2131 4638 3780 4726">
    <p class='ocr_par' dir='ltr' id='par_1_109' title="bbox 2131 4638 3780 4726">
     <span class='ocr_line' id='line_1_109' title="bbox 2131 4638 3780 4726; baseline -0.005 -24"><span class='ocrx_word' id='word_1_744' title='bbox 2131 4648 2305 4726; x_wconf 89' lang='grc' dir='ltr'>νηραί.</span> <span class='ocrx_word' id='word_1_745' title='bbox 2346 4670 2373 4702; x_wconf 76' lang='grc' dir='ltr'>ι</span> <span class='ocrx_word' id='word_1_746' title='bbox 2422 4649 2577 4705; x_wconf 84' lang='grc' dir='ltr'>Οἷον⁶</span> <span class='ocrx_word' id='word_1_747' title='bbox 2620 4643 2785 4719; x_wconf 80' lang='grc' dir='ltr'>δόξαι,</span> <span class='ocrx_word' id='word_1_748' title='bbox 2849 4643 2939 4698; x_wconf 87' lang='grc' dir='ltr'>καὶ</span> <span class='ocrx_word' id='word_1_749' title='bbox 2995 4638 3233 4719; x_wconf 85' lang='grc' dir='ltr'>δόγματα</span> <span class='ocrx_word' id='word_1_750' title='bbox 3288 4638 3434 4710; x_wconf 79' lang='grc' dir='ltr'>νόθα,</span> <span class='ocrx_word' id='word_1_751' title='bbox 3495 4660 3523 4691; x_wconf 72' lang='grc' dir='ltr'>ι</span> <span class='ocrx_word' id='word_1_752' title='bbox 3586 4647 3780 4726; x_wconf 83' lang='grc' dir='ltr'>Διαπα-</span> 
     </span>
    </p>
   </div>
   <div class='ocr_carea' id='block_1_110' title="bbox 2130 4724 3784 4815">
    <p class='ocr_par' dir='ltr' id='par_1_110' title="bbox 2130 4724 3784 4815">
     <span class='ocr_line' id='line_1_110' title="bbox 2130 4724 3784 4815; baseline -0.006 -24"><span class='ocrx_word' id='word_1_753' title='bbox 2130 4724 2385 4815; x_wconf 81' lang='grc' dir='ltr'>ρατριϐαί.</span> <span class='ocrx_word' id='word_1_754' title='bbox 2438 4759 2463 4789; x_wconf 74' lang='grc' dir='ltr'>ιι</span> <span class='ocrx_word' id='word_1_755' title='bbox 2498 4740 2607 4802; x_wconf 75' lang='grc' dir='ltr'>Τῆς</span> <span class='ocrx_word' id='word_1_756' title='bbox 2638 4733 2790 4791; x_wconf 85' lang='grc' dir='ltr'>νόσου</span> <span class='ocrx_word' id='word_1_757' title='bbox 2824 4736 2927 4787; x_wconf 81' lang='grc' dir='ltr'>τῶν</span> <span class='ocrx_word' id='word_1_758' title='bbox 2981 4734 3160 4786; x_wconf 77' lang='grc' dir='ltr'>κακῶν</span> <span class='ocrx_word' id='word_1_759' title='bbox 3204 4726 3483 4805; x_wconf 81' lang='grc' dir='ltr'>δογμάτων</span> <span class='ocrx_word' id='word_1_760' title='bbox 3552 4724 3784 4801; x_wconf 85' lang='grc' dir='ltr'>μετάδο-</span> 
     </span>
    </p>
   </div>
   <div class='ocr_carea' id='block_1_111' title="bbox 2130 4812 3783 4903">
    <p class='ocr_par' dir='ltr' id='par_1_111' title="bbox 2130 4812 3783 4903">
     <span class='ocr_line' id='line_1_111' title="bbox 2130 4812 3783 4903; baseline -0.007 -22"><span class='ocrx_word' id='word_1_761' title='bbox 2130 4812 2237 4903; x_wconf 79' lang='grc' dir='ltr'>σις,</span> <span class='ocrx_word' id='word_1_762' title='bbox 2282 4824 2388 4881; x_wconf 81' lang='grc' dir='ltr'>ἀπὸ</span> <span class='ocrx_word' id='word_1_763' title='bbox 2445 4829 2744 4903; x_wconf 77' lang='grc' dir='ltr'>μεταφορᾶς</span> <span class='ocrx_word' id='word_1_764' title='bbox 2802 4821 2906 4876; x_wconf 77' lang='grc' dir='ltr'>τῶν</span> <span class='ocrx_word' id='word_1_765' title='bbox 2974 4815 3266 4896; x_wconf 79' lang='grc' dir='ltr'>ψωραλέων</span> <span class='ocrx_word' id='word_1_766' title='bbox 3308 4812 3607 4895; x_wconf 76' lang='grc' dir='ltr'>προϐάτων.</span> <span class='ocrx_word' id='word_1_767' title='bbox 3669 4821 3783 4871; x_wconf 84' lang='grc' dir='ltr'>[Ια-</span> 
     </span>
    </p>
   </div>
   <div class='ocr_carea' id='block_1_112' title="bbox 2132 4904 3782 4992">
    <p class='ocr_par' dir='ltr' id='par_1_112' title="bbox 2132 4904 3782 4992">
     <span class='ocr_line' id='line_1_112' title="bbox 2132 4904 3782 4992; baseline -0.004 -24"><span class='ocrx_word' id='word_1_768' title='bbox 2132 4910 2483 4992; x_wconf 79' lang='grc' dir='ltr'>ρατριϐόμενα</span> <span class='ocrx_word' id='word_1_769' title='bbox 2525 4912 2646 4990; x_wconf 81' lang='grc' dir='ltr'>γὰρ,</span> <span class='ocrx_word' id='word_1_770' title='bbox 2697 4911 2853 4966; x_wconf 90' lang='grc' dir='ltr'>νόσου</span> <span class='ocrx_word' id='word_1_771' title='bbox 2922 4906 3126 4987; x_wconf 77' lang='grc' dir='ltr'>πληροῖ</span> <span class='ocrx_word' id='word_1_772' title='bbox 3184 4906 3272 4962; x_wconf 79' lang='grc' dir='ltr'>καὶ</span> <span class='ocrx_word' id='word_1_773' title='bbox 3340 4906 3405 4961; x_wconf 75' lang='grc' dir='ltr'>τὰ</span> <span class='ocrx_word' id='word_1_774' title='bbox 3458 4904 3782 4992; x_wconf 74' lang='grc' dir='ltr'>ὑγιαίνοντα.</span> 
     </span>
    </p>
   </div>
   <div class='ocr_carea' id='block_1_113' title="bbox 2140 4985 3783 5082">
    <p class='ocr_par' dir='ltr' id='par_1_113' title="bbox 2140 4985 3783 5082">
     <span class='ocr_line' id='line_1_113' title="bbox 2140 4985 3783 5082; baseline -0.005 -22"><span class='ocrx_word' id='word_1_775' title='bbox 2140 4985 2164 5060; x_wconf 71' lang='grc' dir='ltr'>ιι</span> <span class='ocrx_word' id='word_1_776' title='bbox 2203 4985 2845 5082; x_wconf 29' lang='grc' dir='ltr'>ἰδίομιζόντωννπορασμδν</span> <span class='ocrx_word' id='word_1_777' title='bbox 2876 4985 3048 5057; x_wconf 56' lang='grc' dir='ltr'>εἶναι</span> <span class='ocrx_word' id='word_1_778' title='bbox 3082 4997 3182 5065; x_wconf 79' lang='grc' dir='ltr'>τὴν</span> <span class='ocrx_word' id='word_1_779' title='bbox 3224 4992 3513 5058; x_wconf 80' lang='grc' dir='ltr'>εὐσέϐειαν,</span> <span class='ocrx_word' id='word_1_780' title='bbox 3562 5017 3591 5050; x_wconf 70' lang='grc' dir='ltr'><strong><em>ι</em></strong></span> <span class='ocrx_word' id='word_1_781' title='bbox 3628 4985 3783 5074; x_wconf 78' lang='grc' dir='ltr'>Ὀρᾷς</span> 
     </span>
    </p>
   </div>
   <div class='ocr_carea' id='block_1_114' title="bbox 2132 5081 3782 5171">
    <p class='ocr_par' dir='ltr' id='par_1_114' title="bbox 2132 5081 3782 5171">
     <span class='ocr_line' id='line_1_114' title="bbox 2132 5081 3782 5171; baseline -0.007 -20"><span class='ocrx_word' id='word_1_782' title='bbox 2132 5092 2214 5150; x_wconf 77' lang='grc' dir='ltr'>ὅτι</span> <span class='ocrx_word' id='word_1_783' title='bbox 2243 5095 2332 5150; x_wconf 63' lang='grc' dir='ltr'>καὶ</span> <span class='ocrx_word' id='word_1_784' title='bbox 2363 5096 2415 5150; x_wconf 79' lang='grc' dir='ltr'>αἱ</span> <span class='ocrx_word' id='word_1_785' title='bbox 2466 5090 2798 5171; x_wconf 82' lang='grc' dir='ltr'>λογομαχίαι</span> <span class='ocrx_word' id='word_1_786' title='bbox 2847 5090 2935 5146; x_wconf 73' lang='grc' dir='ltr'>καὶ</span> <span class='ocrx_word' id='word_1_787' title='bbox 2991 5081 3422 5166; x_wconf 80' lang='grc' dir='ltr'>αἰσχροκέρδειαν</span> <span class='ocrx_word' id='word_1_788' title='bbox 3470 5086 3782 5165; x_wconf 68' lang='grc' dir='ltr'>τίκτουσινς</span> 
     </span>
    </p>
   </div>
   <div class='ocr_carea' id='block_1_115' title="bbox 2134 5172 3784 5259">
    <p class='ocr_par' dir='ltr' id='par_1_115' title="bbox 2134 5172 3784 5259">
     <span class='ocr_line' id='line_1_115' title="bbox 2134 5172 3784 5259; baseline -0.007 -19"><span class='ocrx_word' id='word_1_789' title='bbox 2134 5182 2387 5247; x_wconf 80' lang='grc' dir='ltr'>Εἰκότως.</span> <span class='ocrx_word' id='word_1_790' title='bbox 2448 5183 2507 5240; x_wconf 73' lang='lat' dir='ltr'><strong>Ei</strong></span> <span class='ocrx_word' id='word_1_791' title='bbox 2576 5182 2675 5259; x_wconf 78' lang='grc' dir='ltr'>γὰρ</span> <span class='ocrx_word' id='word_1_792' title='bbox 2732 5179 2970 5254; x_wconf 74' lang='grc' dir='ltr'>μαθητὰς</span> <span class='ocrx_word' id='word_1_793' title='bbox 3025 5174 3272 5240; x_wconf 82' lang='grc' dir='ltr'>πλείονας</span> <span class='ocrx_word' id='word_1_794' title='bbox 3348 5176 3395 5230; x_wconf 78' lang='lat' dir='ltr'><strong>oi</strong></span> <span class='ocrx_word' id='word_1_795' title='bbox 3479 5172 3784 5253; x_wconf 80' lang='grc' dir='ltr'>λογομάχοι</span> 
     </span>
    </p>
   </div>
   <div class='ocr_carea' id='block_1_116' title="bbox 2132 5263 3783 5351">
    <p class='ocr_par' dir='ltr' id='par_1_116' title="bbox 2132 5263 3783 5351">
     <span class='ocr_line' id='line_1_116' title="bbox 2132 5263 3783 5351; baseline -0.007 -24"><span class='ocrx_word' id='word_1_796' title='bbox 2132 5270 2522 5351; x_wconf 78' lang='grc' dir='ltr'>ἐπισυρόμενοι,</span> <span class='ocrx_word' id='word_1_797' title='bbox 2596 5269 2655 5326; x_wconf 82' lang='grc' dir='ltr'>ὲκ</span> <span class='ocrx_word' id='word_1_798' title='bbox 2723 5274 2920 5325; x_wconf 81' lang='grc' dir='ltr'>τοῦτων</span> <span class='ocrx_word' id='word_1_799' title='bbox 2993 5263 3414 5345; x_wconf 76' lang='grc' dir='ltr'>χρηματίζονται</span> <span class='ocrx_word' id='word_1_800' title='bbox 3495 5264 3783 5341; x_wconf 82' lang='grc' dir='ltr'>πορισμὸν,</span> 
     </span>
    </p>
   </div>
   <div class='ocr_carea' id='block_1_117' title="bbox 2134 5350 3784 5441">
    <p class='ocr_par' dir='ltr' id='par_1_117' title="bbox 2134 5350 3784 5441">
     <span class='ocr_line' id='line_1_117' title="bbox 2134 5350 3784 5441; baseline -0.007 -23"><span class='ocrx_word' id='word_1_801' title='bbox 2134 5364 2277 5441; x_wconf 84' lang='grc' dir='ltr'>οἷον,</span> <span class='ocrx_word' id='word_1_802' title='bbox 2339 5361 2637 5440; x_wconf 79' lang='grc' dir='ltr'>χρημάτων</span> <span class='ocrx_word' id='word_1_803' title='bbox 2721 5353 2903 5435; x_wconf 85' lang='grc' dir='ltr'>κέρδος</span> <span class='ocrx_word' id='word_1_804' title='bbox 2992 5354 3375 5441; x_wconf 77' lang='grc' dir='ltr'>(ὑποκρίνονται</span> <span class='ocrx_word' id='word_1_805' title='bbox 3443 5350 3558 5441; x_wconf 18' lang='grc' dir='ltr'>,γάρ</span> <span class='ocrx_word' id='word_1_806' title='bbox 3627 5350 3784 5441; x_wconf 81' lang='grc' dir='ltr'>εὐσέ-</span> 
     </span>
    </p>
   </div>
   <div class='ocr_carea' id='block_1_118' title="bbox 2133 5436 3783 5524">
    <p class='ocr_par' dir='ltr' id='par_1_118' title="bbox 2133 5436 3783 5524">
     <span class='ocr_line' id='line_1_118' title="bbox 2133 5436 3783 5524; baseline -0.005 -20"><span class='ocrx_word' id='word_1_807' title='bbox 2133 5436 2306 5522; x_wconf 75' lang='grc' dir='ltr'>ϐειαν,</span> <span class='ocrx_word' id='word_1_808' title='bbox 2342 5436 2456 5505; x_wconf 39' lang='grc' dir='ltr'>τίνα</span> <span class='ocrx_word' id='word_1_809' title='bbox 2485 5446 2551 5504; x_wconf 86' lang='grc' dir='ltr'>δι’</span> <span class='ocrx_word' id='word_1_810' title='bbox 2582 5448 2744 5512; x_wconf 76' lang='grc' dir='ltr'>αὐτῆς</span> <span class='ocrx_word' id='word_1_811' title='bbox 2787 5441 3146 5524; x_wconf 76' lang='grc' dir='ltr'>ἐρανίζωνται)</span> <span class='ocrx_word' id='word_1_812' title='bbox 3185 5456 3199 5470; x_wconf 91' lang='grc'><strong>·</strong></span> <span class='ocrx_word' id='word_1_813' title='bbox 3243 5462 3267 5495; x_wconf 78' lang='grc' dir='ltr'>ιι</span> <span class='ocrx_word' id='word_1_814' title='bbox 3331 5436 3616 5519; x_wconf 78' lang='grc' dir='ltr'>Ἀφίστασο</span> <span class='ocrx_word' id='word_1_815' title='bbox 3674 5440 3783 5496; x_wconf 80' lang='grc' dir='ltr'>ἀπὸ</span> 
     </span>
    </p>
   </div>
   <div class='ocr_carea' id='block_1_119' title="bbox 2134 5527 3783 5613">
    <p class='ocr_par' dir='ltr' id='par_1_119' title="bbox 2134 5527 3783 5613">
     <span class='ocr_line' id='line_1_119' title="bbox 2134 5527 3783 5613; baseline -0.006 -20"><span class='ocrx_word' id='word_1_816' title='bbox 2134 5544 2241 5593; x_wconf 82' lang='grc' dir='ltr'>τῶν</span> <span class='ocrx_word' id='word_1_817' title='bbox 2273 5539 2549 5595; x_wconf 83' lang='grc' dir='ltr'>τοιούτων.</span> <span class='ocrx_word' id='word_1_818' title='bbox 2593 5559 2618 5591; x_wconf 67' lang='grc' dir='ltr'>α</span> <span class='ocrx_word' id='word_1_819' title='bbox 2659 5535 2767 5590; x_wconf 72' lang='grc' dir='ltr'>,ὶύκ</span> <span class='ocrx_word' id='word_1_820' title='bbox 2808 5534 2957 5613; x_wconf 71' lang='grc' dir='ltr'>εἷπε,</span> <span class='ocrx_word' id='word_1_821' title='bbox 3017 5527 3333 5607; x_wconf 83' lang='grc' dir='ltr'>Συμπλέκου</span> <span class='ocrx_word' id='word_1_822' title='bbox 3375 5541 3491 5593; x_wconf 88' lang='grc' dir='ltr'>τοῖς</span> <span class='ocrx_word' id='word_1_823' title='bbox 3520 5527 3783 5592; x_wconf 82' lang='grc' dir='ltr'>τοιούτοις</span> 
     </span>
    </p>
   </div>
   <div class='ocr_carea' id='block_1_120' title="bbox 2135 5616 3785 5706">
    <p class='ocr_par' dir='ltr' id='par_1_120' title="bbox 2135 5616 3785 5706">
     <span class='ocr_line' id='line_1_120' title="bbox 2135 5616 3785 5706; baseline -0.005 -24"><span class='ocrx_word' id='word_1_824' title='bbox 2135 5628 2223 5682; x_wconf 87' lang='grc' dir='ltr'>καὶ</span> <span class='ocrx_word' id='word_1_825' title='bbox 2258 5626 2581 5706; x_wconf 73' lang='grc' dir='ltr'>ἀντιμάχου,</span> <span class='ocrx_word' id='word_1_826' title='bbox 2627 5622 2744 5681; x_wconf 84' lang='grc' dir='ltr'>ἀλλ’</span> <span class='ocrx_word' id='word_1_827' title='bbox 2805 5641 2836 5680; x_wconf 85' lang='grc'><strong>(</strong></span> <span class='ocrx_word' id='word_1_828' title='bbox 2910 5619 3221 5701; x_wconf 79' lang='grc' dir='ltr'>Ἀφίστασο,</span> <span class='ocrx_word' id='word_1_829' title='bbox 3261 5642 3284 5673; x_wconf 76' lang='grc' dir='ltr'>ο)</span> <span class='ocrx_word' id='word_1_830' title='bbox 3335 5616 3470 5693; x_wconf 68' lang='grc' dir='ltr'>μετὰ</span> <span class='ocrx_word' id='word_1_831' title='bbox 3515 5617 3640 5692; x_wconf 90' lang='grc' dir='ltr'>μίαν</span> <span class='ocrx_word' id='word_1_832' title='bbox 3696 5619 3785 5674; x_wconf 82' lang='grc' dir='ltr'>καὶ</span> 
     </span>
    </p>
   </div>
  </div>
