4152 6216
299 358 414 424 189

297 495 538 575 δευτέραν
637 499 925 560 νουθεσίαν,

294 584 446 641 ἕνεκα
477 585 844 665 μαχομένους,
877 585 1011 642 πότε
1039 583 1238 665 δυνήσῃ
1284 598 1467 640 πεῖσαι
1498 601 1514 659 ;
1575 581 1944 659 Ἀδιορθώτους

1287 363 1679 426 COMMENT.
1729 362 1809 423 IN
1857 359 2096 422 EPIST.
2144 360 2168 419 Ι
2213 356 2310 420 AD
2355 358 2677 420 ΤΙΜΟΤΗ.

1033 495 1362 574 Ἀνθρώπους
1458 495 1557 574 γὰρ
1654 493 1917 573 χρημάτω

2006 498 2375 570 .congerant.
2399 515 2419 544 ι
2455 488 2780 570 Sejungere
2809 489 2882 552 ab
2918 489 2990 552 iis
3019 491 3119 572 qui
3139 489 3432 572 ejusmodi
3468 505 3664 551 sunt.»

3558 353 3669 420 190

2027 583 2160 644 Νοη
2184 580 2669 662 dixitzlmplicare
2707 579 2920 642 talibus
2939 588 2995 642 et
3017 599 3048 642 e
3069 581 3301 643 diverso
3343 576 3666 656 contende,

288 653 653 738 toiwvvd'vft‘m‘:
699 653 974 752 ἐκτρέπου.
1017 695 1044 727 α
1079 653 1227 730 νεάτί
1257 670 1312 728 δὲ
1367 653 1629 750 πορισμὸς
1684 653 1876 748 μέγας.
1911 690 1917 727 1

2028 653 2489 750 sed,Sejungere
2502 677 2758 750 postuna
2779 677 2895 732 met
2906 670 2954 730 al
2967 676 3152 731 teram
3167 653 3663 733 admonitionem.

289 765 346 820 Οἱ
404 763 503 839 μὲν
565 763 656 821 οὖν
726 761 780 818 ἐν
828 763 1002 838 τούτῷ
1055 762 1155 830 τὴν
1225 758 1491 817 εὐσέϐειαν
1557 759 1942 838 ὑποκρίνονται,

1820 857 1943 906 Εστι
2028 847 2295 927 pecunia;
2323 847 2504 927 gratia
2538 846 2829 926 pugnant?
2858 845 3004 909 Cum
3029 843 3664 926 igiturincorrigibiles

283 852 374 908 ἵνα
434 854 703 933 πρόφασιν
757 861 1020 932 πορισμοῦ
1079 853 1167 909 καὶ
1208 849 1420 930 κέρδους
1471 847 1726 912 λάϐωσιν,

2029 757 2273 830 Quando
2304 758 2462 820 enim
2511 757 2872 840 persuadere
2910 757 3128 839 poteris
3177 756 3517 820 hominibus
3562 753 3664 834 qui

282 939 335 998 δὲ
365 942 564 1009 ἀληθὲς
609 940 812 1022 κέρδος,
857 943 989 1009 αὕτη
1045 941 1159 999 καθ’
1221 941 1414 1008 ἑαυτὴν
1469 941 1504 1008 ἡ
1549 935 1804 1010 εὐσέϐεια,
1857 960 1917 994 κα

2025 938 2144 996 sint
2171 935 2363 998 devita
2387 935 2540 996 illos.
2582 959 2604 992 α
2633 936 2736 998 Est
2787 943 2983 996 autem
3023 943 3281 1016 quaestus
3321 953 3590 1013 magnus.
3628 956 3654 987 ι)

283 1037 452 1087 ταῦτα
498 1033 566 1087 τὰ
634 1032 870 1110 αὐτάρκη
929 1030 1154 1110 ἔχουσα,
1201 1031 1290 1086 καὶ
1334 1029 1412 1104 μὴ
1456 1027 1832 1108 περισσεύουσα
1889 1027 1917 1082 ἐκ

2023 1023 2116 1086 ΙΙΙί
2147 1025 2382 1105 quidem
2416 1025 2476 1086 in
2507 1025 2618 1086 hoc
2656 1025 2882 1103 ﬁngunt
2909 1023 3183 1104 pietatem
3218 1031 3280 1084 ut
3319 1029 3573 1104 quaestus
3603 1029 3662 1082 et

285 1133 403 1184 τοῖς
435 1133 738 1199 σαρκικοῖς.
768 1099 850 1177 WE
1045 1099 1223 1198 κέρδος
1281 1099 1421 1174 ἐστὶν
1467 1119 1502 1186 ἡ
1527 1099 1537 1108 ’
1559 1114 1816 1194 εὗαὲϐεια,
1851 1115 1917 1175 ἐὰγ

2025 1099 2180 1175 lucri
2203 1131 2405 1175 ansam
2433 1099 2998 1194 aecipiant.'Verum
3047 1121 3240 1174 autem
3292 1099 3523 1173 lucrum
3572 1116 3661 1199 est

282 1210 369 1265 καὶ
412 1211 580 1284 ἡμεῖς
637 1210 716 1285 μὴ
775 1207 1032 1266 πλειόνων
1089 1207 1360 1288 ἐφιέμεθα,
1424 1203 1560 1262 ἀλλὰ
1626 1212 1694 1282 τῇ
1737 1209 1934 1285 αὐταρ-

281 1300 395 1371 κείᾳ
453 1305 786 1378 στοιχῶμεν.
847 1322 876 1353 α
939 1295 1098 1355 Οὒδὲν
1155 1297 1254 1374 γὰρ
1301 1294 1684 1372 εἰσηνέγκαμεν
1727 1295 1797 1357 εἷς
1841 1297 1932 1352 τὸν

277 1389 504 1462 κόσμον.
553 1411 584 1442 ι
632 1389 691 1445 Εἰ
734 1386 880 1447 οὐδὲν
910 1385 1315 1464 εἰσηνέγκαμεν,
1376 1384 1464 1440 καὶ
1533 1381 1678 1440 οὒδέν
1733 1381 1930 1440 ἐκϐάλ-

281 1475 472 1557 λομεν,
535 1498 617 1539 τις
685 1478 841 1557 χρεία
916 1485 1010 1535 τοῦ
1081 1475 1229 1555 ἔχειν
1313 1473 1442 1551 ὑπὲρ
1511 1472 1610 1539 τὴν
1695 1473 1926 1553 χρείαν;

284 1587 309 1622 α
359 1547 620 1645 Ἐχοντες
787 1547 1168 1646 διατροφάς,
1225 1547 1488 1635 Τοσαῦτα,
1519 1547 1930 1641 φησὶνξνέσθίειν

280 1656 411 1735 χρὴ,
449 1654 550 1711 ὅσα
604 1655 792 1733 θρέψαι
834 1656 1013 1733 ἀρκεῖ,
1059 1656 1161 1734 οὐχ
1213 1651 1312 1709 ὅσα
1371 1659 1568 1731 τρυφὴν
1596 1649 1888 1726 ἐμποιῆσαι
1913 1668 1926 1682 °

2019 1202 2148 1283 ipsa
2177 1202 2362 1284 pietas
2385 1205 2444 1263 in
2467 1202 2805 1282 semetipsa,
2842 1209 2898 1262 et
2929 1201 3052 1261 haec
3082 1199 3310 1262 habens
3341 1217 3472 1280 quze
3517 1197 3658 1258 satis

2015 1291 2224 1371 sint,ei
2257 1310 2374 1352 non
2393 1309 2523 1372 qua;
2552 1289 2956 1351 exuberentin
2986 1287 3170 1350 rebus
3202 1286 3650 1368 temporalibus.

2015 1379 2132 1441 Aut
2160 1379 2315 1460 quod
2365 1381 2590 1440 lucrum
2625 1387 2712 1441 est
2743 1379 2870 1460 ipsa
2901 1377 3111 1458 pietas,
3164 1377 3214 1438 si
3264 1397 3373 1438 nos
3423 1394 3656 1457 quoque

2017 1488 2133 1529 non
2159 1470 2326 1549 plura
2348 1470 2755 1551 petamus,sed
2779 1469 2837 1528 in
2862 1466 3219 1528 sufficientia
3246 1465 3654 1546 persistamus,

2021 1582 2043 1613 ‹ι
2081 1557 2238 1620 Nihil
2271 1559 2429 1621 enim
2462 1559 2768 1620 intulimus
2799 1558 2858 1618 in
2892 1555 3030 1617 hinc
3061 1554 3651 1618 mundumJSinihil

2012 1647 2470 1729 intulimus,nec
2495 1648 2816 1729 quidquam
2851 1647 3186 1724 efferemus,
3225 1663 3502 1725 quorsum
3541 1644 3652 1705 ha-

276 1745 363 1800 καῖ
447 1743 675 1801 τοσαῦτα
759 1747 1118 1810 πεπασθῆναι
1201 1741 1288 1798 καὶ
1370 1747 1610 1819 τοιαῦτα,
1695 1742 1769 1804 ὡς
1829 1742 1917 1808 τήι

2011 1735 2154 1819 bere
2212 1739 2481 1819 cupimus
2537 1738 2689 1798 ultra
2731 1733 3118 1826 necessaria?
3156 1733 3317 1796 «Sed
3366 1733 3653 1796 habentes

275 1835 545 1912 γύμνωσιν
619 1834 901 1909 σκεπάσαι,
948 1834 1050 1912 οὐχ
1107 1829 1204 1887 ὅσα
1250 1834 1434 1910 θρῦψιν
1491 1825 1782 1905 ἐμποιῆέαι
1839 1832 1917 1886 καῖ

2007 1827 2348 1890 alimenta.»
2379 1827 2654 1900 Tantum,
2673 1826 2884 1908 inquit,
2910 1825 3090 1887 edere
3118 1831 3348 1903 oportet
3368 1832 3649 1904 quantum

275 1919 529 1996 βλακείαν
558 1933 674 1985 τοῖς
717 1927 958 2000 φοροῦσι.
991 1926 1156 1977 Τοῦτο
1211 1919 1310 1997 γὰρ
1351 1919 1413 1974 τὸ
1455 1920 1555 1985 τῆς
1597 1919 1796 1998 τροφῆς
1838 1921 1926 1975 καὶ

279 2015 383 2065 τῶν
409 2009 804 2084 σκεπασμάτων
831 2007 1014 2076 δηλοῖ.

2007 1917 2150 1979 satis
2181 1917 2257 1981 sit
2310 1917 2384 1979 ad
2433 1917 2740 1991 alendum,
2783 1935 2899 1977 non
2933 1919 3216 1994 quantum
3267 1919 3546 1992 provocet
3577 1912 3648 1973 ad

2008 2006 2491 2069 delectationem.
2525 2005 2593 2066 Et
2631 2013 2715 2066 tot
2760 2024 2829 2066 ac
2875 2001 3092 2064 talibus
3143 2001 3361 2080 operiri
3396 2010 3644 2083 oportet.

271 2115 404 2178 quae
434 2096 767 2160 nuditatem
798 2103 1018 2177 tegant,
1070 2114 1188 2158 non
1217 2113 1348 2178 qua:
1395 2093 1640 2159 delicias
1680 2093 1966 2158 inducant
2017 2114 2084 2158 ac
2130 2095 2437 2159 mollitiem
2490 2095 2755 2157 atl‘erant.
2789 2093 2912 2155 Hoc
2942 2091 3096 2150 enim
3132 2087 3400 2173 designat
3433 2109 3646 2152 nomen

268 2185 540 2249 alimenti
567 2203 639 2250 ac
665 2185 1019 2266 tegumenti.

357 2297 382 2332 ι
447 2280 508 2334 Οἱ
563 2275 618 2332 δὲ
692 2276 1001 2354 βουλόμενοι
1072 2277 1344 2353 πλουτεῖν,
1415 2277 1765 2352 ἐμπίπτωσιν
1849 2277 1921 2341 εἰς

276 2367 572 2444 πειρασμὸν
679 2367 768 2422 καὶ
865 2365 1061 2445 παγίδα
1160 2369 1248 2424 καὶ
1341 2364 1613 2440 ἐπιθυμίας
1722 2364 1922 2430 πολλὰς

269 2455 530 2525 ἀνοήτους
626 2455 714 2511 καὶ
797 2452 1080 2534 βλαϐερὰς,
1163 2455 1364 2518 αἵτινες
1461 2455 1718 2534 βυθίζουσι
1803 2456 1924 2518 τοὺς

267 2545 574 2623 ἆνθῴιπους
645 2545 716 2610 εἰς
797 2533 1009 2624 ὄλεθρον
1092 2545 1180 2601 καὶ
1260 2543 1554 2602 ἀπώλειαν.
1631 2533 1769 2615 Ῥίζα
1827 2545 1924 2622 γὰρ

274 2634 489 2690 πάντων
558 2633 665 2690 τῶν
721 2635 902 2691 κακῶν
969 2633 1111 2690 ἐστιν
1178 2635 1213 2702 ἡ
1271 2633 1600 2714 φιλαργυρία,
1663 2637 1727 2701 ἧς
1786 2654 1923 2696 τινες

273 2723 588 2800 ὀρεγόμενοι
690 2722 1142 2792 ἀπεπλανήθησαν
1250 2723 1357 2779 ἀπὸ
1461 2729 1560 2789 τῆς
1672 2721 1919 2792 πίστεως,

268 2812 361 2867 καὶ
461 2811 676 2875 ἑαυτοὺς
777 2811 1112 2892 περιέπειραν
1213 2811 1414 2875 ὀδύναις
1511 2809 1766 2874 πολλαῖς.
1850 2811 1922 2865 Σὺ

267 2898 352 2973 δὲ,
423 2901 472 2956 ὦ
531 2899 770 2974 ἄνθρωπε
825 2911 920 2960 τοῦ
982 2894 1144 2976 ’Θεοῦ,
1200 2909 1362 2958 ταῦτα
1427 2910 1604 2983 φεῦγε.
1660 2901 1826 2956 Attene
1867 2897 1921 2954 δὲ

267 2986 632 3064 δικαιοσύνην,
741 2988 1032 3065 εὐσέϐειαν,
1138 2994 1337 3065 πίστιν,
1444 2991 1684 3069 ἀγάπην,

260 3079 464 3153 μονὴν,
494 3079 792 3157 πραότητα,
825 3079 1111 3158 Ἀγωνίζου
1158 3081 1250 3136 τὸν
1298 3078 1460 3136 καλὸν
1490 3079 1669 3158 ἀγῶνα
1695 3083 1793 3145 τῆς
1824 3077 1916 3134 πί-

266 3187 465 3230 στεως,
501 3163 788 3225 Ἐπιλαϐοὖ
816 3173 915 3234 τῆς
947 3169 1154 3224 αἰωνίου
1179 3169 1344 3243 ζωῆς,
1377 3170 1450 3231 είς
1479 3168 1546 3234 ἦν
1574 3168 1662 3224 καὶ
1689 3165 1916 3236 ἐκλήθης

267 3257 359 3311 καὶ
399 3254 762 3334 ὡμολόγησας
805 3258 904 3325 τὴν
936 3255 1106 3325 καλὴν
1138 3256 1424 3336 ὁμολογίαν
1451 3257 1676 3314 ἐνώπιον
1705 3255 1917 3313 πολλῶν

262 3345 570 3422 μαρυιρων.
615 3368 642 3399 η

347 3434 421 3490 Οὒ
444 3434 564 3498 τοὺς
594 3433 774 3496 καλῶς
821 3440 898 3509 τῷ
938 3433 1147 3510 πλούτῳ
1204 3433 1512 3515 χρωμένους
1564 3434 1736 3512 λέγει,
1781 3434 1915 3493 ἀλλὰ

259 3521 384 3585 τοὺς
449 3521 829 3599 ἐπιθυμοῦντας
878 3523 1054 3586 αὐτόν.
1133 3516 1190 3583 Ὀ
1245 3523 1301 3582 δέ
1355 3547 1416 3602 γε
1478 3525 1762 3599 ἐπιθυμων,
1823 3528 1918 3582 οὒκ

257 3611 324 3666 ἂν
381 3610 546 3688 ἑτέρῳ
596 3611 873 3687 μεταδοίη,
920 3612 1012 3669 ἵνα
1067 3615 1144 3688 μὴ
1203 3615 1268 3670 τὰ
1325 3623 1421 3682 τῆς
1462 3614 1734 3690 ἐπιθυμίας
1777 3613 1918 3687 αὖτῷ

259 3699 611 3767 ἐλαττωθείη.
672 3724 700 3756 α
763 3703 860 3758 Καὶ
915 3700 1187 3778 ἐπιθυμίας
1238 3701 1464 3766 πολλάς.
1542 3726 1568 3757 n
1633 3701 1916 3781 Ἐπιῤῥέων

259 3791 365 3867 γὰρ
417 3792 445 3845 ὁ
504 3789 756 3865 πλοῦτος,
815 3790 902 3846 καὶ
943 3792 1005 3848 τὸ
1061 3789 1277 3851 δυνατὸν
1319 3792 1490 3872 ἔχων,
1537 3794 1610 3856 εἷς
1642 3791 1916 3867 ἐπιθυμίας

259 3877 499 3940 ἀτόπους
541 3877 738 3956 ἐξάγει,
810 3902 835 3933 ι
899 3877 1159 3945 Βυθίξουσι
1203 3881 1322 3946 τοὺς
1377 3880 1702 3960 ἀνθρώπους.
1753 3904 1775 3937 ιι
1831 3883 1916 3945 Εἷς

258 3969 323 4022 τὸ
393 3965 534 4042 μηδὲ
591 3967 862 4042 ἀνανῆψαι
903 3967 1006 4030 ἔτι.
1045 3993 1072 4024 α
1126 3967 1630 4040 Ἀπεπλανήθησαν.
1692 3992 1717 4029 ι
1753 3969 1913 4026 Ἐπι-

2085 2273 2182 2347 VI,
2207 2275 2370 2337 9-12.
2392 2276 2812 2354 Caeterumqui
2827 2273 3033 2336 volunt
3055 2273 3653 2350 ditescere,incidunt

2005 2363 2070 2424 in
2118 2365 2512 2426 tentationem
2553 2365 2609 2424 el
2644 2363 2923 2443 laqueum
2947 2373 3007 2426 et
3042 2365 3398 2445 cupiditates
3428 2362 3651 2424 multas

2003 2451 2224 2514 stultas
2270 2471 2338 2515 ac
2385 2453 2634 2526 noxias,
2679 2471 2814 2534 qua:
2863 2454 3219 2534 demergunt
3277 2455 3544 2517 homines
3584 2452 3651 2512 in

2007 2542 2262 2604 exitium
2293 2548 2349 2604 et
2377 2542 2718 2604 interitum.
2776 2543 3094 2622 Siquidem
3145 2545 3336 2605 radix
3382 2547 3650 2604 omnium

2005 2631 2305 2692 malorum
2356 2638 2442 2694 est
2499 2632 2771 2693 studium
2823 2635 3119 2712 pecuniae,
3179 2649 3360 2712 quam
3398 2631 3648 2711 quidam

2003 2721 2146 2783 dum
2177 2729 2491 2802 appetunt.
2520 2723 2972 2786 aberraverunt
2998 2742 3036 2784 (ι
3063 2725 3180 2804 ﬁde
3205 2733 3263 2786 et
3293 2729 3520 2804 seipsos
3538 2723 3649 2782 im-

2004 2811 2353 2890 plicuerunt
2382 2811 2693 2876 doloribus
2720 2812 2947 2876 multis.
2969 2812 3056 2876 Tu
3086 2830 3292 2888 vero,o
3317 2812 3489 2874 homo
3512 2811 3642 2883 Dei,

2008 2901 2131 2962 [nec
2154 2900 2325 2980 fuge:
2350 2919 2707 2982 prosequere
2736 2909 2932 2965 autem
2942 2903 3286 2981 justitiam,
3320 2903 3640 2982 pietatem,

1783 2987 2382 3063 bno-Coharitatem,
2439 2992 2836 3070 patientiam,
2889 2993 3024 3052 247
3093 2991 3640 3054 mansuetudinem.

2003 3075 2189 3140 Certa
2236 3079 2457 3142 bonum
2499 3089 2803 3142 certamen
2833 3082 2996 3161 ﬁdei,
3033 3081 3425 3163 apprehende
3456 3081 3643 3142 vitam

2001 3173 2312 3243 aeternam,
2347 3171 2428 3229 ad
2451 3187 2627 3249 quam
2670 3177 2726 3232 et
2762 3178 3000 3233 vocatus
3039 3189 3096 3232 es
3137 3178 3191 3233 et
3238 3171 3542 3252 professus
3588 3188 3648 3230 es

1999 3257 2228 3318 bonum
2251 3260 2686 3338 professionem
2717 3275 2920 3322 coram
2951 3263 3162 3324 multis
3193 3260 3459 3323 testibus.

2077 3434 2207 3497 Non
2237 3434 2310 3497 de
2341 3435 2432 3498 his
2463 3436 2720 3517 loquitur
2757 3437 2855 3517 qui
2908 3445 3070 3498 recte
3117 3436 3335 3497 divitiis
3365 3443 3637 3509 utuntur,

1999 3525 2103 3587 sed
2127 3525 2200 3585 de
2234 3525 2347 3587 illis
2378 3525 2479 3604 qui
2512 3527 2668 3606 ipsas
2695 3525 3145 3605 concupiscunt,
3181 3525 3324 3586 Nam
3359 3526 3456 3605 qui
3488 3544 3634 3585 con-

2000 3613 2274 3694 cupiscit,
2309 3632 2678 3694 nequaquam
2703 3614 2868 3674 alteri
2902 3613 3134 3675 tradere
3167 3623 3382 3694 posset,
3414 3632 3486 3674 ne
3524 3612 3639 3674 sibi

2000 3703 2278 3765 deessent
2321 3721 2451 3783 quae
2497 3703 2794 3764 desiderat
2851 3706 3165 3784 appet'tus.
3222 3728 3243 3757 ιι
3293 3703 3361 3764 Ει
3409 3703 3638 3782 cupidi-

2001 3801 2147 3855 tates
2181 3792 2416 3854 multas.
2455 3815 2478 3846 η
2517 3791 2840 3852 Aftluentes
2885 3792 3042 3852 enim
3096 3792 3309 3855 divitia}
3342 3793 3642 3872 nimiaque

2002 3881 2262 3962 potentia
2287 3880 2357 3944 ad
2391 3879 2675 3942 absurdas
2705 3879 3020 3960 impellunt
3049 3883 3424 3962 cupiditates.
3468 3906 3486 3936 ει
3520 3882 3636 3943 De-

2002 3980 2272 4050 mergunt
2302 3970 2633 4032 homines.»
2670 3970 2758 4032 Ne
2790 3969 3042 4050 amplius
3069 3972 3296 4034 valeant
3329 3990 3640 4050 emergere

253 4070 448 4112 σκοτεϊ
490 4057 590 4134 γὰρ
644 4058 681 4125 ἡ
739 4056 1050 4140 φιλαργυρία
1091 4065 1170 4132 τῷ
1213 4065 1312 4128 τῆς
1344 4065 1530 4139 ψυχῆς
1573 4060 1796 4138 ὄμματι,
1828 4060 1916 4116 καὶ

2006 4084 2029 4114 ε
2065 4061 2560 4122 Αὺθιτεινθηιιιῐ.»
2599 4056 2960 4120 Obtenebrat
2991 4060 3148 4121 enim
3181 4061 3439 4121 studium
3467 4080 3641 4141 pecu-

256 4149 355 4204 οὒκ
394 4146 456 4218 ἐᾷ
482 4144 710 4222 βαδίζειν
762 4149 907 4225 ὀρθά,
969 4168 999 4208 (
1050 4151 1148 4208 Καὶ
1205 4150 1416 4212 ἑαυτοὺς
1474 4149 1826 4228 περιέπειραν.
1889 4174 1906 4202 ι

2006 4148 2112 4210 nias
2141 4149 2378 4211 oculum
2405 4147 2638 4228 animm,
2670 4167 2779 4210 nec
2809 4159 2968 4210 recta
2997 4150 3136 4211 sinit
3169 4151 3469 4212 incedere.
3510 4177 3532 4206 «
3572 4150 3643 4210 Et

257 4231 531 4291 Ἀκανθῶν
559 4237 662 4312 γὰρ
693 4233 868 4311 δίκην,
926 4238 961 4305 ἡ
1005 4236 1349 4318 φυλαργυρία,
1409 4238 1504 4301 τὰς
1564 4251 1756 4317 χεῖρας
1824 4247 1916 4296 τοῦ

2006 4239 2256 4318 seipsum
2291 4238 2740 4318 implicuerunt.
2769 4264 2794 4293 ι)
2826 4238 3130 4319 Siquidem
3164 4241 3422 4301 studium
3457 4260 3635 4320 pecu-

263 4324 666 4400 προσψαύοντος
698 4324 974 4400 αἱμάσσειν
1000 4341 1168 4388 ποιεῖ.
1208 4350 1235 4382 α
1296 4325 1534 4390 Ὀδύναις
1584 4324 1834 4390 πολλαῖς,
1881 4349 1907 4380 ι)

2006 4330 2109 4389 nia)
2138 4328 2441 4408 spinarum
2473 4328 2532 4388 in
2553 4331 2792 4388 [no-lum
2819 4329 3162 4407 stringentis
3194 4348 3401 4390 manus
3427 4349 3644 4391 cruen-

257 4413 335 4468 Οὐ
389 4411 574 4486 μόνον,
635 4414 818 4493 φησὶν,
893 4416 965 4478 εἰς
1037 4417 1103 4472 τὰ
1169 4417 1285 4494 περὶ
1336 4418 1466 4472 Θεὸν
1539 4413 1804 4491 ἐμποδίζει
1851 4417 1911 4470 τὸ

2006 4425 2118 4478 tare
2175 4419 2330 4478 facit.
2399 4441 2424 4472 σ
2488 4417 2809 4478 Doloribus
2882 4419 3104 4479 multis.
3173 4444 3194 4475 υ
3263 4418 3389 4479 Non
3447 4420 3636 4480 solum

252 4497 426 4554 θέλειν
481 4499 763 4574 πλουτεῖν,
820 4501 957 4560 ἀλλὰ
1024 4506 1111 4561 καὶ
1197 4510 1513 4580 σωματικῶς
1584 4505 1907 4562 κατάπτεται

2006 4505 2203 4585 inquit,
2231 4506 2289 4566 in
2320 4505 2411 4567 his
2443 4524 2572 4586 qua:
2602 4505 2705 4568 Dei
2739 4514 2875 4566 sunt
2909 4507 3334 4586 impedimento
3373 4518 3458 4566 est
3492 4507 3639 4566 velle

253 4588 368 4644 αῶν
437 4588 694 4666 ἐραστῶν,
743 4591 997 4670 φροντίσι,
1056 4594 1142 4649 καὶ
1198 4592 1524 4671 ἀγρυπνίαις,
1586 4594 1672 4649 καὶ
1726 4592 1906 4673 φόϐοις

2006 4594 2307 4669 ditescere,
2357 4596 2460 4654 sed
2505 4603 2562 4655 et
2613 4593 2998 4674 corporaliter
3055 4595 3289 4656 lacessit
3317 4601 3635 4673 amatores,

251 4675 445 4740 αὖτοὺς
474 4680 813 4757 περιπείρων.
879 4703 906 4734 ι
967 4681 1038 4736 Σὺ
1081 4678 1156 4754 δὲ,
1190 4681 1236 4737 ὦ
1281 4679 1515 4759 ἄνθρωπε
1546 4691 1638 4740 τοῦ
1677 4688 1826 4740 Θεοῦ.
1875 4702 1901 4740 ι

2006 4683 2170 4759 :uris,
2227 4682 2463 4761 vigiliis,
2516 4703 2582 4744 ac
2650 4683 2978 4744 terroribus
3037 4685 3196 4763 ipsos
3259 4684 3633 4761 transﬁgens.

248 4765 404 4844 Μέγα
448 4769 510 4822 τὸ
553 4765 778 4842 ἀξίωμα.
843 4769 1042 4832 Πάντες
1112 4770 1210 4849 γὰρ
1268 4769 1529 4847 ἅνθρωποι
1588 4771 1674 4826 καὶ
1733 4768 1905 4829 δοῦλοι

245 4855 404 4934 Θεοῦ,
469 4853 699 4930 μάλιστα
751 4855 804 4912 δὲ
848 4860 895 4913 οἱ
965 4855 1180 4934 δίκαιοι,
1241 4861 1300 4916 οὐ
1341 4859 1476 4915 κατὰ
1530 4861 1622 4914 τὸν
1675 4861 1772 4925 τῆς
1815 4857 1906 4926 δη-

243 4945 528 5022 μιουργίας
573 4943 730 5022 λόγον
784 4947 969 5028 μόνον,
1032 4946 1170 5005 ἀλλὰ
1213 4949 1299 5005 καὶ
1356 4949 1491 5004 κατὰ
1547 4949 1637 5003 τὸν
1691 4953 1789 5014 τῆς
1834 4950 1906 5004 οἶ-

239 5031 538 5096 κειώσεως.
606 5053 629 5086 ι
688 5041 861 5091 Ταῦτα
918 5038 1101 5117 φεῦγε.
1165 5061 1192 5093 n
1251 5035 1554 5119 Ἀμφότερα
1601 5037 1736 5113 μετὰ
1780 5037 1903 5094 ἐπι-

237 5122 477 5185 τάσεως⁶
540 5121 648 5179 Οὔκ
699 5123 824 5180 εἶπε
865 5126 984 5205 γὰρ,
1049 5125 1204 5185 Τοῠδε
1279 5128 1377 5203 μὲν
1425 5127 1713 5201 ἀπόστηθι,
1770 5125 1901 5201 τῷδε

238 5208 301 5266 δὲ
356 5211 640 5289 πρόστηθι,
703 5209 860 5276 ἀλλὰ,
919 5222 1087 5294 Φεῦγε
1147 5217 1235 5272 καὶ
1277 5215 1454 5279 δίωκε,
1513 5239 1536 5272 ι
1606 5217 1773 5271 Δίωκε
1817 5214 1901 5270 δι-

240 5301 558 5366 καιοσύνην.
597 5323 625 5355 ι
661 5297 749 5358 Ἐν
801 5310 876 5377 τῷ
933 5306 1011 5380 μὴ
1054 5304 1216 5362 πλέον
1275 5304 1425 5387 ἔχειν
1481 5311 1586 5363 τῶν
1625 5311 1898 5383 ζωαρκῶν.

248 5409 272 5444 ε
338 5385 645 5449 Εὒσέόειαν.
700 5413 722 5446 ι
773 5392 882 5460 Τὴν
938 5394 992 5451 ἐν
1049 5385 1388 5473 δόγμασιίο
1465 5397 1666 5454 Πίστιν.
1723 5416 1747 5450 ε
1793 5395 1902 5461 Τὴν

241 5479 414 5556 χωγὶς
445 5480 747 5549 ζητήσεων.
787 5504 815 5537 α
869 5481 1134 5563 Ἀγάπην.
1186 5507 1216 5541 ι
1263 5486 1343 5543 ίΓὸ
1387 5490 1486 5554 τῆς
1536 5485 1761 5547 πίσνεως
1819 5482 1900 5540 έκ-

239 5592 422 5645 γονον,
474 5573 576 5636 τὴν
628 5573 759 5649 πρὸς
819 5576 948 5631 Θεὸν
996 5579 1084 5634 καὶ
1140 5577 1464 5656 ἀνθρώπους.
1529 5576 1680 5644 Καλὴ
1738 5573 1794 5632 δὲ
1867 5578 1896 5644 ἱ,

1998 4799 2021 4829 ιι
2049 4773 2136 4834 Τυ
2169 4792 2330 4846 vero,
2366 4792 2398 4833 ο
2432 4773 2605 4833 homo
2641 4773 2770 4834 Dei.
2806 4797 2830 4826 ιο
2871 4774 3074 4848 Magna
3101 4773 3373 4851 dignitas.
3415 4774 3639 4835 Omnes

1990 4880 2242 4944 namque
2286 4861 2579 4934 homines,
2612 4860 2786 4921 etiam
2832 4861 2984 4923 servi
3040 4861 3144 4922 Dei
3190 4871 3347 4934 sunt,
3387 4862 3640 4924 maxime

1987 4960 2182 5012 tamen
2209 4950 2350 5031 justi
2382 4971 2396 5012 :
2434 4969 2550 5011 non
2586 4957 2808 5009 tantum
2868 4951 3093 5013 ratione
3139 4951 3481 5032 creationis,
3533 4953 3634 5011 sed

1985 5050 2045 5102 et
2094 5041 2322 5105 ratione
2371 5039 2746 5120 proprietatis
2791 5057 2858 5099 ac
2919 5039 3358 5104 familiaritatis.
3419 5067 3443 5096 α
3499 5041 3636 5103 llaec

1983 5131 2118 5208 fuge
2151 5152 2164 5190 :
2203 5145 2589 5211 prosequere.
2640 5151 2661 5183 υ
2717 5125 3051 5209 Utrumque
3098 5129 3366 5210 epitasim
3428 5130 3629 5193 habet.

1985 5223 2189 5301 Neque
2219 5220 2377 5280 enim
2409 5217 2560 5280 dixit
2596 5232 2608 5277 :
2645 5215 2733 5277 Ab
2771 5215 2873 5278 illo
2922 5217 3162 5298 quidem
3199 5218 3463 5292 discede,
3499 5220 3639 5282 huic

1984 5328 2120 5372 vero
2153 5309 2433 5372 adhaere:
2470 5308 2600 5381 sed,
2635 5309 2795 5386 Fuge
2823 5315 2876 5367 et
2922 5326 3310 5390 prosequere.
3353 5335 3379 5364 ι
3419 5311 3638 5372 Prose-

1983 5416 2162 5478 quere
2212 5406 2413 5460 autem
2466 5399 2783 5479 justitiam.
2822 5421 2848 5454 ο
2887 5395 2972 5460 Ne
3025 5398 3158 5478 plus
3211 5399 3430 5460 habeas
3461 5419 3636 5480 quam

1981 5487 2110 5549 vitae
2139 5486 2285 5550 satis
2315 5486 2773 5573 sit.«Pietatem.
2802 5513 2822 5546 ι»
2863 5486 2928 5548 In
2959 5486 3273 5568 dogmatis,
3314 5486 3631 5550 «Fidem.»

1980 5574 2119 5649 Qua;
2151 5575 2401 5640 estsine
2434 5576 2882 5656 quaestionibus.
2923 5603 2949 5632 α
2992 5579 3375 5642 Charitatem.
3416 5603 3442 5633 ››
3497 5577 3638 5650 Qua;

237 5656 378 5723 τάξις
413 5669 507 5718 τοῦ
536 5659 720 5738 λόγου.
766 5660 902 5721 Ἀπὸ
930 5665 1028 5739 μὲν
1063 5666 1163 5746 γὰρ
1196 5667 1440 5742 πίστεως,
1501 5667 1684 5746 ἀγάπη
1716 5668 1894 5722 τίκτε-

2006 5713 2011 5726 .
2041 5665 2157 5727 ﬁde
2185 5665 2559 5747 producitur,
2595 5687 2734 5750 quae
2755 5685 2894 5747 erga
2924 5669 3108 5731 Deum
3135 5679 3226 5732 est
3248 5679 3304 5729 et
3332 5668 3635 5730 homines.
