4152 6216
275 338 390 407 197

1271 343 1664 414 COMMENT.
1712 346 1796 412 IN
1842 340 2082 407 EPIST.
2131 328 2187 403 ῘΙ
2229 340 2331 403 AD
2375 333 2697 404 TIMOTH.

3529 336 3647 402 198

276 482 471 558 Παύλῳ
539 483 969 561 κατελειψάντων
1024 483 1205 564 αὐτὸν,
1256 481 1577 559 βουλόμενος
1647 483 1675 538 ὁ
1744 478 1915 538 Ἀπό-

2025 473 2459 564 'egrinabantur
2478 473 2863 564 reliquissent
2884 472 3078 564 ipsum
3101 473 3651 564 volens_Apostolus

274 570 460 635 στολος
517 570 692 631 ἐλθεῖν
768 577 1024 651 Τιμρθεον
1106 576 1237 652 πρὸς
1298 573 1478 644 αὐτὸν,
1553 570 1740 651 γράφει
1821 568 1924 627 τὴν

274 659 622 731 Ἐπιστολήν.
657 664 756 722 Καὶ
812 669 1019 742 πρῶτον
1049 662 1147 737 μὲν
1188 659 1349 729 δηλοῖ
1390 665 1533 735 αὒτῷ
1574 659 1922 736 μνημονεύειν

275 750 432 809 αὐτοῦ
470 751 535 806 τὸ
569 753 671 818 τῆς
714 749 977 815 εὖσεϐείας
1034 752 1246 820 καὶτῆς
1285 755 1391 808 τῶν
1448 748 1723 828 προγόνων
1765 749 1923 805 αύτοῦ

274 840 527 903 πίστεως,
576 828 814 897 ’Ἔπειτα
855 838 1041 916 δηλοῖ,
1072 839 1154 896 ὅτι
1203 841 1251 896 οἱ
1308 839 1414 895 ἀπὸ
1463 836 1666 911 Ἀσίας,
1710 840 1784 894 ὧν
1811 836 1921 894 ἐστι

275 926 541 1007 Φρύγελος
624 930 712 985 καὶ
821 918 1168 1010 Ἐρμογὲνης,
1273 927 1682 1007 ἀπεστράφησαν
1765 928 1923 983 αὗτὸν

275 1018 501 1096 ὁρῶντες
557 1021 715 1077 αὐτοῦ
782 1019 879 1082 τάς
937 1017 1170 1083 ἁλύσεις.
1244 1017 1402 1091 Μόνῳ
1460 1013 1515 1072 δὲ
1591 1013 1923 1095 Ὀνησιφόρῳ

275 1119 534 1185 μαρτυρεῖ
600 1104 835 1174 σπουδὴν
876 1106 1167 1182 ’πλείστην,
1256 1108 1344 1163 καὶ
1398 1112 1583 1162 τοῦτον
1636 1102 1924 1170 ἀπεδέξατο

276 1195 493 1252 ἐλθόντα
554 1197 629 1260 εἷς
696 1197 798 1264 τὴν
855 1185 1070 1272 Ῥώμην
1130 1196 1219 1252 καὶ
1300 1194 1690 1273 προσςλείναντα
1757 1196 1918 1268 αὐτῷ,

278 1284 643 1364 Παραγγέλλει
686 1282 742 1341 δὲ
777 1287 957 1366 αὺτὸν,
1016 1286 1387 1359 παραιτεῖσθαι
1444 1284 1539 1349 τὰς
1596 1282 1778 1362 μωρὰς
1821 1288 1925 1353 ζη-

275 1376 483 1447 τήσεις,
572 1372 658 1430 διὰ
739 1374 800 1429 τὸ
884 1373 937 1439 ἐξ
993 1376 1165 1433 αὐτῶν
1224 1375 1500 1451 γεννᾶσθαι
1557 1372 1766 1452 μάχας,
1828 1373 1925 1429 Καὶ

277 1464 376 1540 γάρ
409 1453 689 1538 Ὑμέναιος
717 1464 806 1519 καὶ
860 1460 1095 1530 Φιλητὸς
1145 1461 1313 1527 οὕτως
1369 1460 1739 1539 ἐκτραπέντες,
1782 1482 1922 1539 παρ-

279 1550 477 1619 έϐησαν
558 1552 660 1620 τὴν
739 1550 1013 1625 ἀλήθειαν,
1112 1550 1356 1630 λέγοντες
1456 1550 1741 1611 ἀνάστασιν
1823 1547 1928 1617 ἤδη

278 1639 583 1719 γεγονέναι,
667 1641 757 1696 καί
836 1661 985 1704 τινας
1068 1639 1415 1717 ἀνατρέπουσι
1450 1654 1464 1670 ·
1554 1636 1757 1714 μᾶλλον
1839 1638 1929 1696 οὖν

2006 570 2068 624 ut
2097 562 2447 626 Timotheus
2466 562 2539 625 ad
2565 566 2757 644 ipsum
2776 562 3025 637 veniret,
3061 562 3268 624 scribit
3294 562 3615 644 Epistolam
3629 613 3644 628 .

2003 651 2077 714 Et
2100 652 2353 731 primum
2382 652 2625 734 quidem
2648 650 2872 713 indicat
2891 651 2948 714 ei
2968 652 3127 730 quod
3160 670 3390 715 memor
3428 653 3505 714 sit
3527 662 3650 716 tum

2006 740 2239 822 pietatis
2259 741 2467 822 ipsius,
2496 749 2617 803 tum
2643 740 2779 802 ﬁdei
2805 741 3241 821 progenitorum
3265 741 3651 822 ejus.Deinde

2007 830 2302 908 signiﬁcat
2328 829 2486 912 quod
2517 830 2576 891 hi
2608 828 2707 909 qui
2765 829 2840 890 ab
2897 830 3040 892 Asia
3093 840 3285 907 erant,
3320 831 3475 894 inter
3505 851 3652 913 quos

2004 920 2330 1000 Phrygelus
2353 928 2479 981 erat
2498 928 2557 981 et
2572 918 2997 997 Hermogenes,
3022 919 3270 981 aversati
3292 920 3489 1001 ipsum
3519 923 3646 984 fue-

2003 1017 2159 1085 rant,
2183 1009 2321 1069 visis
2342 1031 2367 1069 ε
2375 1008 2471 1088 jus
2492 1007 2738 1068 catenis.
2768 1011 2852 1070 De
2872 1007 3000 1068 solo
3021 1006 3390 1089 Onesipboro
3413 1019 3654 1073 strenue

2004 1096 2117 1160 fert
2148 1096 2553 1161 testimonium
2590 1117 2603 1130 θ
2667 1105 2725 1157 et
2775 1097 2935 1159 hunc
2968 1107 3334 1179 susceperat,
3369 1118 3504 1162 cum
3550 1102 3652 1165 ille

2008 1184 2251 1248 Romam
2284 1186 2543 1247 venisset
2571 1194 2630 1247 et
2657 1185 2810 1264 apud
2846 1204 2912 1247 se
2965 1187 3304 1249 mansisset.
3366 1191 3648 1272 Praecepit

2005 1283 2202 1338 autem
2240 1285 2302 1336 ut
2334 1275 2544 1336 stultas
2592 1274 2808 1336 devitet
2837 1276 3216 1355 quaastiones,
3264 1296 3334 1339 eo
3391 1280 3544 1358 quod
3577 1281 3649 1342 ab

2005 1362 2153 1444 ipsis
2180 1382 2388 1444 pugna;
2408 1363 2693 1425 oriantur.
2717 1362 3026 1444 Siquidem
3050 1363 3400 1445 Hymenaeus
3423 1376 3482 1429 et
3512 1370 3652 1431 Phi-

2008 1456 2160 1517 letus
2183 1459 2377 1517 aversi
2434 1457 2737 1516 veritatem
2789 1454 3181 1537 reliquerunt,
3241 1457 3508 1522 dicentes
3531 1462 3654 1541 jam

2008 1544 2218 1605 factam
2250 1563 2381 1607 esse
2400 1544 2931 1619 resurrectionem,
2955 1553 3011 1606 et
3035 1546 3316 1625 quosdam
3340 1548 3654 1614 subverte-

2008 1643 2170 1695 runt.
2206 1632 2387 1712 Magis
2413 1651 2552 1712 ergo
2580 1633 2922 1695 exhortatur
2946 1642 3008 1694 ut
3030 1634 3270 1716 sibiipsi
3305 1639 3567 1701 attendat
3595 1651 3658 1703 et

278 1742 530 1808 παραινεῖ
561 1730 703 1803 αὖτῷ
729 1727 1019 1808 προσέχειν
1074 1728 1248 1803 ἑαυτῷ
1313 1729 1403 1784 καὶ
1469 1733 1540 1804 τῇ
1593 1725 1923 1803 διδασκαλίᾳ,

2025 1721 2318 1801 1οοιτὶιιω,
2349 1740 2417 1783 ac
2447 1723 2595 1783 sciat
2624 1722 2780 1803 quod
2841 1722 2902 1783 in
2965 1724 3245 1785 extremis
3286 1727 3654 1808 temporibus

277 1820 369 1875 καὶ
410 1815 598 1874 εἰδέναι
631 1838 719 1892 με,
774 1815 857 1872 ὅτι
899 1816 953 1871 ἐν
1008 1816 1259 1895 ἐσχάτοις
1316 1830 1522 1895 καιροῖς
1566 1814 1772 1874 ἔσονται
1829 1815 1928 1872 ἄν-

278 1910 478 1986 θρωποι
537 1904 774 1986 φίλαυτοι
834 1905 922 1960 καὶ
977 1903 1252 1985 φιλήδονοι
1318 1903 1520 1980 μᾶλλον
1591 1907 1627 1971 ἢ
1675 1903 1926 1985 φιλόθεοι,

277 1993 650 2074 προϐλέποντα
709 1990 764 2049 δὲ
827 1992 1029 2068 μᾶλλον
1104 2000 1295 2073 ταῦτα,
1355 1991 1725 2074 ἀσφαλίζεσθαι
1806 1993 1928 2057 τοὺς

279 2081 440 2146 λαοὺς
472 2084 549 2157 μή
579 2103 660 2145 τις
690 2078 743 2146 ἐξ
772 2082 943 2138 αὐτῶν
994 2081 1265 2158 ἇπατηθῇ.
1329 2083 1426 2139 Καὶ
1468 2083 1540 2145 εἷς
1587 2082 1652 2139 τὰ
1695 2079 1797 2149 ἤθη
1848 2079 1925 2155 δὲ,

277 2173 369 2229 καὶ
414 2173 485 2235 εἰς
529 2171 628 2236 τὴν
681 2175 781 2237 τῆς
837 2167 1170 2233 διδασκαλίας
1226 2168 1492 2248 ἀκρίϐειαν
1563 2168 1737 2227 πολλὰ
1792 2192 1929 2249 προ-

277 2260 611 2337 τρεψάμενος
654 2259 810 2317 αὒτὸν
857 2260 944 2315 καὶ
1001 2260 1245 2334 σημάνας
1287 2261 1379 2315 τὸν
1422 2261 1604 2338 καιρὸν
1658 2265 1757 2326 τῆς
1804 2260 1930 2315 ἀνα-

275 2347 480 2412 λύσεως
542 2348 698 2403 aha-.3
753 2347 996 2415 ἐνστῆναι
1053 2350 1140 2404 καὶ
1183 2346 1400 2422 μέλλειν
1471 2346 1783 2406 σπένδεσθαι
1842 2349 1932 2405 καὶ

281 2447 597 2513 μαρτυρεῖν,
630 2432 920 2491 ἐνετείλατο
947 2438 1089 2508 αὒτῴ
1117 2433 1290 2493 ἐλθεῖν
1319 2437 1450 2513 πρὸς
1482 2436 1542 2492 αὖ
1556 2438 1636 2492 :‘ov
1692 2436 1930 2516 ταχέως,

279 2522 574 2598 κομίζοντα
600 2525 692 2579 τὸν
733 2520 994 2604 φαιλόνην
1047 2527 1137 2579 καὶ
1179 2524 1245 2578 τὰ
1299 2522 1497 2600 βιϐλία.
1549 2526 1821 2604 Παρῄνεσε
1876 2523 1932 2580 δὲ

284 2613 437 2687 αὒτῷ
464 2609 802 2691 Ἀλέξανδρον
829 2612 918 2667 τὸν
947 2610 1154 2691 χαλκέα
1212 2610 1581 2692 φυλάττεσθαι,
1639 2616 1710 2679 ὡς
1763 2612 1935 2672 πολλὰ

282 2701 426 2757 κατὰ
455 2698 810 2776 ἐνδειξάμενον
839 2704 1004 2778 αὐτῷ,
1048 2702 1137 2757 καὶ
1186 2700 1350 2765 οὕτως
1392 2700 1595 2758 τελειοῖ
1620 2702 1719 2769 τὴν
1776 2700 1935 2759 Ἐπι-

289 2788 513 2859 στολήν.

882 2884 1348 2938 ΘΕΟΔΩΡΗΤΟΥ.

373 2970 438 3027 Τί
479 2966 547 3038 δή
592 2989 723 3025 ποτε
774 2965 1015 3047 δευτέραν
1056 2967 1242 3047 γράφει
1291 2969 1424 3047 πρὸς
1468 2969 1718 3044 Τιμόθεον
1776 2966 1936 3029 Ἐπι-

2012 1824 2188 1872 erunt
2218 1812 2492 1874 homines
2522 1811 2613 1872 sui
2642 1820 2931 1885 amantes,
2965 1821 3023 1873 et
3070 1812 3427 1893 voluptatum
3461 1815 3660 1897 potius

2012 1917 2187 1978 quam
2206 1898 2313 1960 Dei
2338 1919 2353 1959 :
2379 1918 2635 1979 cumque
2662 1900 2786 1959 haec
2811 1899 3063 1979 amplius
3088 1900 3283 1962 futura
3313 1905 3654 1983 prospiciat,

2014 1986 2264 2068 populos
2296 1987 2523 2048 muniat
2555 2004 2630 2047 ne
2660 1985 2793 2067 quis
2847 1986 2920 2047 ab
2978 1986 3096 2048 illis
3125 1988 3466 2053 seducatur.
3498 1994 3658 2055 Mul-

2014 2083 2260 2155 tumque
2290 2075 2634 2137 exhortatus
2691 2076 2910 2155 ipsum,
2972 2084 3092 2135 tum
3145 2077 3221 2138 de
3277 2077 3369 2139 bis
3426 2099 3556 2161 quae
3583 2081 3656 2143 ad

2014 2181 2212 2225 mores
2234 2165 2553 2244 pertinent,
2580 2172 2699 2224 tum
2716 2164 2790 2224 de
2810 2163 2928 2225 illis
2952 2182 3081 2244 quae
3102 2164 3385 2229 doctrinae
3411 2170 3630 2247 diligen

2014 2253 2153 2315 tiam
2184 2253 2534 2333 respiciunt,
2576 2251 2675 2313 ubi
2701 2251 2875 2314 etiam
2907 2261 3140 2334 tempus
3184 2274 3306 2317 suae
3334 2259 3654 2322 resolutio-

2012 2341 2108 2402 uis
2158 2341 2506 2419 signiﬁcavit
2562 2346 2807 2422 instare,
2837 2342 2977 2401 255
3025 2345 3410 2428 futurumque
3436 2366 3567 2410 esse
3600 2360 3663 2411 ut

2016 2431 2358 2493 immoletur
2379 2439 2436 2491 et
2458 2429 2802 2511 martyrium
2835 2431 2987 2493 lerat
3013 2453 3025 2495 :
3059 2435 3327 2515 praecipit
3357 2446 3417 2497 ut
3448 2438 3563 2499 cito
3585 2440 3659 2501 ad

2016 2537 2080 2580 se
2109 2519 2324 2594 veniat,
2359 2518 2635 2581 deferens
2689 2519 2965 2600 penulam
3026 2536 3080 2582 et
3132 2520 3336 2584 libros.
3370 2525 3666 2590 Admonet

2020 2608 2467 2689 quoqueipsum
2495 2624 2559 2668 ut
2590 2608 2988 2671 Alexandrum
3012 2610 3286 2674 aerarium
3334 2624 3556 2697 caveat,
3603 2625 3666 2678 ut

2019 2696 2121 2786 qui
2142 2716 2205 2759 se
2229 2698 2429 2759 multis
2449 2697 2620 2759 malis
2642 2699 2930 2774 aﬁ‘ecerit,
2947 2700 3407 2765 etitaconczudit
3424 2696 3663 2786 Episto-

2023 2785 2164 2847 lam.

2591 2875 3097 2941 THEODORETI.

2100 2964 2287 3037 Quam
2313 2963 2387 3028 ob
2413 2984 2651 3027 causam
2672 2965 2880 3028 scribit
2899 2969 3147 3030 alteram
3185 2971 3259 3032 ad
3289 2972 3663 3037 Timotheum

291 3057 496 3128 στολήν
528 3076 547 3137 ;
581 3058 751 3114 Εἶπεν
794 3055 851 3113 ἐν
889 3063 960 3133 τῇ
985 3056 1194 3135 πρώτη,
1246 3055 1477 3139 Ἐλπίζω
1504 3056 1676 3116 ἐλθεῖν
1719 3061 1850 3138 πρὸς
1879 3060 1931 3117 σέ

2025 3053 2341 3134 Epistolam
2367 3060 2394 3114 γ
2417 3055 2653 3118 Dixerat
2674 3055 2732 3116 in
2758 3056 2944 3136 priori
2968 3078 2980 3116 :
3004 3058 3191 3139 Spero
3209 3079 3304 3123 me
3334 3060 3496 3124 brevi
3522 3081 3664 3126 ven-

290 3148 513 3226 τάχιον.
531 3134 652 3202 Ὀὔκ
981 3134 1253 3207 ἀπελθεῖν.
1307 3134 1458 3213 ’Ἠδη
1506 3147 1608 3225 γὰρ
1660 3134 1941 3229 κατείχετο

287 3223 406 3293 ﬁeri;
426 3234 688 3313 Νέρωνος.
722 3223 883 3291 ’Ήὸει
913 3233 1023 3309 οὖν,
1046 3233 1160 3290 ἀντὶ
1181 3238 1279 3300 τῆς
1309 3223 1619 3313 παρουσίας,
1655 3223 1943 3314 γράμματα

289 3332 421 3403 γοῦν
464 3323 697 3399 πέμψαι,
727 3323 862 3397 ὁμοῦ
890 3321 988 3396 μὲν
1021 3322 1083 3379 τὸ
1113 3323 1190 3398 μὴ
1218 3321 1391 3380 ἐλθεῖν
1420 3327 1942 3407 πατραμυθούμενον,

289 3416 435 3489 ὃμυῦ
460 3410 540 3486 δὲ,
571 3409 954 3489 επιῤῥωννύντα
993 3411 1085 3467 τὸν
1128 3412 1402 3489 Τιμόθεον,
1450 3413 1589 3470 οὕτω
1615 3420 1684 3492 τῇ
1716 3414 1943 3496 φροντίδι

286 3507 393 3570 τῆς
440 3497 761 3567 Ἐκκλησίας
788 3499 1223 3579 ἐγκεχρονικότα.

506 3688 845 3746 ΚΕΦΛΛΑΙΑ
887 3689 1020 3742 ΤΗΣ
1063 3689 1238 3742 ΠΡΟΣ
1281 3690 1621 3745 τιΜοθεοΝ
1664 3675 1749 3749 3'.

917 3776 1327 3832 ΕΠΙΣΤΟΔΗΣ.

299 3890 331 3923 α
362 3854 443 3926 α’.
484 3854 750 3929 ’Ἐπαινος
797 3869 897 3932 τῆς
941 3862 1194 3939 Τιμοθέου
1247 3866 1496 3941 πίστεως,
1557 3868 1646 3923 καὶ
1701 3871 1945 3948 προτοπὴ

377 3958 681 4030 ὑπομονῆς,
711 3954 851 4011 κατά
890 3954 953 4010 τὸ
972 3952 1171 4033 πρέπον
1199 3952 1267 4029 τῇ
1296 3954 1499 4035 χάριτι,
1532 3955 1644 4032 ἐνῇ
1672 3958 1760 4013 καὶ
1791 3960 1946 4023 αὐτός

378 4065 515 4126 φησι
544 4041 876 4123 διακαρτερεῖ
902 4042 1156 4122 πάσχῳν.
1194 4062 1219 4098 c

2026 3150 2222 3206 turum
2255 3162 2268 3207 :
2304 3164 2424 3206 non
2457 3145 2645 3225 potuit
2673 3155 2868 3207 autem
2922 3148 3219 3227 proﬁcisci
3251 3170 3264 3211 :
3320 3151 3443 3231 jam
3502 3154 3660 3215 enim

2026 3232 2339 3297 tenebatur
2367 3253 2400 3296 a
2426 3233 2682 3296 Nerone.
2719 3233 2879 3315 Opus
2937 3255 3074 3316 ergo
3119 3237 3247 3319 fuit,
3282 3249 3342 3301 ut
3374 3260 3478 3322 pro
3511 3261 3656 3323 prae-

2026 3323 2218 3384 sentia
2250 3323 2477 3386 litteras
2507 3325 2717 3385 saltem
2750 3324 3014 3401 mitteaet
3048 3347 3060 3384 :
3123 3327 3300 3391 simul
3329 3331 3568 3410 quidem
3601 3344 3669 3394 ut

2027 3412 2454 3488 consolaretur,
2490 3431 2561 3474 eo
2592 3414 2748 3494 quod
2782 3432 2901 3474 non
2951 3414 3177 3478 veniret
3208 3433 3235 3479 εν
3279 3417 3459 3480 simul
3487 3419 3664 3481 etiam

2028 3509 2092 3564 ut
2106 3499 2483 3564 Timotheum
2510 3502 2885 3564 conﬁrmaret
2906 3502 2967 3564 in
2989 3502 3274 3567 Ecclesiae
3293 3524 3434 3568 cura
3454 3507 3668 3571 deten-

2028 3596 2175 3652 tum.

2149 3679 2291 3740 254
2319 3678 2873 3743 POSTERIORIS
2901 3680 3017 3742 AD
3052 3682 3544 3753 ΤΙΜΟΤΙΙΕΠΜ

2450 3756 2892 3823 ΕΡΙδΤΟιΑΞ
2920 3761 3250 3827 CAP/TA.

2032 3860 2090 3917 1.
2139 3854 2590 3918 Commendatio
2618 3855 2762 3936 ﬁdei
2794 3854 3110 3933 Timothei,
3131 3866 3189 3921 et
3208 3860 3559 3925 eahortatio
3591 3862 3672 3926 ad

2109 3942 2500 4007 tolerantiam
2531 3945 2718 4025 juxta
2763 3944 2829 4007 id
2872 3947 3031 4027 quod
3076 3949 3341 4029 gratiam
3392 3949 3575 4026 decet,
3607 3954 3674 4016 in

2113 4048 2232 4111 qua
2254 4041 2309 4096 et
2338 4034 2466 4114 ipse
2493 4035 2762 4115 seipsum
2784 4036 3115 4114 perdurare
3167 4037 3477 4102 tolerando
3506 4041 3674 4104 dicit.

302 4158 336 4191 ι
384 4118 467 4212 β’,
512 4131 646 4212 Περί
861 4118 1190 4208 ἁρμοζούσης
1258 4128 1591 4206 μεταδόσεως
1647 4139 1752 4190 τῶν
1801 4135 1931 4191 θείωε

2034 4118 2094 4184 2.
2143 4120 2233 4183 De
2261 4123 2665 4186 conveniendi
2694 4125 3027 4189 traditione
3052 4126 3400 4191 divinorum
3428 4129 3679 4212 dogma-

382 4222 690 4302 δογμάτων.
734 4244 764 4277 ι

1972 4239 2020 4291 ο
2116 4217 2264 4274 tum.

306 4336 337 4367 ι
362 4301 446 4392 γ’,
463 4300 604 4388 Περὶ
630 4314 730 4375 τῆς
759 4303 1064 4389 ἀφρόντιδος
1094 4305 1148 4364 ἐν
1194 4310 1273 4381 τῷ
1299 4314 1386 4365 νῦν
1414 4308 1514 4386 βίῳ
1539 4308 1835 4388 πολιτειας,
1868 4312 1931 4370 ἐπ

2037 4302 2095 4361 5.
2133 4300 2223 4362 De
2238 4302 2691 4392 conversatione
2709 4303 3065 4383 inpraesenti
3085 4307 3215 4370 vita
3234 4305 3370 4368 sine
3395 4310 3677 4371 anxieta-

381 4412 510 4461 ταῖς
536 4398 755 4460 ἀπόνοις
784 4408 1029 4477 τροφαῖς.
1067 4418 1095 4451 ι

310 4513 339 4548 ι
376 4480 451 4549 δ’.
494 4488 620 4567 Περὶ
650 4491 749 4553 τῆς
781 4487 853 4550 εἷς
883 4486 1106 4564 Χριστὸν
1134 4487 1360 4553 πίστεως
1409 4490 1496 4545 καί
1540 4489 1836 4567 ὑπομονῆς,
1871 4489 1954 4549 ἐπ’

384 4575 560 4636 ἐλπίδι
603 4580 768 4648 ζωῆς.
808 4597 832 4633 ι

2119 4395 2175 4452 te
2198 4407 2212 4452 :
2247 4390 2322 4453 de
2342 4391 2658 4454 alimentis
2674 4408 2805 4471 qua
2817 4394 2971 4455 citra
2994 4393 3264 4459 laborem
3276 4398 3677 4473 proveniunt.

2038 4482 2101 4545 4.
2134 4482 2222 4544 De
2269 4482 2392 4562 ﬁde
2424 4485 2491 4545 in
2541 4485 2874 4560 Christum,
2924 4493 2981 4548 et
3025 4485 3350 4549 tolerantia
3397 4484 3470 4548 ob
3513 4504 3681 4568 spem

2120 4573 2285 4634 vitm.

2120 4588 2285 4633 υιιω.

308 4692 337 4726 ι
374 4659 447 4730 ε’,
488 4646 625 4745 Ilepr
639 4665 779 4729 θείας
809 4660 1142 4728 διδασκαλίας
1169 4664 1257 4721 καὶ
1285 4665 1398 4743 βίου
1421 4669 1647 4748 καθαροῦ
1688 4670 1776 4725 καὶ
1806 4670 1931 4749 είρηι

2039 4660 2103 4723 ὅ.
2138 4659 2227 4723 De
2244 4646 2464 4725 'divina
2484 4661 2764 4725 doctrina
2808 4670 2864 4725 et
2906 4664 3035 4726 vita
3074 4680 3234 4745 pura
3285 4680 3358 4726 ac
3400 4666 3674 4745 paciﬁca,

386 4763 561 4831 νικοῦ,
591 4755 681 4811 καὶ
707 4753 842 4811 κατὰ
867 4757 972 4810 τῶν
1004 4750 1277 4816 ἐναντίων.
1334 4777 1358 4814 ι

309 4873 339 4905 ι
370 4837 484 4923 ς’.
515 4842 805 4933 “Wet;
833 4842 1168 4933 «spinula;
1210 4842 1497 4933 ἀνθρώπων
1537 4843 1957 4920 πλεοναζούσης,

385 4931 677 5001 ἀπατηλῇ
705 4930 1090 5012 ἐλεγχομένης.
1126 4953 1155 4987 ι

2119 4750 2303 4812 etiam
2331 4767 2474 4831 erga
2502 4751 2911 4815 adversarios.

2042 4838 2102 4903 6.
2135 4838 2501 4903 Vaticinium
2520 4841 2591 4903 de
2602 4840 3273 4905 abundantehominum
3291 4841 3557 4921 malitia,
3574 4863 3688 4927 per

2122 4930 2329 5007 fucum
2360 4929 2920 5010 reprehensibitem.

313 5050 338 5085 ι
373 5016 449 5099 ζ’,
481 5021 758 5103 Προτροπὴ
802 5020 899 5088 τῆς
929 5021 1116 5079 ἑαυτοῦ
1162 5022 1441 5097 μιμήσεως
1483 5020 1536 5088 ἐξ
1578 5021 1811 5081 ἐναντίου
1839 5038 1929 5081 τοῖ

2042 5020 2106 5082 '7.
2138 5018 2500 5083 Exhortatio
2528 5027 2593 5082 ut
2615 5038 2681 5083 se
2709 5022 3055 5103 imitentur,
3086 5023 3438 5103 opponendo
3464 5042 3525 5087 se
3538 5017 3687 5105 per-

390 5112 637 5213 φαύλοις,
668 5110 723 5167 ἐν
749 5111 994 5185 ὑπομονῇ
1022 5110 1175 5170 Θεοῦ.
1225 5132 1254 5165 ι

2124 5114 2315 5172 versis
2343 5111 2413 5172 in
2442 5109 2780 5174 tolerantia
2806 5117 3045 5190 propter
3072 5111 3291 5174 Deum.

316 5227 345 5265 ι
390 5197 477 5270 η’,
527 5200 648 5279 Περὶ
676 5204 785 5256 τῶν
832 5198 1358 5279 καινοτομησάντων,
1406 5201 1493 5265 οἷς
1542 5200 1837 5258 ἀντιτάττει
1868 5202 1928 5258 τὸ

2046 5197 2105 5262 8.
2134 5200 2220 5262 De
2243 5200 2338 5262 his
2359 5201 2465 5281 qui
2479 5217 2634 5262 nova
2648 5199 3300 5283 motiebantu-r,quibus
3318 5202 3685 5268 Timotheum

393 5293 670 5368 Τίμὸθεον.
724 5311 754 5343 ι

2125 5292 2399 5370 apponit.

320 5406 346 5440 ς
380 5372 453 5443 θ’.
498 5381 615 5461 Περὶ
640 5378 739 5446 τῆς
772 5376 961 5432 ἑαυτοῦ
1004 5372 1301 5449 μελλούσης
1353 5374 1676 5451 ἀναλύσεως,
1712 5377 1797 5435 ἐπὶ
1840 5376 1931 5444 δόξ-

2047 5383 2112 5446 9.
2141 5380 2230 5442 De
2258 5379 2471 5457 futura
2515 5379 2810 5460 suiipsius
2854 5380 3227 5445 resolutione
3272 5383 3353 5446 ad
3399 5392 3693 5450 wternam

396 5471 600 5544 αἰωνίᾳ,
636 5489 667 5528 ι

2131 5469 2420 5549 gloriam.
