4152 6216
228 347 370 421 '20!

1225 342 1618 423 COMMENT.
1666 342 1748 414 IN
1788 334 2033 421 ,Episjr.
2066 337 2141 400 .11
2182 337 2285 403 AD
2323 336 2651 421 mmora.

3520 334 3649 417 .202

256 480 449 543 Καλῶς
493 478 549 536 δὲ
592 480 889 546 συνίστησιν
933 479 1140 555 ἑαυτὸν,
1185 477 1279 539 ’ίνα
1321 477 1409 532 καὶ
1464 475 1527 532 τὸ
1579 473 1789 551 ἀγαπᾷν
1816 473 1926 528 τὸν

2011 466 2490 548 [uemadmodum
2522 467 2694 530 multi
2724 467 2825 550 qui
2853 467 3056 549 gloriaa
3104 465 3429 555 cupiditate
3480 468 3648 531 ducti

258 570 515 645 Τιμόθεον
546 565 686 643 δείξῃ
719 565 1012 641 ἀληθεύων,
1043 567 1132 624 καί
1175 565 1253 642 μὴ
1304 561 1491 645 ἀφίλου
1544 558 1682 636 λάϐῃ
1738 556 1909 636 δόξαν,

259 659 336 732 μὴ
400 656 649 714 ἀπελθὼν
715 657 848 735 πρὸς
907 655 1089 729 αότὸν,
1149 656 1238 710 καὶ
1290 662 1453 711 ταῦτα
1522 648 1913 729 ὑποσχόμενος.

264 770 293 801 ι
331 739 427 812 Ὠς
458 744 825 807 ἀδιάλειπτον.
857 768 886 803 ι
923 742 1141 812 Ἐπειδῆ
1198 740 1560 803 ἀδιάλειπτον,
1614 762 1640 793 α
1674 736 1767 796 Ἐν
1795 751 1918 801 ταῖς

261 834 473 904 δεήσεσί
519 858 646 911 μου.
702 857 724 889 ι
774 834 891 913 Οὐχ
946 832 1131 898 ἁπλῶς
1154 830 1476 907 μέμνημαι,
1537 823 1654 883 ἀλλ’
1699 826 1754 882 ἐν
1796 839 1921 891 ταῖς

263 922 479 993 δεήσεσι
538 924 628 981 καὶ
685 922 872 986 νυκτὸς
931 924 1020 983 καὶ
1087 919 1315 1000 ἡμέρας.
1399 941 1428 973 α
1488 914 1789 991 Ἐπιποθῶν
1861 937 1920 972 σε

263 1010 423 1076 ἰδεῖν,
458 1036 489 1067 ι
525 1014 747 1092 Οὔκοῦν,
799 1012 950 1091 φησὶ,
1003 1010 1250 1078 τοιαύτης
1295 1006 1490 1080 ἡδονῆς
1559 1004 1691 1063 ἑκὼν
1748 1004 1918 1092 ἐμαυ-

263 1103 353 1157 τὸν
384 1091 749 1181 ἀπεστέρησα.
810 1099 1088 1157 Φιλεϊσθαι
1161 1097 1260 1178 γὰρ
1302 1094 1443 1163 ἄξιος
1496 1093 1775 1173 ὑπάρχεις,
1802 1180 1806 1181 ν
1835 1091 1917 1151 διά

262 1212 320 1247 τε
351 1191 423 1247 τὰ
450 1187 668 1269 δάκρυα,
702 1187 786 1246 διά
812 1210 871 1245 τε
900 1189 999 1257 τὴν
1053 1189 1152 1257 σὴν
1208 1187 1296 1244 καὶ
1341 1185 1439 1254 τήν
1480 1189 1587 1240 τῶν
1645 1180 1913 1261 προγόνων

263 1281 467 1341 πῖστιν.
508 1264 633 1356 ⁸δρα
656 1275 735 1354 δὲ,
766 1281 827 1337 οὗ
867 1276 1134 1355 βούλεται,
1165 1277 1322 1335 αὐτὸν
1376 1273 1437 1330 ἐκ
1489 1271 1778 1351 προοιμίων
1820 1269 1915 1327 λυ-

266 1374 417 1437 πῆσα
446 1371 518 1435 ὡς
551 1369 627 1444 μὴ
656 1368 974 1449 ἐρχόμενος,
1017 1366 1135 1424 ἀλλ’
1193 1363 1377 1424 ἐλπίδα
1417 1361 1593 1419 δίδωσι
1639 1368 1731 1419 τοῦ
1787 1360 1917 1419 ἰδεῖν

264 1459 452 1517 αὖτόν.
497 1459 636 1538 Πρὸς
679 1465 757 1533 τῷ
796 1457 938 1515 τέλει
985 1456 1064 1528 δὲ,
1108 1457 1170 1513 τὸ
1217 1456 1295 1531 μὴ
1348 1451 1480 1511 ἰδεῖν
1537 1451 1693 1538 αὐτὸν
1744 1450 1822 1538 ἔτι
1864 1450 1919 1538 ἐν

265 1549 423 1626 σαρκὶ
455 1530 642 1627 δηλοῖ,
667 1530 827 1603 εἰπών
862 1563 876 1578 ⁶
919 1568 941 1601 ε
978 1543 1123 1624 Ἐγὼ
1149 1530 1247 1624 γὰρ
1278 1541 1382 1612 ἤδη
1415 1530 1840 1616 σπένδομαι,ιἨ
1864 1537 1919 1595 δὲ

1996 555 2269 619 haeresim
2301 564 2588 638 statuunt,
2636 575 2861 637 magna).
2905 554 3329 620 imbecillitatis
3359 555 3472 619 sibi
3496 575 3644 619 con—

1999 644 2212 711 scii.Et
2240 654 2404 709 recte
2435 646 2697 728 seipsum
2728 647 3128 722 commendat,
3151 655 3218 709 ut
3240 647 3421 709 etiam
3453 646 3516 727 in
3546 645 3644 709 di-

2001 733 2243 814 ligendo
2277 734 2591 797 Timotheo
2621 735 2893 797 ostendat
2922 754 2987 797 se
3014 753 3132 798 non
3167 754 3301 798 esse
3326 732 3645 818 fallacem,

2007 842 2199 904 neque
2230 823 2360 904 ejus
2389 843 2567 905 quem
2622 843 2743 885 non
2792 824 3067 905 diligeret
3098 831 3339 907 captare
3366 824 3641 904 gloriam,

2002 930 2138 974 cum
2167 911 2239 975 ad
2271 931 2407 974 eum
2438 912 2737 994 profectus
2783 932 2905 975 non
2952 921 3152 988 esset;
3206 914 3345 976 licet
3384 920 3560 974 antea
3586 911 3649 975 id

2002 1000 2392 1081 promisisset.
2424 1000 2626 1077 «Quod
2655 1001 2811 1064 citra
2841 1001 3021 1065 ullam
3060 1000 3639 1065 intermissionem.»

2001 1088 2169 1163 Quod
2212 1089 2437 1173 absque
2478 1090 2957 1167 intermissione,
3014 1111 3043 1152 ‹
3092 1089 3161 1153 In
3203 1087 3652 1172 precationibus

1999 1188 2173 1251 meis.
2206 1186 2335 1250 Non
2363 1187 2610 1269 vulgari,
2645 1189 2749 1264 ait,
2784 1189 2960 1253 modo
2991 1182 3261 1265 memini,
3293 1188 3400 1251 sed
3424 1187 3487 1249 in
3517 1205 3652 1269 pre-

1997 1275 2419 1352 cationibus,et
2447 1284 2623 1340 nocte
2644 1295 2715 1339 ac
2742 1278 2861 1340 die.
2876 1276 3272 1341 «Desiderans
3295 1272 3351 1340 te
3377 1277 3644 1341 videre.»

1997 1363 2381 1447 Nequaquam
2412 1366 2590 1446 igitur
2619 1374 2783 1428 tanta
2827 1366 3124 1448 voluptate
3175 1385 3271 1429 me
3319 1365 3651 1429 voluntarie

2002 1454 2652 1534 privavija7Dignus
2682 1455 2842 1516 enim
2858 1473 2922 1517 es
2948 1456 3050 1536 qui
3078 1455 3649 1539 ameris,t_um:prop-

2003 1555 2096 1605 ter
2127 1550 2252 1604 tuas
2280 1542 2590 1624 lacrymas,
2620 1551 2739 1607 tum
2775 1551 3018 1625 propter
3062 1551 3219 1606 tuam
3249 1562 3318 1606 ac
3345 1543 3646 1625 majorum

263 1620 409 1701 τάξις
454 1620 639 1703 αὕτηί
687 1636 872 1714 Χάριν,
920 1620 1100 1715 φησὶν,
1306 1638 1385 1707 τῷ
1442 1636 1580 1707 Θεῷ,
1615 1628 1796 1700 ἐπειδή
1827 1650 1920 1686 σου

2011 1638 2236 1692 tuorum
2279 1620 2912 1705 ﬁdem.Animadv'erte
2962 1639 3161 1694 autem
3203 1631 3362 1714 quod
3410 1620 3559 1697 nolit
3585 1631 3651 1693 in

268 1724 579 1801 μέμνημαι,
612 1724 879 1782 ἐπιποθῶν
930 1744 990 1778 σε
1033 1720 1188 1798 ίδετν,
1231 1722 1327 1783 ἵνα
1382 1725 1556 1801 χαρᾶς
1592 1716 1915 1805 ,πληρωθὰ

2011 1719 2244 1781 exordio
2285 1738 2420 1783 eum
2464 1721 2823 1785 contristare
2866 1722 3039 1805 quasi
3083 1740 3203 1783 non
3232 1720 3308 1783 sit
3337 1730 3644 1799 venturus,

264 1813 408 1873 Εἶτα
437 1810 524 1870 διὰ
569 1813 732 1889 μέσου
763 1828 778 1842 ·
841 1834 864 1870 a
900 1810 1249 1888 Μεμνημένος
1291 1832 1385 1870 σου
1432 1814 1538 1865 τῶν
1582 1804 1838 1887 δακρύων,
1889 1831 1916 1863 ι

2011 1807 2111 1870 sed
2139 1808 2332 1888 potius
2354 1808 2561 1887 tribuit
2581 1828 2745 1890 spem
2764 1804 3004 1872 videndi
3018 1828 3105 1873 se:
3122 1810 3289 1891 juxta
3309 1808 3488 1872 finem
3510 1828 3647 1873 vero

271 1901 409 1961 Εἶτα
452 1901 550 1958 ἳνα
598 1903 679 1978 μὴ
748 1899 873 1977 δόξῃ
928 1902 1046 1977 εἰκῃ
1101 1898 1297 1980 φιλεῖν,
1346 1897 1490 1977 λέγει
1546 1897 1635 1953 καὶ
1701 1896 1801 1965 1er
1844 1898 1921 1953 αί-

2011 1896 2289 1973 insinuat,
2318 1895 2474 1979 quod
2507 1917 2630 1962 non
2666 1899 2745 1959 sit
2769 1917 2904 1959 eum
2953 1897 3211 1979 amplius
3257 1899 3331 1981 in
3350 1917 3527 1961 carne
3555 1898 3647 1959 vi-

270 1991 416 2053 τίαν,
2001 2004 2197 2063 surus,
2229 1986 2480 2049 dicens:
2522 2011 2550 2043 α
2594 1988 2717 2066 Ego
2770 1986 2931 2049 enim
2979 1988 3107 2067 jam
3167 1986 3425 2063 delibor,
3457 2011 3486 2044 ι
3525 1986 3651 2050 sive

266 2076 575 2141 immolor.
605 2075 711 2140 Est
736 2083 931 2140 autem
960 2077 1062 2139 hic
1087 2076 1273 2140 ordo:
1307 2073 1566 2141 Gratiam
1600 2072 1791 2137 habeo
1819 2071 1944 2136 Deo
1974 2075 2252 2156 quoniam
2283 2075 2367 2138 tui
2397 2075 2666 2157 memini,
2704 2074 3052 2139 desiderans
3082 2084 3145 2139 te
3171 2075 3480 2151 videre,ut
3503 2093 3649 2157 gau-

266 2166 372 2230 dio
402 2166 667 2247 replear.
695 2164 927 2229 Deinde
955 2185 1088 2248 qua:
1116 2166 1177 2228 in
1207 2164 1404 2231 medio
1435 2164 1646 2235 relicta
1700 2169 1837 2226 sunt
1875 2179 1889 2225 :
1955 2187 1983 2219 α
2017 2165 2247 2227 Memor
2294 2163 2681 2245 lacrymarum
2714 2170 2971 2235 tuarum.
3032 2189 3059 2220 ι)
3118 2164 3528 2240 Postmodum,
3576 2182 3655 2227 ne

268 2264 504 2319 temere
535 2272 738 2319 amare
766 2255 1061 2338 videatur,
1092 2254 1259 2321 addit
1283 2262 1345 2317 et
1374 2272 1639 2331 causam.

360 2371 389 2402 α
426 2346 781 2423 Μεμνημένος
827 2367 943 2427 σου,
1001 2347 1153 2427 φησὶ,
1225 2350 1331 2402 τῶν
1372 2342 1628 2423 δακρύων.
1694 2365 1719 2402 Ι
1795 2352 1928 2405 Ισως

926 2393 943 2427 ,
1001 2347 1153 2427 φησὶ,
1225 2350 1331 2402 τῶν
1372 2342 1628 2423 δακρύων.
1694 2365 1719 2402 ι
1795 2352 1928 2405 tam:
2096 2364 2123 2395 α
2155 2340 2386 2404 Memor
2412 2339 2799 2423 lacrymarum
2838 2348 3129 2404 tuarum.»
3172 2341 3460 2406 Fortassis
3491 2341 3652 2404 enim

268 2438 374 2515 γὰρ
417 2435 779 2515 χωριζόμενος
825 2441 918 2491 τιοῦ
972 2433 1182 2492 Παύλου
1252 2431 1419 2501 οὕτως
1462 2431 1641 2511 ἤλγει,
1715 2433 1788 2494 ὡς
1837 2430 1926 2487 καὶ

2011 2430 2160 2494 adeo
2190 2430 2427 2493 dolebat
2456 2450 2525 2494 eo
2553 2433 2711 2515 quod
2746 2452 2785 2515 Aa
2819 2433 2998 2510 Paulo
3046 2441 3354 2515 separatus
3378 2440 3557 2515 esset,
3589 2439 3655 2496 ut

268 2526 538 2606 δακρύειν,
574 2528 649 2583 Τὸ
674 2524 730 2582 δὲ
757 2523 1071 2606 ὑπερϐατὸν,
1114 2548 1136 2580 ι
1204 2525 1504 2582 Ἐπιποθῶν
1549 2543 1608 2578 σε
1646 2520 1779 2579 ἰδεῖν
1833 2519 1926 2576 ἵνα

2011 2519 2188 2584 etiam
2213 2521 2771 2603 lacrymaretur.Est
2793 2532 2991 2599 autem
3013 2524 3401 2606 hyperbaton.
3427 2549 3451 2581 ι
3478 2524 3653 2588 Desi-

268 2622 447 2695 χαρᾶς
478 2613 772 2693 πληρωθῶ,
822 2639 851 2671 ι
897 2616 1099 2683 ὡςτῆς
1128 2612 1249 2678 θέας
1282 2613 1452 2689 μόνης
1482 2617 1653 2692 χαρᾶς
1696 2608 1923 2689 πληρω-

2011 2608 2227 2670 derans
2249 2616 2306 2671 te
2336 2609 2537 2674 videre
2569 2618 2631 2673 ut
2660 2612 2871 2692 gaudio
2899 2613 3196 2695 replear,»
3226 2621 3503 2694 tanquam
3526 2612 3656 2693 ipse

266 2709 426 2770 τικῆς
457 2703 828 2783 ὑπαρχούσης.
881 2725 909 2758 α
940 2700 1315 2781 Ἀνυποκρίτου
1361 2701 1613 2765 πίστεως.
1667 2720 1691 2757 ι
1755 2698 1923 2774 Ἐμε-

2011 2705 2281 2783 aspectus
2323 2698 2540 2777 gaudio
2568 2701 2821 2781 repleat.
2860 2700 3088 2781 «_Fidei
3118 2720 3237 2764 non
3269 2700 3580 2765 simulata).
3623 2724 3649 2761 υ

269 2795 495 2869 μνήμην
527 2782 647 2865 σου,
694 2793 877 2871 φησὶν,
925 2791 981 2849 ἐν
1036 2804 1159 2865 ταῖς
1230 2802 1563 2871 προσευχαῖς
1618 2810 1745 2866 μου,
1788 2787 1925 2843 ὑπο-

2011 2782 2140 2863 Tui,
2190 2786 2404 2868 inquit,
2457 2789 2830 2865 mentionem
2878 2786 2994 2851 ieci
3049 2790 3111 2851 in
3156 2790 3437 2870 precibus
3478 2790 3649 2867 meis,

271 2881 715 2958 μιμνησκόμενος
769 2887 875 2937 τῶν
930 2902 988 2938 τε
1045 2878 1281 2960 δακρύων
1349 2901 1443 2936 σου
1500 2877 1589 2933 καὶ
1628 2876 1726 2946 τῆς
1795 2875 1924 2932 ἀνυ-

2011 2874 2343 2937 admonitus
2371 2883 2495 2937 tum
2533 2876 2811 2959 lacrymis
2842 2879 2981 2955 tuis,
3016 2885 3137 2939 tum
3169 2878 3287 2942 ﬁde
3316 2898 3437 2940 non
3460 2877 3654 2941 simu-

269 2974 523 3052 ποκρίτου
582 2972 831 3041 πίστεως.
884 2996 906 3028 ι
959 2974 1173 3052 Πρῶτον
1240 2972 1294 3028 ἐν
1350 2977 1418 3052 τῇ
1475 2970 1672 3047 μάμμῃ
1715 2991 1832 3030 σου.
1891 2991 1919 3023 n

2011 2961 2145 3025 lata.
2178 2963 2481 3026 «Primum
2516 2965 2579 3027 in
2598 2967 2726 3031 avia
2750 2975 2867 3030 tua.
2884 2990 2908 3023 υ
2937 2962 3117 3031 Aliud
3139 2967 3475 3030 encomium
3495 2967 3655 3049 quod

276 3051 460 3119 ’Ὰλλο
534 3061 804 3140 ἐγκώμιον
840 3077 853 3092 ⁶
926 3051 1017 3119 ὅτι
1067 3060 1183 3119 οὔτε
1240 3060 1292 3127 ἐξ
1363 3051 1634 3130 Ἐλλήνων
1693 3060 1755 3115 τὸ
1796 3057 1926 3137 πρὸς

2011 3069 2204 3140 neque
2235 3070 2307 3114 ex
2338 3052 2559 3117 Graecis
2579 3064 2896 3118 amaterno
2930 3075 3151 3136 genere
3179 3064 3343 3119 ortus
3373 3062 3519 3133 erat,
3549 3058 3654 3120 sed

269 3153 479 3230 μητρὸς
523 3138 675 3238 γένος
750 3152 843 3228 ἧν,
889 3150 1006 3207 ἀλλ’
1063 3150 1115 3217 ἐξ
1169 3148 1430 3238 Ἰουδαίων
1500 3147 1926 3238 πεπιστευκότων

2011 3159 2083 3202 ex
2110 3138 2331 3203 Judaeis
2362 3143 2463 3238 qui
2495 3144 2674 3238 etiam
2706 3146 2769 3206 in
2792 3145 3091 3211 Christum
3114 3145 3653 3238 credeban_t.Porro

268 3229 512 3321 Χριστῷ.
576 3230 634 3298 Ὀ
690 3238 744 3296 δὲ
788 3241 974 3299 τούτου
1023 3240 1201 3318 πατὴρ
1262 3229 1478 3305 υ,Ελλην
1534 3236 1634 3319 ὢν,
1695 3235 1778 3293 διὰ
1833 3238 1925 3292 τὸν

2011 3247 2145 3321 cum
2194 3237 2363 3321 pater
2406 3231 2536 3312 ejus
2581 3235 2824 3311 Graecus
2882 3244 3061 3311 esset,
3106 3244 3269 3298 metu
3312 3234 3655 3299 Judaeorum

270 3317 439 3410 φὸὄον
481 3333 591 3385 τῶν
642 3326 904 3387 Ἰουδαίων
961 3317 1313 3409 περιετμῇθη,
1382 3349 1405 3382 ι
1468 3317 1686 3389 Καὶὶν
1715 3330 1782 3402 τῇ
1808 3348 1925 3401 μη..

2011 3317 2401 3410 circumcisus
2429 3329 2539 3384 est.
2579 3344 2603 3379 ι
2625 3326 2699 3387 Et
2727 3332 2916 3386 matre
2951 3333 3106 3385 tua.»
3142 3325 3433 3404 Majorum
3468 3343 3655 3386 enco-

268 3420 496 3494 τρίσω.
533 3440 562 3472 ι
598 3418 677 3474 Τὰ.
703 3420 807 3474 τῶν
842 3417 1140 3497 ,προγόνων
1183 3416 1446 3497 ἐγκώμια,
1503 3413 1631 3473 ὅταν
1686 3415 1786 3491 μὲν
1838 3414 1927 3471 καὶ

244 3510 441 3583 ἡμεῖς
488 3505 687 3573 ⁴αὐτῶν
750 3506 1117 3587 μετέχωμεν,,
1144 3507 1218 3575 εἰς
1274 3503 1424 3571 δόξαν
1482 3505 1618 3579 ἡμῖν
1675 3503 1872 3582 γίνεται
1902 3516 1920 3534 ’

242 3596 403 3659 -ὅταν
432 3593 490 3651 δὲ
521 3595 624 3671 μὴ,
656 3597 958 3673 κατακρίνει
986 3593 1188 3671 μᾶλλον
1207 3596 1376 3675 ἡμᾶς,
1404 3594 1568 3657 Οὗτος
1597 3590 1652 3648 δὲ
1679 3605 1928 3672 μετεῖχε.

278 3708 308 3741 ι
371 3684 673 3759 Πὲπεισμαι
726 3684 849 3763 γὰρ,
890 3684 1093 3764 ,φησὶη
1154 3681 1235 3739 ὅτι
1304 3682 1393 3740 καὶ
1447 3680 1500 3738 ἒν
1573 3678 1678 3742 σοί.
1736 3702 1760 3739 ι
1840 3681 1931 3739 Ei-

273 3774 451 3837 κᾶτως
481 3770 570 3833 οὗν
615 3771 962 3851 ἀνυπόκριτον
1002 3772 1198 3839 ταύτην
1230 3769 1401 3851 ἔχεις,
1447 3771 1522 3834 ὡς
1570 3769 1766 3833 ἄνωθεν
1835 3790 1929 3827 τε-

270 3856 677 3934 θεμελιωμένην
704 3858 794 3914 καὶ
835 3856 1142 3915 σαλεύεσθαι
1199 3862 1309 3917 οῦκ.
1334 3855 1587 3937 ἔχουσαν.
1642 3876 1667 3913 ι
1733 3853 1814 3912 Δι’
1863 3856 1929 3923 ἣν

273 3948 472 4006 αἰτίαν.
509 3967 534 4003 ι
571 3943 985 4021 Ἐπειδὴταῦτά
1015 3969 1099 4005 σοι
1129 3944 1359 4023 σύνοιδα,
1416 3946 1601 4026 φησίν.
1636 3968 1698 4009 ,α
1765 3942 1929 4002 Ἀνα-

272 4045 543 4115 ζωπυρεϊν
571 4036 634 4097 τὸ
674 4036 938 4115 χάρισμα.
992 4058 1016 4092 ο
1072 4038 1408 4116 Χαρίσματος
1453 4034 1523 4103 ἦν
1579 4042 1935 4111 πνευματικοῦ

272 4124 598 4200 ἠξιωμένος,
648 4125 759 4181 ,καὶ
813 4121 1154 4200 συμϐουλεύει
1212 4126 1354 4200 αὐτῷ
1394 4125 1549 4183 τοῦτο
1591 4122 1933 4205 σφοδρότερον

273 4216 369 4270 καὶ
422 4212 791 4301 ἑνεργέστερον
845 4213 1129 4272 ἀποτελεῖν
1172 4213 1257 4275 διὰ
1298 4214 1609 4294 προθυμίας,
1666 4211 1751 4269 διὰ
1808 4234 1936 4291 προ-

276 4307 484 4382 σοχῆς,
528 4300 618 4359 διὰ
675 4303 914 4379 νήψεως.
960 4306 1037 4379 Τὰ
1091 4304 1191 4383 γὰρ
1259 4303 1467 4361 ἐναντία
1526 4303 1723 4369 τούτων
1766 4301 1935 4363 ,ἀπο-

279 4392 527 4470 μαραίνει
550 4393 707 4465 αὗτὸ,
753 4393 827 4457 ὡς
857 4390 1103 4473 ἀλλαχοῦ
1172 4414 1302 4473 φησι
1336 4410 1351 4426 ’
1391 4412 1414 4448 α
1467 4392 1540 4449 Τὸ
1591 4399 1797 4467 πνεῦμα
1846 4390 1936 4467 μὴ

2009 3406 2393 3489 mia,quando
2442 3418 2499 3472 et
2538 3429 2649 3472 nos
2693 3411 2933 3474 illorum
2967 3430 3171 3474 sumus
3203 3410 3543 3493 participes,
3577 3412 3656 3474 ad

2008 3495 2258 3576 gloriam
2314 3498 2485 3560 nobis
2537 3500 2939 3579 proveniunt:
2970 3501 3020 3561 si
3066 3518 3205 3563 vero
3235 3498 3307 3562 ab
3340 3500 3429 3561 eis
3475 3500 3657 3562 alieni

2012 3602 2239 3662 sumus,
2273 3586 2465 3667 magis
2495 3606 2606 3648 nos
2635 3588 3037 3652 condemnant
3071 3609 3084 3651 :
3121 3588 3432 3661 hicautem
3467 3588 3655 3668 parti-

2014 3692 2153 3755 ceps
2182 3683 2324 3737 erat.
2369 3702 2396 3732 α
2429 3679 2639 3741 Certus
2696 3687 2893 3740 autem
2964 3697 3120 3754 sum,
3169 3674 3327 3761 quod
3376 3674 3552 3740 etiam
3594 3677 3657 3739 in

2013 3769 2089 3825 te.
2130 3788 2159 3820 ι
2201 3763 2408 3827 Merito
2457 3765 2637 3845 igitur
2681 3767 2836 3835 hanc
2887 3766 3071 3829 habes
3118 3784 3237 3829 non
3292 3766 3657 3848 simulatam,

2013 3859 2212 3932 utpote
2234 3871 2494 3933 superne
2514 3855 2841 3934 fundatam,
2874 3865 3083 3939 etquae
3111 3856 3348 3919 concuti
3377 3875 3497 3917 non
3528 3874 3663 3938 pos-

2012 3940 2111 4003 sit.
2152 3965 2173 3995 α
2211 3939 2396 4014 Quam
2426 3942 2501 4005 ob
2530 3963 2795 4007 causam.
2828 3970 2856 4003 ι
2890 3944 3182 4018 Quoniam
3213 3944 3341 4006 haec
3362 3944 3424 4006 in
3447 3952 3504 4006 te
3525 3962 3661 4011 esse

2013 4028 2170 4092 novi.
2213 4055 2241 4086 α
2270 4033 2342 4095 Ut
2369 4033 2622 4095 suscites
2651 4035 2873 4097 donum
2903 4033 3035 4097 Dei.
3073 4059 3101 4092 ι
3143 4032 3463 4114 Spirituale
3493 4052 3661 4098 rece-

2016 4126 2183 4198 perat
2211 4119 2462 4197 donum,
2496 4131 2553 4183 et
2582 4123 2792 4186 suadet
2819 4132 2883 4186 ut
2912 4123 3059 4185 illud
3091 4122 3276 4185 animi
3305 4123 3659 4205 promptitu-

2018 4206 2177 4277 dine,
2213 4209 2538 4272 attentione
2566 4219 2626 4272 et
2652 4208 2956 4291 vigilantia
3003 4211 3217 4275 eﬁiciat
3245 4212 3662 4275 vehementius

2018 4308 2077 4356 et
2133 4296 2455 4361 efﬁcacius.
2489 4298 2634 4361 Nam
2687 4302 2899 4375 horum
2966 4300 3263 4363 contraria
3314 4298 3659 4381 languidum

2017 4383 2161 4448 illud
2189 4384 2446 4449 reddunt
2475 4390 2975 4470 quemadmodum
3009 4390 3152 4452 alibi
3181 4390 3329 4461 dicit
3363 4386 3387 4452 :i
3412 4414 3433 4446 ι
3463 4389 3659 4471 Spiri~

274 4478 555 4571 σβέννυτε.
594 4502 619 4538 ι
656 4513 733 4525 —
771 4504 801 4537 α
830 4482 930 4537 Διά
957 4487 1057 4549 τῆς
1089 4480 1370 4545 ἐπιθέσεως
1398 4483 1503 4537 τῶν
1534 4486 1732 4561 χειρῶν
1761 4501 1885 4557 μου.
1906 4500 1926 4538 ι

2022 4480 2145 4535 tum
2193 4493 2267 4537 ne
2317 4476 2762 4557 exstinguatisi.
2807 4502 2831 4538 ο
2868 4513 2946 4525 -
2984 4504 3010 4536 α
3051 4482 3160 4541 Per
3218 4477 3660 4571 impositionem

282 4559 447 4645 "Ala
473 4570 575 4649 γὰρ
606 4570 750 4645 αύτῷ
774 4583 969 4650 χεῖρας
1000 4572 1029 4626 ὁ
1084 4570 1290 4634 Παῦλος
1347 4559 1574 4636 ἐπέθηκε
1614 4573 1926 4649 χειροτονῶν

2021 4580 2300 4626 manuum
2364 4584 2651 4628 mearum.
2691 4592 2719 4623 ι
2778 4569 2968 4631 Simul
3020 4566 3179 4629 enim
3236 4562 3299 4627 u't
3328 4564 3545 4627 Paulus
3574 4564 3663 4627 illi

275 4658 592 4719 ἐπίσκοπον.
637 4659 727 4715 καὶ
782 4658 1026 4738 χάρισμα
1066 4657 1292 4726 ἐπῆλθεν
1336 4655 1423 4714 ἐπ’
1470 4655 1636 4733 αὐτῷ,
1684 4660 1757 4721 είς
1825 4677 1933 4723 ση-

277 4747 449 4823 μείων
501 4747 743 4821 ποίησιν,
787 4747 861 4810 sic
904 4743 1264 4825 διδασκαλίαν,
1333 4748 1406 4811 είς
1476 4745 1794 4825 προστασίαν
1833 4749 1933 4812 τῆς

279 4834 633 4906 ἐκκλησιφῶ

372 5036 402 5069 ι
462 5012 538 5070 Οὐ
589 5013 690 5092 γὰρ
758 5010 950 5079 ἔδωκεν
984 5014 1154 5090 ,ἡμῖν
1209 5013 1238 5069 ὁ
1278 5014 1427 5078 ,Θεὸς
1484 5014 1660 5089 πεῦμα
1710 5008 1931 5086 δειλίας,

282 5098 425 5158 ἀλλὰ
535 5096 828 5176 δυνάμεως,
914 5102 1003 5159 καὶ
1079 5099 1318 5182 ἀγάπης,
1398 5101 1487 5157 καὶ
1542 5107 1929 5180 σωφρονισμοῦ.

284 5189 378 5256 Ii;
445 5187 537 5244 οὖν
619 5188 978 5269 ἐπαισχυνθῇς
1072 5191 1134 5246 τὸ
1226 5189 1509 5269 μαρτύριον
1574 5197 1668 5247 τοῦ
1749 5190 1936 5267 Κυρίου

283 5280 464 5357 ἡμῶν,
536 5276 674 5353 μηδὲ
726 5276 823 5353 ἐμὲ
891 5279 982 5335 τὸν
1039 5276 1250 5353 δέσμιον
1308 5280 1489 5340 αὐτοῦ.
1560 5273 1729 5334 Ἀλλὰ
1809 5298 1935 5354 συγ-

284 5366 661 5433 κακοπάθησον
737 5373 816 5442 τῷ
848 5420 853 5423 ς
884 5364 1212 5445 Εὐαγγελίῳ,
1286 5366 1424 5423 κατά
1503 5363 1719 5441 δύναμιν
1804 5372 1935 5423 Θεοῦ

286 5461 379 5511 τοῦ
447 5454 716 5520 σώσαντος
772 5456 940 5529 huic,
988 5456 1074 5512 καὶ
1142 5451 1461 5518 καλέσαντος
1523 5452 1710 5524 κλήσει
1786 5454 1932 5535 ἁγίᾳ,

371 5616 389 5658 ί
421 5612 447 5676 1
474 5610 691 5676 Thess.
723 5633 782 5693 ν,
817 5613 909 5679 t9.

572 5775 840 5838 Damon.
878 5775 990 5839 Gn.
1022 5776 1232 5841 CXIX.

2016 4669 2225 4714 manus
2273 4653 2556 4735 imposuit
2601 4655 2886 4740 ordinans
2916 4657 3110 4737 ipsum
3142 4654 3515 4736 episcopum,
3544 4652 3659 4715 do-

2015 4760 2157 4804 num
2213 4763 2452 4826 quoque
2502 4749 2591 4821 in.
2622 4764 2757 4815 eum
2819 4746 3165 4833 supervenit
3221 4747 3294 4808 ad
3355 4744 3661 4833 signorum

2016 4833 2447 4911 operationem,
2477 4834 2551 4896 ad
2591 4830 2923 4900 doctrinam
2982 4830 3043 4899 et
3097 4830 3170 4898 ad
3222 4832 3660 4914 praesidentium

2015 4920 2323 4986 Ecclesia.

2094 5010 2184 5086 1,7
2197 5010 2422 5076 -9.Non
2438 5015 2605 5075 enim
2622 5013 2785 5076 dedit
2804 5011 2977 5075 nobis
2999 5012 3165 5075 Deus
3182 5014 3467 5094 spiritum
3490 5012 3662 5075 timi-

2013 5101 2358 5181 ditatis,sed
2368 5104 2651 5182 potentia:
2663 5119 2734 5165 ac
2754 5101 3095 5164 dilectionis
3118 5110 3177 5165 et
3196 5100 3665 5165 sobrietatis.Ne

2015 5191 2272 5270 igiturte
2279 5191 2503 5272 pudeat
2525 5191 3457 5253 testimoniiQBBDomininostri
3474 5208 3666 5270 neque

2013 5281 2133 5341 mei
2159 5280 2267 5359 qui
2285 5298 2417 5343 sum
2442 5280 2680 5348 vinctus
2716 5279 2883 5343 illius
2921 5300 2934 5344 :
2967 5283 3071 5345 sed
3090 5284 3390 5364 particeps
3418 5284 3539 5367 esto
3561 5283 3665 5360 af-

2012 5367 2706 5452 ﬂictionumls‘vangelii
2749 5372 2939 5449 juxta
2992 5372 3322 5452 potentium
3376 5368 3519 5449 Dei,
3563 5373 3669 5450 qui

2014 5450 2215 5512 salvos
2245 5449 2386 5528 fecit
2416 5466 2527 5511 nos
2566 5457 2624 5511 et
2672 5454 2910 5515 vocavit
2940 5449 3253 5515 vocatione
3280 5457 3515 5534 sancta,
3545 5449 3668 5515 non
