4152 6216
563 342 682 411 203

1698 348 1988 416 OECUME
1998 351 2116 418 NII
2160 349 2454 417 TRICCE
2494 351 2823 420 EPISCOPI

3853 351 3969 421 204

565 486 898 549 secundum
921 502 1104 568 opera
1115 486 1463 566 nostra,sed
1491 485 1818 548 secundum
1831 486 2195 566 prepositun

2307 491 2364 546 οὗ
2392 490 2526 546 κατά
2555 491 2620 548 τὰ
2648 489 2774 570 ἔργα
2820 492 2998 570 ἡμῶν,
3055 489 3192 547 ἀλλά
3236 491 3353 548 κατ’
3410 491 3540 549 ἰδίαν
3598 494 3847 571 πρόθεσιν
3873 515 3937 548 κα

562 583 619 636 et
640 579 910 655 gratiam
923 593 1044 656 qua
1061 577 1221 638 dasta
1237 581 1320 639 est
1351 575 1523 638 nobis
1557 592 1673 655 per
1701 574 2011 638 Christum
2037 574 2195 637 Jesui

2329 578 2482 656 χάριν
2513 579 2610 646 τὴν
2638 576 2876 636 δοθεῖσαν
2906 581 3042 656 ἡμῖν
3072 581 3126 636 έν
3156 588 3366 663 Χριστῷ
3393 579 3570 650 Ἰησοῦ
3610 583 3710 662 πρὸ
3753 581 3956 662 χρόνων

570 672 711 726 ante
741 673 1012 744 tempora
1034 673 1286 728 (eterna.

649 751 956 824 Quomodo
988 762 1182 816 autem
1206 751 1506 814 suscitabo
1529 752 1753 814 donum
1779 752 1920 815 Dei?
1955 753 2015 814 Si
2045 752 2227 812 virili-

573 848 664 902 ter
693 842 769 903 ad
801 841 1158 903 tentationes
1189 841 1600 904 etaifectiones
1615 841 2218 922 permanseris.¢Non

568 929 728 990 enim
760 929 934 992 nobis
965 929 1130 992 dedit
1157 929 1314 1001 Deus
1345 930 1618 1010 spiritum
1655 929 2011 1003 timiditatis,
2054 955 2080 985 π
2116 928 2220 991 Est

567 1018 725 1079 enim
761 1025 850 1080 est
880 1018 1126 1100 spiritus
1173 1020 1298 1080 sive
1355 1019 1574 1080 donum
1609 1018 1967 1100 timiditatis,
2001 1036 2217 1100 quem-

567 1106 885 1169 admodum
935 1107 996 1168 in
1033 1108 1203 1169 libris
1253 1112 1477 1186 Regum
1513 1107 1594 1168 ait
1629 1129 1641 1170 :
1681 1111 1752 1170 Et
1783 1107 1997 1170 cecidit
2039 1124 2219 1187 super

565 1195 703 1257 illos
753 1197 994 1278 spiritus
1051 1197 1410 1272 timiditatis,
1467 1196 1567 1258 ubi
1615 1197 1763 1258 utile
1815 1197 2059 1258 omnino
2089 1203 2216 1258 erat

567 1285 924 1350 timere.Sed
958 1285 1476 1368 potentiaa,inquit,
1501 1285 1723 1346 donum
1753 1285 1952 1346 datum
1981 1293 2072 1345 est
2101 1301 2212 1346 no-

568 1372 684 1435 bis.
725 1398 749 1431 ι
785 1375 1092 1438 Potentiae.
1130 1400 1152 1432 ι)
1191 1374 1332 1447 Quae
1361 1381 1451 1436 est
1487 1373 1772 1435 adversus
1830 1372 2210 1434 tentationes.

571 1487 600 1518 α
631 1462 997 1525 Dilectionis.
1037 1488 1064 1520 ιι
1102 1464 1245 1536 Qua:
1276 1472 1364 1526 est
1395 1481 1535 1542 erga
1564 1465 1798 1526 fratres.
1845 1485 1865 1520 ι
1900 1461 2212 1525 Sobrieta-

567 1551 662 1614 tis.
703 1577 726 1612 υ
767 1554 940 1617 Circa
965 1561 1192 1616 rectam
1223 1554 1426 1616 vitam.
1461 1552 1544 1614 Im
1577 1553 1672 1615 his
1703 1562 1899 1616 autem
1935 1551 2212 1614 omnibus

566 1641 878 1707 inferenda
909 1646 1081 1706 etiam
1117 1651 1206 1706 est
1234 1661 1268 1704 a
1306 1641 1481 1704 nobis
1535 1641 1720 1704 animi
1777 1640 2205 1722 promptitudo.

564 1730 650 1794 Ne
677 1731 859 1812 igitur
882 1742 938 1795 te
957 1733 1173 1814 pudeat
1195 1731 1518 1794 testimonii
1544 1730 1781 1792 Domini
1803 1729 2011 1792 nostri.
2027 1729 2211 1792 »Μυί-

569 1819 612 1881 ti
653 1821 928 1883 homines
975 1821 1325 1891 miserrimi,
1372 1819 1836 1900 dispensationis
1866 1818 2207 1899 mysterium

562 1910 729 1988 juxta
784 1911 1076 1972 humanas
1126 1910 1388 1971 rationes
1436 1908 1878 1986 investigantes,
1915 1905 2205 1988 pudorem

567 2016 701 2060 esse
729 1998 937 2062 dicunt
965 1998 1016 2061 si
1048 1998 1154 2060 Dei
1183 1999 1397 2060 Filium
1429 1997 1775 2060 cruciﬁxum
1825 2014 1955 2059 esse
1987 1995 2206 2076 praedi-

562 2096 789 2163 carent,
823 2089 1170 2168 ignorantes
1201 2087 1342 2168 quid
1369 2087 1700 2167 praestitum
1733 2086 1807 2146 sit
1831 2103 1936 2167 per
1964 2102 2204 2145 crucem

558 2185 620 2240 et
651 2186 904 2240 mortem
955 2177 1214 2241 Domini.
1249 2177 1333 2239 Te
1390 2177 1566 2255 igitur
1607 2195 1681 2237 ne
1712 2176 1949 2257 pudeat,
1983 2174 2196 2254 inquit,

560 2267 889 2329 testimonii
918 2267 1042 2330 sive
1072 2265 1480 2348 martyrii,hoc
1519 2273 1609 2328 est
1639 2263 1932 2345 passionis
1953 2262 2194 2336 Christi,

559 2355 668 2417 sed
704 2356 894 2418 libere
924 2355 1198 2437 prmdica.
1231 2380 1257 2411 α
1290 2354 1495 2436 Neque
1527 2353 1655 2416 mei
1675 2353 1778 2434 qui
1807 2370 1936 2412 sum
1966 2351 2198 2412 vinctus

557 2442 740 2507 illius.
779 2470 804 2500 n
841 2443 1042 2525 Neque
1092 2453 1149 2506 te
1185 2443 1403 2524 pudeat
1432 2443 1586 2524 quod
1638 2460 1772 2504 eum
1821 2441 1922 2520 qui
1965 2441 2198 2501 vinctus

558 2539 650 2592 est
676 2532 896 2594 habeas
926 2530 1446 2613 praeceptorem.Si
1477 2531 1635 2592 enim
1669 2530 1937 2592 Christus
1957 2528 2032 2589 ob
2063 2546 2199 2589 cru-

559 2638 689 2682 cem
745 2641 864 2683 non
912 2620 1170 2694 erubuit,
1225 2638 1420 2701 neque
1477 2637 1584 2698 ego
1626 2619 1700 2681 ob
1726 2617 1983 2679 vincula.
2024 2641 2047 2671 α
2085 2615 2198 2678 Sed

558 2709 851 2790 particeps
882 2717 1011 2771 esto
1042 2708 1494 2773 afﬂictionum.»
1517 2707 1636 2769 Nec
1656 2706 1846 2768 solum
1868 2714 1926 2767 te
1947 2721 2066 2765 non
2087 2722 2199 2784 pu-

559 2797 1110 2874 deat,verumetiam
1154 2815 1269 2859 una
1301 2815 1534 2860 mecum
1565 2796 1864 2878 particeps
1895 2801 2019 2856 esto
2043 2791 2201 2854 afﬂi-

558 2885 991 2950 ctionumzhoc
1036 2884 1219 2960 est,Si
1249 2893 1308 2948 et
1329 2893 1386 2948 te
1409 2891 1675 2966 oporteat
1705 2881 2044 2964 hujusmodi
2085 2880 2203 2961 pati

565 2981 804 3055 prOpter
833 2973 1237 3054 Evangelium,
1271 2992 1348 3036 ne
1380 2972 1685 3034 formides.
1717 2970 1863 3032 Nam
1894 2970 2008 3031 hoc
2030 2985 2202 3048 supe-

2320 667 2566 730 αἰωνίων,
2602 691 2630 723 ι

2391 759 2512 820 Πῶς
2541 754 2595 812 δὲ
2625 757 3022 838 ἀναζωπυρήσω
3048 760 3110 815 τὸ
3156 759 3396 839 χάρισμα
3442 770 3536 819 τοῦ
3593 766 3724 817 Θεοῦ
3757 778 3773 837 ;
3832 760 3954 818 Ἐὰν

2303 852 2433 921 στῇς
2488 848 2616 925 πρὸς
2660 848 2984 926 πειρασμοὺς
3045 849 3320 929 γενναίως.
3385 868 3413 907 ι
3473 853 3546 908 Οὐ
3601 851 3700 929 γὰρ
3764 848 3948 905 ἔδωκεν

2301 935 2434 1008 ἡμῖν
2465 943 2669 1011 πνεῦμα
2725 935 2942 1000 δειλίας.
3001 961 3029 993 ι
3084 927 3209 996 “Em.
3261 939 3363 1017 γὰρ
3405 939 3492 994 καὶ
3551 945 3781 1014 πνεῦμα,
3833 943 3945 995 οἷον

2300 1024 2539 1103 χάρισμα
2594 1022 2809 1102 δειλίας,
2865 1027 2938 1090 ὡς
2997 1027 3052 1082 ἐν
3093 1040 3214 1090 ταῖς
3258 1025 3558 1089 Βασιλείαις
3615 1028 3744 1106 φησί
3775 1043 3788 1057 ⁶
3850 1029 3946 1085 Καὶ

2299 1111 2552 1169 ἐπέπεσεν
2621 1113 2704 1170 ἐπ’
2760 1115 2943 1180 αὖτοὺς
2996 1122 3202 1191 πνεῦμα
3259 1113 3474 1189 δειλίας,
3520 1115 3638 1172 ἕθνα
3695 1116 3936 1196 συμφέρει

2297 1203 2508 1265 πάντως
2549 1203 2611 1259 τὸ
2669 1200 2864 1276 δειλιᾷν
2900 1222 2916 1238 ο
2958 1202 3077 1260 ἀλλ’
3133 1207 3292 1280 ἡμῖν,
3326 1206 3476 1284 φησὶ,
3523 1205 3766 1284 χάρισμα
3794 1205 3936 1261 δυνά-

2298 1312 2439 1366 μεως
2481 1289 2703 1352 δέδοται.
2745 1315 2773 1346 α
2813 1294 3117 1369 Δυνάμεως.
3167 1316 3188 1349 ι
3240 1298 3349 1360 Τῆς
3403 1295 3535 1373 πρὸς
3595 1295 3932 1374 πειρασμούς.

2297 1380 2564 1459 Ἀγάπης.
2625 1404 2647 1437 ι
2711 1386 2819 1449 Τῆς
2879 1385 3007 1462 πρὸς
3062 1383 3180 1448 τοὺς
3250 1380 3524 1463 ἀδελφούς.
3591 1406 3619 1436 α
3676 1391 3929 1464 Σωφρονι-

2296 1475 2452 1544 σμοῦ.
2503 1493 2530 1524 ι
2593 1472 2716 1548 Περὶ
2767 1471 2877 1547 βίον
2935 1471 3106 1550 ὀρθόν.
3141 1471 3257 1551 Ἐφ’
3301 1471 3465 1528 ἂπασι
3507 1469 3562 1528 δὲ
3591 1473 3820 1545 τούτοις,
3851 1475 3935 1529 καὶ

2292 1559 2436 1632 ἡμᾶς
2467 1559 2822 1616 συνεισεκτέον
2860 1560 2960 1628 τὴν
3003 1561 3312 1640 προθυμίαν.
3377 1583 3404 1615 σ
3470 1561 3559 1627 Μὴ
3629 1561 3724 1616 οὖν
3779 1561 3933 1617 ἐπαι-

2294 1650 2525 1726 σχυνθῇς
2570 1649 2632 1704 τὸ
2703 1649 2979 1728 μαρτύριον
3035 1657 3128 1706 τοῦ
3188 1650 3371 1728 Κυρίου
3429 1649 3604 1725 ἡμῶν.
3670 1672 3693 1707 ι)
3745 1649 3934 1706 Πολλοὶ

2293 1735 2574 1814 τρισάθλιοι
2628 1735 2885 1816 ἄνθρωποι
2946 1737 3227 1816 λογισμοῖς
3291 1739 3630 1817 ἀνθρωπίνοις
3685 1741 3747 1795 τὸ
3801 1740 3932 1795 κατᾶ

2291 1826 2391 1892 τὴν
2469 1827 2768 1901 οἰκονομίαν
2857 1826 3180 1898 ἐξετάζοντες
3278 1830 3592 1908 μσστήριον,
3677 1829 3932 1908 αἰσχύνην

2292 1915 2434 1970 εἶναι
2495 1913 2760 1995 λέγουσιν,
2819 1917 2862 1972 εἰ
2905 1917 2995 1972 τὸν
3056 1918 3173 1972 Υἱὸν
3229 1923 3321 1972 τοῦ
3393 1923 3523 1973 Θεοῦ
3578 1916 3929 1995 σταυρωθέντα

2289 2001 2585 2082 κηρύξαιεν,
2645 2003 2954 2082 ἀγνοοῦντες
3023 2005 3073 2060 τί
3128 2008 3461 2084 κατωρθοῦτο
3509 2003 3594 2061 διὰ
3634 2012 3726 2062 τοῦ
3779 2027 3928 2062 σταυ-

2290 2103 2380 2169 ροῦ
2407 2095 2494 2149 καὶ
2533 2099 2625 2149 τοῦ
2680 2094 2901 2150 θανάτου
2956 2095 3052 2150 τοῦ
3106 2093 3314 2173 Κυρίου.
3386 2097 3459 2150 Σὺ
3502 2094 3614 2168 οὖν,
3659 2095 3804 2173 φησὶ,
3849 2095 3926 2168 μὴ

2290 2181 2646 2262 ἐπαισχυνθῇς
2720 2183 2780 2238 τὸ
2847 2183 3150 2263 μαρτύριον,
3209 2183 3466 2258 τουτέστι,
3527 2187 3616 2239 τὸν
3687 2184 3924 2263 σταυρὸν,

2281 2278 2372 2326 τοῦ
2428 2277 2678 2351 Χριστοῦ,
2751 2270 2888 2328 ἀλλά
2945 2274 3176 2352 κήρυσσε
3218 2272 3502 2350 παρῥησίᾳ,
3559 2295 3580 2327 ι
3645 2269 3790 2338 Μηδὲ
3832 2270 3930 2348 ἐμὲ

2280 2361 2368 2416 τὸν
2400 2358 2634 2436 δέσμιον,
2671 2383 2695 2420 ι
2759 2360 2930 2436 Μηδὲ,
2988 2361 3068 2417 ὅτι
3125 2361 3274 2441 ἔχεις
3331 2360 3542 2436 δέσμιον
3593 2357 3926 2441 διδάσκαλον,

2281 2447 2658 2528 ἐπαισχυνθῇς.
2722 2451 2779 2508 Εἰ
2835 2451 2933 2530 γὰρ
2987 2453 3015 2506 ὁ
3073 2453 3294 2529 Χριστὸς
3353 2450 3448 2508 οὒκ
3491 2450 3802 2529 ἐπῃσχύνθη
3831 2451 3930 2505 τὸν

2282 2537 2522 2614 σταυρὸν,
2571 2534 2686 2592 οῦδὲ
2738 2537 2844 2616 ἐγὼ
2901 2539 2966 2594 τὰ
3007 2536 3196 2614 δεσμά.
3260 2561 3286 2594 σ
3347 2536 3512 2596 Ἀλλά
3569 2538 3913 2614 συγκακοπά-

2281 2627 2464 2690 θησον.
2505 2647 2532 2680 ιο
2583 2628 2681 2684 Καὶ
2735 2627 2814 2702 μὴ
2871 2626 3200 2706 ἐπαισχυθῇς
3245 2627 3426 2703 μόνον,
3481 2623 3615 2686 αλλὰ
3657 2627 3745 2681 καὶ
3803 2648 3926 2704 συγ-

2283 2714 2657 2781 κακοπάθησον
2715 2713 2833 2790 μετ’
2890 2715 3019 2791 ἐμοῦ
3051 2733 3067 2747 °
3127 2715 3415 2788 τουτέστιν,
3475 2716 3535 2772 Εἰ
3575 2712 3681 2771 δέοι
3731 2715 3817 2769 καὶ
3863 2714 3922 2769 σὲ

2284 2808 2498 2859 τοιαῦτα
2556 2806 2744 2860 παθεῖν
2799 2802 2883 2859 διὰ
2938 2805 2999 2860 τὸ
3071 2804 3415 2884 Εὗαγγέλιον,
3478 2803 3556 2878 μὴ
3627 2800 3919 2880 δειλιείσῃς.

2284 2898 2446 2948 Τοῦτο
2513 2893 2611 2972 γὰρ
2679 2892 2887 2968 ᾐνίξατο
2957 2894 3045 2949 καὶ
3113 2892 3222 2949 ἅνω
3278 2894 3396 2950 ἔνθα
3457 2893 3640 2972 φησὶν,
3698 2892 3768 2949 Οὔ
3824 2893 3923 2970 γὰρ

2285 2977 2538 3057 ἐλάϐομεν
2597 2982 2802 3056 πνεύμα
2855 2979 3072 3056 δειλίας,
3129 2981 3265 3039 ἀλλὰ
3320 2980 3612 3058 δυνάμεως,
3693 3001 3716 3035 ιι
3777 2981 3922 3037 Κατὰ

560 3061 687 3151 rius
710 3081 944 3151 quoque
967 3062 1292 3140 innuit,ubi
1318 3063 1397 3124 ait
1413 3060 1562 3151 :Non
1583 3061 1910 3151 accipimus
1930 3057 2195 3151 spiritum

2289 3067 2499 3146 δύναμιν
2571 3077 2722 3132 Θεοῦ.
2785 3071 2923 3128 Εἶτα
2979 3073 3066 3126 καὶ
3123 3070 3403 3151 προτρέπει
3452 3070 3629 3131 αὐτόν.
3691 3069 3777 3136 Μὴ
3819 3070 3920 3149 γὰρ

555 3149 1028 3225 timiditatis,sed
1061 3151 1384 3233 potestatis.
1426 3172 1450 3209 ιι
1475 3149 1647 3213 Juxta
1675 3149 1784 3212 Dei
1810 3145 2196 3229 potentiam.»

561 3239 798 3301 Deinde
830 3242 1007 3302 etiam
1039 3239 1382 3302 exhortatur
1415 3240 1736 3302 illum.Non
1753 3237 1912 3299 enim
1938 3234 2197 3316 propria,

556 3326 771 3408 inquit,
829 3333 1088 3409 potentia
1137 3329 1295 3392 vales
1345 3328 1640 3391 sustinere
1685 3326 2060 3399 afﬂictiones,
2092 3323 2199 3385 sed

559 3414 717 3478 Deus
766 3417 1108 3496 hujusmodi
1162 3418 1330 3480 dedit
1384 3415 1664 3497 dabitque
1721 3413 2078 3496 potentiam,
2137 3421 2198 3472 tu

559 3506 736 3568 modo
791 3507 853 3568 id
903 3509 1115 3570 aﬂ‘eras
1164 3515 1231 3567 ut
1272 3507 1335 3568 in
1383 3507 1496 3568 hoc
1547 3513 1854 3587 promptus
1885 3504 1990 3565 sis.
2025 3526 2048 3558 (ι
2085 3500 2197 3573 Qui

555 3595 749 3657 salvos
771 3595 912 3658 fecit
943 3597 1216 3659 nosaAd
1251 3597 1376 3658 haac
1407 3594 1792 3677 probationes
1822 3598 2098 3654 recenset
2124 3591 2198 3652 de

559 3683 756 3746 divino
775 3685 995 3747 auxilio
1019 3704 1089 3748 ac
1119 3685 1540 3766 potentia,quae
1564 3683 1624 3744 id
1649 3681 1829 3744 efﬁcit
1858 3691 1920 3742 ut
1949 3679 2201 3742 viriliter

560 3772 882 3835 toleremus
932 3775 1288 3836 afﬂictiones
1321 3781 1380 3835 et
1409 3774 1682 3854 injurias.
1717 3771 1944 3844 Salvos,
1976 3769 2194 3849 inquit,

555 3858 692 3921 fecit
723 3881 829 3922 nos
859 3862 934 3923 de
964 3872 1151 3923 morte
1177 3862 1427 3942 peccati,
1463 3871 1520 3924 et
1543 3861 1768 3923 vocavit
1801 3879 1908 3920 nos
1937 3857 2194 3920 vocatio-

553 3947 714 4011 tione
725 3958 930 4013 sancta
941 3969 1073 4011 cum
1095 3951 1686 4013 obsurdesceremus:
1721 3968 1838 4010 non
1853 3948 2014 4027 quod
2031 3946 2196 4026 digni

555 4052 823 4098 essemus
851 4039 1180 4113 vocatione,
1207 4039 1346 4100 259
1375 4039 1481 4101 sed
1501 4039 1629 4119 ipse
1659 4057 1764 4098 suo
1803 4037 2102 4118 proposito
2134 4043 2193 4095 et

2286 3160 2471 3239 οἰκείᾳ,
2533 3160 2683 3240 φησὶ,
2730 3157 2941 3236 δυνάμει
2996 3157 3139 3239 ἔχεις
3169 3149 3602 3239 Ἵκακοπαθῆσαις
3664 3149 3720 3214 Ὀ
3790 3160 3921 3222 Θεὸς

2283 3247 2380 3315 τὴν
2409 3249 2660 3315 τοιαύτην
2703 3245 2864 3304 ἔδωκέ
2893 3270 2949 3304 τε
3006 3250 3094 3305 καὶ
3147 3246 3300 3306 δώσει
3354 3246 3567 3324 δύναμιν
3605 3264 3619 3278 ³
3665 3247 3726 3303 σὺ
3757 3247 3918 3321 μόνον

2282 3338 2342 3391 τὸ
2385 3340 2780 3416 προθυμηθῆναι
2811 3337 3079 3416 εἰσάγαγε.
3140 3357 3163 3392 ιι
3212 3347 3314 3396 Τοῦ
3354 3337 3619 3400 σώσαντος
3675 3336 3836 3410 ἡμᾶς.
3889 3360 3917 3391 ι

2284 3425 2420 3481 Εἶτα
2477 3427 2562 3481 καὶ
2617 3431 2714 3492 τῆς
2775 3425 3116 3505 σομπράξεως
3171 3425 3262 3482 τοῦ
3319 3432 3450 3483 Θεοῦ
3506 3427 3592 3480 καὶ
3633 3428 3733 3490 τῆς
3776 3422 3923 3484 δυνά-

2281 3533 2446 3588 μεως,
2492 3519 2589 3580 τῆς
2621 3513 2792 3594 φέρειν
2843 3516 3094 3592 γενναίως
3125 3514 3381 3580 ποιούσης
3425 3514 3546 3577 τοὺς
3593 3513 3916 3594 πειρασμοὺς

2276 3604 2364 3658 καὶ
2392 3602 2490 3669 τὴν
2517 3604 2889 3678 κακοπάθειαν,
2939 3601 3082 3682 λέγει
3140 3603 3231 3669 τὰς
3287 3599 3596 3668 ἀποδείξεις.
3660 3591 3914 3657 ’Ἒσωσεν

2278 3695 2444 3771 ἡμᾶς,
2503 3693 2684 3772 φησὶν,
2743 3691 2802 3747 ἐκ
2856 3698 2948 3748 τοῦ
3003 3693 3224 3750 θανάτου
3282 3697 3382 3759 τῆς
3465 3690 3744 3768 ἁμαρτίας,
3829 3692 3917 3746 καὶ

2280 3779 2526 3836 ἐκάλεσεν
2581 3782 2726 3856 ἡμᾶς
2780 3779 2966 3851 κλήσει
3050 3781 3193 3860 ἁγίᾳ,
3276 3780 3730 3859 ἀποσκιρτιῖητας,
3820 3780 3917 3834 οὒκ

2277 3867 2458 3936 ἐπειδὴ
2513 3866 2644 3934 ἄξιοι
2701 3874 2837 3944 ἦμεν
2891 3874 2990 3936 τῆς
3046 3869 3314 3945 κλήσεως,
3375 3866 3493 3924 ἀλλ’
3553 3869 3707 3931 αὐτὸς
3753 3869 3918 3940 οἰκεία

2275 3957 2511 4034 προθέσει
2568 3959 2655 4013 καὶ
2703 3959 2884 4038 χάριτι
2926 3967 3077 4017 τοῦτο
3145 3959 3453 4024 πεποίηκεν.
3517 3948 3574 4014 Ὀ
3633 3956 3743 4032 οῦν,
3789 3957 3918 4035 φησί

2275 4044 2449 4123 (τοῦτο
2477 4047 2576 4126 γὰρ
2621 4047 2680 4102 τὸ
2727 4045 3112 4128 ἀποτέλεσμα),
3170 4046 3390 4127 ἐχθροὺς
3450 4044 3606 4110 ὄντας
3647 4044 3784 4102 οὕτω
3831 4043 3916 4100 δι-

544 4124 730 4203 gratia
762 4127 874 4188 hoc
905 4126 1120 4190 eil'ecit.
1153 4127 1266 4200 Qui
1310 4128 1506 4206 igitur,
1541 4127 1729 4207 inquit
1757 4127 1916 4206 (nam
1950 4127 2072 4186 haec
2097 4131 2192 4215 est

2289 4124 2557 4214 ςεθεικὼς,
2613 4133 2796 4209 πολλῷ
2853 4124 3074 4210 μᾶλλον-
3349 4133 3594 4212 γεγονόσι
3641 4134 3726 4189 καὶ
3783 4132 3914 4209 ὑπὲρ

543 4216 890 4296 sententia),
911 4216 1052 4278 dum
1086 4216 1311 4277 inimici
1343 4233 1610 4278 essemus
1638 4215 1721 4276 ita
1755 4233 1894 4292 erga
1942 4233 2052 4274 nos
2082 4213 2190 4275 fuit

2289 4225 2427 4280 ιῦτοῦ
2474 4227 2797 4280 κακοπαθεῖν
2851 4213 3178 4300 βουληθεῖσι,
3224 4221 3381 4279 δώσει
3435 4220 3649 4297 δύναμιν
3707 4223 3779 4285 εἰς
3848 4223 3910 4275 τὸ

546 4303 816 4382 affectus,
867 4305 1052 4366 multo
1087 4305 1274 4383 magis
1304 4322 1438 4366 cum
1477 4304 1653 4365 amici
1701 4303 1837 4364 facti
1888 4304 2093 4377 simus,
2132 4311 2188 4362 ct

2289 4312 2649 4390 περιγενέσθαι.
2713 4335 2741 4368 α
2820 4315 2918 4371 Καὶ
2988 4314 3145 4394 χάριν
3215 4313 3312 4380 τήν
3367 4309 3609 4368 δοθεῖσαν
3665 4312 3800 4385 ἡμῖν
3852 4309 3908 4365 ἐν

538 4408 645 4471 pro
677 4409 750 4454 eo
779 4393 962 4474 affligi
993 4393 1320 4474 cupiamus.
1348 4395 1673 4474 potentiam
1697 4393 1857 4454 dabit
1888 4399 1950 4452 ut
1981 4391 2053 4452 ad
2071 4410 2182 4469 vir-

2289 4408 2495 4480 [ριστῷ.
2533 4425 2561 4458 ιι
2601 4403 2867 4459 Δείκνυσιν
2895 4391 3076 4459 ὅτι-τὸ
3121 4401 3330 4470 δοθῆναι
3378 4403 3516 4477 ἡμῖν
3569 4400 3750 4479 χάριτι
3807 4400 3906 4466 τὴν

539 4487 696 4572 tutes
716 4482 1060 4572 evadamus.
1101 4506 1128 4572 ιι
1161 4481 1234 4545 Et
1263 4481 1508 4572 gratiam
1529 4500 1676 4572 qna:
1706 4481 1842 4542 data
1872 4489 1982 4572 est
2009 4481 2180 4572 nobis

2289 4492 2524 4568 ’ωτηρίαν
2586 4487 2669 4546 διὰ
2725 4498 2818 4548 τοῦ
2874 4500 3096 4572 Χριστοῦ
3137 4493 3311 4568 (τοῦτο
3365 4489 3508 4567 λέγει
3568 4489 3620 4543 ἐν
3693 4495 3906 4566 Χριστῷ

534 4586 642 4649 per
666 4570 988 4634 Christum.
1027 4596 1052 4627 η
1089 4569 1361 4635 Ostendit
1389 4570 1545 4650 quod
1570 4571 1822 4632 salutem
1847 4569 2018 4630 nobis
2053 4570 2179 4630 dari

2262 4575 2490 4659 Ἰησοῦ),
2541 4580 3012 4658 προτετυπωμένον
3092 4585 3160 4647 ἦν
3235 4578 3428 4637 ἄνωθεν
3523 4578 3624 4656 πρὸ
3691 4577 3904 4656 χρόνων

531 4675 640 4737 per
669 4657 1128 4734 Chrisium(nam
1155 4661 1209 4717 ἓν
1225 4659 1454 4741 capitur
1480 4677 1584 4740 pro
1605 4659 1776 4735 διὰ,ἱ(1
1797 4658 2181 4739 est,in.prop-

2289 4657 2504 4726 ίίωνίων.

535 4748 820 4826 ter)antea
846 4749 1280 4830 praeﬂguratum
1306 4756 1432 4810 erat
1452 4756 1588 4810 ante
1625 4757 1887 4828 tempora
1919 4755 2166 4808 aeterna.

607 4842 654 4916 Ι,
669 4841 792 4904 10-1
807 4843 842 4906 4
854 4889 868 4905 .
887 4843 1206 4923 Manifesta
1221 4850 1305 4905 est
1324 4850 1528 4904 autem
1547 4860 1826 4921 nuncper
1841 4844 2166 4922 apparitio-

527 4946 668 4992 nem
681 4933 1025 4994 Saluatoris
1036 4930 1754 5011 nostriJesuChristi,qui
1770 4938 2026 4993 mortem
2037 4931 2168 5010 qui-

524 5017 662 5080 dem
697 5019 1000 5102 abolevit,
1026 5023 1215 5083 vitam
1243 5027 1440 5082 autem
1465 5021 1530 5080 in
1556 5019 1743 5082 lucem
1768 5020 2067 5100 produxit
2095 5037 2166 5082 ac

522 5108 1044 5172 immortalitatem
1068 5127 1176 5191 per
1215 5109 1645 5189 Evangelium,
1697 5111 1762 5169 in
1801 5109 1958 5188 quod
2001 5109 2166 5189 posi-

519 5201 618 5256 tus
648 5213 782 5258 sum
813 5214 920 5278 ego
946 5215 1180 5280 prewco
1231 5205 1287 5260 et
1331 5196 1632 5277 apostolus
1675 5215 1745 5260 ac
1782 5199 1988 5260 doctor
2015 5216 2163 5279 gen-

527 5287 729 5344 tium:
759 5302 947 5366 quam
975 5285 1046 5350 ob
1075 5304 1323 5349 causam
1367 5291 1550 5347 etiam
1595 5303 1707 5348 nec
1745 5288 1972 5368 patior,
2000 5295 2165 5350 atta-

518 5387 654 5431 men
697 5389 819 5434 non
872 5374 1177 5439 erubesco.
1211 5375 1367 5439 Novi
1420 5377 1585 5436 enim
1633 5381 1734 5437 cui
1779 5376 2160 5459 crediderim,

520 5467 836 5539 certusque
859 5480 996 5525 sum
1025 5466 1181 5544 quod
1209 5471 1414 5545 potens
1459 5465 1536 5525 sit
1583 5463 1919 5544 depositum
1963 5482 2163 5528 meum

518 5546 818 5612 custodire
838 5551 905 5613 in
925 5550 1102 5618 illum
1116 5553 1294 5618 diem.
1326 5553 1612 5616 Famam
1635 5552 1846 5615 habeto
1873 5570 2158 5616 sanorum

2251 4936 2501 5014 Σωτῆρος
2597 4936 2752 5011 ἡμῶν

2249 5025 2346 5098 μέν
2429 5025 2521 5080 τὸν
2627 5024 2870 5095 θάνατον,

2249 5112 2531 5192 ἀφθαρσίαν
2615 5110 2698 5168 διὰ
2748 5145 2760 5157 ·
2797 5119 2888 5168 τοῦ
2994 5112 3334 5193 Εὐαγγελίου,

2248 5200 2356 5280 ἐγὼ
2429 5202 2590 5280 κήρυξ
2655 5203 2743 5258 καὶ
2811 5201 3109 5266 ἀπόστολος
3164 5204 3252 5258 καὶ
3308 5199 3622 5266 διδάσκαλος

2252 5286 2275 5306 λ
2299 5287 2313 5308 ἳ
2385 5289 2405 5306 η
2954 5299 2973 5308 ψ
3161 5292 3173 5310 Ι
3493 5287 3508 5309 9
3616 5290 3630 5310 ν

2246 5305 2293 5344 οι
2383 5313 2447 5356 ην
2505 5290 2671 5346 αἰτίαν
2729 5290 2817 5345 καὶ
2883 5311 3046 5348 ταυτα
3102 5313 3326 5371 πασχω,
3388 5287 3488 5345 ἀλλ
3580 5310 3674 5346 ουκ
3731 5288 3899 5344 ἐπαι-

2246 5378 2508 5457 σχύνομαι
2517 5425 2533 5442 .

2246 5489 2402 5543 σμαι,

2248 5554 2466 5636 φυλάξαι
2553 5559 2624 5619 εἰς
2719 5559 2923 5626 ἐκείνην
3017 5559 3118 5626 τὴν
3209 5557 3433 5636 ἡμέραν.

2339 4869 2368 4900 α
2413 4849 2816 4925 Φανερωθεῖσαν
2871 4843 2925 4900 δὲ
2982 4855 3070 4905 νῦν
3129 4843 3212 4904 διὰ
3270 4847 3368 4914 τῆς
3424 4845 3724 4925 ἐπιφανείας
3809 4850 3905 4900 τοῦ

2853 4931 3028 5001 Ἰησοῦ
3112 4941 3360 5013 Χριστοῦ,
3465 4934 3904 5013 καταργήσαντος

2985 5024 3310 5104 φωτίσαντος
3419 5021 3474 5078 δὲ
3585 5028 3729 5094 ζωήν
3811 5023 3902 5077 καὶ

3437 5114 3510 5176 εἰς
3593 5111 3622 5166 ὃ
3707 5109 3898 5176 ἐτέθην

3705 5199 3896 5274 ἐθνῶν,

2619 5376 2754 5436 Οἶδα
2835 5380 2936 5457 γὰρ
3017 5382 3062 5454 ᾧ
3144 5381 3486 5452 πεπίστευκα,
3559 5379 3646 5434 καὶ
3693 5377 3900 5434 πέπει-

2977 5467 3089 5525 ἐστι
3193 5469 3293 5535 τὴν
3394 5468 3707 5546 παραθήκην
3792 5488 3901 5543 μου

3524 5548 3687 5614 ιΥποτ
3695 5557 3907 5613 ύπωσιν

2489 5465 2568 5524 ὅτι
2651 5465 2866 5532 δυνατός
