4152 6216
269 346 377 410 205

1261 350 1655 414 COMMENT.
1704 348 1787 411 IN
1831 344 2072 408 EPIST.
2120 344 2179 407 II
2219 343 2322 408 AD
2368 346 2689 409 TIMOTH.

3520 352 3643 419 206

266 481 356 561 ἔχε
381 483 728 560 ὑγιαινόντων
757 481 934 563 λόγων
976 485 1051 539 ὧν
1077 482 1200 564 παρ’
1228 484 1359 560 ἐμοὺ
1386 484 1617 551 ἤκουσας
1648 482 1702 540 ἐν
1732 484 1894 539 πίστει

1984 495 2332 541 sermonum
2355 496 2500 558 quos
2529 497 2565 542 α
2597 498 2695 544 me
2722 484 2958 546 audisti
2979 502 3098 565 per
3125 484 3302 565 ﬁdem
3344 491 3401 548 et
3429 488 3639 551 chari-

257 573 339 626 καὶ
368 570 554 648 ἇγάπη
581 577 650 649 τῇ
677 572 731 629 ἐν
775 579 984 652 Χριστῷ
1013 570 1209 639 Ἰησοῦ.
1246 575 1356 641 Τὴν
1383 572 1557 640 καλὴν
1588 574 1898 652 παραθήκην

256 657 478 739 φύλαξον
547 658 635 717 διὰ
704 661 1008 737 Πνεύματος
1083 662 1234 741 ἁγίου
1302 670 1395 721 τού
1464 661 1789 726 ἐνοικοῦντος
1847 661 1901 717 ἐν

255 750 411 822 ἡμῖν.
464 771 495 804 ι

336 826 490 905 ’Ἡδη
551 838 649 913 μὲν
704 838 867 897 πάλαι
912 841 973 897 τὸ
1016 843 1248 907 σωθῆναι
1286 841 1431 916 ἡμᾶς
1473 842 1900 918 προετετύπωτο,

255 931 341 981 νῦν
411 923 465 981 δὲ
530 927 591 983 ἐκ
644 933 743 995 τῆς
798 928 1243 1008 ἐνανθρωπήσεως
1296 936 1389 987 τοῦ
1443 936 1694 1009 Σωτῆρος
1749 932 1902 1007 ἡμῶν

255 1021 405 1089 Θεοῦ,
465 1015 653 1095 γέγονε
722 1017 1048 1098 καταφανές.
1143 1009 1207 1075 Ἠ
1265 1019 1365 1099 γὰρ
1447 1020 1662 1087 τοιαύτη
1735 1018 1901 1097 βουλὴ

254 1109 344 1158 τοῦ
387 1110 547 1180 Θεοῦ,
608 1106 668 1161 τὸ
728 1108 955 1172 σωθῆναι
1010 1109 1099 1179 τὴν
1147 1108 1350 1184 κόσμον
1408 1106 1491 1164 διὰ
1518 1114 1618 1176 τῆς
1646 1131 1898 1185 πίστεως,

258 1197 343 1245 νόν
391 1193 479 1249 καὶ
520 1197 615 1252 οὐκ
668 1193 861 1251 ἄλλοτε
918 1194 1102 1275 γέγονε
1156 1198 1487 1278 καταφανής.
1550 1221 1578 1253 σ
1616 1200 1899 1279 Καταργή-

256 1301 443 1345 σανιος
502 1282 602 1357 μὲν
655 1285 746 1341 τὸν
802 1285 1046 1347 θάνατον.
1110 1308 1135 1343 ι)
1198 1291 1287 1359 Τῷ
1338 1285 1436 1354 τὴν
1484 1286 1737 1366 ἁμαρτίαν
1769 1311 1898 1367 συγ-

257 1377 525 1449 χωρῆσαι,
595 1377 681 1431 καὶ
750 1375 1001 1433 ἀνάτασιν
1058 1373 1412 1457 δωρήσασθαι,
1475 1399 1504 1432 ι
1562 1380 1896 1443 ψωτίσαντος

255 1457 308 1515 δὲ
363 1464 533 1531 ζωήν,
595 1482 628 1523 )
672 1464 943 1545 Τουτέστι,
999 1466 1422 1545 φανερώσαντος.
1496 1463 1639 1531 Ἀξία
1695 1463 1749 1522 δὲ
1800 1472 1898 1534 τῆς

254 1554 396 1617 ζωῆς
436 1552 472 1618 ἡ
521 1549 675 1618 λέξις,
735 1575 760 1610 ι
827 1555 923 1610 Διὰ
962 1561 1053 1611 τοῦ
1108 1553 1451 1634 Εὐαγγελίου,
1514 1578 1542 1611 ι
1603 1556 1754 1637 φησί,
1818 1554 1897 1612 Δι’

254 1637 410 1695 αὑτοῦ
438 1641 541 1720 γὰρ
568 1641 605 1708 ἥ
658 1664 716 1698 τε
776 1644 987 1708 αἰώνιος
1034 1644 1146 1715 ζωὴ
1201 1646 1289 1701 καὶ
1330 1645 1365 1713 ἡ
1420 1644 1707 1710 ἀνάστασις
1762 1644 1899 1716 δήλη

252 1726 492 1813 γέγονεν.
532 1753 559 1784 α
612 1732 701 1796 Ei:
753 1732 782 1788 ὃ
830 1731 1010 1801 ἐτέθην
1062 1733 1191 1811 ἐγώ,
1258 1756 1283 1790 ι
1346 1733 1558 1813 Πρῶτον
1602 1734 1699 1811 μὲν
1737 1734 1799 1790 τὸ
1840 1734 1899 1791 ’ὃν

1986 571 2166 629 tatem
2198 584 2334 647 qua:
2359 575 2448 630 est
2479 573 2545 630 in
2569 570 2809 634 Christo
2827 570 2994 635 Jesu.
3027 572 3361 654 Egregium
3397 574 3634 654 deposi-

1983 660 2113 717 tum
2140 663 2382 720 servato
2406 674 2523 737 per
2550 656 2852 738 Spiritum
2881 666 3161 725 sanctum
3190 663 3299 742 qui
3333 662 3634 727 inhabitat

1982 744 2051 806 in
2080 746 2275 809 nobis.

2060 835 2189 894 Jam
2221 833 2463 914 quidem
2496 834 2637 896 olim
2674 836 3110 917 praeﬁguratum
3142 846 3268 901 erat
3303 858 3412 901 nos
3443 840 3633 904 salvos

1984 920 2135 997 ﬁeri,
2173 940 2332 983 nunc
2361 941 2496 984 vero
2532 941 2603 985 ex
2631 923 3041 989 incarnatione
3091 925 3409 990 Salvatoris
3443 931 3633 992 nostri

1983 1007 2090 1072 Dei
2115 1010 2333 1073 factum
2369 1019 2458 1073 est
2488 1012 2888 1075 manifestum.
2925 1013 3236 1094 Siquidem
3288 1016 3632 1097 hujusmodi

1985 1101 2090 1162 Dei
2120 1103 2408 1179 voluntas,
2439 1112 2502 1165 ut
2533 1104 2791 1166 mundus
2822 1125 2927 1186 per
2966 1106 3144 1168 ﬁdem
3195 1106 3387 1169 salvus
3435 1108 3632 1186 ﬁeret,

1984 1208 2141 1252 nunc
2167 1199 2225 1252 et
2268 1211 2385 1253 non
2418 1199 2592 1253 antea
2615 1194 2990 1256 manifestata
3013 1202 3126 1257 est.
3163 1220 3190 1251 ι
3222 1195 3333 1268 Qui
3381 1206 3631 1260 mortem

1980 1278 2219 1359 quidem
2253 1280 2512 1346 abolevit
2538 1302 2589 1343 ε»
2622 1291 2929 1362 peccatum
2955 1302 3099 1345 sane
3124 1285 3539 1362 condonanda,
3575 1294 3629 1348 et

1979 1370 2479 1432 resurrectionem
2512 1371 2849 1435 tribuendo.
2869 1372 3100 1436 (Vitam
3128 1381 3328 1437 autem
3351 1374 3413 1435 in
3436 1374 3631 1438 lucem

1982 1457 2296 1538 produxit:
2323 1483 2349 1515 »
2383 1459 2495 1521 hoc
2532 1467 2640 1533 est,
2665 1460 3083 1525 manifestavit.
3120 1460 3220 1524 Est
3246 1472 3440 1525 autem
3462 1467 3629 1544 φωτί-

1980 1552 2083 1616 ζειν
2114 1565 2220 1607 vox
2280 1546 2501 1627 optime
2530 1548 2891 1611 conveniens
2941 1550 3094 1612 vitae.
3145 1575 3173 1605 α
3200 1552 3312 1613 Per
3357 1549 3628 1632 Evange-

1983 1633 2150 1698 lium.
2184 1657 2207 1692 υ
2237 1633 2385 1697 Nam
2415 1654 2524 1717 per
2554 1637 2753 1717 ipsum
2786 1645 2844 1700 et
2874 1638 2990 1700 vita
3020 1647 3241 1701 reterna
3263 1648 3323 1702 et
3348 1658 3627 1705 resurre-

1982 1721 2098 1783 ctio
2128 1723 2442 1786 manifesta
2469 1725 2621 1787 facta
2654 1734 2765 1789 est.
2806 1748 2829 1784 ι
2865 1726 2932 1789 In
2966 1728 3125 1809 quod
3157 1734 3379 1809 positus
3407 1748 3558 1792 sum.
3596 1752 3625 1792 ι

255 1812 421 1892 λέγει,
456 1815 640 1876 ἔπειτα
667 1820 754 1874 καὶ
808 1827 966 1902 rotato
1019 1821 1322 1897 αἰνίττεται,
1368 1810 1449 1879 ὅτι
1505 1823 1616 1902 χρή
1687 1844 1745 1878 σε
1812 1825 1894 1882 καὶ

1983 1810 2247 1902 ξτὶωυηι
2276 1812 2334 1874 id
2367 1814 2524 1894 quod
2550 1814 3046 1892 estdicit,deinde
3069 1817 3244 1879 etiam
3274 1818 3389 1880 hoe
3412 1819 3628 1883 innuit:

256 1902 421 1960 ἔθνεσι
473 1904 811 1980 πλησιάζειν.
884 1890 1089 1975 Ἄλλως
1155 1933 1214 1967 τε
1282 1912 1371 1968 καὶ
1440 1911 1740 1978 ἀξιόπιστον
1810 1914 1899 1970 τὸν

252 1991 416 2071 λόγον
456 2010 630 2056 ποιεῖ.
697 2017 721 2053 ι
772 1994 854 2054 Δι’
912 1999 979 2066 ἣν
1019 2001 1188 2056 αἰτίαν
1242 2002 1331 2056 καὶ
1403 2008 1567 2058 ταῦτα
1606 2001 1830 2082 πάσχω.
1868 2024 1895 2057 ι

250 2082 468 2159 Ποίαν;
544 2085 643 2141 Διὰ
710 2087 774 2143 τὸ
817 2087 959 2145 εἶναι
1013 2086 1174 2168 κήρυξ
1229 2090 1317 2145 καὶ
1369 2088 1690 2165 ἀπόστολος,
1742 2092 1816 2154 ὡς
1858 2091 1902 2146 εί

248 2168 457 2249 ἔλεγεν.
506 2173 624 2254 Οὗχ
678 2176 752 2239 ὡς
807 2183 1097 2257 κακοῦργος
1137 2175 1372 2254 δέδεμαι,
1428 2178 1525 2235 καί
1595 2180 1669 2242 είς
1738 2178 1902 2260 φυλα-

248 2258 348 2324 κὰς
420 2259 667 2337 ἕλκομαι.
733 2287 762 2319 α
823 2263 975 2322 Ἀλλ’
1033 2269 1125 2324 οὒκ
1188 2268 1601 2347 ἒπαισχύνομαι.
1668 2290 1693 2326 ι
1754 2258 1902 2327 Καύ-

247 2370 419 2438 χησις
461 2352 563 2429 γὰρ
617 2355 868 2434 μεγίστη,
913 2355 975 2410 τὸ
1033 2356 1160 2434 ὑπὲρ
1232 2359 1458 2435 Χριστοῦ
1525 2380 1577 2413 τι
1639 2358 1892 2438 πάσχειν,

250 2430 410 2525 θυρᾷς
480 2446 596 2505 πῶς
679 2430 880 2523 ἀλείφει
937 2445 1069 2521 πρὸς
1119 2430 1415 2525 πειρασμὸν
1465 2447 1556 2502 τὸν
1627 2430 1893 2523 μαθητὴν,

247 2524 455 2592 δεικνὺς
485 2531 561 2592 ὡς
592 2531 635 2586 εί
689 2533 767 2606 μή
824 2554 904 2596 τις
947 2535 1331 2614 αἰσχυνόμενος
1386 2534 1683 2614 ὑπωταλῇ,
1743 2538 1897 2601 αὐτὸς

248 2617 279 2670 ὃ
335 2614 583 2703 ,κίνδυνος
657 2619 796 2696 ῥᾴων
852 2620 998 2678 ἔσται
1065 2628 1135 2700 τῇ
1200 2630 1293 2680 τοῦ
1376 2631 1604 2703 Χριστοῦ
1658 2626 1897 2701 βοηθείᾳ.

254 2725 279 2759 ι
335 2688 448 2764 ⁸δτι
503 2688 720 2773 δυνατόξ
777 2709 886 2767 ἐστι
918 2720 1017 2778 τήν
1076 2688 1391 2792 παραθήκην
1426 2688 1543 2789 ’μου
1586 2688 1830 2794 φυλάξαι.
1856 2688 1898 2771 ἰ

250 2797 580 2873 Παραθήκην
657 2800 787 2879 φησὶ
868 2800 967 2867 τὴν
997 2865 1023 2891 ν
1047 2803 1243 2878 πίστιν,
1306 2802 1371 2869 ἣν
1442 2801 1695 2881 παρέθετο
1762 2806 1906 2876 αὒτῷ

250 2886 278 2938 ὁ
340 2886 569 2963 Χριστὸς
624 2888 926 2967 κηρύσσειν,
1000 2886 1056 2945 Ἠ
1110 2891 1231 2955 τοὺς
1304 2891 1519 2955 πιστοὺς
1590 2889 1757 2971 λέγει,
1816 2893 1902 2957 οὓς

249 2973 396 3048 αὗτῷ
465 2976 493 3029 ὁ
564 2978 694 3039 Θεὸς
765 2976 1019 3056 παρέθετο
1075 2976 1295 3060 διδάξαι,
1361 2979 1397 3044 ἢ
1454 2981 1543 3044 οὓς
1614 2981 1771 3047 αὐτὸς
1825 2986 1903 3056 τῷ

249 3067 369 3138 Θεῷ
440 3063 713 3142 παρέθετο.

1983 1897 2228 1979 Oportet
2257 1909 2317 1965 te
2348 1921 2583 1983 quoque
2612 1904 2686 1965 ad
2728 1916 2944 1983 gentes
2996 1906 3311 1968 accedere.
3342 1905 3632 1970 Praeterea

1983 1996 2160 2052 etiam
2190 2011 2531 2055 sermonem
2564 1993 2763 2056 reddit
2794 1995 2982 2074 magis
3005 1995 3379 2059 credibilem.
3412 1997 3630 2070 (Quam

1985 2078 2061 2141 ob
2092 2099 2329 2142 causam
2361 2085 2536 2144 etiam
2589 2084 2716 2145 haec
2763 2089 2976 2165 patior.
3016 2111 3038 2143 υ
3075 2083 3353 2157 Quaenam
3402 2098 3493 2150 est
3531 2086 3631 2149 illa

1985 2169 2191 2230 causa?
2212 2168 2360 2241 Quia
2384 2187 2574 2250 praeco
2595 2189 2724 2232 sum
2747 2179 2803 2233 et
2822 2171 3161 2253 Apostolus.
3194 2172 3280 2237 Ac
3311 2174 3362 2235 si
3381 2174 3629 2237 diceret:

1982 2253 2110 2317 Non
2169 2265 2446 2340 tanquam
2508 2259 2812 2322 maleﬁcus
2846 2260 3091 2324 -vincior
3137 2269 3195 2324 et
3242 2262 3317 2324 ad
3362 2279 3635 2327 carceres

1984 2346 2204 2410 trahor.
2244 2371 2269 2403 ιι
2295 2348 2572 2409 Attamen
2604 2367 2722 2410 non
2766 2350 3083 2413 erubesco.
3121 2375 3150 2407 ι
3185 2352 3332 2413 Nam
3362 2351 3633 2430 gloriatio

1981 2435 2236 2497 maxima
2276 2444 2388 2514 est,
2452 2437 2571 2517 pati
2626 2436 2931 2519 quidpiam
2988 2458 3093 2520 pro
3152 2439 3407 2503 Christo.
3448 2441 3631 2506 Vides

1982 2526 2281 2606 quomodo
2312 2526 2671 2607 discipulum
2692 2528 2766 2590 ad
2794 2529 3147 2593 afﬂictiones
3178 2537 3505 2611 praeparet?
3528 2549 3630 2593 os-

1983 2615 2192 2677 tendes
2250 2616 2402 2697 quod
2436 2617 2485 2677 si
2516 2617 2647 2697 quis
2696 2617 2986 2698 pudeﬁeri
3038 2638 3158 2681 non
3201 2619 3629 2701 formidaverit,

1982 2703 2124 2764 260
2143 2704 2337 2785 ipsum
2376 2706 2707 2785 periculum
2743 2706 2961 2769 Christi
2985 2708 3204 2769 auxilio
3229 2707 3463 2771 facilius
3488 2711 3624 2772 erit.

1991 2817 2019 2848 α
2055 2793 2220 2866 Quod
2252 2802 2460 2874 potens
2490 2793 2565 2855 sit
2594 2794 2931 2875 depositum
2979 2814 3181 2859 meum
3232 2797 3557 2861 custodire.
3590 2820 3620 2858 ι

1982 2880 2327 2962 Depositum
2359 2881 2502 2944 dicit
2523 2882 2701 2944 ﬁdem
2724 2902 2909 2965 quam.
2923 2885 3372 2949 commendavit
3396 2886 3452 2947 ei
3468 2886 3633 2950 Chri-

1985 2976 2112 3031 stus
2154 2969 2613 3050 praedicandam,
2654 2972 2751 3033 vel
2792 2972 2998 3035 ﬁdeles
3031 2974 3193 3055 ipsos
3216 2992 3365 3055 quos
3388 2975 3439 3036 ei
3470 2974 3629 3036 Deus

815 3088 838 3123 ι
929 3065 1061 3124 Ἰδοὺ
1153 3058 1289 3149 γὰρ,
1356 3072 1505 3150 φησὶ,
1578 3072 1894 3150 παρατίθημι

1987 3058 2419 3121 commendavit
2447 3060 2771 3137 docendos,
2805 3069 2905 3123 aut
2948 3080 3099 3144 quos
3147 3065 3276 3144 ipse
3299 3062 3424 3125 Deo
3455 3081 3625 3124 com-

244 3136 385 3227 ὖμᾶς
463 3136 541 3229 τῷ
607 3155 799 3234 Κυρίῳ.
858 3175 889 3216 )
938 3160 1035 3220 Εἷς
1094 3155 1149 3214 δὲ
1167 3136 1179 3148 ’
1370 3136 1769 3239 παρατεθέντων
1810 3136 1894 3217 καὶ

1984 3147 2302 3211 mendavit.
2342 3147 2550 3225 «Ecce,
2574 3136 3039 3225 ait,commendo
3062 3136 3316 3214 vos-Deo
3336 3152 3385 3216 ³.
3416 3176 3438 3210 ι
3467 3150 3632 3215 Unus

245 3244 275 3297 ὁ
349 3245 629 3318 Τιμόθεος.
700 3244 870 3311 Φησὶν
934 3246 1024 3303 οὖν
1055 3263 1073 3283 ·
1120 3245 1258 3305 Οἶδα
1313 3247 1395 3304 ὅτι
1448 3248 1654 3316 ἐκεῖνος
1697 3254 1742 3325 ᾧ
1789 3271 1892 3307 πε-

245 3331 510 3387 πίστευκα
554 3333 642 3388 καὶ
709 3332 1021 3410 πέπεισμαι,
1075 3333 1288 3393 δύναται
1338 3335 1556 3417 φυλάξαι
1624 3339 1723 3407 τὴν
1785 3361 1896 3395 πα-

243 3422 487 3496 ραθήκην
526 3420 812 3481 ἀσάλευτον
854 3423 908 3479 ἐν
960 3424 1135 3503 ἐκείνη
1190 3428 1260 3494 τῆ
1311 3426 1505 3506 ἡμέρᾳ.
1585 3448 1608 3485 ι
1673 3419 1898 3485 ’Υποτύ-

246 3531 423 3567 πωσιν
458 3507 554 3589 ἔχε
604 3511 947 3594 ὑγιαινόντων
1000 3512 1198 3593 λόγων.
1261 3537 1286 3573 ι
1348 3519 1477 3575 Οῖον
1520 3516 1716 3594 εἰκόνα,
1752 3518 1899 3593 ὁμοί-

241 3618 401 3672 ωσιν,
465 3598 713 3685 μίμησιν,
803 3591 1175 3681 ’Υγιαινόντων
1229 3602 1305 3679 δὲ,
1380 3611 1485 3661 τῶν
1554 3607 1672 3685 περὶ
1699 3591 1894 3664 ⁷πίστιν

241 3688 365 3775 καὶ-
387 3688 524 3763 βίον.
600 3680 693 3754 Ὠς
763 3680 887 3769 οἵγε
960 3695 1079 3773 περὶ
1135 3692 1335 3773 ἄλλων,
1381 3696 1484 3775 οὐχ
1552 3680 1890 3774 ὑγιαίνουσιν.

248 3798 276 3828 α
335 3764 436 3831 Ὠν
491 3775 617 3857 παρ’
669 3777 798 3853 ἐμοῦ
837 3764 1109 3847 ⁷ἤκουσας.
1187 3806 1215 3839 ι
1272 3764 1345 3842 Οθ
1401 3764 1485 3842 δίᾶ
1564 3764 1892 3864 γραμμάτων

243 3863 409 3938 μόνον
479 3866 546 3921 τὰ
601 3867 836 3945 πρακτέα
890 3867 1107 3926 ὑπέθετο
1160 3871 1238 3946 τῷ
1295 3875 1532 3950 μαθητῇ,
1580 3863 1739 3931 γάλλά
1806 3875 1895 3931 καὶ

241 3953 417 4042 στόμα
461 3955 592 4032 πρὸς
650 3956 824 4032 στόμα
877 3956 1154 4017 ἐντέταλτο
1197 3964 1361 4034 αὐτῷ.
1421 3961 1571 4020 Οὕτω
1623 3963 1722 4042 γὰρ
1805 3968 1894 4024 καὶ

240 4041 329 4098 ἐπὶ
384 4044 601 4100 πάντων
672 4043 859 4104 ἐποίει.
934 4050 1027 4103 Διὸ
1096 4046 1280 4124 μηδεὶς
1337 4050 1595 4126 νομιζέτω
1662 4041 1891 4114 ἐλλιπῶς

240 4130 391 4212 ἔχειν
463 4133 558 4196 τὰς
616 4131 921 4210 ἐπιστολὰς,
997 4135 1081 4192 ὅτι
1135 4138 1214 4212 μὴ
1271 4140 1388 4218 περὶ
1444 4139 1654 4196 πάντων
1723 4138 1893 4196 διαλέ-

238 4243 450 4298 γονται.
519 4245 547 4276 α
596 4218 684 4278 Ἐν
740 4223 913 4279 πίστει
956 4225 1044 4281 καὶ
1085 4225 1291 4304 ἀγάπη.
1357 4249 1382 4285 ι
1444 4224 1535 4285 Ἐν
1576 4228 1747 4285 πίστει
1790 4229 1889 4308 γὰρ

237 4310 330 4365 καὶ
386 4310 572 4388 ἀγάπη
726 4309 811 4368 διὰ
868 4320 1093 4391 Χριστοῦ
1148 4313 1353 4394 δοθείσῃ
1409 4318 1551 4392 αὖρτῷ
1620 4320 1667 4376 οἱ
1735 4317 1886 4397 λόγοι

1978 3244 2175 3299 autem
2204 3238 2752 3301 commendatorum
2784 3249 2907 3301 erat
2937 3239 3305 3303 Timotheus.
3338 3239 3497 3302 Dicit
3527 3259 3628 3303 er-

1979 3345 2052 3407 go
2078 3344 2091 3389 :
2122 3325 2265 3388 Novi
2295 3326 2453 3407 quod
2468 3326 2569 3389 ille
2586 3327 2682 3388 cui
2702 3329 2931 3390 credidi
2969 3337 3028 3390 et
3059 3329 3522 3410 conﬁdi,potens
3552 3330 3630 3390 sit

1980 3414 2278 3477 custodire
2320 3415 2652 3496 depositum
2698 3415 3114 3478 inconcussum
3144 3418 3206 3478 in
3236 3417 3403 3479 illum
3433 3417 3619 3481 diem.

1986 3525 2010 3561 α
2038 3504 2312 3565 Formam
2340 3504 2552 3565 habeto
2583 3522 2862 3566 sanorum
2903 3524 3271 3567 sermonum.
3320 3529 3341 3564 ι
3375 3505 3501 3568 Hoc
3533 3514 3623 3569 est

1976 3591 2320 3672 imaginem,
2365 3591 2843 3669 similitudinem,
2878 3594 3291 3656 imitationem.
3329 3593 3623 3657 Sanorum

1976 3690 2172 3745 autem
2206 3693 2271 3744 ut
2310 3682 2411 3763 qui
2439 3684 2556 3743 sint
2584 3682 2741 3743 circa
2781 3684 2962 3747 ﬁdem
2993 3693 3052 3746 et
3080 3684 3284 3761 vitam,
3332 3693 3623 3765 tanquam

1976 3770 2077 3851 qui
2100 3774 2258 3831 circa
2288 3769 2402 3831 alia
2429 3778 2588 3851 sunt,
2640 3770 2770 3831 sani
2819 3790 2938 3832 non
2989 3771 3127 3832 sint.
3166 3796 3192 3827 tl
3227 3770 3388 3845 Quos
3417 3772 3492 3833 ad
3524 3789 3618 3833 me

1975 3859 2214 3922 audisti.
2250 3883 2278 3916 ι
2310 3858 2440 3921 Non
2485 3877 2591 3939 per
2639 3861 2793 3921 solas
2834 3860 3135 3941 epistolas,
3187 3879 3322 3944 qua:
3350 3860 3624 3925 facienda

1975 3956 2116 4010 sunt
2144 3948 2434 4029 discipulo
2492 3949 2817 4029 proposuit,
2851 3949 2955 4012 sed
3012 3958 3071 4011 et
3121 3968 3224 4012 ore
3278 3969 3476 4013 coram
3505 3951 3623 4033 ipsi

1977 4038 2277 4118 praecepit.
2308 4035 2452 4099 Nam
2503 4037 2580 4098 ita
2623 4037 2685 4098 in
2728 4037 3006 4099 omnibus
3049 4057 3288 4120 quoque
3338 4039 3619 4106 faciebat.

1974 4124 2061 4188 Ne
2094 4127 2226 4207 quis
2256 4126 2453 4206 itaque
2502 4124 2562 4186 in
2613 4125 2877 4207 epistolis
2906 4127 3127 4208 aliquid
3158 4128 3369 4190 deesse
3410 4130 3616 4191 existi-

1974 4222 2118 4289 met,
2150 4214 2306 4296 quod
2339 4231 2457 4274 non
2488 4213 2561 4274 de
2592 4213 2870 4276 omnibus
2890 4214 3210 4276 disserant.
3253 4219 3407 4279 «Per
3434 4217 3614 4280 ﬁdem

1970 4310 2029 4364 et
2056 4300 2585 4365 charitatem.aPer
2603 4301 2783 4364 ﬁdem
2812 4302 2974 4365 enim
3006 4310 3064 4365 et
3094 4304 3451 4367 charitatem
3483 4326 3614 4387 qua;

236 4399 474 4477 ἐγίνοντο
524 4401 614 4456 καὶ
668 4403 720 4456 αἱ
777 4389 1010 4482 διδαχαί.
1077 4423 1107 4463 ι
1165 4405 1274 4472 Τὴν
1328 4389 1533 4465 καλὴν
1571 4389 1885 4486 παραθήκην

1979 4391 2086 4471 ipsi
2115 4410 2223 4472 per
2249 4390 2546 4452 Christum
2570 4389 2711 4486 data
2730 4392 3164 4486 _erat,_fuerunt
3212 4410 3523 4486 sermones
3553 4404 3612 4455 et

234 4486 490 4567 φύλαξον.
555 4510 582 4548 ι
643 4492 962 4566 Παραθήκην
1020 4494 1148 4572 φησὶ
1188 4493 1289 4561 τὴν
1330 4493 1505 4550 πίστιν
1558 4497 1647 4552 καὶ
1693 4495 1887 4572 ἐπιμέ-

232 4576 386 4633 λειαν
447 4582 546 4646 τῆς
606 4578 1039 4654 ἐμπιστευθείσης
1114 4584 1257 4658 αὖτῴ
1327 4580 1671 4651 Ἐκκλησίας.
1749 4586 1887 4643 Εἶτα

230 4664 495 4722 δείκνυσιν
573 4665 654 4723 ὅτι
724 4668 820 4724 οὒκ
886 4668 1180 4750 ἀνθρωπίνη
1245 4672 1400 4751 ἰσχὺς
1456 4672 1611 4751 ἀρκεῖ
1667 4674 1734 4733 τὰ
1787 4695 1885 4729 το-

230 4761 404 4812 σαῦτα
449 4754 691 4835 φυλάξαι.
726 4755 906 4814 Πολλὰ
934 4758 1033 4838 γὰρ
1059 4760 1125 4816 τὰ
1154 4757 1466 4835 κωλύματα.
1506 4752 1887 4818 ’Υποδείκνυσιν

229 4844 323 4901 οὖν
522 4843 784 4924 φυλακῆς.
819 4844 1058 4904 Φύλαττε
1086 4849 1209 4928 γὰρ,
1255 4850 1406 4927 φησὶ,
1456 4846 1541 4905 διὰ
1581 4851 1884 4926 Πνεύματος

228 4934 412 5010 ἁγίου,
460 4924 553 4997 Ὠς
583 4934 628 4990 εί
669 4935 824 4991 εἶπεν
858 4952 873 4965 ⁸
905 4924 1209 4994 Σπουδᾶσον
1239 4924 1382 5018 ἔχειν
1412 4940 1473 4994 τὸ
1502 4924 1727 5015 Πνεῦμα
1743 4940 1884 5018 παρᾶ

228 5024 315 5077 σοὶ
343 5020 530 5102 μένον,
577 5022 664 5077 καὶ
691 5023 771 5099 μὴ
800 5022 1071 5100 ἀπελάσῃς
1102 5026 1227 5084 αὐτὸ
1276 5024 1359 5082 διὰ
1384 5025 1589 5106 φαύλης
1619 5027 1881 5106 ἀναστρο-

227 5116 362 5190 φῆς,
394 5112 486 5168 καὶ
514 5109 756 5192 φυλάξεις
785 5113 883 5180 τὴν
912 5116 1243 5192 παραθήκην.
1296 5134 1327 5175 (
1377 5114 1502 5172 Ἐὰν
1530 5117 1631 5197 γὰρ
1661 5117 1737 5192 μὴ
1768 5117 1879 5175 Κό-

228 5221 368 5277 ριος,
405 5201 591 5281 φησὶν,
641 5198 970 5277 οἷκοδομήσῃ
1012 5202 1164 5259 οἷκον
1208 5205 1296 5261 καὶ
1339 5202 1494 5260 πόλιν
1549 5203 1749 5284 φυλάξῃ
1810 5207 1880 5272 είς

230 5292 410 5363 μάτην
471 5289 759 5347 ἑκοπίασαν
817 5292 864 5345 οἱ
906 5287 1298 5366 οἰκοδομοῦντες
1364 5293 1451 5348 καὶ
1493 5296 1540 5350 οἱ
1581 5292 1878 5373 φυλάσσον-

226 5400 339 5444 τίς.
372 5404 402 5435 ι

312 5630 342 5681 2
369 5634 498 5696 Act.
533 5645 644 5707 xx,
678 5625 779 5695 32.
807 5627 842 5681 5
869 5625 1025 5693 Psal.’
1054 5645 1251 5707 CXXVI,
1286 5632 1341 5695 1.

1968 4481 2276 4543 doctrinae.
2315 4504 2342 4536 (ι
2374 4477 2688 4558 Egregium
2710 4479 3040 4560 depositum
3070 4490 3323 4542 servato.
3362 4506 3389 4537 »
3424 4481 3621 4560 Depo-

1967 4569 2143 4631 situm
2173 4569 2313 4630 dicit
2333 4568 2509 4630 ﬁdem
2534 4585 2602 4632 ac
2617 4568 2985 4649 diligentiam
3018 4570 3178 4631 circa
3198 4570 3603 4633 concreditam

1966 4657 2443 4738 ipsiEcclesiam.
2476 4655 2705 4719 Deinde
2734 4657 2997 4721 ostendit
3020 4658 3339 4720 humanam
3365 4676 3483 4719 non
3505 4660 3623 4721 suf-

1967 4749 2145 4812 ﬁcere
2175 4748 2495 4830 potentiam
2514 4750 2587 4810 ad
2615 4756 2774 4811 tanta
2798 4750 3207 4812 custodienda.
3234 4749 3419 4812 Multa
3444 4750 3610 4811 enim

1966 4846 2105 4901 sunt
2134 4857 2262 4920 quae
2291 4837 2606 4900 obsistunt.
2640 4838 2808 4900 Viam
2836 4838 3016 4917 igitur
3042 4856 3111 4899 ac
3134 4837 3377 4898 modum
3409 4844 3614 4900 custo-

1966 4928 2080 4991 dia:
2109 4928 2355 4990 indicat.
2390 4927 2660 5005 Servate,
2692 4928 2905 5009 inquit,
2939 4946 3046 5008 per
3087 4926 3377 5008 Spiritum
3433 4946 3612 4991 sanc-

1966 5020 2206 5080 tum.Ac
2234 5018 2284 5077 si
2306 5018 2533 5079 diceret
2571 5035 2584 5080 :
2613 5018 2766 5080 Cura
2804 5014 3083 5096 Spiritum
3113 5016 3337 5079 habere
3366 5017 3521 5098 apud
3557 5028 3613 5080 te

1966 5114 2330 5181 manentem,
2367 5123 2561 5186 neque
2590 5123 2763 5186 prava
2794 5106 3242 5167 conversatione
3275 5105 3471 5185 ipsum
3505 5123 3609 5166 re-

1963 5196 2171 5279 pellas,
2200 5204 2258 5258 et
2286 5195 2621 5275 depositum
2646 5194 2967 5256 custodies.
2996 5220 3022 5249 (ι
3074 5194 3201 5257 Nisi
3230 5195 3390 5256 enim
3413 5193 3614 5255 Domi-

1961 5306 2076 5349 nus
2104 5283 2481 5347 zediﬁcaverit
2528 5283 2767 5344 domum
2800 5291 2858 5345 et
2887 5284 3239 5347 custodierit
3285 5282 3606 5360 civitatem,

1961 5376 2024 5437 in
2051 5391 2264 5436 vanum
2298 5372 2713 5435 laboraverunt
2743 5372 2843 5453 qui
2894 5373 3186 5435 aediﬁcant
3214 5372 3435 5454 quique
3475 5390 3612 5434 cus-

1964 5467 2199 5530 todiunt
2226 5464 2277 5524 3.
2323 5489 2366 5541 ι,
