4152 6216
480 348 589 416 211

560 488 755 570 Pape!
810 502 1032 571 quanta
1075 490 1332 570 dignitas
1381 489 1629 551 militem
1683 507 1813 550 esse
1862 483 2187 552 Christi”

483 574 730 655 Signum
762 586 960 641 autem
995 578 1198 640 militis
1223 574 1311 640 est
1330 578 1488 639 terre
1505 577 1770 640 adversa.
1786 576 2002 639 «Nemo
2025 574 2126 657 qui

479 665 749 729 militat.»
785 666 985 729 Militis
1017 667 1158 728 fecit
1192 665 1579 743 mentionem,
1605 667 1926 728 ostendens
1966 665 2126 747 quod

481 764 821 836 promptum
854 764 913 818 et
940 755 1224 816 audacem
1257 773 1388 817 esse
1420 763 1691 835 oporteat
1740 754 1959 817 Chrisﬁ
1994 773 2125 816 ser-

478 863 609 906 vum
650 864 663 907 :
700 846 942 907 athletae
1000 864 1138 908 vero
1200 845 1430 922 dicens,
1488 845 1613 903 Ἐὰν
1642 846 1696 903 δὲ
1726 849 1812 904 καὶ
1845 846 1977 923 ἀθλῇ
2019 869 2122 925 τις,

480 934 540 995 id
571 933 856 1013 εει,ουοά
881 933 931 995 si
949 942 1133 996 certet
1154 935 1330 996 etiam
1357 932 2125 1015 aliquis,utostendatquod

483 1040 615 1084 esse
647 1021 861 1083 debeat
889 1021 948 1082 in
984 1024 1263 1084 continuo
1296 1022 1520 1086 labore.
1574 1022 1637 1085 Si
1681 1043 1846 1104 ergo,
1904 1022 2119 1103 inquit,

477 1111 530 1171 is
561 1110 662 1191 qui
695 1119 933 1172 terreno
964 1113 1090 1191 regi
1123 1112 1353 1187 militat,
1407 1131 1527 1173 non
1578 1111 1919 1194 implicatur
1944 1111 2125 1172 rebus

485 1217 618 1279 quae
647 1197 996 1262 abstrahunt
1025 1219 1159 1262 eum
1191 1199 1264 1261 ab
1309 1201 1512 1277 armis,
1546 1210 1763 1281 quanto
1811 1200 1998 1278 magis
2029 1199 2127 1279 qui

486 1287 713 1349 ccelesti
743 1287 869 1366 regi
898 1306 1029 1350 sese
1062 1289 1381 1364 dedicavit,
1426 1290 1675 1370 ejusque
1708 1288 1933 1351 militiae
1961 1286 2130 1351 addi-

483 1376 589 1438 xit.
621 1401 646 1431 α
672 1375 800 1437 Nisi
828 1376 1091 1451 legitime
1116 1378 1488 1443 certaverit.»
1524 1381 1659 1443 Non
1691 1377 1851 1440 enim
1877 1376 2017 1439 satis
2042 1383 2130 1439 est

1613 356 2020 421 OECUMENII
2063 356 2356 420 TRICCE
2399 356 2732 421 EPISCOPI

3738 353 3857 418 212

2293 483 2478 558 Βαϐαὶ,
2539 484 2660 542 ὅσον
2711 488 2772 542 τὸ
2827 484 3054 561 ἀξίωμα,
3120 484 3449 564 στρατιώτην
3508 486 3650 541 εἶναι
3720 492 3854 564 Χρι-

2209 582 2378 653 στοῦ;
2445 582 2654 652 Δεῖγμα
2709 572 2763 629 δὲ
2816 573 3136 652 στρατιώτου
3191 575 3252 628 τὸ
3294 576 3643 639 κακοπαθεῖν.
3685 592 3715 632 ι
3746 574 3855 629 Οὔ-

2208 659 2310 725 δεὶς
2366 663 2804 739 στρατευόμενος.
2882 684 2905 719 ε
2988 661 3320 741 Στρατιώτου
3392 660 3655 741 ἐμνήσθη,
3739 658 3852 715 δει-

2209 750 2330 814 κνὺς
2388 751 2463 812 ὡς
2517 752 2779 825 πρόὼμον
2821 750 2911 806 καὶ
2964 749 3256 826 τολμητίαν
3316 750 3457 807 εἶναι
3493 748 3577 806 δεῖ
3603 751 3694 805 τὸν
3727 757 3859 827 Χρι-

2211 845 2335 895 στοῦ
2409 837 2589 896 δοῦλον
2627 854 2641 869 ⁶
2699 837 2928 906 ἀθλητοῦ
2980 838 3058 919 δὲ,
3139 837 3339 901 δεικνὺς
3409 836 3489 893 ὅτι
3584 838 3858 908 ἀσκήσεως

2208 928 2349 1001 αῦτῷ
2378 929 2531 1008 χρεία
2588 926 2883 995 διηνεκοῦς.
2939 928 2997 985 Εἰ
3054 928 3164 1008 οὖν,
3210 928 3391 1007 φησὶν,
3454 929 3482 983 6
3538 934 3614 1001 τῷ
3644 927 3859 1004 ὲπιγείῳ

2208 1016 2422 1093 βασιλεῖ
2503 1017 2939 1096 στρατευόμενος,
3013 1016 3108 1072 οὒκ
3178 1014 3496 1089 ἐμπλέκεται
3582 1015 3853 1094 πράγμασι

2208 1118 2324 1169 τοῖς
2356 1104 2670 1185 ἀφέλκουσιν
2742 1106 2896 1161 αὐτὸν
2953 1110 3056 1160 τῶν
3114 1102 3312 1173 ὅπλων,
3373 1102 3524 1177 πόσῳ
3595 1102 3799 1179 μᾶλλον
3831 1105 3859 1158 6

2208 1199 2286 1267 τῷ
2355 1194 2577 1273 οὐρανίῳ
2630 1192 2843 1270 βασιλεῖ
2914 1192 3099 1249 ἑαυτὸν
3151 1192 3356 1255 ἀναθεὶς
3424 1192 3512 1247 καὶ
3568 1189 3859 1270 στρατολο-

2211 1284 2407 1361 γήσας.
2447 1306 2473 1337 ›)
2510 1283 2634 1339 Ἐὰν
2664 1284 2741 1357 μὴ
2786 1281 3026 1357 νομίμως
3083 1279 3314 1360 ἀθλήσῃ,
3367 1302 3394 1334 ι)
3438 1283 3510 1338 Οὔ
3562 1281 3661 1358 γὰρ
3704 1280 3859 1358 ἀρκεῖ

2212 1371 2396 1446 μόνον,
2458 1372 2608 1451 φησὶ,
2668 1372 2730 1427 τὸ
2784 1370 3098 1445 ἀλείψασθαι
3167 1369 3203 1437 ἢ
3290 1369 3361 1430 εἷς
3414 1368 3637 1443 σκάμμα
3691 1366 3855 1423 εἷσελο

2209 1462 2347 1532 θεῖν,
2421 1457 2458 1526 ἢ
2530 1457 2903 1534 συμπλακῆναι
2974 1463 3051 1531 τῷ
3108 1455 3403 1535 ἀντιπάλῳ,
3454 1455 3590 1512 ἀλλᾶ
3642 1453 3725 1513 δεῖ
3766 1458 3855 1511 καὶ

479 1551 672 1631 gredi,
696 1559 796 1613 aut
828 1570 964 1614 cum
998 1544 1169 1618 hoste
1192 1573 1516 1618 conserere
1550 1574 1780 1630 manus,
1817 1556 1922 1617 sed
1949 1572 2126 1635 opor-

2217 1546 2607 1625 ἑγκρατεύεσθαι
2717 1548 2805 1603 καὶ
2889 1545 3139 1612 .νικῆσαι,
3244 1547 3406 1608 Οὗτος
3512 1545 3612 1622 γὰρ
3694 1544 3856 1619 νόμος

482 1646 567 1700 tet
599 1641 775 1701 etiam
808 1640 1063 1704 tolerare
1091 1662 1160 1705 ac
1192 1643 1431 1705 vincere
1467 1663 1479 1707 :
1519 1646 1642 1706 haec
1690 1647 1849 1705 enim
1896 1632 2005 1705 est—
2033 1642 2127 1704 lex

2217 1633 2503 1705 ἂθλήσεως.
2597 1655 2621 1692 ι
2711 1637 2812 1692 Τὸν
2894 1637 3160 1690 κοπιῶντα
3213 1632 3469 1712 γεωργόν.
3551 1655 3574 1689 ι
3638 1636 3710 1692 Οῦ
3766 1636 3856 1689 τὸν

485 1729 851 1791 certaminis.
886 1750 909 1784 α
938 1730 1326 1793 Laborantem
1359 1732 1703 1809 agricolam.
1732 1758 1758 1787 ιο
1789 1735 1917 1795 Non
1947 1731 2126 1810 negli-

2217 1722 2409 1799 Ξιμελῆ,
2469 1722 2607 1779 ἀλλὰ
2647 1745 2738 1800 τον
2804 1727 3097 1784 κοπιῶντα,
3160 1724 3259 1780 Καὶ
3300 1723 3400 1801 γὰρ
3469 1722 3556 1778 καὶ
3599 1719 3853 1779 διδάσκα-

485 1824 719 1896 gentem
756 1838 771 1879 :
805 1819 914 1881 sed
944 1837 1077 1881 eum
1111 1820 1213 1900 qui
1245 1807 1493 1882 laborat.
1532 1820 1767 1882 Etenim
1799 1807 2129 1902 praeceptor

2217 1813 2303 1875 λος
2335 1815 2362 1868 6
2405 1819 2604 1868 κοπιῶν
2662 1814 2779 1892 περὶ
2831 1813 2952 1874 τοὺς
2997 1812 3257 1889 μαθητὰς,
3315 1807 3541 1884 ἀμοιϐὰς
3587 1809 3687 1875 ἕξει
3718 1814 3859 1890 παρα

485 1924 719 1985 quoque
741 1906 842 1987 qui
872 1908 1100 1970 laborat
1120 1896 1279 1970 circa
1298 1909 1647 1990 discipulos,
1683 1896 1923 1990 praemia
1952 1929 1985 1971 a
2000 1896 2128 1972 Deo

2217 1910 2345 1960 Θεοῦ
2400 1900 2525 1980 ὑπὲρ
2580 1906 2679 1968 τῆς
2736 1908 2840 1958 τῶν
2901 1903 3153 1976 μαθητῶν
3208 1896 3487 1977 ὠφελείας.
3535 1932 3612 1942 -
3679 1920 3701 1952 ιι
3762 1910 3857 1955 Δεῖ

485 1992 729 2057 habebit
759 1985 877 2075 pro
929 1996 1180 2059 utilitate
1228 2006 1285 2060 et
1331 1985 1643 2059 commodo
1675 1985 2128 2078 discipulorum.

2217 1995 2420 2070 πρῶτον
2490 1995 2594 2046 τῶν
2651 1992 2866 2078 καρπῶν
2931 1985 3377 2064 μεταλαμϐάνειν,
3461 2011 3480 2041 ι
3581 1989 3849 2064 ιΓΡΗΓΟ-

483 1470 710 1526 tantum
741 1464 969 1544 inungi,
1006 1466 1219 1547 inquit,
1274 1475 1375 1527 aut
1426 1467 1618 1529 locum
1655 1465 1996 1530 certaminis
2027 1465 2125 1526 in-

490 2106 517 2135 ‹‹
543 2079 787 2162 Oportet
818 2084 1075 2164 primum
1107 2085 1180 2145 de
1211 2080 1497 2147 fructibus
1527 2085 1870 2167 participem
1905 2104 2057 2148 esse.
2102 2110 2125 2145 ν

487 2169 655 2242 Quod
683 2181 1077 2253 prmceptores
1101 2173 1159 2234 in
1181 2174 1399 2255 seipsis
1424 2174 1679 2255 primum
1705 2174 1860 2236 bona
1883 2194 2134 2255 opercn-

492 2267 587 2320 tur
602 2278 733 2335 quae
757 2260 995 2322 docent.
1023 2262 1160 2323 264
1179 2261 1323 2325 Nam
1343 2264 1456 2325 hoc
1473 2271 1581 2337 est,
1613 2263 1868 2343 primum
1901 2271 2133 2344 oporte-

500 2365 567 2408 re
588 2347 884 2412 fructuum
919 2351 1235 2431 participes
1257 2370 1565 2432 esse,quos
1595 2350 1862 2431 sibiipsis
1878 2351 2134 2429 primum

501 2446 639 2498 ante
664 2436 811 2499 alios
843 2457 950 2519 per
978 2439 1225 2501 virtutes
1276 2440 1499 2502 colunt.
1548 2439 1746 2501 Militis
1794 2438 2034 2520 quidem
2078 2448 2136 2501 et

489 2524 723 2586 athleta;
755 2527 1091 2607 exemplum
1125 2527 1302 2589 etiam
1348 2527 1655 2608 discipulis
1685 2528 2134 2608 quadratzagri-

497 2613 643 2674 colae
672 2632 834 2690 vero,
878 2616 1020 2677 solis
1075 2616 1557 2697 praeceptoribus.
1619 2615 2129 2688 Quemadmodum

486 2701 668 2777 enim,
700 2701 912 2783 inquit,
946 2705 1411 2784 agricola,terrae
1459 2724 1526 2767 ac
1583 2705 1880 2767 fructuum
1926 2724 2130 2767 curam

495 2790 696 2866 habet,
731 2792 811 2854 ita
841 2799 898 2854 et
930 2801 987 2854 tu
1009 2793 1439 2874 discipulorum
1468 2812 1535 2856 ac
1567 2793 2028 2874 praedicationis.
2060 2794 2133 2856 Et

490 2878 625 2940 vide
654 2881 952 2961 quomodo
983 2882 1726 2964 respondeat.Praeceptor,
1757 2882 1969 2965 inquit,
2002 2884 2128 2964 pri-

494 2988 622 3031 mus
681 2970 929 3035 utilitate
985 2971 1410 3052 discipulorum
1462 2972 1677 3034 fruitur
1718 2973 1872 3055 apud
1915 2972 2126 3053 Deum,

497 3059 996 3139 quemadmodum
1026 3061 1283 3139 agricola
1308 3061 1623 3123 fructibus.

574 3145 828 3222 II,7-lO.
855 3147 1197 3213 Considera
1227 3168 1362 3228 quce
1384 3150 1664 3213 dieo.Det
1693 3151 1852 3212 enim
1880 3148 1990 3212 tibi
2014 3149 2133 3211 Do-

494 3236 698 3298 minus
747 3238 816 3299 in
860 3236 1137 3301 omnibus
1166 3238 1558 3303 intellectum.
1590 3240 1887 3304 Memento
1926 3241 2130 3300 Jesum

491 3324 800 3387 Christum
830 3333 1233 3389 resurrexz’sse
1263 3346 1342 3390 ea;
1370 3329 1632 3405 mortuis
1653 3346 1730 3391 ea:
1756 3329 1983 3391 semine
2003 3328 2129 3389 Da-

488 3414 591 3476 vid
620 3415 944 3477 secundum
975 3415 1382 3496 Evangelium
1423 3435 1647 3498 meum,
1692 3420 1760 3480 in
1807 3434 1922 3497 quo
1953 3416 2133 3479 malis

490 3502 724 3582 afﬂigar
773 3505 953 3584 quasi
1003 3506 1386 3583 facinorosus
1436 3523 1620 3584 usque
1649 3507 1727 3568 ad
1757 3505 2023 3579 vincula,
2071 3511 2135 3568 at

488 3607 687 3653 sermo
718 3590 836 3654 Dei
856 3610 981 3655 non
1001 3600 1093 3655 est
1120 3595 1372 3657 vinctus.
1408 3594 1733 3675 Propterea
1762 3596 1968 3657 omnia
2001 3595 2133 3672 suf-

485 3684 613 3747 fero
666 3687 913 3762 propter
961 3682 1203 3760 electos,
1253 3691 1322 3747 ut
1367 3691 1425 3748 et
1474 3688 1592 3765 ipsi
1633 3684 1891 3747 salutem
1925 3699 2131 3745 conse-

487 3776 783 3848 quantur,
818 3789 956 3850 qua:
985 3776 1071 3833 est
1100 3773 1165 3833 in
1192 3771 1337 3834 Jesu
1368 3791 1507 3836 eum
1538 3774 1743 3855 gloria
1774 3780 2023 3835 (eterna.

569 3856 859 3929 Quoniam
893 3859 1091 3920 omnia
1120 3860 1348 3923 dixerat
1369 3862 1430 3922 in
1452 3862 1748 3943 parabolis
1770 3880 1901 3942 quae
1930 3861 2003 3921 de
2028 3859 2134 3921 mi-

492 3944 595 4007 lite
646 3954 837 4024 erant,
891 3947 966 4009 de
1017 3948 1236 4011 athleta
1274 3960 1333 4013 et
1363 3951 1435 4013 de
1468 3950 1745 4031 agricola,
1793 3951 1873 4011 ait
1926 3966 2128 4011 nunc:

496 4057 519 4090 ι
546 4035 877 4098 Considera
896 4055 1023 4117 quae
1045 4037 1178 4099 dico
1197 4059 1210 4099 :
1226 4059 1254 4099 »
1275 4042 1446 4119 cujus
1471 4058 1644 4101 causa
1670 4043 1861 4101 dicam
1888 4060 1900 4102 :
1924 4039 1990 4101 In
2013 4058 2134 4100 om-

490 4121 705 4185 nibus:
742 4147 764 4178 »
788 4123 862 4186 Ut
894 4132 954 4185 et
983 4125 1277 4206 intelligas
1307 4136 1369 4189 ut
1403 4136 1683 4208 oportet,,
1716 4139 1770 4189 et
1808 4136 2025 4191 caetera
2053 4128 2129 4190 fa-

488 4211 610 4271 cias
634 4217 699 4273 ut
730 4211 927 4275 decet.
985 4237 1004 4268 ε
1042 4217 1339 4278 Memento
1364 4218 1564 4279 Jesum
1599 4216 1897 4280 Christum
1923 4236 2132 4279 resur-

488 4298 979 4363 rexisse.nSimul
1008 4301 1185 4365 etiam
1226 4304 1509 4367 adversus
1557 4305 1866 4367 haereticos
1907 4307 2134 4368 ﬁrmio-

2219 2069 2365 2137 ΡῙΟΥ
2422 2078 2745 2158 ΝΥΣΣΗΣ]
2835 2069 2926 2141 Ὠς
2996 2077 3102 2133 τῶν
3158 2074 3479 2136 διδασκάλων
3538 2077 3739 2155 πρῶτον
3799 2077 3853 2132 ἐν

2219 2167 2428 2231 ἑαυτοῖς
2491 2167 2876 2247 κατορθούντων
2933 2165 3068 2243 ἅπερ
3135 2163 3450 2223 διδὲσκουσι.
3513 2165 3677 2223 Τοῦτο
3758 2168 3856 2245 γάρ

2217 2254 2351 2337 ἐστι,
2414 2258 2473 2313 τὸ
2532 2254 2647 2312 δεῖν
2717 2261 2923 2335 πρῶτον
2977 2261 3084 2310 τῶν
3137 2259 3354 2333 καρπῶν
3409 2250 3855 2332 μεταλαμϐάνειν,

2217 2348 2289 2402 ῶν
2333 2351 2434 2425 πρὸ
2491 2352 2594 2402 τῶν
2654 2343 2830 2401 ἄλλων
2887 2344 3098 2406 ἑαυτοῖς
3165 2341 3250 2399 διὰ
3313 2348 3417 2397 τῶν
3459 2342 3656 2421 ἀρετῶν
3689 2365 3858 2421 γεωρ-

2215 2444 2417 2513 γοῦσιν.
2478 2437 2548 2493 Τὸ
2592 2434 2689 2509 μὲν
2746 2443 2837 2492 τοῦ
2893 2432 3215 2511 στρατιώτου
3270 2432 3357 2486 καὶ
3416 2429 3612 2497 ἂλητοῦ
3678 2433 3856 2509 παρά-

2214 2521 2422 2602 δειγμα,
2486 2525 2571 2579 καὶ
2629 2525 2900 2602 μαθηταῖς
2983 2521 3221 2601 ἁρμόζει,
3311 2521 3372 2575 τὸ
3455 2518 3511 2576 δὲ
3592 2527 3850 2599 γεωργοῦ,

2213 2600 2541 2675 διδασκάλοις
2598 2610 2804 2687 μόνοις,
2866 2600 3081 2688 ’Ὥσπερ
3138 2609 3261 2686 γὰρ,
3311 2608 3494 2688 φησὶν,
3541 2611 3570 2664 6
3620 2611 3855 2686 γεωργὸς

2214 2701 2312 2767 τῆς
2380 2706 2482 2779 γῆς
2536 2702 2624 2756 καὶ
2693 2704 2799 2755 τῶν
2866 2704 3083 2778 καρπῶν
3126 2709 3337 2753 ποεϊται
3379 2695 3643 2777 φροντίδα,
3716 2697 3855 2752 οὕτω

2217 2790 2303 2843 καὶ
2369 2789 2430 2843 σὺ
2487 2790 2588 2846 τῶν
2660 2790 2911 2863 μαθητῶν
2967 2788 3055 2842 καὶ
3140 2794 3234 2844 σοῦ
3317 2786 3677 2864 κηρύγματος.
3756 2787 3854 2842 Καὶ

2218 2873 2315 2956 ὅρα
2354 2875 2451 2943 τὴν
2481 2874 2758 2937 ἀντίδοσιν,
2794 2880 2902 2943 Τῆς
2945 2873 3223 2956 ὠφελείας,
3257 2875 3407 2954 φησὶ,
3447 2880 3552 2931 τῶν
3580 2876 3849 2949 μαθητῶν,

2216 2970 2423 3043 πρῶτος
2455 2966 2482 3020 6
2512 2962 2822 3029 διδάσκαλος
2845 2963 3099 3022 ἀπολαύει
3129 2962 3270 3042 παρὰ
3323 2962 3462 3043 Θεῷ,
3512 2963 3690 3040 ὥσπερ
3748 2964 3853 3019 τῶν

2150 3057 2190 3107 C
2215 3059 2429 3132 καρπῶν
2460 3055 2487 3109 ὁ
2520 3053 2779 3132 γεωργός.

2299 3158 2330 3199 (
2387 3140 2509 3199 Νόει
2565 3141 2598 3196 ἃ
2660 3139 2823 3218 λέγῳ.
2888 3141 3012 3215 Δῴη
3064 3140 3163 3220 γάρ
3205 3163 3289 3198 σοι
3344 3142 3372 3197 6
3428 3140 3612 3219 Κύριος
3658 3140 3854 3194 σύνεσιν

2213 3227 2267 3284 ἐν
2336 3235 2488 3291 πᾶσι,
2556 3228 2864 3303 Μνημόνευε
2945 3227 3150 3295 Ἰησοῦν
3220 3229 3445 3306 Χριστὸν
3503 3220 3869 3306 ἐγηγερμένον

2214 3317 2274 3374 ἐκ
2340 3323 2535 3397 νεκρῶν
2591 3316 2652 3373 ἐκ
2707 3316 3003 3397 οπέρματος
3063 3315 3219 3374 Δαυὶδ
3283 3317 3419 3372 κατὰ
3500 3318 3561 3372 τὸ
3616 3317 3855 3393 Εύαγγέ·

2214 3405 2323 3464 λιόν
2408 3429 2534 3488 μου,
2619 3405 2673 3462 ἐν
2756 3410 2802 3481 ᾧ
2854 3409 3138 3463 κακοπαθῶ
3181 3405 3342 3486 μέχρι
3384 3403 3589 3480 δεσμῶν
3634 3406 3707 3469 ὡς
3750 3426 3855 3461 κα-

2213 3502 2460 3575 κοῦργος,
2532 3493 2651 3551 ἀλλ’
2710 3496 2737 3551 6
2804 3493 2961 3572 λόγος
3020 3501 3112 3551 τοῦ
3169 3502 3299 3550 Θεοῦ
3353 3492 3412 3549 οὗ
3480 3491 3698 3552 δέδεται.
3762 3495 3857 3547 Διὰ

2214 3593 2367 3642 τοῦτο
2395 3583 2565 3640 πάντα
2590 3582 2838 3659 ὑπομένω
2864 3581 2945 3641 διὰ
2972 3583 3090 3647 τοὺς
3135 3581 3435 3657 ἐκλεκτοὺς,
3467 3581 3557 3639 ἵνα
3581 3583 3665 3639 καὶ
3711 3581 3858 3637 αὐτοὶ

2216 3673 2477 3753 σωτηρίας
2506 3672 2731 3752 τύχωσι,
2763 3676 2860 3739 τῆς
2916 3671 2971 3727 ἐν
3022 3679 3228 3751 Χριστῷ
3288 3670 3463 3739 Ἰησοῦ
3519 3671 3651 3746 μετὰ
3704 3669 3859 3736 δόξης

2216 3764 2449 3822 αἰωνίου.
2484 3785 2513 3818 ››

2297 3849 2511 3918 Ἐπειδὴ
2541 3852 2712 3907 πάντα
2754 3849 2807 3906 ἐν
2863 3847 3192 3928 παραϐολαῖς
3247 3862 3390 3929 εἴπε,
3442 3850 3508 3907 τὰ
3548 3857 3640 3907 τοῦ
3692 3868 3856 3925 στρι-

2216 3940 2423 4015 τιώτου,
2510 3940 2575 3994 τὰ
2671 3949 2763 3998 τοῦ
2836 3936 3085 4012 ἀθλητοῦ,
3144 3938 3210 3994 τὰ
3262 3947 3356 3997 τοῦ
3395 3943 3651 4017 γεωργοῦ,
3684 3937 3849 4016 φησὶ*

2222 4049 2247 4085 (ι
2296 4028 2417 4087 Νόει
2455 4028 2487 4083 ἃ
2541 4026 2705 4106 λέγω.
2744 4050 2771 4083 ››
2807 4028 2955 4091 Τίνος
3011 4028 3166 4106 χάριν
3222 4024 3363 4104 λέγω
3398 4041 3412 4055 ·
3454 4049 3475 4081 ι
3517 4026 3602 4082 Ἐν
3645 4031 3794 4103 πᾶσι,
3828 4047 3852 4079 ο

2215 4119 2394 4199 φησὶν,
2430 4116 2522 4173 ’ίνα
2550 4119 2637 4173 καὶ
2691 4124 2852 4173 ταῦτα
2882 4122 3003 4193 νοῇς
3038 4119 3109 4182 ὡς
3138 4116 3270 4195 χρὴ,
3332 4116 3420 4172 καὶ
3463 4114 3630 4172 τᾶλλα
3682 4116 3855 4192 πράτ-

2216 4230 2312 4285 τῃς
2344 4209 2417 4271 ὼς
2446 4205 2529 4263 δεῖ
2562 4226 2575 4240 ’
2618 4228 2641 4261 ι
2710 4205 3016 4282 Μνημόνευε
3061 4205 3265 4273 ’ίησοῦν
3296 4206 3516 4284 Χριστὸν
3557 4204 3856 4283 ἐγηγερμέ-

2218 4320 2328 4359 νον.
2413 4320 2440 4351 ι
2515 4286 2672 4371 υΑμα
2740 4298 2827 4352 καὶ
2909 4297 3037 4374 πρὸς
3102 4295 3390 4374 αἱρετικοὺς
3473 4292 3857 4373 ᾆσφαλὲστεροι

488 4403 617 4450 rem
645 4388 843 4452 reddit
867 4399 928 4452 et
957 4390 1171 4453 excitat
1212 4411 1589 4457 sermonem:
1624 4394 1945 4456 ostendens
1982 4393 2131 4475 quod

2219 4399 2365 4445 ποιεῖ
2447 4386 2532 4440 καὶ
2615 4383 2870 4463 διεγείρει,
2957 4384 3154 4448 δεικνὺς
3236 4384 3309 4446 ὡς
3393 4383 3481 4438 καὶ
3549 4385 3577 4438 6
3638 4388 3857 4460 Χρισενς

490 4485 548 4537 et
578 4477 846 4540 Christus
904 4498 1010 4560 per
1062 4479 1445 4544 afﬂictionem
1480 4482 1703 4546 venerit
1737 4473 2131 4564 mortem—per

2217 4475 2296 4533 διὰ
2394 4474 2723 4549 παθημάτων
2818 4473 2968 4547 ἦλθε,

493 4574 747 4628 mortem
774 4567 1080 4630 devicerit.
1124 4592 1145 4625 α
1173 4568 1254 4630 Ex
1287 4571 1519 4634 semine
1549 4570 1790 4633 David.»
1818 4574 1943 4632 Jam
1972 4573 2128 4633 enim

492 4654 764 4716 nonnulli
788 4656 1195 4719 haereticorum
1222 4657 1297 4720 ab
1323 4678 1391 4720 eo
1414 4669 1681 4741 tempore
1711 4658 1817 4720 Dei
1841 4659 2133 4738 negabaut

492 4742 1039 4822 dispensationem,
1088 4746 1189 4827 qui
1250 4748 1633 4826 ignominiam
1688 4746 2133 4811 arbitrabantur

480 4831 641 4912 quod
672 4833 856 4895 Filius
893 4833 1000 4896 Dei
1041 4844 1367 4915 pateretur,
1405 4845 1464 4897 et
1508 4844 1824 4918 propterea
1866 4836 2131 4898 fortassis

487 4921 853 5000 phantastica
899 4922 1283 5004 induxerunt,
1327 4925 1668 5004 ignorantes
1698 4925 1856 5006 quod
1888 4943 2135 4986 summa).

484 5008 914 5074 benevolentia:
939 5030 1007 5074 ac
1026 5012 1309 5076 bonitatis
1329 5033 1450 5076 sua:
1467 5015 1698 5095 signum
1726 5016 1840 5076 hoc
1867 5013 2133 5076 tradide-

483 5097 580 5160 rit.
598 5100 965 5162 -Secundum
980 5100 1361 5181 Exangelium
1382 5120 1603 5166 meum.
1618 5127 1639 5162 ι)
1653 5103 1939 5176 Quoniam
1956 5103 2131 5165 etiam

487 5186 950 5267 pseudapostoli.
977 5186 1360 5268 Exaugelium
1388 5190 1812 5271 praedicabant,
1844 5191 1949 5254 sed
1975 5192 2131 5257 male

487 5281 553 5335 ut
584 5294 804 5364 meum,
830 5277 1044 5360 inquit,
1084 5278 1463 5360 Evangelium
1503 5292 1835 5346 atIeStatur.
1872 5314 1892 5343 ι
1920 5282 1983 5344 In
2015 5303 2130 5364 quo

490 5363 660 5425 malis
679 5366 967 5446 afﬂigor.)
993 5370 1292 5450 Evangelii
1315 5372 1618 5434 veritatem
1657 5372 1939 5434 exhibent
1972 5363 2134 5434 Pauli

488 5450 860 5541 afﬂictiones.
896 5476 919 5512 α
952 5454 1018 5517 In
1048 5476 1165 5538 quo
1196 5459 1532 5540 Evangelia
1585 5462 1756 5523 malis
1807 5462 2060 5541 afﬂigor.
2098 5486 2125 5518 ι

484 5539 626 5612 Quis
647 5541 806 5632 enim
831 5560 951 5604 non
986 5563 1125 5606 vera
1163 5539 1515 5628 praedicans,
1567 5557 1625 5611 et
1654 5550 1728 5612 de
1759 5539 1974 5632 quibus
2012 5569 2132 5612 non

478 5637 640 5693 esset
664 5630 856 5693 factus
888 5632 1132 5694 omnino
1164 5635 1406 5713 certior,
1467 5637 1603 5701 talia
1663 5630 1792 5720 pati
1836 5637 2130 5719 eligeret?

3071 4474 3157 4528 καὶ
3258 4470 3342 4528 διὰ
3440 4471 3662 4529 θανάτου
3767 4492 3858 4525 tu

2215 4567 2433 4625 θάνατον
2503 4562 2923 4639 κατηγωνίσατο,
2990 4584 3013 4618 ι
3072 4558 3165 4617 Ἐκ
3218 4561 3517 4641 σπέρματος
3584 4560 3758 4617 Δαυίδ.
3826 4584 3851 4612 ι)

2218 4644 2367 4720 ’Ἡδη
2466 4654 2566 4730 γὰρ
2667 4650 2719 4717 ἐξ
2821 4650 3019 4708 ἐκείνου
3130 4650 3265 4716 τινὲς
3374 4657 3479 4707 τῶν
3587 4652 3856 4728 αἱρετικῶνι

2214 4743 2311 4811 τὴν
2393 4740 2693 4816 οἰκονομίαν
2793 4741 3067 4819 ἠρνοῦντο,
3178 4742 3229 4797 οἳ
3334 4740 3592 4819 αἰσχύνην
3674 4738 3855 4813 ἐνόμι-

2213 4839 2324 4905 ζον,
2398 4832 2460 4886 τὸ
2516 4832 2606 4886 τὸν
2664 4831 2785 4886 Υιὸν
2835 4840 2926 4888 τοῦ
2982 4837 3112 4887 Θεοῦ
3160 4832 3371 4886 παθεῖν.
3435 4830 3531 4886 Καὶ
3584 4825 3664 4883 δια
3704 4836 3860 4884 του;ο

2216 4919 2348 4982 ἴσως
2404 4919 2501 4986 τὴν
2560 4920 2846 4998 φαντασίαν
2911 4920 3144 4996 εἰσῆγον,
3232 4918 3543 4996 ἀγνοοῦντες
3628 4917 3705 4973 ὅτι
3760 4918 3859 4984 τῆς

2214 5008 2375 5088 ἄκρας
2434 5012 2591 5067 αὐτοῦ
2668 5006 3052 5087 φιλανθρωπίας
3125 5010 3217 5063 καὶ
3297 5007 3623 5085 ἀγαθότητος
3704 5013 3861 5063 τουτο

2214 5097 2440 5174 μάλιστα
2488 5095 2683 5175 δεῖγμα
2748 5098 3060 5164 καθέστηκε.
3129 5120 3152 5150 ιι
3219 5099 3365 5153 Κατὰ
3441 5098 3495 5152 τὸ
3538 5096 3861 5174 Εύαγγέλιόν

2214 5210 2335 5264 μου.
2388 5211 2414 5241 ι
2466 5185 2679 5250 Ἐπειδὴ
2739 5188 2826 5242 καὶ
2883 5188 2929 5242 οἱ
2987 5183 3403 5261 ψευδαπόστολοι
3461 5183 3862 5264 εὐηγγελίζοντο

2211 5283 2412 5352 κακῶς,
2483 5278 2556 5339 ὡς
2619 5277 2677 5331 τὸ
2755 5275 2883 5349 ἐμὸν
2952 5277 3223 5352 κήρυγμα,
3307 5275 3488 5353 φησὶν,
3544 5275 3854 5353 ὑπογράφει.

2219 5386 2241 5422 ιι
2290 5362 2379 5423 Ἐν
2409 5368 2454 5439 ᾧ
2484 5365 2793 5420 κακοπαθῶ.
2834 5386 2860 5418 ι)
2899 5365 2971 5420 Τὸ
3001 5361 3200 5429 ἀληθὲς
3237 5371 3326 5420 τοῦ
3368 5360 3686 5440 Εὖαγγελίου
3714 5383 3858 5440 παρ-

2215 5454 2406 5526 ίστησι,
2440 5454 2503 5511 τὰ
2534 5451 2741 5509 Παύλου
2782 5453 3093 5528 παθήματα,
3134 5474 3162 5506 α
3197 5449 3285 5507 Ἐν
3317 5454 3363 5525 ᾧ
3407 5471 3436 5510 (
3474 5449 3798 5530 Εὖαγγελίιρ·
3828 5476 3855 5506 ι

2211 5545 2518 5616 κακοπαθῳ,
2575 5564 2602 5596 »
2652 5542 2739 5604 Τίς
2795 5542 2895 5620 γὰρ
2952 5541 3028 5616 μὴ
3078 5539 3251 5607 ἀληθῆ
3295 5540 3574 5618 κηρύσσων
3629 5542 3716 5597 καὶ
3775 5540 3860 5621 ἐφ’

2214 5638 2299 5698 οἷς
2327 5631 2405 5707 μὴ
2433 5629 2926 5711 πεπληροφόρηται,
2986 5627 3144 5686 ἕλοιτ’
3204 5628 3266 5686 ἂν
3308 5636 3524 5687 τοιαῦτα
3583 5631 3856 5711 πάσχειν;
