4152 6216
230 298 349 364 213
1216 301 1613 366 COMMENT.
1659 300 1742 363 IN
1788 295 2029 360 EPIST.
2075 298 2134 359 II
2175 295 2274 360 AD
2317 296 2641 360 TIMOTH.
3494 292 3615 361 214

228 460 254 491 ι
287 434 438 493 Ἀλλ’
468 438 498 494 6
554 434 721 515 λόγος
777 444 870 494 τοῦ
929 443 1062 494 Θεοῦ
1118 438 1179 494 οῦ
1219 431 1439 493 δέδεται.
1478 455 1503 493 ι
1538 432 1706 509 Ἐμοῦ
1734 428 1862 488 δεδε·

1973 452 1999 485 α
2036 427 2154 492 Sed
2184 446 2382 491 sermo
2412 427 2519 490 Dei
2551 446 2669 490 non
2689 433 2778 490 est
2801 426 3183 493 vinctus.»Et
3199 428 3251 491 si
3273 427 3609 509 ego,inquit

214 526 393 603 μένου,
467 527 661 608 φησὶν,
735 529 796 585 οὗ
877 522 1170 582 συνδέδεται
1239 525 1302 579 τὸ
1382 524 1653 602 κήρυγμα,
1746 518 1862 577 ἀλλέ

1966 517 2196 580 vinctus
2223 517 2359 593 sim,
2395 515 2735 599 praedicatio
2769 535 2885 578 non
2917 524 3013 580 est
3042 517 3220 580 simul
3245 516 3460 592 vincta,
3495 515 3602 579 sed

220 604 536 693 περιπατεῖ.
654 614 773 673 Τῶν
870 615 971 693 γάρ
1070 618 1266 693 χειρῶν
1370 609 1760 689 δεσμουμένων,
1845 610 1862 662 i

1966 607 2356 687 perambulat.
2389 604 2537 668 Nam
2569 604 2779 669 vinctis
2830 605 3101 667 manibus
3151 606 3353 686 lingua
3403 604 3603 687 loqui-

216 704 435 783 γλῶσσα
492 702 679 765 λαλεῖ.
749 701 1009 769 Γλώσσης
1064 704 1164 780 γὰρ
1212 699 1430 780 δεσμὸς,
1494 697 1659 755 δειλία
1715 698 1862 773 μόνοπ

1965 705 2081 759 tur.
2114 695 2422 777 Siquidem
2478 695 2691 774 linguae
2729 712 2935 757 carcer
2992 695 3153 757 solus
3201 703 3396 758 metus
3426 702 3516 756 est
3543 700 3605 759 et

695 798 862 849 Τοῦτο
933 788 984 846 δέ
1055 812 1208 869 φησι,
1288 790 1377 846 καὶ
1456 789 1530 852 εἷς
1602 788 1862 867 προτοπὴ·

1961 784 2369 847 incredulitas.
2401 784 2541 844 965
2589 786 2713 847 Hoc
2745 791 2944 845 autem
2974 783 3119 845 dicit
3169 784 3345 846 etiam
3381 783 3455 845 ad
3488 801 3600 846 eo-

217 887 320 936 τῶν
374 878 709 954 λελυμένων.
788 880 847 936 Εἰ
926 878 1025 956 γὰρ
1089 877 1197 955 ἐγὼ
1262 875 1533 953 δεδεμένος
1604 876 1874 955 κηρύσσω,

221 793 304 848 καὶ
361 792 603 850 ἀπιστία.

1960 892 2091 935 rum
2122 873 2594 935 exhortationem
2624 872 2727 951 qui
2765 872 2941 934 soluti
2974 878 3164 936 erant.
3198 873 3259 936 Si
3293 871 3456 933 enim
3489 889 3596 952 ego

215 971 333 1027 ποία
362 970 685 1050 συγγνώμη,
718 970 870 1049 φησὶ,
904 981 1022 1032 τοῖς
1073 967 1378 1044 λελυμένοις
1438 969 1523 1024 καὶ
1579 964 1870 1044 ἀμελοῦσι,

223 1082 245 1115 ε
281 1061 377 1115 Δια
407 1060 532 1124 τοὺς
576 1057 882 1120 ἐκλεκτούς.
922 1081 948 1112 ι
1002 1057 1100 1113 Διά
1127 1058 1249 1122 τοὺς
1274 1056 1518 1130 πιστοὺς,
1566 1057 1746 1136 φησὶν,
1782 1056 1871 1117 οὒς

217 1152 243 1204 6
283 1150 415 1211 Θεὸς
470 1146 746 1213 ἐξελέξατο
779 1165 795 1181 ⁶
857 1144 1039 1214 ἐπειδῆ
1097 1147 1197 1227 γὰρ
1252 1146 1438 1209 αὖτοὺς
1493 1148 1522 1202 6
1581 1146 1710 1209 Θεὸς
1755 1143 1872 1209 ἐξε-

215 1236 423 1313 λέξατο,
482 1234 571 1292 δεῖ
643 1236 732 1292 καὶ
804 1234 901 1310 ἐμὲ
957 1235 1128 1291 πάντα
1184 1234 1417 1314 πάσχειν
1473 1234 1602 1314 ὑπὲρ
1672 1233 1865 1304 ανότῶν,

214 1323 398 1392 ἐπειδὴ
472 1326 562 1381 καὶ
631 1326 660 1381 6
733 1325 863 1388 Θεὸς
930 1324 1058 1404 ὑπὲρ
1124 1325 1274 1398 ἡμῶν
1352 1322 1563 1397 ἔπαθεν,
1622 1324 1696 1386 ὡς
1727 1322 1869 1378 εἶναι

216 1414 548 1487 ἀντιμισθίαν
619 1414 681 1468 τὸ
751 1419 994 1491 πρᾶγμα,
1065 1411 1157 1467 ’ἵνα
1238 1413 1324 1468 καὶ
1406 1413 1552 1469 αὐτοὶ
1627 1413 1700 1474 ὡς
1782 1412 1869 1467 καὶ

212 1506 398 1577 ἡμεῖς,
472 1503 627 1581 φησὶ,
689 1503 957 1580 σωτηρίας
1013 1502 1251 1581 τύχωσιν
1287 1546 1302 1561 .
1389 1503 1463 1563 ὡς
1521 1502 1564 1557 εἰ
1621 1499 1801 1578 ἔλεγεν
1851 1519 1862 1531 ·

212 1591 357 1658 Ἐξὸν
412 1590 480 1659 ἧν
523 1613 616 1665 μοι
672 1596 765 1666 ζῇν
838 1588 1141 1664 ἀκινδύνως,
1208 1590 1253 1645 εἰ
1322 1591 1384 1646 τὸ
1426 1591 1554 1665 ὲμὸν
1611 1587 1865 1645 ἐσκόπουν

1959 963 2059 1043 qui
2091 962 2320 1023 vinctus
2349 980 2479 1022 sum
2502 961 2921 1042 pr&dico,quai
2943 960 3113 1023 venia
3142 960 3269 1023 dari
3296 967 3490 1041 potest
3509 960 3603 1023 his

1957 1051 2054 1133 qui
2088 1051 2266 1113 soluti
2294 1060 2431 1112 sunt
2465 1058 2523 1112 et
2553 1058 2751 1111 tamen
2782 1048 3417 1130 negligunti’tPropter
3438 1049 3601 1112 elec-

1957 1150 2065 1202 tos.
2085 1143 2366 1221 oPropter
2396 1138 3013 1221 ﬁdeles,inquit,quos
3040 1140 3203 1202 Deus
3231 1138 3408 1217 elegit
3426 1155 3439 1200 :
3457 1155 3596 1200 nam

1954 1230 2091 1310 quia
2134 1232 2293 1292 Deus
2342 1229 2477 1289 illos
2528 1227 2728 1307 elegit,
2764 1234 3003 1307 oportet
3050 1245 3146 1290 me
3175 1227 3451 1289 universa
3477 1225 3598 1307 pati

1954 1336 2058 1398 pro
2092 1318 2260 1399 ipsis,
2297 1316 2572 1398 quoniam
2604 1316 2764 1378 Deus
2793 1335 3030 1398 quoque
3060 1335 3165 1398 pro
3191 1316 3362 1379 nobis
3386 1331 3598 1397 passus

1952 1413 2063 1488 est,
2096 1416 2153 1468 et
2185 1406 2382 1487 reipsa
2412 1407 2487 1467 sit
2526 1405 2728 1486 aliqna
2780 1405 3058 1486 repensio
3107 1423 3175 1468 ac
3233 1404 3593 1469 retributio:

1951 1502 2014 1556 ut
2044 1495 2219 1557 etiam
2252 1494 2363 1576 ipsi
2394 1494 2550 1557 sicut
2582 1502 2638 1556 et
2668 1512 2798 1570 nos,
2832 1494 3047 1575 inquit,
3084 1495 3333 1558 salutem
3382 1511 3598 1556 conse-

1951 1590 2228 1665 quantur.
2264 1584 2347 1645 Ac
2382 1583 2431 1643 si
2462 1583 2731 1645 diceret:
2765 1582 2906 1645 Mihi
2955 1600 3099 1645 sane
3151 1582 3361 1647 liceret
3390 1581 3595 1664 procul

213 1680 396 1756 μόνον,
485 1678 609 1735 ἀλλ’
694 1679 826 1759 ὑπὲρ
906 1684 1011 1735 τῶν
1095 1677 1383 1757 ἀλλοτρίων
1449 1684 1614 1735 ταῦτα
1668 1678 1862 1757 πάσχω

1950 1691 1984 1733 a
2014 1671 2294 1754 periculis
2324 1671 2539 1748 vivere,
2575 1672 2626 1733 si
2657 1672 2774 1734 mei
2806 1671 2990 1759 solius
3034 1680 3372 1753 respectum
3418 1670 3597 1735 habe-

212 1769 444 1848 ἀγαθῶν,
488 1767 582 1824 ’ἵνα
623 1765 775 1823 ἄλλοι
820 1767 1026 1847 τύχωσι
1060 1767 1349 1839 σωτηρίας,
1391 1790 1414 1820 ιι
1478 1772 1586 1833 Τῆς
1632 1765 1687 1823 ἐν
1728 1772 1862 1844 Χρι-

1950 1778 2073 1823 rem
2106 1783 2121 1836 ;
2154 1760 2257 1822 sed
2288 1761 2413 1823 haec
2442 1759 2516 1821 ob
2549 1759 2797 1848 aliorum
2822 1758 2979 1821 bona
3025 1760 3235 1839 patior,
3268 1766 3331 1821 ut
3361 1759 3475 1848 ipsi
3506 1778 3597 1822 sa-

212 1864 319 1932 στῷ
346 1857 551 1923 Ἰησοῦ,
602 1879 627 1911 ι
667 1858 727 1913 Εἰ
755 1878 950 1929 σαυτῳ,
998 1857 1179 1937 φησὶν,
1238 1856 1298 1913 οῦ
1353 1853 1638 1932 δυνάμενος
1682 1876 1859 1921 σωτη-

1951 1849 2130 1910 lutem
2169 1857 2631 1937 consequantur.
2673 1868 2703 1908 ε
2736 1847 2881 1921 Quae
2910 1854 3001 1909 est
3025 1836 3090 1909 in
3127 1848 3360 1912 Christo
3385 1836 3590 1912 desum

209 1947 320 2026 ρίαν
378 1948 751 2024 περιποιῆσαι,
828 1943 947 2000 ἀλλ’
1015 1936 1130 2002 νὶδοὸ
1201 1944 1554 2015 ἀποθνήσκειν
1627 1942 1862 2021 μέλλεις,

1950 1938 2185 2000 Diceret
2204 1938 2415 2018 aliquis
2443 1956 2457 2000 :
2491 1936 2554 1999 Si
2587 1936 2693 1998 tibi
2723 1938 2839 2019 ipsi
2863 1955 2980 1998 non
3016 1945 3182 2019 potes
3211 1937 3460 2026 salutem
3483 1956 3590 2026 ac-

210 2042 323 2098 πῶς
355 2033 560 2113 ἑτέροις
588 2030 863 2111 προξενεῒς
897 2055 915 2107 ;
976 2034 1077 2091 Καί
1116 2056 1276 2114 φησιν
1312 2049 1324 2063 ·
1387 2037 1460 2092 Οῦ
1501 2034 1619 2113 περὶ
1673 2032 1862 2099 ταύτης

1950 2028 2209 2108 quirere,
2261 2026 2366 2088 sed
2418 2044 2558 2088 ecce
2616 2026 2940 2114 moriturus
2978 2044 3064 2101 es,
3119 2025 3418 2107 quomodo
3461 2025 3595 2088 aliis

208 2123 351 2200 λέγω
369 2128 473 2188 τῆς
503 2121 843 2200 προσκαίρου,
878 2120 1016 2178 ἀλλά
1042 2113 1141 2189 τῆς
1186 2122 1239 2178 ἐν
1270 2128 1481 2201 Χριστῷ
1509 2119 1708 2197 Ἰησοῦ,
1739 2143 1862 2177 του-

1951 2114 2301 2177 conciliabis
2325 2114 2572 2176 salutem
2599 2114 2625 2176 ἴ
2651 2114 2817 2176 Etait
2848 2135 2861 2178 :
2894 2113 3022 2177 Non
3054 2114 3128 2177 de
3158 2115 3267 2177 hac
3298 2121 3594 2195 tempora-

208 2211 378 2286 τὲστι,
412 2216 513 2278 τῆς
545 2208 630 2266 διὰ
676 2216 900 2288 Χριστοῦ
949 2208 1296 2288 δωρηθείσης,
1350 2216 1449 2278 τῆς
1492 2210 1723 2284 αἰωνίου,
1769 2215 1862 2277 τῆς

1955 2204 1994 2267 li
2024 2205 2140 2265 vita
2176 2204 2405 2285 loquor,
2438 2203 2545 2265 sed
2577 2203 2651 2265 de
2673 2221 2743 2265 ea
2772 2222 2900 2284 qnze
2931 2210 3019 2266 est
3064 2203 3127 2264 in
3158 2203 3389 2267 Christo
3424 2201 3593 2284 Jesu,

209 2302 345 2375 μετά
376 2297 538 2366 δόξης
569 2298 851 2374 ἐσομένης.
890 2289 951 2356 Ἠ
977 2301 1077 2378 γὰρ
1100 2309 1193 2358 τοῦ
1218 2300 1421 2376 κόσμου
1447 2302 1706 2379 σωτηρία,
1739 2297 1862 2356 ἀδο-

1953 2293 2066 2354 hoc
2094 2300 2181 2353 est
2204 2310 2334 2372 quae
2366 2309 2470 2371 per
2491 2290 2789 2354 Christum
2810 2293 3033 2356 donata
3061 2298 3176 2368 est,
3209 2309 3341 2372 qua;
3367 2297 3592 2353 aeterna

1953 2388 2063 2460 est,
2097 2399 2226 2461 qua}
2248 2379 2440 2442 futura
2469 2387 2557 2442 est
2577 2399 2709 2443 cum
2743 2380 2934 2460 gloria
2966 2398 2980 2444 :
3017 2379 3223 2442 mundi
3246 2379 3407 2442 enim
3431 2380 3594 2443 salus

1949 2469 2336 2548 ignominiam
2367 2468 2566 2531 habet.

846 2575 1098 2633 ΚΕΦΑΛ.
1148 2560 1234 2630 Δ’.

2588 2561 2826 2627 CAPUT
2873 2562 2975 2627 IV.

217 2680 244 2712 σ
281 2659 406 2732 Περὶ
437 2663 538 2725 τῆς
570 2658 643 2721 εἷς
674 2657 897 2734 Χριστὸν
939 2657 1167 2722 πίστεως
1207 2661 1296 2716 καὶ
1337 2658 1636 2735 ὑπομονῆς,
1669 2656 1754 2715 ἐπ’
1784 2656 1862 2714 ἐλ-

1953 2640 2043 2704 De
2063 2641 2179 2723 ﬁde
2210 2643 2275 2704 in
2307 2640 2633 2720 Christum,
2674 2651 2731 2706 et
2770 2643 3096 2708 tolerantia
3135 2644 3207 2707 ob
3232 2662 3400 2726 spem
3428 2646 3590 2709 vitta.

855 2735 965 2793 πίδι
996 2737 1158 2805 ξωῆς.
1199 2762 1220 2795 ι

292 2850 323 2883 ι
388 2830 583 2895 Πιστὸς
644 2832 673 2885 6
738 2828 924 2909 λόγος.
988 2832 1046 2887 Εἰ
1107 2831 1208 2912 γὰρ
1263 2830 1711 2909 συναπεθάνομεν,
1782 2829 1869 2885 καὶ

222 2920 543 2993 συζήσομεν.
654 2920 711 2976 Εἰ
810 2917 1164 2996 ὑπομένομεν,
1266 2921 1354 2977 καὶ
1452 2917 1862 2996 συμϐασιλεύσο-

1950 2918 2308 2976 commortui
2333 2929 2564 2990 sumus,
2597 2920 2652 2976 et
2679 2917 3062 2980 convivemus
3097 2937 3111 2974 :
3144 2917 3201 2979 si
3218 2915 3589 2998 suﬁ'erimus,

213 3028 333 3079 μεν.
426 3009 484 3064 Εἰ
570 3008 882 3087 ἀρνούμεθα,
997 3009 1245 3074 κάκεῖνος
1327 3008 1609 3088 ἀρνήσεται
1693 3010 1858 3084 ἡμᾶς.

1951 3009 2008 3065 et
2041 3001 2540 3083 conregnabimus
2573 3023 2587 3060 :
2619 3005 2676 3064 si
2719 3023 3033 3086 negamus,
3095 3013 3152 3068 et
3198 3005 3302 3069 ille
3341 3004 3593 3089 negabit

213 3068 225 3079 -
605 3068 617 3087 .
727 3068 739 3083 .
867 3068 882 3081 ι
1231 3068 1242 3074 -
1364 3068 1375 3088 ,
1447 3068 1458 3079 .
1717 3068 1744 3084 .,
1819 3068 1831 3073 -

212 3096 269 3152 Εἰ
351 3095 706 3176 ἀπιστοῦμεν,
815 3096 1018 3163 ἐκεῖνος
1113 3099 1300 3162 πιστὸς
1402 3096 1570 3173 μένει.
1661 3095 1859 3177 Ἀρνήὲ

1950 3109 2054 3155 nos
2081 3110 2095 3154 :
2127 3094 2183 3154 si
2214 3068 2514 3156 increduli
2542 3068 2883 3170 sumusﬂle
2898 3068 3107 3177 ﬁdelis
3134 3068 3593 3178 mamt,n;gat'e

211 3192 400 3244 σασθαι
486 3190 672 3246 ἑαυτὸν
753 3194 813 3249 οὗ
913 3188 1148 3251 δύναται.
1232 3200 1405 3251 Ταῦτα
1487 3191 1860 3267 ὑπομίμνησκε

1950 3182 2210 3262 seipsum
2267 3199 2391 3244 non
2440 3190 2656 3263 potest.
2706 3184 2858 3248 H030
2916 3186 3176 3250 admone
3246 3192 3589 3248 contestans

208 3274 721 3355 διιρμαρτυρόμενος
804 3277 1028 3335 ἐνώπιον
1109 3289 1203 3339 τοῦ
1288 3278 1496 3358 Κυρίου,
1583 3280 1661 3356 μὴ
1708 3278 1862 3358 λογο-

1950 3288 2150 3332 coram
2189 3269 2466 3352 Domino,
2500 3289 2577 3334 ne
2602 3272 2803 3336 verbis
2850 3275 3208 3337 contendant
3247 3274 3326 3337 ad
3353 3273 3593 3336 nullam

209 3378 419 3443 μαχεϊν
448 3367 523 3430 εἷς
554 3364 698 3423 οῦδὲν
729 3369 998 3448 χρήσιμον
1028 3368 1112 3425 ἐπὶ
1142 3374 1478 3449 καταστροφῇ
1504 3375 1610 3426 τῶν
1638 3368 1862 3427 ἀκούον-

1950 3360 2307 3436 utilitatem,
2339 3362 2448 3423 sed
2483 3361 2931 3425 subversionem
2957 3364 3356 3426 audientium.
3399 3361 3594 3426 Stude

210 2392 317 2460 Ξίαν
362 2393 437 2474 ’ἐχ
438 2415 483 2450 ει
494 2440 507 2452 .

2034 2823 2105 2900 Il,
2159 2824 2375 2886 11-15.
2406 2823 2563 2886 Fide
2619 2824 3017 2907 dignissimus
3057 2844 3267 2890 sermo.
3338 2829 3492 2890 Nam
3537 2828 3595 2889 si

209 3476 336 3513 των.
373 3452 684 3515 Σπουδάσον
735 3458 952 3513 σεαυτὸν
1001 3455 1219 3534 δόκιμον
1258 3460 1595 3535 παραστῆσαι
1625 3465 1701 3534 τῷ
1730 3465 1865 3533 Θεῷ,

214 3543 443 3620 ἐργάτην
501 3543 943 3626 ἀνεπαίσχυντον,
1001 3546 1385 3625 ὀρθοτομοῦντα
1424 3548 1516 3604 τὸν
1573 3545 1730 3626 λόγον
1772 3550 1869 3615 τῆς

220 3630 492 3697 ἀληθείας,
530 3656 560 3687 ι

292 3723 491 3787 Πιστὸς
522 3723 551 3778 6
579 3720 766 3802 λόγος,
812 3723 893 3781 ὅτι
936 3726 983 3781 οἱ
1032 3723 1269 3781 ἐκλεκτοὶ
1324 3722 1530 3791 ἐνδόξου
1588 3727 1675 3783 καὶ
1730 3727 1865 3783 αἰω-

216 3810 320 3896 νίας
374 3810 589 3891 τύχωσι
659 3812 947 3891 σωτηρίας,
1034 3811 1225 3882 Ἐπιδή
1312 3814 1411 3893 γάρ
1493 3836 1632 3880 τινες
1688 3814 1864 3896 ἀμφέ-

214 3895 411 3954 ϐαλλον
479 3901 613 3978 πρὸς
696 3902 798 3969 τὴν
854 3902 1159 3976 ἀνάστασιν,
1232 3904 1431 3971 ταύτης
1514 3902 1704 3974 ἐδεήθη
1769 3895 1865 3971 τῆς

211 3984 577 4061 βεϐαιώσεως.
625 3978 756 4047 υΟτι
799 3988 850 4045 δὲ
895 3993 1082 4055 πιστὸς
1125 3993 1154 4048 6
1208 3990 1394 4072 λόγος,
1439 3994 1526 4050 καὶ
1570 3993 1676 4050 ἀπὸ
1707 3991 1865 4071 λογι-

212 4077 361 4150 σμῶν
420 4076 577 4133 αὔτὸν
632 4080 1032 4151 κατασκευάζει.
1086 4102 1113 4136 α
1173 4081 1232 4137 Εἰ
1288 4081 1387 4161 γὰρ
1439 4081 1860 4158 συναπεθάνομεν

210 4171 285 4238 τῷ
330 4172 567 4245 Χριστῷ,
617 4167 857 4239 (θάνατον
911 4167 1082 4248 λέγων
1135 4169 1227 4226 τόν
1268 4191 1326 4225 τε
1382 4169 1465 4228 διὰ
1497 4169 1859 4247 βαπτίσματος

210 4255 294 4309 καὶ
351 4257 417 4310 τὸ
472 4252 557 4309 διὰ
626 4257 981 4337 παθημάτων,
1033 4264 1217 4315 τοῦτον
1272 4255 1337 4327 δὴ
1393 4260 1484 4315 τὸν
1554 4258 1851 4338 αἰσθητὸν,)

1953 3454 2200 3527 teipsum
2279 3450 2600 3529 probatum
2658 3450 2937 3514 exhibere
3010 3451 3138 3515 Deo
3164 3500 3181 3527 ,
3243 3455 3593 3532 operarium

1952 3556 2075 3601 non
2133 3538 2607 3603 erubescendum
2630 3586 2647 3616 ,
2705 3547 2865 3603 recte
2918 3548 3214 3604 secantem
3255 3555 3591 3603 sermonem

1953 3630 2253 3691 veritatis.
3156 3649 3163 3655 δ

2040 3716 2218 3779 «Fide
2248 3714 2637 3796 dignissimus
2666 3735 2887 3781 sermo.
2914 3738 2944 3780 ›
2974 3716 3143 3792 Quod
3173 3717 3342 3785 electi
3367 3715 3593 3797 glorio-

1951 3825 2075 3868 sam
2125 3813 2184 3866 et
2218 3812 2499 3866 aeternam
2536 3814 2933 3887 consequatur
2983 3808 3254 3870 salutem.
3301 3805 3590 3879 Quoniam

1950 3894 2108 3957 enim
2144 3913 2261 3954 non
2295 3893 2445 3955 nulli
2475 3894 2549 3956 de
2582 3899 3021 3960 resurroctione
3042 3895 3440 3976 ambigebant,
3475 3895 3589 3957 hac

1950 4003 2096 4064 opus
2119 3982 2229 4044 fuit
2251 3983 2907 4061 conﬁrmatione.Quod
2930 3994 3125 4049 autem
3149 4004 3347 4049 sermo
3368 3984 3487 4047 ﬁde
3504 3983 3591 4046 dic

1949 4091 2097 4152 gnus
2128 4073 2267 4146 sit,a
2312 4072 2639 4135 rationibus
2679 4092 2911 4156 quoque
2953 4076 3283 4142 conﬁrmat.
3314 4099 3340 4130 α
3361 4072 3508 4135 Nam
3540 4071 3592 4135 si

1943 4161 2296 4223 commortui
2329 4181 2535 4222 sumus
2556 4162 2789 4225 Christo
2826 4165 3102 4246 (mortem
3126 4164 3335 4227 dicens
3371 4170 3429 4226 et
3456 4180 3590 4246 qua;

1940 4268 2045 4331 per
2074 4249 2433 4331 baptismum
2472 4259 2583 4326 est,
2621 4252 2760 4313 266
2800 4262 2859 4316 et
2894 4274 3024 4335 quae
3054 4272 3161 4336 per
3205 4253 3582 4330 afﬁictiones,

211 4345 299 4399 καὶ
339 4340 855 4419 συμϐασιλεύσομεν.
893 4369 920 4400 ι
983 4345 1159 4412 Οὐδεὶς
1214 4348 1334 4426 γάρ,
1400 4350 1551 4429 φησὶ,
1596 4349 1716 4414 τοὺς
1746 4356 1851 4405 τῶν

1950 4357 2151 4429 nempe
2181 4340 2335 4429 hanc
2364 4339 2758 4421 sensibilem),
2793 4343 2968 4405 etiam
3003 4342 3523 4422 conregnabimus.
3553 4365 3581 4397 »

210 4436 538 4511 σκυθρωπιῖιν
580 4435 1035 4516 κοινωνήσαντας,
1092 4443 1197 4493 τῶν
1241 4444 1496 4516 χρηστῶν
1547 4438 1855 4518 ἀποστερεῖ,

208 4522 337 4594 μήτι
367 4541 435 4599 γε
482 4523 730 4602 Χριστὸς,
790 4524 825 4590 ἡ
885 4524 1275 4602 αὖτοαγαθοτης
1333 4527 1419 4583 καὶ
1474 4524 1852 4606 φιλανθρωπία.

212 4633 239 4663 ι
286 4611 348 4667 Εἰ
395 4610 714 4689 ἀρνούμεθα,
762 4611 1010 4675 κάκεῖνος
1071 4612 1354 4692 ἀρνήσεται
1396 4615 1566 4690 ἡμᾶς,
1620 4636 1643 4670 ι
1719 4615 1856 4672 Εἶτα

206 4697 293 4754 αεὶ
332 4698 443 4755 ἀπὸ
500 4704 607 4754 τῶν
650 4698 863 4779 φαύλων
905 4701 1089 4765 αὐτοὺς
1133 4699 1310 4781 φοϐεῖ.
1356 4704 1456 4761 Τὸν
1498 4702 1552 4759 δέ
1581 4724 1642 4781 γε
1684 4703 1852 4783 ἀρνη-

204 4786 356 4843 θὲντα
409 4787 512 4842 ὑπὸ
572 4794 818 4866 Χριστοῦ,
876 4787 1040 4846 ἐννόει
1098 4791 1148 4847 τί
1220 4794 1407 4848 παθεῖν
1477 4792 1639 4856 εἰκός,
1715 4814 1742 4847 α
1798 4793 1857 4850 Εἰ

204 4874 557 4952 ἀπιστοῦμεν,
615 4877 819 4944 ἐκεῖνος
876 4880 1063 4944 πιστὸς
1121 4878 1291 4956 μένει.
1345 4903 1367 4935 ι
1432 4882 1490 4937 Εἰ
1536 4881 1858 4957 ἀπιστοῦμεν

204 4963 284 5020 ὅτι
341 4965 569 5037 ἀνέστη,
622 4965 657 5034 ἢ
744 4964 825 5022 ὅτι
911 4969 1039 5032 Θεός
1122 4971 1287 5044 ἔστιν,
1362 4968 1568 5035 ἐκεῖνος
1644 4972 1856 5042 πιστὸς,

202 5054 503 5133 τουτέστιν,
550 5053 757 5122 ἀληθὴς
819 5054 989 5130 μένει.
1050 5056 1225 5114 Εἰπὼν
1282 5058 1382 5138 γΞιρ
1422 5056 1503 5114 ὅτι
1561 5058 1859 5129 ἀναστήσε-

204 5164 315 5223 ται,
373 5143 463 5199 καὶ
512 5140 594 5199 ὅτι
647 5144 778 5208 Θεός
836 5143 999 5224 ἐστιν,
1036 5143 1113 5224 (ἐν
1168 5144 1396 5213 πολλοῖς
1426 5148 1525 5228 γὰρ
1554 5154 1708 5205 τοῦτο
1738 5148 1861 5219 ἐσήο

207 5231 423 5312 μανεν),
456 5230 665 5303 ἀληθής
720 5231 885 5292 ἐστιν.
940 5232 1165 5302 Ἀνέστη
1238 5237 1339 5316 γὰρ
1381 5242 1468 5293 καί
1524 5237 1650 5301 Θεός
1695 5236 1856 5298 ἐστιν.

205 5316 586 5401 Ἀρν-ήσασθαι,
675 5323 860 5400 φησὶν,
914 5322 1097 5380 ἑαυτὸν
1142 5324 1199 5381 οὗ
1255 5323 1489 5399 δύναται,
1536 5326 1607 5388 εἷς
1662 5327 1725 5381 τὸ
1783 5326 1860 5401 μὴ

208 5409 345 5466 εἶναι
393 5411 527 5472 Θεὸς
584 5409 621 5478 ἢ
667 5409 973 5489 ἐγηγέρθαι,
1036 5401 1127 5477 ἰὶς
1154 5414 1198 5470 εἰ
1228 5415 1384 5471 εἶπεν
1416 5433 1435 5489 ’ν
1465 5411 1622 5472 Οὐδὲν
1653 5413 1860 5493 παραλ-

206 5494 384 5575 λαγεὶς
470 5497 623 5555 ἐσται
708 5495 793 5555 διὰ
875 5500 973 5567 τὴν
1058 5502 1320 5582 ἡμετέραν
1402 5501 1643 5580 ἄρνησιν,
1728 5502 1866 5560 ἀλλά

210 5588 392 5652 πιστὸς
449 5586 601 5663 μένει
658 5588 750 5642 καὶ
819 5586 1022 5657 ἀληθὴς
1079 5591 1153 5656 εἷς
1232 5592 1296 5647 τὰ
1340 5592 1458 5670 περὶ
1498 5592 1705 5652 ἑαυτοῦ.
1769 5593 1868 5652 Καὶ

1940 4426 2145 4489 Nullus
2177 4428 2335 4488 enim
2384 4446 2486 4488 eos
2515 4429 2615 4509 qui
2647 4429 2706 4491 in
2742 4431 3007 4495 tristibus
3040 4431 3577 4506 communicarunt,

1941 4517 2132 4598 privat
2180 4515 2352 4577 bonis
2404 4533 2473 4579 ac
2531 4520 2835 4601 prosperis
2876 4539 2890 4583 :
2928 4522 3149 4584 nedum
3186 4519 3456 4583 Christus
3486 4518 3588 4599 qui

1938 4603 2066 4688 ipsa
2100 4614 2189 4667 est
2228 4604 2463 4668 bonitas
2508 4627 2577 4670 ac
2627 4607 2988 4689 benignitas.
3028 4634 3055 4666 α
3091 4609 3154 4674 Si
3187 4625 3496 4688 negamus,
3529 4614 3588 4668 et

1942 4689 2039 4783 ille
2073 4697 2307 4777 negabit
2336 4717 2463 4761 nos.
2499 4725 2523 4755 »
2552 4702 2780 4764 Deinde
2813 4702 2885 4764 ab
2918 4702 3011 4764 his
3040 4718 3280 4783 quoque
3311 4699 3586 4761 dehorta-

1939 4778 2033 4853 tur
2081 4810 2214 4872 qua:
2263 4792 2419 4853 mala
2470 4802 2627 4856 sunt.
2692 4795 2841 4857 Eum
2902 4778 3253 4877 vero-quem
3285 4790 3590 4874 negaverit

1940 4879 2433 4960 Christus,cogita
2463 4882 2604 4962 quid
2642 4883 2719 4947 sit
2746 4902 3123 4966 consequens
3152 4883 3293 4966 pati.
3332 4908 3359 4939 α
3393 4881 3458 4945 Si
3487 4881 3586 4943 in-

1941 4968 2172 5032 creduli
2203 4988 2431 5050 sumus,
2465 4972 2566 5034 ille
2600 4973 2795 5036 ﬁdelis
2825 4980 3044 5037 manet.
3079 4999 3101 5033 ι
3139 4972 3203 5035 Si
3233 4992 3352 5036 non
3385 4970 3584 5035 credi-

1946 5077 2079 5120 mus
2104 5058 2263 5138 quod
2301 5061 2652 5134 surrexerit,
2686 5073 2787 5124 aut
2817 5061 2975 5143 quod
3006 5060 3165 5125 Deus
3185 5061 3281 5139 sit,
3306 5060 3410 5124 ille
3433 5059 3587 5123 ﬁde-

1947 5147 2039 5223 lis,
2073 5145 2133 5207 id
2161 5154 2274 5230 est,
2304 5168 2481 5213 verax
2512 5160 2733 5214 manet.
2765 5150 2911 5213 Cum
2944 5150 3102 5212 enim
3136 5150 3352 5213 dixerit
3378 5168 3446 5212 se
3483 5166 3586 5211 re-

1945 5242 2376 5313 surrecturum,
2404 5258 2587 5319 seque
2611 5242 2799 5304 Deum
2829 5257 2965 5302 esse
2987 5239 3146 5320 (nam
3168 5239 3280 5302 hoc
3302 5237 3504 5301 multis
3524 5235 3588 5300 in

1944 5322 2092 5384 locis
2114 5324 2693 5407 signiﬁcavit),verax
2715 5336 2804 5392 est
2827 5347 2840 5392 :
2861 5327 3155 5409 siquidem
3184 5335 3241 5391 et
3261 5326 3592 5391 resurrexit

1946 5420 2003 5473 et
2029 5411 2189 5474 Deus
2219 5423 2326 5478 est.
2363 5416 2617 5497 Negare,
2641 5418 2745 5495 ait,
2781 5418 3040 5499 seipsum
3069 5435 3188 5480 non
3221 5416 3591 5499 potest,quin

1946 5503 2105 5564 Deus
2135 5503 2213 5565 sit
2239 5523 2306 5568 ac
2337 5508 2757 5572 resurrexerit.
2791 5511 2876 5571 Ac
2917 5506 2968 5570 si
3013 5508 3244 5572 diceret
3276 5523 3290 5571 :
3325 5506 3486 5570 Nihil
3512 5503 3588 5568 ob

1949 5599 2212 5654 nostram
2231 5596 2602 5676 negationem
2628 5597 2971 5662 immutatus
2991 5596 3214 5676 est,sed
3239 5595 3434 5661 ﬁdelis
3464 5612 3590 5656 ma-
