4152 6216
468 366 595 441 213Δ

1588 356 1998 442 mCUMENII
2042 362 2338 440 Talem:
2378 375 2713 440 EPISCOPI

3730 376 3847 439 2w

467 500 657 573 net'e't
683 502 859 572 verax
888 510 949 572 in
982 510 1078 571 his
1106 530 1239 592 quae
1268 511 1462 591 ipsum
1494 518 1884 585 concernunt,
1917 516 1977 572 et
2006 528 2113 571 ne-

2199 509 2541 587 ἀρνήσασθαι,
2599 509 2860 589 τουτέστι,
2939 510 3226 584 ψεύσασθαι
3294 511 3477 568 ἑαυτὸν
3548 514 3607 568 οὐ
3687 506 3845 565 δύνα-

467 601 754 681 gare,hoc
779 605 871 662 est
903 598 1248 664 mendacem
1281 600 1539 662 reddere
1570 600 1831 680 seipsum
1866 617 1983 661 non
2007 618 2116 681 po-

467 680 677 767 test,u't'
690 708 806 751 non
820 696 1157 768 resurgeret
1172 696 1270 751 aut
1292 688 1451 749 Deus
1469 707 1587 749 non
1612 696 1784 749 esset.
1798 690 1940 749 Cum
1957 680 2115 751 enim

471 777 547 839 de
568 776 764 858 seipso
790 777 1385 853 annuntiaverit,non
1428 783 1629 855 potest
1657 776 1917 856 seipsum
1944 794 2116 837 men-

471 866 680 928 dacem
709 865 986 939 reddere,
1022 884 1139 926 non
1170 865 1530 946 complendo
1559 883 1627 927 ea
1652 883 1781 946 quae
1814 865 2109 944 promisit.

472 955 679 1034 Neque
712 953 869 1015 enim
902 952 953 1014 si
984 952 1306 1018 credimus.
1352 953 1538 1015 Deum
1573 952 1766 1035 ipsum
1789 952 2111 1015 efficimus:

472 1061 667 1123 neque
698 1042 747 1102 si
780 1040 1077 1103 increduli
1124 1061 1351 1118 sumus,
1405 1042 1666 1105 divinam
1707 1042 1779 1103 ab
1816 1060 1885 1102 eo
1938 1050 2115 1104 natu—

473 1148 605 1193 ram
636 1129 985 1211 repellimus
1018 1150 1031 1191 :
1068 1132 1173 1193 sed
1205 1139 1264 1192 et
1294 1130 1679 1193 credentibus
1708 1130 1878 1192 nobis
1900 1138 1958 1191 et
1998 1150 2116 1191 non

478 1217 874 1281 credentibus
920 1219 1046 1300 ipse
1096 1221 1256 1282 Deus
1287 1228 1398 1281 est.
1428 1218 1549 1282 Nos
1578 1218 1758 1298 igitur
1787 1218 1886 1299 qui
1914 1218 2115 1280 credi-

474 1326 629 1379 mus,
685 1307 998 1369 utilitatem
1043 1308 1382 1371 referimus.
1416 1306 1581 1380 Quod
1630 1317 1825 1369 autem
1876 1307 2112 1387 dicitur,

479 1395 641 1457 «Non
660 1403 909 1477 potest,»
935 1396 1049 1457 hoc
1073 1404 1161 1457 est
1185 1414 1199 1459 :
1229 1395 1362 1459 Non
1382 1405 1468 1457 est
1494 1396 1801 1477 possibile.
1816 1395 1955 1459 «Ille
1976 1396 2120 1458 ﬁde-

472 1487 547 1548 lis
579 1482 1042 1566 manet.nitaque
1075 1495 1316 1566 propter
1336 1494 1596 1548 nostram
1619 1487 1868 1549 salutem
1895 1487 2119 1568 expetit

471 1574 645 1636 nobis
677 1582 738 1635 ut
768 1573 822 1635 ei
852 1577 1264 1650 assentiamus,
1321 1583 1379 1636 et
1422 1575 1482 1636 in
1520 1575 1718 1655 ipsum
1770 1575 2112 1639 credamus.

471 1662 675 1745 Neque
704 1662 862 1724 enim
882 1662 943 1723 in
974 1663 1252 1725 damnum
1269 1663 1450 1724 ullum
1481 1663 1769 1745 recipitex
1797 1672 1997 1725 nostra
2014 1683 2117 1727 ne-

2203 621 2311 674 ται,
2361 599 2415 654 ἐν
2472 604 2548 673 τῷ
2602 601 2680 675 μη
2731 599 3011 680 ἑγηγέρθαι
3054 599 3090 668 ἢ
3137 600 3215 675 μὴ
3272 601 3414 657 εἶναι
3446 599 3598 664 Θεός.
3634 595 3841 675 Ἐπαγ-

2201 686 2513 766 γειλάμενος
2597 689 2697 767 γὰρ
2779 690 2895 767 περὶ
2977 689 3184 764 ἑαυτοῦ,
3286 691 3346 746 οὔ
3426 686 3637 745 δύναται
3721 687 3844 745 ἑαυ-

2199 778 2289 831 τὸν
2372 776 2659 852 ψεύσασθαι
2742 778 2828 832 καὶ
2912 776 2989 851 μὴ
3072 775 3352 855 πληρῶσαι
3435 777 3502 834 τὰ
3582 772 3847 853 ἐπηγγελ-

2200 863 2352 939 μένα.
2430 864 2559 921 Οὔτε
2618 864 2718 943 γὰρ
2764 864 3117 939 πιστεύοντες,
3166 867 3295 923 Θεὸν
3339 866 3494 922 αὐτὸν
3550 864 3844 943 ἀποφαίνο-

2199 974 2318 1029 μεν,
2393 953 2508 1009 ὸῦτε
2566 953 2909 1018 ἀπιστοῦντες
2968 958 3065 1019 τῆς
3138 955 3278 1018 θείας
3348 950 3675 1027 ἐκϐάλλομεν
3746 954 3844 1030 φύ-

2199 1063 2356 1117 σεως,
2402 1038 2538 1097 ἀλλά
2590 1041 2678 1097 καὶ
2736 1042 3089 1098 πιστευόντων
3136 1044 3289 1118 ἡμῶν
3340 1043 3428 1098 καὶ
3485 1041 3842 1098 ἀπιστούντων

2198 1131 2353 1193 αὐτὸς
2427 1130 2557 1192 Θεός
2629 1128 2765 1190 ἐστι.
2840 1121 3031 1206 Ἠμεϊς
3090 1131 3261 1187 τοίνυν
3315 1129 3654 1191 πιστεύοντες
3738 1130 3837 1195 τὴν

2198 1216 2456 1298 ὠφέλειαν
2487 1218 2845 1297 καρπούμεθα.
2880 1221 2950 1276 Τὸ
2994 1217 3049 1275 δὲ
3085 1241 3112 1274 α
3148 1220 3219 1277 Ού
3247 1217 3479 1294 δύναται,
3518 1242 3546 1275 ι
3581 1218 3696 1298 ἀντι
3725 1227 3839 1296 τοῦ,

2200 1309 2306 1364 Οὐκ
2387 1303 2683 1386 ἐνδέχεται,
2752 1329 2773 1360 α
2855 1304 3094 1372 Ἐκεῖνος
3132 1308 3317 1371 πιστὸς
3361 1305 3529 1382 μένει.
3586 1326 3610 1363 ο
3661 1294 3839 1361 "sine

2198 1390 2281 1452 διὰ
2336 1394 2436 1461 τὴν
2490 1392 2753 1473 ἡμετέραν
2812 1395 3075 1474 σωτηρίαν
3132 1395 3351 1452 ἀπαιτεῖ
3397 1396 3553 1470 ἡμῶν
3602 1394 3702 1461 τὴν
3764 1395 3839 1457 εἰς

2200 1481 2355 1538 αὒτὸν
2411 1484 2804 1561 συγκατάθεσιν.
2858 1488 2928 1541 Οὐ
2978 1485 3078 1563 γὰρ
3134 1481 3583 1557 καταϐλάπτεται,
3655 1483 3838 1563 φησὶν,

2196 1571 2256 1627 ἐκ
2307 1572 2408 1638 τῆς
2440 1648 2448 1651 Α
2480 1570 2731 1651 ἑμετέρας
2801 1571 3093 1651 ἀρνήσεως.
3173 1596 3200 1627 ιι
3287 1580 3461 1630 Ταῦτα
3527 1572 3838 1648 ὓπομίμνη-

2197 1681 2310 1722 σκε,
2346 1682 2374 1714 ι
2413 1648 2537 1717 ιἸνα
2581 1648 2657 1734 μή
2714 1681 2793 1722 τις
2837 1648 3027 1738 νομίσῃ
3080 1662 3279 1718 τούτων
3334 1658 3529 1718 δεῖσθα·
3579 1667 3685 1716 τῶν
3738 1658 3836 1715 λό-

472 1751 750 1849 ςιιιίοηο..
771 1777 799 1807 ι
832 1746 972 1849 Haec
998 1752 1274 1849 admone.
1287 1778 1315 1849 ξ
1352 1750 1436 1849 Ne
1467 1756 1601 1849 quis
1633 1752 1934 1815 existimet
1990 1753 2114 1815 hzec

2198 1770 2305 1826 γων
2351 1749 2442 1803 τὸν
2500 1750 2772 1824 Τιμόθεον,
2834 1751 2984 1829 φησὶ,
3030 1757 3202 1809 Ταῦτα
3256 1750 3649 1825 ὒπομίμνησκε,
3712 1746 3833 1804 δια-

476 1857 625 1919 opus
673 1839 854 1900 fuisse
907 1838 1493 1915 Timotheo,ait:Heec
1507 1840 1760 1902 admone
1775 1849 2115 1903 contestans

475 1945 671 1993 coram
703 1922 1016 1989 Dom’inon
1053 1926 1460 1991 Tremendum
1516 1938 1711 1990 autem
1757 1936 1847 1990 est
1886 1929 2109 2003 dicere,

474 2026 625 2081 teste
686 2017 833 2081 Deo.
885 2042 907 2075 σ
965 2015 1052 2081 Ne
1106 2018 1300 2081 verbis
1350 2019 1785 2083 contendant.»
1826 2018 2112 2092 Quoniam

474 2106 817 2168 aviditatem
872 2107 1125 2169 all'erunt
1155 2107 1415 2187 negotia,
1453 2126 1814 2189 semperque
1846 2109 1971 2171 vult
2000 2109 2114 2170 hu-

477 2214 687 2258 manus
735 2196 1361 2279 animusconquirere,
1399 2205 1457 2260 et
1485 2197 1677 2259 verbts
1727 2198 2112 2274 contendere,

479 2292 561 2360 tu,
599 2284 1178 2369 inquit,contestare
1236 2286 1378 2367 ipsis
1428 2305 1627 2348 coram
1670 2287 1787 2348 Deo
1820 2305 1893 2349 ne
1920 2287 2116 2349 verbis

475 2374 879 2436 contendant:
917 2374 1029 2437 hoc
1080 2381 1194 2453 est,
1228 2375 1483 2457 praecipe
1541 2384 1846 2457 assumpto
1897 2376 2018 2439 Deo
2053 2376 2115 2437 in

475 2471 726 2525 testem:
760 2471 821 2525 ut
864 2464 1053 2526 sciant
1101 2465 1257 2544 quod
1292 2463 1342 2525 si
1375 2472 1431 2525 te
1482 2467 1974 2546 contempserint,
2018 2467 2115 2527 ille

471 2551 765 2633 judicabit
795 2553 981 2634 ipsos.
1019 2575 1039 2604 ι
1076 2551 1166 2614 Ad
1198 2553 1423 2614 nullam
1473 2553 1811 2615 utilitatem.
1848 2579 1872 2609 η
1911 2556 2117 2636 Neque

481 2640 641 2703 enim
677 2641 869 2702 solum
903 2641 1060 2703 circa
1092 2642 1741 2723 qumstiones,rationes
1784 2662 1851 2704 ac
1896 2662 2120 2723 pugnas

476 2728 793 2791 verborum
825 2729 1062 2806 involvi,
1100 2730 1318 2791 nullam
1350 2730 1521 2793 alTert
1552 2730 1887 2811 utilitatem,
1919 2732 2021 2793 sed
2043 2732 2115 2792 ad

478 2819 760 2881 damnum
817 2819 992 2880 etiam
1052 2819 1115 2880 fit
1175 2818 1507 2880 auditorem
1561 2820 1661 2900 qui
1694 2819 2118 2881 imbecilliores

474 2916 635 2971 sunt.
676 2928 700 2963 ι
737 2905 925 2970 Stude
949 2907 1201 2989 teipsum
1233 2907 1544 2988 probatum
1577 2908 1861 2970 exhibere
1903 2908 2045 2972 Deo.
2082 2933 2111 2967 ι

472 2994 600 3059 Hoc
628 3003 738 3067 est,
765 2995 929 3058 nulla
951 2997 1194 3076 dignum
1220 2996 1709 3076 reprehensione.
1727 2996 2113 3078 «Operarium

2198 1837 2616 1916 μαρτυρούμενος
2698 1836 2921 1893 ἐνώπιον
2990 1838 3082 1894 τοῦ
3167 1838 3351 1916 Κυρίου
3447 1836 3679 1917 Φοϐερὸν
3758 1835 3835 1917 δὲ,

2196 1926 2282 2004 τὸ,
2340 1924 2425 1982 ἐπὶ
2496 1925 2714 2004 μάρτυρι
2777 1933 2892 2001 Θεῲ
2934 1924 3130 2005 λέγειν,
3184 1950 3210 1981 ε
3262 1928 3349 1993 Μὴ
3409 1926 3768 2007 λογομαχεῖν.
3807 1946 3836 1984 ι

2199 2010 2414 2080 Ἐπειδὴ
2456 2012 2695 2093 λιχνείαν
2755 2012 2871 2095 ἔχει
2917 2016 2975 2070 τὸ
3030 2022 3275 2094 πρᾶγμα,
3335 2017 3423 2071 καὶ
3477 2016 3556 2072 ἀεὶ
3599 2014 3841 2092 βούλεται

2196 2102 2230 2169 ἡ
2302 2102 2598 2180 ἀνθρωπίνη
2678 2105 2832 2183 ψυχὴ
2883 2105 3134 2175 συζητεῖν
3190 2106 3277 2161 καὶ
3332 2103 3692 2185 λογομαχεῖν,
3751 2105 3836 2178 σὺ,

2199 2191 2347 2270 φησὶ,
2420 2188 2767 2270 διαμαρτύρου
2842 2193 3023 2256 αὐτοῖς
3094 2193 3317 2250 ἐνώπιον
3400 2201 3492 2251 τοῦ
3551 2200 3700 2273 Θεοῦ,
3761 2192 3839 2268 μὴ

2198 2278 2555 2359 λογομαχεῖν,
2601 2279 2715 2335 ἀντὶ
2771 2288 2885 2360 τώ,
2946 2281 3308 2361 Παράγγελλε,
3361 2282 3594 2361 μάρτυρα
3660 2303 3838 2358 παρα-

2198 2366 2479 2443 λαμϐάνων
2509 2370 2599 2423 τὸν
2643 2371 2796 2450 Θεὸν,
2852 2370 2945 2426 ἵνα
2987 2369 3189 2428 εἰδῶσιν
3244 2370 3324 2427 ὅτι
3388 2370 3479 2426 ἐάν
3534 2393 3624 2427 σου
3667 2392 3835 2427 κατα-

2199 2463 2476 2535 φρονῶσιν,
2533 2457 2736 2522 ἐκεῖνος
2781 2457 2967 2523 αὐτοὺς
3024 2473 3216 2539 κρινεῖ,
3283 2484 3309 2514 σ
3371 2461 3456 2523 Εἷς
3502 2458 3645 2518 οὐδὲν
3688 2460 3836 2538 χρή..

2198 2567 2374 2620 σιμον.
2444 2568 2465 2601 ι
2546 2546 2618 2603 0'3
2674 2547 2836 2622 μόνον
2923 2549 3022 2626 γὰρ
3103 2550 3164 2604 τὸ
3234 2550 3351 2628 περὶ
3407 2550 3686 2624 ζητήματα
3751 2549 3840 2603 καὶ

2200 2632 2486 2711 λογισμοὺς
2542 2635 2629 2690 καὶ
2687 2634 2869 2713 μάχας
2940 2635 3190 2693 εἱλεϊσθαι
3257 2634 3403 2694 0'33?»
3454 2635 3640 2716 ὄφελος
3693 2636 3835 2717 ἔχει,

2201 2720 2338 2778 ἀλλά
2405 2724 2491 2779 καὶ
2561 2724 2634 2786 εἰς
2702 2722 2903 2799 βλάϐην
2986 2728 3182 2803 γίνεται
3265 2739 3383 2791 τοῖς
3453 2726 3837 2805 ἀσθενεστέροις

2198 2817 2304 2867 τῶν
2361 2811 2679 2875 ἀκουόντων,
2743 2836 2773 2867 ιι
2831 2816 3060 2871 Σεαυτὸν
3108 2813 3347 2891 δόκιμον
3414 2838 3437 2873 ο
3475 2820 3627 2891 Οἷον,
3663 2816 3839 2871 ἀνεπί-

2198 2898 2425 2966 ληπτον.
2489 2923 2511 2956 ι
2573 2900 2837 2981 Ἐργάτην
2904 2902 3342 2985 ἀνεπαίσχυντον.
3408 2927 3435 2959 ι
3496 2903 3676 2961 Πολλά
3723 2916 3843 2982 περὶ

2196 2993 2296 3056 τῆς
2362 2990 2620 3069 αἰσχύνης
2684 2991 2879 3058 ταύτης
2935 2990 3230 3073 διειλέχθη.
3306 2995 3455 3057 Εἰκὸς
3514 2995 3612 3073 γάρ
3679 3015 3825 3056 τινας

472 3104 592 3175 non
622 3083 1157 3175 erubescendum.»
1190 3085 1373 3175 Multa
1404 3085 1477 3146 de
1524 3086 1635 3175 hoc
1670 3076 1896 3165 pudore
1924 3086 2113 3148 disse-

2199 3076 2592 3154 ἀπολλυμένους
2662 3078 3068 3160 ἐπαισχύνεσθαι
3136 3084 3197 3139 τὸ
3264 3084 3536 3161 κήρυγμα,
3601 3085 3674 3145 ὡς
3728 3088 3834 3138 τ’ὒν

471 3173 611 3236 ruit.
635 3175 772 3235 267
794 3172 1135 3237 Verisimile
1157 3181 1246 3235 est
1276 3174 1434 3235 enim
1458 3174 1614 3255 quod
1646 3174 1878 3255 aliquos
1909 3176 2114 3255 perdi-

2198 3165 2508 3233 ἀποστόλων
2549 3172 2727 3232 κακῶς
2779 3170 3121 3250 πασχόντων,
3182 3177 3270 3227 καὶ
3314 3173 3388 3235 ὡς
3449 3178 3541 3229 τοῦ
3618 3178 3841 3250 Χριστοῦ

476 3273 568 3326 tos
599 3260 857 3343 pudebat
928 3261 1387 3343 prazdicationis,
1431 3261 1588 3343 quod
1644 3262 1896 3343 apostoli
1946 3264 2114 3327 malis

2200 3256 2336 3332 μετά
2362 3263 2454 3313 τοῦ
2496 3268 2715 3337 σταυροῦ
2760 3259 3175 3337 κηρυσσομένου,
3233 3261 3269 3329 ἢ
3330 3269 3454 3340 γοὺν
3510 3264 3582 3325 ὡς
3615 3259 3838 3316 εὖτελών

473 3350 939 3428 afficerentur,et
967 3350 1123 3432 quod
1156 3350 1424 3414 Christus
1459 3368 1595 3412 cum
1627 3369 1804 3413 cruce
1837 3351 2114 3433 praedica-

2199 3343 2365 3400 ὄντων
2432 3346 2536 3403 τῶν
2606 3347 2872 3426 κηρύκων,
2959 3349 3079 3405 οἷον
3160 3351 3234 3412 ὡς
3304 3350 3664 3433 σκηνοῤῥᾶςρου
3750 3356 3838 3405 τοῦ

471 3446 656 3515 retur,
689 3439 812 3502 sive
852 3419 1017 3521 quod
1068 3439 1213 3501 viles
1244 3447 1302 3501 et
1331 3434 1550 3520 abje‘cti
1583 3448 1781 3501 essent
1827 3419 2114 3519 praedica-

2200 3431 2427 3509 Παύλου,
2482 3435 2570 3490 καὶ
2611 3419 2802 3492 ἀλιέων
2857 3419 2962 3492 τῶν
3030 3437 3163 3517 ἀμφὶ
3212 3439 3303 3495 τὸν
3358 3419 3589 3517 Πέτρον..
3757 3435 3838 3493 ὅτι

470 3535 662 3593 tores:
694 3516 908 3608 nempe
962 3528 1178 3591 Paulus
1208 3516 1423 3589 4extor
1472 3516 2015 3605 tabernaculorum,
2060 3538 2114 3592 et

2198 3522 2275 3597 μὴ
2304 3527 2723 3603 καταισχυνθῇς,
2768 3523 2851 3581 διὰ
2893 3531 2985 3582 τοῦ
3025 3516 3212 3605 πρᾶξαί
3239 3549 3290 3583 τι
3339 3516 3559 3607 φαῦλον.
3623 3547 3647 3583 ι
3712 3516 3839 3605 Ὀρ-

471 3618 690 3680 Petrus
719 3636 851 3680 cum
883 3616 1016 3679 aliis
1046 3615 1317 3696 pluribus
1349 3617 1697 3697 piscatores.
1735 3617 1849 3679 Aut
1893 3636 1969 3680 ne
2010 3639 2114 3680 ru-

472 3705 619 3769 bore
648 3705 1010 3768 suﬂ‘undaris
1038 3705 1111 3767 ob
1145 3704 1298 3766 mala
1328 3723 1458 3786 qum
1519 3715 1844 3787 perpetres.
1881 3730 1909 3763 α
1934 3709 2115 3769 Recte

469 3798 773 3858 secantem
806 3812 1147 3856 sermonem
1172 3794 1497 3856 veritatis.»
1522 3793 1761 3857 SEt‘lll‘iS
1790 3795 1850 3857 in
1874 3798 2113 3857 modum

2195 3617 2517 3691 θοτομοῦντα
2542 3619 2634 3673 τὸν
2674 3616 2834 3697 λόγον
2860 3623 2959 3686 τῆς
2986 3619 3253 3686 ἀληθείας,
3325 3646 3351 3676 ι
3415 3621 3694 3701 Μαχαίρας
3751 3618 3833 3674 δί-

2195 3725 2298 3770 κην
2326 3703 2484 3780 τέμνε
2513 3706 2581 3761 τά
2621 3709 2842 3785 περισσά
2886 3710 2974 3764 καὶ
3031 3710 3153 3765 νόθα
3210 3708 3471 3788 δόγματα,
3520 3710 3553 3766 ἃ
3581 3712 3628 3766 οἱ
3658 3708 3835 3764 ἀπολα

2195 3790 2410 3868 λόμενοι
2460 3798 2877 3873 προσετρίψαντο
2921 3800 2999 3872 τῷ
3025 3804 3348 3878 κηρύγματι,
3376 3800 3465 3855 καὶ
3504 3800 3575 3863 εἰς
3605 3799 3667 3854 τὸ
3695 3798 3839 3861 εὒθὲς

468 3901 606 3946 seca
635 3883 935 3964 superﬂua
978 3889 1033 3943 et
1064 3881 1397 3945 adulterina
1426 3883 1723 3963 dogmata,
1782 3903 1913 3965 quae
1946 3885 2114 3966 impii

2197 3879 2291 3960 ἄγε
2321 3880 2406 3939 διὰ
2439 3889 2532 3940 τοῦ
2576 3887 2902 3962 Πνεύματος.

468 3991 536 4033 ac
560 3970 775 4053 perditi
804 3970 1197 4035 commiscent
1220 3973 1627 4052 praedicationi
1656 3982 1753 4048 ;et
1781 3992 1888 4054 per
1918 3971 2111 4055 Spiri-

472 4068 592 4122 tum
624 4060 695 4121 ad
727 4059 786 4121 id
818 4059 975 4140 quod
1009 4065 1236 4120 rectum
1254 4069 1342 4120 est
1361 4059 1691 4141 perducito.

547 4148 622 4224 II,
658 4149 858 4210 16-19.
901 4149 1194 4210 Caeterum
1238 4149 1531 4227 profanas
1556 4166 1771 4211 vocum
1818 4152 2113 4215 novitates

2288 4162 2313 4197 ι
2416 4143 2520 4207 Τὰς
2605 4141 2660 4199 δὲ
2743 4140 3002 4221 βεϐήλους
3084 4149 3433 4227 καινοφωνίας
3518 4150 3838 4227 περιίστασο.

463 4238 888 4317 praetermitte:
913 4237 993 4297 ad
1005 4237 1299 4316 majorem
1315 4238 1484 4299 enim
1498 4238 1822 4318 proﬁcient
1842 4239 2114 4317 impieta-

2204 4230 2304 4318 βπὶ
2377 4229 2565 4289 πλεῖον
2628 4234 2727 4311 γὰρ
2811 4236 3199 4313 προσκόψουσιν
3281 4236 3577 4318 ἀσεϐείαςη
3635 4240 3720 4293 καὶ
3810 4241 3838 4294 ὁ

469 4314 674 4405 tem,et
693 4340 891 4387 sermo
912 4314 1160 4386 illorum
1184 4330 1254 4385 ut
1274 4314 1761 4388 cancer'morbus
1777 4314 2114 4407 pastionem

2203 4314 2362 4407 ᾗάγος
2429 4322 2598 4377 α’δτιῦν
2656 4324 2729 4385 ὡς
2785 4325 3077 4403 γάγγραινα
3146 4330 3304 4401 δομην
3367 4326 3489 4391 ἕξει,
3550 4315 3643 4381 των
3703 4325 3847 4382 ἐστιν

468 4395 1127 4495 habebit:quorumde
1155 4429 1414 4475 numero
1458 4421 1600 4477 sunt
1651 4395 2015 4495 Hymenaeus
2063 4426 2114 4480 et

2206 4395 2478 4480 ’Υμέναιος
2564 4411 2651 4466 καὶ
2730 4395 2983 4492 Φιλητός,
3071 4395 3268 4478 οἵτινες
3349 4416 3467 4493 περὶ
3537 4414 3637 4481 τὴν
3703 4413 3840 4485 ἀλήο

467 4501 765 4577 Philetus,
787 4507 895 4582 qui
913 4505 1080 4565 circa
1110 4503 1434 4564 veritatem
1452 4502 2114 4581 aberrarunt,dicentes

2197 4497 2335 4551 θειαν
2430 4496 2771 4578 ἠστόχησαν,
2851 4498 3098 4580 λέγοντες
3183 4504 3280 4569 τὴν
3365 4503 3647 4560 ἀνάστασιν
3744 4504 3843 4572 ἥλη

466 4597 957 4655 resurrectionem
998 4592 1124 4667 iam
1172 4608 1298 4653 esse
1342 4589 1613 4671 factam;
1643 4600 1704 4653 et
1760 4594 2114 4657 subvertant

2197 4583 2493 4671 γεγονέται,
2590 4590 2678 4644 γαὶ
2776 4589 3120 4671 ἀνατρέπουσι
3205 4593 3302 4662 τήν
3397 4614 3552 4649 τινων
3639 4592 3839 4652 πίστιν.

468 4681 853 4771 quorundam
871 4665 1074 4771 ﬁdem.
1104 4665 1393 4771 Solidttm
1414 4687 1617 4771 tamen
1636 4682 2114 4771 fundamentum

2204 4665 2261 4729 Ὀ
2311 4674 2406 4749 μέν
2461 4698 2544 4734 τοι
2614 4680 2823 4758 στερεὸς
2904 4680 3147 4757 θεμέλιος
3209 4691 3325 4771 ’,τοῦ
3392 4690 3522 4738 Θεού
3602 4680 3843 4755 ἕστηκεν,

467 4758 587 4831 Dei
614 4775 758 4844 stat,
788 4758 1015 4831 habens
1034 4768 1407 4845 signandum
1432 4768 1541 4831 hoc
1568 4787 1581 4830 :
1618 4758 1797 4832 [Vovit
1822 4770 2114 4834 Dominus

2210 4758 2355 4849 ἔχων
2407 4764 2508 4831 τὴν
2558 4766 2818 4847 σφραγῖδα
2878 4771 3072 4837 ταύτην
3107 4790 3118 4802 ·
3209 4758 3381 4849 Vr;va
3460 4773 3641 4849 Κύριος
3722 4775 3843 4835 τοὺς

470 4858 579 4939 qui
602 4860 735 4921 sint
761 4856 1347 4933 sui,et,Discedatab
1365 4858 1886 4937 im'quitateomnis
1913 4862 2114 4940 quino

2207 4846 2363 4915 ὄντας
2393 4854 2574 4934 αὐτοῦ,
2606 4858 2715 4930 καὶ,
2739 4857 3056 4928 Ἀποστήτω
3084 4859 3189 4915 ἀπὸ
3219 4860 3417 4923 ἀόικίας
3451 4867 3552 4925 πᾶς
3584 4863 3611 4917 ὁ
3639 4862 3843 4937 ὀνομά-

483 4947 684 5009 minat
713 4958 933 5009 nomen
969 4944 1233 5008 Domini.
1922 4939 1939 4940 ί

2207 4946 2309 5010 ζων
2332 4942 2394 4995 τὸ
2424 4939 2591 5019 ὄνομα
2623 4946 2829 5024 Κυρίου.
2869 4969 2888 5000 ι

555 5059 583 5092 α
618 5033 902 5098 Profanas
959 5052 1166 5097 vocum
1217 5034 1525 5097 vanitates.
1564 5058 1585 5091 ι
1636 5033 1697 5097 Si
1728 5036 1868 5115 quid
1904 5054 2117 5098 novum

466 5123 528 5185 in
550 5122 970 5204 przedicatione
1000 5122 1177 5184 fuerit
1206 5122 1509 5185 Inductum
1538 5140 1607 5185 ex
1641 5124 1971 5186 recentiore
2018 5125 2080 5187 in
2103 5159 2118 5171 -

466 5219 661 5287 vento,
700 5211 943 5273 omnino
992 5210 1269 5273 vitiosum
1327 5219 1505 5274 estet
1560 5213 1896 5290 profanum.
1948 5212 2114 5285 Quod

467 5306 665 5361 autem
708 5299 789 5361 ait
829 5302 1157 5381 περιίστασο,
1205 5311 1306 5361 aut
1358 5300 1652 5380 signiﬁcat
1704 5301 1967 5383 Expelle,
2018 5311 2117 5364 aut

467 5387 686 5450 acriter
715 5388 938 5451 obsiste
968 5396 1031 5450 ut
1059 5389 1146 5451 illi
1177 5391 1355 5451 ﬁnem
1382 5391 1649 5471 imponas
1670 5410 1736 5452 ac
1767 5390 2111 5469 prohibeas.

473 5500 502 5533 α
534 5477 627 5539 Ad
659 5477 946 5556 majorem
979 5479 1136 5539 enim
1190 5479 1504 5560 proficient
1551 5479 1941 5560 impietatem.
1982 5505 2007 5535 ι
2050 5479 2111 5542 Si

467 5564 610 5647 quid
636 5563 1040 5626 adulterinum
1072 5566 1427 5646 ingreditur,
1466 5585 1708 5649 semper
1735 5568 1808 5630 ad
1840 5568 2110 5631 insolen-

467 5654 606 5716 tiam
642 5652 827 5733 magis
849 5652 1244 5736 tendit,atque
1270 5655 1332 5719 in
1354 5657 1485 5720 dies
1514 5657 1700 5737 magis
1729 5657 1977 5720 assumit
2009 5657 2107 5719 in-

2286 5047 2316 5087 c
2364 5031 2468 5095 Τὰς
2498 5031 2551 5088 δὲ
2581 5033 2838 5110 βεϐήλους
2880 5037 3247 5116 καινοιρωνίας.
3299 5062 3328 5093 ι
3394 5037 3460 5095 Εἴ
3515 5061 3563 5095 τι
3611 5037 3725 5094 νέον
3785 5039 3838 5095 ἐν

2198 5122 2275 5206 τῷ
2331 5120 2629 5198 κηρύγματι
2715 5124 2766 5190 ἐξ
2851 5124 3079 5189 ἕπινοίας
3152 5126 3408 5205 νεωτέρας
3498 5126 3839 5206 ἐπεισαχθέν,

2198 5204 2407 5269 πάντως
2458 5208 2653 5288 φαῦλον
2707 5215 2794 5270 καὶ
2848 5211 3096 5289 βέϐηλον.
3157 5218 3228 5271 To
3283 5212 3362 5290 δὲ,
3417 5204 3753 5295 περιίστασο,
3795 5215 3837 5283 ἢ

2195 5303 2477 5377 παραιτοῦ,
2538 5299 2573 5367 ἢ
2631 5310 2892 5382 περισσῶς
2946 5303 3138 5359 ἵστασο
3210 5305 3283 5367 εἰς
3354 5308 3415 5360 τὸ
3476 5315 3672 5364 παῦσαι
3753 5309 3841 5362 καὶ

2195 5380 2451 5443 κωλῦσαι.
2493 5410 2520 5442 ι
2570 5388 2687 5447 Ἐπὶ
2704 5380 2905 5448 πλεῖον
2961 5393 3047 5448 καὶ
3102 5394 3458 5470 προκόψουσιν
3507 5392 3769 5457 ἀσεϐείας,
3809 5420 3835 5449 ι

2194 5470 2262 5563 lii
2314 5493 2363 5563 τι
2421 5476 2520 5555 γὰρ
2564 5479 2713 5536 νόθον
2770 5482 3024 5563 εἰσήχθη,
3084 5484 3268 5561 φησὶν,
3315 5483 3395 5539 ἀεὶ
3429 5481 3623 5559 βαδίζει
3709 5486 3841 5563 πρὸς

2192 5558 2436 5651 δξῖοπίαν.
2499 5568 2596 5625 Καὶ
2665 5558 3037 5644 μείζονα-τὴν
3093 5558 3320 5651 ἐπίδοσιν
3378 5558 3635 5651 ὁσημέραι
3692 5558 3840 5648 λαμ-

2191 5642 2360 5710 ϐάνει.
2427 5674 2453 5707 α
2535 5666 2608 5720 Ως
2667 5642 2980 5738 γάγγραινα,
3051 5682 3079 5716 ι
3143 5650 3205 5717 Ἠ
3275 5642 3632 5740 γάγγραινα»
3687 5642 3842 5728 ἕλκος
