  <div class='ocr_page' id='page_1' title='image "/cluster/home/n/w/nwhite01/storage/ocr_20150623/119/hvd.32044073502494/116.png"; bbox 0 0 4152 6216; ppageno 0'>
   <div class='ocr_carea' id='block_1_1' title="bbox 294 374 408 439">
    <p class='ocr_par' dir='ltr' id='par_1_1' title="bbox 294 374 408 439">
     <span class='ocr_line' id='line_1_1' title="bbox 294 374 408 439; baseline -0.035 0"><span class='ocrx_word' id='word_1_1' title='bbox 294 374 408 439; x_wconf 73' lang='grc'>21⁸1</span> 
     </span>
    </p>
   </div>
   <div class='ocr_carea' id='block_1_2' title="bbox 294 504 1285 581">
    <p class='ocr_par' dir='ltr' id='par_1_2' title="bbox 294 504 1285 581">
     <span class='ocr_line' id='line_1_2' title="bbox 294 504 1285 581; baseline -0.002 -20"><span class='ocrx_word' id='word_1_2' title='bbox 294 507 581 576; x_wconf 72' lang='grc' dir='ltr'><strong>σηπτικὸν,</strong></span> <span class='ocrx_word' id='word_1_3' title='bbox 670 507 756 561; x_wconf 79' lang='grc' dir='ltr'>καὶ</span> <span class='ocrx_word' id='word_1_4' title='bbox 827 504 1114 581; x_wconf 78' lang='grc' dir='ltr'><strong>νεμόμενον</strong></span> <span class='ocrx_word' id='word_1_5' title='bbox 1195 505 1285 559; x_wconf 83' lang='grc' dir='ltr'>τὸν</span> 
     </span>
    </p>
   </div>
   <div class='ocr_carea' id='block_1_3' title="bbox 296 592 1941 676">
    <p class='ocr_par' dir='ltr' id='par_1_3' title="bbox 296 592 1941 676">
     <span class='ocr_line' id='line_1_3' title="bbox 296 592 1941 676; baseline 0.001 -23"><span class='ocrx_word' id='word_1_6' title='bbox 296 596 644 676; x_wconf 66' lang='grc' dir='ltr'><strong>ἐργαζόμενον</strong></span> <span class='ocrx_word' id='word_1_7' title='bbox 680 611 699 676; x_wconf 73' lang='lat'><strong>&#39;_</strong></span> <span class='ocrx_word' id='word_1_8' title='bbox 749 617 774 649; x_wconf 83' lang='grc' dir='ltr'><strong>ιι</strong></span> <span class='ocrx_word' id='word_1_9' title='bbox 807 596 874 663; x_wconf 74' lang='grc' dir='ltr'>ἡν</span> <span class='ocrx_word' id='word_1_10' title='bbox 912 615 1051 658; x_wconf 88' lang='grc' dir='ltr'>τινες</span> <span class='ocrx_word' id='word_1_11' title='bbox 1103 592 1268 674; x_wconf 81' lang='grc' dir='ltr'>ἓρπην</span> <span class='ocrx_word' id='word_1_12' title='bbox 1315 596 1492 674; x_wconf 82' lang='grc' dir='ltr'>φασὶν,</span> <span class='ocrx_word' id='word_1_13' title='bbox 1525 593 1562 661; x_wconf 78' lang='grc' dir='ltr'>ἢ</span> <span class='ocrx_word' id='word_1_14' title='bbox 1605 592 1941 675; x_wconf 84' lang='grc' dir='ltr'>ἐρυσιπέλην.</span> 
     </span>
    </p>
   </div>
   <div class='ocr_carea' id='block_1_4' title="bbox 302 674 1943 759">
    <p class='ocr_par' dir='ltr' id='par_1_4' title="bbox 302 674 1943 759">
     <span class='ocr_line' id='line_1_4' title="bbox 302 674 1943 759; baseline -0.002 -19"><span class='ocrx_word' id='word_1_15' title='bbox 302 674 331 740; x_wconf 59' lang='grc' dir='ltr'><em>ά</em></span> <span class='ocrx_word' id='word_1_16' title='bbox 381 693 457 739; x_wconf 86' lang='grc' dir='ltr'>Ων</span> <span class='ocrx_word' id='word_1_17' title='bbox 486 684 632 740; x_wconf 83' lang='grc' dir='ltr'>ἐστιν</span> <span class='ocrx_word' id='word_1_18' title='bbox 685 674 1041 759; x_wconf 69' lang='grc' dir='ltr'>Ὑμέναιος...</span> <span class='ocrx_word' id='word_1_19' title='bbox 1089 704 1117 737; x_wconf 73' lang='grc' dir='ltr'><strong><em>ι</em></strong></span> <span class='ocrx_word' id='word_1_20' title='bbox 1151 682 1269 740; x_wconf 78' lang='grc' dir='ltr'>Τῶν</span> <span class='ocrx_word' id='word_1_21' title='bbox 1326 683 1421 746; x_wconf 75' lang='grc' dir='ltr'><strong>τὰς</strong></span> <span class='ocrx_word' id='word_1_22' title='bbox 1482 680 1737 759; x_wconf 77' lang='grc' dir='ltr'>βεϐήλους</span> <span class='ocrx_word' id='word_1_23' title='bbox 1795 703 1943 738; x_wconf 88' lang='grc' dir='ltr'>κενο-</span> 
     </span>
    </p>
   </div>
   <div class='ocr_carea' id='block_1_5' title="bbox 296 769 1937 853">
    <p class='ocr_par' dir='ltr' id='par_1_5' title="bbox 296 769 1937 853">
     <span class='ocr_line' id='line_1_5' title="bbox 296 769 1937 853; baseline -0.002 -21"><span class='ocrx_word' id='word_1_24' title='bbox 296 774 491 853; x_wconf 78' lang='grc' dir='ltr'>φωνίας</span> <span class='ocrx_word' id='word_1_25' title='bbox 521 772 824 853; x_wconf 74' lang='grc' dir='ltr'>φηρόντων.</span> <span class='ocrx_word' id='word_1_26' title='bbox 885 804 965 815; x_wconf 91' lang='lat'><strong>-—</strong></span> <span class='ocrx_word' id='word_1_27' title='bbox 1047 793 1075 825; x_wconf 72' lang='grc' dir='ltr'><strong>α</strong></span> <span class='ocrx_word' id='word_1_28' title='bbox 1109 769 1368 850; x_wconf 84' lang='grc' dir='ltr'>Δέγοντες</span> <span class='ocrx_word' id='word_1_29' title='bbox 1423 771 1523 838; x_wconf 79' lang='grc' dir='ltr'>τὴν</span> <span class='ocrx_word' id='word_1_30' title='bbox 1566 771 1872 833; x_wconf 71' lang='grc' dir='ltr'><strong>ἀνάστασιν.</strong></span> <span class='ocrx_word' id='word_1_31' title='bbox 1909 789 1937 829; x_wconf 82' lang='grc'><strong>)</strong></span> 
     </span>
    </p>
   </div>
   <div class='ocr_carea' id='block_1_6' title="bbox 301 861 1943 945">
    <p class='ocr_par' dir='ltr' id='par_1_6' title="bbox 301 861 1943 945">
     <span class='ocr_line' id='line_1_6' title="bbox 301 861 1943 945; baseline -0.003 -21"><span class='ocrx_word' id='word_1_32' title='bbox 301 868 633 944; x_wconf 78' lang='grc' dir='ltr'><strong>[ΘΕΟΔΩΡ.]</strong></span> <span class='ocrx_word' id='word_1_33' title='bbox 679 866 786 930; x_wconf 74' lang='grc' dir='ltr'><strong>Τὰς</strong></span> <span class='ocrx_word' id='word_1_34' title='bbox 844 863 904 919; x_wconf 86' lang='grc' dir='ltr'><strong>ἐκ</strong></span> <span class='ocrx_word' id='word_1_35' title='bbox 956 861 1291 927; x_wconf 86' lang='grc' dir='ltr'>παιδοποιίας</span> <span class='ocrx_word' id='word_1_36' title='bbox 1348 862 1601 945; x_wconf 81' lang='grc' dir='ltr'>διαδοχὰς</span> <span class='ocrx_word' id='word_1_37' title='bbox 1657 864 1943 922; x_wconf 74' lang='grc' dir='ltr'><strong>ἀνάστασιν</strong></span> 
     </span>
    </p>
   </div>
   <div class='ocr_carea' id='block_1_7' title="bbox 298 954 1943 1032">
    <p class='ocr_par' dir='ltr' id='par_1_7' title="bbox 298 954 1943 1032">
     <span class='ocr_line' id='line_1_7' title="bbox 298 954 1943 1032; baseline -0.002 -20"><span class='ocrx_word' id='word_1_38' title='bbox 298 959 343 1012; x_wconf 73' lang='grc' dir='ltr'>οἱ</span> <span class='ocrx_word' id='word_1_39' title='bbox 410 954 707 1030; x_wconf 74' lang='grc' dir='ltr'><strong>δυσώνυμοι</strong></span> <span class='ocrx_word' id='word_1_40' title='bbox 777 954 1193 1032; x_wconf 75' lang='grc' dir='ltr'>προσηγόρευον,</span> <span class='ocrx_word' id='word_1_41' title='bbox 1253 954 1341 1010; x_wconf 85' lang='grc' dir='ltr'><strong>καὶ</strong></span> <span class='ocrx_word' id='word_1_42' title='bbox 1396 976 1544 1019; x_wconf 89' lang='grc' dir='ltr'>τινας</span> <span class='ocrx_word' id='word_1_43' title='bbox 1604 954 1943 1023; x_wconf 81' lang='grc' dir='ltr'><strong>ἐξηπάτησαν</strong></span> 
     </span>
    </p>
   </div>
   <div class='ocr_carea' id='block_1_8' title="bbox 296 1040 1943 1113">
    <p class='ocr_par' dir='ltr' id='par_1_8' title="bbox 296 1040 1943 1113">
     <span class='ocr_line' id='line_1_8' title="bbox 296 1040 1943 1113; baseline -0.003 -10"><span class='ocrx_word' id='word_1_44' title='bbox 296 1052 394 1113; x_wconf 76' lang='grc' dir='ltr'>τῆς</span> <span class='ocrx_word' id='word_1_45' title='bbox 413 1044 779 1112; x_wconf 75' lang='grc' dir='ltr'>ἀποπολικῆς</span> <span class='ocrx_word' id='word_1_46' title='bbox 829 1043 1128 1110; x_wconf 79' lang='grc' dir='ltr'>ἀποστῆναι</span> <span class='ocrx_word' id='word_1_47' title='bbox 1171 1040 1537 1108; x_wconf 81' lang='grc' dir='ltr'>διδασκαλίας.</span> <span class='ocrx_word' id='word_1_48' title='bbox 1576 1064 1602 1100; x_wconf 71' lang='grc' dir='ltr'>ι</span> <span class='ocrx_word' id='word_1_49' title='bbox 1648 1045 1759 1111; x_wconf 80' lang='grc' dir='ltr'><strong>Τὴν</strong></span> <span class='ocrx_word' id='word_1_50' title='bbox 1809 1043 1943 1099; x_wconf 79' lang='grc' dir='ltr'>ἀνά-</span> 
     </span>
    </p>
   </div>
   <div class='ocr_carea' id='block_1_9' title="bbox 298 1130 1946 1212">
    <p class='ocr_par' dir='ltr' id='par_1_9' title="bbox 298 1130 1946 1212">
     <span class='ocr_line' id='line_1_9' title="bbox 298 1130 1946 1212; baseline -0.002 -22"><span class='ocrx_word' id='word_1_51' title='bbox 298 1156 483 1190; x_wconf 88' lang='grc' dir='ltr'>στασιν</span> <span class='ocrx_word' id='word_1_52' title='bbox 525 1131 630 1201; x_wconf 69' lang='grc' dir='ltr'>ἤδη</span> <span class='ocrx_word' id='word_1_53' title='bbox 657 1133 951 1211; x_wconf 85' lang='grc' dir='ltr'>γεγονέναι.</span> <span class='ocrx_word' id='word_1_54' title='bbox 1003 1153 1027 1186; x_wconf 73' lang='grc' dir='ltr'>ι</span> <span class='ocrx_word' id='word_1_55' title='bbox 1068 1130 1257 1212; x_wconf 69' lang='grc' dir='ltr'>Καλῷς</span> <span class='ocrx_word' id='word_1_56' title='bbox 1281 1130 1573 1212; x_wconf 79' lang='grc' dir='ltr'>ἄνωφησὶν,</span> <span class='ocrx_word' id='word_1_57' title='bbox 1610 1131 1729 1190; x_wconf 81' lang='grc' dir='ltr'>Ἐπὶ</span> <span class='ocrx_word' id='word_1_58' title='bbox 1758 1130 1946 1189; x_wconf 76' lang='grc' dir='ltr'>πλεῖον</span> 
     </span>
    </p>
   </div>
   <div class='ocr_carea' id='block_1_10' title="bbox 297 1208 1943 1303">
    <p class='ocr_par' dir='ltr' id='par_1_10' title="bbox 297 1208 1943 1303">
     <span class='ocr_line' id='line_1_10' title="bbox 297 1208 1943 1303; baseline -0.013 -21"><span class='ocrx_word' id='word_1_59' title='bbox 297 1223 396 1303; x_wconf 69' lang='grc' dir='ltr'><strong>γὰρ</strong></span> <span class='ocrx_word' id='word_1_60' title='bbox 449 1208 813 1301; x_wconf 78' lang='grc' dir='ltr'>προκόψουσιν</span> <span class='ocrx_word' id='word_1_61' title='bbox 856 1215 1119 1282; x_wconf 79' lang='grc' dir='ltr'>ἀσεϐείας.</span> <span class='ocrx_word' id='word_1_62' title='bbox 1182 1208 1328 1299; x_wconf 69' lang='grc' dir='ltr'><strong>ιὈραι</strong></span> <span class='ocrx_word' id='word_1_63' title='bbox 1382 1208 1482 1301; x_wconf 46' lang='grc' dir='ltr'><strong>γὰρ</strong></span> <span class='ocrx_word' id='word_1_64' title='bbox 1538 1220 1637 1278; x_wconf 74' lang='grc' dir='ltr'><strong>ὅσα</strong></span> <span class='ocrx_word' id='word_1_65' title='bbox 1691 1221 1943 1295; x_wconf 51' lang='grc' dir='ltr'>τίκτεται,</span> 
     </span>
    </p>
   </div>
   <div class='ocr_carea' id='block_1_11' title="bbox 297 1307 1943 1390">
    <p class='ocr_par' dir='ltr' id='par_1_11' title="bbox 297 1307 1943 1390">
     <span class='ocr_line' id='line_1_11' title="bbox 297 1307 1943 1390; baseline -0.001 -23"><span class='ocrx_word' id='word_1_66' title='bbox 297 1311 357 1367; x_wconf 83' lang='grc' dir='ltr'><strong>ἐκ</strong></span> <span class='ocrx_word' id='word_1_67' title='bbox 384 1320 478 1370; x_wconf 79' lang='grc' dir='ltr'>τοῦ</span> <span class='ocrx_word' id='word_1_68' title='bbox 532 1310 734 1390; x_wconf 86' lang='grc' dir='ltr'>λέγειν,</span> <span class='ocrx_word' id='word_1_69' title='bbox 782 1307 883 1377; x_wconf 72' lang='grc' dir='ltr'>ἤδη</span> <span class='ocrx_word' id='word_1_70' title='bbox 940 1308 1040 1375; x_wconf 75' lang='grc' dir='ltr'><strong>τὴν</strong></span> <span class='ocrx_word' id='word_1_71' title='bbox 1084 1307 1369 1365; x_wconf 84' lang='grc' dir='ltr'>ἀνάστασιν</span> <span class='ocrx_word' id='word_1_72' title='bbox 1424 1310 1724 1389; x_wconf 88' lang='grc' dir='ltr'>γεγονέναι,</span> <span class='ocrx_word' id='word_1_73' title='bbox 1782 1309 1943 1371; x_wconf 83' lang='grc' dir='ltr'>κακά,</span> 
     </span>
    </p>
   </div>
   <div class='ocr_carea' id='block_1_12' title="bbox 297 1397 1950 1479">
    <p class='ocr_par' dir='ltr' id='par_1_12' title="bbox 297 1397 1950 1479">
     <span class='ocr_line' id='line_1_12' title="bbox 297 1397 1950 1479; baseline -0.002 -23"><span class='ocrx_word' id='word_1_74' title='bbox 297 1398 729 1479; x_wconf 77' lang='grc' dir='ltr'>Ἀπεστερήμεθα</span> <span class='ocrx_word' id='word_1_75' title='bbox 808 1403 907 1464; x_wconf 75' lang='grc' dir='ltr'><strong>τῆς</strong></span> <span class='ocrx_word' id='word_1_76' title='bbox 1003 1397 1288 1475; x_wconf 83' lang='grc' dir='ltr'>παρουσίας</span> <span class='ocrx_word' id='word_1_77' title='bbox 1383 1408 1478 1458; x_wconf 80' lang='grc' dir='ltr'>τοῦ</span> <span class='ocrx_word' id='word_1_78' title='bbox 1559 1406 1806 1479; x_wconf 80' lang='grc' dir='ltr'>Χριστοῦ,</span> <span class='ocrx_word' id='word_1_79' title='bbox 1889 1400 1950 1455; x_wconf 79' lang='grc' dir='ltr'><strong>οὗ</strong></span> 
     </span>
    </p>
   </div>
   <div class='ocr_carea' id='block_1_13' title="bbox 296 1484 1945 1568">
    <p class='ocr_par' dir='ltr' id='par_1_13' title="bbox 296 1484 1945 1568">
     <span class='ocr_line' id='line_1_13' title="bbox 296 1484 1945 1568; baseline -0.001 -24"><span class='ocrx_word' id='word_1_80' title='bbox 296 1489 345 1544; x_wconf 88' lang='grc' dir='ltr'><strong>τί</strong></span> <span class='ocrx_word' id='word_1_81' title='bbox 415 1488 612 1568; x_wconf 87' lang='grc' dir='ltr'>γένοιτ’</span> <span class='ocrx_word' id='word_1_82' title='bbox 672 1487 735 1544; x_wconf 79' lang='grc' dir='ltr'><strong>ἀν</strong></span> <span class='ocrx_word' id='word_1_83' title='bbox 806 1484 1200 1566; x_wconf 72' lang='grc' dir='ltr'>ἀνιαρῶτερονς</span> <span class='ocrx_word' id='word_1_84' title='bbox 1276 1488 1371 1544; x_wconf 76' lang='grc' dir='ltr'>οὐκ</span> <span class='ocrx_word' id='word_1_85' title='bbox 1438 1487 1579 1545; x_wconf 81' lang='grc' dir='ltr'>’ἐστιν</span> <span class='ocrx_word' id='word_1_86' title='bbox 1661 1487 1945 1560; x_wconf 81' lang='grc' dir='ltr'>ἀντίδοσις,</span> 
     </span>
    </p>
   </div>
   <div class='ocr_carea' id='block_1_14' title="bbox 293 1572 1945 1657">
    <p class='ocr_par' dir='ltr' id='par_1_14' title="bbox 293 1572 1945 1657">
     <span class='ocr_line' id='line_1_14' title="bbox 293 1572 1945 1657; baseline -0.001 -22"><span class='ocrx_word' id='word_1_87' title='bbox 293 1575 411 1635; x_wconf 60' lang='grc' dir='ltr'><strong>οῶὲ</strong></span> <span class='ocrx_word' id='word_1_88' title='bbox 478 1576 725 1640; x_wconf 83' lang='grc' dir='ltr'>κόλασις.</span> <span class='ocrx_word' id='word_1_89' title='bbox 828 1572 1086 1631; x_wconf 77' lang='grc' dir='ltr'>Ψεύδεται</span> <span class='ocrx_word' id='word_1_90' title='bbox 1170 1578 1199 1632; x_wconf 99' lang='lat'><strong>6</strong></span> <span class='ocrx_word' id='word_1_91' title='bbox 1270 1582 1435 1633; x_wconf 77' lang='grc' dir='ltr'>ταῦτα</span> <span class='ocrx_word' id='word_1_92' title='bbox 1491 1575 1945 1657; x_wconf 71' lang='grc' dir='ltr'>ἐπαγγειλάμενος</span> 
     </span>
    </p>
   </div>
   <div class='ocr_carea' id='block_1_15' title="bbox 297 1662 1946 1745">
    <p class='ocr_par' dir='ltr' id='par_1_15' title="bbox 297 1662 1946 1745">
     <span class='ocr_line' id='line_1_15' title="bbox 297 1662 1946 1745; baseline -0.001 -22"><span class='ocrx_word' id='word_1_93' title='bbox 297 1666 543 1745; x_wconf 77' lang='grc' dir='ltr'>Χριστός.</span> <span class='ocrx_word' id='word_1_94' title='bbox 612 1667 710 1724; x_wconf 79' lang='grc' dir='ltr'>Καὶ</span> <span class='ocrx_word' id='word_1_95' title='bbox 770 1662 931 1741; x_wconf 79' lang='grc' dir='ltr'>ὃμοια</span> <span class='ocrx_word' id='word_1_96' title='bbox 1003 1662 1180 1721; x_wconf 87' lang='grc' dir='ltr'>πολλά</span> <span class='ocrx_word' id='word_1_97' title='bbox 1250 1669 1405 1745; x_wconf 80' lang='grc' dir='ltr'>Οἶον,</span> <span class='ocrx_word' id='word_1_98' title='bbox 1471 1689 1499 1721; x_wconf 74' lang='grc' dir='ltr'>ι</span> <span class='ocrx_word' id='word_1_99' title='bbox 1546 1668 1605 1724; x_wconf 77' lang='lat' dir='ltr'><strong>El</strong></span> <span class='ocrx_word' id='word_1_100' title='bbox 1662 1666 1946 1730; x_wconf 85' lang='grc' dir='ltr'>ἀνάστασις</span> 
     </span>
    </p>
   </div>
   <div class='ocr_carea' id='block_1_16' title="bbox 1286 367 2833 435">
    <p class='ocr_par' dir='ltr' id='par_1_16' title="bbox 1286 367 2833 435">
     <span class='ocr_line' id='line_1_16' title="bbox 1286 367 2833 435; baseline -0.005 0"><span class='ocrx_word' id='word_1_101' title='bbox 1286 370 1673 435; x_wconf 79' lang='lat' dir='ltr'><strong>COMMENT.</strong></span> <span class='ocrx_word' id='word_1_102' title='bbox 1722 372 1804 434; x_wconf 85' lang='lat' dir='ltr'><strong>IN</strong></span> <span class='ocrx_word' id='word_1_103' title='bbox 1851 368 2092 432; x_wconf 88' lang='lat' dir='ltr'><strong>EPIST.</strong></span> <span class='ocrx_word' id='word_1_104' title='bbox 2139 369 2197 430; x_wconf 92' lang='lat' dir='ltr'><strong>II</strong></span> <span class='ocrx_word' id='word_1_105' title='bbox 2241 369 2340 430; x_wconf 88' lang='lat' dir='ltr'><strong>AD</strong></span> <span class='ocrx_word' id='word_1_106' title='bbox 2383 367 2707 431; x_wconf 84' lang='lat' dir='ltr'><strong>TIMOTH.</strong></span> <span class='ocrx_word' id='word_1_107' title='bbox 2822 398 2833 405; x_wconf 53' lang='grc'><strong>’</strong></span> 
     </span>
    </p>
   </div>
   <div class='ocr_carea' id='block_1_17' title="bbox 1382 494 1950 584">
    <p class='ocr_par' dir='ltr' id='par_1_17' title="bbox 1382 502 1939 584">
     <span class='ocr_line' id='line_1_17' title="bbox 1382 502 1939 584; baseline -0.002 -24"><span class='ocrx_word' id='word_1_108' title='bbox 1382 504 1562 584; x_wconf 83' lang='grc' dir='ltr'>τόπον,</span> <span class='ocrx_word' id='word_1_109' title='bbox 1644 502 1939 571; x_wconf 81' lang='grc' dir='ltr'>σηπεδόνας</span> 
     </span>
    </p>
   </div>
   <div class='ocr_carea' id='block_1_18' title="bbox 2036 494 3670 584">
    <p class='ocr_par' dir='ltr' id='par_1_18' title="bbox 2036 494 3670 579">
     <span class='ocr_line' id='line_1_18' title="bbox 2036 494 3670 579; baseline -0.003 -18"><span class='ocrx_word' id='word_1_110' title='bbox 2036 507 2415 565; x_wconf 85' lang='lat' dir='ltr'><strong>:remeutum.</strong></span> <span class='ocrx_word' id='word_1_111' title='bbox 2449 500 2553 563; x_wconf 68' lang='lat' dir='ltr'><strong>«Ut</strong></span> <span class='ocrx_word' id='word_1_112' title='bbox 2574 518 2850 562; x_wconf 64' lang='lat' dir='ltr'><strong>cancer.)</strong></span> <span class='ocrx_word' id='word_1_113' title='bbox 2878 502 3174 579; x_wconf 82' lang='grc' dir='ltr'>Γάγγραινα</span> <span class='ocrx_word' id='word_1_114' title='bbox 3191 495 3362 559; x_wconf 83' lang='lat' dir='ltr'><strong>ulcus</strong></span> <span class='ocrx_word' id='word_1_115' title='bbox 3380 502 3468 558; x_wconf 89' lang='lat' dir='ltr'><strong>est</strong></span> <span class='ocrx_word' id='word_1_116' title='bbox 3488 494 3670 576; x_wconf 70' lang='lat' dir='ltr'><strong>putri-</strong></span> 
     </span>
    </p>
   </div>
   <div class='ocr_carea' id='block_1_19' title="bbox 3551 354 3669 430">
    <p class='ocr_par' dir='ltr' id='par_1_19' title="bbox 3551 354 3669 430">
     <span class='ocr_line' id='line_1_19' title="bbox 3551 354 3669 430; baseline -0.042 -1"><span class='ocrx_word' id='word_1_117' title='bbox 3551 354 3669 430; x_wconf 78' lang='lat'><strong>218</strong></span> 
     </span>
    </p>
   </div>
   <div class='ocr_carea' id='block_1_20' title="bbox 2025 590 3670 676">
    <p class='ocr_par' dir='ltr' id='par_1_20' title="bbox 2025 590 3670 676">
     <span class='ocr_line' id='line_1_20' title="bbox 2025 590 3670 676; baseline -0.005 -21"><span class='ocrx_word' id='word_1_118' title='bbox 2025 592 2373 656; x_wconf 91' lang='lat' dir='ltr'><strong>dumlocum</strong></span> <span class='ocrx_word' id='word_1_119' title='bbox 2389 593 2740 676; x_wconf 90' lang='lat' dir='ltr'><strong>depascens,</strong></span> <span class='ocrx_word' id='word_1_120' title='bbox 2764 592 3136 675; x_wconf 90' lang='lat' dir='ltr'><strong>putredinem</strong></span> <span class='ocrx_word' id='word_1_121' title='bbox 3162 590 3431 653; x_wconf 83' lang='lat' dir='ltr'><strong>efﬁciens</strong></span> <span class='ocrx_word' id='word_1_122' title='bbox 3455 609 3469 650; x_wconf 88' lang='lat'>:</span> <span class='ocrx_word' id='word_1_123' title='bbox 3495 605 3670 670; x_wconf 89' lang='lat' dir='ltr'><strong>quam</strong></span> 
     </span>
    </p>
   </div>
   <div class='ocr_carea' id='block_1_21' title="bbox 1986 677 3669 765">
    <p class='ocr_par' dir='ltr' id='par_1_21' title="bbox 1986 677 3669 765">
     <span class='ocr_line' id='line_1_21' title="bbox 1986 677 3669 765; baseline -0.004 -21"><span class='ocrx_word' id='word_1_124' title='bbox 1986 686 1995 699; x_wconf 84' lang='lat'><strong><em>’</em></strong></span> <span class='ocrx_word' id='word_1_125' title='bbox 2027 678 2963 765; x_wconf 66' lang='lat' dir='ltr'><strong>nonnulli’épunvappellant,quod</strong></span> <span class='ocrx_word' id='word_1_126' title='bbox 2982 681 3157 744; x_wconf 89' lang='lat' dir='ltr'><strong>veluti</strong></span> <span class='ocrx_word' id='word_1_127' title='bbox 3176 686 3363 761; x_wconf 86' lang='lat' dir='ltr'><strong>repat.</strong></span> <span class='ocrx_word' id='word_1_128' title='bbox 3378 677 3669 751; x_wconf 69' lang='lat' dir='ltr'><strong>«Quorum</strong></span> 
     </span>
    </p>
   </div>
   <div class='ocr_carea' id='block_1_22' title="bbox 2028 766 3677 853">
    <p class='ocr_par' dir='ltr' id='par_1_22' title="bbox 2028 766 3677 853">
     <span class='ocr_line' id='line_1_22' title="bbox 2028 766 3677 853; baseline -0.003 -20"><span class='ocrx_word' id='word_1_129' title='bbox 2028 771 2101 833; x_wconf 91' lang='lat' dir='ltr'><strong>de</strong></span> <span class='ocrx_word' id='word_1_130' title='bbox 2113 790 2365 833; x_wconf 89' lang='lat' dir='ltr'><strong>numero</strong></span> <span class='ocrx_word' id='word_1_131' title='bbox 2377 771 2918 853; x_wconf 70' lang='lat' dir='ltr'><strong>suntHymenaaus..</strong></span> <span class='ocrx_word' id='word_1_132' title='bbox 2939 795 2988 833; x_wconf 73' lang='grc' dir='ltr'>,ι</span> <span class='ocrx_word' id='word_1_133' title='bbox 3013 772 3113 853; x_wconf 87' lang='lat' dir='ltr'><strong>qui</strong></span> <span class='ocrx_word' id='word_1_134' title='bbox 3132 770 3404 851; x_wconf 83' lang='lat' dir='ltr'><strong>profanas</strong></span> <span class='ocrx_word' id='word_1_135' title='bbox 3418 766 3677 829; x_wconf 72' lang='lat' dir='ltr'><strong>afferunt</strong></span> 
     </span>
    </p>
   </div>
   <div class='ocr_carea' id='block_1_23' title="bbox 2027 860 3669 925">
    <p class='ocr_par' dir='ltr' id='par_1_23' title="bbox 2027 860 3669 925">
     <span class='ocr_line' id='line_1_23' title="bbox 2027 860 3669 925; baseline -0.002 -4"><span class='ocrx_word' id='word_1_136' title='bbox 2027 879 2235 922; x_wconf 92' lang='lat' dir='ltr'><strong>vocum</strong></span> <span class='ocrx_word' id='word_1_137' title='bbox 2270 863 2585 924; x_wconf 73' lang='lat' dir='ltr'><strong>vanitates.</strong></span> <span class='ocrx_word' id='word_1_138' title='bbox 2621 897 2695 907; x_wconf 90' lang='lat'>—</span> <span class='ocrx_word' id='word_1_139' title='bbox 2737 882 2763 921; x_wconf 71' lang='grc' dir='ltr'>ι</span> <span class='ocrx_word' id='word_1_140' title='bbox 2801 861 3077 925; x_wconf 90' lang='lat' dir='ltr'><strong>Dicentes</strong></span> <span class='ocrx_word' id='word_1_141' title='bbox 3106 860 3669 922; x_wconf 65' lang='lat' dir='ltr'><strong>resurrectionem.»</strong></span> 
     </span>
    </p>
   </div>
   <div class='ocr_carea' id='block_1_24' title="bbox 2028 942 3677 1031">
    <p class='ocr_par' dir='ltr' id='par_1_24' title="bbox 2028 942 3677 1031">
     <span class='ocr_line' id='line_1_24' title="bbox 2028 942 3677 1031; baseline -0.005 -19"><span class='ocrx_word' id='word_1_142' title='bbox 2028 947 2485 1012; x_wconf 82' lang='lat' dir='ltr'><strong>Successionem</strong></span> <span class='ocrx_word' id='word_1_143' title='bbox 2517 950 2949 1031; x_wconf 79' lang='lat' dir='ltr'><strong>procreationis</strong></span> <span class='ocrx_word' id='word_1_144' title='bbox 2974 949 3299 1010; x_wconf 89' lang='lat' dir='ltr'><strong>liberorum</strong></span> <span class='ocrx_word' id='word_1_145' title='bbox 3328 942 3677 1008; x_wconf 81' lang='lat' dir='ltr'><strong>exsecrandi</strong></span> 
     </span>
    </p>
   </div>
   <div class='ocr_carea' id='block_1_25' title="bbox 2027 1031 3674 1120">
    <p class='ocr_par' dir='ltr' id='par_1_25' title="bbox 2027 1031 3674 1120">
     <span class='ocr_line' id='line_1_25' title="bbox 2027 1031 3674 1120; baseline -0.005 -20"><span class='ocrx_word' id='word_1_146' title='bbox 2027 1038 2402 1120; x_wconf 77' lang='lat' dir='ltr'><strong>appellabant</strong></span> <span class='ocrx_word' id='word_1_147' title='bbox 2418 1039 2920 1101; x_wconf 79' lang='lat' dir='ltr'><strong>resurrectionem</strong></span> <span class='ocrx_word' id='word_1_148' title='bbox 2943 1036 3331 1119; x_wconf 85' lang='lat' dir='ltr'><strong>:etquosdam</strong></span> <span class='ocrx_word' id='word_1_149' title='bbox 3346 1031 3674 1096; x_wconf 89' lang='lat' dir='ltr'><strong>illiciebant</strong></span> 
     </span>
    </p>
   </div>
   <div class='ocr_carea' id='block_1_26' title="bbox 2028 1123 3672 1211">
    <p class='ocr_par' dir='ltr' id='par_1_26' title="bbox 2028 1123 3672 1211">
     <span class='ocr_line' id='line_1_26' title="bbox 2028 1123 3672 1211; baseline -0.005 -22"><span class='ocrx_word' id='word_1_150' title='bbox 2028 1137 2093 1189; x_wconf 90' lang='lat' dir='ltr'><strong>ut</strong></span> <span class='ocrx_word' id='word_1_151' title='bbox 2113 1128 2184 1190; x_wconf 88' lang='lat' dir='ltr'><strong>ab</strong></span> <span class='ocrx_word' id='word_1_152' title='bbox 2215 1128 2541 1211; x_wconf 88' lang='lat' dir='ltr'><strong>apostolica</strong></span> <span class='ocrx_word' id='word_1_153' title='bbox 2571 1129 2842 1191; x_wconf 78' lang='lat' dir='ltr'><strong>doctrina</strong></span> <span class='ocrx_word' id='word_1_154' title='bbox 2872 1129 3275 1191; x_wconf 86' lang='lat' dir='ltr'><strong>discederent.</strong></span> <span class='ocrx_word' id='word_1_155' title='bbox 3332 1123 3539 1186; x_wconf 79' lang='lat' dir='ltr'><strong>Merito</strong></span> <span class='ocrx_word' id='word_1_156' title='bbox 3567 1140 3672 1182; x_wconf 89' lang='lat' dir='ltr'><strong>su-</strong></span> 
     </span>
    </p>
   </div>
   <div class='ocr_carea' id='block_1_27' title="bbox 2029 1212 3672 1300">
    <p class='ocr_par' dir='ltr' id='par_1_27' title="bbox 2029 1212 3672 1300">
     <span class='ocr_line' id='line_1_27' title="bbox 2029 1212 3672 1300; baseline -0.005 -21"><span class='ocrx_word' id='word_1_157' title='bbox 2029 1216 2229 1298; x_wconf 88' lang='lat' dir='ltr'><strong>perius</strong></span> <span class='ocrx_word' id='word_1_158' title='bbox 2259 1217 2408 1279; x_wconf 82' lang='lat' dir='ltr'><strong>dixit</strong></span> <span class='ocrx_word' id='word_1_159' title='bbox 2441 1239 2454 1281; x_wconf 94' lang='lat'><strong>:</strong></span> <span class='ocrx_word' id='word_1_160' title='bbox 2484 1217 2572 1280; x_wconf 87' lang='lat' dir='ltr'><strong>Ad</strong></span> <span class='ocrx_word' id='word_1_161' title='bbox 2605 1220 2892 1298; x_wconf 83' lang='lat' dir='ltr'><strong>majorem</strong></span> <span class='ocrx_word' id='word_1_162' title='bbox 2941 1215 3253 1300; x_wconf 84' lang='lat' dir='ltr'><strong>proficient</strong></span> <span class='ocrx_word' id='word_1_163' title='bbox 3280 1212 3672 1300; x_wconf 73' lang='lat' dir='ltr'><strong>impietatem.</strong></span> 
     </span>
    </p>
   </div>
   <div class='ocr_carea' id='block_1_28' title="bbox 2028 1298 3676 1387">
    <p class='ocr_par' dir='ltr' id='par_1_28' title="bbox 2028 1298 3676 1387">
     <span class='ocr_line' id='line_1_28' title="bbox 2028 1298 3676 1387; baseline -0.005 -20"><span class='ocrx_word' id='word_1_164' title='bbox 2028 1305 2180 1368; x_wconf 89' lang='lat' dir='ltr'><strong>Vide</strong></span> <span class='ocrx_word' id='word_1_165' title='bbox 2212 1307 2368 1368; x_wconf 88' lang='lat' dir='ltr'><strong>enim</strong></span> <span class='ocrx_word' id='word_1_166' title='bbox 2401 1313 2623 1387; x_wconf 89' lang='lat' dir='ltr'><strong>quanta</strong></span> <span class='ocrx_word' id='word_1_167' title='bbox 2645 1307 2913 1371; x_wconf 82' lang='lat' dir='ltr'><strong>oriantur</strong></span> <span class='ocrx_word' id='word_1_168' title='bbox 2942 1298 3095 1369; x_wconf 84' lang='lat' dir='ltr'><strong>mala</strong></span> <span class='ocrx_word' id='word_1_169' title='bbox 3124 1324 3191 1367; x_wconf 85' lang='lat' dir='ltr'><strong>ex</strong></span> <span class='ocrx_word' id='word_1_170' title='bbox 3223 1305 3338 1367; x_wconf 91' lang='lat' dir='ltr'><strong>hoc</strong></span> <span class='ocrx_word' id='word_1_171' title='bbox 3400 1299 3556 1383; x_wconf 86' lang='lat' dir='ltr'><strong>quod</strong></span> <span class='ocrx_word' id='word_1_172' title='bbox 3588 1298 3676 1360; x_wconf 92' lang='lat' dir='ltr'><strong>di-</strong></span> 
     </span>
    </p>
   </div>
   <div class='ocr_carea' id='block_1_29' title="bbox 2029 1391 3678 1476">
    <p class='ocr_par' dir='ltr' id='par_1_29' title="bbox 2029 1391 3678 1476">
     <span class='ocr_line' id='line_1_29' title="bbox 2029 1391 3678 1476; baseline -0.005 -20"><span class='ocrx_word' id='word_1_173' title='bbox 2029 1403 2196 1456; x_wconf 86' lang='lat' dir='ltr'><strong>catur</strong></span> <span class='ocrx_word' id='word_1_174' title='bbox 2217 1396 2345 1476; x_wconf 91' lang='lat' dir='ltr'><strong>jam</strong></span> <span class='ocrx_word' id='word_1_175' title='bbox 2375 1396 2527 1457; x_wconf 90' lang='lat' dir='ltr'><strong>facta</strong></span> <span class='ocrx_word' id='word_1_176' title='bbox 2562 1414 2695 1458; x_wconf 88' lang='lat' dir='ltr'><strong>esse</strong></span> <span class='ocrx_word' id='word_1_177' title='bbox 2716 1398 3098 1459; x_wconf 86' lang='lat' dir='ltr'><strong>resurrectio.</strong></span> <span class='ocrx_word' id='word_1_178' title='bbox 3138 1394 3220 1457; x_wconf 86' lang='lat' dir='ltr'><strong>Ex</strong></span> <span class='ocrx_word' id='word_1_179' title='bbox 3243 1394 3357 1456; x_wconf 91' lang='lat' dir='ltr'><strong>hoc</strong></span> <span class='ocrx_word' id='word_1_180' title='bbox 3382 1391 3678 1472; x_wconf 84' lang='lat' dir='ltr'><strong>privamur</strong></span> 
     </span>
    </p>
   </div>
   <div class='ocr_carea' id='block_1_30' title="bbox 2030 1476 3677 1567">
    <p class='ocr_par' dir='ltr' id='par_1_30' title="bbox 2030 1476 3677 1567">
     <span class='ocr_line' id='line_1_30' title="bbox 2030 1476 3677 1567; baseline -0.006 -21"><span class='ocrx_word' id='word_1_181' title='bbox 2030 1483 2247 1547; x_wconf 87' lang='lat' dir='ltr'><strong>Christi</strong></span> <span class='ocrx_word' id='word_1_182' title='bbox 2286 1484 2563 1560; x_wconf 88' lang='lat' dir='ltr'><strong>adventu,</strong></span> <span class='ocrx_word' id='word_1_183' title='bbox 2608 1505 2722 1566; x_wconf 89' lang='lat' dir='ltr'><strong>quo</strong></span> <span class='ocrx_word' id='word_1_184' title='bbox 2760 1486 2900 1567; x_wconf 90' lang='lat' dir='ltr'><strong>quid</strong></span> <span class='ocrx_word' id='word_1_185' title='bbox 2934 1493 3130 1567; x_wconf 86' lang='lat' dir='ltr'><strong>potest</strong></span> <span class='ocrx_word' id='word_1_186' title='bbox 3158 1482 3508 1560; x_wconf 80' lang='lat' dir='ltr'><strong>contingere</strong></span> <span class='ocrx_word' id='word_1_187' title='bbox 3538 1476 3677 1567; x_wconf 82' lang='lat' dir='ltr'><strong>tris-</strong></span> 
     </span>
    </p>
   </div>
   <div class='ocr_carea' id='block_1_31' title="bbox 2029 1566 3675 1656">
    <p class='ocr_par' dir='ltr' id='par_1_31' title="bbox 2029 1566 3675 1656">
     <span class='ocr_line' id='line_1_31' title="bbox 2029 1566 3675 1656; baseline -0.004 -23"><span class='ocrx_word' id='word_1_188' title='bbox 2029 1572 2144 1634; x_wconf 88' lang='lat' dir='ltr'><strong>tius</strong></span> <span class='ocrx_word' id='word_1_189' title='bbox 2164 1572 2197 1633; x_wconf 87' lang='lat'><strong>?</strong></span> <span class='ocrx_word' id='word_1_190' title='bbox 2217 1592 2338 1635; x_wconf 90' lang='lat' dir='ltr'><strong>non</strong></span> <span class='ocrx_word' id='word_1_191' title='bbox 2356 1581 2450 1637; x_wconf 92' lang='lat' dir='ltr'><strong>est</strong></span> <span class='ocrx_word' id='word_1_192' title='bbox 2469 1566 2794 1638; x_wconf 16' lang='lat' dir='ltr'><strong>retributio,</strong></span> <span class='ocrx_word' id='word_1_193' title='bbox 2809 1566 3006 1656; x_wconf 88' lang='lat' dir='ltr'><strong>neque</strong></span> <span class='ocrx_word' id='word_1_194' title='bbox 3027 1572 3386 1655; x_wconf 87' lang='lat' dir='ltr'><strong>supplicium</strong></span> <span class='ocrx_word' id='word_1_195' title='bbox 3408 1590 3428 1630; x_wconf 73' lang='grc' dir='ltr'><strong>ι</strong></span> <span class='ocrx_word' id='word_1_196' title='bbox 3455 1566 3675 1656; x_wconf 82' lang='lat' dir='ltr'><strong>menti-</strong></span> 
     </span>
    </p>
   </div>
   <div class='ocr_carea' id='block_1_32' title="bbox 2029 1654 3673 1745">
    <p class='ocr_par' dir='ltr' id='par_1_32' title="bbox 2029 1654 3673 1745">
     <span class='ocr_line' id='line_1_32' title="bbox 2029 1654 3673 1745; baseline -0.005 -23"><span class='ocrx_word' id='word_1_197' title='bbox 2029 1669 2125 1724; x_wconf 92' lang='lat' dir='ltr'><strong>tur</strong></span> <span class='ocrx_word' id='word_1_198' title='bbox 2144 1661 2411 1726; x_wconf 88' lang='lat' dir='ltr'><strong>Christus</strong></span> <span class='ocrx_word' id='word_1_199' title='bbox 2431 1662 2532 1745; x_wconf 89' lang='lat' dir='ltr'><strong>qui</strong></span> <span class='ocrx_word' id='word_1_200' title='bbox 2547 1662 2675 1727; x_wconf 70' lang='lat' dir='ltr'><strong>haec</strong></span> <span class='ocrx_word' id='word_1_201' title='bbox 2694 1654 2987 1745; x_wconf 82' lang='lat' dir='ltr'><strong>promisit,</strong></span> <span class='ocrx_word' id='word_1_202' title='bbox 3019 1654 3254 1744; x_wconf 85' lang='lat' dir='ltr'><strong>aliaque</strong></span> <span class='ocrx_word' id='word_1_203' title='bbox 3284 1660 3471 1722; x_wconf 85' lang='lat' dir='ltr'><strong>multa</strong></span> <span class='ocrx_word' id='word_1_204' title='bbox 3500 1654 3673 1717; x_wconf 90' lang='lat' dir='ltr'><strong>simi-</strong></span> 
     </span>
    </p>
   </div>
   <div class='ocr_carea' id='block_1_33' title="bbox 293 1745 1950 1835">
    <p class='ocr_par' dir='ltr' id='par_1_33' title="bbox 293 1752 1945 1835">
     <span class='ocr_line' id='line_1_33' title="bbox 293 1752 1945 1835; baseline -0.001 -23"><span class='ocrx_word' id='word_1_205' title='bbox 293 1756 389 1813; x_wconf 71' lang='grc' dir='ltr'><strong>οὐκ</strong></span> <span class='ocrx_word' id='word_1_206' title='bbox 444 1755 612 1827; x_wconf 79' lang='grc' dir='ltr'>ἔστιν,</span> <span class='ocrx_word' id='word_1_207' title='bbox 670 1752 786 1811; x_wconf 64' lang='grc' dir='ltr'>οὐδὲ</span> <span class='ocrx_word' id='word_1_208' title='bbox 871 1756 1094 1834; x_wconf 79' lang='grc' dir='ltr'>Χριστὸς</span> <span class='ocrx_word' id='word_1_209' title='bbox 1138 1754 1449 1835; x_wconf 76' lang='grc' dir='ltr'>ἐγήγερται,</span> <span class='ocrx_word' id='word_1_210' title='bbox 1509 1780 1531 1810; x_wconf 74' lang='grc' dir='ltr'><strong><em>ι</em></strong></span> <span class='ocrx_word' id='word_1_211' title='bbox 1594 1754 1709 1813; x_wconf 73' lang='grc' dir='ltr'>οὔτε</span> <span class='ocrx_word' id='word_1_212' title='bbox 1767 1756 1945 1832; x_wconf 76' lang='grc' dir='ltr'>κριτὴς</span> 
     </span>
    </p>
   </div>
   <div class='ocr_carea' id='block_1_34' title="bbox 2036 1745 3675 1835">
    <p class='ocr_par' dir='ltr' id='par_1_34' title="bbox 2036 1745 3675 1835">
     <span class='ocr_line' id='line_1_34' title="bbox 2036 1745 3675 1835; baseline -0.005 -23"><span class='ocrx_word' id='word_1_213' title='bbox 2036 1751 2145 1834; x_wconf 84' lang='lat' dir='ltr'><strong>lia;</strong></span> <span class='ocrx_word' id='word_1_214' title='bbox 2181 1771 2396 1833; x_wconf 89' lang='lat' dir='ltr'><strong>nempe</strong></span> <span class='ocrx_word' id='word_1_215' title='bbox 2421 1770 2435 1815; x_wconf 91' lang='lat'><strong>:</strong></span> <span class='ocrx_word' id='word_1_216' title='bbox 2460 1750 2555 1814; x_wconf 75' lang='lat' dir='ltr'><strong>«Si</strong></span> <span class='ocrx_word' id='word_1_217' title='bbox 2577 1758 2940 1815; x_wconf 87' lang='lat' dir='ltr'><strong>resurrectio</strong></span> <span class='ocrx_word' id='word_1_218' title='bbox 2964 1772 3079 1814; x_wconf 92' lang='lat' dir='ltr'><strong>non</strong></span> <span class='ocrx_word' id='word_1_219' title='bbox 3114 1759 3223 1829; x_wconf 88' lang='lat' dir='ltr'><strong>est,</strong></span> <span class='ocrx_word' id='word_1_220' title='bbox 3257 1766 3454 1830; x_wconf 79' lang='lat' dir='ltr'><strong>neque</strong></span> <span class='ocrx_word' id='word_1_221' title='bbox 3476 1745 3675 1835; x_wconf 78' lang='lat' dir='ltr'><strong>Chris-</strong></span> 
     </span>
    </p>
   </div>
   <div class='ocr_carea' id='block_1_35' title="bbox 293 1843 1944 1924">
    <p class='ocr_par' dir='ltr' id='par_1_35' title="bbox 293 1843 1944 1924">
     <span class='ocr_line' id='line_1_35' title="bbox 293 1843 1944 1924; baseline -0.002 -21"><span class='ocrx_word' id='word_1_222' title='bbox 293 1843 592 1903; x_wconf 76' lang='grc' dir='ltr'>καθεδεϊται</span> <span class='ocrx_word' id='word_1_223' title='bbox 647 1843 858 1915; x_wconf 84' lang='grc' dir='ltr'>ζώντων</span> <span class='ocrx_word' id='word_1_224' title='bbox 933 1845 1022 1899; x_wconf 86' lang='grc' dir='ltr'>καὶ</span> <span class='ocrx_word' id='word_1_225' title='bbox 1078 1847 1295 1923; x_wconf 82' lang='grc' dir='ltr'>νεκρῶν.</span> <span class='ocrx_word' id='word_1_226' title='bbox 1361 1867 1389 1899; x_wconf 72' lang='grc' dir='ltr'>ι</span> <span class='ocrx_word' id='word_1_227' title='bbox 1450 1846 1548 1903; x_wconf 85' lang='grc' dir='ltr'>Καὶ</span> <span class='ocrx_word' id='word_1_228' title='bbox 1598 1844 1944 1924; x_wconf 86' lang='grc' dir='ltr'>ἀνατρέπουσι</span> 
     </span>
    </p>
   </div>
   <div class='ocr_carea' id='block_1_36' title="bbox 293 1932 1943 2014">
    <p class='ocr_par' dir='ltr' id='par_1_36' title="bbox 293 1932 1943 2014">
     <span class='ocr_line' id='line_1_36' title="bbox 293 1932 1943 2014; baseline 0 -25"><span class='ocrx_word' id='word_1_229' title='bbox 293 1936 393 2005; x_wconf 77' lang='grc' dir='ltr'><strong>τήν</strong></span> <span class='ocrx_word' id='word_1_230' title='bbox 448 1955 611 1990; x_wconf 84' lang='grc' dir='ltr'>τινων</span> <span class='ocrx_word' id='word_1_231' title='bbox 671 1933 869 1995; x_wconf 86' lang='grc' dir='ltr'>πίστιν,</span> <span class='ocrx_word' id='word_1_232' title='bbox 918 1955 947 1988; x_wconf 73' lang='grc' dir='ltr'><strong><em>ι</em></strong></span> <span class='ocrx_word' id='word_1_233' title='bbox 1024 1937 1142 1990; x_wconf 84' lang='grc' dir='ltr'><strong>Τῶν</strong></span> <span class='ocrx_word' id='word_1_234' title='bbox 1225 1932 1585 2014; x_wconf 78' lang='grc' dir='ltr'>ἀφελεστέρων</span> <span class='ocrx_word' id='word_1_235' title='bbox 1653 1936 1741 1991; x_wconf 86' lang='grc' dir='ltr'><strong>καὶ</strong></span> <span class='ocrx_word' id='word_1_236' title='bbox 1787 1934 1943 1991; x_wconf 84' lang='grc' dir='ltr'>ἀσθε-</span> 
     </span>
    </p>
   </div>
   <div class='ocr_carea' id='block_1_37' title="bbox 295 2012 1941 2102">
    <p class='ocr_par' dir='ltr' id='par_1_37' title="bbox 295 2012 1941 2102">
     <span class='ocr_line' id='line_1_37' title="bbox 295 2012 1941 2102; baseline 0.002 -25"><span class='ocrx_word' id='word_1_237' title='bbox 295 2022 577 2102; x_wconf 80' lang='grc' dir='ltr'>νεστέρων,</span> <span class='ocrx_word' id='word_1_238' title='bbox 651 2041 677 2077; x_wconf 80' lang='grc' dir='ltr'>ι</span> <span class='ocrx_word' id='word_1_239' title='bbox 743 2012 802 2078; x_wconf 69' lang='grc' dir='ltr'>Ὀ</span> <span class='ocrx_word' id='word_1_240' title='bbox 872 2020 1053 2097; x_wconf 86' lang='grc' dir='ltr'>μέντοι</span> <span class='ocrx_word' id='word_1_241' title='bbox 1106 2023 1311 2100; x_wconf 84' lang='grc' dir='ltr'>στερεὸς</span> <span class='ocrx_word' id='word_1_242' title='bbox 1364 2012 1628 2098; x_wconf 72' lang='grc' dir='ltr'>θεμέλιος.</span> <span class='ocrx_word' id='word_1_243' title='bbox 1685 2046 1713 2079; x_wconf 69' lang='grc' dir='ltr'><strong><em>ι</em></strong></span> <span class='ocrx_word' id='word_1_244' title='bbox 1776 2022 1941 2080; x_wconf 76' lang='grc' dir='ltr'>Ἀνα-</span> 
     </span>
    </p>
   </div>
   <div class='ocr_carea' id='block_1_38' title="bbox 294 2108 1942 2191">
    <p class='ocr_par' dir='ltr' id='par_1_38' title="bbox 294 2108 1942 2191">
     <span class='ocr_line' id='line_1_38' title="bbox 294 2108 1942 2191; baseline -0.001 -23"><span class='ocrx_word' id='word_1_245' title='bbox 294 2111 545 2191; x_wconf 84' lang='grc' dir='ltr'>τρέπεται</span> <span class='ocrx_word' id='word_1_246' title='bbox 576 2111 675 2186; x_wconf 79' lang='grc' dir='ltr'>μὲν</span> <span class='ocrx_word' id='word_1_247' title='bbox 730 2110 836 2166; x_wconf 80' lang='grc' dir='ltr'><strong>τῶν</strong></span> <span class='ocrx_word' id='word_1_248' title='bbox 894 2108 1277 2189; x_wconf 85' lang='grc' dir='ltr'>ἀσθενεστέρων</span> <span class='ocrx_word' id='word_1_249' title='bbox 1331 2111 1367 2178; x_wconf 75' lang='grc' dir='ltr'>ἡ</span> <span class='ocrx_word' id='word_1_250' title='bbox 1411 2112 1585 2174; x_wconf 79' lang='grc' dir='ltr'>πίστις</span> <span class='ocrx_word' id='word_1_251' title='bbox 1619 2128 1634 2142; x_wconf 87' lang='lat'><strong>&#39;</strong></span> <span class='ocrx_word' id='word_1_252' title='bbox 1681 2114 1710 2168; x_wconf 90' lang='lat'><strong>6</strong></span> <span class='ocrx_word' id='word_1_253' title='bbox 1765 2111 1942 2186; x_wconf 85' lang='grc' dir='ltr'>μέντοι</span> 
     </span>
    </p>
   </div>
   <div class='ocr_carea' id='block_1_39' title="bbox 297 2197 1948 2280">
    <p class='ocr_par' dir='ltr' id='par_1_39' title="bbox 297 2197 1948 2280">
     <span class='ocr_line' id='line_1_39' title="bbox 297 2197 1948 2280; baseline -0.001 -24"><span class='ocrx_word' id='word_1_254' title='bbox 297 2201 512 2280; x_wconf 78' lang='grc' dir='ltr'>στερεὸς</span> <span class='ocrx_word' id='word_1_255' title='bbox 568 2197 810 2274; x_wconf 83' lang='grc' dir='ltr'>θεμέλιος</span> <span class='ocrx_word' id='word_1_256' title='bbox 879 2198 1098 2272; x_wconf 79' lang='grc' dir='ltr'>ἔστηκε,</span> <span class='ocrx_word' id='word_1_257' title='bbox 1153 2200 1275 2264; x_wconf 83' lang='grc' dir='ltr'>τοὺς</span> <span class='ocrx_word' id='word_1_258' title='bbox 1319 2199 1728 2279; x_wconf 88' lang='grc' dir='ltr'>ἀπεριτρέπτους</span> <span class='ocrx_word' id='word_1_259' title='bbox 1776 2199 1948 2278; x_wconf 86' lang='grc' dir='ltr'>λέγων</span> 
     </span>
    </p>
   </div>
   <div class='ocr_carea' id='block_1_40' title="bbox 298 2286 1948 2376">
    <p class='ocr_par' dir='ltr' id='par_1_40' title="bbox 298 2286 1948 2376">
     <span class='ocr_line' id='line_1_40' title="bbox 298 2286 1948 2376; baseline -0.001 -31"><span class='ocrx_word' id='word_1_260' title='bbox 298 2295 409 2345; x_wconf 81' lang='grc' dir='ltr'>τῶν</span> <span class='ocrx_word' id='word_1_261' title='bbox 461 2294 689 2350; x_wconf 81' lang='grc' dir='ltr'>πιστῶν,</span> <span class='ocrx_word' id='word_1_262' title='bbox 743 2286 944 2376; x_wconf 41' lang='grc' dir='ltr'>’έχωνυ</span> <span class='ocrx_word' id='word_1_263' title='bbox 999 2289 1152 2368; x_wconf 76' lang='grc' dir='ltr'>φησὶ,</span> <span class='ocrx_word' id='word_1_264' title='bbox 1205 2288 1324 2376; x_wconf 10' lang='grc' dir='ltr'>,τὴν</span> <span class='ocrx_word' id='word_1_265' title='bbox 1410 2287 1675 2369; x_wconf 67' lang='grc' dir='ltr'>σφραγῖδα</span> <span class='ocrx_word' id='word_1_266' title='bbox 1744 2291 1832 2345; x_wconf 88' lang='grc' dir='ltr'><strong>καὶ</strong></span> <span class='ocrx_word' id='word_1_267' title='bbox 1887 2288 1948 2344; x_wconf 81' lang='grc' dir='ltr'>τὸ</span> 
     </span>
    </p>
   </div>
   <div class='ocr_carea' id='block_1_41' title="bbox 296 2375 1942 2454">
    <p class='ocr_par' dir='ltr' id='par_1_41' title="bbox 296 2375 1942 2454">
     <span class='ocr_line' id='line_1_41' title="bbox 296 2375 1942 2454; baseline 0 -25"><span class='ocrx_word' id='word_1_268' title='bbox 296 2395 577 2454; x_wconf 73' lang='grc' dir='ltr'>γνφρισμα</span> <span class='ocrx_word' id='word_1_269' title='bbox 598 2383 753 2433; x_wconf 78' lang='grc' dir='ltr'>τοῦτο</span> <span class='ocrx_word' id='word_1_270' title='bbox 788 2389 803 2403; x_wconf 88' lang='grc'><strong>⁹</strong></span> <span class='ocrx_word' id='word_1_271' title='bbox 844 2398 870 2428; x_wconf 73' lang='grc' dir='ltr'><strong>α</strong></span> <span class='ocrx_word' id='word_1_272' title='bbox 919 2375 1089 2452; x_wconf 75' lang='grc' dir='ltr'>Εγνω</span> <span class='ocrx_word' id='word_1_273' title='bbox 1140 2375 1328 2454; x_wconf 76' lang='grc' dir='ltr'>Κύριος</span> <span class='ocrx_word' id='word_1_274' title='bbox 1357 2376 1478 2442; x_wconf 77' lang='grc' dir='ltr'>τοῦς</span> <span class='ocrx_word' id='word_1_275' title='bbox 1520 2375 1674 2440; x_wconf 75' lang='grc' dir='ltr'>ὄντας</span> <span class='ocrx_word' id='word_1_276' title='bbox 1706 2378 1880 2434; x_wconf 67' lang='grc' dir='ltr'>αότού.</span> <span class='ocrx_word' id='word_1_277' title='bbox 1915 2398 1942 2429; x_wconf 73' lang='grc' dir='ltr'>ιι</span> 
     </span>
    </p>
   </div>
   <div class='ocr_carea' id='block_1_42' title="bbox 298 2467 1948 2546">
    <p class='ocr_par' dir='ltr' id='par_1_42' title="bbox 298 2467 1948 2546">
     <span class='ocr_line' id='line_1_42' title="bbox 298 2467 1948 2546; baseline -0.001 -21"><span class='ocrx_word' id='word_1_278' title='bbox 298 2469 473 2527; x_wconf 78' lang='grc' dir='ltr'>Πάλαι</span> <span class='ocrx_word' id='word_1_279' title='bbox 540 2468 641 2546; x_wconf 77' lang='grc' dir='ltr'><strong>γὰρ</strong></span> <span class='ocrx_word' id='word_1_280' title='bbox 691 2467 1134 2546; x_wconf 83' lang='grc' dir='ltr'>προεγνώσθησαν</span> <span class='ocrx_word' id='word_1_281' title='bbox 1191 2470 1266 2530; x_wconf 84' lang='grc' dir='ltr'>ὡς</span> <span class='ocrx_word' id='word_1_282' title='bbox 1322 2469 1468 2533; x_wconf 78' lang='grc' dir='ltr'>ὄντες</span> <span class='ocrx_word' id='word_1_283' title='bbox 1525 2468 1788 2533; x_wconf 80' lang='grc' dir='ltr'>ὁλοτελῶς</span> <span class='ocrx_word' id='word_1_284' title='bbox 1819 2475 1948 2525; x_wconf 82' lang='grc' dir='ltr'>Θεοῦ</span> 
     </span>
    </p>
   </div>
   <div class='ocr_carea' id='block_1_43' title="bbox 295 2556 1950 2637">
    <p class='ocr_par' dir='ltr' id='par_1_43' title="bbox 295 2556 1950 2637">
     <span class='ocr_line' id='line_1_43' title="bbox 295 2556 1950 2637; baseline -0.001 -23"><span class='ocrx_word' id='word_1_285' title='bbox 295 2559 387 2614; x_wconf 77' lang='grc' dir='ltr'>καὶ</span> <span class='ocrx_word' id='word_1_286' title='bbox 442 2556 807 2632; x_wconf 83' lang='grc' dir='ltr'>ἀμετένεκτοι.</span> <span class='ocrx_word' id='word_1_287' title='bbox 886 2565 1095 2634; x_wconf 75' lang='grc' dir='ltr'>Δεῖγμα</span> <span class='ocrx_word' id='word_1_288' title='bbox 1146 2558 1246 2636; x_wconf 82' lang='grc' dir='ltr'>γὰρ</span> <span class='ocrx_word' id='word_1_289' title='bbox 1302 2565 1393 2615; x_wconf 77' lang='grc' dir='ltr'><strong>τοῦ</strong></span> <span class='ocrx_word' id='word_1_290' title='bbox 1455 2563 1752 2637; x_wconf 80' lang='grc' dir='ltr'>γνωσθῆναι</span> <span class='ocrx_word' id='word_1_291' title='bbox 1808 2559 1950 2637; x_wconf 77' lang='grc' dir='ltr'>παρὰ</span> 
     </span>
    </p>
   </div>
   <div class='ocr_carea' id='block_1_44' title="bbox 298 2645 1948 2726">
    <p class='ocr_par' dir='ltr' id='par_1_44' title="bbox 298 2645 1948 2726">
     <span class='ocr_line' id='line_1_44' title="bbox 298 2645 1948 2726; baseline -0.001 -21"><span class='ocrx_word' id='word_1_292' title='bbox 298 2646 510 2725; x_wconf 79' lang='grc' dir='ltr'><strong>Κυρίου,</strong></span> <span class='ocrx_word' id='word_1_293' title='bbox 583 2647 644 2701; x_wconf 81' lang='grc' dir='ltr'>τὸ</span> <span class='ocrx_word' id='word_1_294' title='bbox 715 2646 793 2721; x_wconf 78' lang='grc' dir='ltr'>μὴ</span> <span class='ocrx_word' id='word_1_295' title='bbox 892 2645 1272 2726; x_wconf 77' lang='grc' dir='ltr'>ἀνατετράφθαι</span> <span class='ocrx_word' id='word_1_296' title='bbox 1355 2649 1443 2704; x_wconf 85' lang='grc' dir='ltr'><strong>καὶ</strong></span> <span class='ocrx_word' id='word_1_297' title='bbox 1499 2648 1794 2715; x_wconf 80' lang='grc' dir='ltr'>ἀποστῆναι</span> <span class='ocrx_word' id='word_1_298' title='bbox 1846 2649 1948 2703; x_wconf 80' lang='grc' dir='ltr'><strong>ὑπὸ</strong></span> 
     </span>
    </p>
   </div>
   <div class='ocr_carea' id='block_1_45' title="bbox 2029 1833 3674 1922">
    <p class='ocr_par' dir='ltr' id='par_1_45' title="bbox 2029 1833 3674 1922">
     <span class='ocr_line' id='line_1_45' title="bbox 2029 1833 3674 1922; baseline -0.005 -21"><span class='ocrx_word' id='word_1_299' title='bbox 2029 1833 2476 1903; x_wconf 80' lang='lat' dir='ltr'><strong>tusresurrexit</strong></span> <span class='ocrx_word' id='word_1_300' title='bbox 2495 1839 2562 1889; x_wconf 62' lang='lat'>6*</span> <span class='ocrx_word' id='word_1_301' title='bbox 2588 1866 2643 1919; x_wconf 71' lang='grc' dir='ltr'>ο,</span> <span class='ocrx_word' id='word_1_302' title='bbox 2670 1841 2809 1902; x_wconf 72' lang='grc'><strong>268</strong></span> <span class='ocrx_word' id='word_1_303' title='bbox 2841 1860 3037 1922; x_wconf 91' lang='lat' dir='ltr'><strong>neque</strong></span> <span class='ocrx_word' id='word_1_304' title='bbox 3053 1840 3237 1921; x_wconf 79' lang='lat' dir='ltr'><strong>judex</strong></span> <span class='ocrx_word' id='word_1_305' title='bbox 3263 1833 3674 1900; x_wconf 85' lang='lat' dir='ltr'><strong>sedebitvivo-</strong></span> 
     </span>
    </p>
   </div>
   <div class='ocr_carea' id='block_1_46' title="bbox 2025 1927 3671 2012">
    <p class='ocr_par' dir='ltr' id='par_1_46' title="bbox 2025 1927 3671 2012">
     <span class='ocr_line' id='line_1_46' title="bbox 2025 1927 3671 2012; baseline -0.006 -17"><span class='ocrx_word' id='word_1_306' title='bbox 2025 1952 2159 1995; x_wconf 90' lang='lat' dir='ltr'><strong>rum</strong></span> <span class='ocrx_word' id='word_1_307' title='bbox 2193 1952 2262 1995; x_wconf 89' lang='lat' dir='ltr'><strong>ac</strong></span> <span class='ocrx_word' id='word_1_308' title='bbox 2293 1940 2662 1997; x_wconf 90' lang='lat' dir='ltr'><strong>mortuorum</strong></span> <span class='ocrx_word' id='word_1_309' title='bbox 2694 1933 3258 1997; x_wconf 77' lang='lat' dir='ltr'><strong>7‘.aEtsubvertunt</strong></span> <span class='ocrx_word' id='word_1_310' title='bbox 3279 1927 3671 2012; x_wconf 87' lang='lat' dir='ltr'><strong>quorumdam</strong></span> 
     </span>
    </p>
   </div>
   <div class='ocr_carea' id='block_1_47' title="bbox 2027 2016 3673 2104">
    <p class='ocr_par' dir='ltr' id='par_1_47' title="bbox 2027 2016 3673 2104">
     <span class='ocr_line' id='line_1_47' title="bbox 2027 2016 3673 2104; baseline -0.007 -20"><span class='ocrx_word' id='word_1_311' title='bbox 2027 2023 2228 2086; x_wconf 86' lang='lat' dir='ltr'><strong>fidem.</strong></span> <span class='ocrx_word' id='word_1_312' title='bbox 2267 2047 2294 2078; x_wconf 83' lang='lat'><strong><em>»</em></strong></span> <span class='ocrx_word' id='word_1_313' title='bbox 2312 2024 2752 2104; x_wconf 90' lang='lat' dir='ltr'><strong>Simpliciorum</strong></span> <span class='ocrx_word' id='word_1_314' title='bbox 2773 2041 2841 2086; x_wconf 90' lang='lat' dir='ltr'><strong>ac</strong></span> <span class='ocrx_word' id='word_1_315' title='bbox 2857 2022 3381 2085; x_wconf 80' lang='lat' dir='ltr'><strong>imbecilliorum.«</strong></span> <span class='ocrx_word' id='word_1_316' title='bbox 3407 2016 3673 2104; x_wconf 86' lang='lat' dir='ltr'><strong>Solidum</strong></span> 
     </span>
    </p>
   </div>
   <div class='ocr_carea' id='block_1_48' title="bbox 2028 2103 3675 2190">
    <p class='ocr_par' dir='ltr' id='par_1_48' title="bbox 2028 2103 3675 2190">
     <span class='ocr_line' id='line_1_48' title="bbox 2028 2103 3675 2190; baseline -0.006 -17"><span class='ocrx_word' id='word_1_317' title='bbox 2028 2120 2223 2174; x_wconf 90' lang='lat' dir='ltr'><strong>tamen</strong></span> <span class='ocrx_word' id='word_1_318' title='bbox 2256 2103 2730 2177; x_wconf 83' lang='lat' dir='ltr'><strong>fundamentum.</strong></span> <span class='ocrx_word' id='word_1_319' title='bbox 2773 2138 2799 2169; x_wconf 68' lang='grc' dir='ltr'><strong>η</strong></span> <span class='ocrx_word' id='word_1_320' title='bbox 2835 2111 3207 2177; x_wconf 74' lang='lat' dir='ltr'><strong>subvertitur</strong></span> <span class='ocrx_word' id='word_1_321' title='bbox 3256 2106 3493 2190; x_wconf 89' lang='lat' dir='ltr'><strong>quidem</strong></span> <span class='ocrx_word' id='word_1_322' title='bbox 3525 2103 3675 2164; x_wconf 83' lang='lat' dir='ltr'><strong>fides</strong></span> 
     </span>
    </p>
   </div>
   <div class='ocr_carea' id='block_1_49' title="bbox 2028 2198 3674 2278">
    <p class='ocr_par' dir='ltr' id='par_1_49' title="bbox 2028 2198 3674 2278">
     <span class='ocr_line' id='line_1_49' title="bbox 2028 2198 3674 2278; baseline -0.007 -16"><span class='ocrx_word' id='word_1_323' title='bbox 2028 2200 2515 2278; x_wconf 86' lang='lat' dir='ltr'><strong>imbecilliorum;</strong></span> <span class='ocrx_word' id='word_1_324' title='bbox 2547 2224 2570 2258; x_wconf 72' lang='grc' dir='ltr'>α</span> <span class='ocrx_word' id='word_1_325' title='bbox 2601 2202 2858 2263; x_wconf 74' lang='lat' dir='ltr'><strong>solidum</strong></span> <span class='ocrx_word' id='word_1_326' title='bbox 2881 2208 3075 2263; x_wconf 88' lang='lat' dir='ltr'><strong>tamen</strong></span> <span class='ocrx_word' id='word_1_327' title='bbox 3099 2198 3543 2262; x_wconf 78' lang='lat' dir='ltr'><strong>fundamentum</strong></span> <span class='ocrx_word' id='word_1_328' title='bbox 3559 2198 3674 2254; x_wconf 83' lang='lat' dir='ltr'><strong>stat</strong></span> 
     </span>
    </p>
   </div>
   <div class='ocr_carea' id='block_1_50' title="bbox 2034 2281 3673 2371">
    <p class='ocr_par' dir='ltr' id='par_1_50' title="bbox 2034 2281 3673 2371">
     <span class='ocr_line' id='line_1_50' title="bbox 2034 2281 3673 2371; baseline -0.007 -20"><span class='ocrx_word' id='word_1_329' title='bbox 2034 2288 2263 2369; x_wconf 85' lang='lat' dir='ltr'><strong>(ﬁdeles</strong></span> <span class='ocrx_word' id='word_1_330' title='bbox 2293 2289 2500 2352; x_wconf 84' lang='lat' dir='ltr'><strong>dicens</strong></span> <span class='ocrx_word' id='word_1_331' title='bbox 2525 2290 2626 2371; x_wconf 87' lang='lat' dir='ltr'><strong>qui</strong></span> <span class='ocrx_word' id='word_1_332' title='bbox 2647 2290 2911 2352; x_wconf 87' lang='lat' dir='ltr'><strong>subverti</strong></span> <span class='ocrx_word' id='word_1_333' title='bbox 2939 2288 3291 2370; x_wconf 84' lang='lat' dir='ltr'><strong>nequeunt),</strong></span> <span class='ocrx_word' id='word_1_334' title='bbox 3316 2283 3539 2371; x_wconf 85' lang='lat' dir='ltr'><strong>habens</strong></span> <span class='ocrx_word' id='word_1_335' title='bbox 3559 2281 3673 2371; x_wconf 83' lang='lat' dir='ltr'><strong>hoc</strong></span> 
     </span>
    </p>
   </div>
   <div class='ocr_carea' id='block_1_51' title="bbox 2030 2368 3678 2458">
    <p class='ocr_par' dir='ltr' id='par_1_51' title="bbox 2030 2368 3678 2458">
     <span class='ocr_line' id='line_1_51' title="bbox 2030 2368 3678 2458; baseline -0.008 -18"><span class='ocrx_word' id='word_1_336' title='bbox 2030 2368 2395 2458; x_wconf 79' lang='lat' dir='ltr'><strong>signaculum</strong></span> <span class='ocrx_word' id='word_1_337' title='bbox 2427 2398 2495 2440; x_wconf 91' lang='lat' dir='ltr'><strong>ac</strong></span> <span class='ocrx_word' id='word_1_338' title='bbox 2520 2368 2805 2441; x_wconf 78' lang='lat' dir='ltr'><strong>indicium</strong></span> <span class='ocrx_word' id='word_1_339' title='bbox 2838 2397 2852 2442; x_wconf 89' lang='lat'>:</span> <span class='ocrx_word' id='word_1_340' title='bbox 2885 2368 3102 2441; x_wconf 68' lang='lat' dir='ltr'><strong>«Novit</strong></span> <span class='ocrx_word' id='word_1_341' title='bbox 3130 2374 3414 2439; x_wconf 86' lang='lat' dir='ltr'><strong>Dominus</strong></span> <span class='ocrx_word' id='word_1_342' title='bbox 3434 2369 3534 2453; x_wconf 91' lang='lat' dir='ltr'><strong>qui</strong></span> <span class='ocrx_word' id='word_1_343' title='bbox 3556 2368 3678 2458; x_wconf 77' lang='lat' dir='ltr'><strong>sint</strong></span> 
     </span>
    </p>
   </div>
   <div class='ocr_carea' id='block_1_52' title="bbox 2032 2456 3673 2549">
    <p class='ocr_par' dir='ltr' id='par_1_52' title="bbox 2032 2456 3673 2549">
     <span class='ocr_line' id='line_1_52' title="bbox 2032 2456 3673 2549; baseline -0.007 -21"><span class='ocrx_word' id='word_1_344' title='bbox 2032 2456 2147 2531; x_wconf 78' lang='lat' dir='ltr'><strong>sui.</strong></span> <span class='ocrx_word' id='word_1_345' title='bbox 2184 2491 2212 2523; x_wconf 74' lang='grc' dir='ltr'><strong><em>ι</em></strong></span> <span class='ocrx_word' id='word_1_346' title='bbox 2246 2463 2402 2529; x_wconf 86' lang='lat' dir='ltr'><strong>Olim</strong></span> <span class='ocrx_word' id='word_1_347' title='bbox 2434 2466 2672 2549; x_wconf 92' lang='lat' dir='ltr'><strong>quidem</strong></span> <span class='ocrx_word' id='word_1_348' title='bbox 2699 2466 3035 2549; x_wconf 77' lang='lat' dir='ltr'><strong>praecogniti</strong></span> <span class='ocrx_word' id='word_1_349' title='bbox 3079 2472 3215 2527; x_wconf 90' lang='lat' dir='ltr'><strong>sunt</strong></span> <span class='ocrx_word' id='word_1_350' title='bbox 3244 2475 3521 2543; x_wconf 90' lang='lat' dir='ltr'><strong>tanquam</strong></span> <span class='ocrx_word' id='word_1_351' title='bbox 3553 2456 3673 2549; x_wconf 77' lang='lat' dir='ltr'><strong>Deo</strong></span> 
     </span>
    </p>
   </div>
   <div class='ocr_carea' id='block_1_53' title="bbox 2033 2545 3672 2631">
    <p class='ocr_par' dir='ltr' id='par_1_53' title="bbox 2033 2545 3672 2631">
     <span class='ocr_line' id='line_1_53' title="bbox 2033 2545 3672 2631; baseline -0.007 -14"><span class='ocrx_word' id='word_1_352' title='bbox 2033 2555 2277 2617; x_wconf 86' lang='lat' dir='ltr'><strong>omnino</strong></span> <span class='ocrx_word' id='word_1_353' title='bbox 2307 2545 2532 2618; x_wconf 78' lang='lat' dir='ltr'><strong>addicti</strong></span> <span class='ocrx_word' id='word_1_354' title='bbox 2562 2566 2620 2620; x_wconf 92' lang='lat' dir='ltr'><strong>et</strong></span> <span class='ocrx_word' id='word_1_355' title='bbox 2649 2545 3217 2619; x_wconf 83' lang='lat' dir='ltr'><strong>intransmutabiles.</strong></span> <span class='ocrx_word' id='word_1_356' title='bbox 3250 2550 3490 2631; x_wconf 85' lang='lat' dir='ltr'><strong>Signum</strong></span> <span class='ocrx_word' id='word_1_357' title='bbox 3510 2545 3672 2609; x_wconf 90' lang='lat' dir='ltr'><strong>enim</strong></span> 
     </span>
    </p>
   </div>
   <div class='ocr_carea' id='block_1_54' title="bbox 2031 2632 3672 2728">
    <p class='ocr_par' dir='ltr' id='par_1_54' title="bbox 2031 2632 3672 2728">
     <span class='ocr_line' id='line_1_54' title="bbox 2031 2632 3672 2728; baseline -0.009 -20"><span class='ocrx_word' id='word_1_358' title='bbox 2031 2646 2187 2726; x_wconf 89' lang='lat' dir='ltr'><strong>quod</strong></span> <span class='ocrx_word' id='word_1_359' title='bbox 2219 2645 2337 2706; x_wconf 91' lang='lat' dir='ltr'><strong>sint</strong></span> <span class='ocrx_word' id='word_1_360' title='bbox 2357 2664 2391 2706; x_wconf 89' lang='lat' dir='ltr'><strong>a</strong></span> <span class='ocrx_word' id='word_1_361' title='bbox 2411 2645 2532 2708; x_wconf 92' lang='lat' dir='ltr'><strong>Deo</strong></span> <span class='ocrx_word' id='word_1_362' title='bbox 2552 2646 2794 2728; x_wconf 81' lang='lat' dir='ltr'><strong>cogniti,</strong></span> <span class='ocrx_word' id='word_1_363' title='bbox 2820 2656 2929 2718; x_wconf 89' lang='lat' dir='ltr'><strong>est,</strong></span> <span class='ocrx_word' id='word_1_364' title='bbox 2955 2645 3112 2726; x_wconf 91' lang='lat' dir='ltr'><strong>quod</strong></span> <span class='ocrx_word' id='word_1_365' title='bbox 3138 2661 3253 2704; x_wconf 92' lang='lat' dir='ltr'><strong>non</strong></span> <span class='ocrx_word' id='word_1_366' title='bbox 3280 2632 3672 2728; x_wconf 61' lang='lat' dir='ltr'><strong>potuerintab</strong></span> 
     </span>
    </p>
   </div>
   <div class='ocr_carea' id='block_1_55' title="bbox 295 2724 1950 2815">
    <p class='ocr_par' dir='ltr' id='par_1_55' title="bbox 295 2724 1935 2805">
     <span class='ocr_line' id='line_1_55' title="bbox 295 2724 1935 2805; baseline -0.001 -14"><span class='ocrx_word' id='word_1_367' title='bbox 295 2724 399 2801; x_wconf 72' lang='grc' dir='ltr'>τῆς</span> <span class='ocrx_word' id='word_1_368' title='bbox 456 2730 728 2798; x_wconf 77' lang='grc' dir='ltr'>ἀσεϐείας,</span> <span class='ocrx_word' id='word_1_369' title='bbox 791 2755 819 2788; x_wconf 73' lang='grc' dir='ltr'>ι</span> <span class='ocrx_word' id='word_1_370' title='bbox 883 2735 1004 2805; x_wconf 81' lang='grc' dir='ltr'>Καὶ,</span> <span class='ocrx_word' id='word_1_371' title='bbox 1078 2724 1395 2804; x_wconf 71' lang='grc' dir='ltr'>Ἀποστήτω</span> <span class='ocrx_word' id='word_1_372' title='bbox 1450 2736 1555 2793; x_wconf 78' lang='grc' dir='ltr'>ἀπὸ</span> <span class='ocrx_word' id='word_1_373' title='bbox 1626 2734 1852 2799; x_wconf 76' lang='grc' dir='ltr'>ἀδικίας.</span> <span class='ocrx_word' id='word_1_374' title='bbox 1908 2759 1935 2790; x_wconf 78' lang='grc'><strong>»</strong></span> 
     </span>
    </p>
   </div>
   <div class='ocr_carea' id='block_1_56' title="bbox 2036 2724 3671 2815">
    <p class='ocr_par' dir='ltr' id='par_1_56' title="bbox 2036 2724 3671 2815">
     <span class='ocr_line' id='line_1_56' title="bbox 2036 2724 3671 2815; baseline -0.007 -20"><span class='ocrx_word' id='word_1_375' title='bbox 2036 2724 2328 2815; x_wconf 74' lang='lat' dir='ltr'><strong>impietate</strong></span> <span class='ocrx_word' id='word_1_376' title='bbox 2353 2736 2613 2798; x_wconf 89' lang='lat' dir='ltr'><strong>subverti</strong></span> <span class='ocrx_word' id='word_1_377' title='bbox 2630 2724 2755 2798; x_wconf 33' lang='lat' dir='ltr'><strong>&#39;uta</strong></span> <span class='ocrx_word' id='word_1_378' title='bbox 2780 2724 2902 2798; x_wconf 71' lang='lat' dir='ltr'><strong>fide</strong></span> <span class='ocrx_word' id='word_1_379' title='bbox 2934 2724 3331 2797; x_wconf 68' lang='lat' dir='ltr'><strong>discederent.</strong></span> <span class='ocrx_word' id='word_1_380' title='bbox 3371 2753 3399 2785; x_wconf 75' lang='grc' dir='ltr'>ι</span> <span class='ocrx_word' id='word_1_381' title='bbox 3436 2727 3511 2790; x_wconf 85' lang='lat' dir='ltr'><strong>Et</strong></span> <span class='ocrx_word' id='word_1_382' title='bbox 3539 2724 3671 2787; x_wconf 89' lang='lat' dir='ltr'><strong>Dis-</strong></span> 
     </span>
    </p>
   </div>
   <div class='ocr_carea' id='block_1_57' title="bbox 296 2818 1950 2906">
    <p class='ocr_par' dir='ltr' id='par_1_57' title="bbox 296 2818 1944 2901">
     <span class='ocr_line' id='line_1_57' title="bbox 296 2818 1944 2901; baseline -0.001 -19"><span class='ocrx_word' id='word_1_383' title='bbox 296 2825 441 2882; x_wconf 71' lang='grc' dir='ltr'>Εἶτα</span> <span class='ocrx_word' id='word_1_384' title='bbox 479 2824 568 2879; x_wconf 81' lang='grc' dir='ltr'><strong>καὶ</strong></span> <span class='ocrx_word' id='word_1_385' title='bbox 597 2818 729 2879; x_wconf 77' lang='grc' dir='ltr'>ἄλλο</span> <span class='ocrx_word' id='word_1_386' title='bbox 794 2821 1092 2901; x_wconf 78' lang='grc' dir='ltr'>γνώρισμα,</span> <span class='ocrx_word' id='word_1_387' title='bbox 1150 2824 1234 2897; x_wconf 81' lang='grc' dir='ltr'>τὸ,</span> <span class='ocrx_word' id='word_1_388' title='bbox 1296 2823 1618 2895; x_wconf 75' lang='grc' dir='ltr'>Ἀποστήτω</span> <span class='ocrx_word' id='word_1_389' title='bbox 1674 2823 1776 2881; x_wconf 82' lang='grc' dir='ltr'><strong>ἀπὸ</strong></span> <span class='ocrx_word' id='word_1_390' title='bbox 1833 2823 1944 2881; x_wconf 83' lang='grc' dir='ltr'>ἀδι-</span> 
     </span>
    </p>
   </div>
   <div class='ocr_carea' id='block_1_58' title="bbox 2036 2818 3670 2906">
    <p class='ocr_par' dir='ltr' id='par_1_58' title="bbox 2036 2820 3670 2906">
     <span class='ocr_line' id='line_1_58' title="bbox 2036 2820 3670 2906; baseline -0.007 -20"><span class='ocrx_word' id='word_1_391' title='bbox 2036 2822 2196 2886; x_wconf 78' lang='lat' dir='ltr'><strong>cedat</strong></span> <span class='ocrx_word' id='word_1_392' title='bbox 2215 2824 2288 2885; x_wconf 90' lang='lat' dir='ltr'><strong>ab</strong></span> <span class='ocrx_word' id='word_1_393' title='bbox 2316 2824 2647 2906; x_wconf 90' lang='lat' dir='ltr'><strong>iniquitate.</strong></span> <span class='ocrx_word' id='word_1_394' title='bbox 2673 2849 2694 2882; x_wconf 73' lang='grc' dir='ltr'><strong>ι</strong></span> <span class='ocrx_word' id='word_1_395' title='bbox 2724 2824 2876 2887; x_wconf 88' lang='lat' dir='ltr'><strong>Ecce</strong></span> <span class='ocrx_word' id='word_1_396' title='bbox 2893 2824 3053 2887; x_wconf 86' lang='lat' dir='ltr'><strong>aliud</strong></span> <span class='ocrx_word' id='word_1_397' title='bbox 3076 2820 3362 2885; x_wconf 91' lang='lat' dir='ltr'><strong>indicium</strong></span> <span class='ocrx_word' id='word_1_398' title='bbox 3392 2834 3406 2880; x_wconf 89' lang='lat'><strong>:</strong></span> <span class='ocrx_word' id='word_1_399' title='bbox 3433 2831 3670 2895; x_wconf 87' lang='lat' dir='ltr'><strong>nempe,</strong></span> 
     </span>
    </p>
   </div>
   <div class='ocr_carea' id='block_1_59' title="bbox 296 2910 1944 2995">
    <p class='ocr_par' dir='ltr' id='par_1_59' title="bbox 296 2910 1944 2995">
     <span class='ocr_line' id='line_1_59' title="bbox 296 2910 1944 2995; baseline 0.002 -27"><span class='ocrx_word' id='word_1_400' title='bbox 296 2914 442 2986; x_wconf 77' lang='grc' dir='ltr'>κίας,</span> <span class='ocrx_word' id='word_1_401' title='bbox 511 2911 799 2991; x_wconf 79' lang='grc' dir='ltr'>(τουτέστι,</span> <span class='ocrx_word' id='word_1_402' title='bbox 859 2916 957 2979; x_wconf 86' lang='grc' dir='ltr'>τῆς</span> <span class='ocrx_word' id='word_1_403' title='bbox 1024 2912 1080 2968; x_wconf 89' lang='grc' dir='ltr'><strong>ἐν</strong></span> <span class='ocrx_word' id='word_1_404' title='bbox 1149 2910 1373 2990; x_wconf 83' lang='grc' dir='ltr'>δόγμασι</span> <span class='ocrx_word' id='word_1_405' title='bbox 1447 2913 1700 2995; x_wconf 80' lang='grc' dir='ltr'>πλάνῆς,)</span> <span class='ocrx_word' id='word_1_406' title='bbox 1754 2920 1858 2978; x_wconf 81' lang='grc' dir='ltr'><strong>πᾶς</strong></span> <span class='ocrx_word' id='word_1_407' title='bbox 1916 2917 1944 2971; x_wconf 89' lang='lat'><strong>6</strong></span> 
     </span>
    </p>
   </div>
   <div class='ocr_carea' id='block_1_60' title="bbox 302 2998 1946 3084">
    <p class='ocr_par' dir='ltr' id='par_1_60' title="bbox 302 2998 1946 3084">
     <span class='ocr_line' id='line_1_60' title="bbox 302 2998 1946 3084; baseline -0.001 -25"><span class='ocrx_word' id='word_1_408' title='bbox 302 3002 581 3078; x_wconf 71' lang='grc' dir='ltr'>ὀνομάζων</span> <span class='ocrx_word' id='word_1_409' title='bbox 646 3002 709 3056; x_wconf 81' lang='grc' dir='ltr'><strong>τὺ</strong></span> <span class='ocrx_word' id='word_1_410' title='bbox 765 2998 935 3076; x_wconf 76' lang='grc' dir='ltr'>ὄνομα</span> <span class='ocrx_word' id='word_1_411' title='bbox 994 3000 1203 3082; x_wconf 78' lang='grc' dir='ltr'>Κυρίου,</span> <span class='ocrx_word' id='word_1_412' title='bbox 1260 3003 1333 3065; x_wconf 83' lang='grc' dir='ltr'>ὡς</span> <span class='ocrx_word' id='word_1_413' title='bbox 1376 3003 1650 3080; x_wconf 78' lang='grc' dir='ltr'>ὀνομάζειν</span> <span class='ocrx_word' id='word_1_414' title='bbox 1718 3005 1849 3084; x_wconf 75' lang='grc' dir='ltr'>χρή.</span> <span class='ocrx_word' id='word_1_415' title='bbox 1886 3005 1946 3061; x_wconf 77' lang='grc' dir='ltr'><strong>Οἱ</strong></span> 
     </span>
    </p>
   </div>
   <div class='ocr_carea' id='block_1_61' title="bbox 303 3090 1948 3172">
    <p class='ocr_par' dir='ltr' id='par_1_61' title="bbox 303 3090 1948 3172">
     <span class='ocr_line' id='line_1_61' title="bbox 303 3090 1948 3172; baseline 0.001 -26"><span class='ocrx_word' id='word_1_416' title='bbox 303 3093 407 3170; x_wconf 69' lang='grc' dir='ltr'><strong>γὰρ</strong></span> <span class='ocrx_word' id='word_1_417' title='bbox 481 3090 873 3169; x_wconf 87' lang='grc' dir='ltr'>ἀπερίτρεπτοι,</span> <span class='ocrx_word' id='word_1_418' title='bbox 957 3092 1138 3171; x_wconf 74' lang='grc' dir='ltr'>φησὶν,</span> <span class='ocrx_word' id='word_1_419' title='bbox 1250 3090 1428 3172; x_wconf 73' lang='grc' dir='ltr'>ὥσπερ</span> <span class='ocrx_word' id='word_1_420' title='bbox 1536 3092 1728 3159; x_wconf 70' lang='grc' dir='ltr'>στῆλαί</span> <span class='ocrx_word' id='word_1_421' title='bbox 1809 3114 1948 3155; x_wconf 87' lang='grc' dir='ltr'>τινες</span> 
     </span>
    </p>
   </div>
   <div class='ocr_carea' id='block_1_62' title="bbox 301 3177 1950 3261">
    <p class='ocr_par' dir='ltr' id='par_1_62' title="bbox 301 3177 1950 3261">
     <span class='ocr_line' id='line_1_62' title="bbox 301 3177 1950 3261; baseline 0.001 -25"><span class='ocrx_word' id='word_1_422' title='bbox 301 3180 543 3259; x_wconf 69' lang='grc' dir='ltr'>ἔμψυχοι</span> <span class='ocrx_word' id='word_1_423' title='bbox 593 3178 839 3235; x_wconf 74' lang='grc' dir='ltr'>’ίστανται</span> <span class='ocrx_word' id='word_1_424' title='bbox 908 3185 1073 3235; x_wconf 76' lang='grc' dir='ltr'>ταῦτα</span> <span class='ocrx_word' id='word_1_425' title='bbox 1142 3177 1225 3236; x_wconf 82' lang='grc' dir='ltr'>διὰ</span> <span class='ocrx_word' id='word_1_426' title='bbox 1306 3187 1413 3237; x_wconf 85' lang='grc' dir='ltr'><strong>τῶν</strong></span> <span class='ocrx_word' id='word_1_427' title='bbox 1488 3184 1689 3239; x_wconf 77' lang='grc' dir='ltr'>οἰκείων</span> <span class='ocrx_word' id='word_1_428' title='bbox 1784 3181 1950 3261; x_wconf 84' lang='grc' dir='ltr'>’έργων</span> 
     </span>
    </p>
   </div>
   <div class='ocr_carea' id='block_1_63' title="bbox 302 3268 1073 3347">
    <p class='ocr_par' dir='ltr' id='par_1_63' title="bbox 302 3268 1073 3347">
     <span class='ocr_line' id='line_1_63' title="bbox 302 3268 1073 3347; baseline 0.001 -23"><span class='ocrx_word' id='word_1_429' title='bbox 302 3269 550 3347; x_wconf 73' lang='grc' dir='ltr'>ιρέροντες</span> <span class='ocrx_word' id='word_1_430' title='bbox 578 3269 645 3324; x_wconf 79' lang='grc' dir='ltr'><strong>τὰ</strong></span> <span class='ocrx_word' id='word_1_431' title='bbox 674 3268 1073 3347; x_wconf 82' lang='grc' dir='ltr'>ἐπιγράμματα.</span> 
     </span>
    </p>
   </div>
   <div class='ocr_carea' id='block_1_64' title="bbox 391 3348 1949 3435">
    <p class='ocr_par' dir='ltr' id='par_1_64' title="bbox 391 3348 1949 3435">
     <span class='ocr_line' id='line_1_64' title="bbox 391 3348 1949 3435; baseline 0.002 -21"><span class='ocrx_word' id='word_1_432' title='bbox 391 3378 419 3414; x_wconf 77' lang='grc' dir='ltr'>ι</span> <span class='ocrx_word' id='word_1_433' title='bbox 485 3348 574 3416; x_wconf 74' lang='grc' dir='ltr'>Ἐν</span> <span class='ocrx_word' id='word_1_434' title='bbox 643 3355 857 3435; x_wconf 84' lang='grc' dir='ltr'>μεγάλῃ</span> <span class='ocrx_word' id='word_1_435' title='bbox 904 3354 959 3413; x_wconf 78' lang='grc' dir='ltr'><strong>δὲ</strong></span> <span class='ocrx_word' id='word_1_436' title='bbox 1020 3358 1178 3432; x_wconf 70' lang='grc' dir='ltr'>οἰκίᾳ,</span> <span class='ocrx_word' id='word_1_437' title='bbox 1254 3359 1350 3415; x_wconf 73' lang='grc' dir='ltr'><strong>οὐκ</strong></span> <span class='ocrx_word' id='word_1_438' title='bbox 1404 3356 1515 3415; x_wconf 82' lang='grc' dir='ltr'>ἔστι</span> <span class='ocrx_word' id='word_1_439' title='bbox 1572 3358 1734 3434; x_wconf 89' lang='grc' dir='ltr'>μόνον</span> <span class='ocrx_word' id='word_1_440' title='bbox 1788 3360 1949 3427; x_wconf 82' lang='grc' dir='ltr'>σκεύη</span> 
     </span>
    </p>
   </div>
   <div class='ocr_carea' id='block_1_65' title="bbox 300 3446 1949 3528">
    <p class='ocr_par' dir='ltr' id='par_1_65' title="bbox 300 3446 1949 3528">
     <span class='ocr_line' id='line_1_65' title="bbox 300 3446 1949 3528; baseline 0.001 -26"><span class='ocrx_word' id='word_1_441' title='bbox 300 3453 479 3527; x_wconf 82' lang='grc' dir='ltr'>χρυσᾶ</span> <span class='ocrx_word' id='word_1_442' title='bbox 548 3447 638 3502; x_wconf 85' lang='grc' dir='ltr'><strong>καὶ</strong></span> <span class='ocrx_word' id='word_1_443' title='bbox 692 3447 910 3528; x_wconf 81' lang='grc' dir='ltr'>ἀργυρᾶ,</span> <span class='ocrx_word' id='word_1_444' title='bbox 984 3446 1119 3503; x_wconf 74' lang='grc' dir='ltr'>ἀλλὰ</span> <span class='ocrx_word' id='word_1_445' title='bbox 1195 3450 1284 3504; x_wconf 79' lang='grc' dir='ltr'>καὶ</span> <span class='ocrx_word' id='word_1_446' title='bbox 1353 3446 1529 3513; x_wconf 82' lang='grc' dir='ltr'>ξύλινα</span> <span class='ocrx_word' id='word_1_447' title='bbox 1596 3449 1684 3504; x_wconf 85' lang='grc' dir='ltr'><strong>καὶ</strong></span> <span class='ocrx_word' id='word_1_448' title='bbox 1754 3449 1949 3527; x_wconf 80' lang='grc' dir='ltr'>ὀστρά-</span> 
     </span>
    </p>
   </div>
   <div class='ocr_carea' id='block_1_66' title="bbox 299 3535 1950 3616">
    <p class='ocr_par' dir='ltr' id='par_1_66' title="bbox 299 3535 1950 3616">
     <span class='ocr_line' id='line_1_66' title="bbox 299 3535 1950 3616; baseline 0.001 -24"><span class='ocrx_word' id='word_1_449' title='bbox 299 3557 449 3609; x_wconf 83' lang='grc' dir='ltr'>κινα,</span> <span class='ocrx_word' id='word_1_450' title='bbox 507 3537 597 3591; x_wconf 82' lang='grc' dir='ltr'><strong>καὶ</strong></span> <span class='ocrx_word' id='word_1_451' title='bbox 667 3535 701 3591; x_wconf 79' lang='grc' dir='ltr'>ἃ</span> <span class='ocrx_word' id='word_1_452' title='bbox 783 3536 881 3611; x_wconf 77' lang='grc' dir='ltr'>μὲν</span> <span class='ocrx_word' id='word_1_453' title='bbox 956 3537 1030 3599; x_wconf 82' lang='grc' dir='ltr'><strong>εἰς</strong></span> <span class='ocrx_word' id='word_1_454' title='bbox 1108 3538 1298 3616; x_wconf 77' lang='grc' dir='ltr'>τιμὴν,</span> <span class='ocrx_word' id='word_1_455' title='bbox 1355 3537 1388 3593; x_wconf 80' lang='grc' dir='ltr'>ἃ</span> <span class='ocrx_word' id='word_1_456' title='bbox 1459 3535 1513 3593; x_wconf 78' lang='grc' dir='ltr'><strong>δὲ</strong></span> <span class='ocrx_word' id='word_1_457' title='bbox 1611 3538 1683 3600; x_wconf 75' lang='grc' dir='ltr'>εἷς</span> <span class='ocrx_word' id='word_1_458' title='bbox 1738 3538 1950 3610; x_wconf 82' lang='grc' dir='ltr'>ἀτιμίαν</span> 
     </span>
    </p>
   </div>
   <div class='ocr_carea' id='block_1_67' title="bbox 302 3621 1947 3705">
    <p class='ocr_par' dir='ltr' id='par_1_67' title="bbox 302 3621 1947 3705">
     <span class='ocr_line' id='line_1_67' title="bbox 302 3621 1947 3705; baseline -0.001 -23"><span class='ocrx_word' id='word_1_459' title='bbox 302 3621 432 3682; x_wconf 77' lang='grc' dir='ltr'>Ἐὰν</span> <span class='ocrx_word' id='word_1_460' title='bbox 512 3623 603 3681; x_wconf 77' lang='grc' dir='ltr'>οὖν</span> <span class='ocrx_word' id='word_1_461' title='bbox 698 3645 778 3690; x_wconf 82' lang='grc' dir='ltr'><strong>τις</strong></span> <span class='ocrx_word' id='word_1_462' title='bbox 890 3624 1154 3705; x_wconf 73' lang='grc' dir='ltr'>ἐκκαθάρῃ</span> <span class='ocrx_word' id='word_1_463' title='bbox 1236 3626 1421 3682; x_wconf 79' lang='grc' dir='ltr'>ἑαυτὸν</span> <span class='ocrx_word' id='word_1_464' title='bbox 1539 3627 1645 3683; x_wconf 80' lang='grc' dir='ltr'><strong>ἀπὸ</strong></span> <span class='ocrx_word' id='word_1_465' title='bbox 1727 3628 1947 3701; x_wconf 77' lang='grc' dir='ltr'>τούτων,</span> 
     </span>
    </p>
   </div>
   <div class='ocr_carea' id='block_1_68' title="bbox 301 3711 1951 3797">
    <p class='ocr_par' dir='ltr' id='par_1_68' title="bbox 301 3711 1951 3797">
     <span class='ocr_line' id='line_1_68' title="bbox 301 3711 1951 3797; baseline 0.02 -29"><span class='ocrx_word' id='word_1_466' title='bbox 301 3711 452 3769; x_wconf 70' lang='grc' dir='ltr'>ἔσται</span> <span class='ocrx_word' id='word_1_467' title='bbox 544 3718 732 3777; x_wconf 72' lang='grc' dir='ltr'>σκεῦος</span> <span class='ocrx_word' id='word_1_468' title='bbox 851 3714 926 3778; x_wconf 79' lang='grc' dir='ltr'>εἷς</span> <span class='ocrx_word' id='word_1_469' title='bbox 1022 3714 1185 3789; x_wconf 71' lang='grc' dir='ltr'>τιμὴν</span> <span class='ocrx_word' id='word_1_470' title='bbox 1300 3715 1645 3793; x_wconf 68' lang='grc' dir='ltr'><strong>ἡγιασμένον,</strong></span> <span class='ocrx_word' id='word_1_471' title='bbox 1746 3715 1951 3797; x_wconf 48' lang='lat'><strong>£51.?“-</strong></span> 
     </span>
    </p>
   </div>
   <div class='ocr_carea' id='block_1_69' title="bbox 302 3800 1951 3885">
    <p class='ocr_par' dir='ltr' id='par_1_69' title="bbox 302 3800 1951 3885">
     <span class='ocr_line' id='line_1_69' title="bbox 302 3800 1951 3885; baseline 0.004 -28"><span class='ocrx_word' id='word_1_472' title='bbox 302 3822 432 3858; x_wconf 86' lang='grc' dir='ltr'>στον</span> <span class='ocrx_word' id='word_1_473' title='bbox 486 3807 567 3875; x_wconf 85' lang='grc' dir='ltr'>τῷ</span> <span class='ocrx_word' id='word_1_474' title='bbox 640 3800 910 3881; x_wconf 85' lang='grc' dir='ltr'>Δεσπότῃ,</span> <span class='ocrx_word' id='word_1_475' title='bbox 982 3803 1054 3865; x_wconf 77' lang='grc' dir='ltr'>εἷς</span> <span class='ocrx_word' id='word_1_476' title='bbox 1129 3808 1234 3859; x_wconf 84' lang='grc' dir='ltr'>πᾶν</span> <span class='ocrx_word' id='word_1_477' title='bbox 1303 3803 1453 3883; x_wconf 71' lang='grc' dir='ltr'>ἔργον</span> <span class='ocrx_word' id='word_1_478' title='bbox 1535 3805 1728 3885; x_wconf 85' lang='grc' dir='ltr'>ἀγαθὸν</span> <span class='ocrx_word' id='word_1_479' title='bbox 1796 3808 1951 3875; x_wconf 81' lang='grc' dir='ltr'>ἡτοι-</span> 
     </span>
    </p>
   </div>
   <div class='ocr_carea' id='block_1_70' title="bbox 301 3888 663 3963">
    <p class='ocr_par' dir='ltr' id='par_1_70' title="bbox 301 3888 663 3963">
     <span class='ocr_line' id='line_1_70' title="bbox 301 3888 663 3963; baseline 0.003 -19"><span class='ocrx_word' id='word_1_480' title='bbox 301 3888 599 3963; x_wconf 84' lang='grc' dir='ltr'>μασμένον,</span> <span class='ocrx_word' id='word_1_481' title='bbox 635 3911 663 3944; x_wconf 70' lang='grc' dir='ltr'><strong><em>ι</em></strong></span> 
     </span>
    </p>
   </div>
   <div class='ocr_carea' id='block_1_71' title="bbox 408 3978 1952 4060">
    <p class='ocr_par' dir='ltr' id='par_1_71' title="bbox 408 3978 1952 4060">
     <span class='ocr_line' id='line_1_71' title="bbox 408 3978 1952 4060; baseline 0.003 -25"><span class='ocrx_word' id='word_1_482' title='bbox 408 3986 501 4035; x_wconf 85' lang='grc' dir='ltr'>Ετι</span> <span class='ocrx_word' id='word_1_483' title='bbox 571 3978 661 4033; x_wconf 84' lang='grc' dir='ltr'><strong>καὶ</strong></span> <span class='ocrx_word' id='word_1_484' title='bbox 711 3987 800 4037; x_wconf 79' lang='grc' dir='ltr'>νῦν</span> <span class='ocrx_word' id='word_1_485' title='bbox 856 3979 952 4035; x_wconf 82' lang='grc' dir='ltr'>εἰσί</span> <span class='ocrx_word' id='word_1_486' title='bbox 1007 4002 1150 4045; x_wconf 87' lang='grc' dir='ltr'>τινες</span> <span class='ocrx_word' id='word_1_487' title='bbox 1202 3982 1552 4058; x_wconf 76' lang='grc' dir='ltr'>θαυμάζοντες</span> <span class='ocrx_word' id='word_1_488' title='bbox 1621 3982 1715 4039; x_wconf 72' lang='grc' dir='ltr'><strong>ἵνα</strong></span> <span class='ocrx_word' id='word_1_489' title='bbox 1769 3984 1820 4040; x_wconf 89' lang='grc' dir='ltr'><strong>τί</strong></span> <span class='ocrx_word' id='word_1_490' title='bbox 1872 3978 1952 4060; x_wconf 76' lang='grc' dir='ltr'>μὴ</span> 
     </span>
    </p>
   </div>
   <div class='ocr_carea' id='block_1_72' title="bbox 303 4063 1954 4151">
    <p class='ocr_par' dir='ltr' id='par_1_72' title="bbox 303 4063 1954 4151">
     <span class='ocr_line' id='line_1_72' title="bbox 303 4063 1954 4151; baseline 0.005 -31"><span class='ocrx_word' id='word_1_491' title='bbox 303 4063 631 4121; x_wconf 83' lang='grc' dir='ltr'>ἀπόλλυνταί</span> <span class='ocrx_word' id='word_1_492' title='bbox 681 4068 728 4122; x_wconf 74' lang='grc' dir='ltr'>οἱ</span> <span class='ocrx_word' id='word_1_493' title='bbox 769 4067 944 4129; x_wconf 89' lang='grc' dir='ltr'>κακοί,</span> <span class='ocrx_word' id='word_1_494' title='bbox 1004 4069 1103 4127; x_wconf 79' lang='grc' dir='ltr'>Καί</span> <span class='ocrx_word' id='word_1_495' title='bbox 1157 4092 1353 4151; x_wconf 76' lang='grc' dir='ltr'>φαμεν,</span> <span class='ocrx_word' id='word_1_496' title='bbox 1413 4070 1494 4127; x_wconf 81' lang='grc' dir='ltr'><strong>ὅτι</strong></span> <span class='ocrx_word' id='word_1_497' title='bbox 1550 4070 1729 4150; x_wconf 79' lang='grc' dir='ltr'>ὥσπερ</span> <span class='ocrx_word' id='word_1_498' title='bbox 1785 4072 1839 4128; x_wconf 85' lang='grc' dir='ltr'><strong>ἐν</strong></span> <span class='ocrx_word' id='word_1_499' title='bbox 1881 4076 1954 4129; x_wconf 81' lang='grc' dir='ltr'><strong>οἱ·</strong></span> 
     </span>
    </p>
   </div>
   <div class='ocr_carea' id='block_1_73' title="bbox 301 4152 1954 4238">
    <p class='ocr_par' dir='ltr' id='par_1_73' title="bbox 301 4152 1954 4238">
     <span class='ocr_line' id='line_1_73' title="bbox 301 4152 1954 4238; baseline 0.005 -29"><span class='ocrx_word' id='word_1_500' title='bbox 301 4155 392 4225; x_wconf 69' lang='grc' dir='ltr'><strong>κίᾳ</strong></span> <span class='ocrx_word' id='word_1_501' title='bbox 421 4152 635 4232; x_wconf 81' lang='grc' dir='ltr'>μεγάλῃ</span> <span class='ocrx_word' id='word_1_502' title='bbox 676 4153 895 4235; x_wconf 76' lang='grc' dir='ltr'>διάφορα</span> <span class='ocrx_word' id='word_1_503' title='bbox 951 4158 1139 4234; x_wconf 79' lang='grc' dir='ltr'>σκεύη,</span> <span class='ocrx_word' id='word_1_504' title='bbox 1200 4159 1338 4216; x_wconf 74' lang='grc' dir='ltr'>οὕτω</span> <span class='ocrx_word' id='word_1_505' title='bbox 1407 4161 1493 4216; x_wconf 74' lang='grc' dir='ltr'><strong>καὶ</strong></span> <span class='ocrx_word' id='word_1_506' title='bbox 1547 4158 1599 4217; x_wconf 90' lang='grc' dir='ltr'><strong>ἐν</strong></span> <span class='ocrx_word' id='word_1_507' title='bbox 1641 4168 1720 4236; x_wconf 87' lang='grc' dir='ltr'>τῷ</span> <span class='ocrx_word' id='word_1_508' title='bbox 1769 4162 1954 4238; x_wconf 88' lang='grc' dir='ltr'>κόσμῷ</span> 
     </span>
    </p>
   </div>
   <div class='ocr_carea' id='block_1_74' title="bbox 303 4240 1956 4324">
    <p class='ocr_par' dir='ltr' id='par_1_74' title="bbox 303 4240 1956 4324">
     <span class='ocr_line' id='line_1_74' title="bbox 303 4240 1956 4324; baseline 0.008 -27"><span class='ocrx_word' id='word_1_509' title='bbox 303 4240 544 4322; x_wconf 69' lang='grc' dir='ltr'>διάφοροι</span> <span class='ocrx_word' id='word_1_510' title='bbox 574 4241 859 4324; x_wconf 80' lang='grc' dir='ltr'>ἄνθρωποι,</span> <span class='ocrx_word' id='word_1_511' title='bbox 918 4245 977 4301; x_wconf 71' lang='grc' dir='ltr'>οὗ</span> <span class='ocrx_word' id='word_1_512' title='bbox 1029 4253 1121 4303; x_wconf 79' lang='grc' dir='ltr'>τοῦ</span> <span class='ocrx_word' id='word_1_513' title='bbox 1164 4255 1296 4306; x_wconf 75' lang='grc' dir='ltr'>Θεοῦ</span> <span class='ocrx_word' id='word_1_514' title='bbox 1338 4248 1502 4313; x_wconf 75' lang='grc' dir='ltr'>οὕτως</span> <span class='ocrx_word' id='word_1_515' title='bbox 1574 4250 1956 4317; x_wconf 83' lang='grc' dir='ltr'>πεποιηκότος.</span> 
     </span>
    </p>
   </div>
   <div class='ocr_carea' id='block_1_75' title="bbox 304 4330 1957 4421">
    <p class='ocr_par' dir='ltr' id='par_1_75' title="bbox 304 4330 1957 4421">
     <span class='ocr_line' id='line_1_75' title="bbox 304 4330 1957 4421; baseline 0.006 -35"><span class='ocrx_word' id='word_1_516' title='bbox 304 4330 419 4387; x_wconf 77' lang='grc' dir='ltr'>ἐπεὶ</span> <span class='ocrx_word' id='word_1_517' title='bbox 471 4338 588 4397; x_wconf 76' lang='grc' dir='ltr'><strong>πῶς</strong></span> <span class='ocrx_word' id='word_1_518' title='bbox 648 4330 884 4413; x_wconf 78' lang='grc' dir='ltr'>ἴσχυσαν</span> <span class='ocrx_word' id='word_1_519' title='bbox 966 4334 1252 4414; x_wconf 79' lang='grc' dir='ltr'>ἐκκαθᾶραι</span> <span class='ocrx_word' id='word_1_520' title='bbox 1340 4338 1556 4403; x_wconf 82' lang='grc' dir='ltr'>ἑαυτοὺς</span> <span class='ocrx_word' id='word_1_521' title='bbox 1644 4341 1691 4396; x_wconf 76' lang='lat' dir='ltr'><strong>oi</strong></span> <span class='ocrx_word' id='word_1_522' title='bbox 1760 4340 1957 4421; x_wconf 69' lang='grc' dir='ltr'>κακοίς</span> 
     </span>
    </p>
   </div>
   <div class='ocr_carea' id='block_1_76' title="bbox 304 4421 1960 4503">
    <p class='ocr_par' dir='ltr' id='par_1_76' title="bbox 304 4421 1960 4503">
     <span class='ocr_line' id='line_1_76' title="bbox 304 4421 1960 4503; baseline 0.004 -25"><span class='ocrx_word' id='word_1_523' title='bbox 304 4429 472 4478; x_wconf 77' lang='grc' dir='ltr'>Τοῦτο</span> <span class='ocrx_word' id='word_1_524' title='bbox 528 4421 627 4500; x_wconf 81' lang='grc' dir='ltr'><strong>γὰρ</strong></span> <span class='ocrx_word' id='word_1_525' title='bbox 708 4423 915 4502; x_wconf 79' lang='grc' dir='ltr'>προϊὼν</span> <span class='ocrx_word' id='word_1_526' title='bbox 1004 4423 1335 4503; x_wconf 70' lang='grc' dir='ltr'>ἐγκελεύεται</span> <span class='ocrx_word' id='word_1_527' title='bbox 1408 4429 1528 4493; x_wconf 84' lang='grc' dir='ltr'>τοὺς</span> <span class='ocrx_word' id='word_1_528' title='bbox 1605 4429 1820 4494; x_wconf 71' lang='grc' dir='ltr'>ἑαυτοὺς</span> <span class='ocrx_word' id='word_1_529' title='bbox 1889 4431 1960 4495; x_wconf 74' lang='grc' dir='ltr'>εἷς</span> 
     </span>
    </p>
   </div>
   <div class='ocr_carea' id='block_1_77' title="bbox 2030 2908 3671 2996">
    <p class='ocr_par' dir='ltr' id='par_1_77' title="bbox 2030 2908 3671 2996">
     <span class='ocr_line' id='line_1_77' title="bbox 2030 2908 3671 2996; baseline -0.009 -19"><span class='ocrx_word' id='word_1_530' title='bbox 2030 2913 2305 2977; x_wconf 87' lang='lat' dir='ltr'><strong>Discedat</strong></span> <span class='ocrx_word' id='word_1_531' title='bbox 2332 2912 2407 2974; x_wconf 89' lang='lat' dir='ltr'><strong>ab</strong></span> <span class='ocrx_word' id='word_1_532' title='bbox 2440 2914 2772 2996; x_wconf 90' lang='lat' dir='ltr'><strong>iniquitate,</strong></span> <span class='ocrx_word' id='word_1_533' title='bbox 2808 2916 2919 2977; x_wconf 86' lang='lat' dir='ltr'><strong>hoc</strong></span> <span class='ocrx_word' id='word_1_534' title='bbox 2943 2922 3053 2987; x_wconf 91' lang='lat' dir='ltr'><strong>est,</strong></span> <span class='ocrx_word' id='word_1_535' title='bbox 3079 2929 3283 2974; x_wconf 89' lang='lat' dir='ltr'><strong>errore</strong></span> <span class='ocrx_word' id='word_1_536' title='bbox 3303 2908 3671 2996; x_wconf 81' lang='lat' dir='ltr'><strong>dogmatum,</strong></span> 
     </span>
    </p>
   </div>
   <div class='ocr_carea' id='block_1_78' title="bbox 2030 2994 3677 3082">
    <p class='ocr_par' dir='ltr' id='par_1_78' title="bbox 2030 2994 3677 3082">
     <span class='ocr_line' id='line_1_78' title="bbox 2030 2994 3677 3082; baseline -0.008 -19"><span class='ocrx_word' id='word_1_537' title='bbox 2030 3003 2229 3063; x_wconf 89' lang='lat' dir='ltr'><strong>omnis</strong></span> <span class='ocrx_word' id='word_1_538' title='bbox 2258 3002 2361 3081; x_wconf 92' lang='lat' dir='ltr'><strong>qui</strong></span> <span class='ocrx_word' id='word_1_539' title='bbox 2391 2994 3161 3082; x_wconf 84' lang='lat' dir='ltr'><strong>nominatnomenDomiui,</strong></span> <span class='ocrx_word' id='word_1_540' title='bbox 3187 2999 3341 3061; x_wconf 89' lang='lat' dir='ltr'><strong>sicut</strong></span> <span class='ocrx_word' id='word_1_541' title='bbox 3361 2994 3677 3056; x_wconf 88' lang='lat' dir='ltr'><strong>nominare</strong></span> 
     </span>
    </p>
   </div>
   <div class='ocr_carea' id='block_1_79' title="bbox 2033 3082 3679 3174">
    <p class='ocr_par' dir='ltr' id='par_1_79' title="bbox 2033 3082 3679 3174">
     <span class='ocr_line' id='line_1_79' title="bbox 2033 3082 3679 3174; baseline -0.008 -22"><span class='ocrx_word' id='word_1_542' title='bbox 2033 3098 2286 3171; x_wconf 91' lang='lat' dir='ltr'><strong>oportet.</strong></span> <span class='ocrx_word' id='word_1_543' title='bbox 2309 3089 2456 3153; x_wconf 90' lang='lat' dir='ltr'><strong>Nam</strong></span> <span class='ocrx_word' id='word_1_544' title='bbox 2481 3093 2581 3174; x_wconf 89' lang='lat' dir='ltr'><strong>qui</strong></span> <span class='ocrx_word' id='word_1_545' title='bbox 2599 3092 2779 3154; x_wconf 86' lang='lat' dir='ltr'><strong>veluti</strong></span> <span class='ocrx_word' id='word_1_546' title='bbox 2802 3092 3095 3153; x_wconf 81' lang='lat' dir='ltr'><strong>columnae</strong></span> <span class='ocrx_word' id='word_1_547' title='bbox 3115 3088 3382 3171; x_wconf 80' lang='lat' dir='ltr'><strong>quaedam</strong></span> <span class='ocrx_word' id='word_1_548' title='bbox 3400 3082 3679 3174; x_wconf 66' lang='lat' dir='ltr'><strong>animatae</strong></span> 
     </span>
    </p>
   </div>
   <div class='ocr_carea' id='block_1_80' title="bbox 2036 3172 3678 3263">
    <p class='ocr_par' dir='ltr' id='par_1_80' title="bbox 2036 3172 3678 3263">
     <span class='ocr_line' id='line_1_80' title="bbox 2036 3172 3678 3263; baseline -0.007 -22"><span class='ocrx_word' id='word_1_549' title='bbox 2036 3179 2366 3260; x_wconf 85' lang='lat' dir='ltr'><strong>persistunt</strong></span> <span class='ocrx_word' id='word_1_550' title='bbox 2392 3172 2759 3263; x_wconf 80' lang='lat' dir='ltr'><strong>immobiles,</strong></span> <span class='ocrx_word' id='word_1_551' title='bbox 2790 3182 2897 3243; x_wconf 91' lang='lat' dir='ltr'><strong>has</strong></span> <span class='ocrx_word' id='word_1_552' title='bbox 2924 3181 2987 3243; x_wconf 91' lang='lat' dir='ltr'><strong>in</strong></span> <span class='ocrx_word' id='word_1_553' title='bbox 3019 3180 3142 3242; x_wconf 90' lang='lat' dir='ltr'><strong>suis</strong></span> <span class='ocrx_word' id='word_1_554' title='bbox 3171 3175 3453 3259; x_wconf 89' lang='lat' dir='ltr'><strong>operibus</strong></span> <span class='ocrx_word' id='word_1_555' title='bbox 3481 3172 3678 3233; x_wconf 91' lang='lat' dir='ltr'><strong>ferunt</strong></span> 
     </span>
    </p>
   </div>
   <div class='ocr_carea' id='block_1_81' title="bbox 2033 3268 2476 3349">
    <p class='ocr_par' dir='ltr' id='par_1_81' title="bbox 2033 3268 2476 3349">
     <span class='ocr_line' id='line_1_81' title="bbox 2033 3268 2476 3349; baseline 0.005 -19"><span class='ocrx_word' id='word_1_556' title='bbox 2033 3268 2476 3349; x_wconf 79' lang='lat' dir='ltr'><strong>in3criptiones.</strong></span> 
     </span>
    </p>
   </div>
   <div class='ocr_carea' id='block_1_82' title="bbox 2114 3355 3675 3439">
    <p class='ocr_par' dir='ltr' id='par_1_82' title="bbox 2114 3355 3675 3439">
     <span class='ocr_line' id='line_1_82' title="bbox 2114 3355 3675 3439; baseline -0.009 -21"><span class='ocrx_word' id='word_1_557' title='bbox 2114 3355 2187 3431; x_wconf 90' lang='lat' dir='ltr'><strong>II,</strong></span> <span class='ocrx_word' id='word_1_558' title='bbox 2207 3358 2309 3434; x_wconf 72' lang='lat'><strong>20,</strong></span> <span class='ocrx_word' id='word_1_559' title='bbox 2327 3362 2426 3423; x_wconf 72' lang='lat'><strong>21.</strong></span> <span class='ocrx_word' id='word_1_560' title='bbox 2454 3360 2756 3423; x_wconf 67' lang='lat' dir='ltr'><strong>Caeterum</strong></span> <span class='ocrx_word' id='word_1_561' title='bbox 2778 3359 2845 3420; x_wconf 80' lang='lat' dir='ltr'><strong>in</strong></span> <span class='ocrx_word' id='word_1_562' title='bbox 2861 3375 3086 3439; x_wconf 83' lang='lat' dir='ltr'><strong>magna</strong></span> <span class='ocrx_word' id='word_1_563' title='bbox 3110 3359 3285 3421; x_wconf 87' lang='lat' dir='ltr'><strong>domo</strong></span> <span class='ocrx_word' id='word_1_564' title='bbox 3305 3372 3424 3416; x_wconf 81' lang='lat' dir='ltr'><strong>non</strong></span> <span class='ocrx_word' id='word_1_565' title='bbox 3438 3355 3675 3414; x_wconf 83' lang='lat' dir='ltr'><strong>tantum</strong></span> 
     </span>
    </p>
   </div>
   <div class='ocr_carea' id='block_1_83' title="bbox 2032 3448 3679 3529">
    <p class='ocr_par' dir='ltr' id='par_1_83' title="bbox 2032 3448 3679 3529">
     <span class='ocr_line' id='line_1_83' title="bbox 2032 3448 3679 3529; baseline -0.004 -21"><span class='ocrx_word' id='word_1_566' title='bbox 2032 3454 2175 3510; x_wconf 81' lang='lat' dir='ltr'><strong>sunt</strong></span> <span class='ocrx_word' id='word_1_567' title='bbox 2186 3465 2335 3511; x_wconf 79' lang='lat' dir='ltr'><strong>vasa</strong></span> <span class='ocrx_word' id='word_1_568' title='bbox 2346 3466 2534 3511; x_wconf 84' lang='lat' dir='ltr'><strong>aurea</strong></span> <span class='ocrx_word' id='word_1_569' title='bbox 2554 3455 2611 3511; x_wconf 88' lang='lat' dir='ltr'><strong>et</strong></span> <span class='ocrx_word' id='word_1_570' title='bbox 2630 3454 3155 3528; x_wconf 79' lang='lat' dir='ltr'><strong>argentea,verun;</strong></span> <span class='ocrx_word' id='word_1_571' title='bbox 3177 3453 3359 3510; x_wconf 74' lang='lat' dir='ltr'><strong>etiam</strong></span> <span class='ocrx_word' id='word_1_572' title='bbox 3378 3448 3583 3529; x_wconf 77' lang='lat' dir='ltr'><strong>lignea</strong></span> <span class='ocrx_word' id='word_1_573' title='bbox 3604 3451 3679 3497; x_wconf 76' lang='lat' dir='ltr'><strong>ac</strong></span> 
     </span>
    </p>
   </div>
   <div class='ocr_carea' id='block_1_84' title="bbox 2034 3534 3679 3618">
    <p class='ocr_par' dir='ltr' id='par_1_84' title="bbox 2034 3534 3679 3618">
     <span class='ocr_line' id='line_1_84' title="bbox 2034 3534 3679 3618; baseline -0.003 -20"><span class='ocrx_word' id='word_1_574' title='bbox 2034 3536 2518 3599; x_wconf 63' lang='lat' dir='ltr'><strong>testaceawtalia</strong></span> <span class='ocrx_word' id='word_1_575' title='bbox 2541 3537 2784 3618; x_wconf 79' lang='lat' dir='ltr'><strong>quidem</strong></span> <span class='ocrx_word' id='word_1_576' title='bbox 2823 3538 2888 3598; x_wconf 84' lang='lat' dir='ltr'><strong>in</strong></span> <span class='ocrx_word' id='word_1_577' title='bbox 2921 3536 3228 3613; x_wconf 79' lang='lat' dir='ltr'><strong>honorem,</strong></span> <span class='ocrx_word' id='word_1_578' title='bbox 3278 3536 3405 3599; x_wconf 81' lang='lat' dir='ltr'><strong>alia</strong></span> <span class='ocrx_word' id='word_1_579' title='bbox 3424 3551 3561 3598; x_wconf 79' lang='lat' dir='ltr'><strong>vero</strong></span> <span class='ocrx_word' id='word_1_580' title='bbox 3611 3534 3679 3595; x_wconf 79' lang='lat' dir='ltr'><strong>in</strong></span> 
     </span>
    </p>
   </div>
   <div class='ocr_carea' id='block_1_85' title="bbox 2035 3625 3677 3707">
    <p class='ocr_par' dir='ltr' id='par_1_85' title="bbox 2035 3625 3677 3707">
     <span class='ocr_line' id='line_1_85' title="bbox 2035 3625 3677 3707; baseline -0.004 -18"><span class='ocrx_word' id='word_1_581' title='bbox 2035 3625 2481 3689; x_wconf 79' lang='lat' dir='ltr'><strong>contumeliam.</strong></span> <span class='ocrx_word' id='word_1_582' title='bbox 2523 3626 2598 3689; x_wconf 79' lang='lat' dir='ltr'><strong>Si</strong></span> <span class='ocrx_word' id='word_1_583' title='bbox 2622 3628 2758 3706; x_wconf 81' lang='lat' dir='ltr'><strong>quis</strong></span> <span class='ocrx_word' id='word_1_584' title='bbox 2778 3627 2970 3707; x_wconf 80' lang='lat' dir='ltr'><strong>igitur</strong></span> <span class='ocrx_word' id='word_1_585' title='bbox 3006 3629 3369 3707; x_wconf 77' lang='lat' dir='ltr'><strong>expurgarit</strong></span> <span class='ocrx_word' id='word_1_586' title='bbox 3411 3626 3677 3703; x_wconf 76' lang='lat' dir='ltr'><strong>seipsum</strong></span> 
     </span>
    </p>
   </div>
   <div class='ocr_carea' id='block_1_86' title="bbox 2035 3715 3677 3794">
    <p class='ocr_par' dir='ltr' id='par_1_86' title="bbox 2035 3715 3677 3794">
     <span class='ocr_line' id='line_1_86' title="bbox 2035 3715 3677 3794; baseline -0.002 -16"><span class='ocrx_word' id='word_1_587' title='bbox 2035 3715 2113 3779; x_wconf 86' lang='lat' dir='ltr'><strong>ab</strong></span> <span class='ocrx_word' id='word_1_588' title='bbox 2142 3716 2257 3791; x_wconf 77' lang='lat' dir='ltr'><strong>his,</strong></span> <span class='ocrx_word' id='word_1_589' title='bbox 2290 3722 2407 3778; x_wconf 82' lang='lat' dir='ltr'><strong>coit</strong></span> <span class='ocrx_word' id='word_1_590' title='bbox 2436 3733 2539 3779; x_wconf 77' lang='lat' dir='ltr'><strong>ras</strong></span> <span class='ocrx_word' id='word_1_591' title='bbox 2556 3716 2623 3779; x_wconf 80' lang='lat' dir='ltr'><strong>in</strong></span> <span class='ocrx_word' id='word_1_592' title='bbox 2651 3716 2938 3778; x_wconf 80' lang='lat' dir='ltr'><strong>honorem</strong></span> <span class='ocrx_word' id='word_1_593' title='bbox 2956 3716 3429 3794; x_wconf 74' lang='lat' dir='ltr'><strong>sanctificatum,</strong></span> <span class='ocrx_word' id='word_1_594' title='bbox 3454 3729 3677 3776; x_wconf 87' lang='lat' dir='ltr'><strong>accom-</strong></span> 
     </span>
    </p>
   </div>
   <div class='ocr_carea' id='block_1_87' title="bbox 2035 3803 3679 3886">
    <p class='ocr_par' dir='ltr' id='par_1_87' title="bbox 2035 3803 3679 3886">
     <span class='ocr_line' id='line_1_87' title="bbox 2035 3803 3679 3886; baseline -0.002 -19"><span class='ocrx_word' id='word_1_595' title='bbox 2035 3804 2288 3867; x_wconf 81' lang='lat' dir='ltr'><strong>modum</strong></span> <span class='ocrx_word' id='word_1_596' title='bbox 2343 3803 2552 3868; x_wconf 75' lang='lat' dir='ltr'><strong>usibus</strong></span> <span class='ocrx_word' id='word_1_597' title='bbox 2602 3806 2866 3886; x_wconf 75' lang='lat' dir='ltr'><strong>Domini,</strong></span> <span class='ocrx_word' id='word_1_598' title='bbox 2919 3804 2997 3868; x_wconf 84' lang='lat' dir='ltr'><strong>ad</strong></span> <span class='ocrx_word' id='word_1_599' title='bbox 3024 3822 3202 3868; x_wconf 85' lang='lat' dir='ltr'><strong>omne</strong></span> <span class='ocrx_word' id='word_1_600' title='bbox 3259 3822 3406 3886; x_wconf 82' lang='lat' dir='ltr'><strong>opus</strong></span> <span class='ocrx_word' id='word_1_601' title='bbox 3459 3804 3679 3867; x_wconf 82' lang='lat' dir='ltr'><strong>bonum</strong></span> 
     </span>
    </p>
   </div>
   <div class='ocr_carea' id='block_1_88' title="bbox 2030 3892 2479 3966">
    <p class='ocr_par' dir='ltr' id='par_1_88' title="bbox 2030 3892 2479 3966">
     <span class='ocr_line' id='line_1_88' title="bbox 2030 3892 2479 3966; baseline 0.002 -19"><span class='ocrx_word' id='word_1_602' title='bbox 2030 3892 2479 3966; x_wconf 70' lang='lat' dir='ltr'><strong>praeparatum.</strong></span> 
     </span>
    </p>
   </div>
   <div class='ocr_carea' id='block_1_89' title="bbox 2118 3974 3681 4057">
    <p class='ocr_par' dir='ltr' id='par_1_89' title="bbox 2118 3974 3681 4057">
     <span class='ocr_line' id='line_1_89' title="bbox 2118 3974 3681 4057; baseline 0.001 -22"><span class='ocrx_word' id='word_1_603' title='bbox 2118 3974 2455 4036; x_wconf 88' lang='lat' dir='ltr'><strong>Etiamnum</strong></span> <span class='ocrx_word' id='word_1_604' title='bbox 2486 3982 2624 4037; x_wconf 88' lang='lat' dir='ltr'><strong>sunt</strong></span> <span class='ocrx_word' id='word_1_605' title='bbox 2653 3975 2927 4038; x_wconf 90' lang='lat' dir='ltr'><strong>nonnulli</strong></span> <span class='ocrx_word' id='word_1_606' title='bbox 2955 3975 3055 4057; x_wconf 90' lang='lat' dir='ltr'><strong>qui</strong></span> <span class='ocrx_word' id='word_1_607' title='bbox 3086 3974 3459 4039; x_wconf 90' lang='lat' dir='ltr'><strong>admirantur</strong></span> <span class='ocrx_word' id='word_1_608' title='bbox 3498 3992 3681 4056; x_wconf 88' lang='lat' dir='ltr'><strong>quare</strong></span> 
     </span>
    </p>
   </div>
   <div class='ocr_carea' id='block_1_90' title="bbox 2038 4063 3680 4146">
    <p class='ocr_par' dir='ltr' id='par_1_90' title="bbox 2038 4063 3680 4146">
     <span class='ocr_line' id='line_1_90' title="bbox 2038 4063 3680 4146; baseline 0.001 -23"><span class='ocrx_word' id='word_1_609' title='bbox 2038 4080 2155 4124; x_wconf 89' lang='lat' dir='ltr'><strong>non</strong></span> <span class='ocrx_word' id='word_1_610' title='bbox 2188 4071 2432 4144; x_wconf 89' lang='lat' dir='ltr'><strong>pereant</strong></span> <span class='ocrx_word' id='word_1_611' title='bbox 2451 4063 2609 4127; x_wconf 87' lang='lat' dir='ltr'><strong>mali.</strong></span> <span class='ocrx_word' id='word_1_612' title='bbox 2634 4064 2703 4126; x_wconf 86' lang='lat' dir='ltr'><strong>Et</strong></span> <span class='ocrx_word' id='word_1_613' title='bbox 2724 4064 2977 4127; x_wconf 89' lang='lat' dir='ltr'><strong>dicimus</strong></span> <span class='ocrx_word' id='word_1_614' title='bbox 3000 4064 3157 4146; x_wconf 78' lang='lat' dir='ltr'><strong>quod</strong></span> <span class='ocrx_word' id='word_1_615' title='bbox 3181 4064 3680 4146; x_wconf 81' lang='lat' dir='ltr'><strong>quemadmodum</strong></span> 
     </span>
    </p>
   </div>
   <div class='ocr_carea' id='block_1_91' title="bbox 2039 4151 3679 4231">
    <p class='ocr_par' dir='ltr' id='par_1_91' title="bbox 2039 4151 3679 4231">
     <span class='ocr_line' id='line_1_91' title="bbox 2039 4151 3679 4231; baseline 0.002 -20"><span class='ocrx_word' id='word_1_616' title='bbox 2039 4151 2102 4212; x_wconf 91' lang='lat' dir='ltr'><strong>in</strong></span> <span class='ocrx_word' id='word_1_617' title='bbox 2136 4169 2348 4231; x_wconf 88' lang='lat' dir='ltr'><strong>magna</strong></span> <span class='ocrx_word' id='word_1_618' title='bbox 2399 4151 2577 4214; x_wconf 92' lang='lat' dir='ltr'><strong>domo</strong></span> <span class='ocrx_word' id='word_1_619' title='bbox 2627 4154 2787 4216; x_wconf 84' lang='lat' dir='ltr'><strong>varia</strong></span> <span class='ocrx_word' id='word_1_620' title='bbox 2808 4162 2945 4217; x_wconf 91' lang='lat' dir='ltr'><strong>sunt</strong></span> <span class='ocrx_word' id='word_1_621' title='bbox 2973 4173 3131 4230; x_wconf 87' lang='lat' dir='ltr'><strong>vasa,</strong></span> <span class='ocrx_word' id='word_1_622' title='bbox 3163 4154 3245 4216; x_wconf 90' lang='lat' dir='ltr'><strong>ita</strong></span> <span class='ocrx_word' id='word_1_623' title='bbox 3276 4163 3334 4215; x_wconf 93' lang='lat' dir='ltr'><strong>et</strong></span> <span class='ocrx_word' id='word_1_624' title='bbox 3363 4155 3423 4215; x_wconf 91' lang='lat' dir='ltr'><strong>in</strong></span> <span class='ocrx_word' id='word_1_625' title='bbox 3458 4154 3679 4216; x_wconf 91' lang='lat' dir='ltr'><strong>mundo</strong></span> 
     </span>
    </p>
   </div>
   <div class='ocr_carea' id='block_1_92' title="bbox 2038 4240 3683 4325">
    <p class='ocr_par' dir='ltr' id='par_1_92' title="bbox 2038 4240 3683 4325">
     <span class='ocr_line' id='line_1_92' title="bbox 2038 4240 3683 4325; baseline 0.002 -24"><span class='ocrx_word' id='word_1_626' title='bbox 2038 4240 2189 4303; x_wconf 87' lang='lat' dir='ltr'><strong>varii</strong></span> <span class='ocrx_word' id='word_1_627' title='bbox 2220 4252 2361 4303; x_wconf 86' lang='lat' dir='ltr'><strong>sunt</strong></span> <span class='ocrx_word' id='word_1_628' title='bbox 2390 4241 2665 4304; x_wconf 86' lang='lat' dir='ltr'><strong>homines</strong></span> <span class='ocrx_word' id='word_1_629' title='bbox 2701 4264 2714 4303; x_wconf 92' lang='lat'><strong>:</strong></span> <span class='ocrx_word' id='word_1_630' title='bbox 2751 4262 2869 4306; x_wconf 91' lang='lat' dir='ltr'><strong>non</strong></span> <span class='ocrx_word' id='word_1_631' title='bbox 2899 4242 3053 4325; x_wconf 91' lang='lat' dir='ltr'><strong>quod</strong></span> <span class='ocrx_word' id='word_1_632' title='bbox 3075 4244 3231 4306; x_wconf 90' lang='lat' dir='ltr'><strong>Deus</strong></span> <span class='ocrx_word' id='word_1_633' title='bbox 3262 4244 3341 4306; x_wconf 90' lang='lat' dir='ltr'><strong>ita</strong></span> <span class='ocrx_word' id='word_1_634' title='bbox 3371 4243 3507 4306; x_wconf 92' lang='lat' dir='ltr'><strong>illos</strong></span> <span class='ocrx_word' id='word_1_635' title='bbox 3530 4244 3683 4306; x_wconf 92' lang='lat' dir='ltr'><strong>fece-</strong></span> 
     </span>
    </p>
   </div>
   <div class='ocr_carea' id='block_1_93' title="bbox 2039 4330 3679 4415">
    <p class='ocr_par' dir='ltr' id='par_1_93' title="bbox 2039 4330 3679 4415">
     <span class='ocr_line' id='line_1_93' title="bbox 2039 4330 3679 4415; baseline 0.001 -23"><span class='ocrx_word' id='word_1_636' title='bbox 2039 4330 2148 4393; x_wconf 86' lang='lat' dir='ltr'><strong>rit:</strong></span> <span class='ocrx_word' id='word_1_637' title='bbox 2206 4330 2426 4412; x_wconf 90' lang='lat' dir='ltr'><strong>alioqui</strong></span> <span class='ocrx_word' id='word_1_638' title='bbox 2458 4331 2616 4392; x_wconf 92' lang='lat' dir='ltr'><strong>enim</strong></span> <span class='ocrx_word' id='word_1_639' title='bbox 2640 4334 2938 4414; x_wconf 89' lang='lat' dir='ltr'><strong>quomodo</strong></span> <span class='ocrx_word' id='word_1_640' title='bbox 2969 4341 3208 4415; x_wconf 88' lang='lat' dir='ltr'><strong>possent</strong></span> <span class='ocrx_word' id='word_1_641' title='bbox 3238 4350 3370 4395; x_wconf 88' lang='lat' dir='ltr'><strong>sese</strong></span> <span class='ocrx_word' id='word_1_642' title='bbox 3402 4332 3537 4393; x_wconf 89' lang='lat' dir='ltr'><strong>mali</strong></span> <span class='ocrx_word' id='word_1_643' title='bbox 3570 4351 3679 4394; x_wconf 82' lang='lat' dir='ltr'><strong>ex-</strong></span> 
     </span>
    </p>
   </div>
   <div class='ocr_carea' id='block_1_94' title="bbox 2045 4418 3685 4503">
    <p class='ocr_par' dir='ltr' id='par_1_94' title="bbox 2045 4418 3685 4503">
     <span class='ocr_line' id='line_1_94' title="bbox 2045 4418 3685 4503; baseline 0.001 -24"><span class='ocrx_word' id='word_1_644' title='bbox 2045 4418 2345 4499; x_wconf 84' lang='lat' dir='ltr'><strong>purgare?</strong></span> <span class='ocrx_word' id='word_1_645' title='bbox 2403 4437 2540 4479; x_wconf 88' lang='lat' dir='ltr'><strong>nam</strong></span> <span class='ocrx_word' id='word_1_646' title='bbox 2599 4420 2674 4497; x_wconf 83' lang='lat' dir='ltr'><strong>ob</strong></span> <span class='ocrx_word' id='word_1_647' title='bbox 2733 4421 2792 4483; x_wconf 91' lang='lat' dir='ltr'><strong>id</strong></span> <span class='ocrx_word' id='word_1_648' title='bbox 2822 4421 2982 4503; x_wconf 90' lang='lat' dir='ltr'><strong>ipsos</strong></span> <span class='ocrx_word' id='word_1_649' title='bbox 3012 4422 3069 4485; x_wconf 93' lang='lat' dir='ltr'><strong>in</strong></span> <span class='ocrx_word' id='word_1_650' title='bbox 3103 4439 3414 4501; x_wconf 85' lang='lat' dir='ltr'><strong>progressu</strong></span> <span class='ocrx_word' id='word_1_651' title='bbox 3445 4431 3685 4482; x_wconf 85' lang='lat' dir='ltr'><strong>accusat</strong></span> 
     </span>
    </p>
   </div>
   <div class='ocr_carea' id='block_1_95' title="bbox 300 4507 1950 4592">
    <p class='ocr_par' dir='ltr' id='par_1_95' title="bbox 300 4507 1950 4592">
     <span class='ocr_line' id='line_1_95' title="bbox 300 4507 1950 4592; baseline 0.008 -30"><span class='ocrx_word' id='word_1_652' title='bbox 300 4518 460 4566; x_wconf 83' lang='grc' dir='ltr'>τοῦτο</span> <span class='ocrx_word' id='word_1_653' title='bbox 504 4507 755 4586; x_wconf 82' lang='grc' dir='ltr'>ἄγοντας.</span> <span class='ocrx_word' id='word_1_654' title='bbox 793 4533 823 4566; x_wconf 72' lang='grc' dir='ltr'>ι</span> <span class='ocrx_word' id='word_1_655' title='bbox 876 4520 917 4569; x_wconf 82' lang='grc' dir='ltr'><strong>Α</strong></span> <span class='ocrx_word' id='word_1_656' title='bbox 947 4510 1003 4569; x_wconf 75' lang='grc' dir='ltr'><strong>δὲ</strong></span> <span class='ocrx_word' id='word_1_657' title='bbox 1058 4515 1131 4577; x_wconf 84' lang='grc' dir='ltr'>εἷς</span> <span class='ocrx_word' id='word_1_658' title='bbox 1161 4515 1399 4592; x_wconf 81' lang='grc' dir='ltr'>ἀτιμίαν,</span> <span class='ocrx_word' id='word_1_659' title='bbox 1433 4535 1464 4575; x_wconf 67' lang='grc' dir='ltr'>δ</span> <span class='ocrx_word' id='word_1_660' title='bbox 1520 4520 1634 4574; x_wconf 80' lang='grc' dir='ltr'>οἷον</span> <span class='ocrx_word' id='word_1_661' title='bbox 1691 4519 1757 4574; x_wconf 83' lang='grc' dir='ltr'><strong>τὰ</strong></span> <span class='ocrx_word' id='word_1_662' title='bbox 1787 4517 1950 4584; x_wconf 80' lang='grc' dir='ltr'>ξύλινα</span> 
     </span>
    </p>
   </div>
   <div class='ocr_carea' id='block_1_96' title="bbox 2036 4507 3687 4592">
    <p class='ocr_par' dir='ltr' id='par_1_96' title="bbox 2044 4507 3687 4589">
     <span class='ocr_line' id='line_1_96' title="bbox 2044 4507 3687 4589; baseline 0.001 -20"><span class='ocrx_word' id='word_1_663' title='bbox 2044 4507 2202 4587; x_wconf 89' lang='lat' dir='ltr'><strong>quod</strong></span> <span class='ocrx_word' id='word_1_664' title='bbox 2225 4507 2457 4589; x_wconf 90' lang='lat' dir='ltr'><strong>seipsos</strong></span> <span class='ocrx_word' id='word_1_665' title='bbox 2486 4508 2559 4569; x_wconf 88' lang='lat' dir='ltr'><strong>ad</strong></span> <span class='ocrx_word' id='word_1_666' title='bbox 2592 4509 2703 4571; x_wconf 91' lang='lat' dir='ltr'><strong>hoc</strong></span> <span class='ocrx_word' id='word_1_667' title='bbox 2725 4510 3098 4573; x_wconf 85' lang='lat' dir='ltr'><strong>deduxerint.</strong></span> <span class='ocrx_word' id='word_1_668' title='bbox 3127 4510 3290 4573; x_wconf 75' lang='lat' dir='ltr'><strong>«Alia</strong></span> <span class='ocrx_word' id='word_1_669' title='bbox 3311 4527 3448 4570; x_wconf 90' lang='lat' dir='ltr'><strong>vero</strong></span> <span class='ocrx_word' id='word_1_670' title='bbox 3465 4509 3524 4569; x_wconf 90' lang='lat' dir='ltr'><strong>in</strong></span> <span class='ocrx_word' id='word_1_671' title='bbox 3547 4528 3687 4570; x_wconf 92' lang='lat' dir='ltr'><strong>con-</strong></span> 
     </span>
    </p>
   </div>
   <div class='ocr_carea' id='block_1_97' title="bbox 304 4596 1954 4684">
    <p class='ocr_par' dir='ltr' id='par_1_97' title="bbox 304 4596 1954 4684">
     <span class='ocr_line' id='line_1_97' title="bbox 304 4596 1954 4684; baseline 0.008 -33"><span class='ocrx_word' id='word_1_672' title='bbox 304 4597 396 4652; x_wconf 82' lang='grc' dir='ltr'><strong>καὶ</strong></span> <span class='ocrx_word' id='word_1_673' title='bbox 427 4596 735 4677; x_wconf 81' lang='grc' dir='ltr'>ὀστράκινα.</span> <span class='ocrx_word' id='word_1_674' title='bbox 795 4623 824 4654; x_wconf 77' lang='grc' dir='ltr'>ι</span> <span class='ocrx_word' id='word_1_675' title='bbox 884 4597 1013 4660; x_wconf 72' lang='grc' dir='ltr'>Ἐὰν</span> <span class='ocrx_word' id='word_1_676' title='bbox 1069 4602 1157 4658; x_wconf 79' lang='grc' dir='ltr'>οὖν</span> <span class='ocrx_word' id='word_1_677' title='bbox 1226 4625 1305 4669; x_wconf 84' lang='grc' dir='ltr'><strong>τις</strong></span> <span class='ocrx_word' id='word_1_678' title='bbox 1362 4603 1623 4684; x_wconf 78' lang='grc' dir='ltr'>ἐκκαθάρῃ</span> <span class='ocrx_word' id='word_1_679' title='bbox 1680 4606 1889 4669; x_wconf 80' lang='grc' dir='ltr'>ἑαυτόν,</span> <span class='ocrx_word' id='word_1_680' title='bbox 1930 4632 1954 4663; x_wconf 79' lang='lat' dir='ltr'><strong>n</strong></span> 
     </span>
    </p>
   </div>
   <div class='ocr_carea' id='block_1_98' title="bbox 304 4686 1959 4769">
    <p class='ocr_par' dir='ltr' id='par_1_98' title="bbox 304 4686 1959 4769">
     <span class='ocr_line' id='line_1_98' title="bbox 304 4686 1959 4769; baseline 0.007 -28"><span class='ocrx_word' id='word_1_681' title='bbox 304 4686 363 4742; x_wconf 78' lang='grc' dir='ltr'><strong>Εἰ</strong></span> <span class='ocrx_word' id='word_1_682' title='bbox 421 4687 484 4741; x_wconf 80' lang='grc' dir='ltr'>τὸ</span> <span class='ocrx_word' id='word_1_683' title='bbox 536 4687 845 4766; x_wconf 86' lang='grc' dir='ltr'>ὀστράκινον</span> <span class='ocrx_word' id='word_1_684' title='bbox 900 4692 1041 4746; x_wconf 84' lang='grc' dir='ltr'>εἶναί</span> <span class='ocrx_word' id='word_1_685' title='bbox 1092 4713 1211 4748; x_wconf 82' lang='grc' dir='ltr'>τινα</span> <span class='ocrx_word' id='word_1_686' title='bbox 1268 4692 1456 4769; x_wconf 79' lang='grc' dir='ltr'>ἄτιμόν</span> <span class='ocrx_word' id='word_1_687' title='bbox 1510 4697 1621 4750; x_wconf 67' lang='grc' dir='ltr'>ἐστι</span> <span class='ocrx_word' id='word_1_688' title='bbox 1679 4696 1766 4751; x_wconf 86' lang='grc' dir='ltr'><strong>καὶ</strong></span> <span class='ocrx_word' id='word_1_689' title='bbox 1821 4696 1959 4753; x_wconf 85' lang='grc' dir='ltr'>ἀκά-</span> 
     </span>
    </p>
   </div>
   <div class='ocr_carea' id='block_1_99' title="bbox 297 4776 1959 4863">
    <p class='ocr_par' dir='ltr' id='par_1_99' title="bbox 297 4776 1959 4863">
     <span class='ocr_line' id='line_1_99' title="bbox 297 4776 1959 4863; baseline 0.008 -35"><span class='ocrx_word' id='word_1_690' title='bbox 297 4777 519 4853; x_wconf 88' lang='grc' dir='ltr'>θαρτον.</span> <span class='ocrx_word' id='word_1_691' title='bbox 555 4776 682 4832; x_wconf 71' lang='grc' dir='ltr'>εἶπε</span> <span class='ocrx_word' id='word_1_692' title='bbox 738 4778 862 4858; x_wconf 78' lang='grc' dir='ltr'>γὰρ,</span> <span class='ocrx_word' id='word_1_693' title='bbox 925 4776 1050 4835; x_wconf 84' lang='grc' dir='ltr'><strong>Ἐάν</strong></span> <span class='ocrx_word' id='word_1_694' title='bbox 1100 4802 1181 4844; x_wconf 89' lang='grc' dir='ltr'><strong>τις</strong></span> <span class='ocrx_word' id='word_1_695' title='bbox 1224 4782 1490 4862; x_wconf 77' lang='grc' dir='ltr'>ἐκκαθάρῃ</span> <span class='ocrx_word' id='word_1_696' title='bbox 1550 4783 1787 4863; x_wconf 57' lang='lat' dir='ltr'><strong>sum:va</strong></span> <span class='ocrx_word' id='word_1_697' title='bbox 1845 4792 1959 4851; x_wconf 85' lang='grc' dir='ltr'><strong>πῶς</strong></span> 
     </span>
    </p>
   </div>
   <div class='ocr_carea' id='block_1_100' title="bbox 295 4863 1961 4951">
    <p class='ocr_par' dir='ltr' id='par_1_100' title="bbox 295 4863 1961 4951">
     <span class='ocr_line' id='line_1_100' title="bbox 295 4863 1961 4951; baseline 0.007 -34"><span class='ocrx_word' id='word_1_698' title='bbox 295 4863 457 4927; x_wconf 68' lang='grc' dir='ltr'>αὐτὸς</span> <span class='ocrx_word' id='word_1_699' title='bbox 488 4865 609 4943; x_wconf 85' lang='grc' dir='ltr'>περὶ</span> <span class='ocrx_word' id='word_1_700' title='bbox 646 4866 753 4921; x_wconf 78' lang='grc' dir='ltr'><strong>τῶν</strong></span> <span class='ocrx_word' id='word_1_701' title='bbox 798 4865 1110 4924; x_wconf 85' lang='grc' dir='ltr'>ἀποστόλων</span> <span class='ocrx_word' id='word_1_702' title='bbox 1140 4871 1323 4950; x_wconf 77' lang='grc' dir='ltr'>φησὶν,</span> <span class='ocrx_word' id='word_1_703' title='bbox 1364 4888 1395 4930; x_wconf 86' lang='grc'><strong>(</strong></span> <span class='ocrx_word' id='word_1_704' title='bbox 1461 4879 1696 4951; x_wconf 84' lang='grc' dir='ltr'>Εχοντες</span> <span class='ocrx_word' id='word_1_705' title='bbox 1752 4871 1806 4928; x_wconf 77' lang='grc' dir='ltr'><strong>δὲ</strong></span> <span class='ocrx_word' id='word_1_706' title='bbox 1870 4876 1961 4931; x_wconf 78' lang='grc' dir='ltr'>τὸν</span> 
     </span>
    </p>
   </div>
   <div class='ocr_carea' id='block_1_101' title="bbox 295 4953 1960 5040">
    <p class='ocr_par' dir='ltr' id='par_1_101' title="bbox 295 4953 1960 5040">
     <span class='ocr_line' id='line_1_101' title="bbox 295 4953 1960 5040; baseline 0.01 -34"><span class='ocrx_word' id='word_1_707' title='bbox 295 4953 562 5030; x_wconf 73' lang='grc' dir='ltr'>θησαυρὸν</span> <span class='ocrx_word' id='word_1_708' title='bbox 658 4961 843 5011; x_wconf 74' lang='grc' dir='ltr'>τοῦτον</span> <span class='ocrx_word' id='word_1_709' title='bbox 939 4954 992 5011; x_wconf 82' lang='grc' dir='ltr'><strong>ἐν</strong></span> <span class='ocrx_word' id='word_1_710' title='bbox 1070 4958 1394 5037; x_wconf 81' lang='grc' dir='ltr'>ὀστρακίνοις</span> <span class='ocrx_word' id='word_1_711' title='bbox 1462 4960 1717 5040; x_wconf 72' lang='grc' dir='ltr'>σκεύεσις</span> <span class='ocrx_word' id='word_1_712' title='bbox 1759 4984 1781 5018; x_wconf 76' lang='grc' dir='ltr'>ιο</span> <span class='ocrx_word' id='word_1_713' title='bbox 1862 4966 1960 5022; x_wconf 81' lang='grc' dir='ltr'>Καί</span> 
     </span>
    </p>
   </div>
   <div class='ocr_carea' id='block_1_102' title="bbox 300 5040 1959 5129">
    <p class='ocr_par' dir='ltr' id='par_1_102' title="bbox 300 5040 1959 5129">
     <span class='ocr_line' id='line_1_102' title="bbox 300 5040 1959 5129; baseline 0.008 -35"><span class='ocrx_word' id='word_1_714' title='bbox 300 5061 525 5129; x_wconf 46' lang='grc' dir='ltr'>φαμεν,</span> <span class='ocrx_word' id='word_1_715' title='bbox 550 5040 632 5129; x_wconf 76' lang='grc' dir='ltr'><strong>ὅτι</strong></span> <span class='ocrx_word' id='word_1_716' title='bbox 690 5042 808 5100; x_wconf 75' lang='grc' dir='ltr'>ἐκεῖ</span> <span class='ocrx_word' id='word_1_717' title='bbox 850 5047 967 5124; x_wconf 83' lang='grc' dir='ltr'>περὶ</span> <span class='ocrx_word' id='word_1_718' title='bbox 1039 5049 1202 5114; x_wconf 77' lang='grc' dir='ltr'>αὐτης</span> <span class='ocrx_word' id='word_1_719' title='bbox 1272 5054 1372 5116; x_wconf 76' lang='grc' dir='ltr'>τῆς</span> <span class='ocrx_word' id='word_1_720' title='bbox 1442 5050 1649 5129; x_wconf 73' lang='grc' dir='ltr'>φύσεως</span> <span class='ocrx_word' id='word_1_721' title='bbox 1707 5057 1799 5113; x_wconf 75' lang='grc' dir='ltr'>τοῦ</span> <span class='ocrx_word' id='word_1_722' title='bbox 1856 5053 1959 5107; x_wconf 80' lang='grc' dir='ltr'>σώο</span> 
     </span>
    </p>
   </div>
   <div class='ocr_carea' id='block_1_103' title="bbox 298 5127 1962 5217">
    <p class='ocr_par' dir='ltr' id='par_1_103' title="bbox 298 5127 1962 5217">
     <span class='ocr_line' id='line_1_103' title="bbox 298 5127 1962 5217; baseline 0.008 -34"><span class='ocrx_word' id='word_1_723' title='bbox 298 5150 471 5205; x_wconf 83' lang='grc' dir='ltr'>ματος</span> <span class='ocrx_word' id='word_1_724' title='bbox 505 5127 831 5209; x_wconf 61' lang='grc' dir='ltr'>διὰέγεται,</span> <span class='ocrx_word' id='word_1_725' title='bbox 892 5135 996 5213; x_wconf 73' lang='grc' dir='ltr'>οὐχ</span> <span class='ocrx_word' id='word_1_726' title='bbox 1048 5137 1122 5201; x_wconf 84' lang='grc' dir='ltr'>ὡς</span> <span class='ocrx_word' id='word_1_727' title='bbox 1174 5139 1293 5217; x_wconf 80' lang='grc' dir='ltr'>περὶ</span> <span class='ocrx_word' id='word_1_728' title='bbox 1352 5127 1665 5216; x_wconf 74' lang='grc' dir='ltr'>ἀκαθάρτου,</span> <span class='ocrx_word' id='word_1_729' title='bbox 1729 5138 1848 5196; x_wconf 83' lang='grc' dir='ltr'>ἀλλ’</span> <span class='ocrx_word' id='word_1_730' title='bbox 1888 5142 1962 5206; x_wconf 82' lang='grc' dir='ltr'>ὡς</span> 
     </span>
    </p>
   </div>
   <div class='ocr_carea' id='block_1_104' title="bbox 295 5216 1959 5308">
    <p class='ocr_par' dir='ltr' id='par_1_104' title="bbox 295 5216 1959 5308">
     <span class='ocr_line' id='line_1_104' title="bbox 295 5216 1959 5308; baseline 0.008 -36"><span class='ocrx_word' id='word_1_731' title='bbox 295 5219 417 5296; x_wconf 80' lang='grc' dir='ltr'>περὶ</span> <span class='ocrx_word' id='word_1_732' title='bbox 443 5216 671 5285; x_wconf 86' lang='grc' dir='ltr'>πηλίνου</span> <span class='ocrx_word' id='word_1_733' title='bbox 719 5221 808 5276; x_wconf 83' lang='grc' dir='ltr'><strong>καὶ</strong></span> <span class='ocrx_word' id='word_1_734' title='bbox 864 5224 1082 5300; x_wconf 69' lang='grc' dir='ltr'>γηίνου.</span> <span class='ocrx_word' id='word_1_735' title='bbox 1138 5223 1232 5283; x_wconf 84' lang='grc' dir='ltr'>Ἐκ</span> <span class='ocrx_word' id='word_1_736' title='bbox 1259 5226 1457 5283; x_wconf 76' lang='grc' dir='ltr'>τούτων</span> <span class='ocrx_word' id='word_1_737' title='bbox 1515 5227 1615 5304; x_wconf 81' lang='grc' dir='ltr'>γὰρ</span> <span class='ocrx_word' id='word_1_738' title='bbox 1669 5229 1729 5283; x_wconf 82' lang='grc' dir='ltr'>τὸ</span> <span class='ocrx_word' id='word_1_739' title='bbox 1779 5229 1959 5308; x_wconf 80' lang='grc' dir='ltr'>ὄστρα-</span> 
     </span>
    </p>
   </div>
   <div class='ocr_carea' id='block_1_105' title="bbox 298 5310 1957 5396">
    <p class='ocr_par' dir='ltr' id='par_1_105' title="bbox 298 5310 1957 5396">
     <span class='ocr_line' id='line_1_105' title="bbox 298 5310 1957 5396; baseline 0.006 -33"><span class='ocrx_word' id='word_1_740' title='bbox 298 5330 416 5367; x_wconf 69' lang='grc' dir='ltr'>κον.</span> <span class='ocrx_word' id='word_1_741' title='bbox 493 5313 539 5363; x_wconf 82' lang='grc' dir='ltr'><strong><em>Η</em></strong></span> <span class='ocrx_word' id='word_1_742' title='bbox 599 5311 662 5365; x_wconf 79' lang='grc' dir='ltr'>τὸ</span> <span class='ocrx_word' id='word_1_743' title='bbox 711 5310 1023 5388; x_wconf 83' lang='grc' dir='ltr'>ὁστρακινον</span> <span class='ocrx_word' id='word_1_744' title='bbox 1099 5312 1216 5371; x_wconf 77' lang='grc' dir='ltr'>ἐκεῖ</span> <span class='ocrx_word' id='word_1_745' title='bbox 1288 5312 1454 5389; x_wconf 77' lang='grc' dir='ltr'>δέξαι,</span> <span class='ocrx_word' id='word_1_746' title='bbox 1528 5316 1602 5378; x_wconf 83' lang='grc' dir='ltr'><strong>ὡς</strong></span> <span class='ocrx_word' id='word_1_747' title='bbox 1661 5319 1792 5396; x_wconf 75' lang='grc' dir='ltr'>πρὸς</span> <span class='ocrx_word' id='word_1_748' title='bbox 1856 5318 1957 5385; x_wconf 71' lang='grc' dir='ltr'>τὴν</span> 
     </span>
    </p>
   </div>
   <div class='ocr_carea' id='block_1_106' title="bbox 295 5396 1955 5486">
    <p class='ocr_par' dir='ltr' id='par_1_106' title="bbox 295 5396 1955 5486">
     <span class='ocr_line' id='line_1_106' title="bbox 295 5396 1955 5486; baseline -0.01 -7"><span class='ocrx_word' id='word_1_749' title='bbox 295 5396 568 5486; x_wconf 51' lang='lat' dir='ltr'><strong>mw”</strong></span> <span class='ocrx_word' id='word_1_750' title='bbox 597 5407 690 5458; x_wconf 69' lang='grc' dir='ltr'><strong>τθῦ</strong></span> <span class='ocrx_word' id='word_1_751' title='bbox 745 5396 800 5455; x_wconf 56' lang='grc' dir='ltr'><strong>ἓν</strong></span> <span class='ocrx_word' id='word_1_752' title='bbox 856 5400 998 5473; x_wconf 69' lang='grc' dir='ltr'><strong>αὖτῷ</strong></span> <span class='ocrx_word' id='word_1_753' title='bbox 1044 5404 1297 5482; x_wconf 76' lang='grc' dir='ltr'>θεσαυροῦ</span> <span class='ocrx_word' id='word_1_754' title='bbox 1353 5419 1370 5435; x_wconf 85' lang='grc'><strong>⁹</strong></span> <span class='ocrx_word' id='word_1_755' title='bbox 1425 5400 1528 5459; x_wconf 82' lang='grc' dir='ltr'>ὧδε</span> <span class='ocrx_word' id='word_1_756' title='bbox 1589 5403 1769 5480; x_wconf 86' lang='grc' dir='ltr'>μέντοι</span> <span class='ocrx_word' id='word_1_757' title='bbox 1838 5408 1955 5486; x_wconf 86' lang='grc' dir='ltr'>περὶ</span> 
     </span>
    </p>
   </div>
   <div class='ocr_carea' id='block_1_107' title="bbox 301 5484 1952 5574">
    <p class='ocr_par' dir='ltr' id='par_1_107' title="bbox 301 5484 1952 5574">
     <span class='ocr_line' id='line_1_107' title="bbox 301 5484 1952 5574; baseline 0.007 -33"><span class='ocrx_word' id='word_1_758' title='bbox 301 5484 494 5565; x_wconf 77' lang='grc' dir='ltr'>ἀρετῆς</span> <span class='ocrx_word' id='word_1_759' title='bbox 592 5490 681 5545; x_wconf 84' lang='grc' dir='ltr'><strong>καὶ</strong></span> <span class='ocrx_word' id='word_1_760' title='bbox 772 5486 1102 5567; x_wconf 73' lang='grc' dir='ltr'>φαυλότητος</span> <span class='ocrx_word' id='word_1_761' title='bbox 1198 5490 1521 5571; x_wconf 79' lang='grc' dir='ltr'>διαλέγεται,</span> <span class='ocrx_word' id='word_1_762' title='bbox 1617 5484 1952 5574; x_wconf 78' lang='grc' dir='ltr'>ὀστρακίνους</span> 
     </span>
    </p>
   </div>
   <div class='ocr_carea' id='block_1_108' title="bbox 378 5662 2016 5753">
    <p class='ocr_par' dir='ltr' id='par_1_108' title="bbox 378 5662 2016 5753">
     <span class='ocr_line' id='line_1_108' title="bbox 378 5662 2016 5753; baseline 0.004 -24"><span class='ocrx_word' id='word_1_763' title='bbox 378 5662 447 5716; x_wconf 70' lang='grc'>6*</span> <span class='ocrx_word' id='word_1_764' title='bbox 477 5667 505 5729; x_wconf 93' lang='grc' dir='ltr'>Ι</span> <span class='ocrx_word' id='word_1_765' title='bbox 539 5665 677 5729; x_wconf 89' lang='lat' dir='ltr'><strong>Cor.</strong></span> <span class='ocrx_word' id='word_1_766' title='bbox 707 5683 807 5743; x_wconf 85' lang='lat' dir='ltr'><strong>xv,</strong></span> <span class='ocrx_word' id='word_1_767' title='bbox 848 5666 943 5731; x_wconf 80' lang='grc'>14.</span> <span class='ocrx_word' id='word_1_768' title='bbox 1030 5667 1060 5717; x_wconf 84' lang='lat'><strong>7</strong></span> <span class='ocrx_word' id='word_1_769' title='bbox 1088 5665 1221 5735; x_wconf 88' lang='lat' dir='ltr'><strong>Act.</strong></span> <span class='ocrx_word' id='word_1_770' title='bbox 1251 5667 1455 5753; x_wconf 64' lang='lat'><strong>1,,42.</strong></span> <span class='ocrx_word' id='word_1_771' title='bbox 1538 5667 1651 5733; x_wconf 85' lang='grc'>811</span> <span class='ocrx_word' id='word_1_772' title='bbox 1679 5669 1812 5735; x_wconf 89' lang='lat' dir='ltr'><strong>Cor.</strong></span> <span class='ocrx_word' id='word_1_773' title='bbox 1843 5687 1921 5750; x_wconf 81' lang='lat' dir='ltr'><strong>IV,</strong></span> <span class='ocrx_word' id='word_1_774' title='bbox 1961 5672 2016 5736; x_wconf 87' lang='lat'><strong>7.</strong></span> 
     </span>
    </p>
   </div>
   <div class='ocr_carea' id='block_1_109' title="bbox 2045 4594 3685 4677">
    <p class='ocr_par' dir='ltr' id='par_1_109' title="bbox 2045 4594 3685 4677">
     <span class='ocr_line' id='line_1_109' title="bbox 2045 4594 3685 4677; baseline 0.001 -23"><span class='ocrx_word' id='word_1_775' title='bbox 2045 4594 2347 4656; x_wconf 89' lang='lat' dir='ltr'><strong>tumeliam</strong></span> <span class='ocrx_word' id='word_1_776' title='bbox 2374 4614 2427 4668; x_wconf 80' lang='grc'><strong>;»</strong></span> <span class='ocrx_word' id='word_1_777' title='bbox 2459 4595 2570 4657; x_wconf 88' lang='lat' dir='ltr'><strong>hoc</strong></span> <span class='ocrx_word' id='word_1_778' title='bbox 2606 4603 2718 4672; x_wconf 88' lang='lat' dir='ltr'><strong>est,</strong></span> <span class='ocrx_word' id='word_1_779' title='bbox 2760 4597 2955 4677; x_wconf 83' lang='lat' dir='ltr'><strong>lignea</strong></span> <span class='ocrx_word' id='word_1_780' title='bbox 2977 4616 3044 4660; x_wconf 91' lang='lat' dir='ltr'><strong>ac</strong></span> <span class='ocrx_word' id='word_1_781' title='bbox 3078 4606 3359 4659; x_wconf 79' lang='lat' dir='ltr'><strong>tesmcea.</strong></span> <span class='ocrx_word' id='word_1_782' title='bbox 3399 4620 3426 4651; x_wconf 73' lang='grc' dir='ltr'><strong>α</strong></span> <span class='ocrx_word' id='word_1_783' title='bbox 3461 4594 3525 4657; x_wconf 90' lang='lat' dir='ltr'><strong>Si</strong></span> <span class='ocrx_word' id='word_1_784' title='bbox 3554 4595 3685 4677; x_wconf 90' lang='lat' dir='ltr'><strong>quis</strong></span> 
     </span>
    </p>
   </div>
   <div class='ocr_carea' id='block_1_110' title="bbox 2041 4682 3685 4768">
    <p class='ocr_par' dir='ltr' id='par_1_110' title="bbox 2041 4682 3685 4768">
     <span class='ocr_line' id='line_1_110' title="bbox 2041 4682 3685 4768; baseline 0.002 -25"><span class='ocrx_word' id='word_1_785' title='bbox 2041 4682 2223 4762; x_wconf 85' lang='lat' dir='ltr'><strong>igitur</strong></span> <span class='ocrx_word' id='word_1_786' title='bbox 2253 4686 2668 4765; x_wconf 80' lang='lat' dir='ltr'><strong>expurgaverit</strong></span> <span class='ocrx_word' id='word_1_787' title='bbox 2724 4687 3011 4768; x_wconf 88' lang='lat' dir='ltr'><strong>seipsum.</strong></span> <span class='ocrx_word' id='word_1_788' title='bbox 3046 4711 3069 4742; x_wconf 75' lang='grc' dir='ltr'>»ι</span> <span class='ocrx_word' id='word_1_789' title='bbox 3108 4684 3167 4748; x_wconf 92' lang='lat' dir='ltr'><strong>Si</strong></span> <span class='ocrx_word' id='word_1_790' title='bbox 3203 4694 3520 4747; x_wconf 59' lang='lat' dir='ltr'><strong>testaceum</strong></span> <span class='ocrx_word' id='word_1_791' title='bbox 3554 4704 3685 4747; x_wconf 89' lang='lat' dir='ltr'><strong>esse</strong></span> 
     </span>
    </p>
   </div>
   <div class='ocr_carea' id='block_1_111' title="bbox 2042 4772 3682 4854">
    <p class='ocr_par' dir='ltr' id='par_1_111' title="bbox 2042 4772 3682 4854">
     <span class='ocr_line' id='line_1_111' title="bbox 2042 4772 3682 4854; baseline 0.002 -21"><span class='ocrx_word' id='word_1_792' title='bbox 2042 4772 2326 4854; x_wconf 89' lang='lat' dir='ltr'><strong>aliquem,</strong></span> <span class='ocrx_word' id='word_1_793' title='bbox 2359 4774 2853 4837; x_wconf 90' lang='lat' dir='ltr'><strong>contumeliosum</strong></span> <span class='ocrx_word' id='word_1_794' title='bbox 2886 4783 3048 4838; x_wconf 90' lang='lat' dir='ltr'><strong>estet</strong></span> <span class='ocrx_word' id='word_1_795' title='bbox 3075 4774 3371 4854; x_wconf 86' lang='lat' dir='ltr'><strong>impurum</strong></span> <span class='ocrx_word' id='word_1_796' title='bbox 3397 4782 3557 4852; x_wconf 87' lang='lat' dir='ltr'><strong>(nam</strong></span> <span class='ocrx_word' id='word_1_797' title='bbox 3579 4774 3682 4836; x_wconf 87' lang='lat' dir='ltr'><strong>ait.</strong></span> 
     </span>
    </p>
   </div>
   <div class='ocr_carea' id='block_1_112' title="bbox 2042 4864 3687 4949">
    <p class='ocr_par' dir='ltr' id='par_1_112' title="bbox 2042 4864 3687 4949">
     <span class='ocr_line' id='line_1_112' title="bbox 2042 4864 3687 4949; baseline -0.001 -20"><span class='ocrx_word' id='word_1_798' title='bbox 2042 4864 2105 4929; x_wconf 91' lang='lat' dir='ltr'><strong>Si</strong></span> <span class='ocrx_word' id='word_1_799' title='bbox 2136 4867 2270 4948; x_wconf 90' lang='lat' dir='ltr'><strong>quis</strong></span> <span class='ocrx_word' id='word_1_800' title='bbox 2319 4869 2731 4948; x_wconf 79' lang='lat' dir='ltr'><strong>expurgaverit</strong></span> <span class='ocrx_word' id='word_1_801' title='bbox 2780 4867 3091 4949; x_wconf 90' lang='lat' dir='ltr'><strong>seipsum),</strong></span> <span class='ocrx_word' id='word_1_802' title='bbox 3125 4866 3422 4947; x_wconf 92' lang='lat' dir='ltr'><strong>quomodo</strong></span> <span class='ocrx_word' id='word_1_803' title='bbox 3452 4867 3580 4947; x_wconf 87' lang='lat' dir='ltr'><strong>ipse</strong></span> <span class='ocrx_word' id='word_1_804' title='bbox 3611 4868 3687 4929; x_wconf 89' lang='lat' dir='ltr'><strong>de</strong></span> 
     </span>
    </p>
   </div>
   <div class='ocr_carea' id='block_1_113' title="bbox 2042 4955 3689 5037">
    <p class='ocr_par' dir='ltr' id='par_1_113' title="bbox 2042 4955 3689 5037">
     <span class='ocr_line' id='line_1_113' title="bbox 2042 4955 3689 5037; baseline 0 -20"><span class='ocrx_word' id='word_1_805' title='bbox 2042 4955 2326 5037; x_wconf 87' lang='lat' dir='ltr'><strong>apostolis</strong></span> <span class='ocrx_word' id='word_1_806' title='bbox 2357 4955 2510 5017; x_wconf 73' lang='lat' dir='ltr'><strong>dixit</strong></span> <span class='ocrx_word' id='word_1_807' title='bbox 2535 4977 2585 5017; x_wconf 70' lang='grc' dir='ltr'><strong>ιιι</strong></span> <span class='ocrx_word' id='word_1_808' title='bbox 2596 4956 2893 5019; x_wconf 85' lang='lat' dir='ltr'><strong>Habemus</strong></span> <span class='ocrx_word' id='word_1_809' title='bbox 2914 4957 3254 5018; x_wconf 90' lang='lat' dir='ltr'><strong>thesaurum</strong></span> <span class='ocrx_word' id='word_1_810' title='bbox 3271 4955 3429 5018; x_wconf 89' lang='lat' dir='ltr'><strong>hunc</strong></span> <span class='ocrx_word' id='word_1_811' title='bbox 3456 4956 3516 5017; x_wconf 90' lang='lat' dir='ltr'><strong>in</strong></span> <span class='ocrx_word' id='word_1_812' title='bbox 3536 4955 3689 5017; x_wconf 82' lang='lat' dir='ltr'><strong>vasis</strong></span> 
     </span>
    </p>
   </div>
   <div class='ocr_carea' id='block_1_114' title="bbox 2043 5042 3689 5126">
    <p class='ocr_par' dir='ltr' id='par_1_114' title="bbox 2043 5042 3689 5126">
     <span class='ocr_line' id='line_1_114' title="bbox 2043 5042 3689 5126; baseline 0.001 -21"><span class='ocrx_word' id='word_1_813' title='bbox 2043 5042 2317 5106; x_wconf 83' lang='lat' dir='ltr'><strong>testaceis</strong></span> <span class='ocrx_word' id='word_1_814' title='bbox 2337 5045 2370 5095; x_wconf 88' lang='grc'>8</span> <span class='ocrx_word' id='word_1_815' title='bbox 2393 5043 2419 5106; x_wconf 83' lang='lat'><strong>?</strong></span> <span class='ocrx_word' id='word_1_816' title='bbox 2441 5043 2512 5105; x_wconf 91' lang='lat' dir='ltr'><strong>Et</strong></span> <span class='ocrx_word' id='word_1_817' title='bbox 2542 5044 2821 5123; x_wconf 76' lang='lat' dir='ltr'><strong>dicimus,</strong></span> <span class='ocrx_word' id='word_1_818' title='bbox 2868 5045 3025 5124; x_wconf 90' lang='lat' dir='ltr'><strong>quod</strong></span> <span class='ocrx_word' id='word_1_819' title='bbox 3050 5044 3132 5105; x_wconf 91' lang='lat' dir='ltr'><strong>ibi</strong></span> <span class='ocrx_word' id='word_1_820' title='bbox 3154 5044 3227 5105; x_wconf 93' lang='lat' dir='ltr'><strong>de</strong></span> <span class='ocrx_word' id='word_1_821' title='bbox 3261 5043 3389 5125; x_wconf 89' lang='lat' dir='ltr'><strong>ipsa</strong></span> <span class='ocrx_word' id='word_1_822' title='bbox 3420 5044 3689 5126; x_wconf 81' lang='lat' dir='ltr'><strong>corporis</strong></span> 
     </span>
    </p>
   </div>
   <div class='ocr_carea' id='block_1_115' title="bbox 2044 5133 3691 5218">
    <p class='ocr_par' dir='ltr' id='par_1_115' title="bbox 2044 5133 3691 5218">
     <span class='ocr_line' id='line_1_115' title="bbox 2044 5133 3691 5218; baseline 0.002 -24"><span class='ocrx_word' id='word_1_823' title='bbox 2044 5138 2253 5195; x_wconf 89' lang='lat' dir='ltr'><strong>natura</strong></span> <span class='ocrx_word' id='word_1_824' title='bbox 2286 5133 2551 5211; x_wconf 88' lang='lat' dir='ltr'><strong>disserit,</strong></span> <span class='ocrx_word' id='word_1_825' title='bbox 2586 5152 2705 5197; x_wconf 85' lang='lat' dir='ltr'><strong>non</strong></span> <span class='ocrx_word' id='word_1_826' title='bbox 2727 5137 2895 5217; x_wconf 90' lang='lat' dir='ltr'><strong>quasi</strong></span> <span class='ocrx_word' id='word_1_827' title='bbox 2925 5134 2999 5195; x_wconf 93' lang='lat' dir='ltr'><strong>de</strong></span> <span class='ocrx_word' id='word_1_828' title='bbox 3018 5152 3084 5195; x_wconf 89' lang='lat' dir='ltr'><strong>re</strong></span> <span class='ocrx_word' id='word_1_829' title='bbox 3114 5133 3370 5215; x_wconf 90' lang='lat' dir='ltr'><strong>impura,</strong></span> <span class='ocrx_word' id='word_1_830' title='bbox 3397 5134 3501 5197; x_wconf 87' lang='lat' dir='ltr'><strong>sed</strong></span> <span class='ocrx_word' id='word_1_831' title='bbox 3525 5135 3691 5218; x_wconf 75' lang='grc' dir='ltr'><strong>ψιδεί</strong></span> 
     </span>
    </p>
   </div>
   <div class='ocr_carea' id='block_1_116' title="bbox 2043 5225 3686 5309">
    <p class='ocr_par' dir='ltr' id='par_1_116' title="bbox 2043 5225 3686 5309">
     <span class='ocr_line' id='line_1_116' title="bbox 2043 5225 3686 5309; baseline -0.001 -20"><span class='ocrx_word' id='word_1_832' title='bbox 2043 5227 2118 5289; x_wconf 90' lang='lat' dir='ltr'><strong>de</strong></span> <span class='ocrx_word' id='word_1_833' title='bbox 2151 5227 2310 5289; x_wconf 87' lang='lat' dir='ltr'><strong>lutea</strong></span> <span class='ocrx_word' id='word_1_834' title='bbox 2355 5245 2422 5288; x_wconf 92' lang='lat' dir='ltr'><strong>ac</strong></span> <span class='ocrx_word' id='word_1_835' title='bbox 2482 5236 2759 5309; x_wconf 85' lang='lat' dir='ltr'><strong>terrena;</strong></span> <span class='ocrx_word' id='word_1_836' title='bbox 2823 5245 2958 5289; x_wconf 92' lang='lat' dir='ltr'><strong>nam</strong></span> <span class='ocrx_word' id='word_1_837' title='bbox 2993 5226 3135 5289; x_wconf 89' lang='lat' dir='ltr'><strong>estis</strong></span> <span class='ocrx_word' id='word_1_838' title='bbox 3167 5225 3483 5290; x_wconf 85' lang='lat' dir='ltr'><strong>conficitur</strong></span> <span class='ocrx_word' id='word_1_839' title='bbox 3515 5238 3686 5292; x_wconf 88' lang='lat' dir='ltr'><strong>testa.</strong></span> 
     </span>
    </p>
   </div>
   <div class='ocr_carea' id='block_1_117' title="bbox 2039 5315 3689 5398">
    <p class='ocr_par' dir='ltr' id='par_1_117' title="bbox 2039 5315 3689 5398">
     <span class='ocr_line' id='line_1_117' title="bbox 2039 5315 3689 5398; baseline 0.003 -20"><span class='ocrx_word' id='word_1_840' title='bbox 2039 5317 2158 5378; x_wconf 87' lang='lat' dir='ltr'><strong>Aut</strong></span> <span class='ocrx_word' id='word_1_841' title='bbox 2189 5326 2511 5380; x_wconf 87' lang='lat' dir='ltr'><strong>testaceum</strong></span> <span class='ocrx_word' id='word_1_842' title='bbox 2544 5317 2628 5378; x_wconf 90' lang='lat' dir='ltr'><strong>ibi</strong></span> <span class='ocrx_word' id='word_1_843' title='bbox 2660 5316 2868 5398; x_wconf 89' lang='lat' dir='ltr'><strong>accipe</strong></span> <span class='ocrx_word' id='word_1_844' title='bbox 2895 5315 3053 5378; x_wconf 90' lang='lat' dir='ltr'><strong>velut</strong></span> <span class='ocrx_word' id='word_1_845' title='bbox 3080 5315 3152 5377; x_wconf 89' lang='lat' dir='ltr'><strong>ad</strong></span> <span class='ocrx_word' id='word_1_846' title='bbox 3182 5319 3689 5398; x_wconf 88' lang='lat' dir='ltr'><strong>comparationem</strong></span> 
     </span>
    </p>
   </div>
   <div class='ocr_carea' id='block_1_118' title="bbox 2041 5404 3692 5488">
    <p class='ocr_par' dir='ltr' id='par_1_118' title="bbox 2041 5404 3692 5488">
     <span class='ocr_line' id='line_1_118' title="bbox 2041 5404 3692 5488; baseline 0.003 -21"><span class='ocrx_word' id='word_1_847' title='bbox 2041 5406 2304 5469; x_wconf 89' lang='lat' dir='ltr'><strong>thesauri</strong></span> <span class='ocrx_word' id='word_1_848' title='bbox 2334 5405 2435 5487; x_wconf 91' lang='lat' dir='ltr'><strong>qui</strong></span> <span class='ocrx_word' id='word_1_849' title='bbox 2493 5405 2554 5466; x_wconf 89' lang='lat' dir='ltr'><strong>in</strong></span> <span class='ocrx_word' id='word_1_850' title='bbox 2613 5424 2684 5468; x_wconf 91' lang='lat' dir='ltr'><strong>ea</strong></span> <span class='ocrx_word' id='word_1_851' title='bbox 2742 5418 2858 5488; x_wconf 89' lang='lat' dir='ltr'><strong>est,</strong></span> <span class='ocrx_word' id='word_1_852' title='bbox 2910 5404 3011 5468; x_wconf 90' lang='lat' dir='ltr'><strong>hic</strong></span> <span class='ocrx_word' id='word_1_853' title='bbox 3060 5412 3258 5467; x_wconf 89' lang='lat' dir='ltr'><strong>autem</strong></span> <span class='ocrx_word' id='word_1_854' title='bbox 3290 5405 3364 5469; x_wconf 93' lang='lat' dir='ltr'><strong>de</strong></span> <span class='ocrx_word' id='word_1_855' title='bbox 3389 5409 3609 5473; x_wconf 90' lang='lat' dir='ltr'><strong>virtute</strong></span> <span class='ocrx_word' id='word_1_856' title='bbox 3634 5420 3692 5473; x_wconf 91' lang='lat' dir='ltr'><strong>ct</strong></span> 
     </span>
    </p>
   </div>
   <div class='ocr_carea' id='block_1_119' title="bbox 2037 5494 3691 5588">
    <p class='ocr_par' dir='ltr' id='par_1_119' title="bbox 2037 5494 3691 5588">
     <span class='ocr_line' id='line_1_119' title="bbox 2037 5494 3691 5588; baseline 0.005 -31"><span class='ocrx_word' id='word_1_857' title='bbox 2037 5494 2328 5576; x_wconf 85' lang='lat' dir='ltr'><strong>pravitate</strong></span> <span class='ocrx_word' id='word_1_858' title='bbox 2350 5494 2614 5575; x_wconf 86' lang='lat' dir='ltr'><strong>disserit,</strong></span> <span class='ocrx_word' id='word_1_859' title='bbox 2652 5504 2907 5562; x_wconf 85' lang='lat' dir='ltr'><strong>testacos</strong></span> <span class='ocrx_word' id='word_1_860' title='bbox 2953 5512 3173 5588; x_wconf 63' lang='lat' dir='ltr'><strong>vocans</strong></span> <span class='ocrx_word' id='word_1_861' title='bbox 3204 5512 3437 5583; x_wconf 89' lang='lat' dir='ltr'><strong>pravos,</strong></span> <span class='ocrx_word' id='word_1_862' title='bbox 3472 5499 3691 5587; x_wconf 83' lang='lat' dir='ltr'><strong>probos</strong></span> 
     </span>
    </p>
   </div>
   <div class='ocr_carea' id='block_1_120' title="bbox 3057 5579 3181 5617">
    <p class='ocr_par' dir='ltr' id='par_1_120' title="bbox 3057 5579 3181 5611">
     <span class='ocr_line' id='line_1_120' title="bbox 3057 5579 3181 5611; baseline -0.016 -10"><span class='ocrx_word' id='word_1_863' title='bbox 3057 5579 3127 5611; x_wconf 63' lang='grc' dir='ltr'><strong>ιη’</strong></span> <span class='ocrx_word' id='word_1_864' title='bbox 3178 5596 3181 5599; x_wconf 98' lang='grc'><strong>.</strong></span> 
     </span>
    </p>
   </div>
  </div>
