4152 6216
420 352 538 420 223

1536 357 1950 423 OECUMENII
1990 356 2284 421 TRICG/E
2327 358 2663 422 EPISGOPI

3679 351 3807 431 224,

419 492 660 555 avaritia
688 492 875 558 oritur
908 512 921 558 :
974 495 1151 575 hujus
1180 501 1375 555 autem
1402 493 1554 555 fetus
1612 498 1748 553 sunt
1801 491 1982 555 fastus
2013 499 2060 553 et

2152 493 2476 571 γεννήματα,
2510 493 2788 566 ἀλαζονεια
2840 495 2928 551 καὶ
2988 492 3312 574 ὃπερηφανία
3378 504 3498 547 εϊτα
3579 489 3639 547 ἐκ
3666 492 3793 547 τού-

422 581 725 663 supcrbia,
759 583 977 646 deinde
1010 602 1078 645 ex
1101 582 1196 644 his
1226 580 1597 662 blasphemia
1632 597 1646 642 :
1684 588 1886 643 mutuo
1905 579 2062 658 enim

426 670 541 732 sibi
577 673 799 735 haerent
822 672 974 733 mala
1005 671 1155 733 sicut
1174 680 1230 730 et
1254 670 1446 733 bona:
1485 688 1553 731 ex
1586 670 1876 732 cliaritate
1905 669 2067 732 enim

423 761 560 820 272
589 762 858 841 procedit
885 780 1061 822 omne
1123 760 1367 822 bonum.
1405 783 1428 816 ο
1467 759 1818 822 Parentibus
1848 759 2066 821 immo-

420 848 625 928 rigeri.
666 875 687 906 ι
718 849 889 911 Novit
909 852 1067 910 enim
1090 849 1273 910 fastus
1296 848 1471 910 etiam
1491 849 1776 911 adversus
1799 857 2066 911 naturam

421 939 640 1002 efferri.
681 963 704 993 α
738 937 982 1018 Ingrati.
1022 962 1046 997 ι)
1083 937 1255 999 Avari
1287 936 1463 999 etiam
1494 946 1633 1000 sunt
1652 938 1887 1017 ingrati.
1921 936 2066 999 Nam

424 1032 563 1087 tunc
590 1025 781 1086 solum
814 1025 1029 1104 gratias
1085 1034 1287 1105 agunt,
1339 1024 1575 1106 quando
1607 1042 1811 1087 eorum
1844 1041 2068 1085 concu-

419 1113 1185 1197 piscentiamimplevetint,
1213 1130 1515 1196 nunquam“
1542 1122 1741 1177 autem
1771 1117 1842 1175 ﬁt-
1872 1121 1934 1175 ut
1953 1111 2067 1194 ipsi

417 1202 733 1267 satientur.
757 1202 867 1276 Qui
884 1223 1019 1266 vero
1049 1203 1181 1264 talis
1204 1211 1294 1266 est
1326 1204 1499 1265 etiam
1524 1203 1743 1284 impius
1779 1210 1889 1266 est.
1919 1199 2065 1263 Nam

422 1291 522 1372 qui
553 1291 922 1357 benefactori
951 1292 1074 1355 Deo
1105 1293 1352 1373 gratiam
1386 1311 1505 1354 non
1536 1292 1734 1369 habet,
1769 1290 2066 1372 quomodo

419 1380 551 1443 aliis
582 1382 828 1460 gratiam
856 1382 1125 1445 referet?
1159 1407 1187 1438 α
1221 1381 1457 1444 Amoris
1483 1382 1695 1444 aﬂ‘ectu
1721 1386 2051 1442 carentes.»

2148 603 2253 637 των
2294 583 2329 650 ἡ
2386 581 2716 662 βλασφημία.
2775 580 3054 654 Ἀλλήλων
3125 582 3227 662 γὰρ
3304 578 3488 660 ἔχεται
3536 579 3604 635 τὰ
3629 580 3793 655 κακὰ,

2149 669 2326 749 ὥσπερ
2355 673 2442 740 καί
2510 673 2575 728 τὰ
2622 671 2781 734 καλά,
2845 663 2938 729 Ἐκ
2987 673 3085 749 γὰρ
3141 672 3381 750 ἀγάπης,
3426 665 3565 739 ἅπαν
3622 669 3795 726 τίκτε-

2150 780 2234 814 ται
2276 758 2463 823 καλόν,
2498 784 2525 815 ιι
2572 768 2814 819 Γονεῦσιν
2869 761 3131 823 ἀπειθεῖς,
3169 784 3197 815 ››
3273 759 3401 818 Οὖδε
3449 760 3548 840 γὰρ
3575 760 3611 827 ἡ
3636 756 3793 813 ’ἀλασ

2149 848 2342 929 ζονεία,
2386 851 2474 906 καὶ
2514 851 2648 907 κατά
2686 854 2785 919 τῆς
2839 851 3043 930 φύσεως
3100 849 3492 915 ἐλανίστασθαι.
3550 868 3588 932 ⁸(
3616 847 3798 928 Ἀχά-

2150 957 2338 1012 ριστοι.
2392 960 2416 996 ι
2465 941 2526 997 Οἱ
2594 938 2900 1019 φιλάργυροι
2959 940 3046 995 καὶ
3116 940 3426 1019 ἀχάριστοι.
3502 938 3632 998 Τότε
3700 936 3799 1014 γὰρ

2149 1023 2516 1104 εὖχαριστοῦσι
2575 1028 2757 1108 μόνον,
2856 1025 2989 1085 ὅταν
3054 1030 3226 1085 αὐτῶν
3314 1026 3644 1107 πληρώσωσι
3697 1025 3796 1091 τὴν

2145 1114 2439 1196 ἐπιθυμίαν,
2490 1114 2619 1196 ὅπερ
2687 1115 2936 1174 οὒδέποτε
3005 1115 3146 1174 ἔστιν
3200 1118 3383 1183 αὖτοὺς
3454 1119 3791 1196 κορεσθῆναι.

2150 1193 2207 1259 (Ο
2243 1201 2297 1259 δὲ
2358 1193 2617 1280 τοιοῦτος,
2702 1207 2790 1263 καί
2843 1206 3078 1272 ἀνόσιος.
3141 1199 3196 1266 Ὀ
3240 1208 3341 1286 γὰρ
3523 1193 3791 1285 ἐὐεργέτῃ

2148 1293 2263 1368 θεῷ
2291 1294 2450 1373 χάριν
2481 1294 2576 1351 οὒκ
2646 1294 2817 1377 εἰδὼς,
2877 1302 2992 1360 πῶς
3062 1296 3260 1375 ἑτέροις
3316 1295 3519 1353 ε’ἷσεται
3579 1294 3789 1375 χάρινς

2146 1403 2173 1435 ιι
2238 1391 2520 1462 Αστοργοι,
2587 1407 2615 1439 ι
2691 1388 2822 1443 Οἴον
2896 1382 3074 1464 ἄφιλοι
3167 1386 3297 1465 πρὸς
3355 1385 3475 1450 τοὺς
3542 1383 3789 1446 οἰκείους.

419 1468 544 1533 Hoc
575 1480 664 1534 est
693 1474 820 1534 sine
851 1490 1055 1534 amore
1084 1471 1407 1534 existentes
1438 1489 1575 1550 erga
1608 1488 1771 1532 suos.
1810 1494 1836 1526 ι(
1859 1468 2059 1531 Nescii

2148 1491 2171 1525 ιι
2226 1470 2507 1529 Ασπονδοι·
2549 1495 2573 1531 ο
2610 1473 2782 1541 Δηλοϊ
2810 1473 2996 1550 μηδενὶ
3022 1473 3430 1551 σπενδομένους.
3464 1470 3782 1531 ιΔιάϐολοι)

421 1559 661 1623 hederis
695 1579 710 1624 :
748 1586 773 1618 ι)
810 1561 960 1623 nulli
979 1561 1277 1625 foederati.
1308 1580 1337 1620 ‹
1359 1559 1846 1623 Calumniatores:
1876 1583 1899 1615 ι
1926 1576 2055 1620 ma-

2147 1563 2276 1617 Οἷον
2334 1563 2644 1642 κακήγοροι,
2709 1555 2777 1621 ’οο
2823 1564 2923 1643 γὰρ
2982 1561 3146 1640 μηδὲν
3190 1564 3385 1641 ἀγαθὸν
3444 1563 3617 1637 ἑαυτῴ
3672 1584 3789 1619 συν-

419 1649 618 1713 ledici.
666 1650 813 1713 Nam
863 1650 963 1733 qui
1017 1650 1132 1712 sibi
1190 1650 1409 1712 nullius
1462 1648 1607 1711 boni
1643 1648 1917 1710 conscius
1947 1654 2057 1725 est,

2145 1647 2319 1720 ειδὼς,
2405 1650 2605 1717 πάντας
2680 1650 2967 1724 διαδάλλει,
3048 1654 3218 1727 ἑαυτῷ
3291 1674 3408 1710 τινα
3462 1651 3790 1730 παραμυθίαν

418 1739 694 1802 omnibus
723 1740 1025 1803 maledicit
1053 1759 1120 1802 ac
1149 1738 1427 1809 detrahit,
1452 1737 1687 1820 sibiipsi
1708 1738 1766 1798 in
1792 1738 1905 1800 hoc
1927 1757 2060 1800 con-

2148 1737 2393 1801 ἐπτνοῶν.
2432 1762 2459 1793 α
2493 1738 2797 1818 Ἀκρατεϊς.
2833 1764 2861 1796 ι
2936 1742 3207 1814 Τουτὲστι,
3263 1740 3513 1820 γλώσσης
3563 1741 3652 1798 καὶ
3680 1761 3786 1819 γα-

416 1827 761 1893 solationem
789 1830 1051 1911 aliquam
1076 1828 1419 1891 inveniens.
1461 1848 1485 1884 ιι
1523 1827 2057 1907 Intemperantes»

416 1936 631 1998 nempe
683 1919 781 1999 qui
832 1918 1087 1998 linguam
1144 1926 1531 1998 ventremque
1581 1925 1640 1979 et
1695 1934 1765 1979 ea
1792 1935 1924 1998 qua:
1953 1915 2063 1978 sub

414 2016 621 2069 ventre
650 2016 785 2070 sunt
816 2027 933 2070 non
958 2007 1284 2070 continent.
1329 2028 1354 2065 ι
1395 2005 1675 2068 Immites.
1714 2031 1741 2062 ι
1777 2004 2067 2068 Crudeles

418 2096 858 2177 quodammodo
873 2097 1271 2159 etinhumani.
1286 2094 2058 2176 «Negligentesbonorum.»

424 2187 545 2247 Aut
574 2186 886 2268 ἀφιλάγαθοι
916 2185 1145 2249 inimici
1174 2185 1369 2247 omnis
1402 2184 1564 2247 boni.
1605 2209 1632 2240 «
1653 2183 2058 2258 Proditores,»

422 2275 698 2338 amicitiae
727 2286 784 2338 et
840 2275 1188 2339 sodalitatis.
1229 2300 1254 2330 α
1289 2274 1650 2355 Praecipites,
1688 2297 1714 2329 ao
1778 2274 1889 2335 hoc
1950 2282 2062 2348 est,

423 2365 727 2427 temerarii
761 2372 817 2426 et
847 2364 997 2427 nihil
1046 2363 1255 2426 stabile
1286 2364 1595 2425 habentes.
1629 2384 1656 2422 ‹
1690 2361 1901 2438 Inﬂati,
1944 2387 1966 2420 υ
2003 2363 2067 2423 id

418 2461 530 2533 est,
562 2453 898 2535 arrogantia
921 2454 1104 2533 pleni.
1140 2477 1166 2509 α
1192 2453 1565 2533 Voluptatum
1589 2460 1852 2513 amantes
1876 2451 2069 2532 potius

418 2561 593 2623 quam
649 2543 779 2605 Dei.
818 2568 844 2599 ››
881 2545 1325 2604 Commutantes
1385 2541 1645 2602 divinum
1708 2558 1971 2601 amorem
2005 2540 2066 2601 in

421 2641 676 2712 turpem.
697 2632 830 2713 Ipsa
851 2650 989 2693 vero
1004 2629 1239 2712 pietatis
1257 2630 1446 2692 forma
1469 2638 1527 2690 et
1547 2629 1891 2711 hypocritas
1908 2629 2068 2710 ipsos

423 2720 661 2783 exhibet
683 2730 740 2782 et
756 2721 1123 2784 seductores.
1152 2748 1169 2775 ε
1194 2718 1754 2784 Habentesformam
1770 2718 2061 2799 pietatis»

426 2808 510 2870 Ex
542 2810 638 2872 his
668 2829 799 2891 qua:
823 2810 1162 2893 loquuntur,
1202 2808 1433 2892 pietatis
1455 2808 1716 2870 cultores
1745 2807 2016 2869 videntur
2049 2829 2063 2867 :

420 2915 490 2960 ex
523 2898 615 2961 his
643 2908 837 2962 autem
870 2919 1001 2982 quae
1016 2907 1356 2981 operantur,
1386 2897 1669 2960 contrarii
1692 2896 2069 2959 sermonibus

422 2997 476 3047 et
500 2987 885 3051 inveniuntur
906 2997 965 3051 et
985 2989 1438 3050 convincuntur.
1465 2988 1573 3050 «Et
1593 2987 1703 3049 hos
1732 3003 2062 3047 aversare.»

2146 1827 2301 1905 στρὸς
2361 1829 2449 1884 καὶ
2496 1829 2600 1885 τῶν
2655 1830 2757 1886 ὑπὸ
2823 1830 3041 1897 ταύτην.
3108 1854 3135 1885 α
3166 1830 3478 1907 Ἀνήμεροι.
3530 1853 3558 1885 ι
3621 1825 3781 1903 Ὠμοί

2146 1937 2283 1979 τινες
2348 1919 2436 1974 καὶ
2505 1917 2868 1998 ἀπάνθρωποι.
2939 1942 2963 1976 ιι
3001 1917 3367 2000 Ἀιμλᾶγαθομ
3407 1942 3430 1976 ι
3483 1916 3785 1989 Τουτέστιν,

2146 2002 2324 2084 ἐχθροὶ
2391 2006 2590 2072 πάντος
2647 2007 2865 2085 ἀγαθοῦ.
2946 2030 2977 2066 ι
3020 2006 3298 2087 Προδόται.
3346 2030 3370 2065 ε
3409 2006 3630 2090 ,Φιλίας
3699 2007 3787 2062 καὶ

2146 2091 2420 2173 ἐταιρείας.
2474 2117 2501 2150 α
2535 2102 2850 2174 Προπετεϊς.
2908 2122 2931 2151 ι
2968 2102 3098 2156 Οἷον
3147 2101 3382 2176 θρασεῖς,
3405 2089 3418 2099 ’
3446 2093 3591 2155 οὖδὲν
3619 2095 3788 2172 βελη-

2144 2184 2238 2245 κὸς
2284 2181 2501 2264 ἔχοντες
2552 2208 2573 2239 ι
2611 2185 2996 2265 Τετυφωμένοι.
3037 2209 3059 2243 ι
3133 2186 3263 2244 Οἶον
3319 2184 3570 2259 ἀπονοίας
3638 2182 3786 2267 πλῇ-

2147 2293 2276 2349 ρεις.
2318 2292 2347 2330 (
2391 2272 2677 2345 Φιλήδονοι
2706 2276 2793 2332 καὶ
2842 2277 2901 2333 οὗ
2946 2274 3203 2356 φιλόθεοι.
3241 2299 3267 2331 ι
3356 2277 3415 2332 Οἱ
3471 2271 3785 2353 meum.

2149 2358 2463 2437 λασσόμενοι
2513 2363 2604 2419 τοῦ
2649 2363 2785 2420 θείου
2850 2354 3014 2422 πόθου
3055 2366 3116 2421 τὸ
3184 2364 3427 2443 αἰσχρόν.
3506 2354 3569 2420 Ἠ
3619 2360 3675 2420 δέ
3728 2384 3789 2439 γε

2151 2450 2421 2532 μόρφωσις
2451 2452 2546 2519 τῆς
2597 2452 2880 2525 εὗσεϐείας,
2925 2454 3031 2532 ,καὶ
3072 2453 3359 2532 summa;
3417 2452 3504 2509 καὶ
3556 2449 3787 2514 πλάνους

2150 2541 2335 2604 αὐτοὺς
2392 2542 2748 2620 παρατίθεται.
2839 2564 2867 2596 α
2924 2523 3174 2622 νΕχοντες
3263 2541 3533 2621 μόρφωσιν
3630 2540 3746 2597 εὒσε
3773 2573 3785 2584 ο

2150 2627 2314 2695 ϐείας.
2368 2653 2392 2687 ι
2430 2629 2515 2695 Ἐξ
2564 2634 2637 2686 ὦν
2669 2628 2935 2709 λέγουσιν,
3001 2630 3235 2693 εὐσεϐεῖς
3304 2631 3455 2701 εἰσιν,
3513 2628 3565 2694 ἐξ
3633 2632 3707 2685 ὧν
3736 2626 3788 2684 δὲ

2150 2719 2484 2798 πράττουσιν,
2559 2720 2780 2777 ἐναντίοι
2887 2728 2995 2778 τῶν
3080 2721 3253 2799 λόγων
3325 2720 3645 2797 εὕρίσκονται
3701 2719 3790 2775 καὶ

2149 2806 2484 2888 ἐλέγχονται.
2554 2832 2580 2863 α
2634 2811 2734 2868 Καὶ
2787 2810 2997 2876 τούτους
3053 2808 3369 2888 ἀποτρέπου.
3406 2828 3435 2867 ι
3511 2798 3602 2871 Ὠς
3647 2807 3788 2863 ἐκεί-

2151 2919 2293 2968 νους,
2352 2899 2469 2975 περὶ
2525 2901 2597 2954 ὧν
2654 2896 2774 2954 ἄνευ
2849 2897 3078 2966 διεξῆλθε
3135 2896 3359 2977 μᾶλλον.
3442 2895 3679 2973 Τιμοθέῳ
3734 2893 3789 2951 δὲ

2151 2991 2388 3069 γράφων,
2446 3004 2564 3054 τοῖς
2639 2992 2772 3065 μετά
2847 2991 3098 3066 Τιμόθεον
3198 2987 3560 3065 συμϐουλεύει,
3644 2988 3784 3045 ἀπο-

423 3075 931 3148 Quemadmodum
967 3087 1024 3139 et
1081 3077 1213 3138 illos
1244 3077 1318 3138 de
1350 3076 1563 3156 quibus
1595 3074 1867 3156 superius
1897 3075 2060 3136 latius

2150 3077 2424 3156 τρέπεσθαι
2496 3080 2615 3145 τοὺς
2682 3081 2967 3146 τοιούτους.
3046 3082 3120 3138 0'3
3186 3080 3285 3159 γὰρ
3369 3078 3428 3135 ἂν
3486 3080 3634 3140 οὗτος
3690 3078 3784 3140 τὰς

418 3163 721 3232 disseruit.
755 3167 1037 3231 Scribens
1094 3176 1291 3229 autem
1321 3166 1655 3239 Timotheo,
1689 3165 1783 3226 his
1807 3168 1906 3246 qui
1939 3173 2060 3246 post

2150 3166 2383 3246 ἐσχάτας
2429 3167 2630 3248 ἡμέρας
2699 3170 2859 3248 εἶχεν
2913 3169 3218 3250 ἐπιφθάσαι,
3296 3167 3433 3225 ἀλλά
3473 3168 3569 3231 τὰς
3639 3164 3782 3231 εὐθὺς

417 3253 798 3321 Timotheum
831 3257 1009 3319 futuri
1044 3263 1233 3332 erant,
1263 3255 1585 3331 consuluit,
1623 3264 1687 3316 ut
1717 3255 1862 3316 tales
1892 3272 2060 3317 aver-

2151 3258 2284 3331 μετὲι
2324 3259 2422 3324 τὴν
2475 3256 2679 3316 Παύλου
2734 3256 3004 3335 τελευτὴν,
3071 3258 3126 3314 ἐν
3195 3258 3285 3321 αἷς
3329 3256 3591 3337 περιεῖναι
3649 3254 3723 3313 ἔτι
3760 3257 3789 3311 ὁ

418 3352 711 3410 sarentur.
744 3347 951 3428 Neque
982 3346 1141 3409 enim
1176 3344 1366 3427 potuit
1394 3345 1488 3406 hic
1512 3344 1584 3406 ad
1616 3351 1917 3406 extremos
1939 3343 2060 3406 dies

2150 3346 2400 3421 Τιμόθεος
2430 3345 2676 3422 ἔμελλεν,

419 3431 751 3514 pertingere
782 3456 796 3494 τ
829 3437 931 3498 sed
966 3455 1067 3498 eos
1099 3453 1413 3517 possumus
1443 3433 1619 3495 etiam
1649 3434 1985 3513 intelligere
2014 3432 2134 3495 dici
2163 3435 2589 3516 extremos,qui
2627 3433 2791 3497 Pauli
2821 3434 3127 3497 interitum
3154 3433 3352 3497 statim
3383 3440 3586 3497 essent
3606 3451 3784 3497 secu-

415 3523 552 3598 turi,
589 3524 649 3585 in
682 3525 898 3607 quibus
925 3525 1272 3588 Timotheus
1300 3524 1496 3585 adhuc
1527 3532 1828 3604 superstes
1860 3523 2090 3584 futurus
2121 3531 2268 3586 erat.

494 3611 593 3689 III,
627 3617 666 3676 6
689 3615 743 3677 -9
766 3616 868 3677 Ea:
899 3617 993 3679 his
1014 3616 1175 3677 enim
1196 3620 1339 3677 sunt
1378 3619 1486 3694 qui
1507 3613 1766 3675 subeunt
1788 3615 1851 3674 in
1870 3612 2027 3691 fami
2042 3646 2060 3658 -

417 3706 559 3787 lius,
574 3714 627 3767 et
648 3709 917 3787 captivas
930 3708 1157 3771 ducunt
1170 3704 1561 3770 mulierculas
1573 3712 1849 3768 oneratas
1858 3722 2064 3785 perca-

414 3795 515 3867 tis,
537 3812 670 3875 quae
691 3797 1004 3859 ducuntur
1023 3796 1526 3876 concupiscentiis
1546 3797 1744 3858 variis
1775 3815 1790 3856 :
1824 3812 2061 3875 semper

412 3882 844 3958 discentesmec
855 3902 1121 3964 unquam
1135 3883 1219 3945 ad
1234 3887 1636 3964 cognitionem
1654 3885 1931 3946 veritatis
1951 3899 2057 3945 ve-

416 3972 551 4033 nire
561 3971 843 4034 valentes.
856 3973 1373 4046 Quemadmodum
1393 3975 1553 4034 enim
1566 3971 1796 4034 Janncs
1812 3979 1867 4033 et
1882 3973 2057 4034 Jam-

417 4059 547 4120 brcs
569 4061 929 4124 resistebant
966 4060 1138 4134 Mosi,
1182 4062 1268 4122 ita
1308 4070 1360 4122 et
1382 4063 1448 4123 hi
1470 4064 1755 4123 resistunt
1774 4061 2054 4122 veritati:

414 4148 680 4211 homines
703 4157 906 4212 mente
925 4154 1224 4229 corrupti,
1249 4150 1495 4228 reprobi
1513 4151 1671 4211 circa
1710 4149 1913 4229 ﬁdem,
1952 4148 2059 4210 sed

417 4252 541 4298 non
558 4237 874 4318 proﬁcient
922 4239 1209 4320 amplius.
1238 4238 1569 4319 Siquidem
1592 4239 1863 4300 amentia
1892 4242 2052 4317 ipso-

413 4341 553 4387 rum
586 4327 830 4391 evidens
857 4330 979 4391 erit
1035 4328 1335 4400 omnibus,
1369 4328 1527 4390 sicut
1558 4335 1613 4389 et
1644 4327 1888 4389 illorum
1909 4327 2055 4405 fuit.

498 4595 918 4659 Animadverte
966 4597 1262 4679 quomodo
1319 4602 1614 4657 secretum
1674 4612 1881 4658 eorum
1919 4594 2058 4655 273

413 4686 912 4768 etimpudentiam
940 4685 1294 4748 insidiarum
1322 4682 1806 4748 manifeslaverit.
1825 4683 2055 4746 dicens:

419 4801 442 4833 α
483 4777 593 4849 Qui
622 4776 879 4839 subeunt
907 4784 963 4838 et
987 4774 1241 4856 captivas
1264 4773 1480 4835 ducant
1501 4771 1882 4834 mulierculas
1909 4789 2060 4832 one-

410 4874 566 4927 ratas
597 4865 856 4946 peccatis
918 4890 942 4923 ι»
980 4865 1162 4929 Vides
1194 4882 1297 4925 eos
1354 4862 1559 4926 fraude
1617 4861 1701 4922 uti
1731 4860 2051 4941 serpentis,

409 4972 522 5035 qua
554 4953 654 5017 ille
684 4956 964 5017 adversus
984 4954 1170 5016 Adam
1192 4970 1330 5015 usus
1367 4950 1505 5013 est?
1532 4949 1868 5013 Verisimile
1895 4947 2051 5009 enim

410 5051 538 5104 erat
568 5051 627 5105 et
658 5044 766 5105 hos
821 5062 927 5124 per
982 5042 1268 5104 mulieres
1326 5040 1499 5101 etiam
1534 5038 1691 5101 viros
1740 5038 2051 5101 seducere.

409 5131 627 5195 Dicens
658 5143 853 5197 autem
893 5150 906 5195 :
940 5130 1348 5205 Mulierculas,
1371 5129 1564 5192 solum
1593 5128 1783 5190 innuit
1803 5126 2056 5189 facilita-

412 5231 526 5282 tem
544 5222 614 5283 ad
635 5222 1075 5302 deceptionem.
1092 5219 1360 5298 Quiergo
1381 5218 1700 5289 seducitur,
1722 5233 2055 5298 quanquam

409 5308 460 5369 is
492 5309 669 5371 fuerit
701 5313 811 5387 vir,
856 5310 1006 5373 nihil
1033 5313 1090 5370 in
1113 5311 1226 5371 hoc
1250 5327 1283 5369 a
1324 5307 1571 5370 muliere
1594 5306 1812 5381 ditl‘ert,
1849 5324 1959 5367 nec
1989 5323 2059 5367 ea

410 5400 783 5478 praestantior
813 5409 921 5463 est.
948 5399 1115 5472 Quod
1148 5416 1286 5460 vero
1323 5395 1562 5460 subdit:
1596 5397 1890 5461 Oneratas
1914 5413 2056 5477 pec-

409 5485 577 5562 catis,
616 5488 1057 5550 multitudinem
1092 5487 1361 5566 designat
1387 5504 1455 5547 ac
1476 5485 1881 5548 confusionem
1918 5502 2059 5565 pec-

408 5583 697 5638 catorum.
713 5576 840 5639 Non
853 5576 1011 5639 enim
1032 5575 1504 5657 qualescunque.
1526 5574 1742 5657 inquit,
1767 5573 2062 5636 seducunt

411 5663 691 5734 mulieres
710 5665 870 5749 (nam
889 5671 1025 5729 sunt
1037 5671 1094 5728 et
1110 5663 1392 5728 mulieres
1408 5662 1594 5727 virilis
1607 5673 2062 5745 natura:,quem-

2231 3636 2259 3668 α
2293 3611 2388 3669 Ἐκ
2456 3614 2652 3671 τούτων
2724 3616 2825 3694 γὰρ
2893 3617 3022 3673 εἰσιν
3083 3619 3128 3672 οἱ
3197 3612 3492 3680 ἐνδύνοντες
3560 3615 3633 3677 εἰς
3690 3615 3783 3677 τὰς

2144 3702 2360 3781 οἰκείας,
2458 3705 2536 3758 κεί
2641 3703 3121 3784 αἰχμαλωτίζοντες
3216 3704 3528 3784 γυναικάρια
3609 3724 3785 3765 σεσω-

2144 3792 2365 3868 ρευμένα
2447 3792 2747 3870 ἁμαρτίαις,
2845 3793 3079 3870 ἀγόμενα
3184 3792 3481 3868 ἐπιθυμίαις
3600 3791 3781 3848 ποικί-

2141 3877 2258 3942 λαις
2354 3880 2578 3936 πάντοτε
2675 3883 3023 3955 μανθάνοντα,
3137 3883 3224 3939 καὶ
3333 3878 3599 3957 μηδέποτε
3708 3881 3781 3942 εἷς

2140 3968 2419 4046 ἐπίγνωσιν
2503 3953 2749 4034 ἀληθείας
2859 3968 3035 4027 ἐλθεῖν
3143 3953 3423 4045 δυνάμενα.
3519 3953 3612 4027 “Ον
3666 3968 3783 4047 τρό-

2140 4079 2240 4113 πον
2323 4054 2378 4111 δὲ
2446 4054 2648 4123 Ἰαννῆς
2732 4060 2819 4114 καὶ
2894 4056 3146 4137 Ἰαμϐρῆς
3202 4058 3526 4125 ἀντέστησαν
3582 4063 3774 4132 Μωσῇ,

2141 4144 2306 4208 οὕτως
2388 4147 2476 4201 καὶ
2544 4146 2684 4202 ο”τοι
2769 4145 3097 4204 ἀνθίστανται
3153 4154 3222 4225 τῇ
3292 4146 3531 4221 ἀληθείᾳ,
3576 4144 3779 4224 ἄνθρω-

2141 4256 2231 4290 ποι
2288 4234 2703 4314 πατεφθαρμένοι
2771 4238 2863 4293 τὸν
2963 4244 3105 4317 νοῦν,
3175 4234 3417 4312 ἀδόκιμοι
3501 4237 3619 4313 περὶ
3684 4235 3782 4301 τὴν

2140 4323 2336 4387 πίστιν,
2411 4322 2539 4380 Λλλ⁹
2583 4325 2641 4381 οὔ
2694 4326 3058 4404 προκόψουσιν
3128 4326 3213 4383 ἐπὶ
3269 4324 3480 4387 πλεῖον,
3539 4317 3602 4387 ἸΙ
3684 4326 3784 4404 γάρ

2075 4412 2168 4467 ι)”
2350 4411 2809 4471 ι’νν-δλξ
3010 4421 3037 4432 ~
3220 4417 3232 4431 ι
3405 4414 3679 4471 ιὴιυ

2138 4436 2287 4470 ανοια
2316 4436 2487 4470 απων
2521 4436 2578 4470 εκ
2616 4437 2643 4471 τι
2684 4437 2740 4471 0C
2812 4438 2934 4471 σται
2965 4438 3146 4471 πασιν.
3207 4438 3280 4471 ως
3336 4437 3407 4471 κα
3604 4436 3678 4471 Αεὶ

2138 4414 2287 4470 ἄνοια
2316 4414 2487 4470 αὒτιῦν
2520 4414 2740 4481 ἔκδηλος
2783 4414 2934 4472 ἔσται
2965 4421 3146 4491 πᾶσιν,
3207 4417 3280 4480 ὡς
3336 4416 3424 4471 καὶ
3478 4417 3514 4483 ἡ
3574 4414 3785 4471 ἐκείνων

2137 4502 2364 4561 ἐγένετο.
2410 4527 2436 4558 ιι

2165 4527 2364 4581 γενετο.
2410 4527 2436 4558 β

2227 4574 2346 4670 εδρα
2427 4596 2530 4655 πᾶς
2588 4593 2649 4646 τὸ
2718 4590 2973 4671 λαθραῖον
3050 4595 3222 4649 αυτῶν
3290 4594 3377 4649 καὶ
3430 4590 3780 4671 ἀναίσχυντον

2138 4684 2237 4747 τῆς
2296 4676 2578 4746 ἐπιϐουλῆς
2639 4678 2873 4750 ἐδήλωσε
2924 4679 3009 4737 διὰ
3061 4689 3176 4752 τοῦ,
3239 4700 3268 4739 ι
3305 4676 3637 4744 Εἷσδύνοντες
3694 4681 3784 4736 καὶ

2142 4767 2621 4849 αἰχμαλωτίζοντες
2717 4770 3025 4849 γυναικάρια
3129 4768 3496 4848 σεσωρευμένα
3604 4770 3777 4846 ἀμαρ-

2138 4846 2297 4920 τίαις.
2336 4881 2364 4911 ιι
2401 4846 2554 4936 Ὀρᾷς
2583 4846 2769 4921 αὖτοὺς
2812 4863 2882 4935 τῇ
2942 4846 3041 4917 *τοῦ
3108 4846 3283 4939 ὄφεως
3343 4857 3524 4933 ἀπάτῃ
3568 4877 3780 4936 κεχρη-

2139 4945 2347 5023 μένους,
2379 4948 2416 5022 ᾒ
2444 4947 2580 5002 κατά
2602 4956 2694 5006 τοῦ
2753 4945 2923 5023 Ἀδὰμ
2981 4947 3292 5028 ἐχρήσατος
3339 4946 3490 5009 Εἰκὸς
3559 4948 3660 5026 γάρ
3719 4946 3781 5014 ἦν

2136 5036 2225 5092 καὶ
2292 5035 2505 5100 τούτους
2563 5033 2648 5091 διὰ
2701 5042 2806 5093 τῶν
2875 5043 3158 5115 γυναικῶν,
3249 5036 3339 5092 καὶ
3416 5036 3537 5098 τοὺς
3594 5032 3779 5113 ἄνδρας

2136 5124 2366 5198 ἀπατᾷν,
2442 5125 2752 5204 Γυναικάρια
2808 5122 2863 5181 δὲ
2936 5126 3121 5205 εἰπὼν³
3194 5126 3350 5200 μόνον
3406 5125 3468 5180 τὸ
3522 5122 3780 5188 εὖεξαπά-

2138 5235 2300 5280 τητον
2341 5211 2573 5278 ἧνίξατο.
2624 5203 2681 5271 ’0
2741 5215 2912 5271 τοίνυν
2975 5203 3344 5289 ἀπατώμενος,
3396 5213 3495 5269 κᾶν
3534 5211 3666 5290 ἀνὴρ
3718 5210 3779 5290 ᾖ,

2140 5300 2286 5358 οὗδὲν
2315 5300 2543 5382 διαφέρει
2592 5301 2726 5357 κατὰ
2777 5310 2954 5372 τοῦτο,
3019 5301 3287 5381 γυναικός,
3359 5302 3432 5359 Τὸ
3485 5298 3565 5375 δὲ,
3595 5307 3781 5356 Σεσω-

2141 5392 2363 5472 ρευμένα
2419 5390 2719 5469 ἁμαρτίαις,
2780 5393 2840 5447 τὸ
2895 5390 3095 5460 πλῆθος
3148 5388 3309 5457 δηλοῖ
3363 5391 3450 5446 καὶ
3508 5389 3607 5456 τὴν
3650 5388 3783 5465 σύγ·

2142 5503 2298 5561 χυσιν
2322 5486 2427 5536 τῶν
2456 5480 2747 5558 ἁμαρτιῶν.
2811 5479 2882 5536 0")
2931 5480 3031 5559 γὰρ
3069 5477 3275 5552 ἅπλῶς,
3336 5479 3489 5558 φησὶ,
3520 5489 3778 5556 γυναῖκας

2141 5571 2412 5626 ἀπατῶσιν
2472 5566 2591 5646 (εἰσὶ
2661 5566 2760 5647 γὰρ
2817 5569 2904 5624 καὶ
2963 5580 3211 5646 γυναῖκες
3263 5564 3497 5645 ἀνδρείας
3539 5565 3771 5645 φύσεως,

2143 5661 2320 5741 ὥσπερ
2375 5660 2463 5717 καὶ
2520 5656 2698 5738 ἄνδρες
2783 5658 3127 5739 γυναικείας),
3208 5656 3345 5715 ἀλλά
3405 5656 3470 5714 τὰ
3527 5676 3785 5734 σεσωρευ-
