  <div class='ocr_page' id='page_1' title='image "/cluster/home/n/w/nwhite01/storage/ocr_20150623/119/hvd.32044073502494/120.png"; bbox 0 0 4152 6216; ppageno 0'>
   <div class='ocr_carea' id='block_1_1' title="bbox 344 280 471 347">
    <p class='ocr_par' dir='ltr' id='par_1_1' title="bbox 344 280 471 347">
     <span class='ocr_line' id='line_1_1' title="bbox 344 280 471 347; baseline 0 0"><span class='ocrx_word' id='word_1_1' title='bbox 344 280 471 347; x_wconf 67' lang='grc'>295</span> 
     </span>
    </p>
   </div>
   <div class='ocr_carea' id='block_1_2' title="bbox 1349 270 2772 346">
    <p class='ocr_par' dir='ltr' id='par_1_2' title="bbox 1349 270 2772 346">
     <span class='ocr_line' id='line_1_2' title="bbox 1349 270 2772 346; baseline -0.006 -3"><span class='ocrx_word' id='word_1_2' title='bbox 1349 280 1745 345; x_wconf 80' lang='lat' dir='ltr'>COMMENT.</span> <span class='ocrx_word' id='word_1_3' title='bbox 1794 280 1877 346; x_wconf 84' lang='lat' dir='ltr'>IN</span> <span class='ocrx_word' id='word_1_4' title='bbox 1920 273 2162 340; x_wconf 90' lang='lat' dir='ltr'>EPIST.</span> <span class='ocrx_word' id='word_1_5' title='bbox 2209 272 2265 334; x_wconf 92' lang='grc' dir='ltr'>ΙΙ</span> <span class='ocrx_word' id='word_1_6' title='bbox 2311 273 2411 335; x_wconf 83' lang='grc' dir='ltr'>ΑΙ)</span> <span class='ocrx_word' id='word_1_7' title='bbox 2448 270 2772 336; x_wconf 87' lang='grc' dir='ltr'>ΤΙΜΟΤΗ.</span> 
     </span>
    </p>
   </div>
   <div class='ocr_carea' id='block_1_3' title="bbox 3613 266 3733 341">
    <p class='ocr_par' dir='ltr' id='par_1_3' title="bbox 3613 266 3733 341">
     <span class='ocr_line' id='line_1_3' title="bbox 3613 266 3733 341; baseline 0 0"><span class='ocrx_word' id='word_1_8' title='bbox 3613 266 3733 341; x_wconf 68' lang='lat'>926</span> 
     </span>
    </p>
   </div>
   <div class='ocr_carea' id='block_1_4' title="bbox 345 406 2005 491">
    <p class='ocr_par' dir='ltr' id='par_1_4' title="bbox 345 408 1995 489">
     <span class='ocr_line' id='line_1_4' title="bbox 345 408 1995 489; baseline 0.002 -23"><span class='ocrx_word' id='word_1_9' title='bbox 345 412 487 487; x_wconf 82' lang='grc' dir='ltr'>μένα</span> <span class='ocrx_word' id='word_1_10' title='bbox 528 409 829 489; x_wconf 77' lang='grc' dir='ltr'>ἁμαρτίαις,</span> <span class='ocrx_word' id='word_1_11' title='bbox 854 409 996 467; x_wconf 73' lang='grc' dir='ltr'>ἔνθεν</span> <span class='ocrx_word' id='word_1_12' title='bbox 1027 409 1127 489; x_wconf 75' lang='grc' dir='ltr'>γὰρ</span> <span class='ocrx_word' id='word_1_13' title='bbox 1195 408 1385 473; x_wconf 72' lang='grc' dir='ltr'>αὐταῖς</span> <span class='ocrx_word' id='word_1_14' title='bbox 1427 410 1513 465; x_wconf 86' lang='grc' dir='ltr'>καὶ</span> <span class='ocrx_word' id='word_1_15' title='bbox 1588 410 1654 469; x_wconf 85' lang='grc' dir='ltr'>τά</span> <span class='ocrx_word' id='word_1_16' title='bbox 1721 416 1820 479; x_wconf 79' lang='grc' dir='ltr'>τῆς</span> <span class='ocrx_word' id='word_1_17' title='bbox 1849 413 1995 470; x_wconf 85' lang='grc' dir='ltr'>ἀπά-</span> 
     </span>
    </p>
   </div>
   <div class='ocr_carea' id='block_1_5' title="bbox 2089 406 3727 491">
    <p class='ocr_par' dir='ltr' id='par_1_5' title="bbox 2089 406 3727 491">
     <span class='ocr_line' id='line_1_5' title="bbox 2089 406 3727 491; baseline 0.002 -22"><span class='ocrx_word' id='word_1_18' title='bbox 2089 407 2399 470; x_wconf 80' lang='lat' dir='ltr'>admodum</span> <span class='ocrx_word' id='word_1_19' title='bbox 2451 415 2589 469; x_wconf 90' lang='lat' dir='ltr'>sunt</span> <span class='ocrx_word' id='word_1_20' title='bbox 2638 416 2699 469; x_wconf 93' lang='lat' dir='ltr'>et</span> <span class='ocrx_word' id='word_1_21' title='bbox 2742 406 2853 469; x_wconf 90' lang='lat' dir='ltr'>viri</span> <span class='ocrx_word' id='word_1_22' title='bbox 2908 406 3280 490; x_wconf 85' lang='lat' dir='ltr'>muliebres),</span> <span class='ocrx_word' id='word_1_23' title='bbox 3333 408 3439 471; x_wconf 87' lang='lat' dir='ltr'>sed</span> <span class='ocrx_word' id='word_1_24' title='bbox 3469 427 3569 472; x_wconf 88' lang='lat' dir='ltr'>eas</span> <span class='ocrx_word' id='word_1_25' title='bbox 3595 430 3727 491; x_wconf 65' lang='lat' dir='ltr'>quas</span> 
     </span>
    </p>
   </div>
   <div class='ocr_carea' id='block_1_6' title="bbox 343 497 1994 579">
    <p class='ocr_par' dir='ltr' id='par_1_6' title="bbox 343 497 1994 579">
     <span class='ocr_line' id='line_1_6' title="bbox 343 497 1994 579; baseline 0.002 -23"><span class='ocrx_word' id='word_1_26' title='bbox 343 521 475 567; x_wconf 76' lang='grc' dir='ltr'>της.</span> <span class='ocrx_word' id='word_1_27' title='bbox 523 522 550 554; x_wconf 77' lang='grc' dir='ltr'>α</span> <span class='ocrx_word' id='word_1_28' title='bbox 589 499 854 579; x_wconf 72' lang='grc' dir='ltr'>⁹Αγόμενα</span> <span class='ocrx_word' id='word_1_29' title='bbox 909 499 1230 574; x_wconf 81' lang='grc' dir='ltr'>ἐπιθυμίαις.</span> <span class='ocrx_word' id='word_1_30' title='bbox 1266 524 1290 555; x_wconf 72' lang='grc' dir='ltr'>ο</span> <span class='ocrx_word' id='word_1_31' title='bbox 1326 497 1398 557; x_wconf 72' lang='grc' dir='ltr'>Οὔ</span> <span class='ocrx_word' id='word_1_32' title='bbox 1461 503 1561 567; x_wconf 79' lang='grc' dir='ltr'>τῆς</span> <span class='ocrx_word' id='word_1_33' title='bbox 1611 500 1814 579; x_wconf 81' lang='grc' dir='ltr'>φύσεως</span> <span class='ocrx_word' id='word_1_34' title='bbox 1858 525 1994 559; x_wconf 90' lang='grc' dir='ltr'>κατ-</span> 
     </span>
    </p>
   </div>
   <div class='ocr_carea' id='block_1_7' title="bbox 344 585 1997 669">
    <p class='ocr_par' dir='ltr' id='par_1_7' title="bbox 344 585 1997 669">
     <span class='ocr_line' id='line_1_7' title="bbox 344 585 1997 669; baseline 0.002 -26"><span class='ocrx_word' id='word_1_35' title='bbox 344 588 644 669; x_wconf 87' lang='grc' dir='ltr'>ηγόρησεν,</span> <span class='ocrx_word' id='word_1_36' title='bbox 703 587 841 645; x_wconf 88' lang='grc' dir='ltr'>ἀλλά</span> <span class='ocrx_word' id='word_1_37' title='bbox 874 592 972 657; x_wconf 75' lang='grc' dir='ltr'>τῆς</span> <span class='ocrx_word' id='word_1_38' title='bbox 1040 585 1246 644; x_wconf 83' lang='grc' dir='ltr'>τοιᾶσδε</span> <span class='ocrx_word' id='word_1_39' title='bbox 1315 588 1588 666; x_wconf 85' lang='grc' dir='ltr'>γυναικός.</span> <span class='ocrx_word' id='word_1_40' title='bbox 1636 587 1888 648; x_wconf 80' lang='grc' dir='ltr'>Ἐνταῦθα</span> <span class='ocrx_word' id='word_1_41' title='bbox 1943 589 1997 648; x_wconf 78' lang='grc' dir='ltr'>δὲ</span> 
     </span>
    </p>
   </div>
   <div class='ocr_carea' id='block_1_8' title="bbox 347 675 1996 761">
    <p class='ocr_par' dir='ltr' id='par_1_8' title="bbox 347 675 1996 761">
     <span class='ocr_line' id='line_1_8' title="bbox 347 675 1996 761; baseline 0.001 -26"><span class='ocrx_word' id='word_1_42' title='bbox 347 677 570 761; x_wconf 63' lang='grc' dir='ltr'>πολλὰς</span> <span class='ocrx_word' id='word_1_43' title='bbox 587 675 799 753; x_wconf 75' lang='grc' dir='ltr'>ᾐνίξατο</span> <span class='ocrx_word' id='word_1_44' title='bbox 850 676 1147 752; x_wconf 75' lang='grc' dir='ltr'>ἐπιθυμίας.</span> <span class='ocrx_word' id='word_1_45' title='bbox 1198 677 1508 753; x_wconf 80' lang='grc' dir='ltr'>σωματικάς</span> <span class='ocrx_word' id='word_1_46' title='bbox 1564 698 1622 734; x_wconf 94' lang='grc' dir='ltr'>τε</span> <span class='ocrx_word' id='word_1_47' title='bbox 1692 681 1782 737; x_wconf 86' lang='grc' dir='ltr'>καὶ</span> <span class='ocrx_word' id='word_1_48' title='bbox 1825 685 1996 761; x_wconf 79' lang='grc' dir='ltr'>ψυχι-</span> 
     </span>
    </p>
   </div>
   <div class='ocr_carea' id='block_1_9' title="bbox 346 755 1996 849">
    <p class='ocr_par' dir='ltr' id='par_1_9' title="bbox 346 755 1996 849">
     <span class='ocr_line' id='line_1_9' title="bbox 346 755 1996 849; baseline 0.001 -24"><span class='ocrx_word' id='word_1_49' title='bbox 346 767 474 831; x_wconf 77' lang='grc' dir='ltr'>κάς,</span> <span class='ocrx_word' id='word_1_50' title='bbox 543 755 665 846; x_wconf 71' lang='grc' dir='ltr'>’δρα</span> <span class='ocrx_word' id='word_1_51' title='bbox 721 765 775 823; x_wconf 80' lang='grc' dir='ltr'>δὲ</span> <span class='ocrx_word' id='word_1_52' title='bbox 829 768 919 822; x_wconf 85' lang='grc' dir='ltr'>καὶ</span> <span class='ocrx_word' id='word_1_53' title='bbox 974 769 1060 841; x_wconf 82' lang='grc' dir='ltr'>τὸ,</span> <span class='ocrx_word' id='word_1_54' title='bbox 1120 764 1408 845; x_wconf 79' lang='grc' dir='ltr'>’Λγόμενα,</span> <span class='ocrx_word' id='word_1_55' title='bbox 1457 768 1532 831; x_wconf 85' lang='grc' dir='ltr'>ὡς</span> <span class='ocrx_word' id='word_1_56' title='bbox 1614 768 1700 826; x_wconf 86' lang='grc' dir='ltr'>ἐπὶ</span> <span class='ocrx_word' id='word_1_57' title='bbox 1764 755 1996 849; x_wconf 69' lang='grc' dir='ltr'>ἀλόγῶν.</span> 
     </span>
    </p>
   </div>
   <div class='ocr_carea' id='block_1_10' title="bbox 353 856 1997 936">
    <p class='ocr_par' dir='ltr' id='par_1_10' title="bbox 353 856 1997 936">
     <span class='ocr_line' id='line_1_10' title="bbox 353 856 1997 936; baseline 0.003 -25"><span class='ocrx_word' id='word_1_58' title='bbox 353 880 387 911; x_wconf 75' lang='grc' dir='ltr'>ι</span> <span class='ocrx_word' id='word_1_59' title='bbox 445 856 679 913; x_wconf 78' lang='grc' dir='ltr'>Πάντοτε</span> <span class='ocrx_word' id='word_1_60' title='bbox 734 857 1083 931; x_wconf 87' lang='grc' dir='ltr'>μανθάνοντα.</span> <span class='ocrx_word' id='word_1_61' title='bbox 1156 879 1183 911; x_wconf 68' lang='lat' dir='ltr'>n</span> <span class='ocrx_word' id='word_1_62' title='bbox 1258 858 1319 914; x_wconf 76' lang='grc' dir='ltr'>οὗ</span> <span class='ocrx_word' id='word_1_63' title='bbox 1375 857 1753 936; x_wconf 77' lang='grc' dir='ltr'>συγγινώσκων</span> <span class='ocrx_word' id='word_1_64' title='bbox 1811 861 1997 924; x_wconf 75' lang='grc' dir='ltr'>αὐταῖς</span> 
     </span>
    </p>
   </div>
   <div class='ocr_carea' id='block_1_11' title="bbox 347 942 2001 1026">
    <p class='ocr_par' dir='ltr' id='par_1_11' title="bbox 347 942 2001 1026">
     <span class='ocr_line' id='line_1_11' title="bbox 347 942 2001 1026; baseline 0.009 -26"><span class='ocrx_word' id='word_1_65' title='bbox 347 946 518 1006; x_wconf 79' lang='grc' dir='ltr'>ταῦτά</span> <span class='ocrx_word' id='word_1_66' title='bbox 540 967 724 1024; x_wconf 73' lang='grc' dir='ltr'>φησιν,</span> <span class='ocrx_word' id='word_1_67' title='bbox 758 944 896 1001; x_wconf 83' lang='grc' dir='ltr'>ἀλλά</span> <span class='ocrx_word' id='word_1_68' title='bbox 935 946 1023 1003; x_wconf 86' lang='grc' dir='ltr'>καὶ</span> <span class='ocrx_word' id='word_1_69' title='bbox 1092 942 1290 1025; x_wconf 72' lang='grc' dir='ltr'>σφόδρα</span> <span class='ocrx_word' id='word_1_70' title='bbox 1359 946 1722 1026; x_wconf 79' lang='grc' dir='ltr'>μεμφόμενος.</span> <span class='ocrx_word' id='word_1_71' title='bbox 1780 945 2001 1015; x_wconf 79' lang='grc' dir='ltr'>Ἐπειδῆ</span> 
     </span>
    </p>
   </div>
   <div class='ocr_carea' id='block_1_12' title="bbox 348 1033 2000 1115">
    <p class='ocr_par' dir='ltr' id='par_1_12' title="bbox 348 1033 2000 1115">
     <span class='ocr_line' id='line_1_12' title="bbox 348 1033 2000 1115; baseline 0.002 -25"><span class='ocrx_word' id='word_1_72' title='bbox 348 1036 454 1112; x_wconf 76' lang='grc' dir='ltr'>γὰρ</span> <span class='ocrx_word' id='word_1_73' title='bbox 540 1035 725 1100; x_wconf 77' lang='grc' dir='ltr'>ἑαυτὰς</span> <span class='ocrx_word' id='word_1_74' title='bbox 778 1033 1072 1114; x_wconf 77' lang='grc' dir='ltr'>ἐσώρευσαν</span> <span class='ocrx_word' id='word_1_75' title='bbox 1128 1035 1430 1114; x_wconf 80' lang='grc' dir='ltr'>ἁμαρτίαις,</span> <span class='ocrx_word' id='word_1_76' title='bbox 1516 1035 1771 1115; x_wconf 76' lang='grc' dir='ltr'>ἐπωρώθη</span> <span class='ocrx_word' id='word_1_77' title='bbox 1829 1037 2000 1093; x_wconf 74' lang='grc' dir='ltr'>αὒτῶν</span> 
     </span>
    </p>
   </div>
   <div class='ocr_carea' id='block_1_13' title="bbox 350 1121 1998 1203">
    <p class='ocr_par' dir='ltr' id='par_1_13' title="bbox 350 1121 1998 1203">
     <span class='ocr_line' id='line_1_13' title="bbox 350 1121 1998 1203; baseline 0.001 -24"><span class='ocrx_word' id='word_1_78' title='bbox 350 1123 574 1187; x_wconf 76' lang='grc' dir='ltr'>εἰκότως</span> <span class='ocrx_word' id='word_1_79' title='bbox 601 1124 637 1193; x_wconf 79' lang='grc' dir='ltr'>ἡ</span> <span class='ocrx_word' id='word_1_80' title='bbox 668 1121 890 1186; x_wconf 85' lang='grc' dir='ltr'>διάνοια,</span> <span class='ocrx_word' id='word_1_81' title='bbox 960 1145 984 1180; x_wconf 76' lang='grc' dir='ltr'>ι</span> <span class='ocrx_word' id='word_1_82' title='bbox 1020 1123 1226 1191; x_wconf 76' lang='grc' dir='ltr'>Ἰαννῆς</span> <span class='ocrx_word' id='word_1_83' title='bbox 1281 1125 1370 1181; x_wconf 89' lang='grc' dir='ltr'>καὶ</span> <span class='ocrx_word' id='word_1_84' title='bbox 1428 1123 1703 1203; x_wconf 77' lang='grc' dir='ltr'>Ἰαμϐρῆς.</span> <span class='ocrx_word' id='word_1_85' title='bbox 1741 1150 1769 1182; x_wconf 74' lang='grc' dir='ltr'>ι</span> <span class='ocrx_word' id='word_1_86' title='bbox 1847 1128 1998 1184; x_wconf 83' lang='grc' dir='ltr'>Οὗτοι</span> 
     </span>
    </p>
   </div>
   <div class='ocr_carea' id='block_1_14' title="bbox 347 1213 2001 1295">
    <p class='ocr_par' dir='ltr' id='par_1_14' title="bbox 347 1213 2001 1295">
     <span class='ocr_line' id='line_1_14' title="bbox 347 1213 2001 1295; baseline 0.002 -26"><span class='ocrx_word' id='word_1_87' title='bbox 347 1214 493 1282; x_wconf 75' lang='grc' dir='ltr'>ἦσαν</span> <span class='ocrx_word' id='word_1_88' title='bbox 521 1217 569 1270; x_wconf 77' lang='grc' dir='ltr'>οἱ</span> <span class='ocrx_word' id='word_1_89' title='bbox 599 1213 683 1270; x_wconf 77' lang='grc' dir='ltr'>ἐπὶ</span> <span class='ocrx_word' id='word_1_90' title='bbox 736 1220 828 1271; x_wconf 82' lang='grc' dir='ltr'>τοῦ</span> <span class='ocrx_word' id='word_1_91' title='bbox 883 1216 1081 1295; x_wconf 82' lang='grc' dir='ltr'>Φαραὼ</span> <span class='ocrx_word' id='word_1_92' title='bbox 1137 1215 1323 1294; x_wconf 83' lang='grc' dir='ltr'>μάγοι,</span> <span class='ocrx_word' id='word_1_93' title='bbox 1383 1221 1503 1280; x_wconf 86' lang='grc' dir='ltr'>Πῶς</span> <span class='ocrx_word' id='word_1_94' title='bbox 1532 1213 1589 1272; x_wconf 72' lang='grc' dir='ltr'>δὲ</span> <span class='ocrx_word' id='word_1_95' title='bbox 1642 1217 1710 1273; x_wconf 85' lang='grc' dir='ltr'>τά</span> <span class='ocrx_word' id='word_1_96' title='bbox 1765 1216 2001 1292; x_wconf 85' lang='grc' dir='ltr'>ὀνόματα</span> 
     </span>
    </p>
   </div>
   <div class='ocr_carea' id='block_1_15' title="bbox 353 1302 2000 1387">
    <p class='ocr_par' dir='ltr' id='par_1_15' title="bbox 353 1302 2000 1387">
     <span class='ocr_line' id='line_1_15' title="bbox 353 1302 2000 1387; baseline 0.001 -28"><span class='ocrx_word' id='word_1_97' title='bbox 353 1302 531 1359; x_wconf 77' lang='grc' dir='ltr'>αὗτῶν</span> <span class='ocrx_word' id='word_1_98' title='bbox 560 1302 674 1361; x_wconf 77' lang='grc' dir='ltr'>οἶδε</span> <span class='ocrx_word' id='word_1_99' title='bbox 701 1310 799 1372; x_wconf 77' lang='grc' dir='ltr'>τῆς</span> <span class='ocrx_word' id='word_1_100' title='bbox 830 1304 1040 1385; x_wconf 78' lang='grc' dir='ltr'>Γραφῆς</span> <span class='ocrx_word' id='word_1_101' title='bbox 1098 1305 1177 1381; x_wconf 73' lang='grc' dir='ltr'>μὴ</span> <span class='ocrx_word' id='word_1_102' title='bbox 1234 1303 1495 1384; x_wconf 82' lang='grc' dir='ltr'>λεγούσης</span> <span class='ocrx_word' id='word_1_103' title='bbox 1529 1325 1546 1387; x_wconf 67' lang='grc' dir='ltr'><strong><em>ς</em></strong></span> <span class='ocrx_word' id='word_1_104' title='bbox 1605 1306 1787 1381; x_wconf 76' lang='grc' dir='ltr'>Φαμὲν</span> <span class='ocrx_word' id='word_1_105' title='bbox 1842 1304 1922 1361; x_wconf 81' lang='grc' dir='ltr'>ὅτι</span> <span class='ocrx_word' id='word_1_106' title='bbox 1948 1303 2000 1370; x_wconf 77' lang='grc' dir='ltr'>ἐξ</span> 
     </span>
    </p>
   </div>
   <div class='ocr_carea' id='block_1_16' title="bbox 354 1391 1999 1474">
    <p class='ocr_par' dir='ltr' id='par_1_16' title="bbox 354 1391 1999 1474">
     <span class='ocr_line' id='line_1_16' title="bbox 354 1391 1999 1474; baseline 0.002 -27"><span class='ocrx_word' id='word_1_107' title='bbox 354 1393 593 1472; x_wconf 72' lang='grc' dir='ltr'>ἀγράφου</span> <span class='ocrx_word' id='word_1_108' title='bbox 660 1391 1024 1474; x_wconf 70' lang='grc' dir='ltr'>παραδόσεως,</span> <span class='ocrx_word' id='word_1_109' title='bbox 1082 1396 1118 1462; x_wconf 78' lang='grc' dir='ltr'><strong>ἡ</strong></span> <span class='ocrx_word' id='word_1_110' title='bbox 1176 1393 1237 1451; x_wconf 77' lang='grc' dir='ltr'>ἐκ</span> <span class='ocrx_word' id='word_1_111' title='bbox 1300 1395 1603 1470; x_wconf 86' lang='grc' dir='ltr'>Πνεύματος</span> <span class='ocrx_word' id='word_1_112' title='bbox 1658 1394 1807 1474; x_wconf 78' lang='grc' dir='ltr'>ἁγίου</span> <span class='ocrx_word' id='word_1_113' title='bbox 1861 1394 1999 1460; x_wconf 80' lang='grc' dir='ltr'>εἰκὸς</span> 
     </span>
    </p>
   </div>
   <div class='ocr_carea' id='block_1_17' title="bbox 350 1479 1997 1560">
    <p class='ocr_par' dir='ltr' id='par_1_17' title="bbox 350 1479 1997 1560">
     <span class='ocr_line' id='line_1_17' title="bbox 350 1479 1997 1560; baseline 0.002 -25"><span class='ocrx_word' id='word_1_114' title='bbox 350 1480 492 1548; x_wconf 73' lang='grc' dir='ltr'>ἦσαν</span> <span class='ocrx_word' id='word_1_115' title='bbox 520 1479 706 1540; x_wconf 78' lang='grc' dir='ltr'>εἰδέναι</span> <span class='ocrx_word' id='word_1_116' title='bbox 733 1484 827 1538; x_wconf 73' lang='grc' dir='ltr'>τὸν</span> <span class='ocrx_word' id='word_1_117' title='bbox 856 1481 1087 1546; x_wconf 80' lang='grc' dir='ltr'>Παῦλον,</span> <span class='ocrx_word' id='word_1_118' title='bbox 1154 1505 1183 1537; x_wconf 73' lang='grc' dir='ltr'>α</span> <span class='ocrx_word' id='word_1_119' title='bbox 1230 1484 1329 1540; x_wconf 83' lang='grc' dir='ltr'>Καὶ</span> <span class='ocrx_word' id='word_1_120' title='bbox 1371 1482 1512 1540; x_wconf 82' lang='grc' dir='ltr'>οὗτοι</span> <span class='ocrx_word' id='word_1_121' title='bbox 1569 1482 1899 1541; x_wconf 66' lang='grc' dir='ltr'>ἀνθίστανται</span> <span class='ocrx_word' id='word_1_122' title='bbox 1928 1489 1997 1560; x_wconf 78' lang='grc' dir='ltr'>τῇ</span> 
     </span>
    </p>
   </div>
   <div class='ocr_carea' id='block_1_18' title="bbox 350 1568 1998 1652">
    <p class='ocr_par' dir='ltr' id='par_1_18' title="bbox 350 1568 1998 1652">
     <span class='ocr_line' id='line_1_18' title="bbox 350 1568 1998 1652; baseline 0.001 -26"><span class='ocrx_word' id='word_1_123' title='bbox 350 1568 599 1644; x_wconf 70' lang='grc' dir='ltr'>ἀληθείᾳ.</span> <span class='ocrx_word' id='word_1_124' title='bbox 634 1594 656 1627; x_wconf 74' lang='grc' dir='ltr'>ι</span> <span class='ocrx_word' id='word_1_125' title='bbox 723 1577 803 1648; x_wconf 75' lang='grc' dir='ltr'>Τῇ</span> <span class='ocrx_word' id='word_1_126' title='bbox 870 1570 1098 1649; x_wconf 75' lang='grc' dir='ltr'>ἀληθινῇ</span> <span class='ocrx_word' id='word_1_127' title='bbox 1153 1572 1348 1637; x_wconf 80' lang='grc' dir='ltr'>πίστει,</span> <span class='ocrx_word' id='word_1_128' title='bbox 1413 1596 1441 1628; x_wconf 72' lang='grc' dir='ltr'>α</span> <span class='ocrx_word' id='word_1_129' title='bbox 1486 1570 1637 1629; x_wconf 79' lang='grc' dir='ltr'>Ἀλλ’</span> <span class='ocrx_word' id='word_1_130' title='bbox 1684 1574 1745 1630; x_wconf 72' lang='grc' dir='ltr'>οὔ</span> <span class='ocrx_word' id='word_1_131' title='bbox 1799 1570 1998 1652; x_wconf 80' lang='grc' dir='ltr'>προκέ-</span> 
     </span>
    </p>
   </div>
   <div class='ocr_carea' id='block_1_19' title="bbox 352 1657 2002 1741">
    <p class='ocr_par' dir='ltr' id='par_1_19' title="bbox 352 1657 2002 1741">
     <span class='ocr_line' id='line_1_19' title="bbox 352 1657 2002 1741; baseline -0.001 -25"><span class='ocrx_word' id='word_1_132' title='bbox 352 1663 570 1739; x_wconf 80' lang='grc' dir='ltr'>ψουσιν,</span> <span class='ocrx_word' id='word_1_133' title='bbox 631 1658 753 1718; x_wconf 85' lang='grc' dir='ltr'>Ἐπὶ</span> <span class='ocrx_word' id='word_1_134' title='bbox 841 1658 1033 1717; x_wconf 86' lang='grc' dir='ltr'>πλεῖον</span> <span class='ocrx_word' id='word_1_135' title='bbox 1107 1657 1368 1740; x_wconf 77' lang='grc' dir='ltr'>ἄνθρωποι</span> <span class='ocrx_word' id='word_1_136' title='bbox 1451 1660 1863 1741; x_wconf 73' lang='grc' dir='ltr'>κατεφθαρμένοι</span> <span class='ocrx_word' id='word_1_137' title='bbox 1909 1662 2002 1716; x_wconf 84' lang='grc' dir='ltr'>τὸν</span> 
     </span>
    </p>
   </div>
   <div class='ocr_carea' id='block_1_20' title="bbox 2078 496 3735 578">
    <p class='ocr_par' dir='ltr' id='par_1_20' title="bbox 2078 496 3735 578">
     <span class='ocr_line' id='line_1_20' title="bbox 2078 496 3735 578; baseline 0.002 -21"><span class='ocrx_word' id='word_1_138' title='bbox 2078 505 2216 559; x_wconf 67' lang='lat' dir='ltr'>sunt</span> <span class='ocrx_word' id='word_1_139' title='bbox 2240 505 2466 558; x_wconf 67' lang='lat' dir='ltr'>onustm</span> <span class='ocrx_word' id='word_1_140' title='bbox 2488 497 2769 577; x_wconf 79' lang='lat' dir='ltr'>peccatis.</span> <span class='ocrx_word' id='word_1_141' title='bbox 2798 497 2949 558; x_wconf 83' lang='lat' dir='ltr'>Hinc</span> <span class='ocrx_word' id='word_1_142' title='bbox 2989 496 3147 559; x_wconf 90' lang='lat' dir='ltr'>enim</span> <span class='ocrx_word' id='word_1_143' title='bbox 3185 497 3332 578; x_wconf 88' lang='lat' dir='ltr'>ipsis</span> <span class='ocrx_word' id='word_1_144' title='bbox 3376 499 3645 578; x_wconf 76' lang='lat' dir='ltr'>provenit</span> <span class='ocrx_word' id='word_1_145' title='bbox 3670 507 3735 560; x_wconf 89' lang='lat' dir='ltr'>ut</span> 
     </span>
    </p>
   </div>
   <div class='ocr_carea' id='block_1_21' title="bbox 2081 585 3731 668">
    <p class='ocr_par' dir='ltr' id='par_1_21' title="bbox 2081 585 3731 668">
     <span class='ocr_line' id='line_1_21' title="bbox 2081 585 3731 668; baseline 0.001 -21"><span class='ocrx_word' id='word_1_146' title='bbox 2081 585 2462 649; x_wconf 86' lang='lat' dir='ltr'>seducantur.</span> <span class='ocrx_word' id='word_1_147' title='bbox 2503 585 2678 658; x_wconf 66' lang='lat' dir='ltr'>«Quae</span> <span class='ocrx_word' id='word_1_148' title='bbox 2698 587 2996 647; x_wconf 90' lang='lat' dir='ltr'>ducuntur</span> <span class='ocrx_word' id='word_1_149' title='bbox 3013 588 3575 668; x_wconf 66' lang='lat' dir='ltr'>concupiscentiis.»</span> <span class='ocrx_word' id='word_1_150' title='bbox 3601 586 3731 650; x_wconf 86' lang='lat' dir='ltr'>Non</span> 
     </span>
    </p>
   </div>
   <div class='ocr_carea' id='block_1_22' title="bbox 2084 675 3729 754">
    <p class='ocr_par' dir='ltr' id='par_1_22' title="bbox 2084 675 3729 754">
     <span class='ocr_line' id='line_1_22' title="bbox 2084 675 3729 754; baseline 0.001 -17"><span class='ocrx_word' id='word_1_151' title='bbox 2084 685 2352 737; x_wconf 91' lang='lat' dir='ltr'>naturam</span> <span class='ocrx_word' id='word_1_152' title='bbox 2382 675 2701 749; x_wconf 87' lang='lat' dir='ltr'>accusavit,</span> <span class='ocrx_word' id='word_1_153' title='bbox 2761 676 2865 737; x_wconf 87' lang='lat' dir='ltr'>sed</span> <span class='ocrx_word' id='word_1_154' title='bbox 2912 676 3253 754; x_wconf 84' lang='lat' dir='ltr'>hujusmodi</span> <span class='ocrx_word' id='word_1_155' title='bbox 3284 675 3586 738; x_wconf 69' lang='lat' dir='ltr'>mulieres.</span> <span class='ocrx_word' id='word_1_156' title='bbox 3620 676 3729 739; x_wconf 90' lang='lat' dir='ltr'>Hic</span> 
     </span>
    </p>
   </div>
   <div class='ocr_carea' id='block_1_23' title="bbox 2082 763 3731 847">
    <p class='ocr_par' dir='ltr' id='par_1_23' title="bbox 2082 763 3731 847">
     <span class='ocr_line' id='line_1_23' title="bbox 2082 763 3731 847; baseline 0.001 -21"><span class='ocrx_word' id='word_1_157' title='bbox 2082 774 2278 826; x_wconf 92' lang='lat' dir='ltr'>autem</span> <span class='ocrx_word' id='word_1_158' title='bbox 2311 764 2527 825; x_wconf 87' lang='lat' dir='ltr'>multas</span> <span class='ocrx_word' id='word_1_159' title='bbox 2560 764 2753 826; x_wconf 85' lang='lat' dir='ltr'>innuit</span> <span class='ocrx_word' id='word_1_160' title='bbox 2789 763 3303 845; x_wconf 87' lang='lat' dir='ltr'>concupiscentias</span> <span class='ocrx_word' id='word_1_161' title='bbox 3331 774 3389 827; x_wconf 89' lang='lat' dir='ltr'>et</span> <span class='ocrx_word' id='word_1_162' title='bbox 3416 784 3450 826; x_wconf 92' lang='lat' dir='ltr'>a</span> <span class='ocrx_word' id='word_1_163' title='bbox 3478 784 3731 847; x_wconf 90' lang='lat' dir='ltr'>corpore</span> 
     </span>
    </p>
   </div>
   <div class='ocr_carea' id='block_1_24' title="bbox 2085 853 3727 936">
    <p class='ocr_par' dir='ltr' id='par_1_24' title="bbox 2085 853 3727 936">
     <span class='ocr_line' id='line_1_24' title="bbox 2085 853 3727 936; baseline 0.001 -20"><span class='ocrx_word' id='word_1_164' title='bbox 2085 855 2503 936; x_wconf 89' lang='lat' dir='ltr'>provenientes</span> <span class='ocrx_word' id='word_1_165' title='bbox 2537 862 2594 914; x_wconf 87' lang='lat' dir='ltr'>et</span> <span class='ocrx_word' id='word_1_166' title='bbox 2636 853 2708 915; x_wconf 90' lang='lat' dir='ltr'>ab</span> <span class='ocrx_word' id='word_1_167' title='bbox 2758 854 2980 916; x_wconf 86' lang='lat' dir='ltr'>animo.</span> <span class='ocrx_word' id='word_1_168' title='bbox 3028 855 3357 917; x_wconf 82' lang='lat' dir='ltr'>Considera</span> <span class='ocrx_word' id='word_1_169' title='bbox 3385 873 3521 917; x_wconf 91' lang='lat' dir='ltr'>vero</span> <span class='ocrx_word' id='word_1_170' title='bbox 3552 855 3727 917; x_wconf 89' lang='lat' dir='ltr'>etiam</span> 
     </span>
    </p>
   </div>
   <div class='ocr_carea' id='block_1_25' title="bbox 2083 947 3730 1029">
    <p class='ocr_par' dir='ltr' id='par_1_25' title="bbox 2083 947 3730 1029">
     <span class='ocr_line' id='line_1_25' title="bbox 2083 947 3730 1029; baseline 0.001 -20"><span class='ocrx_word' id='word_1_171' title='bbox 2083 949 2142 1009; x_wconf 88' lang='lat' dir='ltr'>id</span> <span class='ocrx_word' id='word_1_172' title='bbox 2171 948 2326 1029; x_wconf 93' lang='lat' dir='ltr'>quod</span> <span class='ocrx_word' id='word_1_173' title='bbox 2357 950 2437 1009; x_wconf 87' lang='lat' dir='ltr'>ait</span> <span class='ocrx_word' id='word_1_174' title='bbox 2468 965 2482 1010; x_wconf 75' lang='grc' dir='ltr'>ζ</span> <span class='ocrx_word' id='word_1_175' title='bbox 2518 948 2660 1019; x_wconf 71' lang='lat' dir='ltr'>Quae</span> <span class='ocrx_word' id='word_1_176' title='bbox 2703 947 3020 1028; x_wconf 92' lang='lat' dir='ltr'>ducuntur,</span> <span class='ocrx_word' id='word_1_177' title='bbox 3078 954 3357 1028; x_wconf 72' lang='lat' dir='ltr'>tanquam</span> <span class='ocrx_word' id='word_1_178' title='bbox 3385 948 3461 1009; x_wconf 89' lang='lat' dir='ltr'>de</span> <span class='ocrx_word' id='word_1_179' title='bbox 3491 948 3730 1010; x_wconf 87' lang='lat' dir='ltr'>irratio-</span> 
     </span>
    </p>
   </div>
   <div class='ocr_carea' id='block_1_26' title="bbox 2084 1034 3728 1117">
    <p class='ocr_par' dir='ltr' id='par_1_26' title="bbox 2084 1034 3728 1117">
     <span class='ocr_line' id='line_1_26' title="bbox 2084 1034 3728 1117; baseline 0.001 -19"><span class='ocrx_word' id='word_1_180' title='bbox 2084 1037 2323 1099; x_wconf 85' lang='lat' dir='ltr'>nalibus</span> <span class='ocrx_word' id='word_1_181' title='bbox 2376 1037 2649 1117; x_wconf 85' lang='lat' dir='ltr'>loquens.</span> <span class='ocrx_word' id='word_1_182' title='bbox 2723 1057 2745 1093; x_wconf 81' lang='grc' dir='ltr'>ι</span> <span class='ocrx_word' id='word_1_183' title='bbox 2779 1034 3031 1115; x_wconf 83' lang='lat' dir='ltr'>Semper</span> <span class='ocrx_word' id='word_1_184' title='bbox 3063 1035 3385 1101; x_wconf 84' lang='lat' dir='ltr'>discentes.</span> <span class='ocrx_word' id='word_1_185' title='bbox 3415 1062 3441 1092; x_wconf 76' lang='grc' dir='ltr'>ι</span> <span class='ocrx_word' id='word_1_186' title='bbox 3468 1035 3594 1098; x_wconf 91' lang='lat' dir='ltr'>Non</span> <span class='ocrx_word' id='word_1_187' title='bbox 3616 1039 3728 1100; x_wconf 91' lang='lat' dir='ltr'>hoc</span> 
     </span>
    </p>
   </div>
   <div class='ocr_carea' id='block_1_27' title="bbox 2083 1125 3723 1207">
    <p class='ocr_par' dir='ltr' id='par_1_27' title="bbox 2083 1125 3723 1207">
     <span class='ocr_line' id='line_1_27' title="bbox 2083 1125 3723 1207; baseline 0.001 -19"><span class='ocrx_word' id='word_1_188' title='bbox 2083 1126 2163 1189; x_wconf 90' lang='lat' dir='ltr'>ait</span> <span class='ocrx_word' id='word_1_189' title='bbox 2186 1126 2499 1205; x_wconf 82' lang='lat' dir='ltr'>ignescens</span> <span class='ocrx_word' id='word_1_190' title='bbox 2519 1125 2689 1206; x_wconf 87' lang='lat' dir='ltr'>ipsis,</span> <span class='ocrx_word' id='word_1_191' title='bbox 2704 1126 2810 1187; x_wconf 91' lang='lat' dir='ltr'>sed</span> <span class='ocrx_word' id='word_1_192' title='bbox 2836 1125 3030 1205; x_wconf 88' lang='lat' dir='ltr'>potius</span> <span class='ocrx_word' id='word_1_193' title='bbox 3044 1127 3430 1188; x_wconf 86' lang='lat' dir='ltr'>vehementer</span> <span class='ocrx_word' id='word_1_194' title='bbox 3448 1145 3723 1207; x_wconf 81' lang='lat' dir='ltr'>arguens.</span> 
     </span>
    </p>
   </div>
   <div class='ocr_carea' id='block_1_28' title="bbox 2081 1211 3726 1295">
    <p class='ocr_par' dir='ltr' id='par_1_28' title="bbox 2081 1211 3726 1295">
     <span class='ocr_line' id='line_1_28' title="bbox 2081 1211 3726 1295; baseline 0.003 -23"><span class='ocrx_word' id='word_1_195' title='bbox 2081 1211 2372 1285; x_wconf 83' lang='lat' dir='ltr'>Quoniam</span> <span class='ocrx_word' id='word_1_196' title='bbox 2401 1212 2558 1275; x_wconf 91' lang='lat' dir='ltr'>enim</span> <span class='ocrx_word' id='word_1_197' title='bbox 2592 1213 2819 1293; x_wconf 89' lang='lat' dir='ltr'>seipsas</span> <span class='ocrx_word' id='word_1_198' title='bbox 2851 1214 3106 1293; x_wconf 88' lang='lat' dir='ltr'>peccatis</span> <span class='ocrx_word' id='word_1_199' title='bbox 3128 1224 3477 1295; x_wconf 89' lang='lat' dir='ltr'>onerarunt,</span> <span class='ocrx_word' id='word_1_200' title='bbox 3513 1214 3726 1277; x_wconf 90' lang='lat' dir='ltr'>merito</span> 
     </span>
    </p>
   </div>
   <div class='ocr_carea' id='block_1_29' title="bbox 2084 1303 3721 1367">
    <p class='ocr_par' dir='ltr' id='par_1_29' title="bbox 2084 1303 3721 1367">
     <span class='ocr_line' id='line_1_29' title="bbox 2084 1303 3721 1367; baseline -0.001 -4"><span class='ocrx_word' id='word_1_201' title='bbox 2084 1312 2374 1363; x_wconf 65' lang='lat' dir='ltr'>excaecata</span> <span class='ocrx_word' id='word_1_202' title='bbox 2399 1312 2679 1363; x_wconf 85' lang='lat' dir='ltr'>estmons</span> <span class='ocrx_word' id='word_1_203' title='bbox 2710 1320 2937 1363; x_wconf 87' lang='lat' dir='ltr'>earum.</span> <span class='ocrx_word' id='word_1_204' title='bbox 2976 1324 2998 1357; x_wconf 79' lang='grc' dir='ltr'>α</span> <span class='ocrx_word' id='word_1_205' title='bbox 3032 1305 3252 1364; x_wconf 85' lang='lat' dir='ltr'>Jannes</span> <span class='ocrx_word' id='word_1_206' title='bbox 3284 1311 3342 1364; x_wconf 90' lang='lat' dir='ltr'>et</span> <span class='ocrx_word' id='word_1_207' title='bbox 3366 1303 3661 1367; x_wconf 83' lang='lat' dir='ltr'>Jambres.</span> <span class='ocrx_word' id='word_1_208' title='bbox 3694 1330 3721 1361; x_wconf 67' lang='grc' dir='ltr'>ι</span> 
     </span>
    </p>
   </div>
   <div class='ocr_carea' id='block_1_30' title="bbox 2081 1388 3730 1474">
    <p class='ocr_par' dir='ltr' id='par_1_30' title="bbox 2081 1388 3730 1474">
     <span class='ocr_line' id='line_1_30' title="bbox 2081 1388 3730 1474; baseline 0.001 -22"><span class='ocrx_word' id='word_1_209' title='bbox 2081 1389 2153 1452; x_wconf 84' lang='lat' dir='ltr'>Hi</span> <span class='ocrx_word' id='word_1_210' title='bbox 2183 1398 2351 1452; x_wconf 88' lang='lat' dir='ltr'>erant</span> <span class='ocrx_word' id='word_1_211' title='bbox 2373 1390 2526 1468; x_wconf 78' lang='lat' dir='ltr'>magi</span> <span class='ocrx_word' id='word_1_212' title='bbox 2545 1390 2655 1451; x_wconf 91' lang='lat' dir='ltr'>sub</span> <span class='ocrx_word' id='word_1_213' title='bbox 2679 1389 3011 1452; x_wconf 86' lang='lat' dir='ltr'>Pharaone.</span> <span class='ocrx_word' id='word_1_214' title='bbox 3035 1388 3342 1463; x_wconf 85' lang='lat' dir='ltr'>Quomodo</span> <span class='ocrx_word' id='word_1_215' title='bbox 3360 1401 3555 1454; x_wconf 88' lang='lat' dir='ltr'>autem</span> <span class='ocrx_word' id='word_1_216' title='bbox 3572 1392 3730 1474; x_wconf 90' lang='lat' dir='ltr'>ipso-</span> 
     </span>
    </p>
   </div>
   <div class='ocr_carea' id='block_1_31' title="bbox 2080 1478 3723 1559">
    <p class='ocr_par' dir='ltr' id='par_1_31' title="bbox 2080 1478 3723 1559">
     <span class='ocr_line' id='line_1_31' title="bbox 2080 1478 3723 1559; baseline 0.003 -20"><span class='ocrx_word' id='word_1_217' title='bbox 2080 1497 2211 1541; x_wconf 91' lang='lat' dir='ltr'>rum</span> <span class='ocrx_word' id='word_1_218' title='bbox 2246 1480 2485 1540; x_wconf 87' lang='lat' dir='ltr'>nomina</span> <span class='ocrx_word' id='word_1_219' title='bbox 2512 1479 2670 1539; x_wconf 91' lang='lat' dir='ltr'>novit</span> <span class='ocrx_word' id='word_1_220' title='bbox 2702 1498 2834 1541; x_wconf 92' lang='lat' dir='ltr'>cum</span> <span class='ocrx_word' id='word_1_221' title='bbox 2869 1478 3179 1559; x_wconf 86' lang='lat' dir='ltr'>Scriptura</span> <span class='ocrx_word' id='word_1_222' title='bbox 3207 1499 3325 1541; x_wconf 91' lang='lat' dir='ltr'>non</span> <span class='ocrx_word' id='word_1_223' title='bbox 3347 1480 3540 1544; x_wconf 84' lang='lat' dir='ltr'>dicat?</span> <span class='ocrx_word' id='word_1_224' title='bbox 3573 1482 3723 1544; x_wconf 85' lang='lat' dir='ltr'>Dici-</span> 
     </span>
    </p>
   </div>
   <div class='ocr_carea' id='block_1_32' title="bbox 2085 1567 3727 1651">
    <p class='ocr_par' dir='ltr' id='par_1_32' title="bbox 2085 1567 3727 1651">
     <span class='ocr_line' id='line_1_32' title="bbox 2085 1567 3727 1651; baseline 0.002 -23"><span class='ocrx_word' id='word_1_225' title='bbox 2085 1586 2215 1629; x_wconf 93' lang='lat' dir='ltr'>mus</span> <span class='ocrx_word' id='word_1_226' title='bbox 2237 1568 2391 1649; x_wconf 90' lang='lat' dir='ltr'>quod</span> <span class='ocrx_word' id='word_1_227' title='bbox 2418 1587 2487 1629; x_wconf 88' lang='lat' dir='ltr'>ex</span> <span class='ocrx_word' id='word_1_228' title='bbox 2508 1567 2829 1629; x_wconf 90' lang='lat' dir='ltr'>traditione</span> <span class='ocrx_word' id='word_1_229' title='bbox 2848 1587 2965 1629; x_wconf 90' lang='lat' dir='ltr'>non</span> <span class='ocrx_word' id='word_1_230' title='bbox 2998 1568 3238 1650; x_wconf 83' lang='lat' dir='ltr'>scripta.</span> <span class='ocrx_word' id='word_1_231' title='bbox 3264 1570 3381 1633; x_wconf 86' lang='lat' dir='ltr'>Aut</span> <span class='ocrx_word' id='word_1_232' title='bbox 3401 1589 3508 1650; x_wconf 88' lang='lat' dir='ltr'>per</span> <span class='ocrx_word' id='word_1_233' title='bbox 3533 1568 3727 1651; x_wconf 90' lang='lat' dir='ltr'>Spiri-</span> 
     </span>
    </p>
   </div>
   <div class='ocr_carea' id='block_1_33' title="bbox 2085 1657 3728 1723">
    <p class='ocr_par' dir='ltr' id='par_1_33' title="bbox 2085 1657 3728 1723">
     <span class='ocr_line' id='line_1_33' title="bbox 2085 1657 3728 1723; baseline 0.003 -5"><span class='ocrx_word' id='word_1_234' title='bbox 2085 1666 2205 1718; x_wconf 87' lang='lat' dir='ltr'>tum</span> <span class='ocrx_word' id='word_1_235' title='bbox 2231 1665 2501 1719; x_wconf 90' lang='lat' dir='ltr'>sanctum</span> <span class='ocrx_word' id='word_1_236' title='bbox 2565 1657 2887 1719; x_wconf 84' lang='lat' dir='ltr'>verisimile</span> <span class='ocrx_word' id='word_1_237' title='bbox 2946 1667 3034 1720; x_wconf 89' lang='lat' dir='ltr'>est</span> <span class='ocrx_word' id='word_1_238' title='bbox 3064 1659 3175 1720; x_wconf 88' lang='lat' dir='ltr'>hoc</span> <span class='ocrx_word' id='word_1_239' title='bbox 3207 1660 3462 1720; x_wconf 89' lang='lat' dir='ltr'>novisse.</span> <span class='ocrx_word' id='word_1_240' title='bbox 3498 1680 3526 1719; x_wconf 88' lang='grc'><em>‹</em></span> <span class='ocrx_word' id='word_1_241' title='bbox 3560 1659 3629 1722; x_wconf 89' lang='lat' dir='ltr'>Et</span> <span class='ocrx_word' id='word_1_242' title='bbox 3666 1660 3728 1723; x_wconf 89' lang='lat' dir='ltr'>hi</span> 
     </span>
    </p>
   </div>
   <div class='ocr_carea' id='block_1_34' title="bbox 350 1745 2005 1831">
    <p class='ocr_par' dir='ltr' id='par_1_34' title="bbox 350 1750 1999 1831">
     <span class='ocr_line' id='line_1_34' title="bbox 350 1750 1999 1831; baseline 0.001 -28"><span class='ocrx_word' id='word_1_243' title='bbox 350 1758 497 1808; x_wconf 80' lang='grc' dir='ltr'>νοῦν.</span> <span class='ocrx_word' id='word_1_244' title='bbox 532 1766 573 1804; x_wconf 71' lang='lat' dir='ltr'>‘n</span> <span class='ocrx_word' id='word_1_245' title='bbox 629 1758 769 1807; x_wconf 87' lang='grc' dir='ltr'>Οταν</span> <span class='ocrx_word' id='word_1_246' title='bbox 808 1770 890 1816; x_wconf 81' lang='grc' dir='ltr'>τις</span> <span class='ocrx_word' id='word_1_247' title='bbox 928 1752 1020 1808; x_wconf 78' lang='grc' dir='ltr'>τὸν</span> <span class='ocrx_word' id='word_1_248' title='bbox 1078 1753 1197 1807; x_wconf 89' lang='grc' dir='ltr'>νοῦν</span> <span class='ocrx_word' id='word_1_249' title='bbox 1265 1754 1436 1831; x_wconf 78' lang='grc' dir='ltr'>φθαρῇ</span> <span class='ocrx_word' id='word_1_250' title='bbox 1502 1751 1559 1807; x_wconf 81' lang='grc' dir='ltr'>ἐν</span> <span class='ocrx_word' id='word_1_251' title='bbox 1612 1764 1732 1815; x_wconf 88' lang='grc' dir='ltr'>τοῖς</span> <span class='ocrx_word' id='word_1_252' title='bbox 1788 1750 1999 1826; x_wconf 83' lang='grc' dir='ltr'>πάθεσι,</span> 
     </span>
    </p>
   </div>
   <div class='ocr_carea' id='block_1_35' title="bbox 2089 1745 3726 1831">
    <p class='ocr_par' dir='ltr' id='par_1_35' title="bbox 2089 1745 3726 1830">
     <span class='ocr_line' id='line_1_35' title="bbox 2089 1745 3726 1830; baseline 0.003 -24"><span class='ocrx_word' id='word_1_253' title='bbox 2089 1746 2369 1808; x_wconf 89' lang='lat' dir='ltr'>resistunt</span> <span class='ocrx_word' id='word_1_254' title='bbox 2396 1745 2646 1807; x_wconf 81' lang='lat' dir='ltr'>veritati.</span> <span class='ocrx_word' id='word_1_255' title='bbox 2684 1771 2712 1802; x_wconf 66' lang='grc' dir='ltr'>ι</span> <span class='ocrx_word' id='word_1_256' title='bbox 2748 1745 2919 1808; x_wconf 66' lang='grc' dir='ltr'>νει-ω</span> <span class='ocrx_word' id='word_1_257' title='bbox 2966 1746 3125 1808; x_wconf 92' lang='lat' dir='ltr'>ﬁdei.</span> <span class='ocrx_word' id='word_1_258' title='bbox 3160 1771 3183 1803; x_wconf 81' lang='grc' dir='ltr'><strong><em>α</em></strong></span> <span class='ocrx_word' id='word_1_259' title='bbox 3220 1746 3339 1809; x_wconf 87' lang='lat' dir='ltr'>Sed</span> <span class='ocrx_word' id='word_1_260' title='bbox 3390 1766 3508 1809; x_wconf 92' lang='lat' dir='ltr'>non</span> <span class='ocrx_word' id='word_1_261' title='bbox 3540 1753 3726 1830; x_wconf 86' lang='lat' dir='ltr'>proti-</span> 
     </span>
    </p>
   </div>
   <div class='ocr_carea' id='block_1_36' title="bbox 350 1835 2004 1918">
    <p class='ocr_par' dir='ltr' id='par_1_36' title="bbox 350 1835 2004 1918">
     <span class='ocr_line' id='line_1_36' title="bbox 350 1835 2004 1918; baseline 0 -25"><span class='ocrx_word' id='word_1_262' title='bbox 350 1837 479 1894; x_wconf 83' lang='grc' dir='ltr'>τότε</span> <span class='ocrx_word' id='word_1_263' title='bbox 531 1836 784 1915; x_wconf 72' lang='grc' dir='ltr'>ἀδόκιμος</span> <span class='ocrx_word' id='word_1_264' title='bbox 837 1841 957 1917; x_wconf 84' lang='grc' dir='ltr'>περὶ</span> <span class='ocrx_word' id='word_1_265' title='bbox 1011 1840 1111 1907; x_wconf 77' lang='grc' dir='ltr'>τὴν</span> <span class='ocrx_word' id='word_1_266' title='bbox 1165 1840 1339 1897; x_wconf 87' lang='grc' dir='ltr'>πίστιν</span> <span class='ocrx_word' id='word_1_267' title='bbox 1405 1840 1628 1918; x_wconf 86' lang='grc' dir='ltr'>γίνεται.</span> <span class='ocrx_word' id='word_1_268' title='bbox 1704 1846 1823 1905; x_wconf 86' lang='grc' dir='ltr'>Πῶς</span> <span class='ocrx_word' id='word_1_269' title='bbox 1881 1835 2004 1894; x_wconf 78' lang='grc' dir='ltr'>ἄνευ</span> 
     </span>
    </p>
   </div>
   <div class='ocr_carea' id='block_1_37' title="bbox 354 1926 2003 2008">
    <p class='ocr_par' dir='ltr' id='par_1_37' title="bbox 354 1926 2003 2008">
     <span class='ocr_line' id='line_1_37' title="bbox 354 1926 2003 2008; baseline -0.001 -24"><span class='ocrx_word' id='word_1_270' title='bbox 354 1927 585 2003; x_wconf 76' lang='grc' dir='ltr'>εἰρηκὼς</span> <span class='ocrx_word' id='word_1_271' title='bbox 618 1926 702 1984; x_wconf 81' lang='grc' dir='ltr'>ἐπὶ</span> <span class='ocrx_word' id='word_1_272' title='bbox 757 1926 948 1986; x_wconf 81' lang='grc' dir='ltr'>πλεῖον</span> <span class='ocrx_word' id='word_1_273' title='bbox 1006 1928 1364 2008; x_wconf 83' lang='grc' dir='ltr'>προκόψουσιν</span> <span class='ocrx_word' id='word_1_274' title='bbox 1430 1927 1695 2004; x_wconf 81' lang='grc' dir='ltr'>ἀσεϐείας,</span> <span class='ocrx_word' id='word_1_275' title='bbox 1750 1927 1852 1985; x_wconf 80' lang='grc' dir='ltr'>ὦδε</span> <span class='ocrx_word' id='word_1_276' title='bbox 1908 1926 2003 1984; x_wconf 82' lang='grc' dir='ltr'>λέ-</span> 
     </span>
    </p>
   </div>
   <div class='ocr_carea' id='block_1_38' title="bbox 355 2015 2002 2098">
    <p class='ocr_par' dir='ltr' id='par_1_38' title="bbox 355 2015 2002 2098">
     <span class='ocr_line' id='line_1_38' title="bbox 355 2015 2002 2098; baseline 0.001 -28"><span class='ocrx_word' id='word_1_277' title='bbox 355 2035 465 2095; x_wconf 84' lang='grc' dir='ltr'>γει,</span> <span class='ocrx_word' id='word_1_278' title='bbox 525 2018 599 2074; x_wconf 74' lang='grc' dir='ltr'>Οὐ</span> <span class='ocrx_word' id='word_1_279' title='bbox 664 2017 1068 2098; x_wconf 69' lang='grc' dir='ltr'>προκόψουσινς</span> <span class='ocrx_word' id='word_1_280' title='bbox 1157 2015 1307 2075; x_wconf 85' lang='grc' dir='ltr'>Ἐκεῖ</span> <span class='ocrx_word' id='word_1_281' title='bbox 1363 2016 1505 2097; x_wconf 81' lang='grc' dir='ltr'>λέγει</span> <span class='ocrx_word' id='word_1_282' title='bbox 1561 2017 1642 2074; x_wconf 84' lang='grc' dir='ltr'>ὅτι</span> <span class='ocrx_word' id='word_1_283' title='bbox 1724 2015 2002 2097; x_wconf 82' lang='grc' dir='ltr'>ἀρξάμενοι</span> 
     </span>
    </p>
   </div>
   <div class='ocr_carea' id='block_1_39' title="bbox 356 2103 2001 2188">
    <p class='ocr_par' dir='ltr' id='par_1_39' title="bbox 356 2103 2001 2188">
     <span class='ocr_line' id='line_1_39' title="bbox 356 2103 2001 2188; baseline 0.002 -29"><span class='ocrx_word' id='word_1_284' title='bbox 356 2103 590 2181; x_wconf 80' lang='grc' dir='ltr'>πλανᾷν,</span> <span class='ocrx_word' id='word_1_285' title='bbox 635 2104 863 2182; x_wconf 70' lang='grc' dir='ltr'>οὐδαμοῦ</span> <span class='ocrx_word' id='word_1_286' title='bbox 915 2109 1220 2181; x_wconf 71' lang='grc' dir='ltr'>στήσονται,</span> <span class='ocrx_word' id='word_1_287' title='bbox 1294 2105 1413 2164; x_wconf 88' lang='grc' dir='ltr'>ἀλλ’</span> <span class='ocrx_word' id='word_1_288' title='bbox 1469 2107 1550 2165; x_wconf 89' lang='grc' dir='ltr'>ἀεὶ</span> <span class='ocrx_word' id='word_1_289' title='bbox 1618 2107 1836 2188; x_wconf 83' lang='grc' dir='ltr'>χείρονα</span> <span class='ocrx_word' id='word_1_290' title='bbox 1877 2107 2001 2164; x_wconf 79' lang='grc' dir='ltr'>ἐπι-</span> 
     </span>
    </p>
   </div>
   <div class='ocr_carea' id='block_1_40' title="bbox 357 2194 2001 2271">
    <p class='ocr_par' dir='ltr' id='par_1_40' title="bbox 357 2194 2001 2271">
     <span class='ocr_line' id='line_1_40' title="bbox 357 2194 2001 2271; baseline -0.001 -22"><span class='ocrx_word' id='word_1_291' title='bbox 357 2195 661 2267; x_wconf 75' lang='grc' dir='ltr'>νοήσωσιν,</span> <span class='ocrx_word' id='word_1_292' title='bbox 715 2194 816 2252; x_wconf 81' lang='grc' dir='ltr'>ὧδε</span> <span class='ocrx_word' id='word_1_293' title='bbox 873 2194 950 2271; x_wconf 78' lang='grc' dir='ltr'>δὲ,</span> <span class='ocrx_word' id='word_1_294' title='bbox 1027 2194 1107 2252; x_wconf 80' lang='grc' dir='ltr'>ὅτι</span> <span class='ocrx_word' id='word_1_295' title='bbox 1149 2198 1245 2265; x_wconf 67' lang='grc' dir='ltr'>οὐκ</span> <span class='ocrx_word' id='word_1_296' title='bbox 1298 2196 1659 2267; x_wconf 77' lang='grc' dir='ltr'>ἀπατήσουσιν</span> <span class='ocrx_word' id='word_1_297' title='bbox 1715 2194 1831 2252; x_wconf 71' lang='grc' dir='ltr'>οὐδὲ</span> <span class='ocrx_word' id='word_1_298' title='bbox 1874 2216 2001 2250; x_wconf 87' lang='grc' dir='ltr'>συν-</span> 
     </span>
    </p>
   </div>
   <div class='ocr_carea' id='block_1_41' title="bbox 356 2284 2004 2365">
    <p class='ocr_par' dir='ltr' id='par_1_41' title="bbox 356 2284 2004 2365">
     <span class='ocr_line' id='line_1_41' title="bbox 356 2284 2004 2365; baseline 0.001 -27"><span class='ocrx_word' id='word_1_299' title='bbox 356 2284 686 2359; x_wconf 81' lang='grc' dir='ltr'>αρπάσουσιν</span> <span class='ocrx_word' id='word_1_300' title='bbox 744 2284 830 2343; x_wconf 79' lang='grc' dir='ltr'>ἐπὶ</span> <span class='ocrx_word' id='word_1_301' title='bbox 884 2284 1025 2343; x_wconf 84' lang='grc' dir='ltr'>πολά</span> <span class='ocrx_word' id='word_1_302' title='bbox 1084 2287 1204 2352; x_wconf 83' lang='grc' dir='ltr'>τοὺς</span> <span class='ocrx_word' id='word_1_303' title='bbox 1247 2285 1577 2365; x_wconf 70' lang='grc' dir='ltr'>ἀρτίφρονας.</span> <span class='ocrx_word' id='word_1_304' title='bbox 1640 2286 1850 2364; x_wconf 73' lang='grc' dir='ltr'>Προϊὼν</span> <span class='ocrx_word' id='word_1_305' title='bbox 1904 2285 2004 2363; x_wconf 80' lang='grc' dir='ltr'>γὰρ</span> 
     </span>
    </p>
   </div>
   <div class='ocr_carea' id='block_1_42' title="bbox 358 2372 2007 2451">
    <p class='ocr_par' dir='ltr' id='par_1_42' title="bbox 358 2372 2007 2451">
     <span class='ocr_line' id='line_1_42' title="bbox 358 2372 2007 2451; baseline 0.002 -24"><span class='ocrx_word' id='word_1_306' title='bbox 358 2372 514 2451; x_wconf 78' lang='grc' dir='ltr'>εἶπε,</span> <span class='ocrx_word' id='word_1_307' title='bbox 546 2372 856 2439; x_wconf 87' lang='grc' dir='ltr'>Πλανῶντες</span> <span class='ocrx_word' id='word_1_308' title='bbox 887 2376 976 2431; x_wconf 89' lang='grc' dir='ltr'>καὶ</span> <span class='ocrx_word' id='word_1_309' title='bbox 1004 2373 1363 2451; x_wconf 87' lang='grc' dir='ltr'>πλανώμενοι.</span> <span class='ocrx_word' id='word_1_310' title='bbox 1409 2376 1556 2451; x_wconf 79' lang='grc' dir='ltr'>Παρά</span> <span class='ocrx_word' id='word_1_311' title='bbox 1623 2375 1714 2433; x_wconf 81' lang='grc' dir='ltr'>οὗν</span> <span class='ocrx_word' id='word_1_312' title='bbox 1770 2388 1886 2437; x_wconf 75' lang='grc' dir='ltr'>τοῖς</span> <span class='ocrx_word' id='word_1_313' title='bbox 1919 2373 2007 2428; x_wconf 72' lang='grc' dir='ltr'>εῦ-</span> 
     </span>
    </p>
   </div>
   <div class='ocr_carea' id='block_1_43' title="bbox 358 2456 2004 2544">
    <p class='ocr_par' dir='ltr' id='par_1_43' title="bbox 358 2456 2004 2544">
     <span class='ocr_line' id='line_1_43' title="bbox 358 2456 2004 2544; baseline 0.001 -29"><span class='ocrx_word' id='word_1_314' title='bbox 358 2458 715 2532; x_wconf 77' lang='grc' dir='ltr'>εξαπατήτοις</span> <span class='ocrx_word' id='word_1_315' title='bbox 749 2465 933 2528; x_wconf 74' lang='grc' dir='ltr'>αὐτοῖς</span> <span class='ocrx_word' id='word_1_316' title='bbox 971 2467 1007 2533; x_wconf 72' lang='grc' dir='ltr'>ἡ</span> <span class='ocrx_word' id='word_1_317' title='bbox 1063 2466 1241 2544; x_wconf 80' lang='grc' dir='ltr'>ἰσχύς,</span> <span class='ocrx_word' id='word_1_318' title='bbox 1293 2487 1323 2521; x_wconf 73' lang='grc' dir='ltr'><em>ι</em></span> <span class='ocrx_word' id='word_1_319' title='bbox 1359 2456 1421 2522; x_wconf 72' lang='grc' dir='ltr'><strong>Ἠ</strong></span> <span class='ocrx_word' id='word_1_320' title='bbox 1474 2466 1575 2543; x_wconf 77' lang='grc' dir='ltr'>γὰρ</span> <span class='ocrx_word' id='word_1_321' title='bbox 1628 2463 1779 2521; x_wconf 74' lang='grc' dir='ltr'>ἄνοια</span> <span class='ocrx_word' id='word_1_322' title='bbox 1834 2464 2004 2519; x_wconf 73' lang='grc' dir='ltr'>αὐτῶν</span> 
     </span>
    </p>
   </div>
   <div class='ocr_carea' id='block_1_44' title="bbox 357 2546 1999 2645">
    <p class='ocr_par' dir='ltr' id='par_1_44' title="bbox 357 2546 1999 2645">
     <span class='ocr_line' id='line_1_44' title="bbox 357 2546 1999 2645; baseline 0.001 -41"><span class='ocrx_word' id='word_1_323' title='bbox 357 2546 583 2616; x_wconf 55' lang='grc' dir='ltr'>ἂδηκος</span> <span class='ocrx_word' id='word_1_324' title='bbox 616 2550 760 2608; x_wconf 82' lang='grc' dir='ltr'>ἔσται</span> <span class='ocrx_word' id='word_1_325' title='bbox 788 2559 941 2616; x_wconf 82' lang='grc' dir='ltr'>πᾶσι,</span> <span class='ocrx_word' id='word_1_326' title='bbox 971 2576 1001 2609; x_wconf 71' lang='grc' dir='ltr'><strong>ι</strong></span> <span class='ocrx_word' id='word_1_327' title='bbox 1036 2554 1199 2609; x_wconf 85' lang='grc' dir='ltr'>Πόθεν</span> <span class='ocrx_word' id='word_1_328' title='bbox 1255 2561 1410 2610; x_wconf 89' lang='grc' dir='ltr'>τοῦτο</span> <span class='ocrx_word' id='word_1_329' title='bbox 1441 2572 1458 2633; x_wconf 71' lang='grc' dir='ltr'>ς</span> <span class='ocrx_word' id='word_1_330' title='bbox 1527 2550 1622 2609; x_wconf 86' lang='grc' dir='ltr'>Ἐκ</span> <span class='ocrx_word' id='word_1_331' title='bbox 1661 2557 1770 2608; x_wconf 90' lang='grc' dir='ltr'>τῶν</span> <span class='ocrx_word' id='word_1_332' title='bbox 1783 2549 1999 2645; x_wconf 59' lang='grc' dir='ltr'>επάλαι,</span> 
     </span>
    </p>
   </div>
   <div class='ocr_carea' id='block_1_45' title="bbox 356 2638 2002 2721">
    <p class='ocr_par' dir='ltr' id='par_1_45' title="bbox 356 2638 2002 2721">
     <span class='ocr_line' id='line_1_45' title="bbox 356 2638 2002 2721; baseline 0.006 -29"><span class='ocrx_word' id='word_1_333' title='bbox 356 2639 512 2718; x_wconf 67' lang='grc' dir='ltr'>φησὶ,</span> <span class='ocrx_word' id='word_1_334' title='bbox 542 2641 861 2709; x_wconf 82' lang='grc' dir='ltr'>πιστώθητι,</span> <span class='ocrx_word' id='word_1_335' title='bbox 896 2639 1218 2721; x_wconf 77' lang='grc' dir='ltr'>Εύὲλεγκτον</span> <span class='ocrx_word' id='word_1_336' title='bbox 1247 2642 1347 2721; x_wconf 74' lang='grc' dir='ltr'>γὰρ</span> <span class='ocrx_word' id='word_1_337' title='bbox 1387 2644 1422 2711; x_wconf 73' lang='grc' dir='ltr'>ἡ</span> <span class='ocrx_word' id='word_1_338' title='bbox 1451 2642 1631 2701; x_wconf 80' lang='grc' dir='ltr'>κακία.</span> <span class='ocrx_word' id='word_1_339' title='bbox 1665 2674 1744 2685; x_wconf 89' lang='grc'><strong><em>-</em></strong></span> <span class='ocrx_word' id='word_1_340' title='bbox 1784 2638 2002 2702; x_wconf 73' lang='grc' dir='ltr'>Ἀλλων.</span> 
     </span>
    </p>
   </div>
   <div class='ocr_carea' id='block_1_46' title="bbox 361 2727 2004 2811">
    <p class='ocr_par' dir='ltr' id='par_1_46' title="bbox 361 2727 2004 2811">
     <span class='ocr_line' id='line_1_46' title="bbox 361 2727 2004 2811; baseline 0 -28"><span class='ocrx_word' id='word_1_341' title='bbox 361 2728 421 2783; x_wconf 82' lang='grc' dir='ltr'>Εἰ</span> <span class='ocrx_word' id='word_1_342' title='bbox 476 2727 752 2811; x_wconf 77' lang='grc' dir='ltr'>ἀπιστεῖς,</span> <span class='ocrx_word' id='word_1_343' title='bbox 827 2730 957 2807; x_wconf 82' lang='grc' dir='ltr'>μάθε</span> <span class='ocrx_word' id='word_1_344' title='bbox 1013 2729 1119 2786; x_wconf 81' lang='grc' dir='ltr'>ἀπὸ</span> <span class='ocrx_word' id='word_1_345' title='bbox 1175 2736 1281 2787; x_wconf 91' lang='grc' dir='ltr'>τῶν</span> <span class='ocrx_word' id='word_1_346' title='bbox 1342 2744 1460 2795; x_wconf 84' lang='grc' dir='ltr'>τοῖς</span> <span class='ocrx_word' id='word_1_347' title='bbox 1533 2731 1722 2808; x_wconf 75' lang='grc' dir='ltr'>μάγοις</span> <span class='ocrx_word' id='word_1_348' title='bbox 1778 2728 2004 2791; x_wconf 84' lang='grc' dir='ltr'>ἀκείνοις</span> 
     </span>
    </p>
   </div>
   <div class='ocr_carea' id='block_1_47' title="bbox 357 2813 2008 2900">
    <p class='ocr_par' dir='ltr' id='par_1_47' title="bbox 357 2813 2008 2900">
     <span class='ocr_line' id='line_1_47' title="bbox 357 2813 2008 2900; baseline 0.001 -28"><span class='ocrx_word' id='word_1_349' title='bbox 357 2813 696 2891; x_wconf 74' lang='grc' dir='ltr'>συμϐάντων.</span> <span class='ocrx_word' id='word_1_350' title='bbox 757 2821 856 2877; x_wconf 83' lang='grc' dir='ltr'>Καὶ</span> <span class='ocrx_word' id='word_1_351' title='bbox 908 2820 1008 2899; x_wconf 76' lang='grc' dir='ltr'>γὰρ</span> <span class='ocrx_word' id='word_1_352' title='bbox 1066 2819 1263 2878; x_wconf 79' lang='grc' dir='ltr'>ἐκεῖνοι</span> <span class='ocrx_word' id='word_1_353' title='bbox 1317 2818 1662 2900; x_wconf 78' lang='grc' dir='ltr'>ἠλέγχθησαν</span> <span class='ocrx_word' id='word_1_354' title='bbox 1713 2819 1852 2876; x_wconf 87' lang='grc' dir='ltr'>κατά</span> <span class='ocrx_word' id='word_1_355' title='bbox 1881 2840 2008 2899; x_wconf 71' lang='grc' dir='ltr'>φαν-</span> 
     </span>
    </p>
   </div>
   <div class='ocr_carea' id='block_1_48' title="bbox 356 2905 2010 2984">
    <p class='ocr_par' dir='ltr' id='par_1_48' title="bbox 356 2905 2010 2984">
     <span class='ocr_line' id='line_1_48' title="bbox 356 2905 2010 2984; baseline 0.003 -26"><span class='ocrx_word' id='word_1_356' title='bbox 356 2905 545 2961; x_wconf 84' lang='grc' dir='ltr'>τασίαν</span> <span class='ocrx_word' id='word_1_357' title='bbox 585 2907 829 2983; x_wconf 75' lang='grc' dir='ltr'>θαύματα</span> <span class='ocrx_word' id='word_1_358' title='bbox 876 2918 1168 2974; x_wconf 81' lang='grc' dir='ltr'>’ποιοῦντες</span> <span class='ocrx_word' id='word_1_359' title='bbox 1222 2910 1311 2966; x_wconf 87' lang='grc' dir='ltr'>καὶ</span> <span class='ocrx_word' id='word_1_360' title='bbox 1364 2910 1699 2984; x_wconf 81' lang='grc' dir='ltr'>ἀπατῶντες,</span> <span class='ocrx_word' id='word_1_361' title='bbox 1758 2906 1844 2964; x_wconf 77' lang='grc' dir='ltr'>ὅτε</span> <span class='ocrx_word' id='word_1_362' title='bbox 1876 2914 2010 2963; x_wconf 86' lang='grc' dir='ltr'>Μω-</span> 
     </span>
    </p>
   </div>
   <div class='ocr_carea' id='block_1_49' title="bbox 357 2993 2009 3080">
    <p class='ocr_par' dir='ltr' id='par_1_49' title="bbox 357 2993 2009 3080">
     <span class='ocr_line' id='line_1_49' title="bbox 357 2993 2009 3080; baseline 0.004 -31"><span class='ocrx_word' id='word_1_363' title='bbox 357 2993 460 3061; x_wconf 79' lang='grc' dir='ltr'>σῆς</span> <span class='ocrx_word' id='word_1_364' title='bbox 519 2995 963 3077; x_wconf 78' lang='grc' dir='ltr'>ἑτερατούργησεν</span> <span class='ocrx_word' id='word_1_365' title='bbox 1033 2998 1268 3080; x_wconf 87' lang='grc' dir='ltr'>ἀληθῶς,</span> <span class='ocrx_word' id='word_1_366' title='bbox 1327 2998 1464 3057; x_wconf 79' lang='grc' dir='ltr'>ὥστε</span> <span class='ocrx_word' id='word_1_367' title='bbox 1534 2999 1705 3056; x_wconf 88' lang='grc' dir='ltr'>πάντα</span> <span class='ocrx_word' id='word_1_368' title='bbox 1759 2999 1826 3055; x_wconf 86' lang='grc' dir='ltr'>τά</span> <span class='ocrx_word' id='word_1_369' title='bbox 1909 3002 2009 3066; x_wconf 80' lang='grc' dir='ltr'>τῆς</span> 
     </span>
    </p>
   </div>
   <div class='ocr_carea' id='block_1_50' title="bbox 359 3082 1158 3167">
    <p class='ocr_par' dir='ltr' id='par_1_50' title="bbox 359 3082 1158 3167">
     <span class='ocr_line' id='line_1_50' title="bbox 359 3082 1158 3167; baseline 0.013 -30"><span class='ocrx_word' id='word_1_370' title='bbox 359 3082 573 3152; x_wconf 77' lang='grc' dir='ltr'>ἀπάτης</span> <span class='ocrx_word' id='word_1_371' title='bbox 594 3088 734 3166; x_wconf 78' lang='grc' dir='ltr'>πρὸς</span> <span class='ocrx_word' id='word_1_372' title='bbox 764 3089 946 3167; x_wconf 79' lang='grc' dir='ltr'>καιρὸν</span> <span class='ocrx_word' id='word_1_373' title='bbox 976 3088 1158 3150; x_wconf 77' lang='grc' dir='ltr'>ἀνθεῖ.</span> 
     </span>
    </p>
   </div>
   <div class='ocr_carea' id='block_1_51' title="bbox 2085 1834 3728 1918">
    <p class='ocr_par' dir='ltr' id='par_1_51' title="bbox 2085 1834 3728 1918">
     <span class='ocr_line' id='line_1_51' title="bbox 2085 1834 3728 1918; baseline 0.002 -21"><span class='ocrx_word' id='word_1_374' title='bbox 2085 1834 2245 1897; x_wconf 90' lang='lat' dir='ltr'>cient</span> <span class='ocrx_word' id='word_1_375' title='bbox 2274 1834 2558 1915; x_wconf 88' lang='lat' dir='ltr'>amplius,</span> <span class='ocrx_word' id='word_1_376' title='bbox 2583 1834 2857 1896; x_wconf 87' lang='lat' dir='ltr'>homines</span> <span class='ocrx_word' id='word_1_377' title='bbox 2879 1842 3077 1896; x_wconf 87' lang='lat' dir='ltr'>mente</span> <span class='ocrx_word' id='word_1_378' title='bbox 3098 1836 3423 1916; x_wconf 82' lang='lat' dir='ltr'>corrupti.»</span> <span class='ocrx_word' id='word_1_379' title='bbox 3461 1834 3572 1899; x_wconf 86' lang='lat' dir='ltr'>Ubi</span> <span class='ocrx_word' id='word_1_380' title='bbox 3595 1837 3728 1918; x_wconf 88' lang='lat' dir='ltr'>quis</span> 
     </span>
    </p>
   </div>
   <div class='ocr_carea' id='block_1_52' title="bbox 2088 1923 3728 2005">
    <p class='ocr_par' dir='ltr' id='par_1_52' title="bbox 2088 1923 3728 2005">
     <span class='ocr_line' id='line_1_52' title="bbox 2088 1923 3728 2005; baseline 0.003 -21"><span class='ocrx_word' id='word_1_381' title='bbox 2088 1933 2286 1985; x_wconf 88' lang='lat' dir='ltr'>mente</span> <span class='ocrx_word' id='word_1_382' title='bbox 2301 1932 2617 2004; x_wconf 90' lang='lat' dir='ltr'>corruptus</span> <span class='ocrx_word' id='word_1_383' title='bbox 2635 1923 2812 1985; x_wconf 83' lang='lat' dir='ltr'>fuerit</span> <span class='ocrx_word' id='word_1_384' title='bbox 2828 1924 2889 1984; x_wconf 90' lang='lat' dir='ltr'>in</span> <span class='ocrx_word' id='word_1_385' title='bbox 2915 1923 3246 1998; x_wconf 69' lang='lat' dir='ltr'>affectibus,</span> <span class='ocrx_word' id='word_1_386' title='bbox 3274 1932 3415 1986; x_wconf 91' lang='lat' dir='ltr'>tunc</span> <span class='ocrx_word' id='word_1_387' title='bbox 3435 1927 3728 2005; x_wconf 88' lang='lat' dir='ltr'>reprobus</span> 
     </span>
    </p>
   </div>
   <div class='ocr_carea' id='block_1_53' title="bbox 2087 2012 3725 2093">
    <p class='ocr_par' dir='ltr' id='par_1_53' title="bbox 2087 2012 3725 2093">
     <span class='ocr_line' id='line_1_53' title="bbox 2087 2012 3725 2093; baseline 0.003 -19"><span class='ocrx_word' id='word_1_388' title='bbox 2087 2013 2245 2075; x_wconf 88' lang='lat' dir='ltr'>circa</span> <span class='ocrx_word' id='word_1_389' title='bbox 2259 2014 2436 2074; x_wconf 89' lang='lat' dir='ltr'>ﬁdem</span> <span class='ocrx_word' id='word_1_390' title='bbox 2459 2013 2733 2075; x_wconf 82' lang='lat' dir='ltr'>elﬁcitur.</span> <span class='ocrx_word' id='word_1_391' title='bbox 2759 2012 3062 2085; x_wconf 86' lang='lat' dir='ltr'>Quomodo</span> <span class='ocrx_word' id='word_1_392' title='bbox 3086 2031 3220 2074; x_wconf 87' lang='lat' dir='ltr'>cum</span> <span class='ocrx_word' id='word_1_393' title='bbox 3243 2013 3301 2073; x_wconf 93' lang='lat' dir='ltr'>in</span> <span class='ocrx_word' id='word_1_394' title='bbox 3315 2015 3725 2093; x_wconf 87' lang='lat' dir='ltr'>superioribus</span> 
     </span>
    </p>
   </div>
   <div class='ocr_carea' id='block_1_54' title="bbox 2087 2101 3722 2182">
    <p class='ocr_par' dir='ltr' id='par_1_54' title="bbox 2087 2101 3722 2182">
     <span class='ocr_line' id='line_1_54' title="bbox 2087 2101 3722 2182; baseline 0.003 -19"><span class='ocrx_word' id='word_1_395' title='bbox 2087 2101 2322 2177; x_wconf 85' lang='lat' dir='ltr'>dixerit,</span> <span class='ocrx_word' id='word_1_396' title='bbox 2382 2102 2472 2164; x_wconf 76' lang='lat' dir='ltr'>Ad</span> <span class='ocrx_word' id='word_1_397' title='bbox 2534 2103 2817 2181; x_wconf 87' lang='lat' dir='ltr'>majorem</span> <span class='ocrx_word' id='word_1_398' title='bbox 2851 2102 3163 2182; x_wconf 89' lang='lat' dir='ltr'>proﬁcient</span> <span class='ocrx_word' id='word_1_399' title='bbox 3203 2101 3588 2182; x_wconf 86' lang='lat' dir='ltr'>impietatem,</span> <span class='ocrx_word' id='word_1_400' title='bbox 3623 2105 3722 2168; x_wconf 88' lang='lat' dir='ltr'>hic</span> 
     </span>
    </p>
   </div>
   <div class='ocr_carea' id='block_1_55' title="bbox 2086 2190 3710 2273">
    <p class='ocr_par' dir='ltr' id='par_1_55' title="bbox 2086 2190 3710 2273">
     <span class='ocr_line' id='line_1_55' title="bbox 2086 2190 3710 2273; baseline 0.005 -23"><span class='ocrx_word' id='word_1_401' title='bbox 2086 2191 2262 2252; x_wconf 84' lang='lat' dir='ltr'>dicit:</span> <span class='ocrx_word' id='word_1_402' title='bbox 2294 2210 2410 2252; x_wconf 89' lang='lat' dir='ltr'>non</span> <span class='ocrx_word' id='word_1_403' title='bbox 2445 2191 2789 2271; x_wconf 84' lang='lat' dir='ltr'>proﬁcient?</span> <span class='ocrx_word' id='word_1_404' title='bbox 2808 2190 3059 2254; x_wconf 86' lang='lat' dir='ltr'>Ibidicit</span> <span class='ocrx_word' id='word_1_405' title='bbox 3089 2191 3245 2272; x_wconf 90' lang='lat' dir='ltr'>quod</span> <span class='ocrx_word' id='word_1_406' title='bbox 3288 2192 3392 2273; x_wconf 89' lang='lat' dir='ltr'>qui</span> <span class='ocrx_word' id='word_1_407' title='bbox 3421 2195 3710 2259; x_wconf 89' lang='lat' dir='ltr'>seducere</span> 
     </span>
    </p>
   </div>
   <div class='ocr_carea' id='block_1_56' title="bbox 2085 2279 3725 2365">
    <p class='ocr_par' dir='ltr' id='par_1_56' title="bbox 2085 2279 3725 2365">
     <span class='ocr_line' id='line_1_56' title="bbox 2085 2279 3725 2365; baseline 0.004 -24"><span class='ocrx_word' id='word_1_408' title='bbox 2085 2288 2412 2361; x_wconf 71' lang='lat' dir='ltr'>coeperant,</span> <span class='ocrx_word' id='word_1_409' title='bbox 2450 2298 2819 2361; x_wconf 83' lang='lat' dir='ltr'>nequaquam</span> <span class='ocrx_word' id='word_1_410' title='bbox 2851 2279 3089 2355; x_wconf 80' lang='lat' dir='ltr'>sistent,</span> <span class='ocrx_word' id='word_1_411' title='bbox 3122 2280 3227 2342; x_wconf 91' lang='lat' dir='ltr'>sed</span> <span class='ocrx_word' id='word_1_412' title='bbox 3252 2281 3457 2361; x_wconf 85' lang='lat' dir='ltr'>pejora</span> <span class='ocrx_word' id='word_1_413' title='bbox 3485 2301 3725 2365; x_wconf 87' lang='lat' dir='ltr'>semper</span> 
     </span>
    </p>
   </div>
   <div class='ocr_carea' id='block_1_57' title="bbox 2087 2368 3724 2455">
    <p class='ocr_par' dir='ltr' id='par_1_57' title="bbox 2087 2368 3724 2455">
     <span class='ocr_line' id='line_1_57' title="bbox 2087 2368 3724 2455; baseline 0.004 -24"><span class='ocrx_word' id='word_1_414' title='bbox 2087 2368 2520 2448; x_wconf 80' lang='lat' dir='ltr'>excogitabunt,</span> <span class='ocrx_word' id='word_1_415' title='bbox 2556 2369 2652 2430; x_wconf 91' lang='lat' dir='ltr'>hic</span> <span class='ocrx_word' id='word_1_416' title='bbox 2681 2388 2821 2430; x_wconf 90' lang='lat' dir='ltr'>vero</span> <span class='ocrx_word' id='word_1_417' title='bbox 2852 2369 3008 2450; x_wconf 89' lang='lat' dir='ltr'>quod</span> <span class='ocrx_word' id='word_1_418' title='bbox 3034 2388 3152 2430; x_wconf 89' lang='lat' dir='ltr'>non</span> <span class='ocrx_word' id='word_1_419' title='bbox 3189 2370 3490 2449; x_wconf 89' lang='lat' dir='ltr'>decipient</span> <span class='ocrx_word' id='word_1_420' title='bbox 3530 2392 3724 2455; x_wconf 89' lang='lat' dir='ltr'>neque</span> 
     </span>
    </p>
   </div>
   <div class='ocr_carea' id='block_1_58' title="bbox 2087 2460 3720 2541">
    <p class='ocr_par' dir='ltr' id='par_1_58' title="bbox 2087 2460 3720 2541">
     <span class='ocr_line' id='line_1_58' title="bbox 2087 2460 3720 2541; baseline 0.004 -21"><span class='ocrx_word' id='word_1_421' title='bbox 2087 2462 2321 2540; x_wconf 86' lang='lat' dir='ltr'>rapieut</span> <span class='ocrx_word' id='word_1_422' title='bbox 2336 2461 2510 2540; x_wconf 85' lang='lat' dir='ltr'>longo</span> <span class='ocrx_word' id='word_1_423' title='bbox 2538 2468 2806 2541; x_wconf 89' lang='lat' dir='ltr'>tempore</span> <span class='ocrx_word' id='word_1_424' title='bbox 2825 2479 2926 2523; x_wconf 72' lang='lat' dir='ltr'>eos</span> <span class='ocrx_word' id='word_1_425' title='bbox 2948 2460 3051 2540; x_wconf 91' lang='lat' dir='ltr'>qui</span> <span class='ocrx_word' id='word_1_426' title='bbox 3065 2478 3224 2522; x_wconf 67' lang='lat' dir='ltr'>sanae</span> <span class='ocrx_word' id='word_1_427' title='bbox 3245 2462 3460 2524; x_wconf 90' lang='lat' dir='ltr'>mentis</span> <span class='ocrx_word' id='word_1_428' title='bbox 3479 2473 3638 2527; x_wconf 91' lang='lat' dir='ltr'>sunt.</span> <span class='ocrx_word' id='word_1_429' title='bbox 3657 2464 3720 2526; x_wconf 91' lang='lat' dir='ltr'>In</span> 
     </span>
    </p>
   </div>
   <div class='ocr_carea' id='block_1_59' title="bbox 2089 2548 3727 2629">
    <p class='ocr_par' dir='ltr' id='par_1_59' title="bbox 2089 2548 3727 2629">
     <span class='ocr_line' id='line_1_59' title="bbox 2089 2548 3727 2629; baseline 0.004 -19"><span class='ocrx_word' id='word_1_430' title='bbox 2089 2567 2402 2627; x_wconf 86' lang='lat' dir='ltr'>progressu</span> <span class='ocrx_word' id='word_1_431' title='bbox 2432 2549 2593 2611; x_wconf 89' lang='lat' dir='ltr'>enim</span> <span class='ocrx_word' id='word_1_432' title='bbox 2622 2551 2722 2623; x_wconf 90' lang='lat' dir='ltr'>ait,</span> <span class='ocrx_word' id='word_1_433' title='bbox 2762 2550 2920 2629; x_wconf 86' lang='lat' dir='ltr'>quod</span> <span class='ocrx_word' id='word_1_434' title='bbox 2953 2557 3014 2610; x_wconf 90' lang='lat' dir='ltr'>et</span> <span class='ocrx_word' id='word_1_435' title='bbox 3037 2548 3098 2610; x_wconf 88' lang='lat' dir='ltr'>in</span> <span class='ocrx_word' id='word_1_436' title='bbox 3132 2567 3397 2612; x_wconf 89' lang='lat' dir='ltr'>errorem</span> <span class='ocrx_word' id='word_1_437' title='bbox 3428 2551 3727 2619; x_wconf 79' lang='lat' dir='ltr'>adducent</span> 
     </span>
    </p>
   </div>
   <div class='ocr_carea' id='block_1_60' title="bbox 2091 2638 3726 2719">
    <p class='ocr_par' dir='ltr' id='par_1_60' title="bbox 2091 2638 3726 2719">
     <span class='ocr_line' id='line_1_60' title="bbox 2091 2638 3726 2719; baseline 0.004 -19"><span class='ocrx_word' id='word_1_438' title='bbox 2091 2646 2148 2700; x_wconf 91' lang='lat' dir='ltr'>et</span> <span class='ocrx_word' id='word_1_439' title='bbox 2177 2638 2291 2719; x_wconf 90' lang='lat' dir='ltr'>ipsi</span> <span class='ocrx_word' id='word_1_440' title='bbox 2317 2639 2621 2702; x_wconf 81' lang='lat' dir='ltr'>errabunt.</span> <span class='ocrx_word' id='word_1_441' title='bbox 2672 2638 2875 2719; x_wconf 85' lang='lat' dir='ltr'>Itaque</span> <span class='ocrx_word' id='word_1_442' title='bbox 2916 2639 3233 2719; x_wconf 87' lang='lat' dir='ltr'>potentiam</span> <span class='ocrx_word' id='word_1_443' title='bbox 3268 2639 3485 2701; x_wconf 88' lang='lat' dir='ltr'>habent</span> <span class='ocrx_word' id='word_1_444' title='bbox 3532 2642 3591 2703; x_wconf 93' lang='lat' dir='ltr'>in</span> <span class='ocrx_word' id='word_1_445' title='bbox 3624 2662 3726 2707; x_wconf 92' lang='lat' dir='ltr'>eos</span> 
     </span>
    </p>
   </div>
   <div class='ocr_carea' id='block_1_61' title="bbox 2088 2728 3724 2811">
    <p class='ocr_par' dir='ltr' id='par_1_61' title="bbox 2088 2728 3724 2811">
     <span class='ocr_line' id='line_1_61' title="bbox 2088 2728 3724 2811; baseline 0.005 -23"><span class='ocrx_word' id='word_1_446' title='bbox 2088 2728 2191 2809; x_wconf 88' lang='lat' dir='ltr'>qui</span> <span class='ocrx_word' id='word_1_447' title='bbox 2213 2728 2388 2790; x_wconf 82' lang='lat' dir='ltr'>facile</span> <span class='ocrx_word' id='word_1_448' title='bbox 2408 2730 2796 2791; x_wconf 89' lang='lat' dir='ltr'>seducuntur.</span> <span class='ocrx_word' id='word_1_449' title='bbox 2828 2728 3166 2809; x_wconf 77' lang='lat' dir='ltr'>«Siquidem</span> <span class='ocrx_word' id='word_1_450' title='bbox 3191 2730 3724 2811; x_wconf 82' lang='lat' dir='ltr'>amentiaipsorum</span> 
     </span>
    </p>
   </div>
   <div class='ocr_carea' id='block_1_62' title="bbox 2094 2816 3727 2884">
    <p class='ocr_par' dir='ltr' id='par_1_62' title="bbox 2094 2816 3727 2884">
     <span class='ocr_line' id='line_1_62' title="bbox 2094 2816 3727 2884; baseline 0.003 -5"><span class='ocrx_word' id='word_1_451' title='bbox 2094 2818 2338 2879; x_wconf 88' lang='lat' dir='ltr'>evidens</span> <span class='ocrx_word' id='word_1_452' title='bbox 2367 2818 2477 2879; x_wconf 91' lang='lat' dir='ltr'>erit</span> <span class='ocrx_word' id='word_1_453' title='bbox 2508 2818 2567 2878; x_wconf 89' lang='lat' dir='ltr'>in</span> <span class='ocrx_word' id='word_1_454' title='bbox 2601 2817 2901 2879; x_wconf 88' lang='lat' dir='ltr'>omnibus.</span> <span class='ocrx_word' id='word_1_455' title='bbox 2943 2842 2964 2874; x_wconf 79' lang='grc' dir='ltr'><strong>ο</strong></span> <span class='ocrx_word' id='word_1_456' title='bbox 3003 2816 3173 2880; x_wconf 91' lang='lat' dir='ltr'>Unde</span> <span class='ocrx_word' id='word_1_457' title='bbox 3203 2818 3316 2879; x_wconf 91' lang='lat' dir='ltr'>hoc</span> <span class='ocrx_word' id='word_1_458' title='bbox 3348 2820 3727 2884; x_wconf 81' lang='lat' dir='ltr'>manifestum</span> 
     </span>
    </p>
   </div>
   <div class='ocr_carea' id='block_1_63' title="bbox 2093 2907 3725 2987">
    <p class='ocr_par' dir='ltr' id='par_1_63' title="bbox 2093 2907 3725 2987">
     <span class='ocr_line' id='line_1_63' title="bbox 2093 2907 3725 2987; baseline 0.006 -22"><span class='ocrx_word' id='word_1_459' title='bbox 2093 2908 2228 2968; x_wconf 71' lang='lat' dir='ltr'>ist?</span> <span class='ocrx_word' id='word_1_460' title='bbox 2256 2909 2339 2970; x_wconf 85' lang='lat' dir='ltr'><strong>Ex</strong></span> <span class='ocrx_word' id='word_1_461' title='bbox 2371 2908 2463 2968; x_wconf 91' lang='lat' dir='ltr'>his</span> <span class='ocrx_word' id='word_1_462' title='bbox 2499 2925 2630 2987; x_wconf 70' lang='lat' dir='ltr'>quae</span> <span class='ocrx_word' id='word_1_463' title='bbox 2668 2908 2806 2969; x_wconf 90' lang='lat' dir='ltr'>olim</span> <span class='ocrx_word' id='word_1_464' title='bbox 2840 2907 2988 2969; x_wconf 84' lang='lat' dir='ltr'>facta</span> <span class='ocrx_word' id='word_1_465' title='bbox 3038 2917 3181 2968; x_wconf 88' lang='lat' dir='ltr'>sunt</span> <span class='ocrx_word' id='word_1_466' title='bbox 3227 2907 3475 2970; x_wconf 89' lang='lat' dir='ltr'>ﬁrmiter</span> <span class='ocrx_word' id='word_1_467' title='bbox 3522 2910 3725 2975; x_wconf 87' lang='lat' dir='ltr'>crede.</span> 
     </span>
    </p>
   </div>
   <div class='ocr_carea' id='block_1_64' title="bbox 2058 2994 3733 3061">
    <p class='ocr_par' dir='ltr' id='par_1_64' title="bbox 2058 2994 3733 3061">
     <span class='ocr_line' id='line_1_64' title="bbox 2058 2994 3733 3061; baseline 0.001 -2"><span class='ocrx_word' id='word_1_468' title='bbox 2058 3018 2069 3027; x_wconf 79' lang='grc'><strong>’</strong></span> <span class='ocrx_word' id='word_1_469' title='bbox 2088 2994 2234 3059; x_wconf 87' lang='lat' dir='ltr'>Nam</span> <span class='ocrx_word' id='word_1_470' title='bbox 2253 2997 2472 3058; x_wconf 89' lang='lat' dir='ltr'>malitia</span> <span class='ocrx_word' id='word_1_471' title='bbox 2484 2997 2653 3057; x_wconf 86' lang='lat' dir='ltr'>facile</span> <span class='ocrx_word' id='word_1_472' title='bbox 2666 2996 3060 3061; x_wconf 88' lang='lat' dir='ltr'>convincitur.</span> <span class='ocrx_word' id='word_1_473' title='bbox 3079 2994 3284 3058; x_wconf 75' lang='lat' dir='ltr'>—Ali0</span> <span class='ocrx_word' id='word_1_474' title='bbox 3305 2998 3569 3060; x_wconf 83' lang='lat' dir='ltr'>modo.Si</span> <span class='ocrx_word' id='word_1_475' title='bbox 3589 3000 3733 3061; x_wconf 89' lang='lat' dir='ltr'>mihi</span> 
     </span>
    </p>
   </div>
   <div class='ocr_carea' id='block_1_65' title="bbox 2019 3084 3731 3167">
    <p class='ocr_par' dir='ltr' id='par_1_65' title="bbox 2019 3084 3731 3167">
     <span class='ocr_line' id='line_1_65' title="bbox 2019 3084 3731 3167; baseline 0.002 -19"><span class='ocrx_word' id='word_1_476' title='bbox 2019 3096 2059 3148; x_wconf 92' lang='lat' dir='ltr'>C</span> <span class='ocrx_word' id='word_1_477' title='bbox 2085 3105 2203 3147; x_wconf 90' lang='lat' dir='ltr'>non</span> <span class='ocrx_word' id='word_1_478' title='bbox 2250 3086 2470 3166; x_wconf 82' lang='lat' dir='ltr'>credis,</span> <span class='ocrx_word' id='word_1_479' title='bbox 2528 3085 2743 3166; x_wconf 90' lang='lat' dir='ltr'>inquit,</span> <span class='ocrx_word' id='word_1_480' title='bbox 2790 3084 2863 3146; x_wconf 90' lang='lat' dir='ltr'>ab</span> <span class='ocrx_word' id='word_1_481' title='bbox 2900 3086 2991 3147; x_wconf 91' lang='lat' dir='ltr'>his</span> <span class='ocrx_word' id='word_1_482' title='bbox 3021 3084 3186 3146; x_wconf 88' lang='lat' dir='ltr'>disce</span> <span class='ocrx_word' id='word_1_483' title='bbox 3214 3103 3345 3166; x_wconf 87' lang='lat' dir='ltr'>quae</span> <span class='ocrx_word' id='word_1_484' title='bbox 3388 3088 3577 3167; x_wconf 83' lang='lat' dir='ltr'>magis</span> <span class='ocrx_word' id='word_1_485' title='bbox 3610 3088 3731 3151; x_wconf 87' lang='lat' dir='ltr'>illis</span> 
     </span>
    </p>
   </div>
   <div class='ocr_carea' id='block_1_66' title="bbox 361 3170 3734 3259">
    <p class='ocr_par' dir='ltr' id='par_1_66' title="bbox 361 3170 3734 3259">
     <span class='ocr_line' id='line_1_66' title="bbox 361 3170 3734 3259; baseline 0.003 -27"><span class='ocrx_word' id='word_1_486' title='bbox 361 3170 772 3252; x_wconf 81' lang='lat' dir='ltr'>contigerunt.</span> <span class='ocrx_word' id='word_1_487' title='bbox 803 3172 949 3238; x_wconf 79' lang='lat' dir='ltr'>Nam</span> <span class='ocrx_word' id='word_1_488' title='bbox 979 3184 1041 3240; x_wconf 89' lang='lat' dir='ltr'>et</span> <span class='ocrx_word' id='word_1_489' title='bbox 1066 3177 1157 3240; x_wconf 91' lang='lat' dir='ltr'>illi</span> <span class='ocrx_word' id='word_1_490' title='bbox 1214 3177 1467 3241; x_wconf 87' lang='lat' dir='ltr'>convicti</span> <span class='ocrx_word' id='word_1_491' title='bbox 1522 3184 1661 3240; x_wconf 90' lang='lat' dir='ltr'>sunt</span> <span class='ocrx_word' id='word_1_492' title='bbox 1716 3175 1876 3259; x_wconf 91' lang='lat' dir='ltr'>quod</span> <span class='ocrx_word' id='word_1_493' title='bbox 1917 3175 2284 3257; x_wconf 86' lang='lat' dir='ltr'>phantastica</span> <span class='ocrx_word' id='word_1_494' title='bbox 2314 3175 2599 3238; x_wconf 90' lang='lat' dir='ltr'>miracula</span> <span class='ocrx_word' id='word_1_495' title='bbox 2655 3174 2925 3251; x_wconf 89' lang='lat' dir='ltr'>ederent,</span> <span class='ocrx_word' id='word_1_496' title='bbox 2957 3193 3027 3236; x_wconf 86' lang='lat' dir='ltr'>ac</span> <span class='ocrx_word' id='word_1_497' title='bbox 3056 3175 3116 3235; x_wconf 90' lang='lat' dir='ltr'>in</span> <span class='ocrx_word' id='word_1_498' title='bbox 3150 3191 3413 3238; x_wconf 87' lang='lat' dir='ltr'>errorem</span> <span class='ocrx_word' id='word_1_499' title='bbox 3447 3176 3734 3241; x_wconf 90' lang='lat' dir='ltr'>ducerent</span> 
     </span>
    </p>
   </div>
   <div class='ocr_carea' id='block_1_67' title="bbox 360 3260 3648 3349">
    <p class='ocr_par' dir='ltr' id='par_1_67' title="bbox 360 3260 3648 3349">
     <span class='ocr_line' id='line_1_67' title="bbox 360 3260 3648 3349; baseline 0.002 -25"><span class='ocrx_word' id='word_1_500' title='bbox 360 3260 605 3341; x_wconf 85' lang='lat' dir='ltr'>quando</span> <span class='ocrx_word' id='word_1_501' title='bbox 637 3261 831 3329; x_wconf 74' lang='lat' dir='ltr'>Moses</span> <span class='ocrx_word' id='word_1_502' title='bbox 859 3282 997 3329; x_wconf 89' lang='lat' dir='ltr'>vera</span> <span class='ocrx_word' id='word_1_503' title='bbox 1023 3265 1237 3330; x_wconf 90' lang='lat' dir='ltr'>edebat</span> <span class='ocrx_word' id='word_1_504' title='bbox 1266 3267 1556 3349; x_wconf 78' lang='lat' dir='ltr'>prodigia.</span> <span class='ocrx_word' id='word_1_505' title='bbox 1592 3264 1807 3330; x_wconf 87' lang='lat' dir='ltr'>Omnia</span> <span class='ocrx_word' id='word_1_506' title='bbox 1835 3263 2034 3347; x_wconf 86' lang='lat' dir='ltr'>itaque</span> <span class='ocrx_word' id='word_1_507' title='bbox 2058 3283 2193 3346; x_wconf 81' lang='lat' dir='ltr'>quae</span> <span class='ocrx_word' id='word_1_508' title='bbox 2218 3265 2487 3327; x_wconf 81' lang='lat' dir='ltr'>fraudem</span> <span class='ocrx_word' id='word_1_509' title='bbox 2521 3263 2912 3337; x_wconf 88' lang='lat' dir='ltr'>iuducunt,ad</span> <span class='ocrx_word' id='word_1_510' title='bbox 2947 3271 3176 3342; x_wconf 88' lang='lat' dir='ltr'>tempus</span> <span class='ocrx_word' id='word_1_511' title='bbox 3206 3264 3395 3325; x_wconf 89' lang='lat' dir='ltr'>solum</span> <span class='ocrx_word' id='word_1_512' title='bbox 3428 3264 3648 3344; x_wconf 84' lang='lat' dir='ltr'>vigent.</span> 
     </span>
    </p>
   </div>
   <div class='ocr_carea' id='block_1_68' title="bbox 996 3347 1374 3419">
    <p class='ocr_par' dir='ltr' id='par_1_68' title="bbox 996 3347 1374 3419">
     <span class='ocr_line' id='line_1_68' title="bbox 996 3347 1374 3419; baseline 0.008 -3"><span class='ocrx_word' id='word_1_513' title='bbox 996 3363 1248 3419; x_wconf 79' lang='grc' dir='ltr'>ΚΕΦΛΛ.</span> <span class='ocrx_word' id='word_1_514' title='bbox 1268 3347 1374 3419; x_wconf 50' lang='grc' dir='ltr'>τ’.</span> 
     </span>
    </p>
   </div>
   <div class='ocr_carea' id='block_1_69' title="bbox 364 3444 2009 3524">
    <p class='ocr_par' dir='ltr' id='par_1_69' title="bbox 364 3444 2009 3524">
     <span class='ocr_line' id='line_1_69' title="bbox 364 3444 2009 3524; baseline 0.003 -26"><span class='ocrx_word' id='word_1_515' title='bbox 364 3466 397 3498; x_wconf 70' lang='grc' dir='ltr'><strong><em>κ</em></strong></span> <span class='ocrx_word' id='word_1_516' title='bbox 429 3445 716 3523; x_wconf 78' lang='grc' dir='ltr'>Προτροπὴ</span> <span class='ocrx_word' id='word_1_517' title='bbox 765 3450 866 3513; x_wconf 81' lang='grc' dir='ltr'>τῆς</span> <span class='ocrx_word' id='word_1_518' title='bbox 923 3444 1108 3505; x_wconf 77' lang='grc' dir='ltr'>ἑαυτοῦ</span> <span class='ocrx_word' id='word_1_519' title='bbox 1161 3448 1438 3524; x_wconf 79' lang='grc' dir='ltr'>μιμήσεως</span> <span class='ocrx_word' id='word_1_520' title='bbox 1495 3444 1547 3512; x_wconf 71' lang='grc' dir='ltr'>ἐξ</span> <span class='ocrx_word' id='word_1_521' title='bbox 1603 3447 1835 3504; x_wconf 79' lang='grc' dir='ltr'>ἐναντίου</span> <span class='ocrx_word' id='word_1_522' title='bbox 1892 3458 2009 3511; x_wconf 84' lang='grc' dir='ltr'>τοῖς</span> 
     </span>
    </p>
   </div>
   <div class='ocr_carea' id='block_1_70' title="bbox 757 3524 1614 3606">
    <p class='ocr_par' dir='ltr' id='par_1_70' title="bbox 757 3524 1614 3606">
     <span class='ocr_line' id='line_1_70' title="bbox 757 3524 1614 3606; baseline 0.001 -24"><span class='ocrx_word' id='word_1_523' title='bbox 757 3524 1002 3606; x_wconf 75' lang='grc' dir='ltr'>φαύλοις,</span> <span class='ocrx_word' id='word_1_524' title='bbox 1036 3529 1092 3583; x_wconf 73' lang='grc' dir='ltr'>ὲν</span> <span class='ocrx_word' id='word_1_525' title='bbox 1132 3527 1373 3605; x_wconf 79' lang='grc' dir='ltr'>ὑπομονῇ</span> <span class='ocrx_word' id='word_1_526' title='bbox 1396 3535 1548 3591; x_wconf 74' lang='grc' dir='ltr'>Θεεῦ,</span> <span class='ocrx_word' id='word_1_527' title='bbox 1586 3551 1614 3583; x_wconf 77' lang='lat' dir='ltr'>n</span> 
     </span>
    </p>
   </div>
   <div class='ocr_carea' id='block_1_71' title="bbox 448 3614 2008 3701">
    <p class='ocr_par' dir='ltr' id='par_1_71' title="bbox 448 3614 2008 3701">
     <span class='ocr_line' id='line_1_71' title="bbox 448 3614 2008 3701; baseline 0.004 -29"><span class='ocrx_word' id='word_1_528' title='bbox 448 3617 524 3672; x_wconf 81' lang='grc' dir='ltr'>Σὺ</span> <span class='ocrx_word' id='word_1_529' title='bbox 579 3614 633 3674; x_wconf 76' lang='grc' dir='ltr'>δὲ</span> <span class='ocrx_word' id='word_1_530' title='bbox 694 3618 1174 3699; x_wconf 85' lang='grc' dir='ltr'>παρηκολούθηκάς</span> <span class='ocrx_word' id='word_1_531' title='bbox 1234 3640 1347 3697; x_wconf 86' lang='grc' dir='ltr'>μου</span> <span class='ocrx_word' id='word_1_532' title='bbox 1413 3626 1483 3697; x_wconf 80' lang='grc' dir='ltr'>τῇ</span> <span class='ocrx_word' id='word_1_533' title='bbox 1549 3618 1878 3701; x_wconf 76' lang='grc' dir='ltr'>διδασκαλίᾳ,</span> <span class='ocrx_word' id='word_1_534' title='bbox 1937 3626 2008 3698; x_wconf 75' lang='grc' dir='ltr'>τῇ</span> 
     </span>
    </p>
   </div>
   <div class='ocr_carea' id='block_1_72' title="bbox 360 3700 2004 3789">
    <p class='ocr_par' dir='ltr' id='par_1_72' title="bbox 360 3700 2004 3789">
     <span class='ocr_line' id='line_1_72' title="bbox 360 3700 2004 3789; baseline -0.003 -20"><span class='ocrx_word' id='word_1_535' title='bbox 360 3700 582 3784; x_wconf 77' lang='grc' dir='ltr'>ἆγωγῇ,</span> <span class='ocrx_word' id='word_1_536' title='bbox 638 3712 709 3784; x_wconf 69' lang='grc' dir='ltr'>τῇ</span> <span class='ocrx_word' id='word_1_537' title='bbox 765 3707 1030 3789; x_wconf 83' lang='grc' dir='ltr'>πρόθέσει,</span> <span class='ocrx_word' id='word_1_538' title='bbox 1100 3713 1169 3785; x_wconf 81' lang='grc' dir='ltr'>τῇ</span> <span class='ocrx_word' id='word_1_539' title='bbox 1249 3707 1446 3781; x_wconf 82' lang='grc' dir='ltr'>πίστει,</span> <span class='ocrx_word' id='word_1_540' title='bbox 1530 3713 1598 3785; x_wconf 71' lang='grc' dir='ltr'>τῇ</span> <span class='ocrx_word' id='word_1_541' title='bbox 1654 3700 2004 3789; x_wconf 84' lang='grc' dir='ltr'>μακροθυμίᾳ,</span> 
     </span>
    </p>
   </div>
   <div class='ocr_carea' id='block_1_73' title="bbox 360 3794 2007 3877">
    <p class='ocr_par' dir='ltr' id='par_1_73' title="bbox 360 3794 2007 3877">
     <span class='ocr_line' id='line_1_73' title="bbox 360 3794 2007 3877; baseline 0.003 -28"><span class='ocrx_word' id='word_1_542' title='bbox 360 3800 435 3870; x_wconf 79' lang='grc' dir='ltr'>τῇ</span> <span class='ocrx_word' id='word_1_543' title='bbox 504 3794 717 3874; x_wconf 75' lang='grc' dir='ltr'>ἀγάπῃ,</span> <span class='ocrx_word' id='word_1_544' title='bbox 772 3801 842 3873; x_wconf 78' lang='grc' dir='ltr'>τῇ</span> <span class='ocrx_word' id='word_1_545' title='bbox 895 3796 1159 3873; x_wconf 68' lang='grc' dir='ltr'>ὑπομονῇ,</span> <span class='ocrx_word' id='word_1_546' title='bbox 1218 3810 1336 3862; x_wconf 87' lang='grc' dir='ltr'>τοῖς</span> <span class='ocrx_word' id='word_1_547' title='bbox 1406 3794 1692 3877; x_wconf 75' lang='grc' dir='ltr'>διωγμοῖς,</span> <span class='ocrx_word' id='word_1_548' title='bbox 1748 3810 1867 3861; x_wconf 81' lang='grc' dir='ltr'>τοῖς</span> <span class='ocrx_word' id='word_1_549' title='bbox 1894 3819 2007 3854; x_wconf 88' lang='grc' dir='ltr'>πα-</span> 
     </span>
    </p>
   </div>
   <div class='ocr_carea' id='block_1_74' title="bbox 357 3882 2010 3966">
    <p class='ocr_par' dir='ltr' id='par_1_74' title="bbox 357 3882 2010 3966">
     <span class='ocr_line' id='line_1_74' title="bbox 357 3882 2010 3966; baseline 0 -26"><span class='ocrx_word' id='word_1_550' title='bbox 357 3882 621 3965; x_wconf 78' lang='grc' dir='ltr'>θήμασιν,</span> <span class='ocrx_word' id='word_1_551' title='bbox 653 3885 750 3941; x_wconf 79' lang='grc' dir='ltr'>οἶά</span> <span class='ocrx_word' id='word_1_552' title='bbox 804 3883 1012 3964; x_wconf 73' lang='grc' dir='ltr'>ἐγένετο</span> <span class='ocrx_word' id='word_1_553' title='bbox 1053 3884 1108 3960; x_wconf 64' lang='grc' dir='ltr'>ἐν</span> <span class='ocrx_word' id='word_1_554' title='bbox 1165 3882 1491 3966; x_wconf 81' lang='grc' dir='ltr'>Ἀντιοχείᾳ,</span> <span class='ocrx_word' id='word_1_555' title='bbox 1555 3885 1610 3943; x_wconf 82' lang='grc' dir='ltr'>ἐν</span> <span class='ocrx_word' id='word_1_556' title='bbox 1682 3885 1907 3963; x_wconf 81' lang='grc' dir='ltr'>Ἰκονίῳ,</span> <span class='ocrx_word' id='word_1_557' title='bbox 1956 3884 2010 3941; x_wconf 81' lang='grc' dir='ltr'>ἐν</span> 
     </span>
    </p>
   </div>
   <div class='ocr_carea' id='block_1_75' title="bbox 2621 3349 3190 3414">
    <p class='ocr_par' dir='ltr' id='par_1_75' title="bbox 2621 3349 3190 3414">
     <span class='ocr_line' id='line_1_75' title="bbox 2621 3349 3190 3414; baseline -0.002 -1"><span class='ocrx_word' id='word_1_558' title='bbox 2621 3352 2762 3413; x_wconf 73' lang='grc'>274</span> <span class='ocrx_word' id='word_1_559' title='bbox 2791 3350 3029 3414; x_wconf 86' lang='lat' dir='ltr'>CAPUT</span> <span class='ocrx_word' id='word_1_560' title='bbox 3063 3349 3190 3414; x_wconf 82' lang='lat' dir='ltr'>VII.</span> 
     </span>
    </p>
   </div>
   <div class='ocr_carea' id='block_1_76' title="bbox 2091 3439 3735 3520">
    <p class='ocr_par' dir='ltr' id='par_1_76' title="bbox 2091 3439 3735 3520">
     <span class='ocr_line' id='line_1_76' title="bbox 2091 3439 3735 3520; baseline 0.002 -17"><span class='ocrx_word' id='word_1_561' title='bbox 2091 3441 2460 3505; x_wconf 60' lang='lat' dir='ltr'>Exhortatio</span> <span class='ocrx_word' id='word_1_562' title='bbox 2477 3448 2543 3505; x_wconf 86' lang='lat' dir='ltr'>ut</span> <span class='ocrx_word' id='word_1_563' title='bbox 2561 3459 2622 3504; x_wconf 86' lang='lat' dir='ltr'>se</span> <span class='ocrx_word' id='word_1_564' title='bbox 2635 3441 2970 3515; x_wconf 75' lang='lat' dir='ltr'>imitentur,</span> <span class='ocrx_word' id='word_1_565' title='bbox 2991 3439 3341 3520; x_wconf 76' lang='lat' dir='ltr'>opponmdo</span> <span class='ocrx_word' id='word_1_566' title='bbox 3360 3457 3425 3503; x_wconf 86' lang='lat' dir='ltr'>se</span> <span class='ocrx_word' id='word_1_567' title='bbox 3435 3444 3735 3520; x_wconf 77' lang='lat' dir='ltr'>perversis</span> 
     </span>
    </p>
   </div>
   <div class='ocr_carea' id='block_1_77' title="bbox 2436 3520 3384 3600">
    <p class='ocr_par' dir='ltr' id='par_1_77' title="bbox 2436 3520 3384 3600">
     <span class='ocr_line' id='line_1_77' title="bbox 2436 3520 3384 3600; baseline -0.003 -18"><span class='ocrx_word' id='word_1_568' title='bbox 2436 3527 2502 3583; x_wconf 84' lang='lat' dir='ltr'>in</span> <span class='ocrx_word' id='word_1_569' title='bbox 2529 3521 2860 3584; x_wconf 80' lang='lat' dir='ltr'>tolerantia</span> <span class='ocrx_word' id='word_1_570' title='bbox 2887 3528 3136 3600; x_wconf 82' lang='lat' dir='ltr'>propter</span> <span class='ocrx_word' id='word_1_571' title='bbox 3166 3520 3384 3580; x_wconf 86' lang='lat' dir='ltr'>Deum.</span> 
     </span>
    </p>
   </div>
   <div class='ocr_carea' id='block_1_78' title="bbox 2170 3608 3730 3688">
    <p class='ocr_par' dir='ltr' id='par_1_78' title="bbox 2170 3608 3730 3688">
     <span class='ocr_line' id='line_1_78' title="bbox 2170 3608 3730 3688; baseline -0.001 -16"><span class='ocrx_word' id='word_1_572' title='bbox 2170 3609 2399 3675; x_wconf 78' lang='lat'>11110-1</span> <span class='ocrx_word' id='word_1_573' title='bbox 2421 3614 2439 3673; x_wconf 86' lang='lat'><strong>1</strong></span> <span class='ocrx_word' id='word_1_574' title='bbox 2457 3656 2469 3667; x_wconf 93' lang='lat'>.</span> <span class='ocrx_word' id='word_1_575' title='bbox 2483 3609 2569 3673; x_wconf 90' lang='lat' dir='ltr'>Tu</span> <span class='ocrx_word' id='word_1_576' title='bbox 2592 3628 2729 3673; x_wconf 84' lang='lat' dir='ltr'>vero</span> <span class='ocrx_word' id='word_1_577' title='bbox 2742 3617 3073 3671; x_wconf 73' lang='grc' dir='ltr'>αεεευιιιηιε</span> <span class='ocrx_word' id='word_1_578' title='bbox 3083 3625 3144 3670; x_wconf 88' lang='lat' dir='ltr'>es</span> <span class='ocrx_word' id='word_1_579' title='bbox 3154 3624 3350 3669; x_wconf 88' lang='lat' dir='ltr'>meam</span> <span class='ocrx_word' id='word_1_580' title='bbox 3362 3608 3730 3688; x_wconf 73' lang='lat' dir='ltr'>doctrinam,</span> 
     </span>
    </p>
   </div>
   <div class='ocr_carea' id='block_1_79' title="bbox 2091 3697 3731 3779">
    <p class='ocr_par' dir='ltr' id='par_1_79' title="bbox 2091 3697 3731 3779">
     <span class='ocr_line' id='line_1_79' title="bbox 2091 3697 3731 3779; baseline -0.001 -17"><span class='ocrx_word' id='word_1_581' title='bbox 2091 3701 2553 3774; x_wconf 72' lang='lat' dir='ltr'>institutionem,</span> <span class='ocrx_word' id='word_1_582' title='bbox 2590 3703 2986 3779; x_wconf 75' lang='lat' dir='ltr'>propositum,</span> <span class='ocrx_word' id='word_1_583' title='bbox 3032 3697 3234 3777; x_wconf 79' lang='lat' dir='ltr'>fidem,</span> <span class='ocrx_word' id='word_1_584' title='bbox 3278 3698 3731 3777; x_wconf 75' lang='lat' dir='ltr'>longanimita-</span> 
     </span>
    </p>
   </div>
   <div class='ocr_carea' id='block_1_80' title="bbox 2090 3786 3736 3871">
    <p class='ocr_par' dir='ltr' id='par_1_80' title="bbox 2090 3786 3736 3871">
     <span class='ocr_line' id='line_1_80' title="bbox 2090 3786 3736 3871; baseline -0.002 -18"><span class='ocrx_word' id='word_1_585' title='bbox 2090 3796 2232 3871; x_wconf 88' lang='lat' dir='ltr'>tem,</span> <span class='ocrx_word' id='word_1_586' title='bbox 2256 3789 2633 3862; x_wconf 83' lang='lat' dir='ltr'>charitatem,</span> <span class='ocrx_word' id='word_1_587' title='bbox 2647 3788 3029 3869; x_wconf 75' lang='lat' dir='ltr'>patientiam,</span> <span class='ocrx_word' id='word_1_588' title='bbox 3045 3791 3515 3867; x_wconf 74' lang='lat' dir='ltr'>persecutiones,</span> <span class='ocrx_word' id='word_1_589' title='bbox 3540 3786 3736 3866; x_wconf 79' lang='lat' dir='ltr'>afﬂic-</span> 
     </span>
    </p>
   </div>
   <div class='ocr_carea' id='block_1_81' title="bbox 2092 3874 3738 3959">
    <p class='ocr_par' dir='ltr' id='par_1_81' title="bbox 2092 3874 3738 3959">
     <span class='ocr_line' id='line_1_81' title="bbox 2092 3874 3738 3959; baseline -0.002 -17"><span class='ocrx_word' id='word_1_590' title='bbox 2092 3886 2305 3953; x_wconf 84' lang='lat' dir='ltr'>ttones,</span> <span class='ocrx_word' id='word_1_591' title='bbox 2333 3895 2464 3959; x_wconf 74' lang='lat' dir='ltr'>qute</span> <span class='ocrx_word' id='word_1_592' title='bbox 2489 3879 2647 3941; x_wconf 82' lang='lat' dir='ltr'>mihi</span> <span class='ocrx_word' id='word_1_593' title='bbox 2706 3876 3060 3939; x_wconf 82' lang='lat' dir='ltr'>acciderunt</span> <span class='ocrx_word' id='word_1_594' title='bbox 3096 3874 3460 3959; x_wconf 47' lang='lat' dir='ltr'>Antiochiae,</span> <span class='ocrx_word' id='word_1_595' title='bbox 3520 3878 3738 3954; x_wconf 80' lang='lat' dir='ltr'>lconii,</span> 
     </span>
    </p>
   </div>
   <div class='ocr_carea' id='block_1_82' title="bbox 362 3956 2005 4055">
    <p class='ocr_par' dir='ltr' id='par_1_82' title="bbox 362 3956 2005 4055">
     <span class='ocr_line' id='line_1_82' title="bbox 362 3956 2005 4055; baseline 0.002 -28"><span class='ocrx_word' id='word_1_596' title='bbox 362 3956 645 4055; x_wconf 72' lang='grc' dir='ltr'>Λύστροις,</span> <span class='ocrx_word' id='word_1_597' title='bbox 678 3973 826 4039; x_wconf 63' lang='grc' dir='ltr'>οἵους</span> <span class='ocrx_word' id='word_1_598' title='bbox 845 3956 1119 4054; x_wconf 51' lang='grc' dir='ltr'>’διωγμοῦς</span> <span class='ocrx_word' id='word_1_599' title='bbox 1168 3956 1585 4053; x_wconf 39' lang='grc' dir='ltr'>ὑπήνεγκαξκαὶ</span> <span class='ocrx_word' id='word_1_600' title='bbox 1612 3975 1673 4032; x_wconf 78' lang='grc' dir='ltr'>ὲκ</span> <span class='ocrx_word' id='word_1_601' title='bbox 1701 3956 1913 4037; x_wconf 77' lang='grc' dir='ltr'>πάντων</span> <span class='ocrx_word' id='word_1_602' title='bbox 1943 3996 2005 4052; x_wconf 89' lang='grc' dir='ltr'>με</span> 
     </span>
    </p>
   </div>
   <div class='ocr_carea' id='block_1_83' title="bbox 2089 3956 3734 4055">
    <p class='ocr_par' dir='ltr' id='par_1_83' title="bbox 2089 3956 3734 4049">
     <span class='ocr_line' id='line_1_83' title="bbox 2089 3956 3734 4049; baseline 0 -20"><span class='ocrx_word' id='word_1_603' title='bbox 2089 3956 2359 4048; x_wconf 61' lang='lat' dir='ltr'>Lystris,</span> <span class='ocrx_word' id='word_1_604' title='bbox 2377 3986 2537 4049; x_wconf 83' lang='lat' dir='ltr'>quas.</span> <span class='ocrx_word' id='word_1_605' title='bbox 2544 3966 2991 4049; x_wconf 71' lang='lat' dir='ltr'>persecutiones</span> <span class='ocrx_word' id='word_1_606' title='bbox 3006 3966 3295 4031; x_wconf 83' lang='lat' dir='ltr'>sustinui.</span> <span class='ocrx_word' id='word_1_607' title='bbox 3305 3956 3394 4030; x_wconf 80' lang='lat' dir='ltr'>Et</span> <span class='ocrx_word' id='word_1_608' title='bbox 3421 3982 3498 4028; x_wconf 71' lang='lat' dir='ltr'>ea:</span> <span class='ocrx_word' id='word_1_609' title='bbox 3531 3967 3734 4029; x_wconf 88' lang='lat' dir='ltr'>omni-</span> 
     </span>
    </p>
   </div>
   <div class='ocr_carea' id='block_1_84' title="bbox 360 4056 2005 4144">
    <p class='ocr_par' dir='ltr' id='par_1_84' title="bbox 360 4059 984 4144">
     <span class='ocr_line' id='line_1_84' title="bbox 360 4059 984 4144; baseline -0.002 -27"><span class='ocrx_word' id='word_1_610' title='bbox 360 4059 618 4139; x_wconf 72' lang='grc' dir='ltr'>ὲρῤύσατο</span> <span class='ocrx_word' id='word_1_611' title='bbox 648 4064 678 4121; x_wconf 81' lang='grc' dir='ltr'>ὁ</span> <span class='ocrx_word' id='word_1_612' title='bbox 709 4064 920 4144; x_wconf 83' lang='grc' dir='ltr'>Κύριος,</span> <span class='ocrx_word' id='word_1_613' title='bbox 955 4082 984 4116; x_wconf 66' lang='grc' dir='ltr'><strong>ι</strong></span> 
     </span>
    </p>
   </div>
   <div class='ocr_carea' id='block_1_85' title="bbox 2089 4056 2938 4144">
    <p class='ocr_par' dir='ltr' id='par_1_85' title="bbox 2093 4056 2938 4138">
     <span class='ocr_line' id='line_1_85' title="bbox 2093 4056 2938 4138; baseline -0.005 -18"><span class='ocrx_word' id='word_1_614' title='bbox 2093 4057 2202 4120; x_wconf 87' lang='lat' dir='ltr'>bus</span> <span class='ocrx_word' id='word_1_615' title='bbox 2231 4059 2461 4138; x_wconf 78' lang='lat' dir='ltr'>eripuit</span> <span class='ocrx_word' id='word_1_616' title='bbox 2491 4074 2588 4119; x_wconf 89' lang='lat' dir='ltr'>me</span> <span class='ocrx_word' id='word_1_617' title='bbox 2617 4056 2938 4118; x_wconf 76' lang='lat' dir='ltr'>Dominus.</span> 
     </span>
    </p>
   </div>
   <div class='ocr_carea' id='block_1_86' title="bbox 449 4143 2005 4236">
    <p class='ocr_par' dir='ltr' id='par_1_86' title="bbox 449 4143 2005 4236">
     <span class='ocr_line' id='line_1_86' title="bbox 449 4143 2005 4236; baseline 0.001 -27"><span class='ocrx_word' id='word_1_618' title='bbox 449 4148 685 4213; x_wconf 78' lang='grc' dir='ltr'>Ἐκεῖνοι</span> <span class='ocrx_word' id='word_1_619' title='bbox 717 4143 839 4230; x_wconf 75' lang='grc' dir='ltr'>μὲν,</span> <span class='ocrx_word' id='word_1_620' title='bbox 870 4154 1022 4234; x_wconf 75' lang='grc' dir='ltr'>φησὶ,</span> <span class='ocrx_word' id='word_1_621' title='bbox 1055 4160 1307 4236; x_wconf 84' lang='grc' dir='ltr'>τοιοῦτοι,</span> <span class='ocrx_word' id='word_1_622' title='bbox 1350 4157 1413 4212; x_wconf 83' lang='grc' dir='ltr'>σὺ</span> <span class='ocrx_word' id='word_1_623' title='bbox 1467 4153 1524 4212; x_wconf 76' lang='grc' dir='ltr'>δὲ</span> <span class='ocrx_word' id='word_1_624' title='bbox 1578 4153 1733 4219; x_wconf 76' lang='grc' dir='ltr'>οἶδας</span> <span class='ocrx_word' id='word_1_625' title='bbox 1774 4154 1842 4213; x_wconf 79' lang='grc' dir='ltr'>τὰ</span> <span class='ocrx_word' id='word_1_626' title='bbox 1868 4153 2005 4230; x_wconf 73' lang='grc' dir='ltr'>ἡμέ-</span> 
     </span>
    </p>
   </div>
   <div class='ocr_carea' id='block_1_87' title="bbox 2089 4143 3739 4236">
    <p class='ocr_par' dir='ltr' id='par_1_87' title="bbox 2173 4143 3739 4236">
     <span class='ocr_line' id='line_1_87' title="bbox 2173 4143 3739 4236; baseline 0.001 -29"><span class='ocrx_word' id='word_1_627' title='bbox 2173 4145 2264 4208; x_wconf 92' lang='lat' dir='ltr'>llli</span> <span class='ocrx_word' id='word_1_628' title='bbox 2295 4145 2535 4236; x_wconf 86' lang='lat' dir='ltr'>quidem</span> <span class='ocrx_word' id='word_1_629' title='bbox 2559 4144 2721 4236; x_wconf 76' lang='lat' dir='ltr'>tales</span> <span class='ocrx_word' id='word_1_630' title='bbox 2735 4153 2905 4236; x_wconf 77' lang='lat' dir='ltr'>sunt,</span> <span class='ocrx_word' id='word_1_631' title='bbox 2935 4143 3144 4224; x_wconf 89' lang='lat' dir='ltr'>inquit,</span> <span class='ocrx_word' id='word_1_632' title='bbox 3169 4151 3231 4236; x_wconf 84' lang='lat' dir='ltr'>tu</span> <span class='ocrx_word' id='word_1_633' title='bbox 3255 4162 3394 4236; x_wconf 82' lang='lat' dir='ltr'>vero</span> <span class='ocrx_word' id='word_1_634' title='bbox 3419 4144 3575 4236; x_wconf 78' lang='lat' dir='ltr'>nosti</span> <span class='ocrx_word' id='word_1_635' title='bbox 3605 4164 3739 4236; x_wconf 83' lang='lat' dir='ltr'>mea</span> 
     </span>
    </p>
   </div>
   <div class='ocr_carea' id='block_1_88' title="bbox 364 4230 2005 4324">
    <p class='ocr_par' dir='ltr' id='par_1_88' title="bbox 364 4230 2005 4324">
     <span class='ocr_line' id='line_1_88' title="bbox 364 4230 2005 4324; baseline 0.002 -28"><span class='ocrx_word' id='word_1_636' title='bbox 364 4258 494 4320; x_wconf 76' lang='grc' dir='ltr'>τερα</span> <span class='ocrx_word' id='word_1_637' title='bbox 541 4239 772 4319; x_wconf 83' lang='grc' dir='ltr'>ἀκριϐῶς</span> <span class='ocrx_word' id='word_1_638' title='bbox 828 4230 897 4302; x_wconf 26' lang='grc' dir='ltr'>οὖν</span> <span class='ocrx_word' id='word_1_639' title='bbox 941 4250 1179 4304; x_wconf 83' lang='grc' dir='ltr'>τοιαῦτα.</span> <span class='ocrx_word' id='word_1_640' title='bbox 1253 4230 1326 4303; x_wconf 68' lang='grc' dir='ltr'>Οῦ</span> <span class='ocrx_word' id='word_1_641' title='bbox 1395 4244 1496 4324; x_wconf 82' lang='grc' dir='ltr'>γὰρ</span> <span class='ocrx_word' id='word_1_642' title='bbox 1553 4242 1737 4307; x_wconf 88' lang='grc' dir='ltr'>ἀπλῶς</span> <span class='ocrx_word' id='word_1_643' title='bbox 1795 4242 2005 4322; x_wconf 84' lang='grc' dir='ltr'>συνεγέ-</span> 
     </span>
    </p>
   </div>
   <div class='ocr_carea' id='block_1_89' title="bbox 2089 4230 3735 4324">
    <p class='ocr_par' dir='ltr' id='par_1_89' title="bbox 2096 4230 3735 4317">
     <span class='ocr_line' id='line_1_89' title="bbox 2096 4230 3735 4317; baseline 0.001 -21"><span class='ocrx_word' id='word_1_644' title='bbox 2096 4254 2216 4297; x_wconf 89' lang='lat' dir='ltr'>non</span> <span class='ocrx_word' id='word_1_645' title='bbox 2246 4253 2378 4297; x_wconf 92' lang='lat' dir='ltr'>esse</span> <span class='ocrx_word' id='word_1_646' title='bbox 2409 4230 2776 4317; x_wconf 71' lang='lat' dir='ltr'>huiusmodi.</span> <span class='ocrx_word' id='word_1_647' title='bbox 2835 4234 3044 4313; x_wconf 87' lang='lat' dir='ltr'>Neque</span> <span class='ocrx_word' id='word_1_648' title='bbox 3087 4232 3244 4294; x_wconf 88' lang='lat' dir='ltr'>enim</span> <span class='ocrx_word' id='word_1_649' title='bbox 3305 4233 3527 4313; x_wconf 77' lang='lat' dir='ltr'>vulgari</span> <span class='ocrx_word' id='word_1_650' title='bbox 3561 4234 3735 4297; x_wconf 91' lang='lat' dir='ltr'>modo</span> 
     </span>
    </p>
   </div>
   <div class='ocr_carea' id='block_1_90' title="bbox 370 4322 2005 4414">
    <p class='ocr_par' dir='ltr' id='par_1_90' title="bbox 370 4322 2005 4414">
     <span class='ocr_line' id='line_1_90' title="bbox 370 4322 2005 4414; baseline 0.002 -28"><span class='ocrx_word' id='word_1_651' title='bbox 370 4351 483 4409; x_wconf 86' lang='grc' dir='ltr'>νου,</span> <span class='ocrx_word' id='word_1_652' title='bbox 529 4328 667 4388; x_wconf 86' lang='grc' dir='ltr'>ἀλλά</span> <span class='ocrx_word' id='word_1_653' title='bbox 719 4330 1213 4410; x_wconf 81' lang='grc' dir='ltr'>παρηκολούθηκας,</span> <span class='ocrx_word' id='word_1_654' title='bbox 1286 4322 1548 4414; x_wconf 69' lang='grc' dir='ltr'>τουτέστι,</span> <span class='ocrx_word' id='word_1_655' title='bbox 1632 4333 1832 4411; x_wconf 80' lang='grc' dir='ltr'>μακρὸν</span> <span class='ocrx_word' id='word_1_656' title='bbox 1886 4353 2005 4389; x_wconf 90' lang='grc' dir='ltr'>συν-</span> 
     </span>
    </p>
   </div>
   <div class='ocr_carea' id='block_1_91' title="bbox 2089 4322 3737 4414">
    <p class='ocr_par' dir='ltr' id='par_1_91' title="bbox 2095 4322 3737 4414">
     <span class='ocr_line' id='line_1_91' title="bbox 2095 4322 3737 4414; baseline -0.001 -29"><span class='ocrx_word' id='word_1_657' title='bbox 2095 4324 2356 4400; x_wconf 79' lang='lat' dir='ltr'>adfuisti,</span> <span class='ocrx_word' id='word_1_658' title='bbox 2412 4327 2512 4387; x_wconf 90' lang='lat' dir='ltr'>sed</span> <span class='ocrx_word' id='word_1_659' title='bbox 2566 4322 2745 4385; x_wconf 88' lang='lat' dir='ltr'>etiam</span> <span class='ocrx_word' id='word_1_660' title='bbox 2802 4329 3130 4385; x_wconf 87' lang='lat' dir='ltr'>assectatus</span> <span class='ocrx_word' id='word_1_661' title='bbox 3179 4339 3275 4414; x_wconf 82' lang='lat' dir='ltr'>es,</span> <span class='ocrx_word' id='word_1_662' title='bbox 3306 4322 3417 4414; x_wconf 81' lang='lat' dir='ltr'>hoc</span> <span class='ocrx_word' id='word_1_663' title='bbox 3449 4330 3538 4384; x_wconf 91' lang='lat' dir='ltr'>est</span> <span class='ocrx_word' id='word_1_664' title='bbox 3563 4323 3737 4401; x_wconf 83' lang='lat' dir='ltr'>longo</span> 
     </span>
    </p>
   </div>
   <div class='ocr_carea' id='block_1_92' title="bbox 367 4410 2005 4501">
    <p class='ocr_par' dir='ltr' id='par_1_92' title="bbox 367 4410 2005 4501">
     <span class='ocr_line' id='line_1_92' title="bbox 367 4410 2005 4501; baseline 0.005 -28"><span class='ocrx_word' id='word_1_665' title='bbox 367 4417 553 4495; x_wconf 77' lang='grc' dir='ltr'>εγένου</span> <span class='ocrx_word' id='word_1_666' title='bbox 582 4441 674 4494; x_wconf 89' lang='grc' dir='ltr'>μοι</span> <span class='ocrx_word' id='word_1_667' title='bbox 705 4422 925 4499; x_wconf 85' lang='grc' dir='ltr'>χρόνον,</span> <span class='ocrx_word' id='word_1_668' title='bbox 978 4422 1069 4477; x_wconf 86' lang='grc' dir='ltr'>καὶ</span> <span class='ocrx_word' id='word_1_669' title='bbox 1110 4427 1243 4477; x_wconf 82' lang='grc' dir='ltr'>πᾶσι</span> <span class='ocrx_word' id='word_1_670' title='bbox 1306 4410 1599 4501; x_wconf 43' lang='grc' dir='ltr'>προσεῖχξες</span> <span class='ocrx_word' id='word_1_671' title='bbox 1667 4410 1786 4484; x_wconf 81' lang='grc' dir='ltr'>τοῖς</span> <span class='ocrx_word' id='word_1_672' title='bbox 1828 4419 2005 4496; x_wconf 81' lang='grc' dir='ltr'>ἐμοῖς.</span> 
     </span>
    </p>
   </div>
   <div class='ocr_carea' id='block_1_93' title="bbox 2089 4410 3742 4501">
    <p class='ocr_par' dir='ltr' id='par_1_93' title="bbox 2099 4410 3742 4501">
     <span class='ocr_line' id='line_1_93' title="bbox 2099 4410 3742 4501; baseline -0.002 -26"><span class='ocrx_word' id='word_1_673' title='bbox 2099 4421 2368 4494; x_wconf 90' lang='lat' dir='ltr'>tempore</span> <span class='ocrx_word' id='word_1_674' title='bbox 2392 4431 2620 4475; x_wconf 92' lang='lat' dir='ltr'>mecum</span> <span class='ocrx_word' id='word_1_675' title='bbox 2646 4419 2910 4473; x_wconf 90' lang='lat' dir='ltr'>versatus</span> <span class='ocrx_word' id='word_1_676' title='bbox 2932 4427 3019 4486; x_wconf 89' lang='lat' dir='ltr'>es,</span> <span class='ocrx_word' id='word_1_677' title='bbox 3046 4411 3193 4472; x_wconf 85' lang='lat' dir='ltr'>etad</span> <span class='ocrx_word' id='word_1_678' title='bbox 3231 4410 3430 4472; x_wconf 87' lang='lat' dir='ltr'>omnia</span> <span class='ocrx_word' id='word_1_679' title='bbox 3446 4428 3577 4490; x_wconf 68' lang='lat' dir='ltr'>quae</span> <span class='ocrx_word' id='word_1_680' title='bbox 3609 4427 3742 4501; x_wconf 80' lang='lat' dir='ltr'>mea</span> 
     </span>
    </p>
   </div>
   <div class='ocr_carea' id='block_1_94' title="bbox 372 4497 2005 4612">
    <p class='ocr_par' dir='ltr' id='par_1_94' title="bbox 372 4497 2005 4612">
     <span class='ocr_line' id='line_1_94' title="bbox 372 4497 2005 4612; baseline 0.002 -51"><span class='ocrx_word' id='word_1_681' title='bbox 372 4516 473 4563; x_wconf 79' lang='grc' dir='ltr'>Δεῖ</span> <span class='ocrx_word' id='word_1_682' title='bbox 515 4508 607 4566; x_wconf 77' lang='grc' dir='ltr'>οὖν</span> <span class='ocrx_word' id='word_1_683' title='bbox 633 4526 694 4564; x_wconf 86' lang='grc' dir='ltr'>σε</span> <span class='ocrx_word' id='word_1_684' title='bbox 711 4497 774 4564; x_wconf 60' lang='lat' dir='ltr'>t1.</span> <span class='ocrx_word' id='word_1_685' title='bbox 813 4507 920 4575; x_wconf 73' lang='grc' dir='ltr'>ἕξει</span> <span class='ocrx_word' id='word_1_686' title='bbox 952 4508 1256 4588; x_wconf 85' lang='grc' dir='ltr'>-γενόμενον</span> <span class='ocrx_word' id='word_1_687' title='bbox 1306 4497 1413 4569; x_wconf 85' lang='grc' dir='ltr'>τῶν</span> <span class='ocrx_word' id='word_1_688' title='bbox 1483 4497 1724 4612; x_wconf 36' lang='grc' dir='ltr'>εῦσεϐῶν</span> <span class='ocrx_word' id='word_1_689' title='bbox 1744 4506 2005 4612; x_wconf 48' lang='grc' dir='ltr'>’διδάγμά-</span> 
     </span>
    </p>
   </div>
   <div class='ocr_carea' id='block_1_95' title="bbox 2089 4497 3741 4612">
    <p class='ocr_par' dir='ltr' id='par_1_95' title="bbox 2096 4497 3741 4612">
     <span class='ocr_line' id='line_1_95' title="bbox 2096 4497 3741 4581; baseline -0.003 -18"><span class='ocrx_word' id='word_1_690' title='bbox 2096 4511 2263 4564; x_wconf 90' lang='lat' dir='ltr'>erant</span> <span class='ocrx_word' id='word_1_691' title='bbox 2284 4502 2546 4563; x_wconf 90' lang='lat' dir='ltr'>animum</span> <span class='ocrx_word' id='word_1_692' title='bbox 2565 4500 2925 4581; x_wconf 87' lang='lat' dir='ltr'>applicuisti.</span> <span class='ocrx_word' id='word_1_693' title='bbox 2945 4501 3206 4562; x_wconf 88' lang='lat' dir='ltr'>Necesse</span> <span class='ocrx_word' id='word_1_694' title='bbox 3228 4508 3318 4561; x_wconf 88' lang='lat' dir='ltr'>est</span> <span class='ocrx_word' id='word_1_695' title='bbox 3333 4499 3510 4578; x_wconf 86' lang='lat' dir='ltr'>igitur</span> <span class='ocrx_word' id='word_1_696' title='bbox 3532 4506 3609 4573; x_wconf 90' lang='lat' dir='ltr'>te,</span> <span class='ocrx_word' id='word_1_697' title='bbox 3637 4497 3741 4579; x_wconf 90' lang='lat' dir='ltr'>qui</span> 
     </span>
     <span class='ocr_line' id='line_1_96' title="bbox 2103 4582 3708 4612; baseline 0 0"><span class='ocrx_word' id='word_1_698' title='bbox 2103 4592 2146 4612; x_wconf 70' lang='grc' dir='ltr'>Ξ-</span> <span class='ocrx_word' id='word_1_699' title='bbox 2181 4610 2208 4612; x_wconf 73' lang='lat'>__</span> <span class='ocrx_word' id='word_1_700' title='bbox 2235 4590 2289 4612; x_wconf 28' lang='grc' dir='ltr'>ξφ</span> <span class='ocrx_word' id='word_1_701' title='bbox 2313 4609 2436 4612; x_wconf 58' lang='lat'>___-,</span> <span class='ocrx_word' id='word_1_702' title='bbox 2457 4590 2644 4612; x_wconf 38' lang='grc' dir='ltr'>,ιαΔξᾼ</span> <span class='ocrx_word' id='word_1_703' title='bbox 2667 4608 2746 4612; x_wconf 24' lang='grc' dir='ltr'>Αξ--</span> <span class='ocrx_word' id='word_1_704' title='bbox 2778 4610 2800 4612; x_wconf 41' lang='grc' dir='ltr'>η</span> <span class='ocrx_word' id='word_1_705' title='bbox 2823 4588 3092 4612; x_wconf 63' lang='lat' dir='ltr'>-.._--._£-A2</span> <span class='ocrx_word' id='word_1_706' title='bbox 3125 4582 3348 4612; x_wconf 61' lang='lat'>_.:&#39;._._-_..</span> <span class='ocrx_word' id='word_1_707' title='bbox 3380 4589 3708 4612; x_wconf 40' lang='grc' dir='ltr'>,.ΙΑ......ι....Δ</span> 
     </span>
    </p>
   </div>
   <div class='ocr_carea' id='block_1_96' title="bbox 369 4588 2005 4678">
    <p class='ocr_par' dir='ltr' id='par_1_96' title="bbox 369 4595 2005 4678">
     <span class='ocr_line' id='line_1_97' title="bbox 369 4595 2005 4678; baseline 0.002 -26"><span class='ocrx_word' id='word_1_708' title='bbox 369 4608 504 4671; x_wconf 83' lang='grc' dir='ltr'>των,</span> <span class='ocrx_word' id='word_1_709' title='bbox 560 4597 938 4678; x_wconf 84' lang='grc' dir='ltr'>ἀπερίτρεπτον</span> <span class='ocrx_word' id='word_1_710' title='bbox 1006 4611 1167 4676; x_wconf 84' lang='grc' dir='ltr'>εῖναι,</span> <span class='ocrx_word' id='word_1_711' title='bbox 1240 4621 1270 4654; x_wconf 76' lang='grc' dir='ltr'>α</span> <span class='ocrx_word' id='word_1_712' title='bbox 1339 4604 1418 4676; x_wconf 75' lang='grc' dir='ltr'>Τῇ</span> <span class='ocrx_word' id='word_1_713' title='bbox 1486 4595 1813 4671; x_wconf 78' lang='grc' dir='ltr'>διδασκαλίᾳ.</span> <span class='ocrx_word' id='word_1_714' title='bbox 1852 4620 1875 4653; x_wconf 72' lang='grc' dir='ltr'>ο</span> <span class='ocrx_word' id='word_1_715' title='bbox 1938 4602 2005 4673; x_wconf 61' lang='grc' dir='ltr'>Τῇ</span> 
     </span>
    </p>
   </div>
   <div class='ocr_carea' id='block_1_97' title="bbox 2089 4588 3737 4678">
    <p class='ocr_par' dir='ltr' id='par_1_97' title="bbox 2092 4588 3737 4678">
     <span class='ocr_line' id='line_1_98' title="bbox 2092 4588 3737 4678; baseline -0.003 -25"><span class='ocrx_word' id='word_1_716' title='bbox 2092 4592 2218 4671; x_wconf 87' lang='lat' dir='ltr'>jam</span> <span class='ocrx_word' id='word_1_717' title='bbox 2234 4590 2753 4653; x_wconf 88' lang='lat' dir='ltr'>inassuetudinem</span> <span class='ocrx_word' id='word_1_718' title='bbox 2775 4588 3096 4671; x_wconf 89' lang='lat' dir='ltr'>pervenisti</span> <span class='ocrx_word' id='word_1_719' title='bbox 3125 4588 3353 4668; x_wconf 84' lang='lat' dir='ltr'>piorum</span> <span class='ocrx_word' id='word_1_720' title='bbox 3375 4589 3737 4678; x_wconf 81' lang='lat' dir='ltr'>dogmatum,</span> 
     </span>
    </p>
   </div>
   <div class='ocr_carea' id='block_1_98' title="bbox 370 4684 2013 4768">
    <p class='ocr_par' dir='ltr' id='par_1_98' title="bbox 370 4684 2013 4768">
     <span class='ocr_line' id='line_1_99' title="bbox 370 4684 2013 4768; baseline 0.001 -26"><span class='ocrx_word' id='word_1_721' title='bbox 370 4686 491 4765; x_wconf 82' lang='grc' dir='ltr'>περὶ</span> <span class='ocrx_word' id='word_1_722' title='bbox 542 4687 612 4744; x_wconf 79' lang='grc' dir='ltr'>τὰ</span> <span class='ocrx_word' id='word_1_723' title='bbox 666 4684 930 4766; x_wconf 85' lang='grc' dir='ltr'>δόγματα,</span> <span class='ocrx_word' id='word_1_724' title='bbox 984 4710 1012 4743; x_wconf 71' lang='grc' dir='ltr'>ι</span> <span class='ocrx_word' id='word_1_725' title='bbox 1072 4686 1314 4767; x_wconf 77' lang='grc' dir='ltr'>Ἀγωγῇ,</span> <span class='ocrx_word' id='word_1_726' title='bbox 1380 4710 1404 4744; x_wconf 68' lang='grc' dir='ltr'>ι</span> <span class='ocrx_word' id='word_1_727' title='bbox 1471 4694 1538 4763; x_wconf 70' lang='grc' dir='ltr'>τῇ</span> <span class='ocrx_word' id='word_1_728' title='bbox 1578 4687 1697 4768; x_wconf 83' lang='grc' dir='ltr'>περὶ</span> <span class='ocrx_word' id='word_1_729' title='bbox 1746 4688 1838 4743; x_wconf 82' lang='grc' dir='ltr'>τὸν</span> <span class='ocrx_word' id='word_1_730' title='bbox 1879 4686 2013 4763; x_wconf 87' lang='grc' dir='ltr'>βίον.</span> 
     </span>
    </p>
   </div>
   <div class='ocr_carea' id='block_1_99' title="bbox 370 4773 2013 4857">
    <p class='ocr_par' dir='ltr' id='par_1_99' title="bbox 370 4773 2013 4857">
     <span class='ocr_line' id='line_1_100' title="bbox 370 4773 2013 4857; baseline -0.001 -28"><span class='ocrx_word' id='word_1_731' title='bbox 370 4779 495 4839; x_wconf 87' lang='grc' dir='ltr'>Πῶς</span> <span class='ocrx_word' id='word_1_732' title='bbox 522 4774 761 4853; x_wconf 73' lang='grc' dir='ltr'>ἠγόμην,</span> <span class='ocrx_word' id='word_1_733' title='bbox 793 4777 977 4857; x_wconf 72' lang='grc' dir='ltr'>φησὶν,</span> <span class='ocrx_word' id='word_1_734' title='bbox 1020 4776 1075 4834; x_wconf 80' lang='grc' dir='ltr'>ἐν</span> <span class='ocrx_word' id='word_1_735' title='bbox 1102 4782 1173 4853; x_wconf 80' lang='grc' dir='ltr'>τῇ</span> <span class='ocrx_word' id='word_1_736' title='bbox 1201 4775 1467 4849; x_wconf 80' lang='grc' dir='ltr'>πολιτείᾳ.</span> <span class='ocrx_word' id='word_1_737' title='bbox 1503 4798 1526 4832; x_wconf 77' lang='grc' dir='ltr'>ι</span> <span class='ocrx_word' id='word_1_738' title='bbox 1563 4781 1643 4853; x_wconf 79' lang='grc' dir='ltr'>Τῇ</span> <span class='ocrx_word' id='word_1_739' title='bbox 1684 4773 1948 4855; x_wconf 80' lang='grc' dir='ltr'>προθέσει.</span> <span class='ocrx_word' id='word_1_740' title='bbox 1985 4795 2013 4828; x_wconf 73' lang='grc' dir='ltr'><em>ι</em></span> 
     </span>
    </p>
   </div>
   <div class='ocr_carea' id='block_1_100' title="bbox 369 4866 2013 4947">
    <p class='ocr_par' dir='ltr' id='par_1_100' title="bbox 369 4866 2013 4947">
     <span class='ocr_line' id='line_1_101' title="bbox 369 4866 2013 4947; baseline 0.004 -27"><span class='ocrx_word' id='word_1_741' title='bbox 369 4867 504 4921; x_wconf 77' lang='grc' dir='ltr'>Οἷον</span> <span class='ocrx_word' id='word_1_742' title='bbox 532 4871 601 4942; x_wconf 77' lang='grc' dir='ltr'>τῇ</span> <span class='ocrx_word' id='word_1_743' title='bbox 627 4866 908 4947; x_wconf 80' lang='grc' dir='ltr'>προθυμίᾳ,</span> <span class='ocrx_word' id='word_1_744' title='bbox 953 4868 1043 4923; x_wconf 83' lang='grc' dir='ltr'>καὶ</span> <span class='ocrx_word' id='word_1_745' title='bbox 1094 4872 1173 4941; x_wconf 84' lang='grc' dir='ltr'>τῷ</span> <span class='ocrx_word' id='word_1_746' title='bbox 1227 4866 1603 4946; x_wconf 78' lang='grc' dir='ltr'>παραστήματι</span> <span class='ocrx_word' id='word_1_747' title='bbox 1655 4870 1754 4933; x_wconf 78' lang='grc' dir='ltr'>τῆς</span> <span class='ocrx_word' id='word_1_748' title='bbox 1809 4867 2013 4944; x_wconf 73' lang='grc' dir='ltr'>ψυχῆς.</span> 
     </span>
    </p>
   </div>
   <div class='ocr_carea' id='block_1_101' title="bbox 374 4952 2017 5032">
    <p class='ocr_par' dir='ltr' id='par_1_101' title="bbox 374 4952 2017 5032">
     <span class='ocr_line' id='line_1_102' title="bbox 374 4952 2017 5032; baseline 0.001 -26"><span class='ocrx_word' id='word_1_749' title='bbox 374 4974 406 5006; x_wconf 73' lang='grc' dir='ltr'>α</span> <span class='ocrx_word' id='word_1_750' title='bbox 441 4958 523 5031; x_wconf 75' lang='grc' dir='ltr'>Τῇ</span> <span class='ocrx_word' id='word_1_751' title='bbox 548 4952 743 5030; x_wconf 84' lang='grc' dir='ltr'>πίστει,</span> <span class='ocrx_word' id='word_1_752' title='bbox 781 4977 811 5011; x_wconf 73' lang='grc' dir='ltr'><strong><em>ι</em></strong></span> <span class='ocrx_word' id='word_1_753' title='bbox 844 4961 925 5032; x_wconf 76' lang='grc' dir='ltr'>Τῇ</span> <span class='ocrx_word' id='word_1_754' title='bbox 952 4954 1008 5010; x_wconf 75' lang='grc' dir='ltr'>ἐν</span> <span class='ocrx_word' id='word_1_755' title='bbox 1033 4966 1155 5019; x_wconf 87' lang='grc' dir='ltr'>τοῖς</span> <span class='ocrx_word' id='word_1_756' title='bbox 1196 4952 1476 5032; x_wconf 81' lang='grc' dir='ltr'>κινδύνοις,</span> <span class='ocrx_word' id='word_1_757' title='bbox 1534 4958 1604 5030; x_wconf 78' lang='grc' dir='ltr'>τῇ</span> <span class='ocrx_word' id='word_1_758' title='bbox 1644 4953 1723 5029; x_wconf 81' lang='grc' dir='ltr'>μὴ</span> <span class='ocrx_word' id='word_1_759' title='bbox 1752 4952 2017 5031; x_wconf 87' lang='grc' dir='ltr'>ἀπογινώ-</span> 
     </span>
    </p>
   </div>
   <div class='ocr_carea' id='block_1_102' title="bbox 371 5038 2018 5120">
    <p class='ocr_par' dir='ltr' id='par_1_102' title="bbox 371 5038 2018 5120">
     <span class='ocr_line' id='line_1_103' title="bbox 371 5038 2018 5120; baseline 0.005 -24"><span class='ocrx_word' id='word_1_760' title='bbox 371 5056 521 5097; x_wconf 85' lang='grc' dir='ltr'>σκειν</span> <span class='ocrx_word' id='word_1_761' title='bbox 567 5043 818 5120; x_wconf 73' lang='grc' dir='ltr'>ποιούσῃ,</span> <span class='ocrx_word' id='word_1_762' title='bbox 864 5041 1003 5103; x_wconf 87' lang='grc' dir='ltr'>ἀλλά</span> <span class='ocrx_word' id='word_1_763' title='bbox 1056 5043 1319 5101; x_wconf 80' lang='grc' dir='ltr'>πιστεύειν</span> <span class='ocrx_word' id='word_1_764' title='bbox 1376 5049 1454 5118; x_wconf 81' lang='grc' dir='ltr'>τῷ</span> <span class='ocrx_word' id='word_1_765' title='bbox 1508 5046 1625 5115; x_wconf 84' lang='grc' dir='ltr'>Θεῷ</span> <span class='ocrx_word' id='word_1_766' title='bbox 1672 5039 1752 5096; x_wconf 80' lang='grc' dir='ltr'>ὅτι</span> <span class='ocrx_word' id='word_1_767' title='bbox 1795 5038 2018 5105; x_wconf 74' lang='grc' dir='ltr'>,ἐξελεῖ-</span> 
     </span>
    </p>
   </div>
   <div class='ocr_carea' id='block_1_103' title="bbox 370 5126 2018 5213">
    <p class='ocr_par' dir='ltr' id='par_1_103' title="bbox 370 5126 2018 5213">
     <span class='ocr_line' id='line_1_104' title="bbox 370 5126 2018 5213; baseline 0 -28"><span class='ocrx_word' id='word_1_768' title='bbox 370 5150 484 5193; x_wconf 81' lang='grc' dir='ltr'>ται.</span> <span class='ocrx_word' id='word_1_769' title='bbox 524 5150 549 5187; x_wconf 74' lang='grc' dir='ltr'>ο</span> <span class='ocrx_word' id='word_1_770' title='bbox 584 5137 665 5209; x_wconf 77' lang='grc' dir='ltr'>Τῇ</span> <span class='ocrx_word' id='word_1_771' title='bbox 690 5132 1042 5212; x_wconf 61' lang='grc' dir='ltr'>μακροθυμίᾳ.</span> <span class='ocrx_word' id='word_1_772' title='bbox 1078 5159 1104 5192; x_wconf 84' lang='grc'><strong>››</strong></span> <span class='ocrx_word' id='word_1_773' title='bbox 1165 5135 1311 5208; x_wconf 84' lang='grc' dir='ltr'>Πῶς,</span> <span class='ocrx_word' id='word_1_774' title='bbox 1348 5132 1551 5213; x_wconf 61' lang='grc' dir='ltr'>φησὶν,</span> <span class='ocrx_word' id='word_1_775' title='bbox 1612 5126 1758 5188; x_wconf 72' lang='grc' dir='ltr'>οὐδέν</span> <span class='ocrx_word' id='word_1_776' title='bbox 1814 5150 1883 5204; x_wconf 87' lang='grc' dir='ltr'>με</span> <span class='ocrx_word' id='word_1_777' title='bbox 1910 5133 2018 5186; x_wconf 89' lang='grc' dir='ltr'>τῶν</span> 
     </span>
    </p>
   </div>
   <div class='ocr_carea' id='block_1_104' title="bbox 378 5218 2012 5302">
    <p class='ocr_par' dir='ltr' id='par_1_104' title="bbox 378 5218 2012 5302">
     <span class='ocr_line' id='line_1_105' title="bbox 378 5218 2012 5302; baseline 0 -29"><span class='ocrx_word' id='word_1_778' title='bbox 378 5224 688 5296; x_wconf 84' lang='grc' dir='ltr'>πειρασμῶν</span> <span class='ocrx_word' id='word_1_779' title='bbox 716 5220 1032 5302; x_wconf 79' lang='grc' dir='ltr'>καρκότερον</span> <span class='ocrx_word' id='word_1_780' title='bbox 1088 5220 1376 5301; x_wconf 80' lang='grc' dir='ltr'>εἰργάζετο.</span> <span class='ocrx_word' id='word_1_781' title='bbox 1457 5239 1481 5276; x_wconf 76' lang='grc' dir='ltr'><strong>α</strong></span> <span class='ocrx_word' id='word_1_782' title='bbox 1549 5224 1628 5295; x_wconf 77' lang='grc' dir='ltr'>Τῇ</span> <span class='ocrx_word' id='word_1_783' title='bbox 1681 5218 1946 5295; x_wconf 74' lang='grc' dir='ltr'>ὑπομονῇ.</span> <span class='ocrx_word' id='word_1_784' title='bbox 1988 5240 2012 5272; x_wconf 75' lang='grc' dir='ltr'>ι</span> 
     </span>
    </p>
   </div>
   <div class='ocr_carea' id='block_1_105' title="bbox 377 5305 2019 5390">
    <p class='ocr_par' dir='ltr' id='par_1_105' title="bbox 377 5305 2019 5390">
     <span class='ocr_line' id='line_1_106' title="bbox 377 5305 2019 5390; baseline 0.001 -26"><span class='ocrx_word' id='word_1_785' title='bbox 377 5312 458 5384; x_wconf 70' lang='grc' dir='ltr'>ῗῇ</span> <span class='ocrx_word' id='word_1_786' title='bbox 495 5309 630 5388; x_wconf 70' lang='grc' dir='ltr'>πρὸς</span> <span class='ocrx_word' id='word_1_787' title='bbox 680 5306 1133 5390; x_wconf 76' lang='grc' dir='ltr'>τοὺςδιωγμούς.</span> <span class='ocrx_word' id='word_1_788' title='bbox 1184 5330 1213 5376; x_wconf 58' lang='grc' dir='ltr'>ι,</span> <span class='ocrx_word' id='word_1_789' title='bbox 1258 5308 1364 5366; x_wconf 85' lang='grc' dir='ltr'>Οἷά</span> <span class='ocrx_word' id='word_1_790' title='bbox 1421 5330 1513 5385; x_wconf 87' lang='grc' dir='ltr'>μοι</span> <span class='ocrx_word' id='word_1_791' title='bbox 1583 5305 1818 5386; x_wconf 76' lang='grc' dir='ltr'>ἐγένετο.</span> <span class='ocrx_word' id='word_1_792' title='bbox 1871 5329 1895 5362; x_wconf 72' lang='grc' dir='ltr'>ι</span> <span class='ocrx_word' id='word_1_793' title='bbox 1946 5309 2019 5365; x_wconf 74' lang='grc' dir='ltr'>Οὐ</span> 
     </span>
    </p>
   </div>
   <div class='ocr_carea' id='block_1_106' title="bbox 376 5393 2020 5481">
    <p class='ocr_par' dir='ltr' id='par_1_106' title="bbox 376 5393 2020 5481">
     <span class='ocr_line' id='line_1_107' title="bbox 376 5393 2020 5481; baseline -0.001 -27"><span class='ocrx_word' id='word_1_794' title='bbox 376 5395 539 5470; x_wconf 75' lang='grc' dir='ltr'>μόνον</span> <span class='ocrx_word' id='word_1_795' title='bbox 594 5394 914 5481; x_wconf 75' lang='grc' dir='ltr'>ἑδιωκόμην,</span> <span class='ocrx_word' id='word_1_796' title='bbox 979 5398 1161 5479; x_wconf 77' lang='grc' dir='ltr'>φησὶν,</span> <span class='ocrx_word' id='word_1_797' title='bbox 1241 5395 1378 5453; x_wconf 86' lang='grc' dir='ltr'>ἀλλά</span> <span class='ocrx_word' id='word_1_798' title='bbox 1425 5398 1514 5453; x_wconf 84' lang='grc' dir='ltr'>καὶ</span> <span class='ocrx_word' id='word_1_799' title='bbox 1551 5393 1818 5477; x_wconf 70' lang='grc' dir='ltr'>ἔπασχον.</span> <span class='ocrx_word' id='word_1_800' title='bbox 1879 5394 2020 5453; x_wconf 77' lang='grc' dir='ltr'>Εἶτα</span> 
     </span>
    </p>
   </div>
   <div class='ocr_carea' id='block_1_107' title="bbox 378 5482 2020 5568">
    <p class='ocr_par' dir='ltr' id='par_1_107' title="bbox 378 5482 2020 5568">
     <span class='ocr_line' id='line_1_108' title="bbox 378 5482 2020 5568; baseline 0.001 -28"><span class='ocrx_word' id='word_1_801' title='bbox 378 5482 567 5544; x_wconf 79' lang='grc' dir='ltr'>λοιπὸν</span> <span class='ocrx_word' id='word_1_802' title='bbox 609 5488 699 5544; x_wconf 82' lang='grc' dir='ltr'>καὶ</span> <span class='ocrx_word' id='word_1_803' title='bbox 738 5485 858 5545; x_wconf 81' lang='grc' dir='ltr'>κατ’</span> <span class='ocrx_word' id='word_1_804' title='bbox 903 5484 1047 5556; x_wconf 83' lang='grc' dir='ltr'>ε’ίδος</span> <span class='ocrx_word' id='word_1_805' title='bbox 1129 5483 1450 5568; x_wconf 76' lang='grc' dir='ltr'>διεξέρχεται</span> <span class='ocrx_word' id='word_1_806' title='bbox 1504 5485 1627 5549; x_wconf 83' lang='grc' dir='ltr'>τοὺς</span> <span class='ocrx_word' id='word_1_807' title='bbox 1668 5483 2020 5565; x_wconf 82' lang='grc' dir='ltr'>πειρασμοὺς,</span> 
     </span>
    </p>
   </div>
   <div class='ocr_carea' id='block_1_108' title="bbox 2099 4676 3744 4764">
    <p class='ocr_par' dir='ltr' id='par_1_108' title="bbox 2099 4676 3744 4764">
     <span class='ocr_line' id='line_1_109' title="bbox 2099 4676 3744 4764; baseline -0.002 -20"><span class='ocrx_word' id='word_1_808' title='bbox 2099 4702 2220 4744; x_wconf 89' lang='lat' dir='ltr'>non</span> <span class='ocrx_word' id='word_1_809' title='bbox 2250 4701 2425 4764; x_wconf 89' lang='lat' dir='ltr'>posse</span> <span class='ocrx_word' id='word_1_810' title='bbox 2454 4682 2527 4745; x_wconf 89' lang='lat' dir='ltr'>ab</span> <span class='ocrx_word' id='word_1_811' title='bbox 2557 4681 2677 4745; x_wconf 91' lang='lat' dir='ltr'>illis</span> <span class='ocrx_word' id='word_1_812' title='bbox 2706 4683 2912 4744; x_wconf 89' lang='lat' dir='ltr'>averti.</span> <span class='ocrx_word' id='word_1_813' title='bbox 2955 4704 2982 4736; x_wconf 72' lang='grc' dir='ltr'>α</span> <span class='ocrx_word' id='word_1_814' title='bbox 3014 4679 3382 4743; x_wconf 90' lang='lat' dir='ltr'>Doctrinam.</span> <span class='ocrx_word' id='word_1_815' title='bbox 3411 4700 3443 4738; x_wconf 65' lang='grc' dir='ltr'>ν</span> <span class='ocrx_word' id='word_1_816' title='bbox 3464 4676 3606 4749; x_wconf 69' lang='lat' dir='ltr'>Quae</span> <span class='ocrx_word' id='word_1_817' title='bbox 3633 4678 3744 4741; x_wconf 88' lang='lat' dir='ltr'>fuit</span> 
     </span>
    </p>
   </div>
   <div class='ocr_carea' id='block_1_109' title="bbox 2101 4766 3745 4851">
    <p class='ocr_par' dir='ltr' id='par_1_109' title="bbox 2101 4766 3745 4851">
     <span class='ocr_line' id='line_1_110' title="bbox 2101 4766 3745 4851; baseline -0.003 -18"><span class='ocrx_word' id='word_1_818' title='bbox 2101 4771 2261 4834; x_wconf 87' lang='lat' dir='ltr'>circa</span> <span class='ocrx_word' id='word_1_819' title='bbox 2288 4771 2582 4851; x_wconf 82' lang='lat' dir='ltr'>dogmata.</span> <span class='ocrx_word' id='word_1_820' title='bbox 2623 4796 2649 4826; x_wconf 75' lang='grc' dir='ltr'><strong>α</strong></span> <span class='ocrx_word' id='word_1_821' title='bbox 2682 4768 3143 4832; x_wconf 90' lang='lat' dir='ltr'>lnstitutionem.</span> <span class='ocrx_word' id='word_1_822' title='bbox 3185 4792 3205 4824; x_wconf 78' lang='grc' dir='ltr'>ι</span> <span class='ocrx_word' id='word_1_823' title='bbox 3247 4766 3389 4839; x_wconf 65' lang='lat' dir='ltr'>Quae</span> <span class='ocrx_word' id='word_1_824' title='bbox 3408 4767 3580 4827; x_wconf 90' lang='lat' dir='ltr'>vitam</span> <span class='ocrx_word' id='word_1_825' title='bbox 3602 4785 3745 4828; x_wconf 84' lang='lat' dir='ltr'>con-</span> 
     </span>
    </p>
   </div>
   <div class='ocr_carea' id='block_1_110' title="bbox 2100 4855 3746 4940">
    <p class='ocr_par' dir='ltr' id='par_1_110' title="bbox 2100 4855 3746 4940">
     <span class='ocr_line' id='line_1_111' title="bbox 2100 4855 3746 4940; baseline -0.004 -17"><span class='ocrx_word' id='word_1_826' title='bbox 2100 4859 2404 4940; x_wconf 90' lang='lat' dir='ltr'>cernebat,</span> <span class='ocrx_word' id='word_1_827' title='bbox 2439 4859 2759 4940; x_wconf 90' lang='lat' dir='ltr'>quomodo,</span> <span class='ocrx_word' id='word_1_828' title='bbox 2783 4856 2999 4939; x_wconf 90' lang='lat' dir='ltr'>inquit,</span> <span class='ocrx_word' id='word_1_829' title='bbox 3020 4875 3154 4918; x_wconf 87' lang='lat' dir='ltr'>mea</span> <span class='ocrx_word' id='word_1_830' title='bbox 3173 4856 3333 4917; x_wconf 88' lang='lat' dir='ltr'>circa</span> <span class='ocrx_word' id='word_1_831' title='bbox 3350 4855 3746 4917; x_wconf 86' lang='lat' dir='ltr'>conversatio-</span> 
     </span>
    </p>
   </div>
   <div class='ocr_carea' id='block_1_111' title="bbox 2099 4944 3742 5028">
    <p class='ocr_par' dir='ltr' id='par_1_111' title="bbox 2099 4944 3742 5028">
     <span class='ocr_line' id='line_1_112' title="bbox 2099 4944 3742 5028; baseline -0.005 -15"><span class='ocrx_word' id='word_1_832' title='bbox 2099 4968 2236 5013; x_wconf 91' lang='lat' dir='ltr'>nem</span> <span class='ocrx_word' id='word_1_833' title='bbox 2267 4949 2674 5013; x_wconf 87' lang='lat' dir='ltr'>instiluebam.</span> <span class='ocrx_word' id='word_1_834' title='bbox 2713 4971 2737 5006; x_wconf 70' lang='grc' dir='ltr'><strong>ο</strong></span> <span class='ocrx_word' id='word_1_835' title='bbox 2774 4947 3151 5028; x_wconf 90' lang='lat' dir='ltr'>Propositum</span> <span class='ocrx_word' id='word_1_836' title='bbox 3190 4966 3203 5008; x_wconf 91' lang='lat'><strong>:</strong></span> <span class='ocrx_word' id='word_1_837' title='bbox 3246 4971 3273 5003; x_wconf 73' lang='grc' dir='ltr'>ιι</span> <span class='ocrx_word' id='word_1_838' title='bbox 3316 4944 3742 5027; x_wconf 87' lang='lat' dir='ltr'>promptitudi-</span> 
     </span>
    </p>
   </div>
   <div class='ocr_carea' id='block_1_112' title="bbox 2100 5033 3747 5119">
    <p class='ocr_par' dir='ltr' id='par_1_112' title="bbox 2100 5033 3747 5119">
     <span class='ocr_line' id='line_1_113' title="bbox 2100 5033 3747 5119; baseline -0.003 -19"><span class='ocrx_word' id='word_1_839' title='bbox 2100 5059 2236 5101; x_wconf 89' lang='lat' dir='ltr'>nem</span> <span class='ocrx_word' id='word_1_840' title='bbox 2271 5047 2331 5101; x_wconf 91' lang='lat' dir='ltr'>et</span> <span class='ocrx_word' id='word_1_841' title='bbox 2357 5038 2541 5100; x_wconf 90' lang='lat' dir='ltr'>animi</span> <span class='ocrx_word' id='word_1_842' title='bbox 2564 5035 2964 5119; x_wconf 67' lang='lat' dir='ltr'>praesentiam.</span> <span class='ocrx_word' id='word_1_843' title='bbox 2995 5060 3021 5091; x_wconf 75' lang='grc' dir='ltr'>ιι</span> <span class='ocrx_word' id='word_1_844' title='bbox 3042 5034 3284 5097; x_wconf 89' lang='lat' dir='ltr'>Fidem:</span> <span class='ocrx_word' id='word_1_845' title='bbox 3319 5059 3341 5091; x_wconf 77' lang='grc' dir='ltr'>ι</span> <span class='ocrx_word' id='word_1_846' title='bbox 3371 5042 3660 5097; x_wconf 89' lang='lat' dir='ltr'>servatam</span> <span class='ocrx_word' id='word_1_847' title='bbox 3683 5033 3747 5096; x_wconf 90' lang='lat' dir='ltr'>in</span> 
     </span>
    </p>
   </div>
   <div class='ocr_carea' id='block_1_113' title="bbox 2100 5121 3748 5210">
    <p class='ocr_par' dir='ltr' id='par_1_113' title="bbox 2100 5121 3748 5210">
     <span class='ocr_line' id='line_1_114' title="bbox 2100 5121 3748 5210; baseline -0.003 -20"><span class='ocrx_word' id='word_1_848' title='bbox 2100 5127 2404 5210; x_wconf 89' lang='lat' dir='ltr'>periculis,</span> <span class='ocrx_word' id='word_1_849' title='bbox 2438 5144 2568 5208; x_wconf 66' lang='lat' dir='ltr'>quae</span> <span class='ocrx_word' id='word_1_850' title='bbox 2599 5144 2717 5188; x_wconf 92' lang='lat' dir='ltr'>non</span> <span class='ocrx_word' id='word_1_851' title='bbox 2736 5124 2962 5187; x_wconf 88' lang='lat' dir='ltr'>sineret</span> <span class='ocrx_word' id='word_1_852' title='bbox 2988 5123 3338 5205; x_wconf 88' lang='lat' dir='ltr'>desperare,</span> <span class='ocrx_word' id='word_1_853' title='bbox 3370 5123 3476 5186; x_wconf 93' lang='lat' dir='ltr'>sed</span> <span class='ocrx_word' id='word_1_854' title='bbox 3499 5121 3748 5185; x_wconf 87' lang='lat' dir='ltr'>credere</span> 
     </span>
    </p>
   </div>
   <div class='ocr_carea' id='block_1_114' title="bbox 2102 5212 3741 5297">
    <p class='ocr_par' dir='ltr' id='par_1_114' title="bbox 2102 5212 3741 5297">
     <span class='ocr_line' id='line_1_115' title="bbox 2102 5212 3741 5297; baseline -0.005 -17"><span class='ocrx_word' id='word_1_855' title='bbox 2102 5220 2223 5281; x_wconf 92' lang='lat' dir='ltr'>Deo</span> <span class='ocrx_word' id='word_1_856' title='bbox 2248 5216 2407 5297; x_wconf 91' lang='lat' dir='ltr'>quod</span> <span class='ocrx_word' id='word_1_857' title='bbox 2456 5215 2814 5277; x_wconf 87' lang='lat' dir='ltr'>liberaturus</span> <span class='ocrx_word' id='word_1_858' title='bbox 2844 5222 3026 5275; x_wconf 89' lang='lat' dir='ltr'>esset.</span> <span class='ocrx_word' id='word_1_859' title='bbox 3067 5234 3091 5269; x_wconf 79' lang='grc' dir='ltr'>α</span> <span class='ocrx_word' id='word_1_860' title='bbox 3120 5212 3677 5293; x_wconf 78' lang='lat' dir='ltr'>Longanimiiatem.</span> <span class='ocrx_word' id='word_1_861' title='bbox 3716 5234 3741 5272; x_wconf 71' lang='grc' dir='ltr'>ι</span> 
     </span>
    </p>
   </div>
   <div class='ocr_carea' id='block_1_115' title="bbox 2100 5300 3747 5385">
    <p class='ocr_par' dir='ltr' id='par_1_115' title="bbox 2100 5300 3747 5385">
     <span class='ocr_line' id='line_1_116' title="bbox 2100 5300 3747 5385; baseline -0.002 -17"><span class='ocrx_word' id='word_1_862' title='bbox 2100 5305 2433 5378; x_wconf 91' lang='lat' dir='ltr'>Quomodo,</span> <span class='ocrx_word' id='word_1_863' title='bbox 2490 5303 2706 5385; x_wconf 91' lang='lat' dir='ltr'>inquit,</span> <span class='ocrx_word' id='word_1_864' title='bbox 2766 5302 2929 5363; x_wconf 88' lang='lat' dir='ltr'>nulla</span> <span class='ocrx_word' id='word_1_865' title='bbox 2986 5319 3083 5363; x_wconf 90' lang='lat' dir='ltr'>me</span> <span class='ocrx_word' id='word_1_866' title='bbox 3133 5300 3353 5364; x_wconf 79' lang='lat' dir='ltr'>aﬁictio</span> <span class='ocrx_word' id='word_1_867' title='bbox 3412 5301 3747 5380; x_wconf 84' lang='lat' dir='ltr'>segniorem</span> 
     </span>
    </p>
   </div>
   <div class='ocr_carea' id='block_1_116' title="bbox 2101 5390 3747 5474">
    <p class='ocr_par' dir='ltr' id='par_1_116' title="bbox 2101 5390 3747 5474">
     <span class='ocr_line' id='line_1_117' title="bbox 2101 5390 3747 5474; baseline -0.004 -16"><span class='ocrx_word' id='word_1_868' title='bbox 2101 5394 2451 5458; x_wconf 84' lang='lat' dir='ltr'>reddiderit.</span> <span class='ocrx_word' id='word_1_869' title='bbox 2483 5391 2633 5466; x_wconf 88' lang='lat' dir='ltr'>Quia</span> <span class='ocrx_word' id='word_1_870' title='bbox 2663 5408 2873 5472; x_wconf 83' lang='lat' dir='ltr'>magno</span> <span class='ocrx_word' id='word_1_871' title='bbox 2904 5408 3065 5453; x_wconf 87' lang='lat' dir='ltr'>eram</span> <span class='ocrx_word' id='word_1_872' title='bbox 3099 5391 3298 5454; x_wconf 89' lang='lat' dir='ltr'>animo</span> <span class='ocrx_word' id='word_1_873' title='bbox 3347 5390 3409 5457; x_wconf 88' lang='lat' dir='ltr'>in</span> <span class='ocrx_word' id='word_1_874' title='bbox 3441 5391 3747 5474; x_wconf 88' lang='lat' dir='ltr'>periculis,</span> 
     </span>
    </p>
   </div>
   <div class='ocr_carea' id='block_1_117' title="bbox 2106 5479 3750 5564">
    <p class='ocr_par' dir='ltr' id='par_1_117' title="bbox 2106 5479 3750 5564">
     <span class='ocr_line' id='line_1_118' title="bbox 2106 5479 3750 5564; baseline -0.001 -19"><span class='ocrx_word' id='word_1_875' title='bbox 2106 5484 2296 5547; x_wconf 88' lang='lat' dir='ltr'>ﬁdens</span> <span class='ocrx_word' id='word_1_876' title='bbox 2316 5500 2558 5564; x_wconf 89' lang='lat' dir='ltr'>semper</span> <span class='ocrx_word' id='word_1_877' title='bbox 2587 5482 2649 5544; x_wconf 89' lang='lat' dir='ltr'>in</span> <span class='ocrx_word' id='word_1_878' title='bbox 2674 5480 2948 5545; x_wconf 90' lang='lat' dir='ltr'>Domino.</span> <span class='ocrx_word' id='word_1_879' title='bbox 2988 5503 3013 5538; x_wconf 72' lang='grc' dir='ltr'>ι</span> <span class='ocrx_word' id='word_1_880' title='bbox 3050 5480 3427 5544; x_wconf 85' lang='lat' dir='ltr'>Patientiam.‘</span> <span class='ocrx_word' id='word_1_881' title='bbox 3456 5503 3480 5541; x_wconf 75' lang='grc' dir='ltr'>ι</span> <span class='ocrx_word' id='word_1_882' title='bbox 3502 5479 3643 5553; x_wconf 84' lang='lat' dir='ltr'>Quae</span> <span class='ocrx_word' id='word_1_883' title='bbox 3660 5489 3750 5544; x_wconf 90' lang='lat' dir='ltr'>est</span> 
     </span>
    </p>
   </div>
   <div class='ocr_carea' id='block_1_118' title="bbox 374 5567 2005 5656">
    <p class='ocr_par' dir='ltr' id='par_1_118' title="bbox 374 5567 2005 5656">
     <span class='ocr_line' id='line_1_119' title="bbox 374 5567 2005 5656; baseline 0.002 -28"><span class='ocrx_word' id='word_1_884' title='bbox 374 5573 542 5653; x_wconf 75' lang='grc' dir='ltr'>ταύτῃ</span> <span class='ocrx_word' id='word_1_885' title='bbox 598 5573 1013 5656; x_wconf 64' lang='grc' dir='ltr'>θαρραλεώτερον</span> <span class='ocrx_word' id='word_1_886' title='bbox 1056 5578 1145 5633; x_wconf 76' lang='grc' dir='ltr'>τὸν</span> <span class='ocrx_word' id='word_1_887' title='bbox 1216 5567 1457 5652; x_wconf 68' lang='grc' dir='ltr'>μαθὴτῆν</span> <span class='ocrx_word' id='word_1_888' title='bbox 1516 5579 1706 5635; x_wconf 78' lang='grc' dir='ltr'>ποιῶν.</span> <span class='ocrx_word' id='word_1_889' title='bbox 1759 5570 1889 5632; x_wconf 76' lang='grc' dir='ltr'>Οῐδε</span> <span class='ocrx_word' id='word_1_890' title='bbox 1922 5574 2005 5655; x_wconf 77' lang='grc' dir='ltr'>γὰε</span> 
     </span>
    </p>
   </div>
   <div class='ocr_carea' id='block_1_119' title="bbox 2089 5567 3741 5656">
    <p class='ocr_par' dir='ltr' id='par_1_119' title="bbox 2104 5567 3741 5654">
     <span class='ocr_line' id='line_1_120' title="bbox 2104 5567 3741 5654; baseline -0.006 -18"><span class='ocrx_word' id='word_1_891' title='bbox 2104 5572 2389 5636; x_wconf 87' lang='lat' dir='ltr'>adversus</span> <span class='ocrx_word' id='word_1_892' title='bbox 2417 5569 2891 5654; x_wconf 72' lang='lat' dir='ltr'>persecutiones.</span> <span class='ocrx_word' id='word_1_893' title='bbox 2928 5588 2959 5629; x_wconf 74' lang='grc' dir='ltr'>ι</span> <span class='ocrx_word' id='word_1_894' title='bbox 2980 5567 3124 5642; x_wconf 70' lang='lat' dir='ltr'>Quae</span> <span class='ocrx_word' id='word_1_895' title='bbox 3151 5567 3692 5633; x_wconf 76' lang='lat' dir='ltr'>mihiacciderunt.</span> <span class='ocrx_word' id='word_1_896' title='bbox 3716 5592 3741 5626; x_wconf 75' lang='grc' dir='ltr'><strong><em>υ</em></strong></span> 
     </span>
    </p>
   </div>
  </div>
