4152 6216
453 352 569 417 927

1565 340 1975 408 OECUMENII
2016 336 2312 406 TRICC/E
2356 338 2694 406 EPISCOPI

3697 335 3817 405 228

451 487 580 548 Non
600 481 812 556 solum,
837 478 1050 562 inquit,
1078 475 1547 557 persecutionem
1591 473 1874 548 ferebam,
1906 472 2012 536 sed
2031 491 2063 535 e

2149 474 2317 532 οἶδεν
2346 477 2381 544 ἡ
2412 476 2641 555 συνεχὴς
2670 476 2859 553 μνήμη
2916 481 3022 533 τῶν
3103 480 3436 555 πειρασμῶν,
3494 474 3814 555 παραθαρρύ-

452 575 609 637 varia
643 570 927 653 patiebar,
962 567 1190 631 Deinde
1245 563 1422 653 etiam
1476 562 1536 653 in
1592 562 1793 653 specie
1821 580 2066 653 recense

2176 585 2281 619 νειν
2312 566 2531 653 ψυχήν,
2578 566 2784 622 Τούτων
2854 562 2908 621 δὲ
2965 563 3129 640 μόνον
3195 563 3526 653 ἐμνήσθη,ἢ
3579 565 3652 628 ὡς
3704 585 3821 653 νεα-

447 650 820 731 ειΠΙὶειίὀιιοε,
854 659 966 719 hoc
1025 654 1199 716 modo
1265 650 1624 732 discipulum
1678 651 2090 714 audentiorem

2175 652 2437 731 ρωτέρων,
2506 652 2542 721 ἢ
2597 655 2684 710 καὶ
2759 659 2835 728 τῷ
2931 654 3170 729 Τιμοθέῳ
3243 652 3610 732 ἐγνωςμένων,
3686 651 3814 733 ὅπερ

447 742 729 813 reddens.
761 747 929 808 Novit
985 744 1170 824 enim,
1229 741 1416 816 novit,
1480 739 1745 820 inquam,
1810 739 2066 800 continu:

2172 744 2257 797 καὶ
2300 738 2538 818 ἄμεινον.
2599 768 2625 802 ‹‹
2661 741 2750 800 Ἐν
2810 742 3132 823 Ἀντιοχείᾳ.
3172 765 3196 800 ο
3273 746 3380 801 Οὔκ
3430 743 3809 821 ἆπαριθμεῒται

448 839 828 902 amictionum
892 832 1173 894 memoria
1240 829 1460 892 addere
1520 828 1809 892 animum.
1864 827 2086 889 Horum

446 938 639 991 autem
696 925 885 985 solum
944 920 1236 1000 meminit,
1311 928 1412 980 aut
1485 918 1643 999 quod
1725 920 2083 997 recentiora,

444 1027 542 1079 aut
596 1015 753 1096 quod
814 1012 1122 1074 Timotheo
1195 1017 1329 1069 nota
1411 1017 1631 1081 essent,
1698 1016 1755 1067 ct
1815 1008 1929 1067 hoc
1980 1024 2082 1066 ve-

442 1102 759 1167 risimilius
805 1112 917 1162 est.
986 1124 1008 1153 «
1072 1097 1421 1160 Antiochiae.
1487 1121 1511 1151 ι
1575 1097 1711 1158 Non
1775 1103 2086 1158 enumerat

442 1192 794 1255 tentationes
842 1194 902 1250 in
931 1187 1168 1268 specie:
1209 1204 1400 1266 neque
1457 1184 1615 1246 enim
1646 1184 1729 1244 illi
1761 1201 1958 1246 sermo
1994 1191 2084 1243 est

438 1286 510 1346 ad
539 1283 808 1363 gloriam,
842 1278 949 1342 sed
979 1278 1051 1339 ad
1108 1277 1539 1337 institutionem
1598 1274 1897 1353 discipuli.
1952 1275 2080 1363 Duo

442 1362 640 1436 autem
686 1371 783 1432 hic
815 1368 959 1430 dicit
1015 1385 1148 1446 quae
1178 1374 1314 1427 sunt
1339 1366 1416 1447 ad
1445 1363 1914 1425 exhortationem
1950 1362 2082 1423 ido-

440 1483 573 1536 nea,
601 1461 746 1539 Ego,
797 1456 1008 1539 inquit,
1043 1453 1225 1516 animi
1256 1452 1783 1534 promptitudinom
1815 1450 2080 1525 exhibui,

438 1554 593 1614 Deus
610 1567 750 1611 vero
784 1546 1087 1609 auxilium.
1107 1580 1165 1588 —
1203 1542 1575 1605 Antiochiam
1602 1560 1738 1602 vero
1766 1539 2081 1602 dicitPisi-

438 1643 572 1703 dite.
609 1637 749 1700 275
785 1663 811 1693 α
848 1638 897 1698 A
930 1633 1172 1714 Lystris.
1212 1654 1240 1693 ιι
1295 1631 1568 1693 Arbitror
1618 1629 1775 1710 quod
1809 1648 1877 1689 ex
1909 1628 2079 1709 abje-

437 1731 631 1792 ctione
659 1727 911 1807 quadam
958 1720 1275 1783 novissimo
1323 1722 1448 1780 loco
1480 1719 1695 1780 dixerit
1728 1720 1795 1796 ιιι
1815 1718 1974 1797 stris,
2010 1736 2080 1778 ex

2171 828 2288 885 κατ’
2320 828 2462 893 εϊδος
2489 831 2609 896 τοὺς
2664 831 3013 909 πειρασμοὺς.
3075 835 3147 889 Οὐ
3215 831 3315 910 γὰρ
3372 836 3515 906 αὒτῷ
3571 834 3598 888 ὁ
3652 829 3810 911 λόγος

2171 921 2301 998 πρὸς
2334 918 2635 1000 φιλοτιμίαν
2654 923 2769 999 ὁρᾷ,
2805 918 2941 975 ἀλλᾶ
2969 921 3099 999 πρὸς
3148 918 3365 998 ὁδηγίαν
3421 928 3512 978 τοῦ
3543 925 3804 1000 μαθηίξοῐη

2171 990 2272 1064 Δύο
2301 990 2358 1064 δέ
2397 990 2613 1069 ἐνταῦθα
2860 1010 2933 1073 εἰς
2997 990 3301 1088 προτροπην
3363 1009 3661 1082 ἐπιτήδεια.
3693 990 3805 1068 ὀτι

2165 1119 2221 1152 τε
2291 1096 2418 1176 ἐγὼ,
2475 1100 2628 1179 φησὶ,
2698 1098 2986 1178 προθυμίαν
3058 1097 3382 1179 παρέσχον,,
3437 1101 3524 1157 καὶ
3592 1102 3621 1156 ὁ
3677 1101 3807 1164 Θεὸς

2163 1187 2429 1263 βοήθειαν.
2492 1219 2568 1232 --
2614 1187 2948 1267 [ΟΙΚΟΥΜ]
2997 1187 3331 1266 Ἀντιόχειαν
3389 1186 3443 1244 δὲ
3515 1190 3617 1245 τὸν
3647 1195 3807 1246 Πισι-

2167 1274 2274 1341 δίας
2334 1275 2501 1355 λέγει.
2568 1298 2592 1333 α
2644 1278 2733 1333 Ἐν
2789 1277 3066 1357 Λύστροις.
3102 1297 3131 1336 ι
3189 1271 3448 1357 Ἠγοῦμαι
3501 1278 3638 1334 κατά
3692 1301 3810 1335 τινα

2167 1363 2494 1439 εὔτελισμὸν,
2540 1364 2786 1444 ἐπχάτης
2818 1366 2971 1421 αὐτὸν
3021 1365 3116 1433 τῆς
3184 1367 3420 1446 Αύστρης
3478 1370 3803 1442 μνησθῆναι,

2167 1451 2217 1517 ἐξ
2245 1456 2312 1521 ἧς
2339 1453 2405 1520 ἧν
2433 1453 2467 1509 6'
2513 1454 2789 1529 Τιμόθεος,
2834 1455 2958 1510 ὡσεὶ
3029 1456 3154 1511 ε’ίπε
3189 1474 3202 1488 ⁸
3261 1457 3359 1513 Ναὶ
3402 1456 3475 1520 εἰς
3528 1456 3622 1520 τὰς
3652 1454 3808 1512 πολυ-

2167 1542 2467 1621 ανθρώπους
2536 1543 2746 1622 πόλεις,
2802 1542 2993 1601 ἔπαθον
3047 1544 3182 1624 ἅπερ
3255 1542 3469 1619 ἔπαθον,
3529 1546 3579 1601 τί
3634 1547 3722 1601 καὶ
3750 1544 3805 1603 ἐν

2163 1632 2411 1709 Λύστροις
2443 1650 2460 1712 ς
2493 1631 2656 1687 Πόθεν
2696 1631 2979 1710 εὒρὲθησαν
3008 1634 3056 1688 οἱ
3084 1639 3366 1697 κακοῦντες
3397 1653 3462 1709 με
3506 1632 3558 1690 ἐν
3589 1634 3803 1713 Λύτροις

2163 1718 2422 1798 ἅνθρωποι
2447 1737 2464 1794 ;

440 1837 555 1900 qua
584 1806 870 1878 oriundus
902 1821 1027 1874 erat
1056 1810 1440 1900 Timotheus:
1473 1827 1547 1900 ac_
1570 1807 1618 1867 si
1650 1809 1896 1900 dceret:
1932 1809 2203 1900 Proiecto
2221 1812 2290 1900 in
2319 1806 2729 1900 [requentibus
2757 1809 3158 1900 acipopulosis
3186 1809 3522 1900 civitatibus
3538 1811 3802 1893 patiebar

435 1894 565 1988 quae
596 1922 800 1986 passus
831 1921 959 1962 sum
997 1922 1010 1958 :
1046 1898 1149 1960 sed
1182 1915 1287 1959 cur
1319 1897 1494 1958 etiam
1525 1894 1742 1976 Lystris
1775 1914 1980 1975 passus
2004 1914 2132 1956 sum
2168 1896 2192 1958 Υ
2221 1895 2389 1959 Unde
2418 1896 2641 1959 inventi
2670 1914 2808 1960 sunt
2835 1898 3110 1961 homines
3136 1899 3238 1980 qui
3266 1918 3361 1962 me
3389 1901 3613 1981 Lystris
3640 1900 3796 1963 afﬂi-

432 2003 640 2076 gerent
672 1994 696 2054 Υ

510 2083 606 2163 ΙΙΙ,
632 2081 833 2144 12-17.
858 2077 976 2143 Sed
997 2084 1052 2139 et
1073 2092 1286 2137 omnes
1306 2076 1409 2153 qui
1433 2072 1636 2135 volunt
1656 2076 1756 2163 pie
1786 2074 1982 2135 vivere
2003 2075 2066 2163 in

2239 2096 2263 2130 ιι
2343 2078 2441 2134 Καὶ
2497 2076 2689 2140 πάντες
2750 2074 2805 2133 δὲ
2860 2080 2908 2134 οἱ
2964 2077 3203 2144 θέλοντες
3285 2076 3511 2143 εὐσεϐῶς
3581 2085 3675 2156 ζῇν
3745 2079 3799 2135 ἐν

432 2160 670 2234 ΟΙιγίξεο
692 2174 831 2232 Jesu
847 2168 1326 2249 persecutionem
1346 2165 1673 2241 potientur.
1709 2161 1899 2224 Porro
1924 2160 2075 2223 mali

428 2264 698 2325 homines
712 2268 763 2321 et
778 2263 1125 2337 impostores
1136 2253 1447 2334 proﬁcient
1466 2253 1531 2313 in
1542 2252 1638 2331 μθ]
1644 2269 1733 2325 us,
1759 2253 1903 2312 dum
1928 2258 1985 2313 et
2006 2251 2072 2313 in

428 2368 685 2414 errorem
713 2348 1012 2410 adducent
1034 2352 1088 2406 et
1109 2342 1403 2405 errabant
1424 2342 1566 2421 ipsi.
1597 2339 1681 2401 Tu
1701 2357 1845 2401 vero
1876 2341 1941 2401 in
1973 2341 2072 2402 his

424 2442 676 2522 persiste
701 2454 830 2517 quae
865 2433 1157 2506 didicisti,
1190 2441 1263 2522 et
1363 2429 1578 2506 quibus
1600 2431 1822 2522 certior
1853 2429 2065 2491 reddi-

428 2517 523 2591 tus
566 2546 645 2600 es,
683 2528 876 2588 sciens
926 2540 963 2583 α
1004 2539 1122 2601 quo
1156 2519 1473 2596 didiceris,
1525 2524 1580 2578 et
1632 2517 1788 2594 quod
1818 2535 1853 2577 a
1882 2535 2067 2596 puero

424 2634 631 2680 sacras
656 2619 908 2676 Litteras
956 2615 1225 2678 noveris,
1270 2624 1400 2686 qua:
1448 2614 1505 2667 te
1543 2612 1794 2685 possunt
1823 2606 2067 2669 erudire

423 2706 500 2767 ad
540 2707 798 2766 salutem
844 2716 951 2780 per
994 2698 1172 2778 ﬁdem
1221 2713 1354 2775 quo:
1384 2702 1470 2756 est
1514 2695 1580 2755 in
1615 2692 1854 2755 Christo
1897 2694 2060 2756 Jesu.

426 2794 638 2858 Omnis
650 2792 970 2871 Scriptura
985 2785 1598 2863 divinitusinspirata
1612 2789 1720 2851 est,
1738 2782 2066 2845 etutiiisad

423 2879 880 2955 doctrinam,ad
902 2872 1503 2952 redargutionem,ad
1523 2873 2065 2945 correctionem,ad

421 2972 861 3035 institutionem
889 2982 1018 3045 quae
1037 2972 1121 3025 est
1143 2965 1202 3024 in
1219 2963 1484 3041 justitia,
1508 2963 1577 3022 ut
1592 2962 1833 3039 integer
1851 2962 1929 3021 sit
1949 2960 2064 3023 Dei

419 3062 592 3125 homo
621 3060 700 3122 ad
726 3074 903 3120 omne
933 3072 1083 3134 opus
1110 3051 1329 3113 bonum
1356 3052 1678 3131 perlectus.

500 3150 570 3211 Et
598 3147 740 3229 quid
770 3145 924 3219 dico,
983 3140 1197 3221 inquit,
1247 3139 1323 3201 de
1381 3138 1631 3229 meipso,
1693 3157 1825 3199 cum
1882 3138 2057 3201 etiam

418 3227 634 3301 omnes
649 3235 750 3317 qui
772 3233 973 3296 volunt
1002 3231 1097 3312 pie
1112 3229 1314 3317 vivere
1329 3227 1806 3317 persecutionem
1831 3229 2058 3307 passuri

417 3314 755 3387 sint?Dicit
783 3328 975 3382 autem
1017 3315 1498 3380 Persecutionem
1534 3333 1653 3375 non
1709 3314 1898 3375 solum
1928 3333 2057 3395 quae

417 3415 489 3476 ab
521 3412 851 3475 idololatris
873 3407 1147 3481 infertur,
1181 3423 1381 3467 verum
1407 3405 1581 3464 etiam
1607 3411 1846 3465 cunctas
1862 3403 2053 3466 afﬂic-
2073 3395 2113 3446 C-

418 3503 610 3566 tiones
639 3520 705 3563 ac
744 3496 1121 3561 tentationes.
1162 3520 1188 3549 α
1216 3495 1320 3556 Est
1348 3492 1507 3554 enim
1539 3500 1781 3571 augusta
1812 3500 1869 3554 et
1896 3503 2057 3555 arcta

415 3593 503 3655 via
532 3610 661 3673 quae
681 3587 843 3652 ducit
872 3586 944 3648 ad
974 3584 1163 3673 vitam
1182 3585 1251 3637 Hi
1292 3604 1321 3640 υ
1364 3617 1431 3626 -
1460 3583 1563 3673 (In
1597 3580 1827 3673 Christo
1847 3583 2008 3673 Jesu.
2028 3606 2048 3639 ο

414 3668 567 3743 Nani
581 3681 706 3742 sola
728 3678 852 3738 hinc
877 3682 965 3736 est
987 3673 1082 3755 pia
1117 3672 1256 3751 vita,
1281 3688 1411 3752 quae
1435 3679 1524 3731 est
1545 3668 1603 3730 in
1630 3669 1863 3732 Christo
1886 3672 2051 3732 Jesu.

418 3797 442 3827 α
479 3766 957 3833 Persecutionem
986 3760 1301 3843 patientur.
1346 3783 1374 3819 ι
1402 3758 1564 3820 Talis
1595 3765 1687 3822 est
1720 3767 1927 3820 natura
1952 3778 2053 3821 re-

412 3877 569 3932 rum,
601 3855 881 3937 quoniam
912 3872 1026 3912 non
1054 3858 1144 3911 est
1172 3867 1331 3911 nunc
1358 3847 1475 3937 vita
1505 3848 1760 3937 piorum,
1793 3848 1897 3937 sed
1915 3867 2050 3929 per-

414 3935 741 4009 versorum.
775 3941 977 4020 Neque
1009 3938 1169 4000 enim
1202 3944 1392 4017 potest
1421 3936 1471 3996 is
1499 3936 1598 4016 qui
1622 3936 1681 3996 in
1704 3935 1859 3998 bello
1884 3945 1973 3999 est
1996 3945 2053 3999 et

411 4052 625 4115 pugna,
656 4029 856 4112 quiete
886 4027 1103 4115 vivere.
1137 4048 1159 4082 ιι
1197 4022 1511 4115 Proﬁcient
1540 4024 1606 4115 in
1628 4024 1818 4115 pejus.
1844 4045 1871 4085 ›
1901 4024 2048 4115 Ρτοέ

411 4111 592 4182 iicere
613 4111 780 4182 enim
808 4135 905 4179 res
930 4113 1128 4177 media
1159 4121 1268 4193 est,
1320 4113 1445 4174 sive
1488 4111 1835 4175 indiﬁ‘erens
1884 4123 1940 4175 et
1976 4114 2050 4176 ad

409 4210 624 4272 melius
650 4217 709 4271 et
739 4208 813 4270 ad
848 4206 1039 4288 pejus.
1072 4201 1145 4264 Hi
1193 4202 1370 4283 igitur
1395 4201 1453 4262 in
1487 4201 1655 4282 pejus
1678 4202 1995 4282 proﬁcient
2028 4222 2042 4267 :

410 4319 547 4361 nam
579 4294 1021 4379 interpretando
1052 4292 1192 4373 qnid
1240 4291 1316 4353 sit
1367 4291 1562 4375 Pejus,
1625 4290 1769 4353 dixit
1799 4293 1955 4373 quod
1985 4292 2047 4354 in

413 4406 676 4450 errorem
709 4378 1007 4448 adducent
1052 4392 1108 4445 et
1158 4379 1439 4443 errabunt
1462 4381 1597 4460 ipsi.
1638 4402 1665 4440 ι
1698 4378 1786 4441 Τιι
1817 4400 1954 4443 vero
1984 4382 2047 4444 in

406 4478 501 4539 his
519 4478 772 4559 persiste
794 4492 925 4555 quae
942 4470 1223 4534 didicisti.
1262 4495 1282 4526 ι
1306 4505 1377 4514 ——
1400 4492 1422 4525 ιι
1444 4468 1530 4531 Ne
1548 4468 1866 4559 amuleris,
1887 4479 1950 4531 ut
1967 4471 2049 4532 ait

402 4557 610 4643 David,
645 4572 963 4646 operantes
983 4559 1380 4641 iniquitatem,
1406 4576 1596 4638 neque
1616 4557 1920 4619 hominem
1944 4560 2045 4640 qui

2158 2171 2368 2243 Χριστῷ
2470 2165 2645 2232 Ἰησοῦ
2729 2164 3140 2246 διωχθήσονται,
3251 2170 3478 2248 Πονηροὶ
3560 2165 3616 2223 δὲ
3713 2167 3802 2225 ἂν·

2153 2255 2349 2331 Ορωποι
2414 2256 2500 2311 καὶ
2553 2254 2747 2333 γόητες
2819 2256 3177 2333 προκόψουσιν
3270 2258 3355 2314 ἐπὶ
3439 2259 3500 2313 τὸ
3582 2270 3796 2337 χεῖρον,

2151 2339 2453 2407 πλανῶντες
2511 2338 2617 2400 καί
2672 2343 3034 2420 πλανώμενοι.
3106 2347 3180 2402 Σὺ
3274 2345 3329 2402 δὲ
3401 2346 3525 2422 μένε
3594 2347 3649 2402 ἐν
3705 2360 3790 2410 οῖς

2150 2427 2337 2505 ἔμαθες
2388 2433 2476 2488 καὶ
2531 2431 2852 2513 ἐπιστώθης,
2949 2431 3093 2500 εἰδώς
3173 2437 3315 2514 παρὰ
3382 2436 3521 2499 τίνος
3575 2434 3786 2515 ἔμαθες,
3846 2462 3847 2465 η

2148 2521 2235 2575 καὶ
2263 2517 2343 2576 ὅτι
2373 2520 2479 2577 ἀπὸ
2550 2522 2768 2603 βρέφους
2836 2523 2902 2580 τὰ
2958 2524 3069 2601 ἱερὰ
3126 2525 3418 2602 Γράμματα
3477 2522 3652 2598 οἶδας,
3723 2525 3788 2579 τὰ

2147 2604 2405 2684 δυνάμενά
2474 2631 2532 2667 σε
2587 2612 2795 2691 σοφίσαι
2880 2613 2953 2675 εἰς
3014 2614 3334 2691 οσωτηρίαν,
3422 2610 3506 2669 διὰ
3560 2613 3785 2677 πίστεως

2146 2700 2245 2763 τῆς
2304 2697 2357 2753 ἐν
2417 2705 2626 2779 Χριστῷ
2684 2699 2883 2767 Ἰησοῦ.
2974 2706 3124 2757 Πᾶσα
3194 2701 3375 2781 Γραφή
3444 2702 3785 2765 θεόπνευστος

2146 2787 2234 2842 καὶ
2300 2786 2564 2866 ὠφέλιμος
2617 2791 2747 2867 πρὸς
2842 2787 3198 2871 διδασκαλίαν,
3311 2792 3444 2870 πρὸς
3532 2789 3780 2872 ἔλεγχον,

2145 2876 2273 2952 πρὸς
2316 2874 2691 2955 ἐπανόρθωσιν,
2743 2879 2873 2957 πρὸς
2903 2876 3139 2935 παιδείαν
3197 2880 3297 2946 τὴν
3354 2877 3409 2935 ἐν
3459 2875 3782 2961 δικαιοσύνῃ,

2143 2963 2231 3017 ἵνα
2262 2961 2501 3043 ἅρτιοςῇ
2549 2967 2577 3021 ὁ
2606 2972 2698 3022 τοῦ
2754 2972 2885 3024 Θεοῦ
2943 2966 3235 3046 ἄνθρωπος,
3295 2969 3428 3045 πρὸς
3499 2974 3604 3024 πᾶν
3634 2967 3783 3048 ἔργον

2142 3051 2336 3131 ἀγαθὸν
2364 3051 2753 3131 ἐξηρτισμένος.
2794 3077 2817 3113 ι

2222 3140 2319 3197 Καὶ
2350 3141 2399 3196 τί
2426 3139 2589 3219 λέγω,
2623 3144 2771 3221 φησὶ,
2806 3146 2923 3223 περὶ
2974 3143 3203 3220 ἐμαυτοῦ
3233 3163 3249 3225 ς
3330 3145 3526 3210 Πάντες
3582 3145 3680 3225 γὰρ
3736 3149 3781 3201 οἱ

2138 3225 2373 3293 θέλοντες
2438 3227 2661 3294 εὐσεϐῶς
2720 3237 2837 3312 ζῇν,
2922 3230 3333 3313 διωχθήσονται,
3380 3231 3612 3312 διωγμὸν
3681 3232 3777 3290 λέ-

2138 3338 2267 3398 γων,
2326 3322 2386 3377 οὔ
2449 3319 2610 3394 μόνον
2664 3321 2806 3399 παρὰ
2860 3326 2965 3376 τῶν
3021 3319 3433 3404 εἰδωλολατρῶν,
3500 3321 3637 3379 ἀλλὰ
3690 3324 3777 3381 διαὶ

2138 3407 2231 3469 τὰς
2288 3404 2486 3482 θλίψεις
2542 3408 2629 3465 καὶ
2684 3410 2804 3472 τοὺς
2875 3412 3221 3490 πειρασμοὺς,
3307 3412 3477 3479 Στενὴ
3533 3413 3633 3492 γὰρ
3688 3414 3775 3469 καὶ

2136 3492 2455 3571 τεθλιμμένη
2487 3498 2521 3565 ἡ
2550 3494 2668 3560 ὁδὸς
2696 3498 2794 3563 τῆς
2824 3503 2989 3570 ζωῆς.
3058 3522 3080 3556 ι
3132 3497 3221 3557 Ἐν
3263 3507 3475 3580 Χριστῷ
3501 3499 3702 3579 Ἰησοῦ,
3742 3526 3769 3557 ι

2136 3582 2280 3651 Αὕτη
2323 3586 2422 3664 γὰρ
2452 3585 2589 3661 μόνη
2649 3583 2866 3655 εὕσεϐὴς
2920 3588 3057 3668 ζωὴ,
3115 3589 3150 3657 ἦ
3201 3590 3254 3646 ἐν
3309 3595 3516 3669 Χρισνῷ
3573 3589 3769 3658 Ἰησοῦ.

2141 3696 2168 3727 α
2206 3676 2629 3753 Διωχθήσονται.
2664 3698 2691 3731 ιι
2727 3674 2904 3741 Οῧτως
2936 3678 2970 3744 ἡ
3019 3678 3170 3757 φύσις
3222 3678 3332 3735 ἐστὶ
3384 3684 3490 3737 τῶν
3520 3680 3774 3759 πραγμά-

2134 3784 2260 3822 των.
2322 3761 2539 3831 Ἐπειδὴ
2581 3766 2678 3822 οὐκ
2734 3763 2871 3820 ἔστιν
2938 3767 2973 3834 ἡ
3031 3772 3116 3822 νῦν
3186 3768 3297 3838 ζωή
3368 3773 3473 3823 τῶν
3524 3765 3775 3850 εὐσεϐῶν,

2133 3851 2269 3908 ἀλλὰ
2310 3859 2415 3911 τῶν
2484 3855 2755 3933 πονηρῶν.
2805 3854 2933 3912 Οὐδὲ
3002 3856 3101 3935 γὰρ
3171 3855 3247 3913 ἔνι
3302 3856 3632 3933 πολεμοῦντα
3689 3860 3776 3916 καὶ

2132 3943 2462 4026 πυκτεύοντα
2509 3942 2563 3998 ἐν
2630 3942 2802 4000 ἀνέσει
2870 3949 2988 4020 ζῇν.
3055 3965 3078 4000 α
3142 3947 3501 4026 Προκόψουσιν
3569 3945 3657 4002 ἐπὶ
3712 3948 3773 4002 τὸ

2132 4043 2343 4110 χεῖρον.
2386 4055 2409 4089 ιι
2451 4022 2512 4088 Ἠ
2541 4032 2641 4111 γὰρ
2677 4033 2921 4111 προκοπῦ⁸
2991 4038 3097 4089 τῶν
3156 4022 3334 4109 μέσων
3380 4032 3513 4108 ἐστὶ,
3571 4034 3657 4090 καὶ
3686 4033 3773 4109 ἐπὶ

2130 4122 2191 4176 τὸ
2222 4117 2430 4195 βέλτιον
2458 4120 2546 4176 καὶ
2618 4119 2703 4176 ἐπὶ
2727 4122 2790 4177 τὸ
2846 4135 3057 4202 χεῖρον.
3120 4125 3274 4179 Οὔτοι
3342 4128 3613 4202 τοιγαροῦν
3685 4122 3770 4187 ἐπὶ

2130 4207 2188 4262 τὸ
2220 4220 2406 4286 χεῖρον
2477 4208 2854 4287 προκόψουσιν.
2918 4201 3253 4289 ιΕρμηνεύων
3297 4211 3420 4291 γὰρ,
3465 4201 3513 4267 τί
3568 4210 3680 4268 ἐστι
3708 4213 3768 4267 τὸ

2129 4309 2338 4375 χεῖρον,
2372 4298 2497 4354 εἷπε
2560 4295 2785 4378 πλανᾷν,
2842 4300 2931 4355 καὶ
3000 4298 3318 4360 πλανᾶσθαι.
3381 4323 3409 4355 ι
3443 4301 3516 4356 Σὺ
3557 4299 3613 4356 δὲ
3641 4300 3767 4376 μένε

2128 4384 2268 4449 ἐνοῖς
2327 4384 2536 4461 ἔμαθες.
2577 4408 2602 4444 ν
2648 4420 2728 4432 -
2774 4397 2971 4463 Ομοιον
3004 4391 3031 4445 ὁ
3079 4387 3255 4462 Δαυὶδ,
3303 4390 3390 4458 Μὴ
3421 4397 3433 4415 ’
3458 4388 3767 4470 παραζήλου

2127 4473 2179 4528 ἐν
2221 4473 2686 4553 πονηρευομένοις,
2732 4474 2868 4552 μηδὲ
2924 4476 2980 4532 ἐν
3019 4476 3279 4557 ἀνθρώπῳ
3345 4476 3770 4555 κατευοδουμὲνῳ

2127 4563 2180 4618 ἐν
2224 4568 2292 4639 τῇ
2319 4561 2425 4638 ὒδῷ
2454 4566 2631 4626 αὐτοῦ.
2673 4588 2699 4620 ι)
2756 4587 2779 4622 ιι
2818 4566 2915 4623 Καὶ
2964 4565 3282 4641 ἐπιστώθης,
3325 4589 3353 4622 ι
3415 4568 3564 4647 φησὶ,
3623 4588 3763 4623 τουτ·

403 4673 687 4737 prospere
705 4651 970 4717 ambulat
991 4651 1049 4712 in
1072 4649 1164 4710 via
1185 4667 1293 4709 sua
1327 4647 1400 4737 ξε.
1431 4671 1457 4703 ι
1500 4669 1539 4737 (Α
1651 4647 1879 4737 bertior
1902 4649 2040 4737 red-
2065 4668 2066 4714 1

2149 4674 2257 4725 στι,
2291 4653 2425 4727 μετὰ
2466 4651 2821 4734 πληροφορίας
2892 4652 3105 4729 ἔμαθες.
3182 4677 3210 4710 α
3258 4652 3420 4720 Εἰδὼς
3451 4655 3589 4735 παρὰ
3629 4655 3767 4720 τίνος

400 4734 563 4808 ditus
586 4764 649 4808 es
677 4764 692 4805 :
743 4768 768 4799 ιι
800 4744 911 4804 hoc
932 4748 1042 4816 est,
1066 4735 1483 4824 certitudinem
1508 4734 2044 4799 didicisti.cSciens

2149 4741 2337 4815 ’μαθες,
2377 4764 2405 4797 ιι
2455 4742 2556 4798 Δύο
2618 4743 2785 4805 αἰτίας
2839 4740 2983 4821 λέγει
3038 4750 3131 4800 τοῦ
3197 4742 3309 4800 δεῖν
3367 4734 3533 4800 αὐτὸν
3578 4743 3766 4824 ἀπερί-

402 4852 438 4896 a
466 4853 581 4915 quo
614 4830 921 4895 didiceris.
961 4851 985 4887 ιι
1041 4827 1199 4890 Duas
1255 4823 1851 4915 redditucausasrcur
1905 4843 2042 4915 eum

2149 4852 2346 4910 ῖρεπτον
2377 4830 2572 4909 μένειν.
2626 4841 2717 4890 Οτι
2765 4854 2823 4888 τε
2893 4834 2953 4890 οὗ
2993 4834 3135 4911 παρὰ
3190 4832 3282 4889 τοῦ
3335 4834 3562 4914 τυχότος
3622 4823 3766 4910 ἔμα-

400 4911 642 4985 ῘῘΓΠΙΠΙΠ
674 4920 886 4982 sistere
916 4922 1208 4998 oporteat,
1233 4930 1343 4976 nec
1365 4911 1535 4974 facile
1558 4914 1737 4973 everti
1765 4934 1777 4973 :
1811 4912 1882 4975 Et
1906 4914 2043 4995 quia

2149 4940 2230 4994 ες,
2268 4918 2402 4976 ἀλλὰ
2433 4920 2537 4977 ἀπὸ
2579 4919 2807 4998 Παύλου,
2838 4921 2926 4977 καὶ
2955 4920 3035 4977 ὅτι
3106 4919 3191 4978 διὰ
3217 4911 3483 4998 βάθους-νὴ
3540 4920 3652 5000 ῥίζα
3678 4943 3763 4978 σοι

399 5009 816 5091 nonaquovis
866 5005 1092 5086 vulgari
1149 5000 1432 5091 didicisti,
1495 5000 1600 5091 sed
1665 5000 2042 5091 aPaulozet

2149 5008 2299 5065 ιεῖται
2369 5014 2475 5064 τῶν
2534 5014 2772 5089 Γραφῶν,
2833 5008 2886 5065 ἐν
2944 5009 3125 5089 χρόνῳ
3204 5023 3466 5089 γραφεῖσα
3549 5008 3759 5086 πολλῷ.

398 5101 539 5181 quia
564 5088 1014 5179 iii—profundum
1072 5092 1238 5181 radix
1289 5088 1615 5181 tibi‘posita
1645 5098 1734 5181 est
1764 5090 2037 5172 Scriptu-

2149 5098 2258 5175 [ερὰ
2312 5096 2366 5153 δὲ
2419 5088 2732 5178 Γραμματα,
2790 5098 2887 5166 τὴν
2942 5088 3283 5155 θεόπνευστον
3311 5088 3456 5177 λέγει
3514 5100 3753 5180 Γραφήν.

397 5177 624 5263 rarum,
659 5177 808 5268 'quaa
837 5203 871 5247 a
919 5180 1125 5245 multls
1179 5177 1540 5268 temporibus
1595 5177 1828 5260 scriptae
1872 5191 2033 5243 sunt.

2149 5209 2155 5242 :
2186 5190 2264 5253 Τὴ
2292 5184 2549 5261 δυνάμενά
2577 5208 2636 5242 σε
2683 5186 2913 5267 σοφίσαι.
2949 5210 2977 5242 ι)
3041 5188 3156 5268 Οὐκ,
3186 5186 3370 5265 ἀφίησί
3423 5207 3483 5243 σε
3532 5177 3759 5255 ἆνόητόν

398 5275 609 5339 Sacras
639 5265 833 5337 autem
865 5273 1117 5337 Litteras
1145 5269 1291 5332 dicit
1320 5265 1680 5358 Scripturam
1708 5287 1838 5348 quae
1862 5288 1896 5329 a
1914 5268 2037 5331 Deo

2153 5278 2407 5350 ιπαθετν,
2440 5277 2528 5332 καὶ
2596 5279 2711 5333 οἷον
2762 5265 2813 5332 οἱ
2866 5274 3078 5339 πολλοί,
3144 5266 3202 5334 Ὀ
3257 5277 3356 5355 γὰρ
3400 5276 3494 5342 τὰς
3547 5279 3755 5358 Γραφὰς

394 5365 682 5445 inspirata
745 5374 853 5425 est.
911 5361 1052 5434 Qua:
1110 5368 1163 5421 te
1220 5361 1467 5445 possunt
1517 5356 1775 5420 erudire.
1812 5382 1835 5414 ν
1897 5361 2038 5420 276

2149 5362 2290 5445 ἱδὼς,
2333 5366 2405 5430 ὡς
2461 5362 2646 5421 εἰδέναι
2716 5364 2850 5444 χρὴ,
2922 5366 3016 5422 οὒκ
3071 5363 3135 5421 ἄν
3198 5365 3542 5445 περιτραπείη
3578 5356 3753 5431 ποτε,

396 5444 776 5534 Nequaquam
805 5457 863 5513 te
894 5447 1245 5530 permittent
1276 5444 1626 5526 insipienter
1656 5462 1793 5527 erga
1812 5448 2033 5530 aliquid

2183 5444 2282 5517 Εἷς
2304 5454 2568 5533 σωτηρίαν
2597 5450 2679 5512 διὰ
2708 5454 2935 5517 πίστεως
2966 5474 3060 5523 της
3118 5452 3172 5512 ἐν
3226 5459 3437 5535 Χριστῷ
3487 5445 3687 5522 Ἰησοῦ.
3725 5480 3754 5514 ι

476 5614 523 5659 it
557 5610 771 5679 Matth.
806 5626 911 5689 vn,
946 5611 1044 5675 14.
1130 5609 1188 5659 12
1215 5607 1371 5675 Psal.
1403 5628 1602 5689 xxxvr,
1641 5614 1696 5677 t.
