4152 6216
367 336 494 410 229
1364 336 1756 410 COMMENT.
1802 336 1883 408 IN
1926 332 2164 404 EPIST.
2214 340 2270 402 II
2312 341 2413 404 AD
2456 336 2778 405 TIMOTH.
3623 334 3748 401 230

372 480 581 561 Σοφίζει
610 476 665 536 δὲ
708 500 788 554 σε,
823 482 884 537 οὐ
929 479 1065 535 κατὰ
1118 478 1219 545 τὴν
1260 475 1358 543 ’ἐξω
1411 479 1605 557 σοφίαν
1634 477 1732 545 τὴν
1787 477 1841 534 ἐν
1869 476 1999 555 λόγιι

2094 474 2249 536 afﬁci
2280 474 2433 554 vulgi
2483 493 2667 536 more.
2724 476 2870 536 Nam
2901 474 3002 555 qui
3031 491 3229 536 sacras
3260 472 3419 535 novit
3450 473 3721 561 Litteras.

368 560 471 627 καὶί
502 570 682 646 ἀπάτῃ
735 568 985 643 κειμένην
1040 566 1160 623 ἀλλ’
1218 568 1289 630 εἷς
1343 566 1607 646 σωτηρίαν
1663 564 1747 622 διὰ
1810 571 1907 633 τῆς
1961 566 1999 622 ἐπ

2097 563 2269 625 sicuti
2300 582 2476 625 nosse
2523 571 2778 644 oportet.
2829 581 3131 643 nunquam
3178 560 3436 623 subverti
3495 560 3731 642 poterit.

367 667 583 739 Χριστῷ
631 661 882 721 πίστεως.
952 659 1015 713 Αἱ
1077 658 1177 735 γὰρ
1242 654 1387 734 ἅγιαι
1439 656 1661 735 Γραφαὶ,
1715 655 1803 711 καὶ
1857 657 1892 723 ἡ
1963 653 1999 710 ἐξ

2103 676 2132 708 α
2156 653 2247 715 Ad
2271 652 2520 714 salutem
2556 672 2661 732 per
2690 653 2867 713 ﬁdem
2899 670 3028 733 quae
3058 660 3147 713 est
3178 651 3237 711 in
3271 650 3504 714 Christo
3528 651 3728 713 Iesu.»

364 738 545 809 «3;:th
584 749 765 828 σοφία,
795 750 867 811 εἷς
909 746 1084 803 πίστιν
1138 744 1323 823 ἄγουσι
1366 751 1458 802 τοῦ
1516 751 1761 823 Χριστοῦ,
1805 768 1827 799 ο
1866 750 1999 799 Πᾶσα

2096 741 2390 802 Erudiunt
2416 750 2610 802 autem
2645 749 2722 815 te,
2755 759 2871 802 non
2905 760 3070 802 more
3114 748 3377 801 externae
3425 738 3728 819 sapientite

364 840 552 921 Γραφῆ
606 839 946 901 θεόπνευστος
1002 838 1092 892 καὶ
1144 833 1434 914 ὠφέλιμος.
1502 856 1531 888 ι
1581 832 1815 897 Πολλοὺς
1872 835 1999 911 εἰρη-

2095 854 2228 915 (ιιιω
2254 836 2313 895 in
2346 853 2623 896 sermone
2653 844 2705 895 et
2740 853 2946 896 errore
2976 835 3086 895 sita
3116 833 3339 908 est,sed
3373 833 3446 894 ad
3477 832 3731 895 salutem

361 920 497 992 κὼς
559 926 888 1006 παραμυθίας
956 924 1182 1003 τρόπους
1238 932 1326 981 νῦν
1415 923 1504 977 καὶ
1587 922 1677 977 τὸν
1761 920 1999 1000 μέγιστοι

2093 942 2202 1004 per
2230 925 2407 984 [idem
2442 943 2572 1004 qua:
2601 924 2661 984 in
2691 924 2921 987 Christo
2954 932 3064 984 est.
3101 925 3252 985 Nam
3282 939 3465 983 sacrae
3496 921 3733 984 Littera;

361 1017 534 1096 λέγει,
566 1017 658 1072 τὸν
701 1014 762 1070 ἐκ
813 1012 912 1080 τῆς
964 1011 1280 1091 ἆναγώσεως
1350 1016 1456 1067 τῶν
1501 1015 1742 1090 Γραιρῶν.
1818 1016 1999 1077 Λυπη-

2092 1020 2152 1073 et
2180 1013 2467 1093 sapientia
2492 1028 2621 1093 qum
2651 1032 2716 1073 ex
2751 1013 2837 1074 eis
2867 1012 3143 1087 sumitur,
3178 1010 3251 1073 ad
3303 1010 3478 1072 [idem
3510 1008 3731 1072 Christi

359 1108 455 1186 ρὸν
480 1105 582 1185 γὰρ
624 1102 807 1181 μέλλει
855 1099 1029 1179 λέγειν
1071 1098 1152 1157 ὅτι
1198 1098 1511 1163 τελειοῦται,
1564 1101 1622 1156 Εἰ
1664 1096 1718 1154 δὲ
1771 1098 1999 1186 Τιμοθέᾳ

2093 1101 2334 1164 ducunt.
2403 1129 2426 1158 α
2488 1102 2692 1164 Omnis
2749 1102 3042 1182 scriptura
3110 1100 3392 1162 divinitus
3448 1099 3734 1179 inspirata

358 1184 446 1251 δεῖ
473 1192 877 1272 ἀναγινώσκειν,
923 1189 1074 1264 πόσῳ
1106 1186 1307 1265 μᾶλλον
1363 1189 1499 1264 ἡμτν
1531 1207 1546 1267 ;
1613 1211 1640 1242 ιι
1676 1189 1812 1267 Πρὸς
1869 1184 1999 1244 διδα-

2094 1200 2203 1254 est.
2244 1217 2266 1247 η
2302 1190 2413 1254 Ubi
2448 1191 2662 1253 multos
2693 1190 3117 1253 colysolationis
3169 1188 3376 1250 modos
3408 1189 3727 1268 expressit.

357 1282 606 1345 σκαλίαν,
659 1303 683 1339 ι
747 1276 966 1347 Ἐπειδὴ
1025 1278 1090 1334 τὰ
1184 1277 1399 1357 χρηστὰ
1483 1274 1711 1333 διδάσκει
1768 1274 1999 1354 δόγματα

2089 1299 2248 1342 nunc
2302 1280 2478 1342 etiam
2534 1280 2851 1341 maximum
2905 1279 3049 1340 dicit
3102 1278 3200 1359 qui
3250 1286 3339 1339 est
3372 1296 3438 1338 ex
3473 1277 3729 1338 lectione

356 1373 449 1429 καὶ
467 1372 780 1451 πράγματα,
828 1392 840 1422 ι
881 1369 1015 1448 Πρὸς
1072 1365 1326 1446 ἔλεγχον.
1381 1388 1404 1423 ι
1470 1367 1558 1429 Et;
1614 1366 1695 1439 τὸ,
1729 1366 1795 1451 τὰ
1838 1361 1999 1440 ψευδῆ

2088 1366 2550 1449 Scripturarnm.
2587 1368 2730 1429 Nam
2795 1367 2960 1429 triste
3013 1366 3232 1448 aliquid
3290 1365 3562 1428 dicturus
3616 1375 3725 1441 est,

354 1461 628 1540 ἐλέγχειν,
682 1482 709 1514 ιι
758 1459 891 1537 Πρὸς
961 1455 1336 1535 ἐπανόρθωσιν.
1378 1477 1401 1512 ο
1473 1456 1562 1517 Εἰς
1617 1456 1701 1532 τὸ,
1771 1450 1999 1540 διορθοῦ-

2085 1476 2301 1538 nempe
2332 1458 2403 1520 de
2436 1476 2541 1518 sua
2576 1465 2782 1519 morte.
2819 1456 2985 1529 Quod
3020 1456 3068 1516 si
3101 1454 3477 1518 Timotheum
3531 1454 3728 1533 legere

354 1539 642 1614 σθαιητοὺς
672 1546 943 1627 ἀδελφούς.
1002 1567 1025 1600 ι
1062 1545 1198 1621 Πρὸς
1261 1540 1498 1601 παιδείαν
1547 1543 1643 1610 τὴν
1686 1542 1743 1598 ἐν
1793 1539 1998 1599 δικαιο-

2083 1557 2336 1627 oportet,
2391 1546 2625 1626 quando
2679 1546 2865 1626 magis
2913 1543 3071 1606 nos?
3111 1567 3133 1601 ιι
3164 1544 3251 1606 Ad
3298 1543 3649 1605 doctrinam.
3690 1570 3715 1599 ››

353 1641 511 1716 σύν-ῃ,
551 1662 577 1694 ι
644 1639 780 1716 Πρὶς
834 1638 895 1691 τὸ
951 1630 1223 1692 παιδεῦσαι
1280 1634 1370 1689 καὶ
1439 1632 1723 1711 ἐναγαγετν
1796 1633 1868 1694 εἰς
1912 1629 1997 1686 δι-

2081 1634 2368 1707 Quoniam
2408 1637 2558 1696 bona
2592 1636 2764 1697 docet
2814 1635 3089 1712 dogmata
3119 1643 3176 1695 et
3205 1652 3447 1714 operau
3473 1631 3560 1694 Ad
3592 1633 3727 1694 red-

351 1728 667 1794 καιοσόνην,
726 1723 821 1783 Ἐκ
874 1725 973 1803 γὰρ
1150 1723 1372 1797 τούτων,
1455 1722 1606 1800 φησὶ,
1680 1720 1998 1799 περιγίνεταί

2079 1726 2475 1802 argutionem.
2514 1750 2539 1779 υ
2563 1725 2654 1787 Ad
2689 1725 2799 1785 hoc
2833 1733 2892 1785 ut
2923 1724 3064 1784 falsa
3093 1723 3577 1801 redargnantnr.«
3619 1722 3716 1783 Ad

889 1797 957 1803 -.
1070 1797 1103 1819 η
1355 1809 1364 1826 '
1471 1797 1480 1800 -
1753 1797 1760 1799 _
1818 1797 1825 1799 ι

349 1841 479 1894 τινι,
523 1818 586 1873 τὸ
616 1814 790 1895 ἄρτιον
846 1814 1012 1874 εἶναι.
1087 1822 1273 1890 Αρνιος
1315 1808 1369 1866 δε
1398 1809 1561 1891 ἐστιν,
1621 1812 1649 1866 ὁ
1698 1810 1777 1866 ἀεὶ
1847 1809 1989 1885 ἴσος,

2079 1797 2537 1910 correctionem.
2605 1840 2631 1869 ι)
2668 1810 3173 1910 Adcorrigendos
3205 1797 3726 1910 [ratresm'Adin-

347 1909 439 1964 καὶ
494 1907 634 1981 μήτε
686 1918 804 1969 τοῖς
870 1901 1131 1980 λυπηροῖς
1186 1899 1499 1975 κλινάμενος
1560 1900 1648 1955 καὶ
1710 1900 1994 1955 ταπεινού-

2081 1902 2452 1963 stitntioncm
2484 1921 2617 1982 quae
2652 1910 2739 1963 est
2768 1901 2828 1962 in
2854 1900 3107 1980 justitia.
3150 1924 3170 1953 ι
3204 1898 3292 1960 Ad
3324 1898 3722 1961 erudiendum

349 2017 537 2072 μενος,
570 1995 707 2070 μήτε
734 2004 850 2055 τοῖς
900 2003 1164 2070 χρηστοῖς
1232 1987 1575 2066 ἐπαιρόμενος
1634 1990 1720 2045 καὶ
1778 1988 1997 2068 φυσιού-

2082 1998 2141 2052 et
2172 1990 2577 2052 inducendum
2610 1991 2682 2051 ad
2717 1989 3029 2069 justitiam.
3086 1988 3168 2049 Ex
3200 1987 3291 2047 bis
3345 1995 3542 2048 autem
3574 2006 3723 2048 con-

348 2106 537 2163 μενος,
571 2082 691 2140 ἀλλ’
721 2082 801 2139 ἀεὶ
827 2081 1076 2143 ὡσαύτως
1132 2077 1277 2158 ἔχων
1333 2077 1386 2133 ἐν
1438 2078 1741 2157 πράγμασιν
1772 2076 1992 2141 ἀνίσοις.

2082 2079 2253 2157 tingit
2282 2080 2458 2141 alicui
2489 2090 2553 2142 ut
2586 2079 2814 2157 integer
2838 2078 2936 2139 sit.
2970 2079 3076 2140 Est
3103 2084 3297 2138 autem
3357 2075 3588 2153 integer
3618 2075 3722 2156 qui

357 2195 386 2232 ι
423 2162 561 2253 (Iph;
607 2177 713 2228 πᾶν
769 2169 920 2249 ἔργον
988 2168 1204 2246 ἀγαθὸν,
1245 2191 1269 2224 ι
1333 2168 1450 2246 Οὗχ
1505 2165 1686 2230 ἅπλῶς
1721 2165 1992 2246 μετέχων,

2079 2186 2314 2249 semper
2341 2176 2430 2230 est
2461 2167 2725 2249 aaqnalis,
2762 2174 2819 2228 et
2846 2184 3039 2247 neque
3067 2166 3141 2226 ad
3175 2162 3361 2253 tristia
3390 2163 3726 2253 declinatet

349 2250 482 2318 an"
502 2258 897 2339 ἀπηρτισμένος
936 2258 1025 2314 καὶ
1052 2254 1494 2336 πεπληρωμένος.

2079 2256 2349 2337 dejicitur
2378 2256 2803 2336 animo,neque
2832 2257 2902 2316 ad
2939 2271 3220 2334 prospera
3266 2250 3509 2328 erigitur
3538 2260 3596 2312 et
3618 2251 3716 2312 in-

352 2349 655 2424 tumescit,
685 2346 792 2410 sed
822 2363 1061 2428 semper
1087 2344 1214 2427 pari
1245 2342 1421 2405 modo
1454 2341 1725 2405 se'babet
1753 2344 1813 2404 in
1842 2342 2024 2406 rebus
2055 2344 2405 2427 imparibus.
2448 2368 2469 2401 α
2508 2346 2593 2407 Ad
2627 2363 2802 2407 omne
2830 2362 2977 2425 opus
3007 2342 3286 2403 bonum.»
3322 2340 3449 2402 Non
3486 2340 3717 2420 vulgari

352 2438 531 2500 modo
565 2436 862 2518 particeps
891 2435 1101 2511 factus,
1135 2432 1241 2496 sed
1273 2431 1569 2513 perfectus
1602 2450 1670 2494 ac
1703 2432 2055 2514 completus.

440 2548 469 2585 ι
503 2530 936 2606 Διαμαρτύρομαι
1003 2524 1090 2581 οὖν
1133 2524 1242 2602 ἐγὼ
1296 2522 1525 2579 ἐκώπιον
1567 2531 1660 2579 τοῦ
1717 2522 1848 2578 Θεοῦ
1915 2525 2003 2579 καὶ

345 2625 447 2675 τοῦ
521 2618 708 2694 Κυρίου
772 2614 947 2683 Ἰησοῦ
1045 2618 1267 2693 Χριστοῦ
1363 2622 1456 2670 τοῦ
1539 2610 1824 2687 μέλλοντος
1881 2613 2000 2691 κρί-

347 2728 462 2763 νειν
536 2711 737 2776 ζῶντας
813 2704 902 2760 καὶ
985 2703 1195 2782 νεκροὺς
1274 2702 1413 2759 κατὰ
1492 2701 1592 2768 τὴν
1696 2699 2000 2781 ἐπιφάνειαν

389 2799 405 2818 9
481 2795 494 2808 ⁸
651 2795 670 2848 ὶ
798 2792 812 2811 ‘
1364 2790 1380 2825 ξ
1456 2799 1479 2809 ν
1740 2786 1763 2825 ς
1944 2790 1957 2807 \

347 2817 510 2853 αυτου
582 2815 650 2849 κα
757 2814 858 2859 την
950 2790 1220 2869 βασιλείαν
1328 2812 1505 2849 anon.
1593 2790 1825 2869 Κήρυςον
1908 2811 1998 2846 τον

1355 2880 1602 2958 εὖκαίρως
1614 2925 1626 2938 .
1745 2875 1993 2957 Ελεγξον,

347 2883 538 2963 λόγον,
624 2881 863 2949 ἐπίστηθι
961 2880 1244 2959 εὒπαίρως,
1355 2880 1626 2958 εὖκαίρως.
1745 2880 1993 2957 Ελεγξον,

348 2973 693 3047 ἐπιτίμησον,
783 2968 1150 3047 παρακάλεσον
1276 2966 1329 3023 ἐν
1424 2968 1569 3044 πάσῃ
1669 2966 1999 3047 μακροθυμίᾳ

348 2973 693 3051 ἕπιτίμησον,
783 2968 1150 3050 παρακᾶλεσον

346 3064 439 3119 καὶ
483 3057 702 3140 διδαχῇ,
752 3082 778 3116 ι

2163 2522 2267 2600 IV,
2303 2527 2328 2585 l
2375 2522 2433 2585 2.
2464 2523 2753 2587 Obtestor
2782 2524 2972 2602 igitur
2989 2539 3091 2601 ego
3119 2538 3323 2583 coram
3350 2519 3478 2583 Deo
3508 2527 3561 2583 et
3592 2521 3715 2583 Do-

2082 2613 2244 2674 mino
2282 2611 2430 2675 Jesu
2467 2612 2703 2676 Christo
2757 2613 2861 2691 qui
2903 2612 3291 2692 judt'catut‘us
3341 2618 3422 2675 est
3470 2610 3642 2672 vivos
3671 2617 3724 2672 et

2082 2708 2354 2764 mortuus
2385 2703 2448 2763 in
2478 2704 2864 2781 apparitione
2891 2719 3002 2763 sua
3030 2708 3083 2763 et
3106 2705 3165 2761 in
3200 2717 3391 2780 regno
3418 2698 3723 2761 suo.Prw-

2080 2790 2217 2852 dico
2263 2808 2616 2861 sermonem,
2669 2791 2828 2852 iusta
2866 2791 3229 2870 tempestive,
3278 2790 3717 2868 intempestive,

2080 2885 2394 2957 convince,
2424 2880 2665 2960 increpa
2694 2896 2712 2941 :
2745 2880 3077 2942 exhortare
3103 2896 3238 2941 cum
3256 2878 3723 2958 longanimitate

2079 2973 2135 3030 et
2163 2969 2474 3032 doctrina.

433 3141 500 3205 Ἠ
570 3146 802 3228 συνεχὴς
844 3144 1188 3227 διαμαρτυρία
1256 3144 1375 3213 ἤτοι
1443 3143 1795 3225 παραγγελία,
1879 3144 1995 3225 τρία

2160 3146 2449 3210 Continua
2502 3144 2813 3208 obtestatio
2861 3158 2922 3207 et
2972 3152 3332 3227 praeceptum
3365 3144 3476 3207 tria
3508 3146 3662 3228 parit
3698 3166 3711 3207 :

345 3240 537 3314 τίκτει,
571 3234 929 3318 φοϐερωτέραν
974 3257 1032 3292 τε
1087 3237 1187 3302 τὴν
1244 3233 1636 3315 παραγγγελίαν
1691 3236 1779 3291 καὶ
1819 3234 1997 3313 ἀπαρ-

345 3328 570 3394 αίτητον
598 3338 767 3401 ποιεῖ,
799 3326 886 3382 καὶ
953 3326 1016 3381 τὸ
1070 3321 1405 3403 σωτηριῶδες
1460 3330 1551 3381 τοῦ
1591 3322 1750 3403 λόγου
1780 3344 2001 3403 παρατι-

347 3421 526 3478 θεται.
574 3416 648 3474 Οὔ
686 3415 796 3496 χᾶρ
878 3415 926 3471 εί
978 3413 1058 3490 μὴ
1113 3423 1351 3478 τοιοῦτος
1386 3413 1476 3491 ἦν,
1523 3410 1625 3469 ἔδει
1665 3412 1819 3469 αὐτὸν
1864 3413 1999 3487 μετᾶ

345 3506 614 3571 τοσαύτης
669 3503 1054 3584 ἀνυπερθέσεως
1109 3505 1466 3583 κηρυχθῆναι.
1545 3503 1643 3559 Καὶ
1689 3500 1770 3557 ὅτι
1825 3502 1888 3557 τὸ
1916 3502 1999 3557 οἶ-

348 3608 505 3651 κετον
560 3591 765 3673 πληροῖ
818 3594 847 3649 ὁ
912 3590 1319 3672 παραγγέλλων,
1406 3590 1599 3666 μηκέτι
1656 3591 2000 3666 ὑποκείμενος

347 3691 446 3764 τῇ,
505 3684 580 3747 ὡς
619 3684 798 3775 fixae,
851 3681 1104 3775 γινομένῃ
1160 3681 1278 3760 περὶ
1336 3681 1399 3737 τὸ
1467 3681 1728 3775 κήρυγμα.
1756 3678 1997 3775 ἀμελείᾳ.

354 3797 383 3827 ι
416 3781 525 3830 Τοῦ
566 3769 852 3847 μέλλοντος
905 3772 1093 3850 κρίνειν
1150 3772 1350 3842 ζῶντας
1408 3770 1494 3825 καὶ
1549 3768 1784 3848 νεκρούς.
1821 3790 1845 3826 ι)
1925 3768 1993 3824 Ἠ

347 3858 701 3940 ἁμαρτωλοὺς
756 3858 900 3940 λέγει
982 3860 1071 3917 καὶ
1124 3856 1372 3935 δικαίους,
1444 3857 1481 3926 ἢ
1549 3857 1671 3922 τοὺς
1726 3856 2001 3937 προαπελ-

344 3951 562 4023 θόντας,
592 3948 831 4012 καὶτοὺς
874 3946 950 4004 ἔτι
1001 3950 1222 4023 ζῶντας,
1277 3948 1314 4015 ἦ
1369 3945 1450 4003 ὅτι
1504 3945 1693 4003 πολλοὶ
1747 3944 1999 4002 καταλει-

347 4019 642 4119 φθήσονται
671 4038 863 4108 ζῶντες
891 4036 1036 4096 τότε.
1075 4019 1130 4093 ⁸0
1176 4019 1265 4093 καὶ
1304 4034 1550 4116 ἄλλαχοῦ
1604 4057 1758 4114 φησι,
1792 4035 2001 4102 Πάντης

350 4129 451 4202 μὲν
499 4128 560 4184 οὗ
605 4125 1066 4203 κοιμηθησόμεθα.
1134 4142 1162 4186 ι
1198 4125 1344 4183 Κατὰ
1396 4124 1495 4192 τὴν
1554 4122 1859 4205 ἐπιφάνειαν
1911 4123 2003 4181 αὒ-

345 4222 469 4276 τοῦ.
520 4238 544 4274 ι
611 4215 746 4272 Πότε
806 4212 1099 4291 μέλλοντος
1185 4215 1424 4294 κρίνειν;
1484 4216 1542 4269 ἐν
1598 4219 1667 4290 τῇ
1729 4212 2003 4294 ἐπιφανείᾳ

346 4306 536 4381 αὐτοῦ,
608 4310 679 4381 τῇ
729 4304 862 4381 μετὰ
920 4301 1188 4380 βασιλείας
1273 4304 1362 4360 καὶ
1428 4300 1582 4369 δόξης
1640 4301 1997 4380 γενησομένη,

348 4394 483 4454 ὧδὲ
524 4393 822 4475 γὰρόὅτως
885 4392 992 4461 ἥξει
1047 4396 1121 4460 ὡς
1171 4392 1297 4471 ᾒλθε
1349 4393 1626 4473 πρότερον.
1704 4412 1735 4452 (
1769 4390 1997 4469 Κήρυξωδ
2020 4382 2064 4431 ³

346 4487 443 4541 τὸν
472 4482 656 4562 λόγον,
693 4506 721 4538 α
766 4484 827 4541 Τί
854 4480 909 4538 δὲ
978 4480 1429 4563 διαμαρτύρομαις
1506 4482 1595 4550 Mil
1650 4482 1994 4559 κατακρύψῐις

344 4575 442 4629 τὸν
497 4570 679 4650 λόγον,
751 4572 933 4652 φησὶν,
992 4570 1129 4628 ἀλλὰ
1185 4569 1431 4651 κήρυξον.
1525 4591 1550 4627 α
1611 4569 1910 4636 Ἐπίστηθι,
1960 4592 1988 4625 ι

346 4666 507 4734 Οῖον,
548 4658 809 4741 Λῖφνίδιον
858 4660 1161 4741 ἐπισκόπει,
1211 4660 1372 4741 ἐφόρα
1431 4662 1508 4738 μή
1564 4681 1643 4723 τις
1689 4658 1990 4738 ἁμαρτάνῃ,

344 4751 435 4808 καὶ
495 4756 652 4807 τοῦτο
703 4750 868 4831 ποίει,
920 4749 1194 4830 εὐκαίρως,
1253 4749 1505 4829 ἀκαίρως,
1584 4747 1841 4823 τουτέστι,
1915 4749 1993 4819 μὴ

345 4837 490 4896 ἔστω
559 4860 642 4895 σοι
724 4840 907 4919 καιρὸς
962 4840 1094 4917 πρὸς
1149 4840 1310 4895 τοῦτο
1377 4837 1686 4919 ὡρισμένος,
1764 4833 1882 4893 ἀλλ’
1940 4835 1994 4891 ἐν

347 4929 559 5002 ἑκάστῳ
588 4933 755 5007 καιρῷ
782 4927 880 4983 κᾶν
939 4928 1017 5005 μὴ
1075 4930 1346 5007 προσ-ἧκον
1402 4933 1499 5016 ᾖ,ν
1535 4925 1832 4985 ἐπισκόπει.
1894 4925 1993 4983 Καὶ

344 5018 440 5073 ἑὰν
491 4998 692 5097 ὥρης,
720 4998 901 5096 ιρησὶν,
941 4998 1347 5096 ’ἡμαρτηκότι
1409 4998 1735 5093 στ’ἒλεγξον.
1773 5036 1799 5071 ι
1834 5011 1992 5071 Οὐδὲν

341 5106 448 5185 γὰρ
476 5102 563 5161 δεῖ
603 5106 704 5184 πρὸ
747 5103 975 5186 ἐλέγχου
1016 5118 1216 5167 ποιεῖν.
1265 5106 1364 5162 Καὶ
1431 5104 1567 5180 μετὰ
1604 5104 1666 5160 τὸ
1716 5100 1990 5168 ἀποδεῖξαι

342 5196 407 5250 τὸ
435 5206 707 5269 πταῖσμα,
778 5217 806 5248 ιι
866 5193 1236 5269 Ἐπιτίμησον.
1281 5214 1306 5250 ι
1367 5192 1611 5270 Μέμψαι,
1677 5188 1987 5270 ἑγκάλεσον.

344 5282 487 5340 Εἶτα
543 5283 681 5358 μετὰ
729 5282 831 5350 τὴν
896 5281 1139 5362 πληγὴν,
1187 5280 1358 5346 ἐπίθες
1411 5282 1710 5361 φάρμακον.
1744 5301 1768 5337 ι
1806 5286 1987 5360 Παρα-

341 5368 536 5427 κάλεον
588 5394 612 5429 ο
654 5370 778 5450 γὰρ,
809 5373 990 5452 φησὶν,
1042 5390 1074 5431 ‹
1099 5370 1194 5428 ἵνα
1250 5370 1328 5447 μὴ
1385 5374 1452 5446 τῇ
1478 5369 1822 5450 περισσοτέρᾳ
1848 5367 1988 5447 λύπῃ

342 5463 623 5539 καταποθῇ
682 5462 712 5518 ὁ
770 5468 1030 5525 τοιοῦτος.
1067 5483 1097 5517 ι
1152 5481 1175 5515 ι
1228 5456 1321 5517 Ἐν
1375 5459 1522 5537 πάσῃ
1563 5458 1914 5538 μακροθυμίᾳ.
1956 5481 1979 5515 ι

422 5628 481 5679 i3
509 5626 695 5693 ICor.
726 5646 826 5709 xv,
860 5630 959 5693 51.

2081 3235 2514 3297 formidabilius
2561 3235 2758 3297 reddit
2807 3243 3162 3315 praeceptum
3216 3242 3276 3297 et
3305 3235 3718 3311 irrecusabile,

2082 3323 2355 3405 quodque
2385 3325 2640 3386 salutare
2662 3332 2749 3385 est
2774 3324 2834 3385 in
2876 3342 3151 3385 sermone
3184 3324 3479 3404 proponit.
3514 3323 3722 3406 Neque

2080 3413 2240 3477 enim
2264 3416 2314 3476 si
2338 3414 2468 3475 talis
2499 3433 2616 3474 non
2646 3420 3163 3492 essset,0porteret
3195 3414 3390 3492 ipsum
3408 3422 3718 3475 cumtanta

2084 3504 2450 3565 sublimitate
2502 3502 2832 3583 przedicari.
2883 3504 3178 3564 Praeterea
3222 3500 3379 3581 quod
3428 3519 3602 3563 suum
3634 3510 3724 3562 est

2081 3592 2281 3654 facitis
2296 3592 2395 3672 qui
2424 3591 2759 3671 praacipitet
2777 3589 3106 3664 annuntiat,
3123 3590 3247 3669 jam
3262 3607 3377 3649 non
3398 3588 3712 3651 obnoxius.

2082 3688 2144 3744 nt
2172 3680 2498 3742 verisimile
2526 3688 2634 3755 est,
2669 3678 3042 3757 negligentiae
3080 3696 3213 3758 qua:
3242 3677 3398 3737 circa
3426 3678 3719 3757 praedica-

2082 3770 2305 3831 tionem
2362 3768 2512 3830 solet
2562 3768 2929 3848 contingere.
2985 3788 3007 3819 α
3041 3765 3151 3841 Qui
3203 3765 3579 3847 judicaturns
3631 3776 3722 3829 est

2083 3859 2240 3921 vivos
2273 3874 2331 3919 et
2363 3869 2688 3921 mortuos.»
2714 3857 2833 3919 Aut
2862 3865 3199 3938 peccatores
3230 3854 3375 3917 dicit
3401 3862 3458 3917 et
3481 3856 3675 3935 jnstos
3702 3876 3715 3915 :

2083 3955 2183 4010 aut
2207 3965 2310 4008 eos
2336 3946 2435 4027 qui
2460 3946 2583 4027 jam
2616 3946 2832 4007 mortui
2864 3953 3055 4027 erant,
3082 3945 3301 4025 quique
3334 3945 3525 4006 adhuc
3560 3946 3717 4007 vive-

2084 4036 2387 4099 bantzaut
2428 4034 2565 4116 quia
2613 4034 2782 4096 multi
2807 4053 2876 4097 eo
2904 4042 3172 4115 tempore
3203 4032 3315 4093 vivi
3342 4033 3724 4115 relinquendi

2084 4132 2241 4205 sunt,
2266 4124 2419 4186 sicut
2447 4121 2587 4184 alibi
2604 4122 2748 4186 dicit
2778 4146 2791 4182 :
2814 4120 3035 4185 Omnes
3058 4121 3297 4203 quidem
3325 4140 3445 4184 non
3467 4124 3723 4185 dormie-

2084 4232 2217 4275 mus
2245 4214 2321 4277 ‘3.
2360 4237 2380 4269 α
2409 4210 2473 4273 In
2506 4212 2874 4293 apparitione
2906 4231 3035 4274 eua.
3070 4237 3094 4270 υ
3121 4213 3259 4273 277
3281 4212 3526 4285 Quando
3553 4211 3718 4291 judi-

2084 4311 2320 4364 catnrus
2349 4301 2491 4364 est?
2532 4299 2598 4361 1n
2648 4300 3015 4381 apparitione
3074 4318 3201 4376 sua,
3250 4319 3380 4381 qua:
3411 4302 3605 4362 futura
3633 4310 3723 4362 est

2082 4409 2219 4452 cum
2273 4390 2576 4470 majestate
2628 4397 2686 4450 et
2722 4389 2929 4468 gloria.
2963 4389 3173 4470 Neque
3223 4389 3493 4451 enim'ita
3523 4390 3718 4451 veniet

2079 4481 2233 4541 sicut
2267 4479 2428 4556 prius
2458 4477 2641 4539 venit.
2678 4478 2976 4541 «Pracdica
3006 4496 3405 4539 sermonem.»
3444 4477 3593 4549 Quid
3611 4496 3721 4540 an-

2079 4576 2196 4629 tem
2229 4566 2539 4629 obtestor?
2586 4568 2673 4630 Ne
2724 4567 2985 4628 occultes
3014 4583 3377 4641 sermonem,
3412 4567 3517 4627 sed
3563 4584 3719 4647 prae-

2075 4655 2259 4719 dices.
2300 4680 2322 4713 ι
2370 4657 2529 4716 Insta
2580 4680 2607 4710 ι
2651 4654 2777 4716 Hoc
2823 4662 2934 4729 est,
2990 4652 3214 4734 Repete
3243 4653 3632 4734 circumspice
3662 4662 3722 4715 et

2077 4743 2327 4807 observa
2357 4762 2431 4806 ne
2462 4743 2593 4825 quis
2625 4750 2852 4825 peccet.
2885 4742 2959 4804 Et
2986 4743 3098 4804 hoc
3141 4742 3315 4805 facito
3349 4743 3716 4823 tempestive,

2075 4835 2514 4917 intempestive,
2540 4835 2654 4896 hoc
2685 4842 2773 4896 est
2796 4852 2871 4895 ne
2894 4833 2965 4896 ad
2991 4835 3103 4895 hoc
3133 4833 3210 4894 sit
3245 4832 3352 4896 tibi
3382 4841 3610 4895 certum
3640 4853 3712 4895 ac

2075 4925 2386 4987 deﬁnitum
2420 4934 2679 5003 tempus,
2725 4923 2833 4985 sed
2881 4923 3044 4984 omni
3078 4930 3344 5002 tempore
3374 4940 3713 5004 quanquam

2074 5032 2194 5075 non
2214 5013 2391 5076 fuerit
2418 5020 2842 5093 opportunum,
2874 5010 3326 5090 snperintende.
3351 5010 3424 5072 Et
3463 5010 3515 5073 si
3546 5012 3717 5074 inve-

2073 5102 2258 5178 neris,
2280 5100 2493 5182 inquit,
2525 5108 2932 5181 peccantem,c
2962 5098 3280 5163 Convince.
3311 5124 3331 5157 ο
3367 5100 3525 5163 Nihil
3557 5100 3714 5163 enim

2068 5190 2267 5254 facere
2294 5196 2527 5271 oportet
2553 5188 2898 5270 priusquam
2919 5187 3281 5251 conviceris:
3318 5198 3377 5252 et
3406 5198 3717 5271 postquam

2071 5298 2297 5361 [apsum
2320 5295 2451 5339 esse
2476 5276 2831 5353 ostenderis,
2863 5299 2891 5336 ι
2909 5276 3180 5358 Increpa.
3211 5301 3239 5333 ι
3293 5276 3715 5360 Reprehende,

2070 5366 2338 5448 objurga.
2369 5365 2600 5430 Deinde
2632 5374 2766 5447 post
2790 5366 3001 5428 vulnus
3030 5366 3183 5429 adde
3208 5375 3266 5428 et
3297 5368 3708 5449 pharmacum.

2076 5478 2099 5514 ι
2124 5454 2513 5520 Exhortare.»
2538 5473 2721 5518 -αιιθ
2757 5454 2942 5517 nimia
2975 5455 3166 5519 tristia
3198 5454 3589 5521 absorbeatur
3618 5460 3718 5539 qui
