4152 6216
466 367 585 449 235
1592 360 2005 429 CECUMENII
2049 359 2125 421 TI

2208 357 2344 421 ICIE
2385 352 2720 421 EPISCOPI
3733 344 3857 412 236

466 504 590 567 dita
620 512 747 567 erat
774 504 1173 586 Ephesiorum
1202 498 1515 565 Ecclesia?
1539 499 1689 572 Quia
1716 516 1848 559 cum
1891 496 1952 557 in
1984 512 2120 586 car-

2208 488 2385 565 μένον,
2444 489 2574 568 πρὸς
2605 488 2790 586 ἑαυτὸν
2817 484 2966 544 καλει
2994 504 3011 567 ;
3082 494 3184 586 ρτι
3215 484 3271 542 ἐν
3312 482 3521 586 violati;
3549 482 3623 541 ὢν
3665 482 3844 586 αὑτὸς,

470 612 608 657 cere
640 571 922 667 essetiad
958 594 1124 655 illum
1182 590 1477 671 proﬁcisci
1524 571 1642 650 non
1700 593 1949 669 poterat.
1984 583 2120 644 Vult

2208 577 2452 635 ἀπελθεῖν
2510 578 2606 634 οὒκ
2664 574 2908 645 ἠδύνατο,
2980 572 3228 631 Βούλεται
3293 573 3382 632 οὗν
3467 571 3639 630 ἐλθεῖν
3716 573 3847 649 πρὸς

470 683 654 764 igitur
682 689 746 743 ut
769 659 1115 745 Timotheus
1144 659 1214 741 ad
1250 698 1312 740 se
1369 678 1587 759 veniat,
1623 659 1744 737 tum
1776 673 1933 757 quod
1960 672 2120 764 solus

2208 668 2355 726 αὐτὸν
2390 668 2484 724 τὸν
2525 666 2801 743 Τιμόθεον,
2832 663 2915 721 διά
2941 686 3000 721 τε
3029 665 3112 745 τὸ,
3145 664 3307 740 μόνος
3337 663 3503 739 εἶναι,
3532 664 3621 719 καὶ
3649 659 3733 764 διὰ
3760 662 3848 742 τὸ²

475 748 653 847 esset,
690 778 811 832 tum
838 777 903 830 ut
931 769 1124 849 aliqua
1146 767 1258 848 ipsi
1283 748 1647 847 prazciperet.
1682 748 1812 826 «Ad
1820 782 1916 825 me
1937 761 2112 825 cito.»

2208 756 2318 811 τινὰ
2348 755 2488 831 αὒτῷ
2517 753 2859 814 ἐντείλασθαι.
2960 753 3097 833 Πρός
3128 774 3198 849 με
3236 751 3474 849 ταχέως,
3515 776 3548 849 ιο.
3575 750 3646 809 Οὔ
3673 748 3840 849 λέγει,

473 859 604 923 Non
634 837 716 921 ait
745 878 758 921 :
824 837 1061 918 [nterim
1121 837 1260 917 dum
1284 837 1444 917 ⁸νίγο
1466 837 1490 913 ἐ
1527 873 1721 935 neque
1753 853 1908 915 enim
1941 851 2121 912 voluit

2208 843 2292 901 Ἐν
2324 842 2436 918 ὅσῳ
2462 851 2536 917 ζῶ
2569 864 2583 879 ο
2619 842 2735 900 οὐδὲ
2764 845 2863 923 γὰρ
2891 841 3126 911 λυπῆσαι
3166 839 3374 909 ἤθελεν,
3443 863 3471 896 ι
3533 837 3845 935 Ἀγαπζήσας

476 966 611 1012 eum
644 945 1015 1008 contristare.
1056 967 1079 1001 ιι
1117 946 1261 1008 Cum
1313 944 1588 1023 diligeret
1625 926 1900 1024 prmsens
1929 959 2118 1003 saecu-

2208 934 2293 989 τὸν
2347 940 2433 990 νῦν
2487 935 2674 995 αἰῶνα.
2735 956 2763 988 π
2823 938 2924 991 Τοῦ
2979 930 3245 1012 ἀσφαλοῦς
3300 932 3387 987 καὶ
3441 939 3534 989 τοῦ
3578 926 3845 985 ἀκινδόνου

473 1038 683 1124 lum.)
711 1034 777 1124 Id
810 1042 898 1124 est
941 1033 1318 1124 securitatem
1365 1053 1379 1093 :
1413 1015 1470 1095 ἐι
1509 1035 1587 1124 ita
1614 1015 1764 1124 fugit
1793 1030 2118 1124 periculum

2208 1023 2507 1101 γενόμενος,
2565 1024 2639 1087 ὡς
2696 1021 2959 1097 ἐνόμισεν.
3026 1019 3220 1079 Εἵλετο
3276 1020 3377 1099 γὰρ
3443 1016 3643 1096 μᾶλλον
3703 1015 3849 1124 οἴκρι

474 1117 549 1189 ut
571 1113 948 1187 eﬂstimavit.
982 1123 1165 1202 Magis
1196 1122 1356 1185 enim
1402 1123 1579 1201 elegit
1608 1105 1770 1184 doini
1794 1105 1861 1183 in
1892 1117 2125 1183 deliciis

2208 1117 2419 1191 τρυφᾷν,
2460 1110 2496 1179 ἢ
2552 1108 2667 1188 μετ’
2724 1110 2867 1202 ἐμοῦ.
2893 1108 3366 1190 ταλαιπωρεῖσθαι.
3421 1107 3493 1167 Οὗ
3548 1116 3751 1202 τοῦτον.
3786 1105 3841 1161 δέ

474 1232 672 1295 agere,
706 1231 881 1293 quam
913 1194 1144 1274 mecuin
1179 1194 1524 1291 defatigari:
1545 1210 1673 1273 Non
1708 1220 1902 1273 autem
1933 1209 2124 1271 inten-

2208 1198 2475 1258 διαϐαλεῖν
2544 1198 2703 1276 θέλει,
2750 1196 2868 1255 ἀλλ’
2916 1200 3067 1302 ᾑμᾶς
3124 1197 3359 1277 στηρίξαι
3422 1196 3500 1273 μὴ
3555 1194 3847 1302 palantia:

477 1284 565 1366 dit
592 1284 754 1364 hunc
784 1303 1115 1377 traducere,
1149 1301 1253 1361 sed
1304 1284 1411 1362 nos
1439 1303 1634 1381 potius
1666 1300 2017 1363 conﬁrmare
2047 1317 2121 1360 ne

2208 1292 2342 1348 σθαι.
2399 1312 2420 1345 ε
2459 1290 2710 1368 Κρήσκης
2739 1290 2812 1353 εἰς
2840 1286 3121 1348 Γαλατίαν.
3173 1309 3198 1345 ι
3261 1289 3414 1345 Οὗτοι
3469 1284 3661 1365 γνώμη
3689 1284 3848 1340 αὑτοῦ

478 1390 921 1452 mollescamus.
964 1410 986 1445 (ι
1014 1373 1299 1450 Crescens
1331 1389 1391 1450 in
1425 1373 1729 1451 Galatiam.
1761 1413 1780 1442 ι
1806 1387 1879 1451 Hi
1901 1405 2005 1449 sua
2024 1405 2123 1448 vo-

2208 1377 2640 1454 ἀπεληλύθεισαν,
2687 1376 2766 1433 διὸ
2795 1377 2853 1434 οὒ
2894 1376 3037 1454 λέγει
3091 1378 3208 1456 περὶ
3262 1376 3434 1433 αὐτῶν
3480 1376 3567 1454 τὸ,
3611 1373 3845 1452 Ἐγκατ-

473 1479 700 1541 luntate
720 1476 1140 1557 discesserant,
1173 1477 1309 1539 ideo
1324 1497 1442 1539 non
1466 1478 1627 1553 dicit,
1661 1476 1917 1557 Reliqui.
1937 1480 2120 1539 Porro

2208 1468 2406 1531 ἐλιπον.
2466 1470 2608 1534 Τέως
2638 1471 2737 1550 γὰρ
2765 1472 2794 1527 6
2847 1479 3005 1533 Τῖτος
3046 1475 3153 1525 τῶν
3194 1469 3493 1545 θαυμασίων
3542 1466 3628 1541 ἧν,
3673 1465 3845 1540 τούτῳ

477 1567 646 1628 Titus
677 1566 834 1625 inter
865 1566 1180 1644 praeclaros
1210 1574 1336 1628 erat
1365 1566 1458 1627 cui
1502 1568 1686 1628 Cretae
1716 1565 2118 1646 episcopatum

2208 1561 2289 1614 καὶ
2346 1559 2642 1627 ἐπισκοπὴν
2684 1559 3043 1616 ἐπεπιστεύκει
3101 1557 3195 1625 τῆς
3255 1558 3491 1637 Κρήτης.
3544 1577 3567 1610 ε
3637 1559 3841 1617 Λουκᾶς

474 1654 832 1719 crediderat.
869 1643 895 1710 ι
930 1652 1117 1716 Lucas
1161 1673 1395 1717 mecum
1427 1662 1516 1716 est
1539 1656 1722 1718 solus.
1754 1643 1789 1711 3
1817 1643 1999 1717 Lucas
2023 1652 2123 1716 hic

2208 1645 2314 1701 ἐστι
2371 1647 2529 1723 μόνος
2586 1647 2703 1723 μετ’
2774 1647 2922 1724 ἐμοῦ.
2986 1671 3014 1703 ι
3079 1652 3278 1709 Λουκᾶς
3336 1645 3485 1711 οὗτός
3544 1643 3681 1701 ἐστιν
3729 1645 3758 1699 6
3786 1645 3847 1698 τὸ

474 1744 684 1824 estqui
713 1742 1089 1821 Evangelium
1150 1743 1385 1822 scripsit
1414 1751 1472 1807 et
1500 1744 1644 1806 Acta
1670 1744 2069 1825 apostolorum
2100 1763 2113 1805 :

2208 1734 2524 1825 εὐαγγέλιον
2581 1737 2780 1816 γράφεις
2852 1739 2939 1793 καὶ
3003 1738 3098 1801 τὰς
3170 1734 3384 1814 Πράξεις
3440 1734 3547 1791 τῶν
3607 1732 3844 1790 ἀποστό-

476 1819 620 1896 cum
641 1838 835 1893 autem
864 1819 1139 1892 discendi
1162 1819 1409 1911 cupidus
1435 1841 1611 1908 esset,
1636 1819 1872 1895 sanctus
1889 1840 1944 1894 et
1974 1849 2120 1894 con-

2208 1820 2334 1883 λων.
2362 1822 2668 1900 Φιλομαθῆς
2697 1823 2775 1900 δὲ,
2808 1824 2883 1882 ὢν
2924 1827 2952 1882 6
3006 1824 3157 1906 ἅγιος
3204 1826 3292 1882 καὶ
3332 1824 3661 1903 καρτερικὸς,
3693 1819 3846 1877 ἀδια-

475 1930 658 1997 stans,
695 1936 994 1998 nunquam
1023 1938 1055 1980 a
1099 1910 1277 1980 Paulo
1311 1919 1725 1985 divellebatur.
1764 1942 1788 1978 ιι
1824 1921 1924 1983 Est
1963 1922 2121 1982 enim

2209 1912 2458 1974 σπάστως
2488 1912 2677 1992 εἴχετο
2708 1919 2800 1969 σοῦ
2829 1912 3059 1977 Παύλου,
3111 1937 3139 1968 ι
3215 1921 3341 1971 Εστι
3381 1912 3481 1991 γάρ
3523 1932 3613 1988 μοι
3643 1910 3848 1991 εὔχρη-

476 2009 625 2071 mihi
656 1997 945 2088 perutilis.
984 2030 1007 2063 υ
1045 2005 1173 2069 Non
1203 2008 1273 2069 ad
1333 2026 1547 2081 meam,
1582 2010 1795 2091 inquit.
1830 2008 2121 2090 requiem,

2210 2022 2353 2064 στος.
2405 2024 2432 2055 n
2481 2003 2588 2059 Οὐκ
2630 2003 2704 2065 εἷς
2758 2002 2858 2070 τὴν
2925 2002 3060 2079 ἐμὴν
3128 2002 3444 2078 ἀνάπαυσιν,
3504 2002 3686 2081 φησὶν,
3729 1997 3849 2054 ἀλλ’

473 2100 579 2161 sed
600 2087 673 2159 ad
696 2095 1087 2158 ministerium
1115 2097 1545 2174 evangelicum.
1574 2087 1727 2161 Sane
1747 2087 2122 2160 Timotheum

2208 2090 2278 2153 εἷς
2309 2088 2573 2147 διακονίαν
2639 2100 2732 2149 τοῦ
2788 2089 3128 2169 Εὖαγγελίου,
3205 2099 3316 2170 Αρα
3381 2091 3468 2146 καὶ
3535 2090 3629 2145 τὸν
3678 2087 3848 2163 Τιμό-

474 2203 707 2268 quoque
738 2186 891 2245 hanc
922 2184 997 2245 ob
1059 2186 1296 2247 causam
1344 2186 1609 2262 vocabat,
1672 2195 1736 2248 ut
1784 2195 1914 2268 post
1958 2204 2121 2248 suam

2208 2180 2324 2233 θεον
2364 2178 2548 2235 τούτου
2595 2179 2754 2260 χάριν
2820 2179 3019 2255 ἐκάλει,
3092 2178 3185 2235 ἵνα
3239 2178 3375 2235 κατὰ
3432 2178 3530 2246 τὴν
3572 2178 3730 2234 αὐτοῦ
3755 2197 3851 2233 τε-

477 2263 729 2338 mortem
755 2272 1193 2335 consolaretrur
1222 2275 1452 2336 fratres.
1483 2300 1507 2330 (ι
1535 2275 1628 2338 Ad
1662 2263 2117 2339 ministerium.»

2208 2264 2417 2323 λείωσιν
2477 2271 2845 2348 παραμυθῆται
2900 2269 3022 2333 τοὺς
3076 2265 3350 2348 ἀδελφούς.
3420 2285 3452 2326 (
3525 2267 3611 2331 Εἰς
3667 2263 3848 2322 διακο-

474 2362 777 2452 Evangelii
809 2361 1103 2452 videlicet.
1139 2386 1174 2452 ιι
1204 2362 1385 2424 Porro
1409 2363 1730 2452 Tychicum
1753 2363 1947 2425 misi.»
1977 2363 2125 2426 Vide

2209 2356 2405 2452 νὲαν.)
2437 2363 2539 2414 Τοῦ
2559 2356 2934 2452 ⁸Ἰὶἷ›αγγελίι›υ,
2993 2357 3175 2437 φησίν.
3253 2380 3282 2412 ι
3345 2357 3576 2436 Τυχικὸν
3618 2352 3672 2411 δὲ
3735 2353 3831 2411 ἀπ.

472 2449 874 2517 omnimodam
937 2451 1343 2512 solitudinem.
1386 2474 1410 2509 ιι
1445 2451 1721 2515 Penulam
1770 2471 1943 2534 quam
1975 2453 2123 2515 reli-

2208 2443 2436 2508 ἐστειλα,
2488 2467 2512 2504 υ
2559 2443 2678 2525 Ὅρα
2704 2444 2788 2502 διὰ
2829 2447 3042 2534 πάντων
3097 2446 3196 2514 τὴν
3251 2444 3504 2521 μόνωσιν.
3560 2467 3589 2499 ι
3621 2445 3722 2501 Τὸν
3750 2463 3841 2523 φε-

476 2543 603 2625 qui.
643 2566 668 2595 α
702 2538 1133 2625 Vestimentum
1190 2540 1482 2620 quoddam
1528 2542 1626 2604 hic
1680 2526 1846 2605 dicit.
1903 2540 2123 2614 Quzerit

2208 2532 2367 2601 λόνην
2401 2536 2496 2625 μὸν
2563 2533 2844 2625 ἀπέλιπον.
2901 2558 2955 2625 δ,
2994 2526 3222 2625 Ἱμάτιόν
3276 2557 3327 2591 τι
3405 2532 3549 2612 λέγει
3604 2532 3844 2593 ἐνταῦθα.

476 2622 674 2695 autem
704 2624 873 2700 illud,
909 2645 984 2688 ne
1011 2645 1194 2706 egens
1223 2629 1494 2708 cuiquam
1527 2630 1603 2691 sit
1632 2631 1941 2693 molestus.
1972 2632 2118 2692 Nam

2208 2628 2369 2690 Ζητεῖ
2396 2622 2450 2679 δέ
2479 2634 2654 2700 τοῦτο,
2702 2623 2839 2681 ὥστε
2897 2624 2977 2701 μὴ
3032 2623 3497 2708 δεηθῆναίῌτινος,
3564 2626 3849 2700 Πανταχοῦ

472 2720 696 2799 ubique
726 2716 840 2777 hoc
871 2714 984 2795 ipsi
1006 2701 1163 2777 cura;
1184 2725 1273 2779 est
1289 2701 1630 2797 plurimum.
1654 2753 1733 2763 —
1753 2719 1895 2781 Alio
1924 2720 2118 2791 modo.

2208 2713 2304 2799 γὰρ
2346 2711 2512 2778 πολὺς
2554 2717 2697 2788 αὐτῷ
2726 2713 2908 2771 τούτου
2950 2712 3131 2793 λόγος.
3162 2745 3242 2757 -
3287 2701 3534 2775 ἸΛλλως.
3586 2708 3846 2791 [ἹΩΛΝοι

476 2794 674 2870 Vestis
703 2794 1010 2884 genusihic
1037 2804 1200 2866 dicit.
1230 2794 1477 2877 Quidam
1512 2825 1650 2868 vero
1672 2806 1901 2879 thecam
1934 2807 2119 2887 signi-

2211 2794 2439 2878 ’ἱμάτιον
2497 2802 2713 2861 ἐνταῦθα
2787 2801 2953 2881 λέγει.
3047 2802 3195 2868 Τινὲς
3252 2800 3308 2858 δὲ
3358 2803 3419 2860 τὸ
3472 2799 3851 2887 γλωσσόκομον

470 2896 642 2960 ﬁcari
668 2894 871 2955 volunt
899 2892 960 2952 in
984 2911 1100 2973 qua
1127 2893 1314 2954 libelli
1338 2895 1804 2975 reponebantur.
1839 2884 2124 2968 Quze'au-

2209 2890 2327 2948 ἔνθα
2358 2893 2421 2947 τὰ
2476 2890 2650 2968 βιϐλία
2693 2890 2883 2952 ἔκειτο.
2930 2892 2990 2951 Τί
3030 2889 3084 2948 δὲ
3139 2895 3282 2966 αὐτῷ
3321 2896 3427 2948 τῶν
3476 2886 3692 2966 βιϐλίων
3750 2884 3849 2942 ἔδει

473 2994 595 3049 tem
620 2982 736 3066 ipsi
768 2981 1101 3043 libellorum
1162 2991 1291 3044 erat
1346 2984 1671 3046 necessitas
1727 2984 1827 3065 qui
1859 2985 2023 3046 brevi
2055 2985 2125 3047 ad

2212 2978 2456 3051 μέλλοντι
2519 2978 2821 3057 ἀποδημεῖν
2873 2983 3005 3061 πρὸς
3059 2981 3149 3039 τὸν
3208 2980 3388 3060 Θεόνς
3449 2979 3548 3037 Καὶ
3619 2975 3850 3066 μάλιστα

474 3064 664 3139 Deum
697 3069 1050 3150 migraturus
1081 3072 1251 3133 erat?
1309 3072 1478 3134 Certe
1528 3082 1666 3135 tunc
1699 3064 1951 3135 maxime
1980 3093 2125 3155 opus

2212 3068 2336 3145 ἔδει,
2395 3068 2532 3127 ὥστε
2589 3069 2719 3126 αὐτὰ
2770 3083 2888 3135 τοῖς
2942 3082 3155 3136 πιστοῖς
3196 3068 3535 3149 παραθέσθαι,
3581 3067 3670 3124 καὶ
3738 3064 3851 3121 ἀντὶ

2214 3163 2268 3181 καί
2390 3159 2403 3177 ’
2479 3165 2501 3175 ~
2561 3156 2663 3181 95,,
2772 3156 2794 3181 η
2931 3157 2956 3181 ν
3009 3180 3019 3181 ,
3174 3159 3259 3181 ’γι
3345 3159 3443 3181 m1,
3504 3154 3551 3181 βλ
3628 3151 3850 3181 _-‘l_!_._-.

477 3173 629 3239 erat,
665 3169 728 3223 ut
758 3178 859 3222 eos
889 3159 1163 3222 ﬁdelibus
1193 3163 1659 3243 commendaret,
1696 3170 1752 3225 et
1779 3163 1995 3225 utillos
2019 3151 2125 3245 pro

2208 3163 2306 3225 τῆς
2350 3159 2505 3215 αὐτοῦ
2556 3156 2887 3238 διδασκαλγας
2931 3157 3078 3240 ἔχειν
3132 3159 3284 3219 αὐτά.
3345 3159 3447 3216 Τὸν
3500 3154 3556 3212 δὲ
3623 3151 3851 3234 φελόνην

475 3252 664 3335 ipsius
694 3249 964 3311 doctrina
991 3248 1303 3311 haberent.
1331 3251 1612 3314 Penulam
1640 3241 1777 3313 vero
1800 3241 2123 3336 quaerebat,

2209 3248 2403 3323 ἐζήτει,
2462 3247 2600 3305 ὥστε
2642 3248 2721 3324 μὴ
2781 3245 3031 3336 δεηθῆναι
3089 3244 3215 3336 παρ’
3271 3246 3488 3336 ἑτέρων-
3514 3241 3748 3336 λαϐεῖν.⁸
3770 3275 3851 3288 -·

476 3329 553 3406 ne
584 3339 697 3403 sibi
729 3356 877 3419 opus
908 3345 1063 3399 esset
1090 3338 1162 3399 ab
1192 3340 1326 3402 aliis
1364 3342 1663 3421 accipere.
1699 3374 1774 3384 —
1812 3329 1838 3396 ἆ
1875 3329 2125 3404 Maxime

2213 3355 2243 3421 α
2277 3336 2519 3393 Μάλιστα
2547 3336 2641 3401 τὰς
2672 3334 2999 3417 μεμϐράνας.
3063 3360 3092 3393 ι
3156 3332 3491 3417 [ΘΕΟΔΩΡ.]
3534 3329 3848 3421 Μεμϐράνας

477 3417 876 3495 membranas.
915 3445 945 3486 ›
977 3426 1350 3491 Membranas
1379 3417 1583 3492 Lati-na
1612 3430 1795 3509 magis
1825 3448 1987 3511 voce,
2019 3448 2125 3490 vo-

2211 3417 2670 3511 Ῥωμαϊκώτερον,
2728 3427 2794 3483 τὰ
2862 3424 3046 3494 εἱλητὰ
3110 3423 3385 3501 ἐκάλεσεν,
3448 3425 3523 3487 ὡς
3591 3423 3699 3479 ἀπὸ
3751 3420 3847 3489 τῆς

475 3519 705 3584 lumina
734 3516 856 3578 sive
888 3516 1121 3579 chartas
1145 3518 1432 3581 volubiles
1454 3520 1769 3601 appellavit
1796 3538 1809 3582 :
1846 3526 2122 3605 tanquam

475 3627 511 3671 a
565 3608 833 3669 Romano
889 3622 997 3666 usu
1074 3606 1488 3670 indiﬂ‘erenter
1563 3607 1822 3669 dictione
1877 3605 2119 3682 abusus,

475 3704 631 3757 σοι
668 3712 736 3755 ex
768 3711 885 3773 qua
940 3693 1088 3755 urbe
1131 3696 1307 3758 etiam
1359 3696 1595 3776 scripsit
1655 3694 2002 3776 Epistolam.
2058 3694 2121 3755 In

480 3781 847 3864 complicatis
869 3782 1026 3843 enim
1053 3790 1110 3844 et
1130 3784 1406 3847 involutis
1426 3784 1645 3847 chartis
1667 3782 1964 3846 habebant
1983 3782 2123 3844 olim

478 3887 611 3949 quae
639 3867 713 3928 ad
744 3869 1001 3930 divinam
1025 3873 1367 3950 spectabant
1404 3869 1768 3951 Scripturam
1801 3890 1814 3934 :
1841 3872 2125 3953 quemad-

475 3955 720 4017 modum
748 3953 925 4015 etiam
956 3954 1028 4016 ad
1059 3959 1217 4017 hunc
1246 3976 1431 4038 usque
1464 3960 1623 4021 diem
1656 3960 1842 4022 Judaei
1875 3961 2127 4040 plurima

479 4043 723 4106 habent.
753 4044 1013 4106 Libellos
1041 4055 1238 4109 autem
1287 4048 1432 4108 dixit
1482 4048 1785 4109 communi
1842 4048 2125 4110 vocabulo

478 4132 634 4211 quod
661 4132 723 4191 in
753 4132 868 4193 alia
898 4152 1131 4214 quoque
1160 4138 1349 4195 l'orma
1379 4135 1652 4196 habuerit
1672 4136 1938 4197 fortaSsis
1959 4136 2127 4199 libel--

479 4220 595 4281 los.
636 4241 665 4280 ‹
696 4222 951 4284 Maxime
980 4224 1384 4285 membranas.
1427 4248 1450 4283 ι)
1487 4224 1779 4285 Fortassis
1809 4233 2005 4286 autem
2038 4227 2131 4287 ha;

479 4308 723 4370 utiliora
751 4312 1021 4390 quaedam
1051 4313 1113 4373 in
1140 4331 1206 4374 se
1235 4313 1495 4393 reposita
1523 4312 1839 4375 habebant.
1860 4315 2128 4375 Suntau-

2205 3515 2259 3571 ἐν
2310 3509 2488 3591 Ῥώμᾳ
2528 3516 2800 3582 συνηθείας
2857 3513 3150 3596 ἀδιαφόρως
3206 3521 3276 3593 τῇ
3354 3512 3490 3579 λέξει
3563 3530 3848 3592 καταχρη-

2208 3605 2457 3685 σάμενος,
2504 3601 2593 3682 ἀφ’
2621 3605 2690 3671 ἧς
2731 3602 2797 3671 δὴ
2824 3605 2912 3661 καὶ
2958 3603 3149 3684 ἔγραφε
3190 3603 3290 3670 τὴν
3346 3598 3694 3669 Ἐπιστολὴν.
3757 3598 3850 3656 Ἐν

2207 3693 2442 3761 εἱλητοῖς
2486 3694 2587 3773 γὰρ
2616 3693 2777 3773 εἶχον
2803 3695 2865 3750 τὸ
2893 3692 3118 3750 παλαιὸν
3160 3694 3227 3749 τὰ
3282 3697 3382 3760 τῆς
3425 3691 3564 3754 θείας
3606 3692 3847 3768 Γραφῆς,

2207 3783 2385 3862 ὥσπερ
2414 3783 2503 3841 οὖν
2529 3784 2617 3840 καὶ
2657 3781 2785 3863 ἄχρι
2840 3788 2939 3852 τῆς
2983 3782 3130 3863 δεῦρο
3184 3787 3232 3840 οἱ
3288 3781 3530 3841 Ἰουδαῖοι
3558 3782 3624 3838 τὰ
3651 3778 3853 3837 πλεῖσ-

2209 3896 2306 3930 στα
2337 3872 2545 3953 ἔχουσι.
2593 3870 2773 3929 Βιϐλία
2814 3871 2867 3929 δὲ
2893 3874 3017 3930 εἶπε
3065 3874 3202 3932 κατὰ
3256 3878 3457 3948 κοινοῦ,
3488 3872 3562 3935 ὡς
3591 3868 3652 3928 ἂν
3680 3869 3770 3925 καὶ
3797 3867 3853 3924 ἐν

2209 3964 2370 4040 ἑτέρῳ
2398 3963 2640 4042 σχήματι
2669 3964 2832 4042 τυχὸν
2863 3961 3005 4042 ἔχων
3033 3960 3231 4040 βιϐλία,
3269 3983 3291 4018 ε
3329 3959 3570 4018 Μάλιστα
3590 3960 3682 4024 τὰς
3704 3978 3853 4036 μεμ-

2207 4040 2481 4131 ϐράνας.ίᾷ
2519 4040 2533 4062 ’
2556 4060 2685 4114 Ισως
2839 4040 2990 4107 αὗται
3019 4050 3416 4131 ἀκρελιμώτεραι
3444 4048 3603 4118 ἦσαν.
3626 4045 3853 4104 Γελάσαι

2209 4138 2349 4206 ἀξιον
2378 4140 2482 4196 τῶν
2513 4139 2731 4196 ἐνταῦθα
2760 4140 3045 4219 εἰρηκότων
3074 4140 3302 4221 φελόνην
3357 4141 3449 4197 τὸν
3500 4133 3849 4209 Ἀπόστολον,

2210 4228 2268 4285 οὗ
2295 4228 2355 4284 τὸ
2398 4225 2589 4303 ἔνδυμα
2614 4226 2828 4308 καλεῖν,
2857 4226 2994 4284 ἀλλά
3033 4251 3084 4285 τι
3114 4226 3260 4293 εἶδος
3287 4225 3512 4307 βιϐλίου,
3544 4226 3597 4283 οἳ
3629 4224 3689 4282 οὖ
3708 4245 3849 4303 προ-

2210 4316 2406 4396 σέσχον
2433 4323 2503 4392 τῇ
2533 4316 2803 4396 ἐπογωγῇ.
2836 4318 3084 4396 Περιττὸν
3138 4318 3238 4398 γὰρ
3292 4317 3358 4385 ἧν
3413 4318 3585 4372 εἰπεῖν
3613 4333 3627 4347 ·
3662 4315 3760 4372 Καὶ
3785 4313 3853 4369 τὰ

480 4404 603 4461 tem
634 4398 757 4460 risu
784 4399 947 4479 digni
978 4403 1077 4482 qui
1107 4404 1219 4463 hoc
1268 4403 1397 4463 loco
1450 4401 1801 4482 Apostolum
1832 4401 1997 4463 aiuut
2025 4421 2125 4482 per

2212 4402 2408 4481 βιϐλία,
2442 4403 2595 4483 εἴπερ
2618 4402 2683 4472 δὴ
2704 4405 2923 4463 κάκεῖνο
2942 4404 3142 4482 βιϐλίου
3164 4404 3309 4471 εἶδος
3319 4404 3406 4480 ἦν,
3429 4401 3715 4480 δυνάμενον
3734 4413 3851 4464 τοῖς

472 4486 751 4567 penulam
784 4467 903 4549 no'u
936 4467 1161 4552 vestem
1183 4467 1573 4569 signiﬁcasse,
1603 4489 1706 4550 sed
1728 4508 1918 4568 genus
1948 4467 2125 4552 libel;

2212 4467 2423 4555 λοιποῖς
2471 4467 2934 4569 συσσημαίνεσθαι.

469 4575 535 4653 li,
565 4577 666 4657 qui
698 4576 911 4639 littera:
938 4580 1154 4642 seriem
1186 4600 1305 4641 non
1336 4580 1737 4641 adverterunt.
1790 4577 2163 4659 Superlluum
2215 4581 2375 4643 enim
2432 4579 2641 4643 fuisset
2670 4581 2872 4645 dicere
2904 4603 2919 4644 :
2974 4581 3045 4645 Et
3084 4581 3343 4661 libellos,
3377 4579 3431 4645 si
3480 4578 3657 4643 etiam
3701 4576 3849 4640 illud

466 4665 675 4727 fuisset
703 4667 890 4752 libelli
923 4688 1136 4751 genus,
1170 4689 1305 4731 cum
1337 4669 1625 4748 potuisset
1656 4686 1770 4729 uua
1796 4688 1932 4729 cum
1962 4667 2092 4731 aliis
2122 4668 2464 4752 signiﬁcari.

543 4753 644 4832 IV,
677 4748 880 4820 14-18.
897 4748 1241 4822 Alexander
1257 4760 1432 4838 faber
1451 4760 1712 4819 ξεναγίας
1726 4756 1933 4819 multis
1948 4757 2127 4821 malis

468 4861 566 4907 me
589 4845 813 4925 affecit:
846 4850 1063 4911 reddat
1084 4849 1179 4910 illi
1199 4849 1495 4910 Dominus
1503 4848 1685 4927 juxta
1707 4846 1876 4926 facta
1906 4848 2121 4928 ipsius:

463 4950 641 5015 quem
671 4944 728 4997 et
748 4942 813 4997 tu
834 4954 983 5000 cave
1012 4938 1423 5000 :vehementer
1458 4940 1623 4998 enim
1655 4939 1880 4998 restitit
1905 4939 2126 5000 nostris

460 5023 1165 5104 sermonibuanprima
1180 5044 1309 5089 mea
1326 5027 1671 5105 defensioue
1681 5024 2006 5087 nemomihi
2023 5027 2127 5088 ad-

463 5110 609 5191 fuit,
632 5113 737 5174 sed
756 5132 959 5177 omnes
979 5134 1069 5177 me
1091 5118 1504 5179 deseruerunt:
1523 5133 1600 5177 ne
1617 5116 1745 5176 illis
1765 5120 2123 5199 imputetur,

2294 4783 2321 4815 α
2383 4758 2717 4840 Ἀλέξανδρος
2792 4764 2820 4819 6
2890 4761 3123 4843 χαλκεὺς
3179 4760 3355 4820 πολλά
3418 4782 3510 4837 μοι
3564 4758 3703 4817 κακὰ
3756 4756 3849 4815 ἐν-

2207 4847 2432 4914 εδείξατο
2487 4848 2723 4929 (ἀποδῴη
2807 4852 2950 4927 αὐτῷ
3020 4854 3050 4908 6
3124 4851 3308 4931 Κύριος
3391 4849 3527 4907 κατά
3603 4847 3671 4905 τὰ
3724 4844 3851 4926 ἔργα

2207 4938 2412 5019 αὐτοῦ),
2496 4940 2553 4997 ὃν
2636 4942 2723 4997 καὶ
2806 4942 2867 4998 σὺ
2948 4939 3231 5023 φυλάσσου.
3347 4939 3475 4995 Δίαν
3558 4938 3658 5019 γὰρ
3739 4936 3849 4994 ἀνθ’

2208 5028 2399 5095 έστηκε
2452 5040 2570 5093 τοῖς
2640 5028 2918 5109 ἡμετέροις
2987 5029 3191 5109 λόγοις.
3253 5028 3341 5086 Ἐν
3385 5032 3455 5104 τῇ
3506 5026 3694 5106 πρώτῃ
3748 5046 3851 5101 μου

2208 5114 2490 5194 ἀπολογίᾳ,
2571 5115 2733 5182 οὐδείς
2802 5139 2892 5194 μοι
2973 5115 3421 5197 συμπαρεγένετο,
3486 5113 3625 5171 ἀλλὰ
3685 5113 3850 5197 Δπάνι-

468 5199 767 5263 Dominus
785 5211 985 5266 autem
1008 5208 1161 5268 mihi
1180 5205 1402 5286 adfuit,
1425 5211 1484 5266 el
1501 5193 1913 5267 corroborauit
1934 5193 2125 5285 me,ut

2208 5226 2290 5269 τες
2347 5193 2415 5280 με
2482 5193 2850 5284 ἐγκατέλιπον,
2924 5193 3049 5275 Mhi
3096 5193 3277 5269 αὐτοῖς
3330 5203 3621 5284 λογισθείη.
3684 5193 3743 5263 Ὀ
3797 5199 3854 5258 δὲ

460 5303 571 5366 per
590 5307 686 5349 me
720 5293 1082 5370 praedicatio
1125 5300 1493 5374 eapleretur,
1519 5302 1579 5355 et
1609 5295 1894 5357 audirent
1924 5310 2125 5355 omnes

466 5384 756 5455 genteszel
773 5391 1012 5461 ereptus
1033 5383 1215 5446 fuiex
1232 5400 1333 5445 ore
1346 5382 1554 5461 leonis,
1576 5391 1633 5447 et
1646 5384 1861 5463 eripiet
1881 5399 1977 5444 me
2000 5382 2123 5443 Do-

468 5468 1089 5548 minusaboumifacto
1110 5474 1637 5545 mulo,etservubil
1662 5474 1741 5533 ad
1756 5490 2006 5553 regnum
2024 5490 2130 5533 su-

451 5576 551 5620 um
564 5567 986 5624 mteruumwui
994 5567 1194 5643 gloria
1216 5566 1280 5624 in
1293 5565 1515 5625 sarcula
1535 5567 1889 5628 saeculorum
1918 5568 2126 5627 Amen.

2210 5294 2394 5373 Κύριός
2479 5318 2567 5371 μοι
2650 5296 2910 5377 παρέστη,
2994 5297 3082 5353 καὶ
3163 5292 3521 5371 ἐνεδυναμωσέ
3602 5315 3695 5373 με,
3759 5289 3855 5347 ’ίνα

2211 5379 2276 5437 δι’
2353 5382 2483 5459 ἐμοῦ
2552 5385 2614 5441 τὸ
2686 5386 2935 5464 κήρυγμα
3014 5383 3418 5465 πληροφορηθῇ,
3507 5382 3596 5438 καὶ
3652 5380 3856 5459 ἀκούσῃ

2212 5470 2381 5528 πάντα
2428 5475 2492 5529 τὸ.
2523 5473 2664 5541 ἔθνη.
2729 5476 2825 5532 Καὶ
2876 5473 3118 5552 ἐρῥόσθην
3175 5474 3237 5529 ἐκ
3297 5472 3559 5547 στόματος
3616 5469 3854 5533 λέοντος.

2217 5564 2311 5619 Καὶ
2358 5563 2563 5639 ῥύσεταί
2605 5586 2670 5639 με
2726 5567 2755 5620 ὁ
2814 5566 2998 5644 Κύριος
3051 5563 3157 5619 ἀπὸ
3217 5563 3412 5625 παντὸς
3468 5558 3620 5640 ἔργου
3676 5580 3857 5625 πονη-

467 5656 582 5733 ροῦ,
632 5650 718 5705 καὶ
750 5651 909 5711 σώσει
956 5656 1029 5716 είς
1066 5655 1163 5723 τὴν
1207 5652 1475 5732 βασιλείαν
1520 5661 1674 5714 αὐτοῦ
1705 5657 1802 5724 τὴν
1827 5655 2059 5715 αἰώνιον.
2101 5650 2157 5733 ’ῳ
2183 5656 2217 5721 ἡ
2248 5649 2444 5717 δόξαεὶς
2465 5656 2585 5721 τοὺς
2617 5656 2808 5723 αἰῶνας
2838 5661 2944 5715 τῶν
2973 5653 3201 5714 αἰώνων.
3248 5651 3446 5727 Ἀμήν.
3499 5672 3525 5707 ι
