4152 6216
223 346 344 413 237
1196 365 1591 431 COMMENT.
1639 367 1723 430 IN
1766 362 2010 429 EPIST.
2057 364 2117 426 II
2160 363 2258 427 AD
2302 365 2624 428 TIMOTH.
3475 366 3594 434 238

289 485 672 551 Ἀποδείκνωιν
703 496 846 571 αὖτῷ
893 499 980 555 καὶ
1036 500 1131 564 τὰς
1177 500 1282 557 ἀπὸ
1336 524 1443 558 των
1485 501 1711 560 εὐτελῶν
1733 501 1846 558 Θλίο

1949 495 2202 561 )stendit
2260 495 2315 556 ei
2372 495 2625 556 viriliter
2691 495 2968 557 ferendas
3037 513 3168 558 esse
3247 497 3598 562 afﬂictiones

219 583 347 670 ψέξει
406 583 660 670 γενναίως
717 584 913 664 φέρειν.
963 589 1035 646 Τὸ
1094 591 1195 669 γὰρ
1248 588 1539 648 ἀδικεῖσθαι
1596 590 1852 670 λυπηρὸν,

1949 605 2071 668 qua;
2113 585 2288 647 etiam
2319 583 2391 644 ab
2423 583 2674 664 abjectis
2705 585 3064 648 inferuntur.
3094 586 3408 649 Molestum
3435 590 3595 651 enim

221 665 435 741 μάλιστα
478 667 532 725 δὲ
590 673 733 750 παρὰ
781 681 888 730 τῶν
962 676 1208 737 εὐτελῶν.
1264 701 1286 733 ιι
1338 677 1587 754 Ἀποδῴη
1633 679 1773 753 αὒτῴ
1829 681 1857 734 6

1949 665 2030 737 est
2059 673 2276 755 injuria
2297 673 2473 749 aﬂici,
2500 673 2670 734 abiis
2715 675 3044 754 prasertim
3083 675 3184 756 qui
3224 675 3368 738 viles
3399 686 3456 739 et
3483 677 3596 740 ab-

225 756 453 848 lidpioc,
490 781 515 812 η
579 763 687 819 Οὐκ
748 761 930 832 ἐπειδὴ
999 767 1204 831 Παῦλος
1263 765 1447 847 ἔχαιρε
1489 773 1558 844 τῇ
1608 768 1854 845 τιμωρίᾳ,

1949 764 2079 843 iecti
2113 771 2268 826 sunt.
2331 786 2358 818 α
2392 761 2630 824 Reddat
2685 763 2772 825 illi
2828 763 3209 826 Dominus.»
3261 764 3389 827 Non
3440 769 3597 848 quod

224 842 348 899 ἀλλὰ
388 843 473 901 διὰ
529 849 650 912 τοὺς
707 849 1100 934 ἂσθενέστέρους
1170 856 1224 912 ἐν
1299 870 1415 921 τοῖς
1485 871 1699 920 πιστοῖς
1759 855 1857 912 ἔδει

221 933 332 997 τοὺς
386 933 521 1013 ἄγαν
578 937 1004 1016 ἐναντιουμένους
1070 946 1301 1025 πάσχειν
1362 951 1565 1021 κακῶς,
1635 946 1727 1002 ’ίνα
1783 946 1859 1020 μὴ

221 1020 498 1114 ἐνδυναμίαν
567 1037 870 1114 κατα-γνῶσι
938 1041 1031 1090 τοῦ
1085 1037 1448 1114 κηρύγματος.
1517 1058 1539 1088 ι
1607 1037 1754 1093 Κατὰ
1795 1035 1859 1090 τὰ

222 1109 356 1208 ἔργα.
379 1115 557 1208 aii-:06,
595 1139 623 1208 ξ
801 1118 882 1177 ὅτι
926 1099 1206 1202 πρόῤῥησίς
1235 1099 1347 1180 ἔστι
1378 1131 1482 1182 τῶν
1528 1123 1855 1201 μελλόντων,

221 1201 308 1290 οὐκ
333 1199 455 1278 ἄρά.
515 1226 541 1258 α
601 1199 694 1262 “Ον
735 1209 822 1264 καὶ
864 1210 925 1264 σὺ
970 1199 1260 1290 φυλάσσου,
1300 1236 1327 1268 ι
1387 1217 1493 1272 Οὔκ
1532 1199 1697 1287 εἶπε,
1758 1223 1844 1270 Τι-

221 1289 482 1378 μῷρησαι,
515 1291 741 1353 κόλασον
799 1299 904 1372 (καὶ
951 1289 1050 1378 γὰρ
1110 1299 1231 1368 ἐξῆν
1270 1311 1423 1360 τοῦτο
1465 1315 1642 1359 ποιεῖν
1685 1312 1854 1377 Τιμο-

362 1375 478 1470 6‘13:-
522 1388 613 1437 τοῦ
689 1375 1036 1467 πνεύματος),
1110 1387 1268 1470 ἀλλὰ,
1341 1389 1636 1449 Φυλάσσου.
1705 1375 1856 1468 ’ὁρᾷς

223 1464 296 1520 ὅτι
326 1468 419 1522 οὒκ
460 1467 726 1552 ἐπιτρέχει
755 1475 822 1542 τῆ
850 1464 1075 1555 τιμωρίᾳ
1108 1493 1124 1551 ;
1169 1464 1265 1536 T6-
1299 1478 1374 1553 δὲ,
1408 1479 1705 1550 Φυλάσσου,
1740 1464 1858 1534 οἷον

226 1567 497 1635 παραιτοῦ.
539 1581 562 1615 ι
609 1570 737 1626 Τοῒς
780 1565 1058 1644 ἡμετέροις
1101 1565 1304 1645 λόγοις,
1355 1590 1378 1625 ι)
1443 1579 1570 1632 Τοῖς
1628 1574 1721 1624 τοῦ
1749 1590 1858 1634 κη-

1941 852 2153 915 Paulus
2182 851 2464 930 gauderet
2487 851 2734 927 ultione,
2765 852 2868 913 sed
2898 862 3144 933 propter
3175 853 3602 918 imbecilliores

1942 941 2042 1023 qui
2072 941 2228 1002 inter
2260 940 2466 1001 ﬁdeles
2497 950 2687 1021 erant,
2723 941 3032 1021 oportebat
3062 959 3164 1003 eos
3194 945 3291 1023 qui
3318 943 3485 1005 valde
3507 963 3603 1006 re-

1943 1030 2282 1109 pugnabant
2316 1029 2466 1089 mala
2492 1029 2630 1108 pati,
2667 1047 2742 1090 ne
2769 1028 3237 1091 imbecillitatem
3255 1041 3602 1094 accusarent

1947 1115 2408 1197 praedicationis.
2450 1138 2472 1172 (ι
2524 1116 2700 1178 Juxta
2757 1117 2911 1178 facta
2967 1117 3174 1196 ipsius.
3213 1142 3241 1174 ι
3275 1118 3393 1180 Aut
3442 1121 3600 1201 quod

1947 1223 2151 1267 eorum
2187 1223 2317 1285 qua)
2346 1205 2541 1266 futura
2572 1213 2740 1266 erant
2771 1205 3112 1267 vaticinium
3172 1206 3269 1282 sit,
3316 1227 3434 1270 non
3481 1210 3602 1270 im-

1943 1293 2225 1373 precatio.
2263 1314 2290 1353 α
2314 1292 2498 1365 Quem
2526 1300 2582 1354 et
2607 1301 2665 1354 tu
2701 1312 2861 1355 cave.
2893 1319 2920 1352 ι
2947 1294 3075 1355 Non
3095 1295 3250 1358 dixit
3276 1295 3597 1374 Ulciscere,

1942 1383 2146 1461 punito
2181 1381 2500 1461 (siquidem
2534 1382 2647 1443 hoc
2678 1381 2877 1444 facere
2927 1382 3215 1463 potuisset
3258 1383 3605 1447 Timotheus

1942 1487 2051 1549 per
2075 1468 2386 1549 Spiritum)
2415 1469 2546 1549 sed,
2572 1468 2743 1534 Cave.
2770 1471 3031 1534 Videsne
3048 1473 3204 1552 quod
3229 1473 3302 1534 ad
3316 1473 3602 1536 ultionem

1946 1576 2066 1618 non
2092 1557 2407 1619 accurrat‘?
2430 1560 2581 1621 Cave
2608 1578 2621 1621 :
2657 1578 2950 1623 aversare.
2984 1581 3010 1620 α
3045 1561 3276 1624 Nostris
3305 1562 3605 1624 sermoni-

225 1647 481 1736 ρύγματος
509 1645 734 1721 δηλαδή,
789 1677 816 1707 α
847 1652 936 1710 Ἐν
989 1662 1059 1725 τῇ
1102 1657 1289 1734 πρώτῃ
1343 1679 1443 1733 μου
1500 1655 1780 1735 ἀπολογίᾳ.
1831 1679 1858 1710 υ

1949 1648 2058 1711 bus
2081 1667 2094 1712 :
2121 1670 2150 1710 ι
2185 1651 2461 1712 videlicet
2490 1651 2590 1730 qui
2615 1653 3054 1730 praedicationis
3087 1661 3285 1717 sunt.«
3318 1653 3383 1715 In
3416 1655 3608 1736 prima

227 1735 462 1813 Παρέστη
521 1737 622 1806 ἤδη
677 1744 756 1816 τῷ
808 1743 1004 1822 Νέρωνι
1067 1747 1154 1801 καὶ
1209 1744 1468 1826 διέφυγεν.
1531 1744 1680 1803 Ἀλλ’
1737 1745 1863 1802 ὅταν

1949 1754 2082 1798 mea
2110 1737 2480 1799 defensione.
2525 1761 2544 1797 ι
2585 1738 2892 1801 Exhibitus
2916 1742 3039 1820 jam
3072 1741 3263 1802 fuerat
3305 1735 3528 1805 Neroni
3552 1751 3610 1804 et

226 1826 310 1878 τὸν
351 1827 597 1906 οἰνοχόον
643 1830 800 1887 αὐτοῦ
841 1834 1150 1912 κατήχησε,
1220 1835 1339 1892 τότε
1370 1837 1524 1892 αὐτὸν
1556 1835 1862 1910 ἀποτέμνει.

1949 1835 2215 1887 evaserat
2250 1843 2263 1887 ε
2319 1826 2423 1887 sed
2457 1826 2556 1887 ubi
2593 1828 3001 1906 pocillatorem
3036 1831 3164 1909 ejus
3192 1831 3263 1890 ad
3296 1831 3474 1892 ﬁdem
3506 1832 3605 1891 in-

224 1911 346 1969 038‘:
389 1916 489 1992 γὰρ
545 1917 682 1973 οὕτω
719 1922 848 1998 πρὸς
903 1911 1224 1980 ταπεῗδωλα
1265 1924 1426 1995 ζῆλον
1479 1924 1636 2003 εἶχεν
1681 1927 1708 1980 6
1766 1923 1863 1981 Νέ-

1952 1915 2184 1987 struxit,
2221 1923 2360 1975 tunc
2391 1915 2590 1994 ipsum
2623 1917 2814 1996 capite
2867 1918 3175 1978 truncavit.
3210 1921 3418 1999 Neque
3447 1919 3607 1982 enim

222 2023 343 2082 ρων,
398 2003 564 2069 οὕτως
623 2007 686 2074 ἧν
758 2009 991 2076 ἐξίτηλος
1050 2011 1104 2066 ἐν
1146 2019 1327 2076 πᾶσιν,
1385 2037 1411 2068 α
1475 2011 1640 2070 Ἀλλὰ
1680 2013 1863 2075 πάντες

1955 2021 2229 2082 magnum
2254 2022 2392 2080 erga
2411 2003 2569 2065 idola
2592 2006 2782 2066 zelum
2806 2006 3059 2067 habebat
3080 2005 3260 2084 Nero,
3307 2009 3456 2070 adeo
3479 2016 3606 2069 erat

226 2112 290 2165 με
335 2090 705 2169 ἐγκατέλιπον.
760 2121 784 2155 ι)
835 2101 893 2156 Οἱ
955 2099 1228 2182 Ἰουδαῖοι,
1286 2103 1466 2182 φησὶν,
1525 2105 1572 2159 οἱ
1637 2099 1863 2181 ἀδελφοί.

1952 2090 2196 2171 ignavus
2224 2091 2286 2152 in
2316 2091 2617 2154 omnibus.
2653 2118 2680 2148 α
2716 2091 2832 2155 Sed
2895 2112 3103 2156 omnes
3157 2113 3254 2155 me
3312 2096 3601 2157 deserue-

231 2202 255 2236 σ
303 2183 392 2249 Μὴ
451 2188 634 2250 αὐτοῖς
690 2185 980 2265 λογισθείη.
1038 2213 1063 2244 ιι
1133 2179 1472 2269 Ὀρᾷςάὒτὸν
1515 2191 1592 2266 μὴ
1624 2179 1787 2265 μόνοέ
1813 2191 1874 2246 οὗ

227 2269 547 2346 βουλόμενον
602 2280 972 2358 τιμωρεῖσθαι,
1045 2276 1182 2334 ἀλλὰ
1237 2280 1324 2335 καὶ
1385 2281 1726 2360 συγχώρησιν
1781 2281 1870 2335 εὖ-

229 2360 512 2441 χόμενον;
572 2363 753 2421 Καίτοι
811 2363 952 2421 δεινὰ
1023 2365 1320 2429 ἐπεπόνθει.
1379 2373 1451 2428 Οὔ
1498 2370 1596 2448 γὰρ
1639 2368 1756 2423 ἴσον
1811 2368 1874 2423 τὸ

230 2448 321 2505 ἀπ’
393 2449 685 2532 ἀλλοτρίων
741 2451 1089 2532 προδίδοσθαι,
1166 2454 1290 2512 ὅσον
1353 2459 1414 2512 16
1469 2457 1574 2513 ἀπὸ
1623 2464 1729 2513 τῶν
1789 2457 1871 2512 οἷ-

231 2538 410 2598 κείων.
451 2562 474 2595 ι
515 2531 571 2596 Ὀ
606 2538 660 2595 δὲ
717 2531 899 2620 Κύριός
961 2565 1051 2618 μοι
1107 2544 1367 2624 παρέστη.
1429 2568 1452 2604 n
1503 2547 1605 2603 Τὸν
1647 2546 1746 2624 γὰρ
1775 2545 1874 2601 ὕπὸ

229 2626 516 2707 ἀνθρώπων
579 2629 1167 2707 ἐγκαταλιμπανόμενον
1224 2635 1252 2690 6
1311 2635 1495 2713 Κύριος
1551 2635 1643 2691 οὐκ
1711 2632 1875 2713 ἀφίη-

230 2738 331 2777 σιν.
396 2715 794 2792 Ἐνεδυνάμωσέ
867 2741 954 2796 με,
1023 2722 1207 2800 ,φησί’
1267 2722 1524 2798 τουτέστι,
1583 2721 1872 2800 παρρησίαν

1953 2189 2117 2243 rnnt.
2157 2204 2179 2238 ι)
2203 2180 2393 2240 Judaei
2442 2180 2658 2261 inquit,
2706 2180 2936 2244 fratres.
2985 2183 3121 2242 28?.
3149 2205 3171 2239 α
3205 2182 3291 2244 Ne
3322 2183 3457 2245 illis
3491 2183 3606 2243 im-

1957 2276 2213 2348 putetur.
2255 2292 2278 2327 »
2315 2267 2501 2330 Vides
2530 2268 2694 2329 illum
2729 2288 2844 2330 non
2877 2271 3066 2331 solum
3116 2271 3436 2333 vindictam
3488 2290 3608 2332 non

1957 2367 2278 2437 petentem,
2313 2360 2420 2421 sed
2453 2359 2627 2420 etiam
2649 2358 2884 2421 veniam
2911 2363 3286 2440 precantem?
3306 2363 3486 2443 Atqui
3505 2362 3603 2422 in-

1958 2446 2134 2526 digna
2163 2466 2368 2528 passus
2397 2448 2611 2512 fuerat.
2663 2447 2869 2529 Neque
2923 2449 3082 2510 enim
3119 2469 3284 2531 aeque
3327 2451 3610 2512 miserum

1959 2544 2050 2597 est
2078 2536 2250 2617 prodi
2279 2536 2351 2597 ab
2383 2536 2595 2598 alienis
2627 2536 2778 2598 sicut
2829 2555 2860 2598 a
2895 2537 3242 2601 domesticis
3272 2547 3330 2600 et
3357 2539 3613 2600 familia-

1957 2624 2146 2687 ribus.
2184 2649 2206 2680 ι
2243 2623 2528 2686 Dominus
2581 2635 2778 2687 autem
2831 2628 2978 2688 mihi
3033 2627 3239 2690 adfuit.
3271 2648 3302 2687 1i
3333 2626 3485 2688 Eum
3516 2628 3618 2708 qui

1959 2712 2033 2775 ab
2063 2712 2406 2775 hominibus
2436 2713 2760 2777 derelictus
2791 2722 2902 2795 est,
2933 2716 3222 2779 Dominus
3271 2735 3390 2777 non
3419 2715 3611 2778 relin-

228 2804 535 2885 ἐχαρίσατο,
607 2807 696 2862 καὶ
762 2807 855 2864 οὒκ
911 2808 1074 2875 ἂςῆκε
1133 2823 1478 2867 καταπεσεῖν.
1545 2801 1695 2888 Ὀρᾷς
1736 2831 1863 2888 προ-

1959 2802 2106 2882 quit.
2134 2801 2650 2879 Conﬁrmavitme,
2675 2803 2892 2884 inquit;
2936 2805 3050 2867 hoc
3100 2814 3210 2886 est,
3264 2805 3504 2868 dicendi
3538 2806 3613 2866 li-

221 2896 394 2973 τροπὴ
438 2897 568 2973 πρὸς
623 2897 716 2951 τὸν
770 2896 1037 2973 μαθητὴν,
1098 2899 1185 2953 καὶ
1232 2897 1391 2955 πάλιν
1451 2899 1630 2978 ἑτέραν
1696 2920 1863 2975 παρα-

1956 2889 2186 2952 bertate
2240 2892 2503 2968 donavit,
2565 2911 2676 2954 nec
2755 2894 3024 2973 permisit
3075 2895 3375 2958 excidere.
3429 2893 3611 2956 Vides

223 2986 404 3060 μυθίαν
443 3004 460 3066 ς
501 3009 529 3039 α
584 2995 669 3043 Ινα
695 2983 761 3042 δι’
815 2984 942 3061 ἐμοῦ
983 2987 1044 3041 τὸ
1099 2987 1368 3065 κήρυγμα.
1405 3011 1433 3044 ι
1500 2977 1652 3067 υΟρα
1683 3009 1863 3044 ταπει-

1957 2981 2426 3042 exhortationem
2478 2981 2550 3042 ad
2614 2982 3001 3063 discipulum,
3044 3000 3406 3064 rursumque
3434 2982 3611 3044 aliam

221 3076 571 3156 νηροσύγην,
633 3074 706 3132 Οὐ
761 3075 860 3152 γὰρ
925 3077 998 3139 ὡς
1074 3074 1219 3141 ἄξιος
1286 3075 1584 3158 ἐπικουρίας
1642 3074 1863 3146 ἐϐοηθή-

1957 3068 2475 3168 οοηδοιθιὶοξιθιηῖζ
2509 3095 2535 3125 κ
2571 3068 2646 3133 Ut
2675 3089 2911 3168 pepme
2945 3072 3309 3152 praedicatio.
3334 3095 3361 3128 ι
3397 3072 3610 3135 Consi-

221 3168 338 3240 ῧην,
401 3163 540 3220 ἀλλὰ
595 3162 680 3220 διὰ
733 3165 794 3219 τὸ
848 3165 1121 3243 κήρυγμα,
1185 3164 1278 3222 ἵνα
1334 3164 1592 3245 πληρωθῇ
1647 3168 1735 3222 καὶ
1798 3167 1863 3229 εἰς

1955 3157 2097 3219 dera
2127 3158 2309 3219 animi
2343 3157 2718 3222 modestiam.
2752 3158 2881 3224 Non
2938 3160 3094 3241 quod
3144 3160 3368 3222 auxilio
3397 3160 3614 3240 dignus

222 3253 384 3334 πέρας
416 3253 567 3331 ἔλθῃ,
608 3277 630 3309 ι
669 3253 768 3310 Καὶ
823 3252 1046 3329 ἀκούσῃ,
1110 3255 1262 3334 φησὶ,
1325 3255 1498 3312 πάντα
1538 3256 1604 3311 τὰ
1661 3253 1806 3321 ἔθνη.
1841 3276 1863 3310 ι

1955 3264 2173 3324 essem,
2199 3248 2408 3329 inquit,
2435 3248 2676 3328 adjutus
2727 3266 2879 3323 sum,
2915 3251 3020 3311 sed
3048 3256 3290 3330 propter
3319 3249 3611 3329 praedica-

225 3331 348 3399 ιἸνα
383 3347 543 3416 πᾶσι,
605 3342 758 3420 φησὶ,
818 3331 1134 3407 κατάδηλος*
1170 3341 1389 3420 γένηται
1437 3343 1525 3399 καὶ
1581 3350 1672 3399 τοῦ
1699 3343 1863 3422 κηρύ-

1958 3335 2202 3413 tionem,
2237 3346 2301 3398 ut
2325 3338 2672 3417 expleretur
2698 3347 2757 3399 et
2789 3337 2862 3399 ad
2895 3338 3216 3399 terminum
3249 3337 3608 3418 perveniret.

225 3452 429 3508 γματος
459 3433 496 3499 ἡ
528 3427 770 3510 δύναμις,
800 3431 887 3486 καὶ
937 3433 1037 3497 τῆς
1092 3432 1208 3508 περὶ
1265 3430 1360 3508 ἐμὲ
1409 3434 1656 3510 προνοίας
1696 3434 1732 3500 ἡ
1774 3454 1863 3498 κη-

1962 3446 1985 3483 ιι
2020 3425 2090 3487 Ει
2120 3426 2392 3487 audirent
2427 3445 2634 3488 omnes
2665 3434 2894 3505 gentes.
2930 3450 2957 3482 ι
2993 3425 3067 3488 Ut
3096 3425 3376 3488 omnibus
3407 3426 3603 3485 mani-

223 3518 461 3596 δεμονία.
499 3543 527 3574 α
561 3519 658 3577 Ἐκ
700 3519 965 3595 στόματσς
1023 3517 1257 3584 λέοντος.
1303 3539 1334 3580 )
1392 3523 1610 3602 Λέοντα,
1644 3523 1736 3577 τὸν
1766 3521 1863 3579 Νέ-

1953 3516 2100 3578 festa
2129 3516 2298 3576 ﬁeret
2347 3516 2786 3595 prazdicationis
2836 3517 3097 3595 potentia
3151 3524 3209 3578 et
3265 3512 3614 3592 gubernatio

222 3631 356 3688 ρωνα
401 3609 574 3688 λέγει,
620 3606 705 3665 διὰ
732 3610 793 3664 τὸ
822 3607 968 3683 ὠμὸν
1022 3609 1111 3664 καὶ
1152 3607 1425 3689 θηριῶδες.
1477 3633 1505 3665 κ
1558 3612 1655 3669 Καὶ
1711 3611 1863 3688 ῥύσε-

1953 3604 2340 3684 ρτονὶᾶθηιὶω
2368 3604 2525 3665 circa
2573 3623 2669 3666 me
2723 3603 2958 3666 habitae.
3001 3627 3025 3661 α
3063 3605 3148 3666 Ex
3197 3621 3301 3664 ore
3328 3602 3548 3664 leonis.
3576 3623 3606 3664 ›

215 3703 299 3756 ταί
339 3723 410 3776 με
479 3703 509 3756 6
569 3699 778 3777 Κύριος,
846 3719 869 3752 ι
940 3699 998 3753 Εἰ
1039 3697 1269 3776 ῥύσεται,
1317 3705 1431 3764 πῶς
1486 3721 1668 3778 φησιν,
1729 3696 1863 3776 Ἐγὼ

1953 3694 2213 3756 Leonem
2246 3692 2388 3752 dicit
2408 3690 2706 3754 Neronem
2739 3694 2816 3754 ob
2849 3691 3260 3753 crudelitatem
3289 3709 3358 3753 ac
3389 3690 3602 3753 ferita-

214 3788 314 3857 ἤδη
342 3786 640 3864 σπένδομαι
672 3807 690 3869 ς
737 3784 886 3843 Ἀλλ’
922 3783 1038 3862 ὅρα,
1072 3787 1201 3844 Τότε
1257 3787 1356 3862 μὲν
1399 3787 1458 3843 ἐκ
1498 3793 1592 3845 τοῦ
1633 3787 1863 3867 Νέρωνος

1955 3789 2100 3842 tem.
2136 3805 2162 3837 α
2197 3783 2270 3844 Ει
2310 3781 2525 3861 eripiet
2555 3800 2649 3842 me
2687 3780 3036 3869 Dominus.»
3064 3781 3128 3843 Si
3153 3787 3475 3861 erupturas
3501 3788 3614 3861 est,

222 3877 496 3956 ἒρῥύσιτο,
559 3887 644 3936 νῦν
675 3867 756 3931 ⁷δὲ
814 3878 909 3932 οὐκ
976 3872 1053 3930 ἔτι
1118 3875 1180 3931 ἐκ
1260 3885 1354 3935 τοῦ
1438 3875 1701 3954 Νέρωνος,
1788 3876 1863 3953 (τῖ

1958 3871 2254 3950 quomodo
2286 3870 2366 3931 ait
2395 3869 2551 3949 :Ego
2570 3871 2693 3949 jam
2745 3867 3010 3932 dolibor?
3030 3870 3148 3932 Sed
3178 3869 3609 3932 animadverte.

221 3969 399 4024 ἱκανὸν
427 3968 532 4046 γὰρ
562 3969 639 4040 τῷ
666 3962 969 4044 Εὗαγγελίῳ
1025 3963 1313 4045 ἐγεγόνει,)
1365 3964 1482 4022 ἀλλ’
1556 3965 1662 4021 ἀπὸ
1734 3987 1863 4022 παν-

1958 3957 2126 4020 Tunc
2153 3959 2392 4039 quidem
2426 3978 2458 4019 a
2488 3957 2724 4020 Nerone
2773 3959 2884 4019 fuit
2935 3959 3248 4033 liberatus,
3282 3977 3442 4020 nunc
3471 3976 3610 4020 vero

221 4058 307 4119 τὸς
368 4056 781 4134 ἁμαρτήματος,
838 4053 1128 4129 τουτέστιν,
1184 4052 1280 4108 οὐκ
1338 4053 1531 4133 ἀφήσει
1593 4075 1863 4132 καταγνω-

1951 4050 2075 4128 jam
2108 4066 2224 4108 non
2257 4067 2290 4108 a
2319 4047 2554 4109 Nerone
2603 4047 2949 4109 liberandus
2978 4056 3104 4110 erat
3133 4066 3267 4110 cum
3297 4046 3613 4128 Evangelio

220 4145 411 4202 σθέντα
461 4143 517 4200 ’ἐν
560 4165 660 4198 τινι
717 4139 990 4200 ἀπελθεῖν.
1057 4164 1078 4197 ι
1133 4142 1232 4198 Καὶ
1277 4142 1436 4198 σώσει
1493 4143 1565 4206 εἷς
1604 4142 1701 4210 τὴν
1770 4143 1863 4218 βα-

1958 4135 2317 4198 satisfactum
2342 4144 2520 4208 esset,
2547 4137 2652 4198 sed
2669 4137 2741 4198 ab
2765 4137 2927 4198 omni
2948 4145 3213 4218 peccato,
3235 4135 3348 4198 hoc
3371 4146 3610 4212 est,non

225 4233 428 4290 σιλείαν
472 4235 628 4290 αὖτοῦ
684 4231 782 4297 τὴν
834 4230 1064 4292 αἰώνιον,
1115 4251 1142 4284 ι
1205 4227 1518 4309 Ἐξαρπάσει
1564 4251 1652 4306 με,
1686 4232 1863 4309 φησὶν,

1951 4224 2252 4305 permittet
2282 4233 2342 4285 ut
2373 4225 2432 4285 in
2458 4224 2654 4305 aliquo
2677 4226 3111 4288 condemnatus
3143 4223 3510 4288 discedam.¢
3537 4225 3609 4287 Et

222 4323 388 4395 ἔνθεν,
437 4321 527 4377 καὶ
583 4317 814 4400 φυλάξει.
863 4320 1031 4400 Τοῦτο.
1080 4319 1180 4397 γὰρ
1251 4317 1496 4393 σημαίνει
1552 4320 1636 4398 τὸ,
1698 4319 1863 4375 Σώσει

1951 4314 2210 4377 servabit
2228 4314 2299 4374 ad
2322 4333 2574 4393 regnum
2601 4333 2772 4376 suum
2797 4325 3105 4378 aeternum.
3135 4339 3162 4370 »
3189 4313 3362 4389 Hinc,
3388 4313 3603 4395 inquit,

222 4414 294 4475 εἷς
324 4394 427 4479 τῆν
460 4394 728 4486 βασιλείαν
757 4411 935 4466 αὐτοῦ.
995 4394 1161 4485 ’Ἄρα
1182 4407 1218 4474 ἡ
1263 4403 1428 4487 ὅντως
1458 4394 1690 4486 σωτηρία
1734 4406 1863 4474 αὕτη

1953 4422 2048 4465 me
2079 4403 2290 4483 eripiet
2319 4411 2376 4464 et
2407 4405 2718 4467 custodiet.
2752 4405 2899 4467 Nam
2932 4405 3044 4466 hoc
3075 4403 3371 4484 signiﬁcat
3397 4425 3410 4463 :
3456 4394 3604 4464 Ser-

221 4501 381 4577 ὲστὶν,
416 4484 548 4555 ὅταν
576 4497 690 4554 ἐκεῖ
749 4484 1151 4571 διαλάμπωμεν,
1222 4518 1248 4551 α
1313 4484 1374 4550 Ὦ
1433 4498 1468 4564 ἡ
1498 4484 1618 4561 δάξά
1647 4497 1719 4560 εἰς
1750 4497 1863 4560 τοὺς

1953 4491 2110 4554 vabit
2138 4492 2210 4553 ad
2241 4510 2489 4570 regnum
2509 4511 2706 4557 suum.
2759 4493 2895 4555 Haec
2921 4493 3118 4574 itaque
3143 4501 3232 4554 est
3266 4511 3401 4554 vera
3423 4491 3606 4566 salus,

219 4595 437 4657 αἰῶνας.
487 4589 686 4666 Ἀμην.
745 4609 775 4649 )
840 4577 985 4666 u0pc:
1031 4585 1332 4666 δοξολογίαν
1376 4591 1517 4668 Υἱοῦ,
1551 4589 1622 4654 ὡς
1651 4589 1739 4644 καὶ
1781 4597 1863 4646 τοῦ

1955 4588 2020 4643 ut
2051 4580 2128 4642 ibi
2148 4579 2446 4660 splendidi
2475 4581 2684 4644 simus.
2712 4607 2740 4637 α
2783 4584 2889 4644 Cui
2936 4581 3125 4660 gloria
3152 4581 3213 4641 in
3243 4580 3459 4643 swcula
3489 4597 3605 4641 sm-

220 4684 456 4763 Πατρὸς,
487 4680 576 4736 καὶ
602 4676 794 4736 ἄλλοτε
838 4677 1140 4753 Πνεύματος
1177 4695 1191 4711 ⁸
1237 4678 1387 4740 οὗτος
1443 4677 1542 4756 γὰρ
1585 4678 1613 4732 6
1659 4677 1863 4756 Κύριος,

1953 4669 2248 4763 culorum.
2285 4669 2555 4763 Amen.»
2591 4670 2740 4733 Vide
2759 4670 3136 4763 dpx-ologiam
3160 4670 3436 4763 proFilio
3453 4669 3609 4763 sicut

221 4756 386 4851 ἤγουν
416 4756 453 4828 6
493 4770 637 4834 Υἱὸς.

1955 4767 2146 4851 etpro
2177 4760 2350 4820 Patre
2383 4759 2530 4851 ali_b_i
2544 4767 2616 4851 et
2645 4779 2751 4840 pro
2781 4758 3033 4840 Spiritu,
3069 4759 3168 4821 hic
3189 4759 3348 4820 enim
3371 4765 3460 4820 est
3487 4756 3602 4819 Do-

1951 4847 2169 4923 minus,
2201 4865 2418 4929 nempe
2447 4848 2655 4910 Filius.

311 4973 336 5008 c
434 4937 718 5006 ’Ἄσπασαι
795 4943 1113 5024 Πρίσκιλλαν
1179 4944 1266 4999 καὶ
1318 4939 1566 5024 Ἀκύλαν,
1623 4944 1713 4999 καὶ
1779 4944 1863 4999 τὸν

2033 4936 2131 5014 IV,
2153 4937 2358 5000 19-22.
2380 4937 2601 5000 Saluta
2620 4937 2963 5000 Priscillam
2981 4943 3038 5000 et
3053 4938 3430 5018 Aquilam,et
3448 4937 3608 5001 One-

229 5029 582 5118 Ὀνησιφόρου
641 5035 814 5096 οἷκον.
847 5023 853 5024 ⁷
887 5023 1154 5112 ’Ἔραστος
1222 5031 1428 5108 ἔμεινεν
1498 5023 1557 5086 ἐν
1619 5032 1863 5112 Κορίνθῳ.

1953 5027 2186 5118 siphari
2203 5027 2535 5106 familiam.
2563 5028 2821 5118 Erastus
2839 5029 3086 5118 mansit
3113 5028 3416 5090 Corinthi.
3456 5027 3606 5089 Tro-

225 5115 502 5209 Τρόφιμον.
592 5124 646 5181 δὲ
741 5121 999 5181 ἀπέλιπον
1094 5121 1171 5209 ἐν,
1234 5119 1456 5209 Μιλήτῳ
1536 5121 1863 5179 ἀσθενονντα.

1949 5117 2226 5199 phimum
2255 5125 2458 5179 autem
2518 5115 3453 5209 reliquiMiletiianguentem.
3511 5119 3608 5209 [)a

224 5205 533 5274 Σποῦδασον
600 5213 702 5292 πρὸ
783 5215 1053 5292 χειμῶνος
1135 5208 1328 5267 ἐλθεῖν.
1417 5205 1734 5280 Ἀσπάζεταί
1814 5231 1863 5266 σε

1955 5224 2200 5287 operam
2221 5214 2286 5267 ut
2315 5209 2520 5268 venias
2537 5216 2674 5269 ante
2697 5206 2961 5268 hiemen.
2987 5205 3229 5268 Salutat
3255 5215 3312 5267 te
3333 5205 3611 5268 Eubulus

221 5303 483 5369 Εὔϐουλος
563 5304 652 5359 καὶ
731 5297 972 5367 Σπούδης
1061 5299 1149 5378 καὶ
1218 5303 1401 5372 Δῖνος,
1473 5298 1560 5354 καὶ
1622 5296 1863 5378 Κλαυδία,

1954 5304 2012 5359 ει
2044 5297 2284 5358 Pudens
2313 5304 2368 5357 et
2402 5296 2587 5357 Linus
2635 5302 2690 5357 et
2746 5295 3007 5356 Claudia
3038 5304 3093 5357 at
3120 5300 3346 5374 fratres
3375 5313 3608 5359 omnes.

217 5396 308 5450 καὶ
389 5397 438 5452 οἱ
521 5391 736 5471 ἀδελφοὶ
816 5389 1032 5451 πάντες.
1123 5377 1411 5471 ὈΔΚύριος
1472 5383 1677 5453 Ἰησοῦς
1736 5377 1863 5466 Χριέ

1953 5384 2253 5446 Dominus
2282 5387 2460 5447 Iesus
2493 5385 2773 5447 Christus
2801 5401 2937 5446 cum
2966 5386 3197 5464 spiritu
3225 5393 3351 5450 tua.
3394 5386 3613 5450 Gratia

217 5486 346 5548 στος
389 5483 528 5560 μετὰ
556 5491 648 5540 τοῦ
666 5464 969 5553 ’πνεύματός
1025 5496 1140 5537 σου.
1191 5464 1253 5532 Ἠ
1306 5464 1469 5554 χάρις
1518 5471 1634 5549 μεθ’
1688 5464 1863 5551 ἡμῶν,

1951 5474 2281 5537 nobiscum.
2305 5476 2352 5534 A
2367 5491 2526 5537 men.

222 5569 398 5651 Ἀμήν
408 5617 427 5636 .

306 5668 460 5727 Οὗτοί
487 5667 620 5724 εἰσιν
647 5661 721 5719 ὧν
765 5660 1004 5737 συνεχῶς
1058 5653 1325 5732 μέμνηται
1367 5659 1474 5711 τῶν
1508 5658 1863 5724 σκηνοποιῶν,

2031 5652 2102 5716 Hi
2137 5658 2294 5729 sunt,
2329 5670 2580 5733 quorum
2638 5652 2986 5736 frequenter
3042 5652 3180 5716 facit
3216 5655 3611 5729 mentionem,
