4152 6216
461 327 578 400 239
1572 327 1983 410 OECUMENII
2025 325 2325 408 TRICCE
2369 321 2708 404 EPISCOBI
3718 332 3839 400 240

463 463 982 527 tabernaculorum
997 461 1429 544 textores,apud
1441 480 1588 542 quos
1604 462 1780 523 etiam
1793 460 2104 523 diversatu:

2204 461 2327 540 παρέ
2361 465 2444 528 οἷς
2471 464 2558 519 καὶ
2599 466 2868 546 κατήχθη.
2904 469 3011 535 Τῆς
3044 464 3097 523 δε
3126 469 3394 547 γυναικὸς,
3427 470 3838 549 ὡςπιστοτὲρας

462 554 788 618 est.Uxoris
805 564 999 619 autem
1023 563 1297 634 tanquam
1321 551 1608 615 ﬁdelioris
1625 570 1692 614 ac
1714 549 2104 628 diligentioris

2189 553 2276 606 καὶ
2307 550 2732 635 σπουδαιοτέραις,
2764 556 2977 634 πρώτης
3011 557 3302 633 μέμνηται.
3363 561 3462 617 Καὶ
3491 561 3590 638 γὰρ
3619 559 3715 616 καί
3744 563 3836 618 τὸν

461 644 626 726 prius
649 644 940 721 meminit,
969 662 1105 704 nam
1137 653 1196 704 et
1217 642 1342 703 haec
1364 641 1558 722 ipsum
1580 639 1788 721 Apollo
1808 639 1870 700 in
1893 638 2007 700 (ide
2023 638 2104 699 in-

2191 638 2440 696 Ἀπολλὼ
2469 641 2602 710 αὕτη
2659 645 2966 724 κατ-ἤχησε.
3011 647 3108 702 Τὸν
3153 643 3220 714 δὲ,
3250 645 3530 722 ἀσπασμὸν
3572 661 3829 722 ποιεῖται,

460 725 693 796 Struxit.
740 725 905 794 Facit
933 739 1126 792 autem
1168 729 1603 804 salutationem,
1667 728 1841 790 simul
1875 733 1932 788 et
1960 745 2108 788 con-

463 822 771 883 solationis
795 821 1003 899 gratia,
1039 828 1095 880 et
1124 821 1411 880 honorem
1473 837 1542 879 ac
1591 817 1970 879 dilectionem
2002 833 2111 895 per

459 910 573 972 hoc
595 910 884 972 exhibens
910 927 922 971 :
951 909 1226 989 quodque
1251 908 1440 987 majus
1462 907 1765 978 est,multa
1781 905 2084 986 repletgra

461 997 539 1059 tia
569 1017 701 1059 eum
727 997 826 1079 qui
858 998 1163 1059 salutatur.
1198 1005 1358 1056 288
1402 1024 1423 1052 α
1461 997 1534 1058 Ει
1563 994 1921 1077 Onesiphori
1942 992 2106 1056 fami-

458 1086 621 1148 liam.
665 1113 686 1144 ›
726 1087 1131 1167 Onesiphorus
1193 1087 1349 1148 enim
1410 1085 1613 1148 Roma:
1645 1095 1793 1148 erat.
1824 1084 1938 1146 Eos
1968 1102 2108 1162 ergo

457 1176 669 1238 salutat
705 1177 805 1259 qui
836 1182 1003 1237 erant
1032 1195 1102 1237 ex
1135 1177 1262 1256 ejus
1295 1175 1532 1250 familia,
1588 1176 1698 1237 hac
1727 1175 1818 1235 via
1849 1172 2111 1235 excitans

458 1265 531 1325 ad
561 1266 820 1328 similem
851 1266 1314 1339 aemulationem,
1341 1267 1576 1345 qualem
1597 1261 2104 1326 habueratOnesi-

460 1355 702 1434 phorus.
748 1379 770 1413 ιι
808 1355 1050 1417 Erastus
1109 1355 1326 1416 mansit
1385 1353 1672 1420 Corinthi.
1730 1379 1751 1410 ι)
1819 1351 2106 1425 Quoniam

457 1443 670 1506 horum
697 1445 920 1506 nullam
933 1445 1155 1506 fecerat
1176 1445 1562 1518 mentionem,
1589 1462 1746 1505 nunc
1766 1460 1970 1503 eorum
1987 1458 2083 1500 me

2191 731 2322 804 ὁμοῦ
2351 729 2446 805 μὲν
2478 736 2964 814 παραμυθούμενος,
3013 737 3146 811 ὁμοῦ
3175 733 3229 790 δὲ
3261 738 3349 793 καὶ
3376 738 3538 812 τιμὴν
3566 740 3653 793 καὶ
3695 738 3835 816 ἀγά-

2190 843 2297 886 πην
2330 819 2713 899 ἐνδεικνύμενος
2743 822 2826 882 διὰ
2854 827 3063 901 τούτου,
3095 828 3161 884 τὰ
3187 825 3243 884 δὲ
3273 835 3481 909 μεῖζον,
3514 830 3602 886 καὶ
3630 827 3834 897 πολλῆς

2190 908 2461 995 ἐκπλήσας
2492 913 2711 992 χάριτος
2762 916 2850 970 τὸν
2908 908 3472 995 προσαγορευόμενον,
3501 936 3531 978 (
3591 920 3688 977 Καὶ
3744 921 3836 975 τὸν

2195 987 2536 1081 Ὀνησιφόροῦ
2565 987 2742 1067 οἶκον.
2794 1027 2821 1059 3
2870 995 2925 1062 Ὀ
2951 987 2961 995 ’
2984 987 3108 1084 γὰρ·
3143 987 3482 1086 ςΟνησιιρόρος
3538 1007 3592 1064 ἐν
3651 997 3832 1084 Ῥώμῃ

2190 1088 2280 1154 ἦν.
2332 1091 2463 1156 Τοὺς
2520 1092 2609 1148 οῦν
2659 1091 2713 1148 ἐν
2757 1101 2834 1169 τῷ
2885 1092 3023 1168 οἴκῳ
3080 1094 3236 1153 αὐτοῦ
3305 1096 3617 1172 ἀσπάζεται,
3662 1098 3831 1172 ταύτῃ

2192 1175 2453 1265 διεγείρων
2509 1183 2639 1260 πρὸς
2700 1184 2791 1238 τὸν
2862 1181 3046 1258 ὅμοιον
3113 1189 3191 1258 τῷ
3247 1182 3580 1265 Ὀνησιφόρῳ
3641 1184 3823 1257 ζῆλον.

2200 1289 2223 1324 ιι
2289 1259 2559 1350 ’Ἔραστος
2613 1271 2813 1346 ἔμεινεν
2857 1271 2908 1328 ἐν
2959 1273 3206 1350 Κορίνθῳ.
3256 1297 3284 1328 3
3349 1259 3565 1342 Ἐπειδὴ
3633 1276 3831 1333 τούτων

2191 1358 2286 1414 οὒκ
2326 1359 2588 1440 ἐμνήσθη,
2632 1367 2717 1416 νῦν
2777 1361 3062 1437 μέμνηται,
3117 1360 3208 1418 ’ίνα
3251 1361 3389 1440 δείξῃ
3445 1362 3526 1420 ὅτι
3578 1365 3832 1422 πάντοθεν

2191 1449 2493 1524 μεμόνωται
2521 1451 2609 1505 καὶ
2659 1450 2846 1528 χρῄζει
2890 1461 2980 1510 τοῦ
3022 1451 3296 1533 Τιμοθέου.
3363 1473 3386 1508 α
3448 1453 3711 1533 Τρόφιμον
3771 1452 3826 1510 δὲ

459 1532 629 1594 minit
661 1543 723 1596 ut
753 1534 1025 1597 ostendat
1055 1533 1213 1614 quod
1239 1533 1503 1614 undique
1534 1533 1692 1594 solus
1727 1531 1800 1592 sit
1837 1529 2103 1602 relictus,

2187 1537 2446 1594 ἀπέλιπον
2475 1537 2568 1621 -.ἐν
2625 1538 2868 1613 Μιλήτῳ,
2948 1563 2970 1597 ι
3039 1532 3100 1597 ’Π
3176 1540 3409 1609 Μίλητος
3466 1529 3621 1621 ἐγγῦς
3692 1543 3833 1600 ἐσυιν

459 1629 517 1682 et
546 1623 704 1702 quod
728 1623 841 1705 ipsi
874 1624 950 1684 sit
979 1643 1126 1703 opus
1157 1622 1491 1684 Timotheo.
1525 1645 1546 1677 «
1574 1621 1958 1703 Trophimum
1991 1637 2104 1680 au-

2189 1623 2431 1705 Ἐφέσου.
2475 1615 2621 1703 ’Ἄρα
2665 1627 2754 1683 οὖν
2810 1628 2897 1684 ὅτε
2955 1627 3206 1686 ἐπέπλεεν
3263 1629 3346 1686 ἐπὶ
3401 1631 3498 1698 τὴν
3551 1629 3826 1706 Ἰουδαίαν,

461 1719 578 1798 tem
602 1712 821 1794 reliqui
845 1711 1052 1774 Mileti.
1081 1737 1107 1767 n
1143 1712 1374 1774 Miletus
1389 1712 1718 1792 propinqua
1741 1709 2098 1798 estlipheso.

2187 1715 2386 1796 ἀφῆκεν
2432 1716 2582 1798 αὑτὸν
2613 1715 2666 1771 ἐν
2696 1715 2919 1790 Μιλήτῳ
2961 1720 2988 1774 ὁ
3045 1717 3272 1790 Παῦλος,
3309 1720 3344 1787 ἢ
3405 1721 3540 1794 μετὰ
3580 1723 3643 1776 τὸ
3671 1720 3826 1798 γενέ-

456 1797 666 1862 Utrum
697 1801 876 1880 igitur
905 1802 1141 1881 quando
1201 1799 1516 1881 navigabat
1546 1800 1607 1862 in
1638 1799 1923 1879 Iudaeam,
1956 1796 2103 1857 reli-

2189 1808 2303 1860 σθαι
2335 1805 2388 1859 ἐν
2436 1796 2615 1881 Ῥώμῃ
2645 1804 2800 1863 πάλιν
2858 1807 2927 1869 εἰς
2965 1814 3150 1889 Δταῦτα
3203 1809 3269 1867 τὰ
3298 1809 3459 1887 μέρη,
3492 1809 3586 1866 οὒκ
3629 1796 3828 1889 ἔχομεν

459 1894 654 1973 querit
686 1913 819 1956 eum
844 1893 1023 1992 Mileti
1053 1892 1292 1968 Paulus,
1313 1913 1384 1954 an
1409 1909 1642 1992 rursum
1668 1899 1972 1972 postquam
1988 1891 2104 1952 Ro-

2190 1895 2380 1951 εἰπεῖν.
2423 1911 2452 1952 (
2482 1892 2844 1953 Ἀσθενοῦντα.
2882 1919 2909 1950 3
2962 1885 3084 1992 ’ἶνα
3135 1896 3184 1952 τί
3226 1897 3326 1976 γὰρ
3369 1885 3697 1974 Ὕμηηίάσατον
3731 1900 3831 1955 αὗ-

460 2001 614 2042 mam
647 1983 1001 2058 venerat,ad
1015 2001 1114 2044 eas
1131 1981 1762 2060 accesseritregiones,
1796 1986 1956 2041 certo
1987 1997 2106 2039 non

460 2090 778 2149 possumus
799 2091 1090 2134 asserere.
1129 2095 1151 2128 α
1190 2074 1610 2150 Languentem.
1639 2095 1661 2125 »
1698 2069 1890 2142 Quare
1909 2075 2103 2129 autem

456 2159 653 2240 ipsum
685 2181 801 2223 non
837 2162 1085 2238 sanavit,
1150 2162 1255 2222 sed
1314 2180 1447 2222 eum
1498 2159 1781 2240 reliquit?
1809 2158 1954 2231 Quia
1984 2176 2100 2218 non

458 2249 658 2311 omnia
679 2249 975 2313 faciebant
997 2251 1205 2325 sancti,
1238 2268 1314 2312 ne
1336 2252 1526 2330 majus
1556 2247 1777 2328 aliquid
1800 2247 2103 2308 existima-

457 2347 667 2401 rentur
697 2348 758 2400 et
783 2359 962 2420 supra
991 2340 1298 2402 hominum
1323 2348 1615 2401 naturam.
1649 2336 2016 2416 «Daoperam
2044 2343 2104 2395 ut

459 2427 669 2488 venias
697 2435 831 2489 ante
862 2427 1146 2490 hiemem.
1181 2449 1210 2486 ι
1233 2426 1499 2502 Interim,
1535 2425 1746 2506 inquit,
1781 2425 1921 2486 dum
1952 2423 2104 2503 vivo,

458 2533 534 2576 ne
564 2516 765 2578 hieme
791 2517 1066 2578 detentus
1115 2535 1232 2578 non
1293 2516 1490 2578 videas
1521 2535 1635 2576 me.
1669 2539 1694 2571 α
1731 2516 1806 2577 Ει
1836 2513 2034 2574 Linus.
2076 2536 2098 2568 υ

457 2602 630 2665 Hunc
676 2605 840 2666 aiunt
884 2625 1016 2668 esse
1047 2606 1259 2668 Linum
1291 2603 1392 2685 qui
1421 2605 1682 2666 secundo
1716 2604 1844 2666 loco
1875 2609 2108 2664 creatus

459 2704 550 2752 est
579 2692 780 2757 Romae
811 2693 1128 2775 episcopus
1152 2703 1283 2776 post
1319 2697 1580 2758 Petrum.
1613 2713 1640 2754 ‹
1673 2692 1744 2755 Ει
1767 2691 2049 2774 Claudia.
2077 2715 2100 2744 ο)

457 2779 641 2845 Vides
699 2782 996 2863 qnomodo
1055 2783 1228 2844 etiam
1288 2782 1572 2845 mulieres
1601 2799 1768 2844 acres
1796 2781 2016 2843 fuerint
2048 2791 2106 2844 et

458 2867 752 2931 ferventes
778 2871 1072 2932 cruciﬁxae
1111 2870 1379 2933 mundo?
1427 2870 1657 2932 Etenim
1690 2888 1875 2949 genus
1900 2869 2012 2930 hoc
2041 2868 2104 2928 in

459 2959 620 3021 nullo
650 2959 791 3020 viris
820 2959 1067 3023 inferius
1097 2968 1203 3036 est,
1271 2960 1446 3020 modo
1497 2960 1654 3023 velit.
1709 2981 1738 3020 ιι
1772 2958 1841 3019 Et
1890 2957 2104 3019 fratres

458 3066 688 3110 omnes.
727 3073 754 3105 τι
790 3051 951 3110 Inter
980 3050 1089 3110 hos
1121 3056 1316 3110 autem
1347 3049 1434 3111 illi
1469 3067 1716 3129 quorum
1753 3045 2100 3108 nominatim

457 3137 608 3199 facta
637 3145 727 3200 est
757 3138 1001 3213 mentio,
1037 3111 1508 3200 ferventioresin
1543 3139 1660 3200 ﬁde
1689 3147 1882 3200 erant.
1920 3161 1943 3195 ι)
1981 3111 2162 3199 Do-C

460 3226 658 3289 minus
685 3227 858 3290 Jesus
888 3228 1154 3290 Christus
1206 3247 1339 3289 cum
1390 3227 1600 3308 spiritu
1653 3236 1774 3288 tuo.
1817 3251 1838 3283 ι
1877 3225 2105 3306 Duplex

459 3315 772 3393 auxilium,
806 3335 1022 3397 nempe
1053 3326 1112 3377 et
1135 3317 1354 3379 Christi
1393 3324 1452 3378 et
1491 3315 1745 3396 Spiritus
1767 3314 1953 3377 sancti
1989 3336 2001 3376 :
2036 3333 2103 3376 ac

459 3404 510 3465 si
543 3404 769 3488 diceret
816 3426 829 3465 :
885 3405 1027 3468 Cum
1089 3405 1549 3486 superventione
1603 3403 1854 3486 Spiritus
1913 3403 2102 3465 sancti

458 3512 634 3574 quem
667 3513 822 3556 nunc
853 3494 1057 3556 habes.
1092 3495 1180 3556 Sit
1209 3494 1496 3556 Dominus
1523 3497 1696 3556 Jesus
1719 3495 1990 3557 Christus
2017 3501 2101 3553 te-

458 3601 594 3644 cum
633 3602 646 3647 :
685 3585 797 3646 hoc
827 3592 1023 3646 autem
1073 3583 1183 3645 tibi
1239 3593 1553 3662 praesente,
1619 3603 1738 3645 non
1771 3581 1998 3662 lugebis
2029 3580 2104 3642 ob

460 3691 650 3733 meam
677 3673 1125 3736 resolutionem.
1151 3673 1285 3750 Aut,
1320 3673 1458 3754 quia
1503 3693 1620 3735 non
1669 3681 1859 3753 potest
1888 3669 2102 3736 Christi

459 3760 574 3821 frui
605 3763 919 3841 praesentia
952 3765 1000 3822 is
1032 3763 1130 3842 qui
1161 3762 1234 3823 ob
1284 3764 1528 3842 gratiam
1585 3762 1951 3842 spiritualem
1985 3779 2105 3821 non

457 3849 714 3929 suSpirat
746 3857 846 3910 :ut
870 3851 944 3913 sit
961 3851 1126 3929 juxta
1167 3851 1924 3932 hancinterpretationem,
1962 3851 2102 3934 Spi-

455 3935 577 3998 ritu
608 3944 727 4012 tuo,
748 3938 865 3999 hoc
888 3947 997 4015 est,
1023 3939 1314 4019 spirituali
1361 3941 1568 4020 gratia.
1615 3967 1640 3997 α
1667 3939 1864 4003 Gratia
1891 3941 2097 4003 nobis-

454 4045 612 4088 cum.
650 4053 671 4084 ι
708 4027 822 4090 Pro
853 4029 1048 4111 seipso
1102 4050 1336 4112 quoque
1394 4052 1511 4094 una
1569 4042 1857 4114 precatur,
1893 4041 1994 4095 aut
2037 4042 2100 4097 ut

454 4116 876 4266 sem-perlgrati
910 4118 1050 4192 sint,
1085 4126 1183 4180 aut
1231 4126 1297 4180 ut
1325 4138 1562 4202 semper
1592 4122 1814 4185 donum
1845 4121 2102 4186 habeant

454 4212 704 4266 smritua
731 4223 786 4266 e.

454 4212 786 4284 spirituale.

2187 1984 2300 2057 τὸν,
2347 1980 2466 2038 ἀλλ’
2525 1980 2702 2039 εἴασεν
2759 1982 2964 2064 αὔτόνς
3004 1974 3133 2042 ιὈτι
3193 1974 3269 2057 οῦ,
3293 1974 3463 2046 πάντα
3521 1985 3727 2049 ἐποίουν
3783 1987 3830 2040 οἱ

2185 2071 2348 2150 ἅγιοι,
2380 2070 2470 2127 ἵνα
2514 2070 2592 2145 μὴ
2651 2075 2934 2146 νομισθῶσι
2992 2073 3282 2151 κρείττονες
3339 2074 3375 2141 ἢ
3431 2075 3567 2130 κατὰ
3636 2074 3829 2154 ἀνθρώ-

2185 2182 2286 2242 που
2339 2161 2509 2241 φύσιν,
2576 2179 2606 2219 (
2659 2159 2960 2218 Σπούδασον
3028 2163 3128 2241 πρὸ
3185 2169 3453 2242 χειμῶνος
3538 2161 3728 2220 ἐλθεῖν.
3796 2185 3821 2217 ιι

2189 2239 2454 2324 ιἘωςήοιῖι,
2487 2251 2639 2330 φησὶ,
2671 2256 2768 2324 ζῶ,
2800 2249 2892 2307 ἵνα
2949 2251 3028 2326 μὴ
3072 2239 3160 2326 Ἵτῷ
3189 2239 3447 2331 -χειμῶνι
3505 2253 3824 2332 ἐπισχεθεὶς,

2186 2341 2279 2396 οὒκ
2321 2337 2442 2415 ἴδῃς
2471 2361 2560 2414 με.
2611 2363 2638 2422 3
2690 2340 2788 2397 Καὶ
2837 2344 3020 2405 Δῖνος.
3067 2363 3095 2395 3
3131 2340 3320 2398 Τοῦτόν
3364 2363 3490 2422 φασι
3521 2342 3612 2397 τὸν
3639 2349 3821 2413 Αἶνον,

2188 2426 2422 2506 δεύτερον
2467 2429 2567 2495 τῆς
2619 2419 2828 2504 ιΡώμιης
2889 2428 3171 2487 ἐπίσκοπον
3215 2419 3486 2508 γεγονέναι
3545 2432 3679 2507 μετὰ
3735 2433 3826 2486 τὸν

2189 2515 2409 2596 Πέτρον.
2461 2540 2488 2571 α
2536 2518 2635 2575 Καὶ
2679 2515 2922 2577 Κλαυδίε.
2972 2539 3000 2574 3
3063 2509 3216 2598 Ὀρᾷς
3273 2525 3386 2586 πῶς
3440 2521 3527 2576 καὶ
3581 2531 3827 2598 γυναῖῐκες

2188 2603 2424 2686 διάπυροι
2481 2605 2620 2674 ἦσαν
2673 2607 2760 2663 καὶ
2826 2608 3010 2686 θερμαὶ
3110 2609 3199 2670 καὶ
3279 2607 3688 2688 ἐςτταυριιομέναι¹
3751 2615 3827 2683 τῷ

2187 2695 2420 2776 κόσμῳ,
2486 2697 2584 2754 Καὶ
2639 2697 2739 2775 γὰρ
2802 2693 2946 2752 οὐδὲν
3002 2695 3307 2754 ἐλαττοῦται
3365 2699 3427 2754 τὸ
3482 2697 3632 2776 γένος
3675 2704 3828 2756 τοῦτο

2185 2790 2289 2839 τῶν
2345 2782 2565 2864 ἀνδρῶν,
2625 2783 2714 2841 ἐὰν
2768 2783 2920 2861 θέλῃ.
2987 2805 3011 2841 ι
3058 2787 3156 2844 Καὶ
3212 2790 3260 2843 οἱ
3293 2784 3504 2865 ἀδελφοὶ
3531 2787 3749 2852 πάντες.
3798 2809 3821 2846 ιι

2187 2876 2245 2930 Οἱ
2331 2875 2580 2955 ὀνομαστὶ
2679 2874 2996 2950 μνησθέντες
3075 2875 3375 2955 θερμότεροι
3469 2876 3567 2944 τὴν
3655 2877 3827 2932 πίστιν

2183 2963 2340 3031 ἦσαν.
2408 2986 2436 3018 ιι
2496 2954 2554 3020 εΟ
2613 2965 2795 3043 Κύριος
2855 2962 3058 3031 Ἰησοῦς
3105 2954 3328 3044 Χριστὸς
3381 2965 3516 3041 μετὰ
3557 2974 3648 3022 τοῦ
3675 2965 3827 3021 πνεύ-

2186 3053 2353 3128 ματός
2412 3075 2525 3114 σου.
2581 3076 2604 3109 3
2671 3051 2846 3122 Διπλῆ
2887 3055 2922 3122 ἡ
2978 3054 3216 3135 βοήθεια,
3283 3053 3320 3121 ἥ
3370 3076 3428 3112 τε
3455 3061 3546 3112 τοῦ
3577 3060 3820 3132 Χριστοῦ,

2187 3143 2275 3198 καὶ
2303 3145 2337 3210 ἡ
2380 3153 2474 3202 τοῦ
2516 3143 2822 3218 Πνεῦματος
2875 3151 2967 3200 τοῦ
3022 3143 3194 3221 ἁγίου,
3239 3144 3312 3207 ὡς
3364 3144 3407 3199 εἰ
3463 3142 3636 3222 ἔλεγε,
3683 3143 3825 3198 Μετὰ

2186 3235 2285 3300 τῆς
2367 3233 2751 3312 ἐπιφοιτήσεως
2825 3241 2917 3290 τοῦ
2986 3230 3134 3310 ἁγίου
3201 3233 3503 3308 Πνεύματος
3600 3234 3659 3288 οὗ
3741 3231 3825 3287 νῦν

2187 3319 2357 3400 ἔχεις.
2417 3311 2606 3380 ’Ἔστω
2659 3323 2749 3378 καὶ
2790 3323 2818 3378 ὁ
2878 3322 3062 3401 Κύριος
3119 3318 3324 3390 Ἰησοῦς
3395 3322 3620 3400 Χριστὸς
3691 3322 3824 3397 μετὰ

2184 3421 2300 3472 σοῦ.
2335 3412 2530 3471 Τούτου
2561 3409 2728 3490 δέ’-σοι
2774 3408 3117 3490 ὑπάρξαντος,
3174 3415 3267 3469 οὐκ
3320 3409 3573 3490 ἀλγήσεις
3615 3409 3700 3468 ἐπὶ
3756 3416 3826 3487 τῇ

2186 3499 2291 3578 ἐμῇ
2319 3500 2584 3560 ἀναλύσει.
2625 3477 2682 3558 ἳΙ
2713 3499 2794 3556 ὅτι
2843 3477 2936 3558 οῦδι
2967 3499 3059 3568 ἔνι
3102 3477 3208 3570 ’τῆς
3265 3477 3547 3580 παροῦσίας
3591 3477 3822 3579 εὖπορῆίι

2185 3612 2271 3647 σαι
2301 3597 2391 3648 τοῦ
2419 3597 2644 3670 Χριστοῦ
2671 3591 2760 3646 τὸν
2811 3589 2887 3658 μὴ
2943 3589 3123 3669 χάριτι
3177 3595 3507 3667 πνευματικῇ
3534 3610 3827 3664 κατεστεμ-

2185 3678 2365 3760 μένον,
2418 3679 2512 3737 ’ἕνα
2663 3680 2736 3750 ὡς
2777 3680 2908 3756 πρὸς
2965 3678 3161 3745 ταύτην
3213 3680 3311 3746 τὴν
3367 3678 3668 3756 ἑρμηνείαν,
3721 3687 3826 3737 Τοῦ

2185 3769 2479 3844 πνεύματός
2539 3791 2655 3848 σου,
2713 3767 2974 3846 τουτέστι,
3016 3771 3115 3833 τῆς
3159 3768 3519 3842 πνευματικῆς
3574 3767 3822 3846 χάριτος.

2189 3881 2217 3912 α
2254 3850 2315 3915 Ἡ
2372 3856 2693 3938 χάρις*μεθ’
2749 3859 2926 3933 ἡμῶν.
2974 3879 3003 3912 3
3054 3858 3151 3915 Καὶ
3211 3857 3380 3931 ἑαυτῷ
3435 3856 3742 3936 ἐπεύχεται,
3788 3855 3824 3922 ἢ

2181 3947 2315 4012 ὥςτε
2345 3947 2424 4003 ἀεὶ
2461 3947 2798 4026 εὐχαρίστους
2826 3950 2989 4026 εἶναι,
3019 3943 3055 4012 ἢ
3085 3943 3222 4002 ὥστε
3263 3944 3343 4002 ἀεὶ
3365 3945 3626 4024 ,χάρισμα
3677 3942 3824 4024 ἔχειν

2181 4037 2552 4113 πνευματικόν.

453 4323 660 4401 Finis,
708 4324 916 4388 divino
970 4326 1218 4406 favente
1274 4328 1533 4404 auxilio,
1607 4333 1963 4409 posterioris
2019 4331 2099 4393 ad

2189 4351 2219 4394 (
2266 4333 2448 4411 Τέλος,
2495 4335 2588 4391 σὺν
2617 4340 2753 4410 Θεῷ,
2786 4333 2884 4402 τῆς
2911 4334 3042 4413 πρὸς
3085 4333 3340 4410 Τιμόθεον
3370 4330 3613 4415 δευτέρας
3646 4333 3826 4394 Ἐπισ

926 4417 1292 4480 Timotheum
1321 4417 1634 4498 Epistolae.

453 4518 683 4600 Scripta
717 4527 808 4582 est
826 4521 899 4583 ab
920 4522 1067 4585 urbe
1088 4522 1294 4599 Roma,
1319 4543 1453 4586 cum
1499 4525 1760 4586 secundo
1793 4526 2100 4590 sisteretur

771 4609 986 4675 Paulus
1009 4612 1231 4677 Neroni
1248 4613 1465 4676 Caesari
1485 4612 1772 4677 Romano.

2858 4421 3048 4491 ⁸τολῆς.
3097 4446 3127 4479 3

2181 4529 2418 4609 Ἐγράφη
2451 4529 2554 4587 ἀπὸ
2590 4521 2823 4612 Ῥώμης,
2869 4529 2959 4612 ὅτε
2985 4527 3038 4596 ἐξ
3079 4527 3317 4611 δευτέρου
3341 4528 3578 4610 παρέστη
3611 4531 3815 4595 Παῦλος

2584 4627 2662 4694 τῷ
2693 4610 2909 4698 Καίσαρι
2946 4610 3154 4695 Ῥώμης
3184 4610 3404 4700 Νέρωνι,
