4152 6216
383 514 390 547 γ
568 513 575 519 ,
767 513 770 514 ν
796 513 809 520 ,
978 514 983 515 ,

1354 372 1748 456 COMMENT.
1782 384 1881 456 'IN
1923 390 2165 455 EPIST.
2212 390 2314 453 AD
2358 390 2631 453 TITUM.

1591 658 2487 792 ΥΠΟΘΕΣΙΣ

1074 918 1288 1001 ΤΗΣ
1363 914 1658 1003 ΠΡΟΣ
1730 914 2070 1000 ΤΙΤΟΝ
2140 915 2810 1006 ΕΠΙΣΤΟΛΗΣι

1368 1301 2211 1435 ARGUMEN
2225 1296 2577 1439 TUM

1248 1563 1885 1660 EPISTOLZE

1995 1565 2155 1658 AD
2265 1561 2698 1657 TITUM.

335 1946 545 2014 Ταύτην
617 1945 915 2028 ἐπιστέλλει
986 1950 1093 2007 ἀπὸ
1181 1950 1545 2016 Νικοπόλεως.
1605 1951 1754 2010 Ἐκεῖ
1808 1949 1908 2028 γὰρ

2070 1948 2210 2009 284
2237 1948 2401 2010 Hanc
2428 1946 2501 2010 ab
2531 1948 2680 2010 urbe
2704 1946 2972 2028 Nicopoli
2996 1946 3237 2010 scribit:
3272 1966 3409 2010 nam
3432 1947 3514 2011 ibi
3536 1950 3638 2012 hi-

262 2034 669 2115 πιρεχείμαξεν.
710 2027 771 2094 Ἦ
801 2035 856 2093 δὲ
880 2040 1140 2121 πρόφασις
1199 2047 1298 2109 τῆς
1354 2039 1679 2108 Ἐπιστολῆς
1722 2027 1856 2106 αὕτη
1885 2027 1909 2075 ν·

263 2127 348 2188 Εἷς
379 2125 477 2201 μὲν
534 2126 632 2194 τὴν
691 2128 905 2206 Κρήτην
948 2128 1178 2187 ἀπέλιπε
1220 2131 1311 2187 τὸν
1356 2140 1542 2203 Τῖτον,
1602 2129 1695 2185 ἵνα
1738 2149 1912 2185 κατα-

264 2216 436 2292 στήσῃ
467 2216 604 2271 κατὰ
632 2213 816 2281 πόλεις
857 2216 1168 2297 κληρικούς.
1215 2216 1434 2275 Πολλῶν
1491 2216 1546 2274 δὲ
1571 2288 1579 2293 δ
1602 2216 1767 2274 ὄντων
1798 2217 1913 2274 ἐκεῖ

262 2308 367 2359 τῶν
413 2303 825 2384 ἐπιχειρούντων
868 2308 1125 2387 προφάσει
1177 2316 1270 2366 τοῦ
1314 2306 1477 2383 νόμου
1530 2306 1737 2379 ἀπατᾷν
1792 2307 1911 2372 τοὺς

264 2392 449 2468 λαοὺς,
523 2395 706 2469 μαθὼν
776 2396 806 2451 ὁ
879 2395 1082 2461 Παῦλος
1143 2396 1352 2477 γράφει,
1429 2398 1525 2454 Καὶ
1568 2403 1777 2475 πρῶτον
1817 2395 1912 2471 μὲν

263 2482 597 2562 εὐχαριστῶν
627 2488 704 2557 τῷ
734 2487 850 2558 Θεῷ
876 2481 960 2542 διὰ
996 2486 1097 2553 τὴν
1156 2485 1312 2544 αύτοῦ
1361 2482 1655 2560 εὐλάϐειαν,
1706 2486 1911 2561 σημαί-

261 2592 335 2627 νει
377 2573 476 2638 τὴν
536 2570 591 2626 ἒν
634 2578 843 2651 Χριστῷ
898 2573 1069 2630 πίστιν
1128 2573 1205 2649 μὴ
1263 2573 1519 2652 νεωτέραν
1565 2574 1729 2645 εἶναι,
1792 2571 1911 2629 ἀλλ’

260 2657 313 2724 ἐξ
371 2661 562 2723 αἰῶνος
637 2660 953 2741 ἡτοιμάσθαι
1031 2663 1121 2719 καὶ
1203 2660 1528 2741 ἐπηγγέλθαι
1599 2663 1742 2741 παρὰ
1821 2668 1915 2719 τοῦ

259 2755 395 2805 Θεοῦ
435 2749 652 2816 ταύτην.
723 2739 959 2807 ’Ἔπειτα
1020 2752 1138 2831 περὶ
1208 2739 1334 2818 τῆς-
1362 2739 1733 2817 καταστάσεως
1800 2750 1909 2807 τῶν

261 2836 556 2917 κληρικῶν,
601 2842 690 2895 καί
731 2846 917 2896 τοῦτον
974 2837 1202 2897 διδάσκει
1254 2846 1368 2906 πῶς
1415 2842 1505 2897 καὶ
1561 2840 1773 2905 ὁποίους
1816 2841 1913 2896 αὒ-

260 2929 383 2991 τοὺς
438 2928 579 2985 εἶναι
633 2925 737 2986 δεῖ.
827 2929 925 2987 Καὶ
993 2928 1242 3005 ἐπιτιμᾷν
1297 2928 1351 2986 δὲ
1409 2928 1705 2986 ἐντέλλεται
1773 2933 1916 3004 αὐτῷ

259 3030 379 3080 τοῖς
432 3015 763 3094 ἀντιλέγουσι
831 3025 900 3096 τῇ
971 3019 1255 3098 ὁγιανούσῃ
1309 3019 1505 3095 πίστει,
1582 3018 1813 3094 μάλιστα
1862 3018 1918 3083 δὲ

254 3118 376 3168 τοῖς
433 3104 495 3162 ἐκ
534 3107 854 3185 περιτομῆς,
898 3105 1085 3164 εἰδέναι
1138 3129 1196 3163 τε
1250 3107 1375 3172 τοὺς
1432 3107 1640 3187 Κρῆτας
1680 3106 1761 3164 ὅτι
1818 3107 1919 3186 ἀρ-

1997 2035 2304 2099 bernabat.
2328 2036 2463 2099 Haec
2486 2045 2683 2099 autem
2696 2036 2804 2098 fuit
2824 2036 3106 2117 Epistolas
3122 2036 3451 2099 occasiozln
3468 2039 3641 2101 Creta

1995 2125 2190 2188 Titum
2225 2127 2549 2206 reliquerat
2576 2133 2640 2187 ut
2665 2126 2726 2187 in
2755 2124 3004 2203 singulis
3033 2124 3363 2187 civitatibus
3393 2125 3644 2189 clericos

1997 2214 2409 2276 constitueret.
2475 2213 2616 2276 Cum
2668 2220 2867 2276 autem
2921 2212 3030 2274 ulti
3057 2211 3281 2275 ibidem
3311 2223 3513 2276 essent
3541 2215 3644 2296 qui

1997 2304 2143 2383 legis
2171 2311 2456 2385 praetextu
2486 2311 2843 2367 conarentur
2884 2302 3165 2384 populum
3194 2303 3505 2386 seducere,
3532 2306 3645 2368 hoc

1997 2393 2232 2472 cognito
2264 2391 2470 2455 scribit
2488 2390 2729 2455 Paulus.
2762 2391 2834 2454 Et
2863 2391 3119 2473 primum
3149 2392 3394 2471 quidem
3427 2396 3644 2474 gratias

1993 2499 2174 2561 agens
2202 2480 2323 2544 Deo
2348 2490 2589 2562 propter
2610 2482 2795 2563 ipsius
2816 2481 3119 2562 pietatem,
3149 2481 3439 2561 signiﬁcat
3461 2483 3642 2546 ﬁdem

1995 2590 2126 2652 quae
2156 2571 2214 2631 in
2248 2570 2547 2634 Christum
2580 2580 2669 2635 est
2703 2590 2821 2633 non
2847 2588 2978 2633 esse
3006 2580 3334 2647 recentem,
3359 2573 3465 2635 sed
3488 2574 3642 2636 hanc

1993 2660 2255 2722 asaeculo
2268 2667 2527 2741 paratam
2539 2660 2720 2722 fuisse
2730 2667 2789 2722 et
2802 2659 3209 2722 annuntiatam
3227 2661 3644 2726 aDeo.Deinde

1995 2747 2114 2828 agit
2142 2748 2217 2810 de
2247 2749 2668 2811 constitutione
2725 2748 3104 2824 clericorum,
3162 2758 3219 2811 et
3276 2751 3437 2814 hunc
3466 2752 3644 2816 docet

1996 2836 2293 2917 qnomodo
2327 2846 2424 2899 aut
2454 2838 2657 2918 quales
2682 2854 2813 2899 essc
2842 2837 3000 2919 ipsos
3029 2846 3315 2919 oporteat,
3336 2857 3406 2903 ac
3426 2842 3645 2922 praeci-

1998 2924 2084 3006 pit
2113 2925 2169 2987 ei
2196 2933 2258 2987 ut
2291 2925 2564 3007 objurget
2592 2926 2977 2990 adversantes
3005 2945 3163 2990 sana:
3196 2928 3358 3006 ﬁdei,
3389 2933 3645 2994 maxime

1999 3025 2199 3078 autem
2221 3014 2354 3077 illos
2384 3018 2483 3097 qui
2517 3024 2655 3079 sunt
2707 3037 2779 3078 ex
2827 3017 3330 3081 circumcisione:
3368 3022 3646 3103 quodque

2002 3104 2317 3167 Cretenses
2332 3107 2554 3170 otiosos
2571 3125 2703 3169 esse
2717 3107 2944 3170 noverit
2956 3115 3013 3170 et
3025 3126 3201 3188 egere
3212 3108 3642 3191 increpatione,

259 3194 346 3273 γοί
384 3196 515 3274 εἰσι,
558 3195 647 3251 καὶ
702 3196 991 3275 χρήζουσιν
1032 3195 1321 3273 ἐπιτιμίας,
1368 3194 1573 3262 διδάξας
1632 3218 1689 3253 τε
1744 3197 1911 3254 πάντα

2000 3194 2357 3257 simuletiam
2373 3196 2594 3258 docens
2612 3215 2821 3260 omnes
2832 3197 2997 3260 cibos
3012 3216 3142 3261 esse
3162 3200 3645 3282 mundoszetqua-

258 3285 325 3340 τὰ
353 3283 614 3363 βρώματα
668 3286 870 3364 καθαρὰ
909 3285 1051 3343 εἶναι
1094 3300 1212 3350 τοῖς
1253 3290 1536 3368 καθαροῖς,
1592 3288 1681 3344 καὶ
1725 3286 1911 3350 ὁποίας

1998 3282 2085 3344 les
2110 3301 2242 3345 esse
2274 3293 2547 3365 oporteat
2575 3305 2726 3349 anus
2748 3306 2879 3368 qua:
2903 3287 3118 3349 debeat
3141 3281 3647 3352 adolescentiores

257 3373 405 3430 εἶναι
459 3371 545 3429 δεῖ
596 3373 692 3439 τὰς
746 3372 1085 3454 πρεσϐύτιδας
1125 3376 1219 3441 τὰς
1275 3374 1585 3457 ὀφειλούσας
1651 3376 1913 3456 σωφρονί-

256 3470 365 3534 ζειν
412 3464 511 3527 «an;
552 3462 696 3527 νέας.
753 3466 1011 3544 Παραινιῖ
1065 3464 1145 3543 δὲ,
1204 3470 1320 3532 πῶς
1378 3464 1462 3522 δεῖ
1511 3466 1632 3530 τοὺς
1691 3463 1910 3530 δούλους

257 3566 377 3617 το⁴ς
408 3549 558 3615 ἰδίοις
614 3551 892 3618 δεσπόταις
950 3555 1355 3616 ὑποτάσσεσθαι.
1407 3555 1504 3614 Καὶ
1560 3553 1711 3619 τέλος
1770 3555 1910 3611 ὑπο-

258 3642 471 3715 μνήσας
527 3640 607 3698 ὅτι
677 3644 713 3711 ἡ
781 3650 874 3701 τοῦ
942 3644 1247 3720 Πνεύματος
1304 3644 1461 3725 χάρις
1518 3643 1612 3700 οὐκ
1661 3642 1713 3709 ἐξ
1742 3641 1910 3722 ἔργων

255 3731 405 3804 ἡμᾶς
462 3729 789 3808 ἒδικαίωσεν,
864 3731 1000 3790 ἀλλὰ
1055 3741 1124 3811 τῇ
1179 3732 1280 3808 ἰδίᾳ
1354 3732 1714 3814 φιλανθρωπίᾳ
1745 3751 1762 3768 ·
1821 3734 1909 3789 καὶ

256 3819 621 3899 παραγγείλας
689 3822 786 3885 τὰς
866 3823 1086 3899 νομικὰς
1171 3823 1354 3903 μάχας
1437 3820 1774 3900 ἒκτρέπεσθαι
1833 3823 1907 3887 ὡς

254 3908 736 3991 ἆναισχυντούσας,
781 3909 941 3979 δηλοῖ
991 3913 1133 3987 αὐτῷ
1191 3913 1324 3987 μετὰ
1377 3913 1439 3968 τὸ
1499 3910 1712 3986 πέμψαι
1779 3913 1909 3989 πρὸς

256 3998 416 4057 αὺτὸν
465 3995 748 4077 Ἀρτεμᾶν,
808 4000 901 4057 ἵνα
951 4000 1077 4079 ἔλθῃ
1148 4002 1280 4081 πρὸς
1350 4000 1506 4060 αὐτόν
1540 4016 1553 4030 ⁸
1614 3998 1910 4057 ἒνετείλατό

253 4108 312 4141 τε
377 4090 525 4162 αὖτῷ
572 4087 708 4144 ὥστε
758 4086 1019 4147 διδάσκειν
1059 4091 1149 4147 καὶ
1202 4090 1323 4155 τοὺς
1380 4093 1536 4149 αὐτοῦ
1582 4086 1759 4147 καλῶν
1820 4087 1911 4164 ἕρ-

253 4200 368 4254 γων
439 4177 808 4260 προίστασθαι,
865 4180 954 4237 καὶ
1023 4178 1191 4243 οὕτως
1246 4178 1449 4237 τελειοϊ
1505 4180 1607 4247 τὴν
1665 4175 1914 4235 Ἐπιστο-

254 4265 383 4337 MV,

850 4385 1023 4438 ΘΕΟΔ
1033 4385 1322 4438 ΩΡΗΤΟΥ.

1994 3372 2255 3437 reddere
2269 3374 2587 3439 modestas.
2604 3375 2901 3438 Admonet
2915 3384 3112 3438 autem
3136 3376 3645 3458 quomodoservos

1994 3470 2261 3540 oporteat
2291 3463 2414 3526 suis
2469 3465 2728 3528 dominis
2777 3483 2909 3528 esse
2940 3464 3229 3528 subditos.
3262 3465 3647 3547 Tandemque

1992 3552 2257 3632 suggerit
2288 3553 2443 3633 quod
2474 3554 2661 3633 gratia
2692 3552 2944 3634 Spiritus
2972 3571 3093 3614 non
3124 3572 3197 3615 ex
3228 3553 3507 3634 operibus
3536 3575 3648 3618 nos

1985 3639 2419 3737 just-iﬁcaverit,
2446 3643 2551 3705 sed
2574 3661 2680 3705 sua
2700 3641 3161 3722 benignitate.Et
3180 3650 3486 3737 postquam
3500 3662 3650 3737 prae-

1990 3728 2148 3809 cepit
2174 3737 2334 3790 285
2366 3729 2423 3791 ei
2473 3738 2538 3792 ut
2586 3738 2894 3793 aversetur
2921 3748 3148 3811 pugnas
3174 3749 3306 3811 quae
3335 3728 3472 3794 sunt
3488 3734 3647 3797 circa

1991 3818 2279 3897 legem,ut
2303 3837 2433 3899 quae
2444 3820 2734 3901 pudorem
2757 3820 3081 3882 aﬂ‘eruntet
3104 3819 3645 3898 confusionem,de-

1992 3906 2227 3968 nuntiat
2257 3906 2371 3988 ipsi
2401 3917 2465 3970 ut
2495 3910 2567 3971 ad
2600 3927 2664 3970 se
2695 3909 2910 3985 veniat,
2944 3908 3047 3970 ubi
3075 3910 3361 3972 Arteman
3400 3912 3476 3973 ad
3507 3930 3645 3974 eum

1996 3995 2243 4058 miserit:
2272 3997 2526 4081 datoque
2550 3999 2664 4081 ipsi
2687 4005 2982 4080 praecepto
3005 4006 3069 4061 ut
3084 4017 3224 4062 suos
3246 4000 3454 4064 doceat
3475 4000 3647 4064 bonis

1996 4103 2253 4166 praeesse
2282 4087 2581 4168 operibus,
2617 4088 2697 4151 ita
2725 4087 3017 4151 contludit
3045 4088 3391 4170 Epistolam.

2577 4373 3080 4441 THEODORETI.

344 4474 404 4543 Ὀ
450 4493 612 4548 Τῖτος
660 4487 946 4561 θαυμάσιός
988 4508 1070 4550 τις
1125 4486 1192 4554 ἦν
1248 4486 1493 4581 μαθητὴς
1533 4494 1626 4546 τοῦ
1679 4484 1907 4547 Παύλου.

2075 4477 2243 4542 Titus
2272 4479 2544 4581 egregius
2566 4490 2691 4546 erat
2708 4482 2874 4581 Bauli
2912 4483 3260 4581 discipulus.
3287 4485 3479 4581 Creta:
3506 4502 3645 4545 vero

258 4570 586 4637 Ἐπίσκοπος
614 4570 669 4629 δὲ
718 4580 817 4642 τῆς
863 4576 1076 4656 Κρήτης
1119 4574 1377 4654 μεγίστης
1438 4572 1599 4642 οὔσης
1657 4596 1908 4654 κεχειρο-

256 4661 455 4729 τόνητο
497 4662 601 4718 ὑπὸ
653 4669 745 4719 τοῦ
803 4662 1028 4724 Παύλου.
1090 4661 1482 4743 Ἐπετὲτραπτο
1551 4661 1606 4719 δὲ
1661 4663 1782 4727 τοὺς
1824 4659 1912 4719 ὑπ’

258 4751 419 4808 αὐτὸν
447 4750 771 4815 ἐπισκόπους
812 4756 1210 4833 χειροτονῆσαι.
1269 4752 1486 4833 Γράφων
1544 4749 1600 4807 δὲ
1654 4750 1817 4808 ταῦτα
1886 4753 1914 4807 ὁ

259 4838 491 4919 Παῦλος,
538 4837 742 4915 μᾶλλον
822 4843 878 4897 ὶν
945 4839 1089 4915 ἀδείᾳ
1138 4841 1228 4911 ἦν.
1275 4839 1515 4918 Οὖδαμοῦ
1571 4841 1669 4920 γὰρ
1722 4861 1911 4919 πειρα-

256 4932 411 5001 σμῶν
439 4927 734 5004 μέμνηται,
781 4926 1141 4987 Ἀποτείνεται
1184 4929 1239 4987 δὲ
1295 4931 1382 4987 καὶ
1437 4931 1568 5009 πρὸς
1638 4927 1913 4994 Ἰουδαίους

254 5018 293 5083 ἦ
335 5016 619 5088 ἐπιστολή.
654 5020 845 5099 Πρώτη
875 5017 929 5077 δὲ
960 5019 1094 5089 αὕτη
1124 5025 1223 5088 τῆς
1253 5021 1383 5096 πρὸς
1414 5021 1667 5096 Τιμόθεον
1711 5016 1916 5095 μᾶλλόν

256 5126 423 5169 εστιν,

396 5218 740 5272 ΚΕΦΑΛΑΙΑ
774 5221 907 5273 ΤΗΣ
941 5222 1110 5275 ΠΡΟΣ
1140 5225 1333 5276 ΤΙΤΟΝ
1367 5220 1774 5277 ΕΠΙΣΤΟΛΠΣ.

254 5308 331 5382 α’.
366 5322 492 5399 Περὶ
518 5319 850 5380 διδασκάλων
874 5321 1184 5392 ἒπιτηδείων
1214 5324 1285 5388 εἷς
1316 5320 1599 5401 διακονίαν,
1633 5324 1720 5379 καὶ
1749 5321 1905 5401 ἔλεγ-

336 5432 441 5489 χον
470 5410 727 5472 ἀπειθῶν.

253 5486 331 5573 β’.
365 5500 515 5558 Κατὰ
563 5501 655 5558 τὸν
711 5503 961 5581 σαρκικὰς
1008 5502 1284 5582 καθάρσεις
1341 5498 1757 5582 πρεσϐευόντων,
1810 5504 1905 5558 καὶ

334 5588 467 5667 ὅπερ
494 5595 857 5667 πνευματικῆς
901 5591 1116 5671 ἀρετῆς.

1998 4585 2128 4655 qua:
2181 4572 2432 4632 maxima
2463 4581 2609 4655 erat,
2648 4572 2953 4635 ordinatus
3001 4591 3033 4633 a
3065 4570 3244 4633 Paulo
3305 4571 3642 4654 episcopus.

1995 4653 2360 4721 Permissum
2393 4653 2737 4743 autem’ipsi
2769 4668 2894 4723 erat
2924 4667 2981 4722 et
3010 4653 3395 4723 commissum
3419 4669 3482 4723 ut
3499 4660 3646 4722 infe-

1996 4745 2188 4809 riores
2218 4750 2521 4813 ordinaret
2551 4752 2885 4832 episcopos.
2940 4752 3087 4812 Cum
3116 4757 3312 4812 autem
3336 4750 3462 4813 haec
3488 4752 3643 4811 scri-

1996 4833 2167 4898 beret
2196 4836 2433 4915 Paulus,
2489 4839 2551 4900 in
2604 4838 2873 4901 libertate
2932 4846 3103 4902 erat:
3139 4855 3426 4919 nusquam
3484 4838 3642 4900 enim

1996 4923 2372 4989 afllictionem
2428 4927 2722 4990 meminit.
2799 4926 3144 5007 Extenditur
3198 4934 3396 4991 autem
3454 4940 3517 4992 et
3569 4928 3643 4991 ad

1996 5011 2232 5076 Iudaeos
2277 5014 2557 5097 Epistola.
2603 5015 2741 5078 Haec
2783 5024 2982 5079 autem
3011 5016 3175 5098 prior
3203 5013 3385 5078 fuisse
3413 5014 3644 5080 videtur

1996 5120 2170 5182 quam
2202 5105 2453 5184 epistola
2483 5105 2558 5168 ad
2591 5104 3001 5168 Timotheum.

2118 5218 2282 5271 286
2306 5210 2741 5275 EPISTOL/E
2766 5212 2884 5275 AD
2923 5209 3173 5275 TITUM
3200 5210 3521 5277 CAPITA.

1993 5315 2051 5381 1.
2085 5317 2171 5381 De
2193 5318 2532 5383 doctoribus
2545 5320 2775 5384 idoneis
2791 5320 2870 5384 ad
2892 5319 3318 5397 ministerium,
3349 5327 3405 5385 et
3424 5318 3642 5388 redar-

2071 5410 2384 5489 gulionem
2413 5428 2532 5473 non
2563 5411 3128 5494 obtemperantium.

1992 5503 2052 5558 2.
2088 5498 2398 5560 Adversus
2426 5517 2520 5562 eos
2546 5502 2653 5580 qni
2680 5500 2965 5565 carnales
2986 5501 3445 5567 annuntiabant
3460 5506 3642 5585 puri-

2072 5588 2408 5669 ﬁcationes,
2441 5589 2594 5653 etde
2621 5589 2935 5672 spirituali
2964 5591 3209 5655 virtute.

3759 2092 3789 2119 ρ
