  <div class='ocr_page' id='page_1' title='image "/cluster/home/n/w/nwhite01/storage/ocr_20150623/119/hvd.32044073502494/129.png"; bbox 0 0 4152 6216; ppageno 0'>
   <div class='ocr_carea' id='block_1_1' title="bbox 443 294 560 362">
    <p class='ocr_par' dir='ltr' id='par_1_1' title="bbox 443 294 560 362">
     <span class='ocr_line' id='line_1_1' title="bbox 443 294 560 362; baseline -0.009 0"><span class='ocrx_word' id='word_1_1' title='bbox 443 294 560 362; x_wconf 77' lang='grc'><strong><em>243</em></strong></span> 
     </span>
    </p>
   </div>
   <div class='ocr_carea' id='block_1_2' title="bbox 1576 297 2693 403">
    <p class='ocr_par' dir='ltr' id='par_1_2' title="bbox 1576 297 2693 403">
     <span class='ocr_line' id='line_1_2' title="bbox 1576 297 2693 403; baseline 0.002 -44"><span class='ocrx_word' id='word_1_2' title='bbox 1576 297 1985 362; x_wconf 86' lang='lat' dir='ltr'><strong><em>OECUMENII</em></strong></span> <span class='ocrx_word' id='word_1_3' title='bbox 2029 298 2339 403; x_wconf 33' lang='lat' dir='ltr'><strong><em>TRICCIE.</em></strong></span> <span class='ocrx_word' id='word_1_4' title='bbox 2360 297 2693 364; x_wconf 88' lang='lat' dir='ltr'><strong><em>EPISCOPI</em></strong></span> 
     </span>
    </p>
   </div>
   <div class='ocr_carea' id='block_1_3' title="bbox 3710 308 3827 374">
    <p class='ocr_par' dir='ltr' id='par_1_3' title="bbox 3710 308 3827 374">
     <span class='ocr_line' id='line_1_3' title="bbox 3710 308 3827 374; baseline 0.009 -1"><span class='ocrx_word' id='word_1_5' title='bbox 3710 308 3827 374; x_wconf 75' lang='grc'><strong><em>244</em></strong></span> 
     </span>
    </p>
   </div>
   <div class='ocr_carea' id='block_1_4' title="bbox 450 420 2124 518">
    <p class='ocr_par' dir='ltr' id='par_1_4' title="bbox 450 429 2124 514">
     <span class='ocr_line' id='line_1_4' title="bbox 450 429 2124 514; baseline -0.002 -20"><span class='ocrx_word' id='word_1_6' title='bbox 450 429 511 494; x_wconf 87' lang='grc'><strong><em>3.</em></strong></span> <span class='ocrx_word' id='word_1_7' title='bbox 543 431 1010 497; x_wconf 83' lang='lat' dir='ltr'><strong><em>Admonitiones</em></strong></span> <span class='ocrx_word' id='word_1_8' title='bbox 1039 449 1192 514; x_wconf 86' lang='lat' dir='ltr'><strong><em>quas</em></strong></span> <span class='ocrx_word' id='word_1_9' title='bbox 1222 430 1389 495; x_wconf 77' lang='lat' dir='ltr'><strong><em>tradi</em></strong></span> <span class='ocrx_word' id='word_1_10' title='bbox 1416 434 1650 508; x_wconf 80' lang='lat' dir='ltr'><strong><em>oportet</em></strong></span> <span class='ocrx_word' id='word_1_11' title='bbox 1667 430 1854 508; x_wconf 72' lang='lat' dir='ltr'><strong><em>juxta</em></strong></span> <span class='ocrx_word' id='word_1_12' title='bbox 1880 430 2124 513; x_wconf 86' lang='lat' dir='ltr'><strong><em>singu-.</em></strong></span> 
     </span>
    </p>
   </div>
   <div class='ocr_carea' id='block_1_5' title="bbox 2209 420 3829 518">
    <p class='ocr_par' dir='ltr' id='par_1_5' title="bbox 2209 420 3829 518">
     <span class='ocr_line' id='line_1_5' title="bbox 2209 420 3829 518; baseline 0.005 -28"><span class='ocrx_word' id='word_1_13' title='bbox 2209 420 2259 495; x_wconf 74' lang='grc' dir='ltr'>ι’.</span> <span class='ocrx_word' id='word_1_14' title='bbox 2321 432 2659 513; x_wconf 81' lang='grc' dir='ltr'>Παραινέσεις</span> <span class='ocrx_word' id='word_1_15' title='bbox 2743 434 2806 500; x_wconf 85' lang='grc' dir='ltr'><strong><em>ἃς</em></strong></span> <span class='ocrx_word' id='word_1_16' title='bbox 2894 435 2979 494; x_wconf 80' lang='grc' dir='ltr'><strong><em>δεῖ</em></strong></span> <span class='ocrx_word' id='word_1_17' title='bbox 3059 450 3337 518; x_wconf 77' lang='grc' dir='ltr'><strong><em>παραινεῖν</em></strong></span> <span class='ocrx_word' id='word_1_18' title='bbox 3420 438 3539 497; x_wconf 81' lang='grc' dir='ltr'>καθ’</span> <span class='ocrx_word' id='word_1_19' title='bbox 3620 439 3829 510; x_wconf 75' lang='grc' dir='ltr'>ἡλικίαν</span> 
     </span>
    </p>
   </div>
   <div class='ocr_carea' id='block_1_6' title="bbox 535 522 1025 587">
    <p class='ocr_par' dir='ltr' id='par_1_6' title="bbox 535 522 1025 587">
     <span class='ocr_line' id='line_1_6' title="bbox 535 522 1025 587; baseline 0.002 -2"><span class='ocrx_word' id='word_1_20' title='bbox 535 522 736 586; x_wconf 79' lang='lat' dir='ltr'><strong><em>torum</em></strong></span> <span class='ocrx_word' id='word_1_21' title='bbox 765 527 1025 587; x_wconf 72' lang='lat' dir='ltr'><strong><em>(etatem.</em></strong></span> 
     </span>
    </p>
   </div>
   <div class='ocr_carea' id='block_1_7' title="bbox 2266 524 2532 589">
    <p class='ocr_par' dir='ltr' id='par_1_7' title="bbox 2266 524 2532 589">
     <span class='ocr_line' id='line_1_7' title="bbox 2266 524 2532 589; baseline 0.004 -9"><span class='ocrx_word' id='word_1_22' title='bbox 2266 524 2532 589; x_wconf 80' lang='grc' dir='ltr'>ἑκάστοις.</span> 
     </span>
    </p>
   </div>
   <div class='ocr_carea' id='block_1_8' title="bbox 456 600 2124 698">
    <p class='ocr_par' dir='ltr' id='par_1_8' title="bbox 456 606 2107 691">
     <span class='ocr_line' id='line_1_8' title="bbox 456 606 2107 691; baseline -0.004 -15"><span class='ocrx_word' id='word_1_23' title='bbox 456 612 519 676; x_wconf 89' lang='grc'><strong><em>4.</em></strong></span> <span class='ocrx_word' id='word_1_24' title='bbox 546 612 635 677; x_wconf 90' lang='lat' dir='ltr'><strong><em>De</em></strong></span> <span class='ocrx_word' id='word_1_25' title='bbox 655 619 847 676; x_wconf 80' lang='lat' dir='ltr'><strong><em>servts</em></strong></span> <span class='ocrx_word' id='word_1_26' title='bbox 875 616 943 674; x_wconf 87' lang='lat' dir='ltr'><strong><em>ut</em></strong></span> <span class='ocrx_word' id='word_1_27' title='bbox 986 611 1106 691; x_wconf 85' lang='lat' dir='ltr'><strong><em>ipsi</em></strong></span> <span class='ocrx_word' id='word_1_28' title='bbox 1160 625 1394 690; x_wconf 83' lang='lat' dir='ltr'><strong><em>quoque</em></strong></span> <span class='ocrx_word' id='word_1_29' title='bbox 1445 608 1721 671; x_wconf 75' lang='lat' dir='ltr'><strong><em>decenter</em></strong></span> <span class='ocrx_word' id='word_1_30' title='bbox 1768 607 1846 670; x_wconf 88' lang='lat' dir='ltr'><strong><em>ad</em></strong></span> <span class='ocrx_word' id='word_1_31' title='bbox 1876 606 2107 672; x_wconf 84' lang='lat' dir='ltr'><strong><em>Christi</em></strong></span> 
     </span>
    </p>
   </div>
   <div class='ocr_carea' id='block_1_9' title="bbox 2209 600 3832 698">
    <p class='ocr_par' dir='ltr' id='par_1_9' title="bbox 2209 600 3832 698">
     <span class='ocr_line' id='line_1_9' title="bbox 2209 600 3832 698; baseline 0.007 -34"><span class='ocrx_word' id='word_1_32' title='bbox 2209 600 2255 672; x_wconf 64' lang='lat' dir='ltr'><strong><em>i&#39;.</em></strong></span> <span class='ocrx_word' id='word_1_33' title='bbox 2330 613 2452 692; x_wconf 86' lang='grc' dir='ltr'>Περὶ</span> <span class='ocrx_word' id='word_1_34' title='bbox 2506 609 2726 692; x_wconf 81' lang='grc' dir='ltr'>δούλων,</span> <span class='ocrx_word' id='word_1_35' title='bbox 2781 613 2855 677; x_wconf 81' lang='grc' dir='ltr'>ὡς</span> <span class='ocrx_word' id='word_1_36' title='bbox 2924 610 2988 669; x_wconf 75' lang='grc' dir='ltr'>ἂν</span> <span class='ocrx_word' id='word_1_37' title='bbox 3055 615 3145 672; x_wconf 84' lang='grc' dir='ltr'><strong><em>καὶ</em></strong></span> <span class='ocrx_word' id='word_1_38' title='bbox 3214 614 3362 673; x_wconf 74' lang='grc' dir='ltr'>αὐτοὶ</span> <span class='ocrx_word' id='word_1_39' title='bbox 3430 616 3527 684; x_wconf 75' lang='grc' dir='ltr'><strong><em>τῆς</em></strong></span> <span class='ocrx_word' id='word_1_40' title='bbox 3610 624 3832 698; x_wconf 78' lang='grc' dir='ltr'><strong><em>Χριστοῦ</em></strong></span> 
     </span>
    </p>
   </div>
   <div class='ocr_carea' id='block_1_10' title="bbox 533 701 1122 782">
    <p class='ocr_par' dir='ltr' id='par_1_10' title="bbox 533 701 1122 782">
     <span class='ocr_line' id='line_1_10' title="bbox 533 701 1122 782; baseline 0.002 -22"><span class='ocrx_word' id='word_1_41' title='bbox 533 701 803 782; x_wconf 86' lang='lat' dir='ltr'><strong><em>gratiam</em></strong></span> <span class='ocrx_word' id='word_1_42' title='bbox 830 701 1122 764; x_wconf 84' lang='lat' dir='ltr'><strong><em>serviunt.</em></strong></span> 
     </span>
    </p>
   </div>
   <div class='ocr_carea' id='block_1_11' title="bbox 454 783 2107 868">
    <p class='ocr_par' dir='ltr' id='par_1_11' title="bbox 454 783 2107 868">
     <span class='ocr_line' id='line_1_11' title="bbox 454 783 2107 868; baseline -0.003 -15"><span class='ocrx_word' id='word_1_43' title='bbox 454 790 511 853; x_wconf 84' lang='lat'><strong><em>5.</em></strong></span> <span class='ocrx_word' id='word_1_44' title='bbox 548 789 639 852; x_wconf 87' lang='lat' dir='ltr'><strong><em>De</em></strong></span> <span class='ocrx_word' id='word_1_45' title='bbox 686 788 1024 851; x_wconf 81' lang='lat' dir='ltr'><strong><em>obedientia</em></strong></span> <span class='ocrx_word' id='word_1_46' title='bbox 1051 786 1500 868; x_wconf 84' lang='lat' dir='ltr'><strong><em>principatibus</em></strong></span> <span class='ocrx_word' id='word_1_47' title='bbox 1527 783 1888 866; x_wconf 69' lang='lat' dir='ltr'><strong><em>exhibenda,</em></strong></span> <span class='ocrx_word' id='word_1_48' title='bbox 1920 785 2107 850; x_wconf 84' lang='lat' dir='ltr'><strong><em>veluti</em></strong></span> 
     </span>
    </p>
   </div>
   <div class='ocr_carea' id='block_1_12' title="bbox 530 874 1535 939">
    <p class='ocr_par' dir='ltr' id='par_1_12' title="bbox 530 874 1535 939">
     <span class='ocr_line' id='line_1_12' title="bbox 530 874 1535 939; baseline -0.002 0"><span class='ocrx_word' id='word_1_49' title='bbox 530 877 697 939; x_wconf 89' lang='lat' dir='ltr'><strong><em>decet</em></strong></span> <span class='ocrx_word' id='word_1_50' title='bbox 724 875 956 939; x_wconf 81' lang='lat' dir='ltr'><strong><em>Christi</em></strong></span> <span class='ocrx_word' id='word_1_51' title='bbox 979 874 1535 938; x_wconf 69' lang='lat' dir='ltr'><strong><em>mansuetudinem.</em></strong></span> 
     </span>
    </p>
   </div>
   <div class='ocr_carea' id='block_1_13' title="bbox 2267 699 3013 781">
    <p class='ocr_par' dir='ltr' id='par_1_13' title="bbox 2267 699 3013 781">
     <span class='ocr_line' id='line_1_13' title="bbox 2267 699 3013 781; baseline 0.001 -24"><span class='ocrx_word' id='word_1_52' title='bbox 2267 700 2488 781; x_wconf 82' lang='grc' dir='ltr'>χάριτος</span> <span class='ocrx_word' id='word_1_53' title='bbox 2515 699 2669 767; x_wconf 78' lang='grc' dir='ltr'>ἀξίως</span> <span class='ocrx_word' id='word_1_54' title='bbox 2700 699 3013 765; x_wconf 78' lang='grc' dir='ltr'>δουλεύοιεν,</span> 
     </span>
    </p>
   </div>
   <div class='ocr_carea' id='block_1_14' title="bbox 2188 778 3835 870">
    <p class='ocr_par' dir='ltr' id='par_1_14' title="bbox 2188 778 3835 870">
     <span class='ocr_line' id='line_1_14' title="bbox 2188 778 3835 870; baseline 0.004 -24"><span class='ocrx_word' id='word_1_55' title='bbox 2188 778 2412 868; x_wconf 44' lang='grc' dir='ltr'>ε’ξΠερὶ</span> <span class='ocrx_word' id='word_1_56' title='bbox 2441 788 2718 869; x_wconf 81' lang='grc' dir='ltr'><strong><em>ἀρχόντων</em></strong></span> <span class='ocrx_word' id='word_1_57' title='bbox 2741 791 2979 858; x_wconf 76' lang='grc' dir='ltr'><strong><em>ὑπακοῆς</em></strong></span> <span class='ocrx_word' id='word_1_58' title='bbox 3006 790 3309 870; x_wconf 77' lang='grc' dir='ltr'>πρεπούσης</span> <span class='ocrx_word' id='word_1_59' title='bbox 3352 798 3422 870; x_wconf 75' lang='grc' dir='ltr'><strong><em>τῇ</em></strong></span> <span class='ocrx_word' id='word_1_60' title='bbox 3463 791 3718 870; x_wconf 76' lang='grc' dir='ltr'>ἐπιεικείᾳ</span> <span class='ocrx_word' id='word_1_61' title='bbox 3743 796 3835 853; x_wconf 87' lang='grc' dir='ltr'><strong><em>τοῦ</em></strong></span> 
     </span>
    </p>
   </div>
   <div class='ocr_carea' id='block_1_15' title="bbox 2269 884 2519 957">
    <p class='ocr_par' dir='ltr' id='par_1_15' title="bbox 2269 884 2519 957">
     <span class='ocr_line' id='line_1_15' title="bbox 2269 884 2519 957; baseline 0.016 -22"><span class='ocrx_word' id='word_1_62' title='bbox 2269 884 2519 957; x_wconf 77' lang='grc' dir='ltr'><strong><em>Χριστοῦ.</em></strong></span> 
     </span>
    </p>
   </div>
   <div class='ocr_carea' id='block_1_16' title="bbox 454 955 2124 1052">
    <p class='ocr_par' dir='ltr' id='par_1_16' title="bbox 454 964 2107 1046">
     <span class='ocr_line' id='line_1_16' title="bbox 454 964 2107 1046; baseline 0 -19"><span class='ocrx_word' id='word_1_63' title='bbox 454 966 514 1028; x_wconf 88' lang='lat'><strong><em>6.</em></strong></span> <span class='ocrx_word' id='word_1_64' title='bbox 548 965 1013 1028; x_wconf 85' lang='lat' dir='ltr'><strong><em>Admonitiones</em></strong></span> <span class='ocrx_word' id='word_1_65' title='bbox 1032 964 1105 1027; x_wconf 91' lang='lat' dir='ltr'><strong><em>de</em></strong></span> <span class='ocrx_word' id='word_1_66' title='bbox 1127 964 1507 1028; x_wconf 72' lang='lat' dir='ltr'><strong><em>declinandis</em></strong></span> <span class='ocrx_word' id='word_1_67' title='bbox 1524 964 1954 1045; x_wconf 75' lang='lat' dir='ltr'><strong><em>quwstionibus</em></strong></span> <span class='ocrx_word' id='word_1_68' title='bbox 1970 982 2107 1046; x_wconf 69' lang='lat' dir='ltr'><strong><em>quae</em></strong></span> 
     </span>
    </p>
   </div>
   <div class='ocr_carea' id='block_1_17' title="bbox 2209 955 3835 1052">
    <p class='ocr_par' dir='ltr' id='par_1_17' title="bbox 2209 955 3835 1052">
     <span class='ocr_line' id='line_1_17' title="bbox 2209 955 3835 1052; baseline 0.006 -31"><span class='ocrx_word' id='word_1_69' title='bbox 2209 955 2289 1042; x_wconf 69' lang='grc' dir='ltr'><strong><em>ζ’.</em></strong></span> <span class='ocrx_word' id='word_1_70' title='bbox 2322 955 2329 957; x_wconf 17' lang='grc' dir='ltr'>ξ</span> <span class='ocrx_word' id='word_1_71' title='bbox 2362 960 2718 1046; x_wconf 72' lang='grc' dir='ltr'>Παραινὲσεις</span> <span class='ocrx_word' id='word_1_72' title='bbox 2762 967 2884 1046; x_wconf 80' lang='grc' dir='ltr'>περὶ</span> <span class='ocrx_word' id='word_1_73' title='bbox 2930 988 3021 1025; x_wconf 87' lang='grc' dir='ltr'><strong><em>του</em></strong></span> <span class='ocrx_word' id='word_1_74' title='bbox 3079 965 3334 1025; x_wconf 75' lang='grc' dir='ltr'>ἐκκλίνειν</span> <span class='ocrx_word' id='word_1_75' title='bbox 3372 969 3494 1035; x_wconf 83' lang='grc' dir='ltr'>τοὺς</span> <span class='ocrx_word' id='word_1_76' title='bbox 3550 973 3835 1052; x_wconf 80' lang='grc' dir='ltr'>αἱρετικοὺς</span> 
     </span>
    </p>
   </div>
   <div class='ocr_carea' id='block_1_18' title="bbox 529 1055 1285 1118">
    <p class='ocr_par' dir='ltr' id='par_1_18' title="bbox 529 1055 1285 1118">
     <span class='ocr_line' id='line_1_18' title="bbox 529 1055 1285 1118; baseline -0.001 -2"><span class='ocrx_word' id='word_1_77' title='bbox 529 1055 882 1118; x_wconf 76' lang='lat' dir='ltr'><strong><em>seditionem</em></strong></span> <span class='ocrx_word' id='word_1_78' title='bbox 911 1055 1236 1117; x_wconf 87' lang='lat' dir='ltr'><strong><em>concitent.</em></strong></span> <span class='ocrx_word' id='word_1_79' title='bbox 1282 1066 1285 1071; x_wconf 83' lang='lat'>&#39;</span> 
     </span>
    </p>
   </div>
   <div class='ocr_carea' id='block_1_19' title="bbox 2267 1055 2529 1129">
    <p class='ocr_par' dir='ltr' id='par_1_19' title="bbox 2267 1055 2529 1129">
     <span class='ocr_line' id='line_1_19' title="bbox 2267 1055 2529 1129; baseline -0.019 -5"><span class='ocrx_word' id='word_1_80' title='bbox 2267 1055 2529 1129; x_wconf 81' lang='grc' dir='ltr'>ζητητάς.</span> 
     </span>
    </p>
   </div>
   <div class='ocr_carea' id='block_1_20' title="bbox 1175 1362 3114 1495">
    <p class='ocr_par' dir='ltr' id='par_1_20' title="bbox 1175 1362 3114 1495">
     <span class='ocr_line' id='line_1_20' title="bbox 1175 1362 3114 1495; baseline 0.001 -4"><span class='ocrx_word' id='word_1_81' title='bbox 1175 1362 1892 1491; x_wconf 84' lang='grc' dir='ltr'><strong>ΠΑΥΛΟΥ</strong></span> <span class='ocrx_word' id='word_1_82' title='bbox 2020 1362 3114 1495; x_wconf 86' lang='grc' dir='ltr'><strong>ΑΠΟΣΤΟΛΟΥ</strong></span> 
     </span>
    </p>
   </div>
   <div class='ocr_carea' id='block_1_21' title="bbox 1330 1624 2232 1711">
    <p class='ocr_par' dir='ltr' id='par_1_21' title="bbox 1330 1624 2232 1711">
     <span class='ocr_line' id='line_1_21' title="bbox 1330 1624 2232 1711; baseline 0.002 -3"><span class='ocrx_word' id='word_1_83' title='bbox 1330 1626 1404 1708; x_wconf 93' lang='grc' dir='ltr'>Η</span> <span class='ocrx_word' id='word_1_84' title='bbox 1500 1625 1793 1711; x_wconf 88' lang='grc' dir='ltr'><strong><em>ΠΡΟΣ</em></strong></span> <span class='ocrx_word' id='word_1_85' title='bbox 1892 1624 2232 1711; x_wconf 91' lang='grc' dir='ltr'>ΤΙΤΟΝ</span> 
     </span>
    </p>
   </div>
   <div class='ocr_carea' id='block_1_22' title="bbox 2326 1626 2938 1713">
    <p class='ocr_par' dir='ltr' id='par_1_22' title="bbox 2326 1626 2938 1713">
     <span class='ocr_line' id='line_1_22' title="bbox 2326 1626 2938 1713; baseline -0.002 -2"><span class='ocrx_word' id='word_1_86' title='bbox 2326 1626 2938 1713; x_wconf 84' lang='grc' dir='ltr'><strong><em>ΕΠΙΣΤΟΛΗ.</em></strong></span> 
     </span>
    </p>
   </div>
   <div class='ocr_carea' id='block_1_23' title="bbox 1594 1913 2785 2099">
    <p class='ocr_par' dir='ltr' id='par_1_23' title="bbox 1594 1913 2785 2099">
     <span class='ocr_line' id='line_1_23' title="bbox 1594 1913 2785 2099; baseline 0.004 -5"><span class='ocrx_word' id='word_1_87' title='bbox 1594 1985 2004 2095; x_wconf 89' lang='lat' dir='ltr'><strong>PAULI</strong></span> <span class='ocrx_word' id='word_1_88' title='bbox 2100 1913 2785 2099; x_wconf 17' lang='lat' dir='ltr'><strong><em>.APOSTOLI</em></strong></span> 
     </span>
    </p>
   </div>
   <div class='ocr_carea' id='block_1_24' title="bbox 1227 2232 2069 2329">
    <p class='ocr_par' dir='ltr' id='par_1_24' title="bbox 1227 2232 2069 2329">
     <span class='ocr_line' id='line_1_24' title="bbox 1227 2232 2069 2329; baseline 0 -1"><span class='ocrx_word' id='word_1_89' title='bbox 1227 2235 1412 2329; x_wconf 87' lang='lat' dir='ltr'><strong><em>AD</em></strong></span> <span class='ocrx_word' id='word_1_90' title='bbox 1561 2232 2069 2328; x_wconf 89' lang='lat' dir='ltr'><strong>TITUM</strong></span> 
     </span>
    </p>
   </div>
   <div class='ocr_carea' id='block_1_25' title="bbox 2215 2233 3077 2333">
    <p class='ocr_par' dir='ltr' id='par_1_25' title="bbox 2215 2233 3077 2333">
     <span class='ocr_line' id='line_1_25' title="bbox 2215 2233 3077 2333; baseline 0.008 -7"><span class='ocrx_word' id='word_1_91' title='bbox 2215 2233 3077 2333; x_wconf 84' lang='lat' dir='ltr'><strong><em>EPISTOLA.</em></strong></span> 
     </span>
    </p>
   </div>
   <div class='ocr_carea' id='block_1_26' title="bbox 968 2603 2159 2669">
    <p class='ocr_par' dir='ltr' id='par_1_26' title="bbox 968 2603 2159 2669">
     <span class='ocr_line' id='line_1_26' title="bbox 968 2603 2159 2669; baseline -0.003 -5"><span class='ocrx_word' id='word_1_92' title='bbox 968 2604 1107 2665; x_wconf 73' lang='lat'><strong><em>287</em></strong></span> <span class='ocrx_word' id='word_1_93' title='bbox 1138 2603 1577 2669; x_wconf 62' lang='lat' dir='ltr'><strong><em>PROEMIUM.</em></strong></span> <span class='ocrx_word' id='word_1_94' title='bbox 2123 2613 2159 2661; x_wconf 84' lang='grc' dir='ltr'>Β</span> 
     </span>
    </p>
   </div>
   <div class='ocr_carea' id='block_1_27' title="bbox 485 2695 2115 2778">
    <p class='ocr_par' dir='ltr' id='par_1_27' title="bbox 485 2695 2115 2778">
     <span class='ocr_line' id='line_1_27' title="bbox 485 2695 2115 2778; baseline 0.002 -20"><span class='ocrx_word' id='word_1_95' title='bbox 485 2696 534 2773; x_wconf 89' lang='grc' dir='ltr'><strong><em>Ι,</em></strong></span> <span class='ocrx_word' id='word_1_96' title='bbox 550 2698 569 2760; x_wconf 85' lang='grc'><strong>1</strong></span> <span class='ocrx_word' id='word_1_97' title='bbox 588 2695 2115 2778; x_wconf 71' lang='lat' dir='ltr'><strong><em>-4.PaulusservusDei,apostolusautmlesuChri-</em></strong></span> 
     </span>
    </p>
   </div>
   <div class='ocr_carea' id='block_1_28' title="bbox 462 2786 2118 2867">
    <p class='ocr_par' dir='ltr' id='par_1_28' title="bbox 462 2786 2118 2867">
     <span class='ocr_line' id='line_1_28' title="bbox 462 2786 2118 2867; baseline 0.002 -19"><span class='ocrx_word' id='word_1_98' title='bbox 462 2786 1252 2866; x_wconf 65' lang='lat' dir='ltr'><strong><em>stijuxtaﬁdemelectorum</em></strong></span> <span class='ocrx_word' id='word_1_99' title='bbox 1263 2786 2118 2867; x_wconf 85' lang='lat' dir='ltr'><strong><em>Deietcognitionemveritatis</em></strong></span> 
     </span>
    </p>
   </div>
   <div class='ocr_carea' id='block_1_29' title="bbox 462 2876 2114 2957">
    <p class='ocr_par' dir='ltr' id='par_1_29' title="bbox 462 2876 2114 2957">
     <span class='ocr_line' id='line_1_29' title="bbox 462 2876 2114 2957; baseline 0.001 -19"><span class='ocrx_word' id='word_1_100' title='bbox 462 2876 932 2956; x_wconf 79' lang='lat' dir='ltr'><strong><em>quoesecundum</em></strong></span> <span class='ocrx_word' id='word_1_101' title='bbox 936 2881 1226 2956; x_wconf 81' lang='lat' dir='ltr'><strong><em>pietatem</em></strong></span> <span class='ocrx_word' id='word_1_102' title='bbox 1239 2886 1323 2939; x_wconf 89' lang='lat' dir='ltr'><strong><em>est</em></strong></span> <span class='ocrx_word' id='word_1_103' title='bbox 1335 2877 1398 2938; x_wconf 90' lang='lat' dir='ltr'><strong><em>in</em></strong></span> <span class='ocrx_word' id='word_1_104' title='bbox 1413 2893 1516 2956; x_wconf 85' lang='lat' dir='ltr'><strong><em>spe</em></strong></span> <span class='ocrx_word' id='word_1_105' title='bbox 1528 2876 1589 2938; x_wconf 85' lang='lat' dir='ltr'><strong><em>vi</em></strong></span> <span class='ocrx_word' id='word_1_106' title='bbox 1593 2882 1667 2939; x_wconf 81' lang='lat' dir='ltr'><strong><em>tce</em></strong></span> <span class='ocrx_word' id='word_1_107' title='bbox 1678 2882 1917 2949; x_wconf 59' lang='lat' dir='ltr'><strong><em>a’terne,</em></strong></span> <span class='ocrx_word' id='word_1_108' title='bbox 1928 2894 2114 2957; x_wconf 82' lang='lat' dir='ltr'><strong><em>quam</em></strong></span> 
     </span>
    </p>
   </div>
   <div class='ocr_carea' id='block_1_30' title="bbox 458 2965 2114 3047">
    <p class='ocr_par' dir='ltr' id='par_1_30' title="bbox 458 2965 2114 3047">
     <span class='ocr_line' id='line_1_30' title="bbox 458 2965 2114 3047; baseline 0.001 -20"><span class='ocrx_word' id='word_1_109' title='bbox 458 2966 807 3046; x_wconf 82' lang='lat' dir='ltr'><strong><em>promisitis</em></strong></span> <span class='ocrx_word' id='word_1_110' title='bbox 825 2965 932 3046; x_wconf 78' lang='lat' dir='ltr'><strong><em>qui</em></strong></span> <span class='ocrx_word' id='word_1_111' title='bbox 967 2966 1225 3028; x_wconf 85' lang='lat' dir='ltr'><strong><em>mentiri</em></strong></span> <span class='ocrx_word' id='word_1_112' title='bbox 1262 2970 1453 3028; x_wconf 82' lang='lat' dir='ltr'><strong><em>nescit</em></strong></span> <span class='ocrx_word' id='word_1_113' title='bbox 1478 2965 1641 3027; x_wconf 80' lang='lat' dir='ltr'><strong><em>Deus</em></strong></span> <span class='ocrx_word' id='word_1_114' title='bbox 1669 2973 1810 3028; x_wconf 84' lang='lat' dir='ltr'><strong><em>ante</em></strong></span> <span class='ocrx_word' id='word_1_115' title='bbox 1843 2972 2114 3047; x_wconf 86' lang='lat' dir='ltr'><strong><em>tempora</em></strong></span> 
     </span>
    </p>
   </div>
   <div class='ocr_carea' id='block_1_31' title="bbox 464 3056 2117 3136">
    <p class='ocr_par' dir='ltr' id='par_1_31' title="bbox 464 3056 2117 3136">
     <span class='ocr_line' id='line_1_31' title="bbox 464 3056 2117 3136; baseline 0.001 -17"><span class='ocrx_word' id='word_1_116' title='bbox 464 3057 1129 3136; x_wconf 70' lang='lat' dir='ltr'><strong><em>aeternamanifeslavit</em></strong></span> <span class='ocrx_word' id='word_1_117' title='bbox 1148 3064 1350 3119; x_wconf 84' lang='lat' dir='ltr'><strong><em>autem</em></strong></span> <span class='ocrx_word' id='word_1_118' title='bbox 1361 3056 1734 3136; x_wconf 83' lang='lat' dir='ltr'><strong><em>temporibus</em></strong></span> <span class='ocrx_word' id='word_1_119' title='bbox 1752 3057 2117 3120; x_wconf 86' lang='lat' dir='ltr'><strong><em>suissermo-</em></strong></span> 
     </span>
    </p>
   </div>
   <div class='ocr_carea' id='block_1_32' title="bbox 465 3146 2120 3226">
    <p class='ocr_par' dir='ltr' id='par_1_32' title="bbox 465 3146 2120 3226">
     <span class='ocr_line' id='line_1_32' title="bbox 465 3146 2120 3226; baseline 0.001 -18"><span class='ocrx_word' id='word_1_120' title='bbox 465 3162 601 3208; x_wconf 85' lang='lat' dir='ltr'><strong><em>nem</em></strong></span> <span class='ocrx_word' id='word_1_121' title='bbox 622 3163 801 3208; x_wconf 79' lang='lat' dir='ltr'><strong><em>suum</em></strong></span> <span class='ocrx_word' id='word_1_122' title='bbox 821 3164 928 3226; x_wconf 85' lang='lat' dir='ltr'><strong><em>per</em></strong></span> <span class='ocrx_word' id='word_1_123' title='bbox 942 3146 1451 3226; x_wconf 66' lang='lat' dir='ltr'><strong><em>praedicationem</em></strong></span> <span class='ocrx_word' id='word_1_124' title='bbox 1460 3147 2120 3226; x_wconf 71' lang='lat' dir='ltr'><strong><em>suam,quoecommissa</em></strong></span> 
     </span>
    </p>
   </div>
   <div class='ocr_carea' id='block_1_33' title="bbox 464 3234 2116 3316">
    <p class='ocr_par' dir='ltr' id='par_1_33' title="bbox 464 3234 2116 3316">
     <span class='ocr_line' id='line_1_33' title="bbox 464 3234 2116 3316; baseline 0.001 -18"><span class='ocrx_word' id='word_1_125' title='bbox 464 3234 2116 3316; x_wconf 75' lang='lat' dir='ltr'><strong><em>estmihi,secundumproeceptumSalvatorisnostriDei,</em></strong></span> 
     </span>
    </p>
   </div>
   <div class='ocr_carea' id='block_1_34' title="bbox 471 3323 2115 3406">
    <p class='ocr_par' dir='ltr' id='par_1_34' title="bbox 471 3323 2115 3406">
     <span class='ocr_line' id='line_1_34' title="bbox 471 3323 2115 3406; baseline 0.001 -20"><span class='ocrx_word' id='word_1_126' title='bbox 471 3323 601 3386; x_wconf 83' lang='lat' dir='ltr'><strong><em>Tito</em></strong></span> <span class='ocrx_word' id='word_1_127' title='bbox 618 3340 907 3404; x_wconf 88' lang='lat' dir='ltr'><strong><em>germano</em></strong></span> <span class='ocrx_word' id='word_1_128' title='bbox 927 3324 1242 3406; x_wconf 67' lang='lat' dir='ltr'><strong><em>ﬁliojumta</em></strong></span> <span class='ocrx_word' id='word_1_129' title='bbox 1261 3340 1638 3388; x_wconf 82' lang='lat' dir='ltr'><strong><em>communem</em></strong></span> <span class='ocrx_word' id='word_1_130' title='bbox 1656 3324 1856 3403; x_wconf 83' lang='lat' dir='ltr'><strong><em>ﬁdem,</em></strong></span> <span class='ocrx_word' id='word_1_131' title='bbox 1881 3327 2115 3406; x_wconf 86' lang='lat' dir='ltr'><strong><em>gratia,</em></strong></span> 
     </span>
    </p>
   </div>
   <div class='ocr_carea' id='block_1_35' title="bbox 460 3412 2120 3494">
    <p class='ocr_par' dir='ltr' id='par_1_35' title="bbox 460 3412 2120 3494">
     <span class='ocr_line' id='line_1_35' title="bbox 460 3412 2120 3494; baseline 0.002 -19"><span class='ocrx_word' id='word_1_132' title='bbox 460 3412 917 3489; x_wconf 80' lang='lat' dir='ltr'><strong><em>misericordia,</em></strong></span> <span class='ocrx_word' id='word_1_133' title='bbox 962 3430 1098 3494; x_wconf 78' lang='lat' dir='ltr'><strong><em>pan:</em></strong></span> <span class='ocrx_word' id='word_1_134' title='bbox 1127 3430 1165 3475; x_wconf 92' lang='lat' dir='ltr'><strong><em>a</em></strong></span> <span class='ocrx_word' id='word_1_135' title='bbox 1217 3412 1346 3476; x_wconf 90' lang='lat' dir='ltr'><strong><em>Deo</em></strong></span> <span class='ocrx_word' id='word_1_136' title='bbox 1366 3412 1556 3477; x_wconf 87' lang='lat' dir='ltr'><strong><em>Patre</em></strong></span> <span class='ocrx_word' id='word_1_137' title='bbox 1597 3422 1653 3476; x_wconf 84' lang='lat' dir='ltr'><em>et</em></span> <span class='ocrx_word' id='word_1_138' title='bbox 1678 3412 1934 3476; x_wconf 88' lang='lat' dir='ltr'><strong><em>Domino</em></strong></span> <span class='ocrx_word' id='word_1_139' title='bbox 1973 3413 2120 3477; x_wconf 80' lang='lat' dir='ltr'><strong><em>Jesu</em></strong></span> 
     </span>
    </p>
   </div>
   <div class='ocr_carea' id='block_1_36' title="bbox 466 3501 1328 3567">
    <p class='ocr_par' dir='ltr' id='par_1_36' title="bbox 466 3501 1328 3567">
     <span class='ocr_line' id='line_1_36' title="bbox 466 3501 1328 3567; baseline -0.001 -1"><span class='ocrx_word' id='word_1_140' title='bbox 466 3501 707 3566; x_wconf 80' lang='lat' dir='ltr'><strong><em>Christo</em></strong></span> <span class='ocrx_word' id='word_1_141' title='bbox 738 3501 1065 3567; x_wconf 78' lang='lat' dir='ltr'><strong><em>Saluatore</em></strong></span> <span class='ocrx_word' id='word_1_142' title='bbox 1091 3509 1328 3566; x_wconf 87' lang='lat' dir='ltr'><strong><em>nostro.</em></strong></span> 
     </span>
    </p>
   </div>
   <div class='ocr_carea' id='block_1_37' title="bbox 554 3589 2120 3674">
    <p class='ocr_par' dir='ltr' id='par_1_37' title="bbox 554 3589 2120 3674">
     <span class='ocr_line' id='line_1_37' title="bbox 554 3589 2120 3674; baseline 0.001 -21"><span class='ocrx_word' id='word_1_143' title='bbox 554 3590 731 3655; x_wconf 88' lang='lat' dir='ltr'><strong><em>Nullo</em></strong></span> <span class='ocrx_word' id='word_1_144' title='bbox 753 3591 1102 3654; x_wconf 90' lang='lat' dir='ltr'><strong><em>discrimine</em></strong></span> <span class='ocrx_word' id='word_1_145' title='bbox 1126 3593 1253 3656; x_wconf 59' lang='lat' dir='ltr'><strong><em>haec</em></strong></span> <span class='ocrx_word' id='word_1_146' title='bbox 1270 3589 1601 3674; x_wconf 89' lang='lat' dir='ltr'><strong><em>ponit,a|ibi</em></strong></span> <span class='ocrx_word' id='word_1_147' title='bbox 1627 3590 1864 3672; x_wconf 89' lang='lat' dir='ltr'><strong><em>quidem</em></strong></span> <span class='ocrx_word' id='word_1_148' title='bbox 1888 3609 2120 3655; x_wconf 87' lang='lat' dir='ltr'><strong><em>servum</em></strong></span> 
     </span>
    </p>
   </div>
   <div class='ocr_carea' id='block_1_38' title="bbox 473 3680 2122 3763">
    <p class='ocr_par' dir='ltr' id='par_1_38' title="bbox 473 3680 2122 3763">
     <span class='ocr_line' id='line_1_38' title="bbox 473 3680 2122 3763; baseline -0.001 -19"><span class='ocrx_word' id='word_1_149' title='bbox 473 3680 713 3758; x_wconf 82' lang='lat' dir='ltr'><strong><em>Christi,</em></strong></span> <span class='ocrx_word' id='word_1_150' title='bbox 738 3682 1069 3763; x_wconf 82' lang='lat' dir='ltr'><strong><em>apostolum</em></strong></span> <span class='ocrx_word' id='word_1_151' title='bbox 1092 3690 1285 3745; x_wconf 87' lang='lat' dir='ltr'><strong><em>autem</em></strong></span> <span class='ocrx_word' id='word_1_152' title='bbox 1306 3683 1439 3763; x_wconf 90' lang='lat' dir='ltr'><strong><em>Dei,</em></strong></span> <span class='ocrx_word' id='word_1_153' title='bbox 1472 3699 1628 3743; x_wconf 89' lang='lat' dir='ltr'><strong><em>nunc</em></strong></span> <span class='ocrx_word' id='word_1_154' title='bbox 1647 3699 1786 3743; x_wconf 90' lang='lat' dir='ltr'><strong><em>vero</em></strong></span> <span class='ocrx_word' id='word_1_155' title='bbox 1809 3700 1841 3743; x_wconf 92' lang='lat' dir='ltr'><strong><em>e</em></strong></span> <span class='ocrx_word' id='word_1_156' title='bbox 1866 3680 2122 3747; x_wconf 86' lang='lat' dir='ltr'><strong><em>diverso.</em></strong></span> 
     </span>
    </p>
   </div>
   <div class='ocr_carea' id='block_1_39' title="bbox 477 3768 2127 3852">
    <p class='ocr_par' dir='ltr' id='par_1_39' title="bbox 477 3768 2127 3852">
     <span class='ocr_line' id='line_1_39' title="bbox 477 3768 2127 3852; baseline 0.002 -26"><span class='ocrx_word' id='word_1_157' title='bbox 477 3794 500 3826; x_wconf 80' lang='grc' dir='ltr'><strong><em>ιι</em></strong></span> <span class='ocrx_word' id='word_1_158' title='bbox 535 3768 709 3834; x_wconf 83' lang='lat' dir='ltr'><strong><em>Juxta</em></strong></span> <span class='ocrx_word' id='word_1_159' title='bbox 736 3770 941 3834; x_wconf 93' lang='lat' dir='ltr'><strong><em>ﬁdem.</em></strong></span> <span class='ocrx_word' id='word_1_160' title='bbox 981 3794 1006 3826; x_wconf 70' lang='grc' dir='ltr'><strong>υ</strong></span> <span class='ocrx_word' id='word_1_161' title='bbox 1057 3774 1308 3852; x_wconf 80' lang='lat' dir='ltr'><strong><em>Propter</em></strong></span> <span class='ocrx_word' id='word_1_162' title='bbox 1336 3771 1537 3844; x_wconf 90' lang='lat' dir='ltr'><strong><em>ﬁdem,</em></strong></span> <span class='ocrx_word' id='word_1_163' title='bbox 1570 3769 1683 3831; x_wconf 88' lang='lat' dir='ltr'><strong><em>hoc</em></strong></span> <span class='ocrx_word' id='word_1_164' title='bbox 1727 3776 1843 3843; x_wconf 89' lang='lat' dir='ltr'><strong><em>est,</em></strong></span> <span class='ocrx_word' id='word_1_165' title='bbox 1868 3787 1938 3832; x_wconf 92' lang='lat' dir='ltr'><strong><em>eo</em></strong></span> <span class='ocrx_word' id='word_1_166' title='bbox 1971 3777 2127 3850; x_wconf 86' lang='lat' dir='ltr'><strong><em>quod</em></strong></span> 
     </span>
    </p>
   </div>
   <div class='ocr_carea' id='block_1_40' title="bbox 2804 2613 3214 2668">
    <p class='ocr_par' dir='ltr' id='par_1_40' title="bbox 2804 2613 3214 2668">
     <span class='ocr_line' id='line_1_40' title="bbox 2804 2613 3214 2668; baseline 0.012 -5"><span class='ocrx_word' id='word_1_167' title='bbox 2804 2613 3214 2668; x_wconf 77' lang='grc' dir='ltr'><strong><em>ΠΡΟΟΙΜΙΟΝ.</em></strong></span> 
     </span>
    </p>
   </div>
   <div class='ocr_carea' id='block_1_41' title="bbox 2282 2696 3849 2775">
    <p class='ocr_par' dir='ltr' id='par_1_41' title="bbox 2282 2696 3849 2775">
     <span class='ocr_line' id='line_1_41' title="bbox 2282 2696 3849 2775; baseline 0.001 -22"><span class='ocrx_word' id='word_1_168' title='bbox 2282 2718 2307 2753; x_wconf 71' lang='grc' dir='ltr'><strong><em>ι</em></strong></span> <span class='ocrx_word' id='word_1_169' title='bbox 2395 2696 2598 2765; x_wconf 79' lang='grc' dir='ltr'>Παῦλος</span> <span class='ocrx_word' id='word_1_170' title='bbox 2662 2699 2847 2764; x_wconf 85' lang='grc' dir='ltr'>δοῦλος</span> <span class='ocrx_word' id='word_1_171' title='bbox 2934 2700 3090 2775; x_wconf 84' lang='grc' dir='ltr'>Θεοῦ,</span> <span class='ocrx_word' id='word_1_172' title='bbox 3167 2698 3466 2765; x_wconf 80' lang='grc' dir='ltr'>ἀπόστολος</span> <span class='ocrx_word' id='word_1_173' title='bbox 3548 2698 3604 2756; x_wconf 76' lang='grc' dir='ltr'>δὲ</span> <span class='ocrx_word' id='word_1_174' title='bbox 3675 2697 3849 2767; x_wconf 85' lang='grc' dir='ltr'>Ἰησοῦ</span> 
     </span>
    </p>
   </div>
   <div class='ocr_carea' id='block_1_42' title="bbox 2195 2786 3841 2868">
    <p class='ocr_par' dir='ltr' id='par_1_42' title="bbox 2195 2786 3841 2868">
     <span class='ocr_line' id='line_1_42' title="bbox 2195 2786 3841 2868; baseline 0 -25"><span class='ocrx_word' id='word_1_175' title='bbox 2195 2792 2439 2866; x_wconf 78' lang='grc' dir='ltr'>Χριστοῦ,</span> <span class='ocrx_word' id='word_1_176' title='bbox 2526 2788 2661 2845; x_wconf 86' lang='grc' dir='ltr'><strong><em>κατά</em></strong></span> <span class='ocrx_word' id='word_1_177' title='bbox 2742 2791 2918 2847; x_wconf 90' lang='grc' dir='ltr'>πίστιν</span> <span class='ocrx_word' id='word_1_178' title='bbox 3005 2786 3272 2846; x_wconf 79' lang='grc' dir='ltr'><strong><em>ἐκλεκτῶν</em></strong></span> <span class='ocrx_word' id='word_1_179' title='bbox 3356 2794 3511 2868; x_wconf 86' lang='grc' dir='ltr'>Θεοῦ,</span> <span class='ocrx_word' id='word_1_180' title='bbox 3597 2789 3684 2844; x_wconf 86' lang='grc' dir='ltr'><strong><em>καὶ</em></strong></span> <span class='ocrx_word' id='word_1_181' title='bbox 3740 2787 3841 2845; x_wconf 80' lang='grc' dir='ltr'>ἐπίο</span> 
     </span>
    </p>
   </div>
   <div class='ocr_carea' id='block_1_43' title="bbox 2197 2873 3850 2958">
    <p class='ocr_par' dir='ltr' id='par_1_43' title="bbox 2197 2873 3850 2958">
     <span class='ocr_line' id='line_1_43' title="bbox 2197 2873 3850 2958; baseline 0.001 -28"><span class='ocrx_word' id='word_1_182' title='bbox 2197 2897 2391 2954; x_wconf 91' lang='grc' dir='ltr'>γνωσιν</span> <span class='ocrx_word' id='word_1_183' title='bbox 2455 2873 2703 2943; x_wconf 83' lang='grc' dir='ltr'>ἀληθείας</span> <span class='ocrx_word' id='word_1_184' title='bbox 2788 2901 2887 2947; x_wconf 87' lang='grc' dir='ltr'><strong><em>της</em></strong></span> <span class='ocrx_word' id='word_1_185' title='bbox 2972 2876 3090 2934; x_wconf 88' lang='grc' dir='ltr'>κατ’</span> <span class='ocrx_word' id='word_1_186' title='bbox 3162 2874 3448 2958; x_wconf 73' lang='grc' dir='ltr'>εὗσέϐειαν,</span> <span class='ocrx_word' id='word_1_187' title='bbox 3526 2873 3610 2933; x_wconf 77' lang='grc' dir='ltr'>ἐπ’</span> <span class='ocrx_word' id='word_1_188' title='bbox 3684 2873 3850 2933; x_wconf 77' lang='grc' dir='ltr'>ἐλπίδι</span> 
     </span>
    </p>
   </div>
   <div class='ocr_carea' id='block_1_44' title="bbox 2195 2962 3851 3046">
    <p class='ocr_par' dir='ltr' id='par_1_44' title="bbox 2195 2962 3851 3046">
     <span class='ocr_line' id='line_1_44' title="bbox 2195 2962 3851 3046; baseline 0.001 -28"><span class='ocrx_word' id='word_1_189' title='bbox 2195 2963 2336 3035; x_wconf 83' lang='grc' dir='ltr'>ζωῆς</span> <span class='ocrx_word' id='word_1_190' title='bbox 2414 2964 2647 3037; x_wconf 73' lang='grc' dir='ltr'>αἰωνίου,</span> <span class='ocrx_word' id='word_1_191' title='bbox 2731 2965 2793 3035; x_wconf 66' lang='grc' dir='ltr'>ἢν</span> <span class='ocrx_word' id='word_1_192' title='bbox 2879 2964 3236 3046; x_wconf 69' lang='grc' dir='ltr'>ἐπηγγείλατο</span> <span class='ocrx_word' id='word_1_193' title='bbox 3324 2968 3353 3022; x_wconf 83' lang='grc' dir='ltr'>ὁ</span> <span class='ocrx_word' id='word_1_194' title='bbox 3421 2962 3654 3041; x_wconf 69' lang='grc' dir='ltr'>ἀψευδὴς</span> <span class='ocrx_word' id='word_1_195' title='bbox 3723 2966 3851 3030; x_wconf 82' lang='grc' dir='ltr'><strong><em>Θεὸς</em></strong></span> 
     </span>
    </p>
   </div>
   <div class='ocr_carea' id='block_1_45' title="bbox 2196 3052 3846 3137">
    <p class='ocr_par' dir='ltr' id='par_1_45' title="bbox 2196 3052 3846 3137">
     <span class='ocr_line' id='line_1_45' title="bbox 2196 3052 3846 3137; baseline -0.001 -27"><span class='ocrx_word' id='word_1_196' title='bbox 2196 3056 2298 3131; x_wconf 89' lang='grc' dir='ltr'><strong><em>πρὸ</em></strong></span> <span class='ocrx_word' id='word_1_197' title='bbox 2349 3054 2556 3135; x_wconf 83' lang='grc' dir='ltr'>χρόνων</span> <span class='ocrx_word' id='word_1_198' title='bbox 2616 3055 2862 3136; x_wconf 75' lang='grc' dir='ltr'>αἰωνίων,</span> <span class='ocrx_word' id='word_1_199' title='bbox 2920 3055 3213 3137; x_wconf 76' lang='grc' dir='ltr'>ἐφανέρωσε</span> <span class='ocrx_word' id='word_1_200' title='bbox 3289 3052 3344 3111; x_wconf 72' lang='grc' dir='ltr'>δὲ</span> <span class='ocrx_word' id='word_1_201' title='bbox 3416 3068 3625 3135; x_wconf 68' lang='grc' dir='ltr'>καιροῖς</span> <span class='ocrx_word' id='word_1_202' title='bbox 3698 3053 3846 3118; x_wconf 79' lang='grc' dir='ltr'>ἰδίοις</span> 
     </span>
    </p>
   </div>
   <div class='ocr_carea' id='block_1_46' title="bbox 2199 3142 3845 3225">
    <p class='ocr_par' dir='ltr' id='par_1_46' title="bbox 2199 3142 3845 3225">
     <span class='ocr_line' id='line_1_46' title="bbox 2199 3142 3845 3225; baseline -0.001 -26"><span class='ocrx_word' id='word_1_203' title='bbox 2199 3144 2290 3199; x_wconf 87' lang='grc' dir='ltr'><strong><em>τὸν</em></strong></span> <span class='ocrx_word' id='word_1_204' title='bbox 2374 3142 2533 3222; x_wconf 90' lang='grc' dir='ltr'>λόγον</span> <span class='ocrx_word' id='word_1_205' title='bbox 2616 3146 2772 3202; x_wconf 77' lang='grc' dir='ltr'>αὐτοῦ</span> <span class='ocrx_word' id='word_1_206' title='bbox 2853 3144 2908 3201; x_wconf 83' lang='grc' dir='ltr'><strong><em>ἐν</em></strong></span> <span class='ocrx_word' id='word_1_207' title='bbox 2990 3146 3311 3225; x_wconf 78' lang='grc' dir='ltr'>κηρύγματι,</span> <span class='ocrx_word' id='word_1_208' title='bbox 3404 3147 3450 3219; x_wconf 82' lang='grc' dir='ltr'>ᾧ</span> <span class='ocrx_word' id='word_1_209' title='bbox 3531 3142 3845 3209; x_wconf 75' lang='grc' dir='ltr'>ἐπιστεύθην</span> 
     </span>
    </p>
   </div>
   <div class='ocr_carea' id='block_1_47' title="bbox 2200 3230 3846 3314">
    <p class='ocr_par' dir='ltr' id='par_1_47' title="bbox 2200 3230 3846 3314">
     <span class='ocr_line' id='line_1_47' title="bbox 2200 3230 3846 3314; baseline -0.002 -26"><span class='ocrx_word' id='word_1_210' title='bbox 2200 3231 2306 3312; x_wconf 81' lang='grc' dir='ltr'><strong><em>ἐγὼ</em></strong></span> <span class='ocrx_word' id='word_1_211' title='bbox 2332 3230 2450 3290; x_wconf 81' lang='grc' dir='ltr'>κατ’</span> <span class='ocrx_word' id='word_1_212' title='bbox 2479 3233 2736 3314; x_wconf 79' lang='grc' dir='ltr'>ἐπιταγὴν</span> <span class='ocrx_word' id='word_1_213' title='bbox 2764 3241 2856 3291; x_wconf 87' lang='grc' dir='ltr'><strong><em>τοῦ</em></strong></span> <span class='ocrx_word' id='word_1_214' title='bbox 2884 3239 3135 3313; x_wconf 81' lang='grc' dir='ltr'>Σωτῆρος</span> <span class='ocrx_word' id='word_1_215' title='bbox 3164 3235 3318 3310; x_wconf 75' lang='grc' dir='ltr'>ἡμῶν</span> <span class='ocrx_word' id='word_1_216' title='bbox 3351 3238 3500 3307; x_wconf 74' lang='grc' dir='ltr'>Θεοῦ,</span> <span class='ocrx_word' id='word_1_217' title='bbox 3540 3232 3676 3306; x_wconf 82' lang='grc' dir='ltr'>Τίτῳ</span> <span class='ocrx_word' id='word_1_218' title='bbox 3705 3253 3846 3308; x_wconf 83' lang='grc' dir='ltr'>γνη-</span> 
     </span>
    </p>
   </div>
   <div class='ocr_carea' id='block_1_48' title="bbox 2200 3319 3848 3404">
    <p class='ocr_par' dir='ltr' id='par_1_48' title="bbox 2200 3319 3848 3404">
     <span class='ocr_line' id='line_1_48' title="bbox 2200 3319 3848 3404; baseline -0.001 -27"><span class='ocrx_word' id='word_1_219' title='bbox 2200 3323 2297 3395; x_wconf 85' lang='grc' dir='ltr'><strong><em>σίῳ</em></strong></span> <span class='ocrx_word' id='word_1_220' title='bbox 2324 3321 2491 3396; x_wconf 75' lang='grc' dir='ltr'>τέκνῳ</span> <span class='ocrx_word' id='word_1_221' title='bbox 2514 3323 2655 3391; x_wconf 50' lang='lat' dir='ltr'><strong><em>gena</em></strong></span> <span class='ocrx_word' id='word_1_222' title='bbox 2682 3324 2865 3392; x_wconf 79' lang='grc' dir='ltr'>κοινὴν</span> <span class='ocrx_word' id='word_1_223' title='bbox 2887 3322 3084 3381; x_wconf 89' lang='grc' dir='ltr'>πίστιν·</span> <span class='ocrx_word' id='word_1_224' title='bbox 3118 3322 3303 3404; x_wconf 83' lang='grc' dir='ltr'>χάρις,</span> <span class='ocrx_word' id='word_1_225' title='bbox 3325 3319 3497 3396; x_wconf 63' lang='grc' dir='ltr'>ἔλεος,</span> <span class='ocrx_word' id='word_1_226' title='bbox 3528 3321 3710 3400; x_wconf 77' lang='grc' dir='ltr'>εἰρήνη</span> <span class='ocrx_word' id='word_1_227' title='bbox 3740 3319 3848 3375; x_wconf 89' lang='grc' dir='ltr'><strong><em>ἀπὸ</em></strong></span> 
     </span>
    </p>
   </div>
   <div class='ocr_carea' id='block_1_49' title="bbox 2202 3409 3847 3493">
    <p class='ocr_par' dir='ltr' id='par_1_49' title="bbox 2202 3409 3847 3493">
     <span class='ocr_line' id='line_1_49' title="bbox 2202 3409 3847 3493; baseline 0.003 -26"><span class='ocrx_word' id='word_1_228' title='bbox 2202 3418 2332 3470; x_wconf 89' lang='grc' dir='ltr'>Θεοῦ</span> <span class='ocrx_word' id='word_1_229' title='bbox 2361 3413 2561 3489; x_wconf 88' lang='grc' dir='ltr'>Πατρὸς</span> <span class='ocrx_word' id='word_1_230' title='bbox 2603 3414 2692 3469; x_wconf 83' lang='grc' dir='ltr'>καὶ</span> <span class='ocrx_word' id='word_1_231' title='bbox 2720 3414 2906 3492; x_wconf 79' lang='grc' dir='ltr'>Κυρίου</span> <span class='ocrx_word' id='word_1_232' title='bbox 2945 3409 3122 3481; x_wconf 84' lang='grc' dir='ltr'>Ἰησοῦ</span> <span class='ocrx_word' id='word_1_233' title='bbox 3178 3417 3402 3493; x_wconf 71' lang='grc' dir='ltr'>Χριστοῦ</span> <span class='ocrx_word' id='word_1_234' title='bbox 3455 3418 3543 3470; x_wconf 84' lang='grc' dir='ltr'><strong><em>τοῦ</em></strong></span> <span class='ocrx_word' id='word_1_235' title='bbox 3597 3414 3847 3489; x_wconf 69' lang='grc' dir='ltr'>Σωτῆρςς</span> 
     </span>
    </p>
   </div>
   <div class='ocr_carea' id='block_1_50' title="bbox 2199 3501 2441 3577">
    <p class='ocr_par' dir='ltr' id='par_1_50' title="bbox 2199 3501 2441 3577">
     <span class='ocr_line' id='line_1_50' title="bbox 2199 3501 2441 3577; baseline 0.004 -22"><span class='ocrx_word' id='word_1_236' title='bbox 2199 3501 2375 3577; x_wconf 79' lang='grc' dir='ltr'>ἡμῶν,</span> <span class='ocrx_word' id='word_1_237' title='bbox 2412 3523 2441 3556; x_wconf 64' lang='grc' dir='ltr'><strong><em>ι</em></strong></span> 
     </span>
    </p>
   </div>
   <div class='ocr_carea' id='block_1_51' title="bbox 2192 3584 3850 3672">
    <p class='ocr_par' dir='ltr' id='par_1_51' title="bbox 2192 3584 3850 3672">
     <span class='ocr_line' id='line_1_51' title="bbox 2192 3584 3850 3672; baseline 0.005 -37"><span class='ocrx_word' id='word_1_238' title='bbox 2192 3624 2215 3635; x_wconf 82' lang='grc'><strong><em>..</em></strong></span> <span class='ocrx_word' id='word_1_239' title='bbox 2287 3587 2611 3672; x_wconf 78' lang='grc' dir='ltr'>Ἀδιαφόρως</span> <span class='ocrx_word' id='word_1_240' title='bbox 2663 3599 2826 3650; x_wconf 78' lang='grc' dir='ltr'>ταῦτα</span> <span class='ocrx_word' id='word_1_241' title='bbox 2896 3590 3092 3670; x_wconf 88' lang='grc' dir='ltr'>τίθησι,</span> <span class='ocrx_word' id='word_1_242' title='bbox 3153 3587 3284 3646; x_wconf 76' lang='grc' dir='ltr'>ποτὶ</span> <span class='ocrx_word' id='word_1_243' title='bbox 3350 3584 3534 3646; x_wconf 84' lang='grc' dir='ltr'>δοῦλον</span> <span class='ocrx_word' id='word_1_244' title='bbox 3601 3593 3850 3666; x_wconf 86' lang='grc' dir='ltr'>Χριστοῦ,</span> 
     </span>
    </p>
   </div>
   <div class='ocr_carea' id='block_1_52' title="bbox 2207 3675 3853 3759">
    <p class='ocr_par' dir='ltr' id='par_1_52' title="bbox 2207 3675 3853 3759">
     <span class='ocr_line' id='line_1_52' title="bbox 2207 3675 3853 3759; baseline -0.002 -25"><span class='ocrx_word' id='word_1_245' title='bbox 2207 3678 2503 3738; x_wconf 81' lang='grc' dir='ltr'>ἀπόστολον</span> <span class='ocrx_word' id='word_1_246' title='bbox 2558 3678 2613 3736; x_wconf 78' lang='grc' dir='ltr'>δὲ</span> <span class='ocrx_word' id='word_1_247' title='bbox 2668 3687 2821 3759; x_wconf 90' lang='grc' dir='ltr'>Θεοῦ,</span> <span class='ocrx_word' id='word_1_248' title='bbox 2893 3685 2981 3735; x_wconf 89' lang='grc' dir='ltr'><strong><em>νῦν</em></strong></span> <span class='ocrx_word' id='word_1_249' title='bbox 3035 3677 3090 3735; x_wconf 76' lang='grc' dir='ltr'>δὲ</span> <span class='ocrx_word' id='word_1_250' title='bbox 3149 3679 3210 3734; x_wconf 90' lang='grc' dir='ltr'><strong><em>τὸ</em></strong></span> <span class='ocrx_word' id='word_1_251' title='bbox 3270 3675 3554 3740; x_wconf 83' lang='grc' dir='ltr'>ἀνάπαλιν,</span> <span class='ocrx_word' id='word_1_252' title='bbox 3619 3698 3648 3731; x_wconf 71' lang='grc' dir='ltr'><strong><em>α</em></strong></span> <span class='ocrx_word' id='word_1_253' title='bbox 3704 3677 3853 3734; x_wconf 79' lang='grc' dir='ltr'>Κατά</span> 
     </span>
    </p>
   </div>
   <div class='ocr_carea' id='block_1_53' title="bbox 2209 3763 3855 3847">
    <p class='ocr_par' dir='ltr' id='par_1_53' title="bbox 2209 3763 3855 3847">
     <span class='ocr_line' id='line_1_53' title="bbox 2209 3763 3855 3847; baseline -0.004 -22"><span class='ocrx_word' id='word_1_254' title='bbox 2209 3768 2406 3827; x_wconf 87' lang='grc' dir='ltr'>πίστιν.</span> <span class='ocrx_word' id='word_1_255' title='bbox 2459 3790 2482 3825; x_wconf 72' lang='grc' dir='ltr'><strong><em>ι</em></strong></span> <span class='ocrx_word' id='word_1_256' title='bbox 2548 3768 2644 3824; x_wconf 87' lang='grc' dir='ltr'>Διά</span> <span class='ocrx_word' id='word_1_257' title='bbox 2685 3769 2885 3847; x_wconf 82' lang='grc' dir='ltr'>πίστιν,</span> <span class='ocrx_word' id='word_1_258' title='bbox 2939 3766 3203 3841; x_wconf 79' lang='grc' dir='ltr'>τουτέστι,</span> <span class='ocrx_word' id='word_1_259' title='bbox 3260 3763 3343 3827; x_wconf 82' lang='grc' dir='ltr'><strong><em>διὰ</em></strong></span> <span class='ocrx_word' id='word_1_260' title='bbox 3394 3767 3455 3823; x_wconf 87' lang='grc' dir='ltr'><strong><em>τὸ</em></strong></span> <span class='ocrx_word' id='word_1_261' title='bbox 3500 3764 3855 3832; x_wconf 83' lang='grc' dir='ltr'>πιστευθῆναί</span> 
     </span>
    </p>
   </div>
   <div class='ocr_carea' id='block_1_54' title="bbox 472 3852 2124 3961">
    <p class='ocr_par' dir='ltr' id='par_1_54' title="bbox 472 3857 2124 3961">
     <span class='ocr_line' id='line_1_54' title="bbox 472 3857 2124 3961; baseline 0 -41"><span class='ocrx_word' id='word_1_262' title='bbox 472 3857 806 3920; x_wconf 89' lang='lat' dir='ltr'><strong><em>concrediti</em></strong></span> <span class='ocrx_word' id='word_1_263' title='bbox 827 3858 1102 3961; x_wconf 77' lang='lat' dir='ltr'><strong><em>sintmihi</em></strong></span> <span class='ocrx_word' id='word_1_264' title='bbox 1119 3859 1294 3922; x_wconf 85' lang='lat' dir='ltr'><strong><em>electi</em></strong></span> <span class='ocrx_word' id='word_1_265' title='bbox 1319 3859 1425 3922; x_wconf 92' lang='lat' dir='ltr'><strong><em>Dei</em></strong></span> <span class='ocrx_word' id='word_1_266' title='bbox 1444 3867 1621 3961; x_wconf 71' lang='lat' dir='ltr'><strong><em>nteos</em></strong></span> <span class='ocrx_word' id='word_1_267' title='bbox 1645 3857 1923 3961; x_wconf 74' lang='lat' dir='ltr'><strong><em>docerem</em></strong></span> <span class='ocrx_word' id='word_1_268' title='bbox 1943 3858 2124 3920; x_wconf 80' lang='lat' dir='ltr'><strong><em>factus</em></strong></span> 
     </span>
    </p>
   </div>
   <div class='ocr_carea' id='block_1_55' title="bbox 2209 3852 3851 3961">
    <p class='ocr_par' dir='ltr' id='par_1_55' title="bbox 2212 3852 3851 3961">
     <span class='ocr_line' id='line_1_55' title="bbox 2212 3852 3851 3953; baseline -0.003 -40"><span class='ocrx_word' id='word_1_269' title='bbox 2212 3880 2302 3934; x_wconf 83' lang='grc' dir='ltr'><strong><em>μοι</em></strong></span> <span class='ocrx_word' id='word_1_270' title='bbox 2346 3857 2466 3921; x_wconf 79' lang='grc' dir='ltr'>τοὺς</span> <span class='ocrx_word' id='word_1_271' title='bbox 2512 3856 2789 3921; x_wconf 78' lang='grc' dir='ltr'>ἐκλεκτοὺς</span> <span class='ocrx_word' id='word_1_272' title='bbox 2818 3864 2910 3953; x_wconf 54' lang='grc' dir='ltr'><strong><em>τοῦ</em></strong></span> <span class='ocrx_word' id='word_1_273' title='bbox 2951 3862 3081 3913; x_wconf 89' lang='grc' dir='ltr'>Θεοῦ</span> <span class='ocrx_word' id='word_1_274' title='bbox 3127 3857 3258 3935; x_wconf 90' lang='grc' dir='ltr'>πρὸς</span> <span class='ocrx_word' id='word_1_275' title='bbox 3311 3856 3374 3911; x_wconf 92' lang='grc' dir='ltr'><strong><em>τὸ</em></strong></span> <span class='ocrx_word' id='word_1_276' title='bbox 3416 3852 3612 3920; x_wconf 78' lang='grc' dir='ltr'>διδάξαι</span> <span class='ocrx_word' id='word_1_277' title='bbox 3668 3852 3851 3933; x_wconf 86' lang='grc' dir='ltr'>ἐγενό-</span> 
     </span>
     <span class='ocr_line' id='line_1_56' title="bbox 2367 3941 3810 3961; baseline 0 0"><span class='ocrx_word' id='word_1_278' title='bbox 2367 3946 2382 3961; x_wconf 83' lang='lat'><strong><em>.</em></strong></span> <span class='ocrx_word' id='word_1_279' title='bbox 2452 3946 2463 3961; x_wconf 93' lang='lat'><strong><em>.</em></strong></span> <span class='ocrx_word' id='word_1_280' title='bbox 2562 3945 2581 3961; x_wconf 56' lang='grc' dir='ltr'>η</span> <span class='ocrx_word' id='word_1_281' title='bbox 2839 3953 2881 3961; x_wconf 88' lang='grc'><strong><em>--</em></strong></span> <span class='ocrx_word' id='word_1_282' title='bbox 2945 3944 2972 3961; x_wconf 75' lang='grc' dir='ltr'><em>η</em></span> <span class='ocrx_word' id='word_1_283' title='bbox 3115 3959 3124 3961; x_wconf 76' lang='lat'><strong><em>_</em></strong></span> <span class='ocrx_word' id='word_1_284' title='bbox 3191 3944 3234 3961; x_wconf 84' lang='lat'><strong><em>..</em></strong></span> <span class='ocrx_word' id='word_1_285' title='bbox 3313 3943 3324 3961; x_wconf 86' lang='lat'><strong><em>.</em></strong></span> <span class='ocrx_word' id='word_1_286' title='bbox 3422 3941 3443 3961; x_wconf 56' lang='grc' dir='ltr'><strong>κ</strong></span> <span class='ocrx_word' id='word_1_287' title='bbox 3473 3944 3485 3961; x_wconf 87' lang='grc'><strong><em>,</em></strong></span> <span class='ocrx_word' id='word_1_288' title='bbox 3586 3944 3602 3961; x_wconf 68' lang='grc' dir='ltr'><strong>ς</strong></span> <span class='ocrx_word' id='word_1_289' title='bbox 3797 3943 3810 3961; x_wconf 63' lang='grc' dir='ltr'><strong>ς</strong></span> 
     </span>
    </p>
   </div>
   <div class='ocr_carea' id='block_1_56' title="bbox 473 3941 2124 4027">
    <p class='ocr_par' dir='ltr' id='par_1_56' title="bbox 473 3947 2124 4027">
     <span class='ocr_line' id='line_1_57' title="bbox 473 3947 2124 4027; baseline 0 -18"><span class='ocrx_word' id='word_1_290' title='bbox 473 3964 605 4010; x_wconf 87' lang='lat' dir='ltr'><strong><em>sum</em></strong></span> <span class='ocrx_word' id='word_1_291' title='bbox 627 3947 1033 4027; x_wconf 90' lang='lat' dir='ltr'><strong><em>apostolus.-—</em></strong></span> <span class='ocrx_word' id='word_1_292' title='bbox 1054 3951 1101 4009; x_wconf 83' lang='lat' dir='ltr'><strong><em>A</em></strong></span> <span class='ocrx_word' id='word_1_293' title='bbox 1114 3956 1181 4010; x_wconf 87' lang='lat' dir='ltr'><strong><em>ut</em></strong></span> <span class='ocrx_word' id='word_1_294' title='bbox 1204 3949 1312 4013; x_wconf 85' lang='lat' dir='ltr'><strong><em>hoc</em></strong></span> <span class='ocrx_word' id='word_1_295' title='bbox 1329 3948 1502 4011; x_wconf 91' lang='lat' dir='ltr'><strong><em>modo</em></strong></span> <span class='ocrx_word' id='word_1_296' title='bbox 1529 3966 1544 4011; x_wconf 87' lang='lat'>:</span> <span class='ocrx_word' id='word_1_297' title='bbox 1570 3947 1895 4027; x_wconf 88' lang='lat' dir='ltr'><strong><em>Apostolus</em></strong></span> <span class='ocrx_word' id='word_1_298' title='bbox 1911 3966 2042 4009; x_wconf 90' lang='lat' dir='ltr'><strong><em>sum</em></strong></span> <span class='ocrx_word' id='word_1_299' title='bbox 2065 3955 2124 4010; x_wconf 89' lang='lat' dir='ltr'><strong><em>ut</em></strong></span> 
     </span>
    </p>
   </div>
   <div class='ocr_carea' id='block_1_57' title="bbox 2209 3941 3852 4027">
    <p class='ocr_par' dir='ltr' id='par_1_57' title="bbox 2212 3941 3852 4024">
     <span class='ocr_line' id='line_1_58' title="bbox 2212 3941 3852 4024; baseline -0.004 -20"><span class='ocrx_word' id='word_1_300' title='bbox 2212 3970 2318 4024; x_wconf 84' lang='grc' dir='ltr'><strong><em>μην</em></strong></span> <span class='ocrx_word' id='word_1_301' title='bbox 2358 3945 2679 4011; x_wconf 83' lang='grc' dir='ltr'>ἀπόστολος,</span> <span class='ocrx_word' id='word_1_302' title='bbox 2709 3979 2788 3991; x_wconf 91' lang='lat'><strong>—</strong></span> <span class='ocrx_word' id='word_1_303' title='bbox 2826 3941 2883 4002; x_wconf 75' lang='grc' dir='ltr'><strong>Ἠ</strong></span> <span class='ocrx_word' id='word_1_304' title='bbox 2914 3944 3079 4008; x_wconf 75' lang='grc' dir='ltr'>οὕτως</span> <span class='ocrx_word' id='word_1_305' title='bbox 3112 3959 3127 3976; x_wconf 89' lang='grc'>⁶</span> <span class='ocrx_word' id='word_1_306' title='bbox 3191 3941 3514 4009; x_wconf 81' lang='grc' dir='ltr'>Ἀπόστολός</span> <span class='ocrx_word' id='word_1_307' title='bbox 3561 3944 3667 4019; x_wconf 86' lang='grc' dir='ltr'>ε’ίμι</span> <span class='ocrx_word' id='word_1_308' title='bbox 3722 3943 3852 4020; x_wconf 87' lang='grc' dir='ltr'>πρὸς</span> 
     </span>
    </p>
   </div>
   <div class='ocr_carea' id='block_1_58' title="bbox 473 4036 2126 4120">
    <p class='ocr_par' dir='ltr' id='par_1_58' title="bbox 473 4036 2126 4120">
     <span class='ocr_line' id='line_1_59' title="bbox 473 4036 2126 4120; baseline 0.001 -22"><span class='ocrx_word' id='word_1_309' title='bbox 473 4036 722 4099; x_wconf 83' lang='lat' dir='ltr'><strong><em>credant</em></strong></span> <span class='ocrx_word' id='word_1_310' title='bbox 775 4036 950 4100; x_wconf 88' lang='lat' dir='ltr'><strong><em>electi</em></strong></span> <span class='ocrx_word' id='word_1_311' title='bbox 994 4055 1102 4119; x_wconf 88' lang='lat' dir='ltr'><strong><em>por</em></strong></span> <span class='ocrx_word' id='word_1_312' title='bbox 1154 4056 1274 4120; x_wconf 89' lang='lat' dir='ltr'><strong><em>me,</em></strong></span> <span class='ocrx_word' id='word_1_313' title='bbox 1309 4045 1367 4100; x_wconf 90' lang='lat' dir='ltr'><strong><em>et</em></strong></span> <span class='ocrx_word' id='word_1_314' title='bbox 1416 4045 1779 4118; x_wconf 82' lang='lat' dir='ltr'><strong><em>cognoscant</em></strong></span> <span class='ocrx_word' id='word_1_315' title='bbox 1821 4041 2126 4101; x_wconf 81' lang='lat' dir='ltr'><strong><em>veritatem</em></strong></span> 
     </span>
    </p>
   </div>
   <div class='ocr_carea' id='block_1_59' title="bbox 473 4124 2121 4207">
    <p class='ocr_par' dir='ltr' id='par_1_59' title="bbox 473 4124 2121 4207">
     <span class='ocr_line' id='line_1_60' title="bbox 473 4124 2121 4207; baseline 0.002 -21"><span class='ocrx_word' id='word_1_316' title='bbox 473 4124 711 4206; x_wconf 84' lang='lat' dir='ltr'><strong><em>pietatis</em></strong></span> <span class='ocrx_word' id='word_1_317' title='bbox 735 4143 949 4207; x_wconf 86' lang='lat' dir='ltr'><strong><em>nempe</em></strong></span> <span class='ocrx_word' id='word_1_318' title='bbox 1001 4127 1327 4190; x_wconf 86' lang='lat' dir='ltr'><strong><em>Christum.</em></strong></span> <span class='ocrx_word' id='word_1_319' title='bbox 1392 4125 1495 4189; x_wconf 90' lang='lat' dir='ltr'><strong><em>Vel</em></strong></span> <span class='ocrx_word' id='word_1_320' title='bbox 1554 4128 1664 4190; x_wconf 90' lang='lat' dir='ltr'><strong><em>isto</em></strong></span> <span class='ocrx_word' id='word_1_321' title='bbox 1694 4127 1871 4188; x_wconf 90' lang='lat' dir='ltr'><strong><em>etiam</em></strong></span> <span class='ocrx_word' id='word_1_322' title='bbox 1906 4127 2121 4190; x_wconf 90' lang='lat' dir='ltr'><strong><em>modo:</em></strong></span> 
     </span>
    </p>
   </div>
   <div class='ocr_carea' id='block_1_60' title="bbox 474 4213 2122 4296">
    <p class='ocr_par' dir='ltr' id='par_1_60' title="bbox 474 4213 2122 4296">
     <span class='ocr_line' id='line_1_61' title="bbox 474 4213 2122 4296; baseline 0.001 -20"><span class='ocrx_word' id='word_1_323' title='bbox 474 4213 644 4288; x_wconf 88' lang='lat' dir='ltr'><strong><em>Quod</em></strong></span> <span class='ocrx_word' id='word_1_324' title='bbox 675 4213 791 4276; x_wconf 91' lang='lat' dir='ltr'><strong><em>sim</em></strong></span> <span class='ocrx_word' id='word_1_325' title='bbox 820 4216 1123 4296; x_wconf 85' lang='lat' dir='ltr'><strong><em>apostolus</em></strong></span> <span class='ocrx_word' id='word_1_326' title='bbox 1171 4223 1229 4278; x_wconf 91' lang='lat' dir='ltr'><strong><em>et</em></strong></span> <span class='ocrx_word' id='word_1_327' title='bbox 1287 4215 1497 4278; x_wconf 89' lang='lat' dir='ltr'><strong><em>crediti</em></strong></span> <span class='ocrx_word' id='word_1_328' title='bbox 1547 4216 1668 4277; x_wconf 84' lang='lat' dir='ltr'><strong><em>sint</em></strong></span> <span class='ocrx_word' id='word_1_329' title='bbox 1726 4215 1872 4277; x_wconf 89' lang='lat' dir='ltr'><strong><em>mihi</em></strong></span> <span class='ocrx_word' id='word_1_330' title='bbox 1928 4216 2122 4284; x_wconf 78' lang='lat' dir='ltr'><strong><em>electi,</em></strong></span> 
     </span>
    </p>
   </div>
   <div class='ocr_carea' id='block_1_61' title="bbox 477 4303 2123 4385">
    <p class='ocr_par' dir='ltr' id='par_1_61' title="bbox 477 4303 2123 4385">
     <span class='ocr_line' id='line_1_62' title="bbox 477 4303 2123 4385; baseline 0.001 -22"><span class='ocrx_word' id='word_1_331' title='bbox 477 4311 639 4364; x_wconf 63' lang='lat'><strong><em>.88</em></strong></span> <span class='ocrx_word' id='word_1_332' title='bbox 674 4319 793 4365; x_wconf 89' lang='lat' dir='ltr'><strong><em>non</em></strong></span> <span class='ocrx_word' id='word_1_333' title='bbox 841 4309 1108 4384; x_wconf 88' lang='lat' dir='ltr'><strong><em>utunque</em></strong></span> <span class='ocrx_word' id='word_1_334' title='bbox 1165 4303 1313 4366; x_wconf 90' lang='lat' dir='ltr'><strong><em>mihi</em></strong></span> <span class='ocrx_word' id='word_1_335' title='bbox 1364 4304 1627 4383; x_wconf 85' lang='lat' dir='ltr'><strong><em>contigit,</em></strong></span> <span class='ocrx_word' id='word_1_336' title='bbox 1681 4303 1785 4365; x_wconf 89' lang='lat' dir='ltr'><strong><em>sed</em></strong></span> <span class='ocrx_word' id='word_1_337' title='bbox 1846 4304 2123 4385; x_wconf 91' lang='lat' dir='ltr'><strong><em>quoniam</em></strong></span> 
     </span>
    </p>
   </div>
   <div class='ocr_carea' id='block_1_62' title="bbox 475 4390 2129 4473">
    <p class='ocr_par' dir='ltr' id='par_1_62' title="bbox 475 4390 2129 4473">
     <span class='ocr_line' id='line_1_63' title="bbox 475 4390 2129 4473; baseline 0.003 -19"><span class='ocrx_word' id='word_1_338' title='bbox 475 4392 723 4473; x_wconf 81' lang='lat' dir='ltr'><strong><em>cognovi</em></strong></span> <span class='ocrx_word' id='word_1_339' title='bbox 752 4390 1057 4455; x_wconf 84' lang='lat' dir='ltr'><strong><em>veritatem</em></strong></span> <span class='ocrx_word' id='word_1_340' title='bbox 1106 4393 1361 4473; x_wconf 85' lang='lat' dir='ltr'><strong><em>pietatis.</em></strong></span> <span class='ocrx_word' id='word_1_341' title='bbox 1419 4392 1561 4466; x_wconf 83' lang='lat' dir='ltr'><strong><em>Quae</em></strong></span> <span class='ocrx_word' id='word_1_342' title='bbox 1602 4400 1693 4455; x_wconf 87' lang='lat' dir='ltr'><strong><em>est</em></strong></span> <span class='ocrx_word' id='word_1_343' title='bbox 1743 4400 1940 4454; x_wconf 87' lang='lat' dir='ltr'><strong><em>autem</em></strong></span> <span class='ocrx_word' id='word_1_344' title='bbox 1998 4393 2129 4458; x_wconf 65' lang='lat' dir='ltr'><strong><em>haec</em></strong></span> 
     </span>
    </p>
   </div>
   <div class='ocr_carea' id='block_1_63' title="bbox 475 4479 2130 4545">
    <p class='ocr_par' dir='ltr' id='par_1_63' title="bbox 475 4479 2130 4545">
     <span class='ocr_line' id='line_1_64' title="bbox 475 4479 2130 4545; baseline 0 -2"><span class='ocrx_word' id='word_1_345' title='bbox 475 4481 739 4544; x_wconf 87' lang='lat' dir='ltr'><strong><em>veritas?</em></strong></span> <span class='ocrx_word' id='word_1_346' title='bbox 769 4479 1055 4544; x_wconf 83' lang='lat' dir='ltr'><strong><em>Christus.</em></strong></span> <span class='ocrx_word' id='word_1_347' title='bbox 1112 4485 1301 4544; x_wconf 76' lang='lat' dir='ltr'><strong><em>Recte</em></strong></span> <span class='ocrx_word' id='word_1_348' title='bbox 1352 4488 1547 4544; x_wconf 90' lang='lat' dir='ltr'><strong><em>autem</em></strong></span> <span class='ocrx_word' id='word_1_349' title='bbox 1597 4480 1790 4543; x_wconf 84' lang='lat' dir='ltr'><strong><em>dixit:</em></strong></span> <span class='ocrx_word' id='word_1_350' title='bbox 1852 4480 2130 4545; x_wconf 88' lang='lat' dir='ltr'><strong><em>Veritatis</em></strong></span> 
     </span>
    </p>
   </div>
   <div class='ocr_carea' id='block_1_64' title="bbox 478 4569 2127 4652">
    <p class='ocr_par' dir='ltr' id='par_1_64' title="bbox 478 4569 2127 4652">
     <span class='ocr_line' id='line_1_65' title="bbox 478 4569 2127 4652; baseline 0.001 -20"><span class='ocrx_word' id='word_1_351' title='bbox 478 4587 613 4651; x_wconf 68' lang='lat' dir='ltr'><strong><em>quae</em></strong></span> <span class='ocrx_word' id='word_1_352' title='bbox 644 4569 970 4632; x_wconf 86' lang='lat' dir='ltr'><strong><em>secundum</em></strong></span> <span class='ocrx_word' id='word_1_353' title='bbox 1003 4570 1281 4650; x_wconf 87' lang='lat' dir='ltr'><strong><em>pietatem</em></strong></span> <span class='ocrx_word' id='word_1_354' title='bbox 1320 4578 1428 4645; x_wconf 83' lang='lat' dir='ltr'><strong><em>est,</em></strong></span> <span class='ocrx_word' id='word_1_355' title='bbox 1456 4570 1623 4652; x_wconf 92' lang='lat' dir='ltr'><strong><em>quasi</em></strong></span> <span class='ocrx_word' id='word_1_356' title='bbox 1646 4571 1723 4632; x_wconf 88' lang='lat' dir='ltr'><strong><em>sit</em></strong></span> <span class='ocrx_word' id='word_1_357' title='bbox 1744 4577 1801 4632; x_wconf 88' lang='lat' dir='ltr'><strong><em>et</em></strong></span> <span class='ocrx_word' id='word_1_358' title='bbox 1829 4570 1942 4632; x_wconf 90' lang='lat' dir='ltr'><strong><em>alia</em></strong></span> <span class='ocrx_word' id='word_1_359' title='bbox 1970 4572 2127 4634; x_wconf 89' lang='lat' dir='ltr'><strong><em>veri-</em></strong></span> 
     </span>
    </p>
   </div>
   <div class='ocr_carea' id='block_1_65' title="bbox 473 4658 2131 4741">
    <p class='ocr_par' dir='ltr' id='par_1_65' title="bbox 473 4658 2131 4741">
     <span class='ocr_line' id='line_1_66' title="bbox 473 4658 2131 4741; baseline -0.001 -18"><span class='ocrx_word' id='word_1_360' title='bbox 473 4667 562 4723; x_wconf 90' lang='lat' dir='ltr'><strong><em>tas</em></strong></span> <span class='ocrx_word' id='word_1_361' title='bbox 592 4679 710 4722; x_wconf 92' lang='lat' dir='ltr'><strong><em>non</em></strong></span> <span class='ocrx_word' id='word_1_362' title='bbox 743 4658 1073 4722; x_wconf 90' lang='lat' dir='ltr'><strong><em>secundum</em></strong></span> <span class='ocrx_word' id='word_1_363' title='bbox 1104 4660 1411 4741; x_wconf 79' lang='lat' dir='ltr'><strong><em>pietatem,</em></strong></span> <span class='ocrx_word' id='word_1_364' title='bbox 1438 4658 1613 4722; x_wconf 89' lang='lat' dir='ltr'><strong><em>sicuti</em></strong></span> <span class='ocrx_word' id='word_1_365' title='bbox 1634 4668 1723 4721; x_wconf 90' lang='lat' dir='ltr'><strong><em>est</em></strong></span> <span class='ocrx_word' id='word_1_366' title='bbox 1766 4659 1920 4723; x_wconf 91' lang='lat' dir='ltr'><strong><em>scire</em></strong></span> <span class='ocrx_word' id='word_1_367' title='bbox 1944 4667 2131 4722; x_wconf 84' lang='lat' dir='ltr'><strong><em>artem</em></strong></span> 
     </span>
    </p>
   </div>
   <div class='ocr_carea' id='block_1_66' title="bbox 475 4746 2133 4832">
    <p class='ocr_par' dir='ltr' id='par_1_66' title="bbox 475 4746 2133 4832">
     <span class='ocr_line' id='line_1_67' title="bbox 475 4746 2133 4832; baseline -0.001 -21"><span class='ocrx_word' id='word_1_368' title='bbox 475 4749 757 4832; x_wconf 90' lang='lat' dir='ltr'><strong><em>aliquam.</em></strong></span> <span class='ocrx_word' id='word_1_369' title='bbox 801 4772 822 4806; x_wconf 79' lang='grc' dir='ltr'><strong><em>ι</em></strong></span> <span class='ocrx_word' id='word_1_370' title='bbox 860 4748 926 4811; x_wconf 87' lang='grc' dir='ltr'>Ιυ</span> <span class='ocrx_word' id='word_1_371' title='bbox 959 4767 1064 4830; x_wconf 83' lang='lat' dir='ltr'><strong><em>Spe</em></strong></span> <span class='ocrx_word' id='word_1_372' title='bbox 1092 4749 1223 4811; x_wconf 68' lang='lat' dir='ltr'><strong><em>vitae</em></strong></span> <span class='ocrx_word' id='word_1_373' title='bbox 1250 4758 1515 4813; x_wconf 59' lang='lat' dir='ltr'><strong><em>mternaa.</em></strong></span> <span class='ocrx_word' id='word_1_374' title='bbox 1548 4774 1573 4805; x_wconf 80' lang='grc'>»</span> <span class='ocrx_word' id='word_1_375' title='bbox 1608 4746 1787 4812; x_wconf 91' lang='lat' dir='ltr'><strong><em>Statis</em></strong></span> <span class='ocrx_word' id='word_1_376' title='bbox 1808 4748 2133 4830; x_wconf 88' lang='lat' dir='ltr'><strong><em>quidemin</em></strong></span> 
     </span>
    </p>
   </div>
   <div class='ocr_carea' id='block_1_67' title="bbox 479 4837 2134 4917">
    <p class='ocr_par' dir='ltr' id='par_1_67' title="bbox 479 4837 2134 4917">
     <span class='ocr_line' id='line_1_68' title="bbox 479 4837 2134 4917; baseline 0 -17"><span class='ocrx_word' id='word_1_377' title='bbox 479 4856 544 4902; x_wconf 92' lang='lat' dir='ltr'><strong><em>se</em></strong></span> <span class='ocrx_word' id='word_1_378' title='bbox 572 4845 719 4913; x_wconf 86' lang='lat' dir='ltr'><strong><em>erat,</em></strong></span> <span class='ocrx_word' id='word_1_379' title='bbox 754 4857 823 4901; x_wconf 90' lang='lat' dir='ltr'><strong><em>ac</em></strong></span> <span class='ocrx_word' id='word_1_380' title='bbox 874 4838 1004 4901; x_wconf 86' lang='lat' dir='ltr'><strong><em>vice</em></strong></span> <span class='ocrx_word' id='word_1_381' title='bbox 1063 4837 1228 4900; x_wconf 90' lang='lat' dir='ltr'><strong><em>mille</em></strong></span> <span class='ocrx_word' id='word_1_382' title='bbox 1284 4837 1739 4902; x_wconf 76' lang='lat' dir='ltr'><strong><em>retributionem</em></strong></span> <span class='ocrx_word' id='word_1_383' title='bbox 1775 4855 2134 4917; x_wconf 80' lang='lat' dir='ltr'><strong><em>cognoscere</em></strong></span> 
     </span>
    </p>
   </div>
   <div class='ocr_carea' id='block_1_68' title="bbox 476 4925 2130 5007">
    <p class='ocr_par' dir='ltr' id='par_1_68' title="bbox 476 4925 2130 5007">
     <span class='ocr_line' id='line_1_69' title="bbox 476 4925 2130 5007; baseline -0.001 -19"><span class='ocrx_word' id='word_1_384' title='bbox 476 4928 809 4999; x_wconf 87' lang='lat' dir='ltr'><strong><em>veritatem,</em></strong></span> <span class='ocrx_word' id='word_1_385' title='bbox 858 4946 1015 4989; x_wconf 90' lang='lat' dir='ltr'><strong><em>nunc</em></strong></span> <span class='ocrx_word' id='word_1_386' title='bbox 1072 4934 1273 4991; x_wconf 90' lang='lat' dir='ltr'><strong><em>autem</em></strong></span> <span class='ocrx_word' id='word_1_387' title='bbox 1304 4926 1649 5007; x_wconf 82' lang='lat' dir='ltr'><strong><em>magniﬁcus</em></strong></span> <span class='ocrx_word' id='word_1_388' title='bbox 1679 4925 1834 4989; x_wconf 90' lang='lat' dir='ltr'><strong><em>Deus</em></strong></span> <span class='ocrx_word' id='word_1_389' title='bbox 1880 4944 1984 5007; x_wconf 87' lang='lat' dir='ltr'><strong><em>pro</em></strong></span> <span class='ocrx_word' id='word_1_390' title='bbox 2015 4926 2130 4987; x_wconf 90' lang='lat' dir='ltr'><strong><em>hoc</em></strong></span> 
     </span>
    </p>
   </div>
   <div class='ocr_carea' id='block_1_69' title="bbox 476 5015 2127 5098">
    <p class='ocr_par' dir='ltr' id='par_1_69' title="bbox 476 5015 2127 5098">
     <span class='ocr_line' id='line_1_70' title="bbox 476 5015 2127 5098; baseline -0.002 -19"><span class='ocrx_word' id='word_1_391' title='bbox 476 5018 597 5097; x_wconf 90' lang='lat' dir='ltr'><strong><em>ipss</em></strong></span> <span class='ocrx_word' id='word_1_392' title='bbox 618 5017 795 5080; x_wconf 90' lang='lat' dir='ltr'><strong><em>etiam</em></strong></span> <span class='ocrx_word' id='word_1_393' title='bbox 814 5015 1372 5098; x_wconf 72' lang='lat' dir='ltr'><strong><em>praemiarependit,</em></strong></span> <span class='ocrx_word' id='word_1_394' title='bbox 1400 5035 1616 5095; x_wconf 89' lang='lat' dir='ltr'><strong><em>nempe</em></strong></span> <span class='ocrx_word' id='word_1_395' title='bbox 1627 5017 1802 5076; x_wconf 88' lang='lat' dir='ltr'><strong><em>vitam</em></strong></span> <span class='ocrx_word' id='word_1_396' title='bbox 1822 5023 2127 5078; x_wconf 66' lang='lat' dir='ltr'><strong><em>aeternam.</em></strong></span> 
     </span>
    </p>
   </div>
   <div class='ocr_carea' id='block_1_70' title="bbox 473 5103 2131 5188">
    <p class='ocr_par' dir='ltr' id='par_1_70' title="bbox 473 5103 2131 5188">
     <span class='ocr_line' id='line_1_71' title="bbox 473 5103 2131 5188; baseline -0.002 -21"><span class='ocrx_word' id='word_1_397' title='bbox 473 5105 563 5168; x_wconf 85' lang='lat' dir='ltr'><strong><em>Ad</em></strong></span> <span class='ocrx_word' id='word_1_398' title='bbox 587 5105 1012 5186; x_wconf 85' lang='lat' dir='ltr'><strong><em>cognitionem,</em></strong></span> <span class='ocrx_word' id='word_1_399' title='bbox 1038 5105 1257 5188; x_wconf 88' lang='lat' dir='ltr'><strong><em>inquit,</em></strong></span> <span class='ocrx_word' id='word_1_400' title='bbox 1312 5106 1577 5168; x_wconf 85' lang='lat' dir='ltr'><strong><em>veritatis</em></strong></span> <span class='ocrx_word' id='word_1_401' title='bbox 1610 5123 1742 5186; x_wconf 71' lang='lat' dir='ltr'><strong><em>quae</em></strong></span> <span class='ocrx_word' id='word_1_402' title='bbox 1765 5105 1829 5166; x_wconf 87' lang='lat' dir='ltr'><strong><em>ﬁt</em></strong></span> <span class='ocrx_word' id='word_1_403' title='bbox 1858 5103 1932 5167; x_wconf 92' lang='lat' dir='ltr'><strong><em>ob</em></strong></span> <span class='ocrx_word' id='word_1_404' title='bbox 1964 5121 2131 5184; x_wconf 87' lang='lat' dir='ltr'><strong><em>spem</em></strong></span> 
     </span>
    </p>
   </div>
   <div class='ocr_carea' id='block_1_71' title="bbox 2209 4031 3852 4112">
    <p class='ocr_par' dir='ltr' id='par_1_71' title="bbox 2209 4031 3852 4112">
     <span class='ocr_line' id='line_1_72' title="bbox 2209 4031 3852 4112; baseline -0.004 -19"><span class='ocrx_word' id='word_1_405' title='bbox 2209 4037 2270 4093; x_wconf 89' lang='grc' dir='ltr'><strong><em>τὸ</em></strong></span> <span class='ocrx_word' id='word_1_406' title='bbox 2312 4045 2585 4095; x_wconf 84' lang='grc' dir='ltr'>πιστεῦσαι</span> <span class='ocrx_word' id='word_1_407' title='bbox 2626 4035 2748 4100; x_wconf 80' lang='grc' dir='ltr'>τοὺς</span> <span class='ocrx_word' id='word_1_408' title='bbox 2812 4033 3089 4097; x_wconf 79' lang='grc' dir='ltr'>ἐκλεκτοὺς</span> <span class='ocrx_word' id='word_1_409' title='bbox 3143 4031 3210 4090; x_wconf 85' lang='grc' dir='ltr'><strong><em>δι’</em></strong></span> <span class='ocrx_word' id='word_1_410' title='bbox 3280 4033 3432 4112; x_wconf 85' lang='grc' dir='ltr'>ἐμοῦ,</span> <span class='ocrx_word' id='word_1_411' title='bbox 3476 4032 3564 4089; x_wconf 83' lang='grc' dir='ltr'><strong><em>καὶ</em></strong></span> <span class='ocrx_word' id='word_1_412' title='bbox 3619 4032 3852 4112; x_wconf 63' lang='grc' dir='ltr'>ἐπιγνῶ-</span> 
     </span>
    </p>
   </div>
   <div class='ocr_carea' id='block_1_72' title="bbox 2210 4099 3855 4203">
    <p class='ocr_par' dir='ltr' id='par_1_72' title="bbox 2210 4099 3855 4203">
     <span class='ocr_line' id='line_1_73' title="bbox 2210 4099 3855 4203; baseline -0.003 -23"><span class='ocrx_word' id='word_1_413' title='bbox 2210 4147 2293 4181; x_wconf 86' lang='grc' dir='ltr'><strong><em>ναι</em></strong></span> <span class='ocrx_word' id='word_1_414' title='bbox 2335 4127 2434 4190; x_wconf 81' lang='grc' dir='ltr'><strong><em>τῆν</em></strong></span> <span class='ocrx_word' id='word_1_415' title='bbox 2476 4123 2724 4195; x_wconf 76' lang='grc' dir='ltr'>ἀλήθειαν</span> <span class='ocrx_word' id='word_1_416' title='bbox 2753 4129 2851 4191; x_wconf 91' lang='grc' dir='ltr'><strong><em>τῆς</em></strong></span> <span class='ocrx_word' id='word_1_417' title='bbox 2882 4121 3168 4203; x_wconf 69' lang='grc' dir='ltr'>εὐσεϐείας,</span> <span class='ocrx_word' id='word_1_418' title='bbox 3212 4123 3304 4179; x_wconf 88' lang='grc' dir='ltr'><strong><em>τὸν</em></strong></span> <span class='ocrx_word' id='word_1_419' title='bbox 3344 4123 3590 4201; x_wconf 84' lang='grc' dir='ltr'>Χριστὸν,</span> <span class='ocrx_word' id='word_1_420' title='bbox 3645 4099 3707 4177; x_wconf 36' lang='grc' dir='ltr'><strong><em>’.Η</em></strong></span> <span class='ocrx_word' id='word_1_421' title='bbox 3761 4117 3855 4176; x_wconf 73' lang='grc' dir='ltr'>οῦ-</span> 
     </span>
    </p>
   </div>
   <div class='ocr_carea' id='block_1_73' title="bbox 2209 4209 3858 4291">
    <p class='ocr_par' dir='ltr' id='par_1_73' title="bbox 2209 4209 3858 4291">
     <span class='ocr_line' id='line_1_74' title="bbox 2209 4209 3858 4291; baseline -0.004 -22"><span class='ocrx_word' id='word_1_422' title='bbox 2209 4235 2314 4277; x_wconf 88' lang='grc' dir='ltr'><strong><em>τως</em></strong></span> <span class='ocrx_word' id='word_1_423' title='bbox 2348 4228 2363 4243; x_wconf 84' lang='grc'><strong>⁸</strong></span> <span class='ocrx_word' id='word_1_424' title='bbox 2432 4215 2503 4271; x_wconf 85' lang='grc' dir='ltr'>Τὸ</span> <span class='ocrx_word' id='word_1_425' title='bbox 2558 4212 2797 4291; x_wconf 80' lang='grc' dir='ltr'>γενέσθαι</span> <span class='ocrx_word' id='word_1_426' title='bbox 2850 4211 3145 4269; x_wconf 82' lang='grc' dir='ltr'>ἀπόστολον</span> <span class='ocrx_word' id='word_1_427' title='bbox 3200 4211 3287 4267; x_wconf 79' lang='grc' dir='ltr'>καὶ</span> <span class='ocrx_word' id='word_1_428' title='bbox 3342 4212 3683 4279; x_wconf 81' lang='grc' dir='ltr'>πιστευθῆναι</span> <span class='ocrx_word' id='word_1_429' title='bbox 3736 4209 3858 4273; x_wconf 67' lang='grc' dir='ltr'>τοὺς</span> 
     </span>
    </p>
   </div>
   <div class='ocr_carea' id='block_1_74' title="bbox 2210 4293 3857 4381">
    <p class='ocr_par' dir='ltr' id='par_1_74' title="bbox 2210 4293 3857 4381">
     <span class='ocr_line' id='line_1_75' title="bbox 2210 4293 3857 4381; baseline -0.003 -24"><span class='ocrx_word' id='word_1_430' title='bbox 2210 4300 2509 4381; x_wconf 81' lang='grc' dir='ltr'>ἐκλεκτοὺς,</span> <span class='ocrx_word' id='word_1_431' title='bbox 2554 4303 2656 4381; x_wconf 72' lang='grc' dir='ltr'><strong><em>οὔχ</em></strong></span> <span class='ocrx_word' id='word_1_432' title='bbox 2698 4299 2881 4364; x_wconf 86' lang='grc' dir='ltr'>ἀπλῶς</span> <span class='ocrx_word' id='word_1_433' title='bbox 2946 4297 3139 4380; x_wconf 79' lang='grc' dir='ltr'>ὑπῆρξέ</span> <span class='ocrx_word' id='word_1_434' title='bbox 3209 4320 3324 4375; x_wconf 91' lang='grc' dir='ltr'>μοι,</span> <span class='ocrx_word' id='word_1_435' title='bbox 3370 4295 3489 4354; x_wconf 83' lang='grc' dir='ltr'>ἀλλ’</span> <span class='ocrx_word' id='word_1_436' title='bbox 3545 4293 3728 4364; x_wconf 79' lang='grc' dir='ltr'>ἐπειδὴ</span> <span class='ocrx_word' id='word_1_437' title='bbox 3770 4296 3857 4352; x_wconf 84' lang='grc' dir='ltr'>ἐπ’</span> 
     </span>
    </p>
   </div>
   <div class='ocr_carea' id='block_1_75' title="bbox 2210 4383 3857 4469">
    <p class='ocr_par' dir='ltr' id='par_1_75' title="bbox 2210 4383 3857 4469">
     <span class='ocr_line' id='line_1_76' title="bbox 2210 4383 3857 4469; baseline -0.004 -22"><span class='ocrx_word' id='word_1_438' title='bbox 2210 4390 2377 4469; x_wconf 84' lang='grc' dir='ltr'>ἐγνων</span> <span class='ocrx_word' id='word_1_439' title='bbox 2419 4390 2518 4457; x_wconf 77' lang='grc' dir='ltr'><strong><em>τὴν</em></strong></span> <span class='ocrx_word' id='word_1_440' title='bbox 2546 4396 2664 4469; x_wconf 11' lang='grc' dir='ltr'>,τῆς</span> <span class='ocrx_word' id='word_1_441' title='bbox 2708 4385 2968 4451; x_wconf 70' lang='grc' dir='ltr'>εὗσεϐεὶας</span> <span class='ocrx_word' id='word_1_442' title='bbox 3031 4386 3304 4458; x_wconf 75' lang='grc' dir='ltr'>ἀλήθειαν.</span> <span class='ocrx_word' id='word_1_443' title='bbox 3376 4385 3464 4449; x_wconf 84' lang='grc' dir='ltr'>Τίς</span> <span class='ocrx_word' id='word_1_444' title='bbox 3517 4383 3571 4441; x_wconf 81' lang='grc' dir='ltr'>δὲ</span> <span class='ocrx_word' id='word_1_445' title='bbox 3610 4384 3764 4469; x_wconf 73' lang='grc' dir='ltr'>,αὕτη</span> <span class='ocrx_word' id='word_1_446' title='bbox 3822 4385 3857 4452; x_wconf 75' lang='grc' dir='ltr'>ἡ</span> 
     </span>
    </p>
   </div>
   <div class='ocr_carea' id='block_1_76' title="bbox 2210 4468 3857 4559">
    <p class='ocr_par' dir='ltr' id='par_1_76' title="bbox 2210 4468 3857 4559">
     <span class='ocr_line' id='line_1_77' title="bbox 2210 4468 3857 4559; baseline -0.006 -24"><span class='ocrx_word' id='word_1_447' title='bbox 2210 4468 2479 4559; x_wconf 53' lang='lat' dir='ltr'><strong><em>Nam;</em></strong></span> <span class='ocrx_word' id='word_1_448' title='bbox 2541 4468 2596 4535; x_wconf 60' lang='grc' dir='ltr'><strong>Ὀ</strong></span> <span class='ocrx_word' id='word_1_449' title='bbox 2629 4476 2871 4555; x_wconf 85' lang='grc' dir='ltr'>Χριστός.</span> <span class='ocrx_word' id='word_1_450' title='bbox 2922 4473 3107 4538; x_wconf 78' lang='grc' dir='ltr'>Καλῶς</span> <span class='ocrx_word' id='word_1_451' title='bbox 3153 4472 3230 4550; x_wconf 76' lang='grc' dir='ltr'>δὲ,</span> <span class='ocrx_word' id='word_1_452' title='bbox 3290 4476 3397 4542; x_wconf 87' lang='grc' dir='ltr'>Τῆς</span> <span class='ocrx_word' id='word_1_453' title='bbox 3446 4470 3567 4529; x_wconf 87' lang='grc' dir='ltr'>κατ’</span> <span class='ocrx_word' id='word_1_454' title='bbox 3594 4468 3857 4559; x_wconf 65' lang='grc' dir='ltr'>εὐσέϐειαν</span> 
     </span>
    </p>
   </div>
   <div class='ocr_carea' id='block_1_77' title="bbox 2214 4558 3854 4640">
    <p class='ocr_par' dir='ltr' id='par_1_77' title="bbox 2214 4558 3854 4640">
     <span class='ocr_line' id='line_1_78' title="bbox 2214 4558 3854 4640; baseline -0.006 -16"><span class='ocrx_word' id='word_1_455' title='bbox 2214 4566 2486 4640; x_wconf 83' lang='grc' dir='ltr'>ἀληθείας,</span> <span class='ocrx_word' id='word_1_456' title='bbox 2547 4568 2619 4631; x_wconf 83' lang='grc' dir='ltr'>ὡς</span> <span class='ocrx_word' id='word_1_457' title='bbox 2675 4566 2833 4633; x_wconf 74' lang='grc' dir='ltr'>οὔσης</span> <span class='ocrx_word' id='word_1_458' title='bbox 2908 4564 2997 4621; x_wconf 84' lang='grc' dir='ltr'><strong><em>καὶ</em></strong></span> <span class='ocrx_word' id='word_1_459' title='bbox 3067 4561 3260 4631; x_wconf 28' lang='grc' dir='ltr'>ἄλλης.</span> <span class='ocrx_word' id='word_1_460' title='bbox 3291 4560 3560 4640; x_wconf 80' lang='grc' dir='ltr'>ἀληθείας,</span> <span class='ocrx_word' id='word_1_461' title='bbox 3635 4559 3694 4616; x_wconf 74' lang='grc' dir='ltr'><strong><em>οῦ</em></strong></span> <span class='ocrx_word' id='word_1_462' title='bbox 3747 4558 3854 4635; x_wconf 65' lang='grc' dir='ltr'>μὴν</span> 
     </span>
    </p>
   </div>
   <div class='ocr_carea' id='block_1_78' title="bbox 2213 4643 3856 4734">
    <p class='ocr_par' dir='ltr' id='par_1_78' title="bbox 2213 4643 3856 4734">
     <span class='ocr_line' id='line_1_79' title="bbox 2316 4643 3856 4708; baseline -0.008 -30"><span class='ocrx_word' id='word_1_463' title='bbox 2316 4654 2330 4678; x_wconf 74' lang='grc' dir='ltr'><strong><em>ι</em></strong></span> <span class='ocrx_word' id='word_1_464' title='bbox 2407 4657 2421 4677; x_wconf 70' lang='grc'><strong>9</strong></span> <span class='ocrx_word' id='word_1_465' title='bbox 2478 4652 2526 4673; x_wconf 72' lang='grc' dir='ltr'><strong><em>νο</em></strong></span> <span class='ocrx_word' id='word_1_466' title='bbox 2733 4656 2794 4687; x_wconf 61' lang='grc' dir='ltr'>ο-</span> <span class='ocrx_word' id='word_1_467' title='bbox 2883 4654 2911 4708; x_wconf 67' lang='grc' dir='ltr'>ὸ</span> <span class='ocrx_word' id='word_1_468' title='bbox 2995 4649 3064 4707; x_wconf 60' lang='grc' dir='ltr'><strong><em>’δ’</em></strong></span> <span class='ocrx_word' id='word_1_469' title='bbox 3253 4649 3279 4682; x_wconf 50' lang='grc' dir='ltr'><em>ο.</em></span> <span class='ocrx_word' id='word_1_470' title='bbox 3549 4648 3581 4704; x_wconf 64' lang='grc' dir='ltr'><em>ἀ</em></span> <span class='ocrx_word' id='word_1_471' title='bbox 3735 4647 3749 4665; x_wconf 78' lang='grc' dir='ltr'>ι</span> <span class='ocrx_word' id='word_1_472' title='bbox 3841 4643 3856 4666; x_wconf 70' lang='grc' dir='ltr'><strong><em>ν</em></strong></span> 
     </span>
     <span class='ocr_line' id='line_1_80' title="bbox 2213 4655 3837 4734; baseline -0.006 -21"><span class='ocrx_word' id='word_1_473' title='bbox 2213 4678 2313 4713; x_wconf 88' lang='grc' dir='ltr'><strong><em>κατ</em></strong></span> <span class='ocrx_word' id='word_1_474' title='bbox 2376 4675 2662 4734; x_wconf 80' lang='grc' dir='ltr'>ευσεοειαν,</span> <span class='ocrx_word' id='word_1_475' title='bbox 2719 4676 2791 4717; x_wconf 73' lang='grc' dir='ltr'>ω,</span> <span class='ocrx_word' id='word_1_476' title='bbox 2852 4676 2879 4708; x_wconf 93' lang='grc' dir='ltr'><strong><em>τ</em></strong></span> <span class='ocrx_word' id='word_1_477' title='bbox 2968 4673 3011 4734; x_wconf 62' lang='grc' dir='ltr'><strong><em>ει</em></strong></span> <span class='ocrx_word' id='word_1_478' title='bbox 3044 4670 3153 4707; x_wconf 82' lang='grc' dir='ltr'>εναι</span> <span class='ocrx_word' id='word_1_479' title='bbox 3209 4672 3408 4731; x_wconf 57' lang='grc' dir='ltr'>τεχνην</span> <span class='ocrx_word' id='word_1_480' title='bbox 3464 4670 3545 4705; x_wconf 89' lang='grc' dir='ltr'><strong><em>τιν</em></strong></span> <span class='ocrx_word' id='word_1_481' title='bbox 3590 4696 3603 4709; x_wconf 88' lang='grc'><strong><em>.</em></strong></span> <span class='ocrx_word' id='word_1_482' title='bbox 3674 4668 3698 4703; x_wconf 80' lang='grc' dir='ltr'>ι</span> <span class='ocrx_word' id='word_1_483' title='bbox 3756 4655 3837 4704; x_wconf 85' lang='grc' dir='ltr'>Επ</span> 
     </span>
    </p>
   </div>
   <div class='ocr_carea' id='block_1_79' title="bbox 2212 4726 3857 4821">
    <p class='ocr_par' dir='ltr' id='par_1_79' title="bbox 2212 4726 3857 4821">
     <span class='ocr_line' id='line_1_81' title="bbox 2212 4726 3857 4821; baseline -0.006 -19"><span class='ocrx_word' id='word_1_484' title='bbox 2212 4743 2380 4802; x_wconf 71' lang='grc' dir='ltr'>ἐλπίδι</span> <span class='ocrx_word' id='word_1_485' title='bbox 2433 4748 2574 4815; x_wconf 87' lang='grc' dir='ltr'>ζωῆς</span> <span class='ocrx_word' id='word_1_486' title='bbox 2647 4726 2877 4804; x_wconf 73' lang='grc' dir='ltr'>αἰωνίου.</span> <span class='ocrx_word' id='word_1_487' title='bbox 2968 4726 3142 4821; x_wconf 58' lang='grc' dir='ltr'>’Ἡρκει</span> <span class='ocrx_word' id='word_1_488' title='bbox 3220 4726 3318 4815; x_wconf 62' lang='grc' dir='ltr'>μέν</span> <span class='ocrx_word' id='word_1_489' title='bbox 3395 4739 3484 4796; x_wconf 81' lang='grc' dir='ltr'><strong><em>καὶ</em></strong></span> <span class='ocrx_word' id='word_1_490' title='bbox 3562 4736 3689 4794; x_wconf 80' lang='grc' dir='ltr'>αῦτὸ</span> <span class='ocrx_word' id='word_1_491' title='bbox 3742 4736 3857 4793; x_wconf 87' lang='grc' dir='ltr'>καθ’</span> 
     </span>
    </p>
   </div>
   <div class='ocr_carea' id='block_1_80' title="bbox 2215 4824 3862 4911">
    <p class='ocr_par' dir='ltr' id='par_1_80' title="bbox 2215 4824 3862 4911">
     <span class='ocr_line' id='line_1_82' title="bbox 2215 4824 3862 4911; baseline -0.005 -22"><span class='ocrx_word' id='word_1_492' title='bbox 2215 4833 2368 4889; x_wconf 80' lang='grc' dir='ltr'>ἑαυτὸ</span> <span class='ocrx_word' id='word_1_493' title='bbox 2409 4833 2468 4887; x_wconf 81' lang='grc' dir='ltr'><strong><em>τὸ</em></strong></span> <span class='ocrx_word' id='word_1_494' title='bbox 2512 4832 2796 4911; x_wconf 80' lang='grc' dir='ltr'>ἐπιγνῶναι</span> <span class='ocrx_word' id='word_1_495' title='bbox 2839 4830 2939 4898; x_wconf 75' lang='grc' dir='ltr'>τὴν</span> <span class='ocrx_word' id='word_1_496' title='bbox 2994 4827 3267 4904; x_wconf 74' lang='grc' dir='ltr'>ἀλήθειαν,</span> <span class='ocrx_word' id='word_1_497' title='bbox 3312 4827 3426 4885; x_wconf 81' lang='grc' dir='ltr'>ἀντὶ</span> <span class='ocrx_word' id='word_1_498' title='bbox 3469 4825 3664 4906; x_wconf 81' lang='grc' dir='ltr'>μυρίων</span> <span class='ocrx_word' id='word_1_499' title='bbox 3696 4824 3862 4901; x_wconf 88' lang='grc' dir='ltr'>ἀμοι-</span> 
     </span>
    </p>
   </div>
   <div class='ocr_carea' id='block_1_81' title="bbox 2213 4915 3864 5001">
    <p class='ocr_par' dir='ltr' id='par_1_81' title="bbox 2213 4915 3864 5001">
     <span class='ocr_line' id='line_1_83' title="bbox 2213 4915 3864 5001; baseline -0.005 -22"><span class='ocrx_word' id='word_1_500' title='bbox 2213 4919 2343 5001; x_wconf 79' lang='grc' dir='ltr'>ϐῶν,</span> <span class='ocrx_word' id='word_1_501' title='bbox 2391 4921 2477 4978; x_wconf 85' lang='grc' dir='ltr'><strong><em>νῦν</em></strong></span> <span class='ocrx_word' id='word_1_502' title='bbox 2548 4919 2601 4977; x_wconf 78' lang='grc' dir='ltr'>δὲ</span> <span class='ocrx_word' id='word_1_503' title='bbox 2659 4923 2687 4977; x_wconf 83' lang='grc' dir='ltr'>ὁ</span> <span class='ocrx_word' id='word_1_504' title='bbox 2735 4915 3103 4999; x_wconf 81' lang='grc' dir='ltr'>μεγαλόδωρος</span> <span class='ocrx_word' id='word_1_505' title='bbox 3176 4918 3304 4979; x_wconf 89' lang='grc' dir='ltr'>Θεὸς</span> <span class='ocrx_word' id='word_1_506' title='bbox 3359 4915 3448 4973; x_wconf 68' lang='grc' dir='ltr'><strong><em>καὶ</em></strong></span> <span class='ocrx_word' id='word_1_507' title='bbox 3501 4916 3630 4994; x_wconf 78' lang='grc' dir='ltr'>ὑπὲρ</span> <span class='ocrx_word' id='word_1_508' title='bbox 3681 4915 3864 4971; x_wconf 83' lang='grc' dir='ltr'>τούτου</span> 
     </span>
    </p>
   </div>
   <div class='ocr_carea' id='block_1_82' title="bbox 2215 5002 3865 5085">
    <p class='ocr_par' dir='ltr' id='par_1_82' title="bbox 2215 5002 3865 5085">
     <span class='ocr_line' id='line_1_84' title="bbox 2215 5002 3865 5085; baseline -0.006 -18"><span class='ocrx_word' id='word_1_509' title='bbox 2215 5012 2372 5067; x_wconf 76' lang='grc' dir='ltr'>αὐτοῦ</span> <span class='ocrx_word' id='word_1_510' title='bbox 2431 5007 2656 5085; x_wconf 78' lang='grc' dir='ltr'>ἀμοιϐὰς</span> <span class='ocrx_word' id='word_1_511' title='bbox 2715 5006 2888 5065; x_wconf 82' lang='grc' dir='ltr'>δίδωσι</span> <span class='ocrx_word' id='word_1_512' title='bbox 2931 5007 3073 5078; x_wconf 83' lang='grc' dir='ltr'>ζωὴν</span> <span class='ocrx_word' id='word_1_513' title='bbox 3130 5004 3365 5067; x_wconf 76' lang='grc' dir='ltr'>αἰώνιον.</span> <span class='ocrx_word' id='word_1_514' title='bbox 3440 5005 3527 5069; x_wconf 79' lang='grc' dir='ltr'>Εἷς</span> <span class='ocrx_word' id='word_1_515' title='bbox 3585 5002 3865 5082; x_wconf 74' lang='grc' dir='ltr'>ἐπίγνωσιν</span> 
     </span>
    </p>
   </div>
   <div class='ocr_carea' id='block_1_83' title="bbox 2215 5090 3865 5178">
    <p class='ocr_par' dir='ltr' id='par_1_83' title="bbox 2215 5090 3865 5178">
     <span class='ocr_line' id='line_1_85' title="bbox 2215 5090 3865 5178; baseline -0.005 -23"><span class='ocrx_word' id='word_1_516' title='bbox 2215 5099 2314 5178; x_wconf 88' lang='grc' dir='ltr'><strong><em>γάρ</em></strong></span> <span class='ocrx_word' id='word_1_517' title='bbox 2357 5095 2625 5177; x_wconf 81' lang='grc' dir='ltr'>ἀληθείας,</span> <span class='ocrx_word' id='word_1_518' title='bbox 2671 5098 2823 5178; x_wconf 78' lang='grc' dir='ltr'>φησὶ,</span> <span class='ocrx_word' id='word_1_519' title='bbox 2873 5096 2970 5164; x_wconf 82' lang='grc' dir='ltr'><strong><em>τῆς</em></strong></span> <span class='ocrx_word' id='word_1_520' title='bbox 3027 5092 3111 5150; x_wconf 87' lang='grc' dir='ltr'><strong><em>ἐπ’</em></strong></span> <span class='ocrx_word' id='word_1_521' title='bbox 3165 5090 3333 5149; x_wconf 80' lang='grc' dir='ltr'>ἐλπίδι</span> <span class='ocrx_word' id='word_1_522' title='bbox 3388 5091 3672 5171; x_wconf 78' lang='grc' dir='ltr'>γινομένης</span> <span class='ocrx_word' id='word_1_523' title='bbox 3721 5096 3865 5163; x_wconf 80' lang='grc' dir='ltr'>ζωῆς</span> 
     </span>
    </p>
   </div>
   <div class='ocr_carea' id='block_1_84' title="bbox 475 5179 2124 5276">
    <p class='ocr_par' dir='ltr' id='par_1_84' title="bbox 475 5179 2124 5276">
     <span class='ocr_line' id='line_1_86' title="bbox 475 5179 2124 5276; baseline 0.001 -24"><span class='ocrx_word' id='word_1_524' title='bbox 475 5193 607 5256; x_wconf 76' lang='lat' dir='ltr'><strong><em>vitae</em></strong></span> <span class='ocrx_word' id='word_1_525' title='bbox 629 5179 888 5259; x_wconf 58' lang='lat' dir='ltr'><strong><em>internas.</em></strong></span> <span class='ocrx_word' id='word_1_526' title='bbox 908 5179 1021 5257; x_wconf 86' lang='lat' dir='ltr'><strong><em>Aut</em></strong></span> <span class='ocrx_word' id='word_1_527' title='bbox 1046 5179 1150 5269; x_wconf 68' lang='lat' dir='ltr'><strong><em>ait,</em></strong></span> <span class='ocrx_word' id='word_1_528' title='bbox 1172 5179 1453 5276; x_wconf 65' lang='lat' dir='ltr'><strong><em>Eternaa,</em></strong></span> <span class='ocrx_word' id='word_1_529' title='bbox 1496 5179 1879 5256; x_wconf 73' lang='lat' dir='ltr'><strong><em>collationem</em></strong></span> <span class='ocrx_word' id='word_1_530' title='bbox 1911 5179 2124 5256; x_wconf 78' lang='lat' dir='ltr'><strong><em>faciens</em></strong></span> 
     </span>
    </p>
   </div>
   <div class='ocr_carea' id='block_1_85' title="bbox 2209 5179 3868 5276">
    <p class='ocr_par' dir='ltr' id='par_1_85' title="bbox 2218 5179 3868 5276">
     <span class='ocr_line' id='line_1_87' title="bbox 2218 5179 3868 5276; baseline -0.005 -31"><span class='ocrx_word' id='word_1_531' title='bbox 2218 5189 2447 5250; x_wconf 80' lang='grc' dir='ltr'>αἰωνίου,</span> <span class='ocrx_word' id='word_1_532' title='bbox 2486 5189 2557 5244; x_wconf 85' lang='grc' dir='ltr'>Τὸ</span> <span class='ocrx_word' id='word_1_533' title='bbox 2585 5185 2662 5267; x_wconf 78' lang='grc' dir='ltr'>δὲ,</span> <span class='ocrx_word' id='word_1_534' title='bbox 2694 5186 2931 5260; x_wconf 79' lang='grc' dir='ltr'>Αἷωνίου,</span> <span class='ocrx_word' id='word_1_535' title='bbox 2965 5186 3038 5248; x_wconf 85' lang='grc' dir='ltr'>ὡς</span> <span class='ocrx_word' id='word_1_536' title='bbox 3068 5183 3196 5263; x_wconf 85' lang='grc' dir='ltr'>πρὸς</span> <span class='ocrx_word' id='word_1_537' title='bbox 3224 5183 3289 5237; x_wconf 81' lang='grc' dir='ltr'>τὰ</span> <span class='ocrx_word' id='word_1_538' title='bbox 3317 5179 3583 5239; x_wconf 79' lang='grc' dir='ltr'>Ἰο·›δα⁶ἰκά</span> <span class='ocrx_word' id='word_1_539' title='bbox 3605 5197 3632 5276; x_wconf 43' lang='grc'><strong><em>⁸·</em></strong></span> <span class='ocrx_word' id='word_1_540' title='bbox 3680 5180 3868 5237; x_wconf 79' lang='grc' dir='ltr'>ἐκεῖνα</span> 
     </span>
    </p>
   </div>
   <div class='ocr_carea' id='block_1_86' title="bbox 478 5280 2134 5362">
    <p class='ocr_par' dir='ltr' id='par_1_86' title="bbox 478 5280 2134 5362">
     <span class='ocr_line' id='line_1_88' title="bbox 478 5280 2134 5362; baseline 0.002 -19"><span class='ocrx_word' id='word_1_541' title='bbox 478 5280 552 5343; x_wconf 86' lang='lat' dir='ltr'><strong><em>ad</em></strong></span> <span class='ocrx_word' id='word_1_542' title='bbox 569 5281 817 5345; x_wconf 86' lang='lat' dir='ltr'><strong><em>Judaiea</em></strong></span> <span class='ocrx_word' id='word_1_543' title='bbox 843 5305 856 5343; x_wconf 93' lang='lat'><strong>:</strong></span> <span class='ocrx_word' id='word_1_544' title='bbox 883 5302 1017 5345; x_wconf 89' lang='lat' dir='ltr'><strong><em>nam</em></strong></span> <span class='ocrx_word' id='word_1_545' title='bbox 1050 5283 1151 5346; x_wconf 89' lang='lat' dir='ltr'><strong><em>illa</em></strong></span> <span class='ocrx_word' id='word_1_546' title='bbox 1181 5283 1640 5362; x_wconf 88' lang='lat' dir='ltr'><strong><em>promissionem</em></strong></span> <span class='ocrx_word' id='word_1_547' title='bbox 1680 5282 1977 5345; x_wconf 87' lang='lat' dir='ltr'><strong><em>habebant</em></strong></span> <span class='ocrx_word' id='word_1_548' title='bbox 1997 5281 2134 5346; x_wconf 61' lang='lat' dir='ltr'><strong><em>vita</em></strong></span> 
     </span>
    </p>
   </div>
   <div class='ocr_carea' id='block_1_87' title="bbox 476 5369 2134 5450">
    <p class='ocr_par' dir='ltr' id='par_1_87' title="bbox 476 5369 2134 5450">
     <span class='ocr_line' id='line_1_89' title="bbox 476 5369 2134 5450; baseline -0.001 -16"><span class='ocrx_word' id='word_1_549' title='bbox 476 5371 810 5450; x_wconf 64' lang='lat' dir='ltr'><strong><em>praesentis.</em></strong></span> <span class='ocrx_word' id='word_1_550' title='bbox 851 5393 875 5428; x_wconf 79' lang='grc' dir='ltr'><strong><em>ι</em></strong></span> <span class='ocrx_word' id='word_1_551' title='bbox 902 5370 1014 5444; x_wconf 89' lang='lat' dir='ltr'><strong><em>Qui</em></strong></span> <span class='ocrx_word' id='word_1_552' title='bbox 1043 5372 1285 5435; x_wconf 90' lang='lat' dir='ltr'><strong><em>mentiri</em></strong></span> <span class='ocrx_word' id='word_1_553' title='bbox 1314 5372 1505 5435; x_wconf 88' lang='lat' dir='ltr'><strong><em>nescit</em></strong></span> <span class='ocrx_word' id='word_1_554' title='bbox 1532 5373 1711 5435; x_wconf 90' lang='lat' dir='ltr'><strong><em>Deus.</em></strong></span> <span class='ocrx_word' id='word_1_555' title='bbox 1745 5395 1768 5430; x_wconf 70' lang='grc' dir='ltr'>ι)</span> <span class='ocrx_word' id='word_1_556' title='bbox 1807 5369 1868 5434; x_wconf 91' lang='lat' dir='ltr'><strong><em>Si</em></strong></span> <span class='ocrx_word' id='word_1_557' title='bbox 1893 5371 2134 5433; x_wconf 90' lang='lat' dir='ltr'><strong><em>mentiri</em></strong></span> 
     </span>
    </p>
   </div>
   <div class='ocr_carea' id='block_1_88' title="bbox 476 5459 2127 5543">
    <p class='ocr_par' dir='ltr' id='par_1_88' title="bbox 476 5459 2127 5543">
     <span class='ocr_line' id='line_1_90' title="bbox 476 5459 2127 5543; baseline 0.004 -26"><span class='ocrx_word' id='word_1_558' title='bbox 476 5459 700 5539; x_wconf 88' lang='lat' dir='ltr'><strong><em>nequit,</em></strong></span> <span class='ocrx_word' id='word_1_559' title='bbox 722 5460 951 5541; x_wconf 90' lang='lat' dir='ltr'><strong><em>utique,</em></strong></span> <span class='ocrx_word' id='word_1_560' title='bbox 976 5460 1300 5542; x_wconf 90' lang='lat' dir='ltr'><strong><em>complebit</em></strong></span> <span class='ocrx_word' id='word_1_561' title='bbox 1321 5479 1455 5542; x_wconf 69' lang='lat' dir='ltr'><strong><em>qua)</em></strong></span> <span class='ocrx_word' id='word_1_562' title='bbox 1472 5461 1860 5543; x_wconf 72' lang='lat' dir='ltr'><strong><em>promisit.«A</em></strong></span> <span class='ocrx_word' id='word_1_563' title='bbox 1872 5468 1969 5522; x_wconf 90' lang='lat' dir='ltr'><strong><em>nte</em></strong></span> <span class='ocrx_word' id='word_1_564' title='bbox 1987 5469 2127 5523; x_wconf 90' lang='lat' dir='ltr'><strong><em>tem-</em></strong></span> 
     </span>
    </p>
   </div>
   <div class='ocr_carea' id='block_1_89' title="bbox 478 5547 2131 5631">
    <p class='ocr_par' dir='ltr' id='par_1_89' title="bbox 478 5547 2131 5631">
     <span class='ocr_line' id='line_1_91' title="bbox 478 5547 2131 5631; baseline 0.002 -24"><span class='ocrx_word' id='word_1_565' title='bbox 478 5563 620 5627; x_wconf 83' lang='lat' dir='ltr'><strong><em>pore</em></strong></span> <span class='ocrx_word' id='word_1_566' title='bbox 643 5555 885 5612; x_wconf 64' lang='lat' dir='ltr'><strong><em>aeterna.</em></strong></span> <span class='ocrx_word' id='word_1_567' title='bbox 901 5573 923 5611; x_wconf 73' lang='grc' dir='ltr'><strong><em>ι</em></strong></span> <span class='ocrx_word' id='word_1_568' title='bbox 941 5547 1070 5611; x_wconf 89' lang='lat' dir='ltr'><strong><em>Non</em></strong></span> <span class='ocrx_word' id='word_1_569' title='bbox 1082 5569 1150 5612; x_wconf 81' lang='lat' dir='ltr'><strong><em>ex</em></strong></span> <span class='ocrx_word' id='word_1_570' title='bbox 1171 5550 1484 5631; x_wconf 88' lang='lat' dir='ltr'><strong><em>posteriori</em></strong></span> <span class='ocrx_word' id='word_1_571' title='bbox 1497 5551 1794 5615; x_wconf 89' lang='lat' dir='ltr'><strong><em>voluntate</em></strong></span> <span class='ocrx_word' id='word_1_572' title='bbox 1814 5550 2131 5613; x_wconf 78' lang='lat' dir='ltr'><strong><em>autincon.</em></strong></span> 
     </span>
    </p>
   </div>
   <div class='ocr_carea' id='block_1_90' title="bbox 466 5638 2133 5717">
    <p class='ocr_par' dir='ltr' id='par_1_90' title="bbox 466 5638 2133 5717">
     <span class='ocr_line' id='line_1_92' title="bbox 466 5638 2133 5717; baseline 0.002 -16"><span class='ocrx_word' id='word_1_573' title='bbox 466 5638 693 5702; x_wconf 90' lang='lat' dir='ltr'><strong><em>scantia</em></strong></span> <span class='ocrx_word' id='word_1_574' title='bbox 735 5640 848 5703; x_wconf 88' lang='lat' dir='ltr'><strong><em>hoc</em></strong></span> <span class='ocrx_word' id='word_1_575' title='bbox 904 5639 1113 5704; x_wconf 85' lang='lat' dir='ltr'><strong><em>deﬁnit</em></strong></span> <span class='ocrx_word' id='word_1_576' title='bbox 1147 5641 1331 5717; x_wconf 88' lang='lat' dir='ltr'><strong><em>Deus,</em></strong></span> <span class='ocrx_word' id='word_1_577' title='bbox 1365 5643 1471 5706; x_wconf 89' lang='lat' dir='ltr'><strong><em>sed</em></strong></span> <span class='ocrx_word' id='word_1_578' title='bbox 1522 5642 1596 5706; x_wconf 91' lang='lat' dir='ltr'><strong><em>ab</em></strong></span> <span class='ocrx_word' id='word_1_579' title='bbox 1648 5643 1842 5709; x_wconf 90' lang='lat' dir='ltr'><strong><em>initio.</em></strong></span> <span class='ocrx_word' id='word_1_580' title='bbox 1878 5642 2133 5706; x_wconf 84' lang='lat' dir='ltr'><strong><em>Maxima</em></strong></span> 
     </span>
    </p>
   </div>
   <div class='ocr_carea' id='block_1_91' title="bbox 2215 5260 3867 5358">
    <p class='ocr_par' dir='ltr' id='par_1_91' title="bbox 2215 5260 3867 5358">
     <span class='ocr_line' id='line_1_93' title="bbox 2215 5260 3867 5358; baseline -0.007 -23"><span class='ocrx_word' id='word_1_581' title='bbox 2215 5279 2316 5358; x_wconf 79' lang='grc' dir='ltr'>γὰρ</span> <span class='ocrx_word' id='word_1_582' title='bbox 2360 5282 2459 5345; x_wconf 91' lang='grc' dir='ltr'><strong><em>τῆς</em></strong></span> <span class='ocrx_word' id='word_1_583' title='bbox 2490 5260 2755 5356; x_wconf 66' lang='grc' dir='ltr'>παροόσης</span> <span class='ocrx_word' id='word_1_584' title='bbox 2798 5275 2956 5356; x_wconf 79' lang='grc' dir='ltr'>εἶχεν</span> <span class='ocrx_word' id='word_1_585' title='bbox 2985 5260 3303 5351; x_wconf 84' lang='grc' dir='ltr'>ἐπαγγελίαν</span> <span class='ocrx_word' id='word_1_586' title='bbox 3331 5275 3498 5341; x_wconf 85' lang='grc' dir='ltr'>ζωῆς.</span> <span class='ocrx_word' id='word_1_587' title='bbox 3539 5292 3569 5325; x_wconf 72' lang='grc' dir='ltr'><strong><em>α</em></strong></span> <span class='ocrx_word' id='word_1_588' title='bbox 3605 5260 3663 5328; x_wconf 63' lang='grc' dir='ltr'><strong><em>ιΟ</em></strong></span> <span class='ocrx_word' id='word_1_589' title='bbox 3694 5269 3867 5345; x_wconf 65' lang='grc' dir='ltr'>ἀψευ-</span> 
     </span>
    </p>
   </div>
   <div class='ocr_carea' id='block_1_92' title="bbox 2213 5358 3866 5445">
    <p class='ocr_par' dir='ltr' id='par_1_92' title="bbox 2213 5358 3866 5445">
     <span class='ocr_line' id='line_1_94' title="bbox 2213 5358 3866 5445; baseline -0.005 -22"><span class='ocrx_word' id='word_1_590' title='bbox 2213 5365 2309 5435; x_wconf 79' lang='grc' dir='ltr'>δὴς</span> <span class='ocrx_word' id='word_1_591' title='bbox 2352 5366 2503 5429; x_wconf 81' lang='grc' dir='ltr'>Θεός.</span> <span class='ocrx_word' id='word_1_592' title='bbox 2544 5388 2567 5424; x_wconf 71' lang='grc' dir='ltr'>ι</span> <span class='ocrx_word' id='word_1_593' title='bbox 2604 5367 2663 5424; x_wconf 80' lang='lat' dir='ltr'><strong><em>El</em></strong></span> <span class='ocrx_word' id='word_1_594' title='bbox 2719 5363 2977 5445; x_wconf 72' lang='grc' dir='ltr'>ἀψευδὴς,</span> <span class='ocrx_word' id='word_1_595' title='bbox 3027 5359 3297 5441; x_wconf 73' lang='grc' dir='ltr'>πληρώσει</span> <span class='ocrx_word' id='word_1_596' title='bbox 3352 5359 3560 5424; x_wconf 79' lang='grc' dir='ltr'>πάντως</span> <span class='ocrx_word' id='word_1_597' title='bbox 3604 5359 3636 5415; x_wconf 80' lang='grc' dir='ltr'>ἃ</span> <span class='ocrx_word' id='word_1_598' title='bbox 3691 5358 3866 5436; x_wconf 79' lang='grc' dir='ltr'>ἐπηγ-</span> 
     </span>
    </p>
   </div>
   <div class='ocr_carea' id='block_1_93' title="bbox 2212 5445 3854 5535">
    <p class='ocr_par' dir='ltr' id='par_1_93' title="bbox 2212 5445 3854 5535">
     <span class='ocr_line' id='line_1_95' title="bbox 2212 5445 3854 5535; baseline -0.005 -23"><span class='ocrx_word' id='word_1_599' title='bbox 2212 5455 2445 5535; x_wconf 88' lang='grc' dir='ltr'>γείλατο,</span> <span class='ocrx_word' id='word_1_600' title='bbox 2497 5473 2527 5515; x_wconf 80' lang='grc'><strong>(</strong></span> <span class='ocrx_word' id='word_1_601' title='bbox 2558 5456 2666 5535; x_wconf 91' lang='grc' dir='ltr'>Πρὸ</span> <span class='ocrx_word' id='word_1_602' title='bbox 2695 5453 2903 5535; x_wconf 86' lang='grc' dir='ltr'>χρόνων</span> <span class='ocrx_word' id='word_1_603' title='bbox 2957 5451 3204 5512; x_wconf 81' lang='grc' dir='ltr'>αἰωνίων.</span> <span class='ocrx_word' id='word_1_604' title='bbox 3264 5470 3290 5505; x_wconf 71' lang='grc' dir='ltr'>ι</span> <span class='ocrx_word' id='word_1_605' title='bbox 3354 5449 3460 5506; x_wconf 78' lang='grc' dir='ltr'><strong><em>Οὔκ</em></strong></span> <span class='ocrx_word' id='word_1_606' title='bbox 3514 5445 3567 5514; x_wconf 79' lang='grc' dir='ltr'>ἐξ</span> <span class='ocrx_word' id='word_1_607' title='bbox 3635 5446 3854 5535; x_wconf 75' lang='grc' dir='ltr'>ὑστέρας</span> 
     </span>
    </p>
   </div>
   <div class='ocr_carea' id='block_1_94' title="bbox 2212 5531 3866 5623">
    <p class='ocr_par' dir='ltr' id='par_1_94' title="bbox 2212 5531 3866 5623">
     <span class='ocr_line' id='line_1_96' title="bbox 2212 5531 3866 5623; baseline -0.007 -21"><span class='ocrx_word' id='word_1_608' title='bbox 2212 5531 2409 5623; x_wconf 79' lang='grc' dir='ltr'>βουλῆς</span> <span class='ocrx_word' id='word_1_609' title='bbox 2438 5544 2474 5612; x_wconf 72' lang='grc' dir='ltr'>ἢ</span> <span class='ocrx_word' id='word_1_610' title='bbox 2506 5531 2814 5623; x_wconf 69' lang='grc' dir='ltr'>μετανοίας,</span> <span class='ocrx_word' id='word_1_611' title='bbox 2874 5542 3024 5623; x_wconf 79' lang='grc' dir='ltr'>φησὶ,</span> <span class='ocrx_word' id='word_1_612' title='bbox 3086 5544 3243 5597; x_wconf 82' lang='grc' dir='ltr'>τοῦτο</span> <span class='ocrx_word' id='word_1_613' title='bbox 3283 5536 3472 5617; x_wconf 81' lang='grc' dir='ltr'>ὥρισεν</span> <span class='ocrx_word' id='word_1_614' title='bbox 3500 5537 3529 5592; x_wconf 81' lang='grc' dir='ltr'><strong>ὁ</strong></span> <span class='ocrx_word' id='word_1_615' title='bbox 3561 5536 3717 5618; x_wconf 88' lang='grc' dir='ltr'>Θεὸς,</span> <span class='ocrx_word' id='word_1_616' title='bbox 3747 5531 3866 5591; x_wconf 86' lang='grc' dir='ltr'>ἀλλ’</span> 
     </span>
    </p>
   </div>
   <div class='ocr_carea' id='block_1_95' title="bbox 2217 5623 3868 5714">
    <p class='ocr_par' dir='ltr' id='par_1_95' title="bbox 2217 5623 3868 5714">
     <span class='ocr_line' id='line_1_97' title="bbox 2217 5623 3868 5714; baseline -0.005 -25"><span class='ocrx_word' id='word_1_617' title='bbox 2217 5632 2268 5700; x_wconf 79' lang='grc' dir='ltr'>ἐξ</span> <span class='ocrx_word' id='word_1_618' title='bbox 2309 5633 2514 5714; x_wconf 75' lang='grc' dir='ltr'>ἀρχῆς.</span> <span class='ocrx_word' id='word_1_619' title='bbox 2558 5632 2817 5711; x_wconf 79' lang='grc' dir='ltr'>Μέγιστον</span> <span class='ocrx_word' id='word_1_620' title='bbox 2874 5629 2929 5688; x_wconf 77' lang='grc' dir='ltr'>δὲ</span> <span class='ocrx_word' id='word_1_621' title='bbox 2986 5626 3210 5705; x_wconf 77' lang='grc' dir='ltr'>ἀξίωμα,</span> <span class='ocrx_word' id='word_1_622' title='bbox 3276 5627 3339 5683; x_wconf 89' lang='grc' dir='ltr'><strong><em>τὸ</em></strong></span> <span class='ocrx_word' id='word_1_623' title='bbox 3379 5623 3431 5692; x_wconf 78' lang='grc' dir='ltr'>ἐξ</span> <span class='ocrx_word' id='word_1_624' title='bbox 3490 5624 3666 5707; x_wconf 77' lang='grc' dir='ltr'>ἀρχῆς</span> <span class='ocrx_word' id='word_1_625' title='bbox 3719 5625 3868 5702; x_wconf 82' lang='grc' dir='ltr'>ἡμᾶς</span> 
     </span>
    </p>
   </div>
  </div>
