4152 6216
273 342 391 407 245

1381 340 1776 407 COMMENT.
1821 339 1905 400 IN
1950 335 2196 398 EPIST.
2244 336 2346 397 AD
2389 336 2665 399 TITUM.

3542 336 3658 404 246

266 478 601 557 ᾗγαπῆσθκι.
672 504 694 535 ιι
744 478 1073 560 Ἐφανέρωσε
1128 477 1205 541 δέ.
1271 503 1298 533 ι)
1357 478 1417 535 Τί
1489 475 1812 557 ἐφανέρωσεν
1868 473 1922 529 ἐν

2017 467 2490 560 autem-dignitas
2520 476 2610 530 est
2656 468 2839 560 quod
2866 488 2974 560 nos
3025 468 3098 530 ab
3134 468 3316 560 initio
3341 469 3651 560 dilexerit.

265 581 478 648 καιροῖς
536 567 688 633 ἰδίοις
770 571 859 626 καὶ
930 570 1339 649 προσήκουσιν,
1420 569 1486 634 ἦν
1555 567 1657 644 πρὸ
1713 564 1921 644 χρόνων

270 655 495 713 αἰωνίων
554 657 914 737 ἐπηγγείλατο
970 659 1135 730 ζωήν,
1225 649 1283 715 (Ο
1366 657 1465 735 γὰρ
1523 653 1681 733 λόγος
1737 653 1918 727 αὒτοῦθ

269 744 563 820 τουτέστιν,
609 748 639 804 ὁ
682 749 933 827 Χριστὸς,
991 746 1100 803 ἔστι
1144 767 1201 802 τε
1229 746 1343 816 ζωὴ
1394 746 1481 801 καὶ
1549 748 1691 814 ζωῆς
1735 740 1919 821 δοτήρ.

275 834 372 889 Διὰ
402 841 559 891 τοῦτο
601 837 763 891 εἰπὼν
793 834 875 890 ὅτι
920 833 1275 913 ἐπηγγείλατο
1321 835 1488 907 ζωὴν,
1536 836 1629 891 οὒκ
1685 830 1762 886 ἔτι
1819 830 1922 886 ἐπ-

271 923 498 1000 ήγαγεν,
559 923 853 1002 ἐφανέρωσε
900 921 954 979 δὲ
1011 936 1217 1001 καιροῖς
1245 920 1391 987 ἰδίοις
1448 922 1512 989 ἣν
1570 918 1922 997 ἐπηγγείλατο

270 1011 439 1084 ζωὴν,
474 1010 610 1070 ἀλλὰ
638 1014 730 1069 τὸν
761 1011 919 1089 λόγον
944 1012 1101 1070 αἰ»τοῦ
1154 1009 1239 1067 διὰ
1281 1018 1372 1068 τοῦ
1427 1010 1788 1089 κηρύγματος,
1848 1010 1922 1071 ὡς

270 1106 361 1155 τοῦ
421 1098 584 1178 λόγου
640 1102 820 1178 αύποῦ,
883 1100 1121 1157 τουτέστι
1186 1110 1282 1159 τοῦ
1342 1105 1588 1177 Χριστοῦ,
1636 1100 1732 1165 τῆς
1776 1102 1919 1168 ζωῆς

273 1187 478 1255 ἐκείνης
532 1190 696 1245 αἰτίου
763 1210 822 1245 τε
878 1187 1031 1252 ὄντος
1100 1191 1188 1245 καὶ
1261 1187 1506 1267 δοτῆρος.
1566 1189 1638 1245 Τὸ
1690 1187 1744 1243 ἐν
1812 1208 1920 1254 κη-

272 1277 528 1358 ρύγ-ματι,
599 1277 835 1338 τουτέστι
905 1285 1142 1358 φανερῶς
1215 1278 1302 1333 καὶ
1386 1277 1519 1352 μετὰ
1601 1275 1918 1355 παῤῥησίας.

279 1390 303 1422 ι
357 1355 421 1424 ⁴¹ΙΟ
488 1366 783 1425 ἐπιστεύθεν
840 1355 967 1445 ἐγὼ,
1117 1355 1269 1445 ’ὅπερ
1323 1368 1569 1445 κήρυγμα
1611 1365 1919 1432 ἐπιστεύθην

272 1456 402 1535 ἐγώ,
437 1453 533 1513 Ἐκ
575 1453 630 1511 δὲ
670 1464 763 1514 τοῦ
823 1457 1016 1525 εἰπεῖν,
1076 1456 1423 1522 Ἐπιστεύθην
1477 1455 1565 1512 καὶ
1616 1453 1736 1511 κατ’
1794 1452 1919 1510 ἐπι-

270 1545 441 1624 ταγὴν
472 1544 627 1623 Θεοῦ,
658 1541 818 1611 δηλοῖ
846 1542 956 1602 δεῖν
1006 1545 1057 1611 ἐξ
1112 1545 1345 1624 ἀνάγκης
1404 1545 1491 1600 καὶ
1546 1543 1919 1621 ἀπαραιτήτως

272 1636 359 1691 καὶ
398 1634 619 1691 θέλοντα
646 1635 734 1690 καὶ
760 1635 864 1712 μὴ,
916 1635 1220 1715 κηρύσσειν,
1267 1641 1452 1709 Τοῦτο,
1504 1632 1730 1724 καὶ,νσὺ,
1764 1633 1914 1712 φησὶ,

273 1725 438 1801 ποίει,
469 1723 517 1779 ὦ
544 1732 694 1785 Τῒτε,
754 1744 779 1778 ι
840 1723 977 1797 Τίτῳ
1028 1722 1229 1801 γνησίῳ
1283 1721 1473 1795 τέκνῳ.
1526 1744 1551 1777 υ
1619 1721 1760 1778 Ἐστι
1818 1722 1918 1799 γὰρ

274 1814 416 1869 εἶναι
449 1810 636 1868 τέκνον
665 1808 750 1866 διὰ
776 1813 837 1867 τὸ
864 1809 1203 1888 βεϐαπτίσθαι
1258 1809 1383 1890 παρ’
1439 1810 1615 1886 αύτοτ,
1664 1811 1723 1866 οὒ
1778 1811 1914 1887 γνή-
1942 1840 1982 1888 Β

274 1923 387 1957 σιον
444 1898 525 1972 δὲ,
581 1898 666 1958 διὰ
706 1902 768 1956 τὸ
826 1901 969 1956 εἶναι
1014 1898 1349 1978 ἁμαρτωλόν.
1396 1908 1498 1958 Τοῦ
1567 1896 1621 1954 δὲ
1679 1898 1821 1954 εἶναί
1863 1920 1921 1953 σε

273 1989 459 2046 τέκνον
501 1988 653 2064 ἐμὸν,
687 1988 850 2061 αἰτία,
907 1991 1086 2069 φησὶν,
1145 1991 1181 2057 ἡ
1235 1988 1389 2055 κοινὴ
1432 1990 1632 2052 πίστις.
1678 1990 1924 2045 Ἐπαινεϊ

274 2076 327 2134 δὲ
371 2080 465 2134 τὸν
496 2079 660 2136 Τῖτον
709 2080 782 2142 ὡς
828 2076 971 2135 ούδὲν
1016 2080 1174 2136 αὐτοῦ
1213 2076 1376 2134 πλέον
1417 2078 1555 2133 κατὰ
1598 2078 1696 2144 τὴν
1751 2078 1924 2133 πίστιν

273 2166 440 2246 ἔχων.
489 2199 570 2211 —
598 2144 829 2232 Ἄλλως.
875 2166 1066 2226 Τέκνον
1128 2170 1156 2224 ὁ
1186 2177 1346 2230 Τῖτος
1391 2173 1481 2223 τοῦ
1539 2165 1767 2246 Παύλου,
1799 2166 1926 2222 καθὸ

276 2253 579 2314 ἐδιδάσκετο
643 2253 768 2335 παρ’
826 2261 983 2316 αὐτοῦ
1049 2256 1148 2324 τὴν
1219 2257 1415 2329 πίστιν,
1470 2255 1604 2313 κατὰ
1660 2253 1714 2311 δὲ
1744 2256 1927 2322 κοινὴν

271 2345 469 2419 πίστιν,
505 2344 667 2424 ἤγουν
689 2345 795 2402 ἀπὸ
814 2353 904 2402 τοῦ
930 2346 1317 2423 βαπτίσματος,
1337 2343 1560 2424 ἀδελφὸς
1582 2353 1672 2403 τοῦ
1693 2342 1914 2402 Παύλου.

273 2438 373 2498 Εἷς
404 2435 506 2513 γὰρ
537 2435 721 2514 Πατὴρ
750 2437 779 2491 δ
806 2438 1050 2514 Χριστὸς,
1074 2437 1160 2492 καὶ
1180 2435 1274 2511 μία
1289 2435 1523 2513 μήτ-ηρὴ
1556 2430 1917 2511 κολυμϐήθρα.

276 2540 306 2582 ι
355 2523 545 2603 Χάρις,
580 2523 751 2588 ἕλεος.
790 2546 813 2579 υ
867 2524 1099 2588 Εἰκότως
1129 2524 1287 2604 χάριν
1329 2524 1417 2580 καὶ
1458 2521 1605 2579 ἔλεον
1636 2522 1919 2601 ἐπεύχεται

274 2612 352 2686 τῷ
375 2612 517 2686 Τίτῳ
545 2609 842 2687 διδασκάλῳ
870 2611 1002 2673 ὄντι.
1060 2614 1121 2670 Εἰ
1173 2614 1273 2693 γὰρ
1317 2613 1393 2688 μὴ
1435 2612 1569 2687 μετὰ
1591 2616 1696 2668 τῶν
1728 2610 1921 2667 οἰάκων

277 2703 480 2757 τούτων
510 2698 868 2780 κυϐερνήσεις,
902 2702 1054 2781 φησὶ,
1097 2703 1190 2758 τὸν
1218 2700 1373 2781 λαὸν,
1404 2699 1663 2780 τουτέστι,
1696 2699 1918 2778 χάριτος

275 2787 426 2846 ἐλέου
455 2790 544 2847 καὶ
598 2791 830 2871 εἰρήνης,
876 2790 1303 2871 άνατραπήσεται
1359 2791 1419 2847 τὸ
1459 2789 1556 2858 τῆς
1598 2786 1921 2855 Ἐκκλησίας

909 2988 1161 3044 amas.
1207 2971 1292 3044 ΑΖ

2010 580 2039 613 α
2069 557 2460 619 Mauifestavit
2489 566 2714 620 autem.
2755 582 2778 617 ι)
2806 557 2957 632 Quid
2989 557 3382 619 manifestavit
3416 565 3658 639 tempo-

2003 644 2169 707 ribus
2199 646 2322 708 suis
2345 655 2402 708 et
2429 646 2741 727 congruis?
2762 666 2939 728 quam
2960 647 3035 708 ab
3056 654 3281 711 aaterno
3305 647 3665 727 promiserat

2003 734 2200 799 vitam.
2237 734 2383 796 Nam
2431 754 2632 799 sermo
2684 736 2897 816 ipsius,
2947 737 3059 797 hoc
3090 744 3202 812 est,
3237 736 3531 814 Christus,
3570 744 3661 799 est

2004 823 2119 885 vita
2149 834 2206 885 et
2236 823 2367 884 vitm
2396 823 2589 887 dator.
2650 826 2976 905 Propterea
3033 843 3166 886 cum
3230 825 3474 887 dixisset
3501 826 3663 906 quod

2006 912 2357 992 promiserat
2384 913 2581 987 vitam,
2618 932 2736 974 non
2755 915 2878 993 jam
2912 913 3244 994 subjunxit,
3269 914 3664 978 Manifestavit

2004 1009 2202 1064 autem
2245 1000 2611 1082 temporibus
2668 1002 2791 1064 suis
2839 1022 3015 1084 quam
3049 1004 3401 1084 promiserat
3434 1004 3608 1065 vitam
3640 1028 3653 1067 ε

2005 1089 2133 1165 sed,
2158 1108 2495 1154 sermonem
2521 1110 2692 1152 suum
2716 1111 2823 1172 per
2843 1092 3353 1172 praedicationem,
3380 1100 3657 1173 tanquam

1980 1179 2129 1265 ipse
2155 1197 2373 1253 sermo,
2401 1178 2459 1240 id
2484 1187 2593 1254 est,
2630 1180 2921 1256 Christus,
2974 1180 3052 1242 sit
3094 1181 3253 1243 illius
3304 1184 3433 1243 vitae
3452 1189 3661 1244 auctor

2005 1276 2062 1329 et
2077 1268 2244 1330 dator
2256 1267 2370 1330 Per
2388 1270 2863 1348 praedicationem
2886 1288 3051 1345 vero,
3068 1271 3181 1332 hoc
3208 1278 3323 1344 est,
3345 1271 3656 1334 manifeste

2004 1364 2062 1418 et
2092 1355 2306 1437 palam.
2346 1382 2372 1412 α
2398 1356 2535 1429 Qum
2565 1359 2882 1420 commissa
2909 1367 2997 1420 est
3029 1359 3198 1422 mihi.
3239 1383 3263 1418 ιι
3291 1364 3375 1422 Ex
3396 1379 3465 1422 eo
3498 1361 3655 1441 quod

2002 1445 2084 1506 ait
2108 1463 2121 1506 :
2150 1445 2478 1508 Commissa
2491 1454 2580 1508 est
2598 1446 2763 1528 mihi,
2787 1455 2865 1521 et,
2916 1446 3255 1510 Secundum
3273 1458 3661 1531 praeceptum,

2003 1533 2635 1614 signiﬁcavitoportere
2650 1537 3659 1618 necessarioetnullampraetexendo

2005 1623 2467 1698 excusationem,
2503 1624 2794 1685 volentem
2824 1624 3124 1688 nolentem
3158 1627 3504 1706 praedicare.
3531 1628 3661 1690 Hoc

2005 1722 2066 1772 et
2090 1720 2173 1786 tu,
2198 1711 2408 1792 inquit,
2437 1711 2610 1773 facito
2657 1732 2689 1773 o
2718 1711 2869 1774 Tite.
2906 1736 2928 1771 ιι
2956 1712 3086 1776 Tito
3118 1733 3412 1795 germano
3439 1716 3586 1778 ﬁlio.
3627 1741 3655 1773 ιι

2004 1799 2212 1861 Posset
2245 1802 2400 1862 enim
2436 1819 2568 1862 esse
2600 1801 2762 1863 ﬁlius
2793 1819 2862 1863 eo
2894 1804 3050 1882 quod
3082 1803 3154 1865 ab
3176 1804 3305 1883 ipso
3329 1804 3663 1883 baptizatus

2006 1896 2184 1963 esset,
2220 1898 2278 1951 at
2310 1908 2427 1949 non
2458 1902 2796 1968 germanus,
2833 1907 2903 1953 eo
2955 1891 3113 1970 quod
3146 1902 3421 1971 peccator
3477 1899 3661 1955 esset.

2007 1976 2173 2049 Quod
2206 1985 2400 2039 autem
2435 1996 2605 2038 meus
2622 1978 2703 2038 sis
2724 1978 2902 2052 ﬁlius,
2927 1978 3140 2059 inquit,
3170 1998 3346 2042 causa
3371 1989 3461 2042 est
3490 1999 3659 2046 com-

2011 2065 2206 2126 munis
2237 2065 2405 2126 ﬁdes.
2440 2066 2742 2128 Collaudat
2771 2074 2966 2127 autem
2992 2067 3214 2141 Titum,
3254 2069 3425 2148 quasi
3454 2069 3514 2129 in
3546 2068 3666 2130 ﬁde

2008 2153 2156 2216 nihil
2188 2154 2444 2234 amplius
2475 2154 2691 2216 habeat
2710 2174 2885 2235 quam
2909 2156 3263 2219 ille.—Ali0
3285 2157 3670 2219 m0d0.Filius

2010 2241 2285 2305 Pauliest
2306 2242 2496 2320 Titus,
2546 2242 2703 2323 quod
2753 2245 2825 2303 ab
2857 2243 2985 2323 ipso
3023 2242 3201 2304 ﬁdem
3234 2244 3482 2306 edoctus
3516 2249 3673 2306 esset

2010 2329 2322 2392 Communi
2343 2349 2480 2392 vero
2500 2331 2640 2411 ﬁde,
2667 2331 2788 2392 sive
2807 2349 2840 2393 a
2874 2331 3224 2412 baptismate
3273 2333 3454 2396 frater
3475 2332 3663 2396 Pauli.

2009 2418 2170 2482 Unus
2201 2427 2291 2481 est
2345 2420 2504 2481 enim
2561 2419 2733 2482 Pater
2769 2419 3064 2498 Christus,
3103 2440 3221 2483 una
3250 2430 3310 2484 et
3340 2426 3530 2485 Mater
3563 2422 3663 2503 pi-

2009 2509 2195 2571 scina.
2231 2532 2253 2565 α
2289 2509 2514 2585 Gratia,
2548 2509 2978 2572 misericordia.
3015 2534 3042 2565 »
3092 2511 3304 2573 Merito
3338 2512 3581 2591 gratiam
3614 2517 3676 2572 et

2010 2596 2478 2659 misericordiam
2514 2597 2645 2659 Tito
2675 2605 2954 2679 precatur
2984 2599 3085 2679 qui
3126 2599 3334 2661 doctor
3364 2608 3508 2662 erat.
3544 2598 3671 2660 Nisi

2009 2686 2168 2747 enim
2202 2686 2293 2748 his
2322 2686 2762 2767 gubernaculis,
2802 2686 3017 2767 inquit,
3046 2688 3328 2769 populum
3359 2687 3663 2769 guberna-

2008 2776 2163 2837 veris
2191 2794 2205 2839 :
2229 2794 2465 2857 nempe,
2486 2776 2698 2858 gratia,
2735 2776 3166 2854 misericordia,
3191 2785 3250 2840 et
3289 2798 3455 2859 pace,
3491 2795 3667 2841 ever-

2002 2870 2158 2926 tetur
2189 2865 2352 2926 navis
2372 2864 2677 2927 Ecclesiaz.

2580 2978 2746 3031 που
2774 2969 3014 3035 CAPUT
3045 2970 3093 3034 Ι.

280 3097 308 3129 ι
339 3076 468 3155 Περὶ
497 3073 823 3134 διδασκάλων
868 3074 1167 3144 ἐπιτηδείαν
1194 3078 1266 3142 εἷς
1296 3075 1559 3135 διακονίαν
1588 3076 1676 3132 καὶ
1701 3073 1928 3155 ἔλεγχον

2017 3061 2105 3124 De
2132 3062 2473 3155 doctoribus
2500 3064 2733 3126 idoneis
2758 3065 3275 3155 administerium
3290 3070 3345 3127 et
3365 3065 3669 3147 redargu-

940 3156 1170 3214 ἀπειθῶν
1181 3204 1194 3217 .
1232 3179 1260 3212 ι

360 3285 389 3317 σ
462 3263 660 3321 Τούτου
730 3263 889 3343 χάριν
929 3261 1212 3320 κατέλιπόν
1255 3285 1314 3319 σε
1363 3262 1419 3319 ἐν
1461 3264 1669 3342 Κρήτῃ,
1729 3261 1820 3318 ’ἵνα
1864 3263 1929 3318 τὰ

272 3348 531 3407 λείποντα
651 3350 999 3432 ἐπιδιορθώσῃ
1006 3400 1023 3425 ,
1142 3352 1230 3409 καὶ
1350 3352 1687 3428 καταστήσῃς
1796 3350 1931 3407 κατὰ

281 3438 437 3496 πόλιν
505 3439 907 3521 πρεσϐυτέρους,
976 3442 1049 3505 ὡς
1115 3440 1223 3520 ἐγώ
1291 3463 1374 3498 σοι
1449 3438 1788 3516 διεταξάμην,
1876 3438 1929 3494 εἴ

275 3549 356 3593 τις
484 3528 625 3586 ἐστὶν
746 3531 863 3611 ἆνέγ
871 3529 1096 3610 κλητος,
1223 3534 1346 3605 μιᾶς
1444 3530 1691 3608 γυναικὸς
1772 3529 1925 3608 ἀνὴρ,

274 3615 436 3673 τέκνα
491 3616 639 3699 ἔχων
710 3621 893 3695 πιστὰ,
954 3618 1032 3695 μὴ
1096 3617 1152 3675 ἐν
1212 3617 1504 3697 κατηγορίᾳ
1574 3616 1827 3697 ἀσωτίας,
1894 3618 1930 3686 ἢ

276 3704 644 3772 ἀνυπότακτα,
676 3730 706 3763 ι

362 3786 521 3876 Ὀρᾷς
578 3798 765 3860 αὖτοὺς
823 3795 1001 3876 ὥσπερ
1043 3796 1210 3853 οὶκίαν
1283 3795 1404 3871 μίαν
1465 3794 1565 3861 τὴν
1621 3794 1932 3876 οἰκουμένην

278 3865 741 3962 διανείμαμένους,
787 3886 874 3942 καὶ
940 3865 1162 3942 ἕκαστον
1218 3865 1515 3964 πράττοντά
1570 3902 1668 3962 τι,
1719 3865 1837 3962 τδρα
1881 3882 1936 3940 δὲ

277 3974 371 4029 τὸν
431 3973 667 4043 ἀθλητὴν
731 3982 824 4031 τοῦ
903 3982 1151 4055 Χριστοῦ.
1255 3978 1388 4032 Ενθα
1472 3973 1570 4049 μὲν
1628 3970 1938 4030 κινδυνεύειν

276 4062 428 4135 ὶνῆν,
489 4063 648 4126 αύτὸς
707 4062 1050 4143 παραγίνεται
1085 4077 1100 4091 ⁸
1164 4060 1282 4119 ἔνθα
1325 4060 1380 4117 δὲ
1438 4060 1569 4136 τιμή
1616 4082 1696 4122 τις
1758 4060 1823 4128 ἧν
1880 4063 1939 4143 τὸ

280 4150 585 4232 γινόμενον,
638 4153 760 4217 τοὺς
792 4142 1052 4228 μαθητὰς
1122 4151 1344 4228 πέμπει,
1422 4156 1586 4206 Τοῦτο
1670 4149 1768 4227 γὰρ
1852 4142 1940 4205 ἐπὶ

277 4245 337 4298 τὸ
394 4245 534 4301 κατὰ
611 4244 767 4302 πόλιν
848 4249 1176 4312 καταστῆσαι
1250 4242 1568 4304 ἐπισκόπους
1625 4240 1933 4300 κατέλιπεν»

2344 3145 2572 3207 tionem
2601 3162 2727 3207 non
2758 3145 3327 3226 obtemperantium.

2050 3249 2097 3324 Ι,
2119 3250 2179 3323 5,
2205 3250 2262 3314 6.
2291 3250 2491 3331 Hujus
2512 3257 2608 3313 rei
2616 3252 2819 3331 gratia
2831 3252 3124 3333 relz'quite
3138 3255 3201 3315 in
3215 3252 3426 3333 Creta,
3448 3258 3517 3315 ut
3540 3269 3670 3331 qua:

2010 3340 2250 3419 desunt,
2254 3357 2473 3420 pergas
2487 3343 2814 3420 corrigere,
2836 3348 2892 3402 et
2904 3342 3230 3403 constituas
3241 3341 3505 3419 singulis
3517 3343 3672 3404 civi-

2013 3428 2236 3491 tatibus
2249 3428 2652 3509 presbyteros,
2677 3431 2831 3491 sz’eut
2851 3446 2960 3507 ego
2993 3430 3103 3491 tibi
3115 3431 3576 3491 ordinaveram.
3599 3428 3677 3491 Si

2012 3520 2146 3597 quis
2160 3524 2241 3580 sit
2255 3518 2821 3599 inculpatus,unius
2834 3519 3047 3580 uxoris
3077 3518 3421 3592 virtheros
3446 3517 3676 3579 habens

2011 3606 2236 3687 fideles,
2260 3625 2380 3670 non
2410 3607 2706 3670 obnoxios
2735 3606 2983 3670 libidini
3010 3613 3117 3669 aut
3149 3606 3587 3669 intractubiles.

2100 3782 2282 3846 Vides
2310 3784 2472 3866 ipsos
2502 3784 2775 3847 divisisse
2833 3784 2993 3847 inter
3042 3802 3108 3846 se
3159 3783 3365 3846 orbem
3401 3789 3676 3864 tanquam

2020 3890 2197 3934 unam
2231 3872 2536 3953 familiam,
2567 3881 2623 3935 et
2656 3891 3141 3954 unumquemque
3166 3871 3322 3954 quod
3349 3891 3520 3933 suum
3546 3882 3679 3935 erat

2022 3969 2322 4024 curantem
2350 3962 2380 4021 ‘?
2412 3962 2739 4025 Considera
2766 3981 2903 4024 vero
2954 3962 3174 4025 Christi
3222 3961 3520 4025 athletam.
3553 3961 3679 4025 Hoc

2025 4050 2265 4130 quidem
2301 4050 2402 4112 ubi
2447 4052 2778 4132 periculum
2810 4051 3182 4130 imminebat,
3236 4052 3364 4132 ipse
3397 4051 3629 4113 accedit
3661 4072 3675 4111 :

2024 4139 2125 4200 ubi
2145 4158 2283 4201 vero
2315 4141 2507 4202 honor
2537 4141 2752 4221 aliquis
2799 4158 3154 4204 accessurus
3188 4149 3337 4220 erat,
3372 4140 3551 4201 mittit
3580 4140 3678 4202 di-

2023 4227 2305 4308 scipulos.
2330 4228 2501 4291 Hunc
2533 4228 2691 4290 enim
2723 4229 3073 4311 reliquerat,
3095 4240 3157 4291 ut
3182 4229 3430 4309 singulis
3468 4229 3682 4292 civita-

280 4330 570 4390 ἐπίσκοπον
622 4334 875 4413 πρότερον
903 4334 1153 4403 ποιήσας.
1190 4333 1288 4390 Καὶ
1331 4330 1450 4410 ὅρα,
1518 4332 1613 4387 ούκ
1674 4331 1925 4410 αἰσχύνε-

2019 4315 2178 4383 tibus
2234 4317 2620 4379 constitueret
2686 4319 3021 4399 episcopos,
3102 4338 3234 4380 cum
3310 4337 3445 4379 eum
3513 4317 3678 4398 prius

282 4443 367 4477 ται
394 4428 472 4497 τῷ
515 4426 729 4500 μαθητῇ
781 4423 1015 4502 γράφων,
1064 4419 1444 4501 Ἐπιδιορθώσῃ
1485 4419 1552 4476 τὰ
1594 4417 1716 4495 παρ’
1775 4419 1928 4495 ἐμοῦ,

284 4512 467 4588 ιρησὶν,
524 4510 878 4593 ἐλλειφθέντα.
945 4502 1092 4574 Ἐνος
1148 4510 1247 4588 γὰρ
1316 4507 1525 4587 ἐγένετο
1585 4508 1768 4583 μόνου,
1841 4513 1937 4574 τῆς

286 4601 555 4679 σωτηρίας
622 4606 729 4657 τῶν
798 4600 1069 4660 ἁπάντων.
1133 4619 1156 4654 α
1217 4599 1363 4657 Κατᾶ
1428 4596 1582 4654 πόλιν
1649 4594 1940 4677 πρεσϐυτέ-

286 4710 432 4768 ρως.
484 4713 511 4747 ι
546 4692 621 4748 Ού
647 4690 746 4769 γὰρ
799 4686 1044 4746 ἐϐούλετο
1094 4694 1269 4745 πᾶσαν
1321 4687 1421 4755 τὴν
1467 4692 1629 4754 νῆσον
1672 4686 1772 4753 τὴν
1804 4687 1916 4764 Κρή

287 4799 413 4854 την,
488 4776 734 4856 μεγάλην
809 4777 989 4850 οὖσαν,
1067 4774 1434 4854 ἐπιτετράφθαι
1515 4775 1589 4830 ἐνὶ
1644 4772 1940 4844 ἐπισκόπῳ,

290 4865 410 4923 ἀλλ’
470 4866 704 4933 ἑκάστην
744 4864 899 4923 πόλιν
941 4864 1088 4945 ἔχειν
1148 4863 1284 4921 ἴδιον
1353 4862 1601 4938 ποιμένα.
1656 4859 1945 4940 Πρεσϐυτὲ-

291 4978 409 5035 ρους
451 4953 534 5031 δὲ,
566 4956 689 5020 τοὺς
721 4954 1039 5018 ἐπισκόπους
1095 4952 1277 5015 καλεῖ.
1329 4978 1357 5008 ι
1405 4949 1475 5010 Εἴ
1503 4974 1584 5015 τις
1617 4950 1756 5007 ἐστὶν
1784 4949 1946 5028 ἀνέγ-

292 5045 518 5113 κλητος.
582 5069 608 5101 ι
671 5044 1025 5124 Κατηγορίας,
1074 5042 1224 5123 φησί,
1297 5043 1522 5121 καθαρὸς
1566 5040 1708 5115 αύτῷ
1751 5042 1779 5096 ὁ
1835 5040 1945 5115 βίος

294 5132 633 5215 τυγχανέτω,
690 5136 779 5190 καὶ
847 5131 1030 5209 μηδεὶς
1101 5132 1275 5213 ἐχέτω
1343 5130 1588 5211 ἀφορμὴν
1644 5129 1945 5203 ἐπισκῶψαι

297 5228 453 5283 αὐτοῦ
509 5225 606 5292 τὴν
668 5223 834 5295 ζωήν.
900 5244 923 5276 ε
990 5227 1126 5285 Μιᾶς
1169 5221 1414 5299 γυναικὸς
1463 5219 1616 5297 ἀνήρ.
1670 5240 1693 5275 ιι
1746 5217 1937 5290 Αὐτὴν,

298 5315 478 5391 φησὶν,
541 5309 722 5369 εἰδέτω
768 5312 869 5379 τὴν
921 5310 1152 5387 νομίμην
1208 5309 1399 5384 μόνην.
1461 5309 1590 5373 Τοὺς
1647 5308 1735 5362 τὸν
1777 5306 1947 5384 γάμον

298 5399 741 5479 βδελυσσομένους
833 5402 1118 5480 αἱρετικοὺς
1195 5397 1540 5473 ἐπιστομίζει,
1625 5397 1697 5461 ὡς
1792 5393 1948 5450 δυνα-

302 5492 489 5566 μένους
534 5492 623 5547 καὶ
690 5490 824 5566 μετᾶ
869 5491 1041 5568 γάμου
1112 5487 1406 5553 ἐπισκοπῆς
1461 5499 1705 5565 προνοεῖν
1782 5507 1949 5547 τινος.

303 5582 402 5641 Τὸν
472 5578 531 5637 δὲ
616 5577 1018 5661 δευτερόγαμον,
1086 5580 1160 5641 ὡς
1234 5574 1358 5633 ὄντα
1424 5577 1526 5633 ὑπὸ
1595 5576 1950 5654 κατάγνωσιν,

2016 4414 2275 4466 creasset
2310 4406 2679 4487 episcopum.
2746 4406 3164 4470 Animadverte
3200 4415 3488 4487 praeterea
3512 4407 3672 4487 quod

2019 4494 2214 4573 ipsum
2247 4514 2366 4555 non
2399 4496 2614 4575 pudeat
2643 4495 2907 4558 scribere
2939 4496 3231 4576 discipulo
3267 4513 3280 4557 :
3319 4499 3506 4572 Perge
3536 4511 3674 4555 cor-

2028 4582 2225 4658 rigere
2255 4602 2385 4664 quae
2414 4602 2448 4644 a
2478 4603 2573 4646 me
2628 4585 2840 4647 relicta
2887 4592 3026 4646 sunt
3062 4605 3075 4644 :
3132 4586 3257 4647 Hoc
3303 4582 3464 4645 enim
3498 4599 3680 4643 unum

2030 4671 2407 4751 respiciebat,
2444 4692 2659 4753 nempe
2717 4672 2984 4733 omnium
3044 4672 3320 4734 salutem.
3358 4696 3384 4727 α
3420 4669 3685 4750 Singulis

2031 4760 2363 4823 civitatibus
2398 4764 3050 4842 presbyteros.»Neque
3072 4761 3229 4823 enim
3254 4759 3489 4822 volebat
3504 4767 3683 4821 totam

2030 4853 2216 4913 Creta)
2246 4851 2499 4912 insulam
2537 4870 2669 4932 quae
2701 4870 2913 4930 magna
2970 4857 3102 4912 erat
3152 4850 3255 4911 uni
3304 4849 3685 4911 commissam

2033 4957 2162 5000 esse
2195 4939 2495 5019 episcopo,
2522 4940 2626 5001 sed
2660 4941 2919 5019 singulas
2951 4939 3220 5001 civitates
3251 4957 3420 5000 suum
3464 4937 3688 5002 habere

2030 5037 2349 5108 pastorem.
2388 5028 2737 5109 l’esbyteros
2769 5036 2965 5090 autem
2988 5034 3158 5089 vocat
3184 5026 3521 5109 episcopos.
3564 5048 3588 5083 ιι
3624 5025 3688 5090 Si

2031 5118 2166 5199 quis
2196 5118 2270 5179 sit
2299 5119 2650 5198 inculpatus.
2692 5143 2717 5173 ι
2752 5118 2860 5179 Cui
2908 5118 3024 5179 vita
3075 5135 3220 5198 pura
3278 5117 3352 5178 sit
3400 5117 3472 5179 ab
3523 5117 3687 5179 omni

2031 5207 2284 5270 crimine
2314 5217 2371 5269 et
2393 5206 2791 5284 accusatione,
2818 5226 2894 5271 ne
2915 5207 3224 5289 quisquam
3248 5205 3687 5269 accusationem

2033 5296 2246 5359 habeat
2275 5296 2558 5378 carpendi
2588 5296 2761 5359 vitam
2814 5298 2963 5378 ejus.
3005 5322 3030 5352 α
3065 5296 3251 5361 Unius
3277 5296 3478 5359 uxoris
3506 5296 3614 5359 vir.
3651 5316 3681 5358 ›

2036 5385 2233 5448 Solam
2260 5405 2434 5447 unam
2456 5386 2685 5447 noverit
2714 5406 2847 5467 quae
2868 5386 3130 5467 legitima
3154 5385 3355 5450 fuerit.
3383 5386 3690 5449 Haereticis

2038 5474 2377 5555 conjugium
2409 5474 2889 5538 abominantibus
2915 5475 3213 5538 silentium
3241 5476 3518 5558 imponit,
3555 5493 3692 5537 cum

2039 5565 2265 5648 possint
2305 5584 2436 5626 cum
2470 5564 2847 5628 matrimonio
2889 5565 3064 5629 alicui
3094 5584 3349 5647 prmesse
3380 5565 3689 5647 episcopa—
