  <div class='ocr_page' id='page_1' title='image "/cluster/home/n/w/nwhite01/storage/ocr_20150623/119/hvd.32044073502494/131.png"; bbox 0 0 4152 6216; ppageno 0'>
   <div class='ocr_carea' id='block_1_1' title="bbox 447 317 565 397">
    <p class='ocr_par' dir='ltr' id='par_1_1' title="bbox 447 317 565 397">
     <span class='ocr_line' id='line_1_1' title="bbox 447 317 565 397; baseline -0.017 0"><span class='ocrx_word' id='word_1_1' title='bbox 447 317 565 397; x_wconf 69' lang='grc'><strong>247</strong></span> 
     </span>
    </p>
   </div>
   <div class='ocr_carea' id='block_1_2' title="bbox 1568 314 2691 387">
    <p class='ocr_par' dir='ltr' id='par_1_2' title="bbox 1568 314 2691 387">
     <span class='ocr_line' id='line_1_2' title="bbox 1568 314 2691 387; baseline -0.004 0"><span class='ocrx_word' id='word_1_2' title='bbox 1568 315 1982 387; x_wconf 73' lang='lat' dir='ltr'><strong>CECUMENII</strong></span> <span class='ocrx_word' id='word_1_3' title='bbox 2024 314 2319 381; x_wconf 65' lang='lat' dir='ltr'><strong>TRICGAE</strong></span> <span class='ocrx_word' id='word_1_4' title='bbox 2356 315 2691 384; x_wconf 85' lang='lat' dir='ltr'><strong>EPISCOPI</strong></span> 
     </span>
    </p>
   </div>
   <div class='ocr_carea' id='block_1_3' title="bbox 3700 318 3819 387">
    <p class='ocr_par' dir='ltr' id='par_1_3' title="bbox 3700 318 3819 387">
     <span class='ocr_line' id='line_1_3' title="bbox 3700 318 3819 387; baseline 0 0"><span class='ocrx_word' id='word_1_5' title='bbox 3700 318 3819 387; x_wconf 64' lang='lat'><strong>948</strong></span> 
     </span>
    </p>
   </div>
   <div class='ocr_carea' id='block_1_4' title="bbox 445 447 2102 537">
    <p class='ocr_par' dir='ltr' id='par_1_4' title="bbox 445 450 2096 534">
     <span class='ocr_line' id='line_1_4' title="bbox 445 450 2096 534; baseline -0.001 -21"><span class='ocrx_word' id='word_1_6' title='bbox 445 451 556 523; x_wconf 85' lang='lat' dir='ltr'><strong>tui.</strong></span> <span class='ocrx_word' id='word_1_7' title='bbox 580 452 895 532; x_wconf 78' lang='lat' dir='ltr'><strong>Bigamum</strong></span> <span class='ocrx_word' id='word_1_8' title='bbox 924 470 1065 525; x_wconf 79' lang='lat' dir='ltr'><strong>,vero</strong></span> <span class='ocrx_word' id='word_1_9' title='bbox 1093 452 1352 534; x_wconf 83' lang='lat' dir='ltr'><strong>repellit,</strong></span> <span class='ocrx_word' id='word_1_10' title='bbox 1380 459 1679 532; x_wconf 78' lang='lat' dir='ltr'><strong>tanquam</strong></span> <span class='ocrx_word' id='word_1_11' title='bbox 1709 450 2007 531; x_wconf 88' lang='lat' dir='ltr'><strong>vituperio</strong></span> <span class='ocrx_word' id='word_1_12' title='bbox 2036 455 2096 513; x_wconf 91' lang='lat' dir='ltr'><strong>et</strong></span> 
     </span>
    </p>
   </div>
   <div class='ocr_carea' id='block_1_5' title="bbox 2191 447 3818 537">
    <p class='ocr_par' dir='ltr' id='par_1_5' title="bbox 2191 447 3818 537">
     <span class='ocr_line' id='line_1_5' title="bbox 2191 447 3818 537; baseline 0.003 -30"><span class='ocrx_word' id='word_1_13' title='bbox 2191 448 2390 516; x_wconf 82' lang='grc' dir='ltr'>ιωλόει,</span> <span class='ocrx_word' id='word_1_14' title='bbox 2428 471 2453 509; x_wconf 74' lang='grc' dir='ltr'>ι</span> <span class='ocrx_word' id='word_1_15' title='bbox 2488 452 2655 512; x_wconf 88' lang='grc' dir='ltr'>Τέκνα</span> <span class='ocrx_word' id='word_1_16' title='bbox 2709 454 2855 536; x_wconf 78' lang='grc' dir='ltr'><strong>ἔχων</strong></span> <span class='ocrx_word' id='word_1_17' title='bbox 2910 455 3090 518; x_wconf 87' lang='grc' dir='ltr'>πιστά.</span> <span class='ocrx_word' id='word_1_18' title='bbox 3156 477 3182 515; x_wconf 67' lang='grc' dir='ltr'><strong><em>ι</em></strong></span> <span class='ocrx_word' id='word_1_19' title='bbox 3242 447 3300 516; x_wconf 70' lang='grc'><strong>’0</strong></span> <span class='ocrx_word' id='word_1_20' title='bbox 3328 455 3429 537; x_wconf 72' lang='grc' dir='ltr'>γὰρ</span> <span class='ocrx_word' id='word_1_21' title='bbox 3460 456 3525 516; x_wconf 77' lang='grc' dir='ltr'><strong>τὰ</strong></span> <span class='ocrx_word' id='word_1_22' title='bbox 3551 453 3710 513; x_wconf 83' lang='grc' dir='ltr'>τέκνα</span> <span class='ocrx_word' id='word_1_23' title='bbox 3738 454 3818 532; x_wconf 76' lang='grc' dir='ltr'><strong>μὴ</strong></span> 
     </span>
    </p>
   </div>
   <div class='ocr_carea' id='block_1_6' title="bbox 444 538 2094 625">
    <p class='ocr_par' dir='ltr' id='par_1_6' title="bbox 444 538 2094 625">
     <span class='ocr_line' id='line_1_6' title="bbox 444 538 2094 625; baseline -0.002 -20"><span class='ocrx_word' id='word_1_24' title='bbox 444 542 811 625; x_wconf 85' lang='lat' dir='ltr'><strong>contemptui</strong></span> <span class='ocrx_word' id='word_1_25' title='bbox 838 541 1179 609; x_wconf 81' lang='lat' dir='ltr'><strong>obnoxium.</strong></span> <span class='ocrx_word' id='word_1_26' title='bbox 1218 565 1247 597; x_wconf 72' lang='grc' dir='ltr'><strong>ε</strong></span> <span class='ocrx_word' id='word_1_27' title='bbox 1278 539 1526 604; x_wconf 84' lang='lat' dir='ltr'><strong>Liberos</strong></span> <span class='ocrx_word' id='word_1_28' title='bbox 1569 538 1797 602; x_wconf 80' lang='lat' dir='ltr'><strong>habens</strong></span> <span class='ocrx_word' id='word_1_29' title='bbox 1825 538 2094 625; x_wconf 64' lang='lat' dir='ltr'><strong>ﬁdeles.»</strong></span> 
     </span>
    </p>
   </div>
   <div class='ocr_carea' id='block_1_7' title="bbox 447 622 2097 710">
    <p class='ocr_par' dir='ltr' id='par_1_7' title="bbox 447 622 2097 710">
     <span class='ocr_line' id='line_1_7' title="bbox 447 622 2097 710; baseline -0.004 -13"><span class='ocrx_word' id='word_1_30' title='bbox 447 626 563 705; x_wconf 79' lang='lat' dir='ltr'><strong>Qui</strong></span> <span class='ocrx_word' id='word_1_31' title='bbox 588 622 728 694; x_wconf 80' lang='lat' dir='ltr'><strong>suos</strong></span> <span class='ocrx_word' id='word_1_32' title='bbox 752 631 919 703; x_wconf 82' lang='lat' dir='ltr'><strong>enim</strong></span> <span class='ocrx_word' id='word_1_33' title='bbox 948 630 1171 694; x_wconf 90' lang='lat' dir='ltr'><strong>liberos</strong></span> <span class='ocrx_word' id='word_1_34' title='bbox 1186 648 1306 692; x_wconf 92' lang='lat' dir='ltr'><strong>non</strong></span> <span class='ocrx_word' id='word_1_35' title='bbox 1328 627 1608 705; x_wconf 75' lang='lat' dir='ltr'><strong>correxit,</strong></span> <span class='ocrx_word' id='word_1_36' title='bbox 1632 622 1930 710; x_wconf 87' lang='lat' dir='ltr'><strong>quomodo</strong></span> <span class='ocrx_word' id='word_1_37' title='bbox 1951 628 2097 692; x_wconf 85' lang='lat' dir='ltr'><strong>alie-</strong></span> 
     </span>
    </p>
   </div>
   <div class='ocr_carea' id='block_1_8' title="bbox 448 717 1383 799">
    <p class='ocr_par' dir='ltr' id='par_1_8' title="bbox 448 717 1383 799">
     <span class='ocr_line' id='line_1_8' title="bbox 448 717 1383 799; baseline -0.007 -14"><span class='ocrx_word' id='word_1_38' title='bbox 448 738 559 785; x_wconf 91' lang='lat' dir='ltr'><strong>nos</strong></span> <span class='ocrx_word' id='word_1_39' title='bbox 591 720 851 799; x_wconf 79' lang='lat' dir='ltr'><strong>corriget</strong></span> <span class='ocrx_word' id='word_1_40' title='bbox 878 738 946 781; x_wconf 91' lang='lat' dir='ltr'><strong>ac</strong></span> <span class='ocrx_word' id='word_1_41' title='bbox 976 717 1383 798; x_wconf 86' lang='lat' dir='ltr'><strong>gubernabit?</strong></span> 
     </span>
    </p>
   </div>
   <div class='ocr_carea' id='block_1_9' title="bbox 527 806 2100 889">
    <p class='ocr_par' dir='ltr' id='par_1_9' title="bbox 527 806 2100 889">
     <span class='ocr_line' id='line_1_9' title="bbox 527 806 2100 889; baseline -0.003 -16"><span class='ocrx_word' id='word_1_42' title='bbox 527 810 667 873; x_wconf 76' lang='lat'><strong>290</strong></span> <span class='ocrx_word' id='word_1_43' title='bbox 684 811 734 889; x_wconf 90' lang='grc' dir='ltr'><strong>Ι,</strong></span> <span class='ocrx_word' id='word_1_44' title='bbox 750 809 876 872; x_wconf 89' lang='lat'><strong>7-8.</strong></span> <span class='ocrx_word' id='word_1_45' title='bbox 898 806 1158 887; x_wconf 84' lang='lat' dir='ltr'><strong>Oportet</strong></span> <span class='ocrx_word' id='word_1_46' title='bbox 1172 807 1337 870; x_wconf 84' lang='lat' dir='ltr'><strong>enim</strong></span> <span class='ocrx_word' id='word_1_47' title='bbox 1352 809 1696 888; x_wconf 86' lang='lat' dir='ltr'><strong>episcopum</strong></span> <span class='ocrx_word' id='word_1_48' title='bbox 1716 806 2100 887; x_wconf 74' lang='lat' dir='ltr'><strong>inculpatum</strong></span> 
     </span>
    </p>
   </div>
   <div class='ocr_carea' id='block_1_10' title="bbox 448 897 2094 979">
    <p class='ocr_par' dir='ltr' id='par_1_10' title="bbox 448 897 2094 979">
     <span class='ocr_line' id='line_1_10' title="bbox 448 897 2094 979; baseline -0.005 -14"><span class='ocrx_word' id='word_1_49' title='bbox 448 916 575 965; x_wconf 74' lang='lat' dir='ltr'><strong>esse</strong></span> <span class='ocrx_word' id='word_1_50' title='bbox 592 906 883 979; x_wconf 83' lang='lat' dir='ltr'><strong>tanquam</strong></span> <span class='ocrx_word' id='word_1_51' title='bbox 902 897 1019 960; x_wconf 86' lang='lat' dir='ltr'><strong>Dei</strong></span> <span class='ocrx_word' id='word_1_52' title='bbox 1030 897 1531 977; x_wconf 75' lang='lat' dir='ltr'><strong>dispensatorem,</strong></span> <span class='ocrx_word' id='word_1_53' title='bbox 1552 897 2094 976; x_wconf 76' lang='lat' dir='ltr'><strong>nonprwfractum,</strong></span> 
     </span>
    </p>
   </div>
   <div class='ocr_carea' id='block_1_11' title="bbox 446 984 2095 1063">
    <p class='ocr_par' dir='ltr' id='par_1_11' title="bbox 446 984 2095 1063">
     <span class='ocr_line' id='line_1_11' title="bbox 446 984 2095 1063; baseline -0.001 -16"><span class='ocrx_word' id='word_1_54' title='bbox 446 984 1099 1061; x_wconf 60' lang='lat' dir='ltr'><strong>noniracundumnton</strong></span> <span class='ocrx_word' id='word_1_55' title='bbox 1114 985 1604 1059; x_wconf 82' lang='lat' dir='ltr'><strong>debacchantem,</strong></span> <span class='ocrx_word' id='word_1_56' title='bbox 1628 1001 1752 1046; x_wconf 85' lang='lat' dir='ltr'><strong>non</strong></span> <span class='ocrx_word' id='word_1_57' title='bbox 1777 1000 2095 1063; x_wconf 86' lang='lat' dir='ltr'><strong>percusso-</strong></span> 
     </span>
    </p>
   </div>
   <div class='ocr_carea' id='block_1_12' title="bbox 447 1072 2093 1154">
    <p class='ocr_par' dir='ltr' id='par_1_12' title="bbox 447 1072 2093 1154">
     <span class='ocr_line' id='line_1_12' title="bbox 447 1072 2093 1154; baseline 0 -19"><span class='ocrx_word' id='word_1_58' title='bbox 447 1090 599 1149; x_wconf 89' lang='lat' dir='ltr'><strong>rem,</strong></span> <span class='ocrx_word' id='word_1_59' title='bbox 622 1092 748 1145; x_wconf 81' lang='lat' dir='ltr'><strong>non</strong></span> <span class='ocrx_word' id='word_1_60' title='bbox 774 1076 1032 1154; x_wconf 74' lang='lat' dir='ltr'><strong>turpiter</strong></span> <span class='ocrx_word' id='word_1_61' title='bbox 1053 1073 1226 1141; x_wconf 85' lang='lat' dir='ltr'><strong>lucro</strong></span> <span class='ocrx_word' id='word_1_62' title='bbox 1245 1074 1555 1137; x_wconf 85' lang='lat' dir='ltr'><strong>deditum:</strong></span> <span class='ocrx_word' id='word_1_63' title='bbox 1580 1073 1686 1136; x_wconf 89' lang='lat' dir='ltr'><strong>sed</strong></span> <span class='ocrx_word' id='word_1_64' title='bbox 1714 1072 2093 1153; x_wconf 83' lang='lat' dir='ltr'><strong>hospitalem,</strong></span> 
     </span>
    </p>
   </div>
   <div class='ocr_carea' id='block_1_13' title="bbox 449 1159 2092 1243">
    <p class='ocr_par' dir='ltr' id='par_1_13' title="bbox 449 1159 2092 1243">
     <span class='ocr_line' id='line_1_13' title="bbox 449 1159 2092 1243; baseline 0.001 -20"><span class='ocrx_word' id='word_1_65' title='bbox 449 1159 749 1235; x_wconf 82' lang='lat' dir='ltr'><strong>bonarum</strong></span> <span class='ocrx_word' id='word_1_66' title='bbox 791 1181 1003 1233; x_wconf 77' lang='lat' dir='ltr'><strong>rerum</strong></span> <span class='ocrx_word' id='word_1_67' title='bbox 1066 1164 1435 1240; x_wconf 85' lang='lat' dir='ltr'><strong>studiosum,</strong></span> <span class='ocrx_word' id='word_1_68' title='bbox 1496 1161 1785 1243; x_wconf 85' lang='lat' dir='ltr'><strong>sobrium,</strong></span> <span class='ocrx_word' id='word_1_69' title='bbox 1833 1165 2092 1243; x_wconf 86' lang='lat' dir='ltr'><strong>justum,</strong></span> 
     </span>
    </p>
   </div>
   <div class='ocr_carea' id='block_1_14' title="bbox 446 1253 2096 1332">
    <p class='ocr_par' dir='ltr' id='par_1_14' title="bbox 446 1253 2096 1332">
     <span class='ocr_line' id='line_1_14' title="bbox 446 1253 2096 1332; baseline 0 -20"><span class='ocrx_word' id='word_1_70' title='bbox 446 1258 749 1331; x_wconf 76' lang='lat' dir='ltr'><strong>sanctum,</strong></span> <span class='ocrx_word' id='word_1_71' title='bbox 768 1259 1225 1332; x_wconf 87' lang='lat' dir='ltr'><strong>temperantem,</strong></span> <span class='ocrx_word' id='word_1_72' title='bbox 1248 1259 1513 1315; x_wconf 78' lang='lat' dir='ltr'><strong>tenacem</strong></span> <span class='ocrx_word' id='word_1_73' title='bbox 1552 1253 1680 1330; x_wconf 77' lang='lat' dir='ltr'><strong>eius</strong></span> <span class='ocrx_word' id='word_1_74' title='bbox 1727 1255 1834 1332; x_wconf 85' lang='lat' dir='ltr'><strong>qui</strong></span> <span class='ocrx_word' id='word_1_75' title='bbox 1877 1268 2096 1314; x_wconf 86' lang='lat' dir='ltr'><strong>secun-</strong></span> 
     </span>
    </p>
   </div>
   <div class='ocr_carea' id='block_1_15' title="bbox 2181 536 3157 625">
    <p class='ocr_par' dir='ltr' id='par_1_15' title="bbox 2181 536 3157 625">
     <span class='ocr_line' id='line_1_15' title="bbox 2181 536 3157 625; baseline 0.007 -29"><span class='ocrx_word' id='word_1_76' title='bbox 2181 536 2445 619; x_wconf 83' lang='grc' dir='ltr'>ρυθμίσας,</span> <span class='ocrx_word' id='word_1_77' title='bbox 2478 548 2592 608; x_wconf 84' lang='grc' dir='ltr'><strong>πῶς</strong></span> <span class='ocrx_word' id='word_1_78' title='bbox 2622 542 2827 625; x_wconf 76' lang='grc' dir='ltr'>ἑτέρους</span> <span class='ocrx_word' id='word_1_79' title='bbox 2856 542 3110 603; x_wconf 75' lang='grc' dir='ltr'>διευθυνεῖ</span> <span class='ocrx_word' id='word_1_80' title='bbox 3140 562 3157 621; x_wconf 87' lang='grc'><strong>;</strong></span> 
     </span>
    </p>
   </div>
   <div class='ocr_carea' id='block_1_16' title="bbox 2265 808 3822 891">
    <p class='ocr_par' dir='ltr' id='par_1_16' title="bbox 2265 808 3822 891">
     <span class='ocr_line' id='line_1_16' title="bbox 2265 808 3822 891; baseline 0.009 -31"><span class='ocrx_word' id='word_1_81' title='bbox 2265 827 2293 860; x_wconf 73' lang='grc' dir='ltr'><strong>α</strong></span> <span class='ocrx_word' id='word_1_82' title='bbox 2355 815 2452 863; x_wconf 90' lang='grc' dir='ltr'>Δεῖ</span> <span class='ocrx_word' id='word_1_83' title='bbox 2505 808 2604 889; x_wconf 81' lang='grc' dir='ltr'>γὰρ</span> <span class='ocrx_word' id='word_1_84' title='bbox 2655 810 2746 868; x_wconf 82' lang='grc' dir='ltr'><strong>τὸν</strong></span> <span class='ocrx_word' id='word_1_85' title='bbox 2817 809 3105 868; x_wconf 81' lang='grc' dir='ltr'>ἐπίσκοπον</span> <span class='ocrx_word' id='word_1_86' title='bbox 3189 810 3519 891; x_wconf 80' lang='grc' dir='ltr'>ἀνέγκλητον</span> <span class='ocrx_word' id='word_1_87' title='bbox 3561 812 3706 870; x_wconf 77' lang='grc' dir='ltr'>εἶναι</span> <span class='ocrx_word' id='word_1_88' title='bbox 3747 812 3822 874; x_wconf 80' lang='grc' dir='ltr'><strong>ὡς</strong></span> 
     </span>
    </p>
   </div>
   <div class='ocr_carea' id='block_1_17' title="bbox 2182 898 3823 981">
    <p class='ocr_par' dir='ltr' id='par_1_17' title="bbox 2182 898 3823 981">
     <span class='ocr_line' id='line_1_17' title="bbox 2182 898 3823 981; baseline 0.01 -31"><span class='ocrx_word' id='word_1_89' title='bbox 2182 900 2335 971; x_wconf 84' lang='grc' dir='ltr'><strong>Θεοῦ,</strong></span> <span class='ocrx_word' id='word_1_90' title='bbox 2421 898 2720 974; x_wconf 78' lang='grc' dir='ltr'>οἰκονόμον,</span> <span class='ocrx_word' id='word_1_91' title='bbox 2805 899 2884 974; x_wconf 74' lang='grc' dir='ltr'><strong>μὴ</strong></span> <span class='ocrx_word' id='word_1_92' title='bbox 2967 898 3189 977; x_wconf 72' lang='grc' dir='ltr'>αὐθάδη,</span> <span class='ocrx_word' id='word_1_93' title='bbox 3279 902 3358 977; x_wconf 77' lang='grc' dir='ltr'><strong>μὴ</strong></span> <span class='ocrx_word' id='word_1_94' title='bbox 3442 900 3672 981; x_wconf 78' lang='grc' dir='ltr'><strong>ὀργίλον,</strong></span> <span class='ocrx_word' id='word_1_95' title='bbox 3743 899 3823 975; x_wconf 76' lang='grc' dir='ltr'><strong>μὴ</strong></span> 
     </span>
    </p>
   </div>
   <div class='ocr_carea' id='block_1_18' title="bbox 2181 983 3825 1071">
    <p class='ocr_par' dir='ltr' id='par_1_18' title="bbox 2181 983 3825 1071">
     <span class='ocr_line' id='line_1_18' title="bbox 2181 983 3825 1071; baseline 0.003 -32"><span class='ocrx_word' id='word_1_96' title='bbox 2181 983 2454 1071; x_wconf 64' lang='grc' dir='ltr'>πάροινον,</span> <span class='ocrx_word' id='word_1_97' title='bbox 2528 987 2607 1063; x_wconf 75' lang='grc' dir='ltr'><strong>μὴ</strong></span> <span class='ocrx_word' id='word_1_98' title='bbox 2689 986 2961 1069; x_wconf 80' lang='grc' dir='ltr'>πλήκτην,</span> <span class='ocrx_word' id='word_1_99' title='bbox 3047 990 3125 1065; x_wconf 79' lang='grc' dir='ltr'>μὴ</span> <span class='ocrx_word' id='word_1_100' title='bbox 3209 988 3559 1071; x_wconf 71' lang='grc' dir='ltr'>αἰσχροκερδῆ</span> <span class='ocrx_word' id='word_1_101' title='bbox 3591 1006 3608 1023; x_wconf 82' lang='grc'><em>’</em></span> <span class='ocrx_word' id='word_1_102' title='bbox 3686 987 3825 1045; x_wconf 83' lang='grc' dir='ltr'><strong>ἀλλά</strong></span> 
     </span>
    </p>
   </div>
   <div class='ocr_carea' id='block_1_19' title="bbox 2182 1070 3821 1159">
    <p class='ocr_par' dir='ltr' id='par_1_19' title="bbox 2182 1070 3821 1159">
     <span class='ocr_line' id='line_1_19' title="bbox 2182 1070 3821 1159; baseline 0.004 -32"><span class='ocrx_word' id='word_1_103' title='bbox 2182 1070 2470 1154; x_wconf 72' lang='grc' dir='ltr'>φιλόξενον,</span> <span class='ocrx_word' id='word_1_104' title='bbox 2571 1073 2883 1158; x_wconf 78' lang='grc' dir='ltr'>φιλάγαθον,</span> <span class='ocrx_word' id='word_1_105' title='bbox 2990 1078 3254 1159; x_wconf 74' lang='grc' dir='ltr'>σώφρονα,</span> <span class='ocrx_word' id='word_1_106' title='bbox 3330 1070 3561 1152; x_wconf 83' lang='grc' dir='ltr'>δίκαιον,</span> <span class='ocrx_word' id='word_1_107' title='bbox 3645 1079 3821 1149; x_wconf 78' lang='grc' dir='ltr'>ὅσιον,</span> 
     </span>
    </p>
   </div>
   <div class='ocr_carea' id='block_1_20' title="bbox 2182 1160 3825 1251">
    <p class='ocr_par' dir='ltr' id='par_1_20' title="bbox 2182 1160 3825 1251">
     <span class='ocr_line' id='line_1_20' title="bbox 2182 1160 3825 1251; baseline 0.007 -35"><span class='ocrx_word' id='word_1_108' title='bbox 2182 1160 2436 1241; x_wconf 79' lang='grc' dir='ltr'><strong>ἐγκρατῆ,</strong></span> <span class='ocrx_word' id='word_1_109' title='bbox 2503 1164 2859 1246; x_wconf 80' lang='grc' dir='ltr'>ἀντεχόμενον</span> <span class='ocrx_word' id='word_1_110' title='bbox 2932 1176 3027 1227; x_wconf 82' lang='grc' dir='ltr'><strong>τοῦ</strong></span> <span class='ocrx_word' id='word_1_111' title='bbox 3107 1169 3246 1226; x_wconf 80' lang='grc' dir='ltr'>κατὰ</span> <span class='ocrx_word' id='word_1_112' title='bbox 3305 1170 3404 1239; x_wconf 82' lang='grc' dir='ltr'>τὴν</span> <span class='ocrx_word' id='word_1_113' title='bbox 3461 1168 3685 1251; x_wconf 76' lang='grc' dir='ltr'>διδαχὴν</span> <span class='ocrx_word' id='word_1_114' title='bbox 3735 1193 3825 1227; x_wconf 91' lang='grc' dir='ltr'>πι-</span> 
     </span>
    </p>
   </div>
   <div class='ocr_carea' id='block_1_21' title="bbox 2182 1251 3825 1338">
    <p class='ocr_par' dir='ltr' id='par_1_21' title="bbox 2182 1251 3825 1338">
     <span class='ocr_line' id='line_1_21' title="bbox 2182 1251 3825 1338; baseline 0.005 -31"><span class='ocrx_word' id='word_1_115' title='bbox 2182 1257 2307 1308; x_wconf 81' lang='grc' dir='ltr'>στοῦ</span> <span class='ocrx_word' id='word_1_116' title='bbox 2387 1251 2570 1332; x_wconf 88' lang='grc' dir='ltr'>λόγου,</span> <span class='ocrx_word' id='word_1_117' title='bbox 2642 1253 2754 1311; x_wconf 75' lang='grc' dir='ltr'>ἵναι</span> <span class='ocrx_word' id='word_1_118' title='bbox 2839 1253 3054 1321; x_wconf 81' lang='grc' dir='ltr'>δονατὸς</span> <span class='ocrx_word' id='word_1_119' title='bbox 3122 1256 3159 1333; x_wconf 73' lang='grc' dir='ltr'><strong>ᾗ</strong></span> <span class='ocrx_word' id='word_1_120' title='bbox 3229 1260 3317 1316; x_wconf 82' lang='grc' dir='ltr'>καὶ</span> <span class='ocrx_word' id='word_1_121' title='bbox 3384 1258 3713 1338; x_wconf 77' lang='grc' dir='ltr'>παρακαλεῖν</span> <span class='ocrx_word' id='word_1_122' title='bbox 3768 1260 3825 1316; x_wconf 88' lang='grc' dir='ltr'><strong>ἐν</strong></span> 
     </span>
    </p>
   </div>
   <div class='ocr_carea' id='block_1_22' title="bbox 446 1338 2102 1427">
    <p class='ocr_par' dir='ltr' id='par_1_22' title="bbox 446 1340 2094 1421">
     <span class='ocr_line' id='line_1_22' title="bbox 446 1340 2094 1421; baseline -0.001 -18"><span class='ocrx_word' id='word_1_123' title='bbox 446 1340 592 1404; x_wconf 87' lang='lat' dir='ltr'><strong>dum</strong></span> <span class='ocrx_word' id='word_1_124' title='bbox 610 1342 953 1405; x_wconf 73' lang='lat' dir='ltr'><strong>doctrinam</strong></span> <span class='ocrx_word' id='word_1_125' title='bbox 977 1349 1066 1405; x_wconf 90' lang='lat' dir='ltr'><strong>est</strong></span> <span class='ocrx_word' id='word_1_126' title='bbox 1069 1340 1276 1421; x_wconf 78' lang='lat' dir='ltr'><strong>ﬁdelis</strong></span> <span class='ocrx_word' id='word_1_127' title='bbox 1298 1342 1636 1404; x_wconf 79' lang='lat' dir='ltr'><strong>sermonis:</strong></span> <span class='ocrx_word' id='word_1_128' title='bbox 1666 1347 1735 1403; x_wconf 89' lang='lat' dir='ltr'><strong>ut</strong></span> <span class='ocrx_word' id='word_1_129' title='bbox 1771 1345 1987 1421; x_wconf 89' lang='lat' dir='ltr'><strong>potens</strong></span> <span class='ocrx_word' id='word_1_130' title='bbox 2012 1344 2094 1402; x_wconf 87' lang='lat' dir='ltr'><strong>sit</strong></span> 
     </span>
    </p>
   </div>
   <div class='ocr_carea' id='block_1_23' title="bbox 2191 1338 3825 1427">
    <p class='ocr_par' dir='ltr' id='par_1_23' title="bbox 2191 1338 3825 1427">
     <span class='ocr_line' id='line_1_23' title="bbox 2191 1338 3825 1427; baseline 0.006 -31"><span class='ocrx_word' id='word_1_131' title='bbox 2191 1345 2244 1417; x_wconf 71' lang='grc' dir='ltr'><strong>τῇ</strong></span> <span class='ocrx_word' id='word_1_132' title='bbox 2292 1338 2594 1417; x_wconf 76' lang='grc' dir='ltr'>διδασκαλίᾳ</span> <span class='ocrx_word' id='word_1_133' title='bbox 2647 1348 2715 1419; x_wconf 78' lang='grc' dir='ltr'><strong>τῇ</strong></span> <span class='ocrx_word' id='word_1_134' title='bbox 2772 1344 3102 1424; x_wconf 69' lang='grc' dir='ltr'><strong>ὑγιαινούσῃ,</strong></span> <span class='ocrx_word' id='word_1_135' title='bbox 3145 1347 3233 1404; x_wconf 86' lang='grc' dir='ltr'><strong>καὶ</strong></span> <span class='ocrx_word' id='word_1_136' title='bbox 3281 1348 3399 1415; x_wconf 83' lang='grc' dir='ltr'>τοὺς</span> <span class='ocrx_word' id='word_1_137' title='bbox 3455 1346 3825 1427; x_wconf 76' lang='grc' dir='ltr'><strong>ἀντιλέγοντας</strong></span> 
     </span>
    </p>
   </div>
   <div class='ocr_carea' id='block_1_24' title="bbox 449 1430 2094 1510">
    <p class='ocr_par' dir='ltr' id='par_1_24' title="bbox 449 1430 2094 1510">
     <span class='ocr_line' id='line_1_24' title="bbox 449 1430 2094 1510; baseline -0.002 -16"><span class='ocrx_word' id='word_1_138' title='bbox 449 1432 639 1495; x_wconf 86' lang='lat' dir='ltr'><strong>etiam</strong></span> <span class='ocrx_word' id='word_1_139' title='bbox 654 1433 977 1496; x_wconf 75' lang='lat' dir='ltr'><strong>exhortari</strong></span> <span class='ocrx_word' id='word_1_140' title='bbox 1001 1448 1111 1510; x_wconf 85' lang='lat' dir='ltr'><strong>per</strong></span> <span class='ocrx_word' id='word_1_141' title='bbox 1154 1430 1505 1493; x_wconf 71' lang='lat' dir='ltr'><strong>doctrinam</strong></span> <span class='ocrx_word' id='word_1_142' title='bbox 1520 1445 1760 1510; x_wconf 86' lang='lat' dir='ltr'><strong>sanam,</strong></span> <span class='ocrx_word' id='word_1_143' title='bbox 1782 1436 1840 1492; x_wconf 90' lang='lat' dir='ltr'><strong>et</strong></span> <span class='ocrx_word' id='word_1_144' title='bbox 1858 1433 2094 1492; x_wconf 82' lang='lat' dir='ltr'><strong>contra-</strong></span> 
     </span>
    </p>
   </div>
   <div class='ocr_carea' id='block_1_25' title="bbox 449 1520 1124 1589">
    <p class='ocr_par' dir='ltr' id='par_1_25' title="bbox 449 1520 1124 1589">
     <span class='ocr_line' id='line_1_25' title="bbox 449 1520 1124 1589; baseline 0.003 -7"><span class='ocrx_word' id='word_1_145' title='bbox 449 1520 717 1589; x_wconf 76' lang='lat' dir='ltr'><strong>dicentes</strong></span> <span class='ocrx_word' id='word_1_146' title='bbox 746 1526 1124 1585; x_wconf 73' lang='lat' dir='ltr'><strong>convincere.</strong></span> 
     </span>
    </p>
   </div>
   <div class='ocr_carea' id='block_1_26' title="bbox 531 1606 2103 1691">
    <p class='ocr_par' dir='ltr' id='par_1_26' title="bbox 531 1606 2103 1691">
     <span class='ocr_line' id='line_1_26' title="bbox 531 1606 2103 1691; baseline -0.002 -19"><span class='ocrx_word' id='word_1_147' title='bbox 531 1608 901 1691; x_wconf 88' lang='lat' dir='ltr'><strong>[nculpatum</strong></span> <span class='ocrx_word' id='word_1_148' title='bbox 932 1627 1087 1691; x_wconf 89' lang='lat' dir='ltr'><strong>esse,</strong></span> <span class='ocrx_word' id='word_1_149' title='bbox 1119 1609 1398 1691; x_wconf 80' lang='lat' dir='ltr'><strong>generale</strong></span> <span class='ocrx_word' id='word_1_150' title='bbox 1424 1616 1533 1671; x_wconf 91' lang='lat' dir='ltr'><strong>est.</strong></span> <span class='ocrx_word' id='word_1_151' title='bbox 1570 1606 1873 1690; x_wconf 87' lang='lat' dir='ltr'><strong>Siquidem</strong></span> <span class='ocrx_word' id='word_1_152' title='bbox 1905 1608 2103 1671; x_wconf 91' lang='lat' dir='ltr'><strong>incul-</strong></span> 
     </span>
    </p>
   </div>
   <div class='ocr_carea' id='block_1_27' title="bbox 454 1698 2109 1781">
    <p class='ocr_par' dir='ltr' id='par_1_27' title="bbox 454 1698 2109 1781">
     <span class='ocr_line' id='line_1_27' title="bbox 454 1698 2109 1781; baseline 0 -20"><span class='ocrx_word' id='word_1_153' title='bbox 454 1707 655 1781; x_wconf 86' lang='lat' dir='ltr'><strong>patum</strong></span> <span class='ocrx_word' id='word_1_154' title='bbox 687 1717 842 1776; x_wconf 87' lang='lat' dir='ltr'><strong>esse,</strong></span> <span class='ocrx_word' id='word_1_155' title='bbox 877 1699 1080 1762; x_wconf 87' lang='lat' dir='ltr'><strong>omnia</strong></span> <span class='ocrx_word' id='word_1_156' title='bbox 1108 1716 1240 1780; x_wconf 76' lang='lat' dir='ltr'><strong>quae</strong></span> <span class='ocrx_word' id='word_1_157' title='bbox 1257 1698 1659 1762; x_wconf 90' lang='lat' dir='ltr'><strong>enumeranda</strong></span> <span class='ocrx_word' id='word_1_158' title='bbox 1689 1705 1828 1760; x_wconf 92' lang='lat' dir='ltr'><strong>sunt</strong></span> <span class='ocrx_word' id='word_1_159' title='bbox 1848 1698 2109 1779; x_wconf 88' lang='lat' dir='ltr'><strong>comple-</strong></span> 
     </span>
    </p>
   </div>
   <div class='ocr_carea' id='block_1_28' title="bbox 454 1781 2168 1870">
    <p class='ocr_par' dir='ltr' id='par_1_28' title="bbox 454 1781 2168 1870">
     <span class='ocr_line' id='line_1_28' title="bbox 454 1781 2168 1870; baseline -0.002 -19"><span class='ocrx_word' id='word_1_160' title='bbox 454 1789 680 1861; x_wconf 82' lang='lat' dir='ltr'><strong>ctitur:</strong></span> <span class='ocrx_word' id='word_1_161' title='bbox 717 1790 832 1853; x_wconf 89' lang='lat' dir='ltr'><strong>hoc</strong></span> <span class='ocrx_word' id='word_1_162' title='bbox 875 1796 988 1870; x_wconf 89' lang='lat' dir='ltr'><strong>est,</strong></span> <span class='ocrx_word' id='word_1_163' title='bbox 1019 1788 1083 1851; x_wconf 93' lang='lat' dir='ltr'><strong>in</strong></span> <span class='ocrx_word' id='word_1_164' title='bbox 1112 1807 1291 1870; x_wconf 88' lang='lat' dir='ltr'><strong>quem</strong></span> <span class='ocrx_word' id='word_1_165' title='bbox 1351 1787 1579 1851; x_wconf 92' lang='lat' dir='ltr'><strong>nullum</strong></span> <span class='ocrx_word' id='word_1_166' title='bbox 1627 1788 1819 1868; x_wconf 91' lang='lat' dir='ltr'><strong>possis</strong></span> <span class='ocrx_word' id='word_1_167' title='bbox 1874 1788 2103 1850; x_wconf 89' lang='lat' dir='ltr'><strong>crimen</strong></span> <span class='ocrx_word' id='word_1_168' title='bbox 2129 1781 2168 1830; x_wconf 80' lang='grc' dir='ltr'><strong>Β</strong></span> 
     </span>
    </p>
   </div>
   <div class='ocr_carea' id='block_1_29' title="bbox 450 1875 2102 1960">
    <p class='ocr_par' dir='ltr' id='par_1_29' title="bbox 450 1875 2102 1960">
     <span class='ocr_line' id='line_1_29' title="bbox 450 1875 2102 1960; baseline -0.001 -21"><span class='ocrx_word' id='word_1_169' title='bbox 450 1877 814 1960; x_wconf 80' lang='lat' dir='ltr'><strong>impingere.</strong></span> <span class='ocrx_word' id='word_1_170' title='bbox 856 1900 879 1935; x_wconf 73' lang='grc' dir='ltr'>α</span> <span class='ocrx_word' id='word_1_171' title='bbox 913 1879 1218 1959; x_wconf 88' lang='lat' dir='ltr'><strong>Tanquam</strong></span> <span class='ocrx_word' id='word_1_172' title='bbox 1243 1877 1350 1941; x_wconf 91' lang='lat' dir='ltr'><strong>Dei</strong></span> <span class='ocrx_word' id='word_1_173' title='bbox 1379 1876 1909 1958; x_wconf 71' lang='lat' dir='ltr'><strong>dispensatorem.)</strong></span> <span class='ocrx_word' id='word_1_174' title='bbox 1940 1875 2102 1949; x_wconf 92' lang='lat' dir='ltr'><strong>Quo-</strong></span> 
     </span>
    </p>
   </div>
   <div class='ocr_carea' id='block_1_30' title="bbox 452 1965 2105 2049">
    <p class='ocr_par' dir='ltr' id='par_1_30' title="bbox 452 1965 2105 2049">
     <span class='ocr_line' id='line_1_30' title="bbox 452 1965 2105 2049; baseline 0 -21"><span class='ocrx_word' id='word_1_175' title='bbox 452 1967 613 2029; x_wconf 89' lang='lat' dir='ltr'><strong>niam</strong></span> <span class='ocrx_word' id='word_1_176' title='bbox 664 1986 896 2049; x_wconf 89' lang='lat' dir='ltr'><strong>magna,</strong></span> <span class='ocrx_word' id='word_1_177' title='bbox 946 1967 1161 2049; x_wconf 88' lang='lat' dir='ltr'><strong>inquit,</strong></span> <span class='ocrx_word' id='word_1_178' title='bbox 1197 1974 1286 2028; x_wconf 90' lang='lat' dir='ltr'><strong>est</strong></span> <span class='ocrx_word' id='word_1_179' title='bbox 1315 1965 1591 2047; x_wconf 83' lang='lat' dir='ltr'><strong>dignitas,</strong></span> <span class='ocrx_word' id='word_1_180' title='bbox 1627 1983 1842 2045; x_wconf 89' lang='lat' dir='ltr'><strong>magna</strong></span> <span class='ocrx_word' id='word_1_181' title='bbox 1866 1984 2105 2047; x_wconf 90' lang='lat' dir='ltr'><strong>quoque</strong></span> 
     </span>
    </p>
   </div>
   <div class='ocr_carea' id='block_1_31' title="bbox 454 2053 2102 2138">
    <p class='ocr_par' dir='ltr' id='par_1_31' title="bbox 454 2053 2102 2138">
     <span class='ocr_line' id='line_1_31' title="bbox 454 2053 2102 2138; baseline -0.001 -20"><span class='ocrx_word' id='word_1_182' title='bbox 454 2074 603 2138; x_wconf 93' lang='lat' dir='ltr'><strong>opus</strong></span> <span class='ocrx_word' id='word_1_183' title='bbox 635 2064 725 2120; x_wconf 88' lang='lat' dir='ltr'><strong>est</strong></span> <span class='ocrx_word' id='word_1_184' title='bbox 757 2056 1043 2122; x_wconf 88' lang='lat' dir='ltr'><strong>custodia.</strong></span> <span class='ocrx_word' id='word_1_185' title='bbox 1080 2081 1107 2112; x_wconf 78' lang='lat'><strong><em>«</em></strong></span> <span class='ocrx_word' id='word_1_186' title='bbox 1139 2055 1270 2119; x_wconf 90' lang='lat' dir='ltr'><strong>Non</strong></span> <span class='ocrx_word' id='word_1_187' title='bbox 1313 2056 1707 2136; x_wconf 77' lang='lat' dir='ltr'><strong>praefractam.</strong></span> <span class='ocrx_word' id='word_1_188' title='bbox 1750 2079 1770 2112; x_wconf 74' lang='grc' dir='ltr'>ι</span> <span class='ocrx_word' id='word_1_189' title='bbox 1809 2053 1920 2126; x_wconf 87' lang='lat' dir='ltr'><strong>Qui</strong></span> <span class='ocrx_word' id='word_1_190' title='bbox 1942 2055 2102 2117; x_wconf 90' lang='lat' dir='ltr'><strong>enim</strong></span> 
     </span>
    </p>
   </div>
   <div class='ocr_carea' id='block_1_32' title="bbox 451 2143 2105 2228">
    <p class='ocr_par' dir='ltr' id='par_1_32' title="bbox 451 2143 2105 2228">
     <span class='ocr_line' id='line_1_32' title="bbox 451 2143 2105 2228; baseline -0.001 -20"><span class='ocrx_word' id='word_1_191' title='bbox 451 2146 717 2228; x_wconf 91' lang='lat' dir='ltr'><strong>seipsum</strong></span> <span class='ocrx_word' id='word_1_192' title='bbox 739 2146 988 2210; x_wconf 91' lang='lat' dir='ltr'><strong>domare</strong></span> <span class='ocrx_word' id='word_1_193' title='bbox 1006 2145 1234 2227; x_wconf 88' lang='lat' dir='ltr'><strong>nequit,</strong></span> <span class='ocrx_word' id='word_1_194' title='bbox 1253 2145 1549 2226; x_wconf 90' lang='lat' dir='ltr'><strong>quomodo</strong></span> <span class='ocrx_word' id='word_1_195' title='bbox 1570 2143 1701 2206; x_wconf 90' lang='lat' dir='ltr'><strong>aliis</strong></span> <span class='ocrx_word' id='word_1_196' title='bbox 1717 2143 1942 2206; x_wconf 89' lang='lat' dir='ltr'><strong>utiliter</strong></span> <span class='ocrx_word' id='word_1_197' title='bbox 1959 2163 2105 2225; x_wconf 81' lang='lat' dir='ltr'><strong>prae-</strong></span> 
     </span>
    </p>
   </div>
   <div class='ocr_carea' id='block_1_33' title="bbox 453 2232 2101 2315">
    <p class='ocr_par' dir='ltr' id='par_1_33' title="bbox 453 2232 2101 2315">
     <span class='ocr_line' id='line_1_33' title="bbox 453 2232 2101 2315; baseline -0.002 -17"><span class='ocrx_word' id='word_1_198' title='bbox 453 2254 586 2299; x_wconf 90' lang='lat' dir='ltr'><strong>esse</strong></span> <span class='ocrx_word' id='word_1_199' title='bbox 617 2235 875 2315; x_wconf 80' lang='lat' dir='ltr'><strong>poterit?</strong></span> <span class='ocrx_word' id='word_1_200' title='bbox 912 2265 934 2297; x_wconf 77' lang='grc' dir='ltr'>ι</span> <span class='ocrx_word' id='word_1_201' title='bbox 964 2235 1097 2298; x_wconf 82' lang='grc' dir='ltr'><strong>Νοο</strong></span> <span class='ocrx_word' id='word_1_202' title='bbox 1148 2234 1638 2297; x_wconf 87' lang='lat' dir='ltr'><strong>debacchantem.</strong></span> <span class='ocrx_word' id='word_1_203' title='bbox 1666 2255 1694 2293; x_wconf 64' lang='grc' dir='ltr'><strong><em>ι</em></strong></span> <span class='ocrx_word' id='word_1_204' title='bbox 1731 2232 1858 2295; x_wconf 88' lang='lat' dir='ltr'><strong>Non</strong></span> <span class='ocrx_word' id='word_1_205' title='bbox 1888 2242 2101 2295; x_wconf 91' lang='lat' dir='ltr'><strong>contu-</strong></span> 
     </span>
    </p>
   </div>
   <div class='ocr_carea' id='block_1_34' title="bbox 452 2321 2099 2406">
    <p class='ocr_par' dir='ltr' id='par_1_34' title="bbox 452 2321 2099 2406">
     <span class='ocr_line' id='line_1_34' title="bbox 452 2321 2099 2406; baseline -0.003 -18"><span class='ocrx_word' id='word_1_206' title='bbox 452 2325 797 2394; x_wconf 87' lang='lat' dir='ltr'><strong>meliosum.</strong></span> <span class='ocrx_word' id='word_1_207' title='bbox 838 2348 862 2383; x_wconf 76' lang='grc' dir='ltr'>ι</span> <span class='ocrx_word' id='word_1_208' title='bbox 895 2323 1024 2388; x_wconf 84' lang='lat' dir='ltr'><strong>Non</strong></span> <span class='ocrx_word' id='word_1_209' title='bbox 1076 2340 1511 2406; x_wconf 86' lang='lat' dir='ltr'><strong>percussorem.</strong></span> <span class='ocrx_word' id='word_1_210' title='bbox 1551 2348 1578 2379; x_wconf 79' lang='grc'>»</span> <span class='ocrx_word' id='word_1_211' title='bbox 1631 2321 1758 2384; x_wconf 88' lang='lat' dir='ltr'><strong>Non</strong></span> <span class='ocrx_word' id='word_1_212' title='bbox 1785 2322 2099 2384; x_wconf 90' lang='lat' dir='ltr'><strong>ferientem</strong></span> 
     </span>
    </p>
   </div>
   <div class='ocr_carea' id='block_1_35' title="bbox 455 2411 2104 2493">
    <p class='ocr_par' dir='ltr' id='par_1_35' title="bbox 455 2411 2104 2493">
     <span class='ocr_line' id='line_1_35' title="bbox 455 2411 2104 2493; baseline -0.003 -16"><span class='ocrx_word' id='word_1_213' title='bbox 455 2413 852 2479; x_wconf 88' lang='lat' dir='ltr'><strong>conscientias</strong></span> <span class='ocrx_word' id='word_1_214' title='bbox 880 2414 1149 2477; x_wconf 82' lang='lat' dir='ltr'><strong>fratrum.</strong></span> <span class='ocrx_word' id='word_1_215' title='bbox 1190 2437 1217 2470; x_wconf 79' lang='grc' dir='ltr'><strong>α</strong></span> <span class='ocrx_word' id='word_1_216' title='bbox 1249 2412 1380 2475; x_wconf 89' lang='lat' dir='ltr'><strong>Non</strong></span> <span class='ocrx_word' id='word_1_217' title='bbox 1436 2413 1685 2493; x_wconf 87' lang='lat' dir='ltr'><strong>turpiter</strong></span> <span class='ocrx_word' id='word_1_218' title='bbox 1732 2412 1898 2473; x_wconf 88' lang='lat' dir='ltr'><strong>lucro</strong></span> <span class='ocrx_word' id='word_1_219' title='bbox 1929 2411 2104 2473; x_wconf 83' lang='lat' dir='ltr'><strong>dedi-</strong></span> 
     </span>
    </p>
   </div>
   <div class='ocr_carea' id='block_1_36' title="bbox 453 2500 2104 2581">
    <p class='ocr_par' dir='ltr' id='par_1_36' title="bbox 453 2500 2104 2581">
     <span class='ocr_line' id='line_1_36' title="bbox 453 2500 2104 2581; baseline -0.002 -18"><span class='ocrx_word' id='word_1_220' title='bbox 453 2509 602 2565; x_wconf 89' lang='lat' dir='ltr'><strong>tum.</strong></span> <span class='ocrx_word' id='word_1_221' title='bbox 640 2523 667 2563; x_wconf 73' lang='grc' dir='ltr'><strong>ι</strong></span> <span class='ocrx_word' id='word_1_222' title='bbox 687 2502 891 2577; x_wconf 87' lang='lat' dir='ltr'><strong>Qualis</strong></span> <span class='ocrx_word' id='word_1_223' title='bbox 908 2520 1040 2568; x_wconf 84' lang='lat' dir='ltr'><strong>esse</strong></span> <span class='ocrx_word' id='word_1_224' title='bbox 1061 2502 1212 2565; x_wconf 91' lang='lat' dir='ltr'><strong>solet</strong></span> <span class='ocrx_word' id='word_1_225' title='bbox 1231 2500 1338 2581; x_wconf 89' lang='lat' dir='ltr'><strong>qui</strong></span> <span class='ocrx_word' id='word_1_226' title='bbox 1363 2501 1536 2581; x_wconf 91' lang='lat' dir='ltr'><strong>inops</strong></span> <span class='ocrx_word' id='word_1_227' title='bbox 1554 2510 1664 2564; x_wconf 86' lang='lat' dir='ltr'><strong>est:</strong></span> <span class='ocrx_word' id='word_1_228' title='bbox 1691 2500 1858 2581; x_wconf 90' lang='lat' dir='ltr'><strong>quasi</strong></span> <span class='ocrx_word' id='word_1_229' title='bbox 1876 2500 2104 2565; x_wconf 90' lang='lat' dir='ltr'><strong>lucrum</strong></span> 
     </span>
    </p>
   </div>
   <div class='ocr_carea' id='block_1_37' title="bbox 455 2589 2111 2674">
    <p class='ocr_par' dir='ltr' id='par_1_37' title="bbox 455 2589 2111 2674">
     <span class='ocr_line' id='line_1_37' title="bbox 455 2589 2111 2674; baseline -0.001 -19"><span class='ocrx_word' id='word_1_230' title='bbox 455 2592 726 2674; x_wconf 83' lang='lat' dir='ltr'><strong>quodvis,</strong></span> <span class='ocrx_word' id='word_1_231' title='bbox 760 2592 937 2656; x_wconf 87' lang='lat' dir='ltr'><strong>etiam</strong></span> <span class='ocrx_word' id='word_1_232' title='bbox 967 2591 1019 2653; x_wconf 91' lang='lat' dir='ltr'><strong>si</strong></span> <span class='ocrx_word' id='word_1_233' title='bbox 1073 2592 1301 2672; x_wconf 89' lang='lat' dir='ltr'><strong>justum</strong></span> <span class='ocrx_word' id='word_1_234' title='bbox 1331 2609 1465 2653; x_wconf 90' lang='lat' dir='ltr'><strong>esse</strong></span> <span class='ocrx_word' id='word_1_235' title='bbox 1509 2590 1795 2667; x_wconf 85' lang='lat' dir='ltr'><strong>videatur,</strong></span> <span class='ocrx_word' id='word_1_236' title='bbox 1829 2598 2003 2671; x_wconf 89' lang='lat' dir='ltr'><strong>turpe</strong></span> <span class='ocrx_word' id='word_1_237' title='bbox 2032 2589 2111 2653; x_wconf 88' lang='lat' dir='ltr'><strong>sit</strong></span> 
     </span>
    </p>
   </div>
   <div class='ocr_carea' id='block_1_38' title="bbox 452 2678 2099 2763">
    <p class='ocr_par' dir='ltr' id='par_1_38' title="bbox 452 2678 2099 2763">
     <span class='ocr_line' id='line_1_38' title="bbox 452 2678 2099 2763; baseline -0.001 -20"><span class='ocrx_word' id='word_1_238' title='bbox 452 2681 758 2763; x_wconf 85' lang='lat' dir='ltr'><strong>episcopo.</strong></span> <span class='ocrx_word' id='word_1_239' title='bbox 838 2702 862 2738; x_wconf 77' lang='grc' dir='ltr'>ι</span> <span class='ocrx_word' id='word_1_240' title='bbox 925 2678 1229 2743; x_wconf 90' lang='lat' dir='ltr'><strong>Sanctum.</strong></span> <span class='ocrx_word' id='word_1_241' title='bbox 1267 2705 1294 2735; x_wconf 76' lang='grc' dir='ltr'><strong>ιι</strong></span> <span class='ocrx_word' id='word_1_242' title='bbox 1357 2681 1581 2742; x_wconf 91' lang='lat' dir='ltr'><strong>Purum</strong></span> <span class='ocrx_word' id='word_1_243' title='bbox 1639 2678 1710 2740; x_wconf 88' lang='lat' dir='ltr'><strong>ab</strong></span> <span class='ocrx_word' id='word_1_244' title='bbox 1768 2678 2099 2741; x_wconf 76' lang='lat' dir='ltr'><strong>affectibus.</strong></span> 
     </span>
    </p>
   </div>
   <div class='ocr_carea' id='block_1_39' title="bbox 457 2767 2102 2851">
    <p class='ocr_par' dir='ltr' id='par_1_39' title="bbox 457 2767 2102 2851">
     <span class='ocr_line' id='line_1_39' title="bbox 457 2767 2102 2851; baseline 0.001 -23"><span class='ocrx_word' id='word_1_245' title='bbox 457 2794 485 2828; x_wconf 76' lang='grc' dir='ltr'>ι</span> <span class='ocrx_word' id='word_1_246' title='bbox 512 2770 1002 2851; x_wconf 67' lang='grc' dir='ltr'>Τοπιροιοειηιοω.</span> <span class='ocrx_word' id='word_1_247' title='bbox 1050 2794 1075 2826; x_wconf 79' lang='grc' dir='ltr'>ι)</span> <span class='ocrx_word' id='word_1_248' title='bbox 1107 2770 1239 2832; x_wconf 89' lang='lat' dir='ltr'><strong>Non</strong></span> <span class='ocrx_word' id='word_1_249' title='bbox 1298 2775 1527 2831; x_wconf 88' lang='lat' dir='ltr'><strong>tantum</strong></span> <span class='ocrx_word' id='word_1_250' title='bbox 1587 2767 1746 2830; x_wconf 89' lang='lat' dir='ltr'><strong>circa</strong></span> <span class='ocrx_word' id='word_1_251' title='bbox 1774 2768 1961 2845; x_wconf 88' lang='lat' dir='ltr'><strong>cibos,</strong></span> <span class='ocrx_word' id='word_1_252' title='bbox 1995 2768 2102 2831; x_wconf 91' lang='lat' dir='ltr'><strong>sed</strong></span> 
     </span>
    </p>
   </div>
   <div class='ocr_carea' id='block_1_40' title="bbox 451 2855 2105 2921">
    <p class='ocr_par' dir='ltr' id='par_1_40' title="bbox 451 2855 2105 2921">
     <span class='ocr_line' id='line_1_40' title="bbox 451 2855 2105 2921; baseline -0.001 0"><span class='ocrx_word' id='word_1_253' title='bbox 451 2860 629 2921; x_wconf 88' lang='lat' dir='ltr'><strong>etiam</strong></span> <span class='ocrx_word' id='word_1_254' title='bbox 661 2858 817 2921; x_wconf 87' lang='lat' dir='ltr'><strong>circa</strong></span> <span class='ocrx_word' id='word_1_255' title='bbox 851 2856 1217 2920; x_wconf 76' lang='lat' dir='ltr'><strong>affectiones.</strong></span> <span class='ocrx_word' id='word_1_256' title='bbox 1258 2876 1288 2916; x_wconf 89' lang='grc'><strong>‹</strong></span> <span class='ocrx_word' id='word_1_257' title='bbox 1321 2855 1541 2919; x_wconf 89' lang='lat' dir='ltr'><strong>Fidelis</strong></span> <span class='ocrx_word' id='word_1_258' title='bbox 1569 2857 1887 2919; x_wconf 87' lang='lat' dir='ltr'><strong>sermonis.</strong></span> <span class='ocrx_word' id='word_1_259' title='bbox 1922 2883 1947 2914; x_wconf 75' lang='grc' dir='ltr'><strong>υ</strong></span> <span class='ocrx_word' id='word_1_260' title='bbox 1982 2859 2105 2920; x_wconf 88' lang='lat' dir='ltr'><strong>Aut</strong></span> 
     </span>
    </p>
   </div>
   <div class='ocr_carea' id='block_1_41' title="bbox 451 2944 2103 3028">
    <p class='ocr_par' dir='ltr' id='par_1_41' title="bbox 451 2944 2103 3028">
     <span class='ocr_line' id='line_1_41' title="bbox 451 2944 2103 3028; baseline -0.001 -19"><span class='ocrx_word' id='word_1_261' title='bbox 451 2948 598 3024; x_wconf 89' lang='lat' dir='ltr'><strong>veri,</strong></span> <span class='ocrx_word' id='word_1_262' title='bbox 625 2955 724 3009; x_wconf 90' lang='lat' dir='ltr'><strong>aut</strong></span> <span class='ocrx_word' id='word_1_263' title='bbox 747 2949 874 3027; x_wconf 87' lang='lat' dir='ltr'><strong>ejus</strong></span> <span class='ocrx_word' id='word_1_264' title='bbox 897 2946 1002 3028; x_wconf 92' lang='lat' dir='ltr'><strong>qui</strong></span> <span class='ocrx_word' id='word_1_265' title='bbox 1051 2963 1158 3027; x_wconf 92' lang='lat' dir='ltr'><strong>per</strong></span> <span class='ocrx_word' id='word_1_266' title='bbox 1206 2944 1383 3007; x_wconf 85' lang='lat' dir='ltr'><strong>ﬁdem</strong></span> <span class='ocrx_word' id='word_1_267' title='bbox 1435 2946 1865 3027; x_wconf 88' lang='lat' dir='ltr'><strong>suppeditatur,</strong></span> <span class='ocrx_word' id='word_1_268' title='bbox 1896 2953 1953 3008; x_wconf 92' lang='lat' dir='ltr'><strong>et</strong></span> <span class='ocrx_word' id='word_1_269' title='bbox 1983 2964 2103 3007; x_wconf 90' lang='lat' dir='ltr'><strong>non</strong></span> 
     </span>
    </p>
   </div>
   <div class='ocr_carea' id='block_1_42' title="bbox 2182 1429 2514 1510">
    <p class='ocr_par' dir='ltr' id='par_1_42' title="bbox 2182 1429 2514 1510">
     <span class='ocr_line' id='line_1_42' title="bbox 2182 1429 2514 1510; baseline 0.012 -23"><span class='ocrx_word' id='word_1_270' title='bbox 2182 1429 2451 1510; x_wconf 80' lang='grc' dir='ltr'>ἐλέγχειν.</span> <span class='ocrx_word' id='word_1_271' title='bbox 2488 1452 2514 1491; x_wconf 69' lang='grc' dir='ltr'>ι</span> 
     </span>
    </p>
   </div>
   <div class='ocr_carea' id='block_1_43' title="bbox 2268 1608 3825 1698">
    <p class='ocr_par' dir='ltr' id='par_1_43' title="bbox 2268 1608 3825 1698">
     <span class='ocr_line' id='line_1_43' title="bbox 2268 1608 3825 1698; baseline 0.006 -33"><span class='ocrx_word' id='word_1_272' title='bbox 2268 1608 2619 1698; x_wconf 81' lang='grc' dir='ltr'>Ἀνέγκλητον</span> <span class='ocrx_word' id='word_1_273' title='bbox 2690 1611 2856 1692; x_wconf 78' lang='grc' dir='ltr'>εῖναι,</span> <span class='ocrx_word' id='word_1_274' title='bbox 2941 1613 3003 1670; x_wconf 81' lang='grc' dir='ltr'>τὸ</span> <span class='ocrx_word' id='word_1_275' title='bbox 3083 1614 3291 1693; x_wconf 78' lang='grc' dir='ltr'>γενικδν</span> <span class='ocrx_word' id='word_1_276' title='bbox 3376 1614 3541 1695; x_wconf 84' lang='grc' dir='ltr'>λέγει.</span> <span class='ocrx_word' id='word_1_277' title='bbox 3597 1618 3670 1675; x_wconf 80' lang='grc' dir='ltr'>Τὸ</span> <span class='ocrx_word' id='word_1_278' title='bbox 3724 1618 3825 1698; x_wconf 77' lang='grc' dir='ltr'>γὰρ</span> 
     </span>
    </p>
   </div>
   <div class='ocr_carea' id='block_1_44' title="bbox 2188 1697 3821 1787">
    <p class='ocr_par' dir='ltr' id='par_1_44' title="bbox 2188 1697 3821 1787">
     <span class='ocr_line' id='line_1_44' title="bbox 2188 1697 3821 1787; baseline 0.006 -32"><span class='ocrx_word' id='word_1_279' title='bbox 2188 1697 2533 1780; x_wconf 68' lang='grc' dir='ltr'><strong>ἀνέγκλητον,</strong></span> <span class='ocrx_word' id='word_1_280' title='bbox 2594 1701 2765 1758; x_wconf 81' lang='grc' dir='ltr'>πάντα</span> <span class='ocrx_word' id='word_1_281' title='bbox 2821 1701 3059 1787; x_wconf 81' lang='grc' dir='ltr'>περιέχει</span> <span class='ocrx_word' id='word_1_282' title='bbox 3116 1705 3183 1760; x_wconf 76' lang='grc' dir='ltr'><strong>τὰ</strong></span> <span class='ocrx_word' id='word_1_283' title='bbox 3235 1706 3592 1787; x_wconf 80' lang='grc' dir='ltr'>ῥηθησόμενα,</span> <span class='ocrx_word' id='word_1_284' title='bbox 3664 1697 3821 1764; x_wconf 56' lang='grc' dir='ltr'>τουτὲ</span> 
     </span>
    </p>
   </div>
   <div class='ocr_carea' id='block_1_45' title="bbox 2191 1783 3826 1872">
    <p class='ocr_par' dir='ltr' id='par_1_45' title="bbox 2191 1783 3826 1872">
     <span class='ocr_line' id='line_1_45' title="bbox 2191 1783 3826 1872; baseline 0.006 -28"><span class='ocrx_word' id='word_1_285' title='bbox 2191 1786 2352 1869; x_wconf 82' lang='grc' dir='ltr'>ἐστιν,</span> <span class='ocrx_word' id='word_1_286' title='bbox 2383 1788 2806 1869; x_wconf 86' lang='grc' dir='ltr'>ἀκατηγόρητον.</span> <span class='ocrx_word' id='word_1_287' title='bbox 2845 1813 2869 1848; x_wconf 81' lang='grc' dir='ltr'><strong>(ι</strong></span> <span class='ocrx_word' id='word_1_288' title='bbox 2908 1783 2999 1856; x_wconf 61' lang='grc' dir='ltr'><strong>ίΩς</strong></span> <span class='ocrx_word' id='word_1_289' title='bbox 3057 1799 3187 1852; x_wconf 79' lang='grc' dir='ltr'>Θεοῦ</span> <span class='ocrx_word' id='word_1_290' title='bbox 3242 1795 3533 1872; x_wconf 79' lang='grc' dir='ltr'>οἰνονόμον.</span> <span class='ocrx_word' id='word_1_291' title='bbox 3578 1783 3626 1854; x_wconf 37' lang='grc' dir='ltr'><strong>ὐ</strong></span> <span class='ocrx_word' id='word_1_292' title='bbox 3674 1796 3826 1853; x_wconf 82' lang='grc' dir='ltr'>Ἐπεὶ</span> 
     </span>
    </p>
   </div>
   <div class='ocr_carea' id='block_1_46' title="bbox 2185 1877 3827 1963">
    <p class='ocr_par' dir='ltr' id='par_1_46' title="bbox 2185 1877 3827 1963">
     <span class='ocr_line' id='line_1_46' title="bbox 2185 1877 3827 1963; baseline 0.005 -31"><span class='ocrx_word' id='word_1_293' title='bbox 2185 1877 2295 1957; x_wconf 82' lang='grc' dir='ltr'>οὗν,</span> <span class='ocrx_word' id='word_1_294' title='bbox 2343 1879 2492 1956; x_wconf 80' lang='grc' dir='ltr'>φησὶ,</span> <span class='ocrx_word' id='word_1_295' title='bbox 2537 1880 2600 1934; x_wconf 79' lang='grc' dir='ltr'>τὸ</span> <span class='ocrx_word' id='word_1_296' title='bbox 2643 1878 2845 1954; x_wconf 82' lang='grc' dir='ltr'>ἀξίωμα</span> <span class='ocrx_word' id='word_1_297' title='bbox 2889 1880 3048 1959; x_wconf 85' lang='grc' dir='ltr'>μέγα,</span> <span class='ocrx_word' id='word_1_298' title='bbox 3082 1880 3320 1961; x_wconf 83' lang='grc' dir='ltr'>μεγάλης</span> <span class='ocrx_word' id='word_1_299' title='bbox 3377 1882 3547 1941; x_wconf 86' lang='grc' dir='ltr'>δεῖται</span> <span class='ocrx_word' id='word_1_300' title='bbox 3595 1886 3682 1941; x_wconf 80' lang='grc' dir='ltr'>καὶ</span> <span class='ocrx_word' id='word_1_301' title='bbox 3735 1908 3827 1963; x_wconf 71' lang='grc' dir='ltr'>φυ-</span> 
     </span>
    </p>
   </div>
   <div class='ocr_carea' id='block_1_47' title="bbox 2184 1964 3822 2055">
    <p class='ocr_par' dir='ltr' id='par_1_47' title="bbox 2184 1964 3822 2055">
     <span class='ocr_line' id='line_1_47' title="bbox 2184 1964 3822 2055; baseline 0.004 -33"><span class='ocrx_word' id='word_1_302' title='bbox 2184 1965 2379 2034; x_wconf 79' lang='grc' dir='ltr'>λακῆς.</span> <span class='ocrx_word' id='word_1_303' title='bbox 2420 1986 2449 2026; x_wconf 83' lang='grc'><strong>(</strong></span> <span class='ocrx_word' id='word_1_304' title='bbox 2492 1968 2581 2036; x_wconf 79' lang='grc' dir='ltr'><strong>Μὴ</strong></span> <span class='ocrx_word' id='word_1_305' title='bbox 2624 1966 2843 2036; x_wconf 77' lang='grc' dir='ltr'>αὐθάδη.</span> <span class='ocrx_word' id='word_1_306' title='bbox 2880 1992 2907 2024; x_wconf 73' lang='grc' dir='ltr'><strong><em>ι</em></strong></span> <span class='ocrx_word' id='word_1_307' title='bbox 2974 1964 3030 2029; x_wconf 69' lang='grc' dir='ltr'><strong>Ὀ</strong></span> <span class='ocrx_word' id='word_1_308' title='bbox 3081 1972 3180 2051; x_wconf 81' lang='grc' dir='ltr'><strong>γὰρ</strong></span> <span class='ocrx_word' id='word_1_309' title='bbox 3233 1972 3417 2031; x_wconf 75' lang='grc' dir='ltr'>ἑαυτοῦ</span> <span class='ocrx_word' id='word_1_310' title='bbox 3460 1974 3536 2050; x_wconf 79' lang='grc' dir='ltr'>μὴ</span> <span class='ocrx_word' id='word_1_311' title='bbox 3593 1982 3822 2055; x_wconf 82' lang='grc' dir='ltr'>κρατῶν,</span> 
     </span>
    </p>
   </div>
   <div class='ocr_carea' id='block_1_48' title="bbox 2185 2055 3822 2144">
    <p class='ocr_par' dir='ltr' id='par_1_48' title="bbox 2185 2055 3822 2144">
     <span class='ocr_line' id='line_1_48' title="bbox 2185 2055 3822 2144; baseline 0.004 -31"><span class='ocrx_word' id='word_1_312' title='bbox 2185 2056 2299 2120; x_wconf 78' lang='grc' dir='ltr'><strong>πῶς</strong></span> <span class='ocrx_word' id='word_1_313' title='bbox 2321 2055 2510 2137; x_wconf 83' lang='grc' dir='ltr'>ἑτέρων</span> <span class='ocrx_word' id='word_1_314' title='bbox 2554 2060 2911 2139; x_wconf 67' lang='grc' dir='ltr'>κρατήσειεν,</span> <span class='ocrx_word' id='word_1_315' title='bbox 2953 2083 2980 2115; x_wconf 77' lang='grc' dir='ltr'><strong>α</strong></span> <span class='ocrx_word' id='word_1_316' title='bbox 3013 2061 3103 2129; x_wconf 69' lang='grc' dir='ltr'><strong>Μὴ</strong></span> <span class='ocrx_word' id='word_1_317' title='bbox 3147 2061 3415 2139; x_wconf 86' lang='grc' dir='ltr'>πάροινον.</span> <span class='ocrx_word' id='word_1_318' title='bbox 3451 2086 3479 2119; x_wconf 68' lang='grc' dir='ltr'><strong><em>ι</em></strong></span> <span class='ocrx_word' id='word_1_319' title='bbox 3543 2064 3822 2144; x_wconf 83' lang='grc' dir='ltr'>Πάροινον,</span> 
     </span>
    </p>
   </div>
   <div class='ocr_carea' id='block_1_49' title="bbox 2184 2143 3825 2225">
    <p class='ocr_par' dir='ltr' id='par_1_49' title="bbox 2184 2143 3825 2225">
     <span class='ocr_line' id='line_1_49' title="bbox 2184 2143 3825 2225; baseline 0.003 -22"><span class='ocrx_word' id='word_1_320' title='bbox 2184 2143 2455 2225; x_wconf 79' lang='grc' dir='ltr'>ὑϐριστήν.</span> <span class='ocrx_word' id='word_1_321' title='bbox 2496 2169 2517 2202; x_wconf 73' lang='grc' dir='ltr'><strong>σ</strong></span> <span class='ocrx_word' id='word_1_322' title='bbox 2565 2151 2654 2216; x_wconf 77' lang='grc' dir='ltr'><strong>Μὴ</strong></span> <span class='ocrx_word' id='word_1_323' title='bbox 2683 2146 2953 2218; x_wconf 80' lang='grc' dir='ltr'>πλήκτην.</span> <span class='ocrx_word' id='word_1_324' title='bbox 2990 2173 3017 2205; x_wconf 69' lang='grc' dir='ltr'><strong><em>ι</em></strong></span> <span class='ocrx_word' id='word_1_325' title='bbox 3055 2148 3365 2220; x_wconf 80' lang='grc' dir='ltr'>Πλήττοντα</span> <span class='ocrx_word' id='word_1_326' title='bbox 3394 2152 3491 2220; x_wconf 74' lang='grc' dir='ltr'>τὴν</span> <span class='ocrx_word' id='word_1_327' title='bbox 3534 2152 3825 2221; x_wconf 84' lang='grc' dir='ltr'><strong>συνείδησιν</strong></span> 
     </span>
    </p>
   </div>
   <div class='ocr_carea' id='block_1_50' title="bbox 2183 2234 3821 2319">
    <p class='ocr_par' dir='ltr' id='par_1_50' title="bbox 2183 2234 3821 2319">
     <span class='ocr_line' id='line_1_50' title="bbox 2183 2234 3821 2319; baseline 0.004 -26"><span class='ocrx_word' id='word_1_328' title='bbox 2183 2243 2287 2319; x_wconf 79' lang='grc' dir='ltr'><strong>τῶν</strong></span> <span class='ocrx_word' id='word_1_329' title='bbox 2317 2234 2577 2316; x_wconf 75' lang='grc' dir='ltr'>ἀδελφῶν.</span> <span class='ocrx_word' id='word_1_330' title='bbox 2619 2257 2643 2294; x_wconf 76' lang='grc' dir='ltr'>ι</span> <span class='ocrx_word' id='word_1_331' title='bbox 2692 2239 2780 2305; x_wconf 78' lang='grc' dir='ltr'><strong>Μὴ</strong></span> <span class='ocrx_word' id='word_1_332' title='bbox 2824 2236 3198 2319; x_wconf 78' lang='grc' dir='ltr'>αἰσχροκερδῆ,</span> <span class='ocrx_word' id='word_1_333' title='bbox 3254 2262 3277 2295; x_wconf 74' lang='grc' dir='ltr'><strong>ι</strong></span> <span class='ocrx_word' id='word_1_334' title='bbox 3346 2244 3473 2298; x_wconf 86' lang='grc' dir='ltr'>Οἶον</span> <span class='ocrx_word' id='word_1_335' title='bbox 3522 2242 3821 2318; x_wconf 77' lang='grc' dir='ltr'>ἀκτήμονα.</span> 
     </span>
    </p>
   </div>
   <div class='ocr_carea' id='block_1_51' title="bbox 2187 2317 3828 2409">
    <p class='ocr_par' dir='ltr' id='par_1_51' title="bbox 2187 2317 3828 2409">
     <span class='ocr_line' id='line_1_51' title="bbox 2187 2317 3828 2409; baseline 0.004 -28"><span class='ocrx_word' id='word_1_336' title='bbox 2187 2317 2279 2389; x_wconf 70' lang='grc' dir='ltr'>Ὠς</span> <span class='ocrx_word' id='word_1_337' title='bbox 2309 2326 2558 2383; x_wconf 80' lang='grc' dir='ltr'>παντοίου</span> <span class='ocrx_word' id='word_1_338' title='bbox 2610 2322 2845 2409; x_wconf 33' lang='grc' dir='ltr'>κέρδουᾼς,</span> <span class='ocrx_word' id='word_1_339' title='bbox 2876 2317 2976 2383; x_wconf 52' lang='grc' dir='ltr'>κέν</span> <span class='ocrx_word' id='word_1_340' title='bbox 3003 2317 3198 2384; x_wconf 88' lang='grc' dir='ltr'>δίκαιον</span> <span class='ocrx_word' id='word_1_341' title='bbox 3228 2328 3367 2385; x_wconf 74' lang='grc' dir='ltr'>εἶναι</span> <span class='ocrx_word' id='word_1_342' title='bbox 3409 2326 3561 2406; x_wconf 78' lang='grc' dir='ltr'>δοκῇ,</span> <span class='ocrx_word' id='word_1_343' title='bbox 3607 2317 3828 2409; x_wconf 74' lang='grc' dir='ltr'>αἰσχροῦ</span> 
     </span>
    </p>
   </div>
   <div class='ocr_carea' id='block_1_52' title="bbox 2189 2399 3826 2497">
    <p class='ocr_par' dir='ltr' id='par_1_52' title="bbox 2189 2399 3826 2497">
     <span class='ocr_line' id='line_1_52' title="bbox 2189 2399 3826 2497; baseline -0.004 -26"><span class='ocrx_word' id='word_1_344' title='bbox 2189 2413 2338 2478; x_wconf 73' lang='grc' dir='ltr'>ὄντος</span> <span class='ocrx_word' id='word_1_345' title='bbox 2367 2399 2684 2488; x_wconf 39' lang='grc' dir='ltr'>ἐπισκόπῳί</span> <span class='ocrx_word' id='word_1_346' title='bbox 2704 2438 2725 2470; x_wconf 72' lang='grc' dir='ltr'>ι</span> <span class='ocrx_word' id='word_1_347' title='bbox 2780 2399 2973 2478; x_wconf 63' lang='grc' dir='ltr'><strong>ιὈσιον,</strong></span> <span class='ocrx_word' id='word_1_348' title='bbox 3012 2438 3036 2474; x_wconf 75' lang='grc' dir='ltr'>ι</span> <span class='ocrx_word' id='word_1_349' title='bbox 3090 2419 3324 2496; x_wconf 82' lang='grc' dir='ltr'>Καθαρὸν</span> <span class='ocrx_word' id='word_1_350' title='bbox 3378 2399 3594 2483; x_wconf 76' lang='grc' dir='ltr'>πάθους,</span> <span class='ocrx_word' id='word_1_351' title='bbox 3633 2442 3662 2474; x_wconf 71' lang='grc' dir='ltr'><strong>α</strong></span> <span class='ocrx_word' id='word_1_352' title='bbox 3693 2399 3826 2497; x_wconf 59' lang='grc' dir='ltr'><strong>ίέγ-</strong></span> 
     </span>
    </p>
   </div>
   <div class='ocr_carea' id='block_1_53' title="bbox 2190 2504 3825 2597">
    <p class='ocr_par' dir='ltr' id='par_1_53' title="bbox 2190 2504 3825 2597">
     <span class='ocr_line' id='line_1_53' title="bbox 2190 2504 3825 2597; baseline 0.004 -36"><span class='ocrx_word' id='word_1_353' title='bbox 2190 2509 2382 2584; x_wconf 82' lang='grc' dir='ltr'>κρατῆ.</span> <span class='ocrx_word' id='word_1_354' title='bbox 2418 2527 2447 2559; x_wconf 72' lang='grc' dir='ltr'><strong><em>ι</em></strong></span> <span class='ocrx_word' id='word_1_355' title='bbox 2495 2505 2585 2597; x_wconf 50' lang='grc' dir='ltr'><strong>μὴ</strong></span> <span class='ocrx_word' id='word_1_356' title='bbox 2614 2504 2730 2583; x_wconf 81' lang='grc' dir='ltr'>περὶ</span> <span class='ocrx_word' id='word_1_357' title='bbox 2786 2504 2925 2597; x_wconf 39' lang='grc' dir='ltr'>σιτία</span> <span class='ocrx_word' id='word_1_358' title='bbox 2968 2504 3152 2580; x_wconf 83' lang='grc' dir='ltr'>μόνον,</span> <span class='ocrx_word' id='word_1_359' title='bbox 3197 2504 3333 2564; x_wconf 86' lang='grc' dir='ltr'><strong>ἀλλά</strong></span> <span class='ocrx_word' id='word_1_360' title='bbox 3386 2510 3580 2571; x_wconf 86' lang='grc' dir='ltr'>παντὸς</span> <span class='ocrx_word' id='word_1_361' title='bbox 3608 2509 3825 2574; x_wconf 81' lang='grc' dir='ltr'><strong>πάθους.</strong></span> 
     </span>
    </p>
   </div>
   <div class='ocr_carea' id='block_1_54' title="bbox 2196 2592 3827 2675">
    <p class='ocr_par' dir='ltr' id='par_1_54' title="bbox 2196 2592 3827 2675">
     <span class='ocr_line' id='line_1_54' title="bbox 2196 2592 3827 2675; baseline 0.002 -25"><span class='ocrx_word' id='word_1_362' title='bbox 2196 2617 2221 2650; x_wconf 73' lang='grc' dir='ltr'><strong>α</strong></span> <span class='ocrx_word' id='word_1_363' title='bbox 2261 2600 2457 2651; x_wconf 76' lang='grc' dir='ltr'>Πιστοῦ</span> <span class='ocrx_word' id='word_1_364' title='bbox 2499 2592 2682 2672; x_wconf 84' lang='grc' dir='ltr'>λόγου.</span> <span class='ocrx_word' id='word_1_365' title='bbox 2718 2613 2743 2655; x_wconf 68' lang='grc' dir='ltr'><strong>ι</strong></span> <span class='ocrx_word' id='word_1_366' title='bbox 2804 2592 2859 2651; x_wconf 21' lang='grc' dir='ltr'><strong>ΓΗ</strong></span> <span class='ocrx_word' id='word_1_367' title='bbox 2888 2600 2978 2651; x_wconf 79' lang='grc' dir='ltr'><strong>τοῦ</strong></span> <span class='ocrx_word' id='word_1_368' title='bbox 3020 2593 3271 2675; x_wconf 79' lang='grc' dir='ltr'>ἀληθοῦς,</span> <span class='ocrx_word' id='word_1_369' title='bbox 3304 2595 3341 2664; x_wconf 72' lang='grc' dir='ltr'><strong>ἢ</strong></span> <span class='ocrx_word' id='word_1_370' title='bbox 3370 2603 3462 2653; x_wconf 81' lang='grc' dir='ltr'><strong>τοῦ</strong></span> <span class='ocrx_word' id='word_1_371' title='bbox 3489 2595 3572 2653; x_wconf 80' lang='grc' dir='ltr'>διὰ</span> <span class='ocrx_word' id='word_1_372' title='bbox 3602 2598 3827 2662; x_wconf 82' lang='grc' dir='ltr'>πίστεως</span> 
     </span>
    </p>
   </div>
   <div class='ocr_carea' id='block_1_55' title="bbox 2190 2681 3829 2764">
    <p class='ocr_par' dir='ltr' id='par_1_55' title="bbox 2190 2681 3829 2764">
     <span class='ocr_line' id='line_1_55' title="bbox 2190 2681 3829 2764; baseline 0.003 -25"><span class='ocrx_word' id='word_1_373' title='bbox 2190 2681 2615 2764; x_wconf 85' lang='grc' dir='ltr'>χορηγουμένου,</span> <span class='ocrx_word' id='word_1_374' title='bbox 2657 2684 2745 2740; x_wconf 83' lang='grc' dir='ltr'><strong>καὶ</strong></span> <span class='ocrx_word' id='word_1_375' title='bbox 2808 2687 2902 2743; x_wconf 79' lang='grc' dir='ltr'>οὐκ</span> <span class='ocrx_word' id='word_1_376' title='bbox 2957 2683 3062 2741; x_wconf 82' lang='grc' dir='ltr'><strong>ἀπὸ</strong></span> <span class='ocrx_word' id='word_1_377' title='bbox 3119 2683 3412 2761; x_wconf 81' lang='grc' dir='ltr'>λογισμῶν.</span> <span class='ocrx_word' id='word_1_378' title='bbox 3467 2687 3566 2743; x_wconf 80' lang='grc' dir='ltr'>Διὰ</span> <span class='ocrx_word' id='word_1_379' title='bbox 3591 2686 3829 2744; x_wconf 77' lang='grc' dir='ltr'>τοῦτοδὲ</span> 
     </span>
    </p>
   </div>
   <div class='ocr_carea' id='block_1_56' title="bbox 2185 2769 3828 2856">
    <p class='ocr_par' dir='ltr' id='par_1_56' title="bbox 2185 2769 3828 2856">
     <span class='ocr_line' id='line_1_56' title="bbox 2185 2769 3828 2856; baseline 0.003 -27"><span class='ocrx_word' id='word_1_380' title='bbox 2185 2774 2332 2847; x_wconf 86' lang='grc' dir='ltr'>ε’ίπε,</span> <span class='ocrx_word' id='word_1_381' title='bbox 2367 2781 2469 2831; x_wconf 81' lang='grc' dir='ltr'>Τοῦ</span> <span class='ocrx_word' id='word_1_382' title='bbox 2495 2772 2631 2828; x_wconf 78' lang='grc' dir='ltr'>κατὰ</span> <span class='ocrx_word' id='word_1_383' title='bbox 2668 2769 2917 2853; x_wconf 74' lang='grc' dir='ltr'>διδαχὴν,</span> <span class='ocrx_word' id='word_1_384' title='bbox 2948 2771 3151 2847; x_wconf 77' lang='grc' dir='ltr'>δηλῶν,</span> <span class='ocrx_word' id='word_1_385' title='bbox 3183 2773 3265 2830; x_wconf 81' lang='grc' dir='ltr'><strong>ὅτι</strong></span> <span class='ocrx_word' id='word_1_386' title='bbox 3294 2776 3381 2831; x_wconf 82' lang='grc' dir='ltr'>καὶ</span> <span class='ocrx_word' id='word_1_387' title='bbox 3410 2777 3575 2856; x_wconf 86' lang='grc' dir='ltr'>χωρὶς</span> <span class='ocrx_word' id='word_1_388' title='bbox 3603 2782 3701 2844; x_wconf 78' lang='grc' dir='ltr'><strong>τῆς</strong></span> <span class='ocrx_word' id='word_1_389' title='bbox 3730 2776 3828 2843; x_wconf 81' lang='grc' dir='ltr'><strong>ἔξω</strong></span> 
     </span>
    </p>
   </div>
   <div class='ocr_carea' id='block_1_57' title="bbox 2185 2858 3823 2941">
    <p class='ocr_par' dir='ltr' id='par_1_57' title="bbox 2185 2858 3823 2941">
     <span class='ocr_line' id='line_1_57' title="bbox 2185 2858 3823 2941; baseline 0.003 -23"><span class='ocrx_word' id='word_1_390' title='bbox 2185 2861 2389 2941; x_wconf 76' lang='grc' dir='ltr'>σοφίας,</span> <span class='ocrx_word' id='word_1_391' title='bbox 2439 2858 2710 2918; x_wconf 84' lang='grc' dir='ltr'>διδάσκειν</span> <span class='ocrx_word' id='word_1_392' title='bbox 2739 2859 2968 2924; x_wconf 83' lang='grc' dir='ltr'>δύναται,</span> <span class='ocrx_word' id='word_1_393' title='bbox 3030 2864 3103 2920; x_wconf 71' lang='grc' dir='ltr'>Οὔ</span> <span class='ocrx_word' id='word_1_394' title='bbox 3158 2863 3257 2941; x_wconf 75' lang='grc' dir='ltr'><strong>γὰρ</strong></span> <span class='ocrx_word' id='word_1_395' title='bbox 3299 2862 3615 2939; x_wconf 78' lang='grc' dir='ltr'>ἐπιδείξεως,</span> <span class='ocrx_word' id='word_1_396' title='bbox 3673 2869 3823 2941; x_wconf 81' lang='grc' dir='ltr'>φησὶ,</span> 
     </span>
    </p>
   </div>
   <div class='ocr_carea' id='block_1_58' title="bbox 2183 2947 3828 3031">
    <p class='ocr_par' dir='ltr' id='par_1_58' title="bbox 2183 2947 3828 3031">
     <span class='ocr_line' id='line_1_58' title="bbox 2183 2947 3828 3031; baseline 0.005 -27"><span class='ocrx_word' id='word_1_397' title='bbox 2183 2951 2362 3031; x_wconf 82' lang='grc' dir='ltr'>χρεία,</span> <span class='ocrx_word' id='word_1_398' title='bbox 2392 2947 2529 3006; x_wconf 81' lang='grc' dir='ltr'>ἀλλὰ</span> <span class='ocrx_word' id='word_1_399' title='bbox 2555 2947 2780 3030; x_wconf 78' lang='grc' dir='ltr'>διδαχῆς</span> <span class='ocrx_word' id='word_1_400' title='bbox 2811 2952 2898 3007; x_wconf 87' lang='grc' dir='ltr'><strong>καὶ</strong></span> <span class='ocrx_word' id='word_1_401' title='bbox 2922 2949 3198 3031; x_wconf 77' lang='grc' dir='ltr'>ὠφελείας.</span> <span class='ocrx_word' id='word_1_402' title='bbox 3239 2975 3266 3007; x_wconf 75' lang='grc' dir='ltr'><strong>α</strong></span> <span class='ocrx_word' id='word_1_403' title='bbox 3304 2954 3407 3010; x_wconf 78' lang='grc' dir='ltr'><strong>Ὶνα</strong></span> <span class='ocrx_word' id='word_1_404' title='bbox 3436 2951 3648 3019; x_wconf 87' lang='grc' dir='ltr'>δυνατὸς</span> <span class='ocrx_word' id='word_1_405' title='bbox 3675 2954 3711 3023; x_wconf 76' lang='grc' dir='ltr'>ἦ</span> <span class='ocrx_word' id='word_1_406' title='bbox 3743 2958 3828 3012; x_wconf 88' lang='grc' dir='ltr'><strong>καὶ</strong></span> 
     </span>
    </p>
   </div>
   <div class='ocr_carea' id='block_1_59' title="bbox 449 3032 2102 3126">
    <p class='ocr_par' dir='ltr' id='par_1_59' title="bbox 449 3032 2098 3126">
     <span class='ocr_line' id='line_1_59' title="bbox 449 3032 2098 3126; baseline -0.002 -27"><span class='ocrx_word' id='word_1_407' title='bbox 449 3036 524 3099; x_wconf 90' lang='lat' dir='ltr'><strong>ab</strong></span> <span class='ocrx_word' id='word_1_408' title='bbox 554 3036 829 3126; x_wconf 87' lang='lat' dir='ltr'><strong>humanis</strong></span> <span class='ocrx_word' id='word_1_409' title='bbox 860 3033 1315 3126; x_wconf 68' lang='lat' dir='ltr'><strong>cogitationibus</strong></span> <span class='ocrx_word' id='word_1_410' title='bbox 1336 3041 1435 3126; x_wconf 83' lang='lat' dir='ltr'><strong>aut</strong></span> <span class='ocrx_word' id='word_1_411' title='bbox 1453 3032 1807 3126; x_wconf 77' lang='lat' dir='ltr'><strong>rationibus.</strong></span> <span class='ocrx_word' id='word_1_412' title='bbox 1825 3036 2098 3126; x_wconf 83' lang='lat' dir='ltr'><strong>Propter-</strong></span> 
     </span>
    </p>
   </div>
   <div class='ocr_carea' id='block_1_60' title="bbox 2191 3032 3824 3126">
    <p class='ocr_par' dir='ltr' id='par_1_60' title="bbox 2191 3037 3824 3126">
     <span class='ocr_line' id='line_1_60' title="bbox 2191 3037 3824 3126; baseline 0.003 -29"><span class='ocrx_word' id='word_1_413' title='bbox 2191 3037 2536 3119; x_wconf 77' lang='grc' dir='ltr'>παρακαλεῖν.</span> <span class='ocrx_word' id='word_1_414' title='bbox 2588 3060 2613 3097; x_wconf 69' lang='grc' dir='ltr'>ι</span> <span class='ocrx_word' id='word_1_415' title='bbox 2676 3045 2841 3097; x_wconf 83' lang='grc' dir='ltr'>Τοῦτο</span> <span class='ocrx_word' id='word_1_416' title='bbox 2884 3037 2938 3096; x_wconf 88' lang='grc' dir='ltr'>δέ</span> <span class='ocrx_word' id='word_1_417' title='bbox 2982 3039 3151 3116; x_wconf 79' lang='grc' dir='ltr'>ἔσται,</span> <span class='ocrx_word' id='word_1_418' title='bbox 3211 3038 3316 3098; x_wconf 85' lang='grc' dir='ltr'><strong>ἀπό</strong></span> <span class='ocrx_word' id='word_1_419' title='bbox 3371 3064 3427 3099; x_wconf 88' lang='grc' dir='ltr'><strong>τε</strong></span> <span class='ocrx_word' id='word_1_420' title='bbox 3497 3046 3824 3126; x_wconf 76' lang='grc' dir='ltr'>φρονήσεως,</span> 
     </span>
    </p>
   </div>
   <div class='ocr_carea' id='block_1_61' title="bbox 452 3120 2102 3209">
    <p class='ocr_par' dir='ltr' id='par_1_61' title="bbox 452 3122 2098 3198">
     <span class='ocr_line' id='line_1_61' title="bbox 452 3122 2098 3198; baseline -0.003 -10"><span class='ocrx_word' id='word_1_421' title='bbox 452 3145 521 3189; x_wconf 88' lang='lat' dir='ltr'><strong>ea</strong></span> <span class='ocrx_word' id='word_1_422' title='bbox 553 3133 749 3188; x_wconf 87' lang='lat' dir='ltr'><strong>autem</strong></span> <span class='ocrx_word' id='word_1_423' title='bbox 774 3124 960 3188; x_wconf 85' lang='lat' dir='ltr'><strong>dixit:</strong></span> <span class='ocrx_word' id='word_1_424' title='bbox 994 3122 1107 3198; x_wconf 86' lang='lat' dir='ltr'><strong>Qui</strong></span> <span class='ocrx_word' id='word_1_425' title='bbox 1137 3123 1467 3187; x_wconf 90' lang='lat' dir='ltr'><strong>secundum</strong></span> <span class='ocrx_word' id='word_1_426' title='bbox 1499 3122 1824 3185; x_wconf 85' lang='lat' dir='ltr'><strong>doctrinam</strong></span> <span class='ocrx_word' id='word_1_427' title='bbox 1850 3131 1974 3186; x_wconf 89' lang='lat' dir='ltr'><strong>est:</strong></span> <span class='ocrx_word' id='word_1_428' title='bbox 2010 3123 2098 3184; x_wconf 92' lang='lat' dir='ltr'><strong>si-</strong></span> 
     </span>
    </p>
   </div>
   <div class='ocr_carea' id='block_1_62' title="bbox 2191 3120 3825 3209">
    <p class='ocr_par' dir='ltr' id='par_1_62' title="bbox 2191 3120 3825 3209">
     <span class='ocr_line' id='line_1_62' title="bbox 2191 3120 3825 3209; baseline 0.003 -25"><span class='ocrx_word' id='word_1_429' title='bbox 2191 3129 2399 3194; x_wconf 73' lang='grc' dir='ltr'>καὶτῆς</span> <span class='ocrx_word' id='word_1_430' title='bbox 2430 3133 2534 3183; x_wconf 84' lang='grc' dir='ltr'>τῶν</span> <span class='ocrx_word' id='word_1_431' title='bbox 2578 3133 2794 3209; x_wconf 77' lang='grc' dir='ltr'>Γραφῶν</span> <span class='ocrx_word' id='word_1_432' title='bbox 2864 3126 3137 3199; x_wconf 82' lang='grc' dir='ltr'>εἰδήσεως.</span> <span class='ocrx_word' id='word_1_433' title='bbox 3188 3120 3545 3209; x_wconf 14' lang='grc' dir='ltr'>’Υγιαίνουσαή</span> <span class='ocrx_word' id='word_1_434' title='bbox 3572 3130 3626 3188; x_wconf 80' lang='grc' dir='ltr'>δὲ</span> <span class='ocrx_word' id='word_1_435' title='bbox 3676 3120 3825 3190; x_wconf 58' lang='grc' dir='ltr'>διδαλ</span> 
     </span>
    </p>
   </div>
   <div class='ocr_carea' id='block_1_63' title="bbox 450 3212 2102 3301">
    <p class='ocr_par' dir='ltr' id='par_1_63' title="bbox 450 3212 2100 3301">
     <span class='ocr_line' id='line_1_63' title="bbox 450 3212 2100 3301; baseline -0.002 -22"><span class='ocrx_word' id='word_1_436' title='bbox 450 3215 764 3296; x_wconf 84' lang='lat' dir='ltr'><strong>gnificans,</strong></span> <span class='ocrx_word' id='word_1_437' title='bbox 787 3213 944 3296; x_wconf 93' lang='lat' dir='ltr'><strong>quod</strong></span> <span class='ocrx_word' id='word_1_438' title='bbox 967 3213 1145 3277; x_wconf 89' lang='lat' dir='ltr'><strong>etiam</strong></span> <span class='ocrx_word' id='word_1_439' title='bbox 1167 3213 1296 3276; x_wconf 91' lang='lat' dir='ltr'><strong>sine</strong></span> <span class='ocrx_word' id='word_1_440' title='bbox 1313 3221 1554 3301; x_wconf 83' lang='lat' dir='ltr'><strong>externa</strong></span> <span class='ocrx_word' id='word_1_441' title='bbox 1570 3212 1858 3301; x_wconf 86' lang='lat' dir='ltr'><strong>sapientia</strong></span> <span class='ocrx_word' id='word_1_442' title='bbox 1879 3213 2100 3275; x_wconf 90' lang='lat' dir='ltr'><strong>docere</strong></span> 
     </span>
    </p>
   </div>
   <div class='ocr_carea' id='block_1_64' title="bbox 2191 3212 3877 3301">
    <p class='ocr_par' dir='ltr' id='par_1_64' title="bbox 2191 3215 3877 3301">
     <span class='ocr_line' id='line_1_64' title="bbox 2191 3215 3877 3301; baseline 0.002 -27"><span class='ocrx_word' id='word_1_443' title='bbox 2191 3216 2376 3274; x_wconf 88' lang='grc' dir='ltr'>σκαλία</span> <span class='ocrx_word' id='word_1_444' title='bbox 2426 3215 2587 3291; x_wconf 86' lang='grc' dir='ltr'>ἐστὶν,</span> <span class='ocrx_word' id='word_1_445' title='bbox 2634 3218 2668 3285; x_wconf 77' lang='grc' dir='ltr'><strong>ἡ</strong></span> <span class='ocrx_word' id='word_1_446' title='bbox 2720 3219 2806 3274; x_wconf 87' lang='grc' dir='ltr'><strong>καὶ</strong></span> <span class='ocrx_word' id='word_1_447' title='bbox 2859 3215 3098 3298; x_wconf 83' lang='grc' dir='ltr'>δόγματα</span> <span class='ocrx_word' id='word_1_448' title='bbox 3151 3216 3326 3286; x_wconf 83' lang='grc' dir='ltr'>ἀληθῆ</span> <span class='ocrx_word' id='word_1_449' title='bbox 3364 3221 3451 3276; x_wconf 85' lang='grc' dir='ltr'><strong>καὶ</strong></span> <span class='ocrx_word' id='word_1_450' title='bbox 3519 3220 3631 3297; x_wconf 83' lang='grc' dir='ltr'>βίον</span> <span class='ocrx_word' id='word_1_451' title='bbox 3680 3222 3827 3301; x_wconf 82' lang='grc' dir='ltr'>ὀρθὸν</span> <span class='ocrx_word' id='word_1_452' title='bbox 3870 3250 3877 3257; x_wconf 90' lang='grc'><strong>·</strong></span> 
     </span>
    </p>
   </div>
   <div class='ocr_carea' id='block_1_65' title="bbox 448 3300 2102 3389">
    <p class='ocr_par' dir='ltr' id='par_1_65' title="bbox 448 3300 2100 3385">
     <span class='ocr_line' id='line_1_65' title="bbox 448 3300 2100 3385; baseline -0.003 -19"><span class='ocrx_word' id='word_1_453' title='bbox 448 3304 656 3385; x_wconf 90' lang='lat' dir='ltr'><strong>possit.</strong></span> <span class='ocrx_word' id='word_1_454' title='bbox 679 3306 886 3385; x_wconf 89' lang='lat' dir='ltr'><strong>Neque</strong></span> <span class='ocrx_word' id='word_1_455' title='bbox 916 3302 1073 3367; x_wconf 87' lang='lat' dir='ltr'><strong>enim</strong></span> <span class='ocrx_word' id='word_1_456' title='bbox 1097 3300 2100 3382; x_wconf 80' lang='lat' dir='ltr'><strong>demonstratione,inquit,naturali</strong></span> 
     </span>
    </p>
   </div>
   <div class='ocr_carea' id='block_1_66' title="bbox 2191 3300 3887 3389">
    <p class='ocr_par' dir='ltr' id='par_1_66' title="bbox 2191 3300 3887 3389">
     <span class='ocr_line' id='line_1_66' title="bbox 2191 3300 3887 3389; baseline 0.004 -27"><span class='ocrx_word' id='word_1_457' title='bbox 2191 3304 2515 3367; x_wconf 77' lang='grc' dir='ltr'>διδάσκουσα.</span> <span class='ocrx_word' id='word_1_458' title='bbox 2585 3324 2613 3363; x_wconf 69' lang='grc' dir='ltr'><strong><em>ι</em></strong></span> <span class='ocrx_word' id='word_1_459' title='bbox 2658 3307 2757 3364; x_wconf 81' lang='grc' dir='ltr'><strong>Καὶ</strong></span> <span class='ocrx_word' id='word_1_460' title='bbox 2804 3307 2924 3370; x_wconf 87' lang='grc' dir='ltr'>τοὺς</span> <span class='ocrx_word' id='word_1_461' title='bbox 2983 3305 3350 3387; x_wconf 83' lang='grc' dir='ltr'>ἀντιλέγοντας</span> <span class='ocrx_word' id='word_1_462' title='bbox 3407 3307 3638 3389; x_wconf 78' lang='grc' dir='ltr'>ἐλέχειν.</span> <span class='ocrx_word' id='word_1_463' title='bbox 3705 3300 3728 3366; x_wconf 55' lang='grc' dir='ltr'><em>ί</em></span> <span class='ocrx_word' id='word_1_464' title='bbox 3769 3301 3826 3368; x_wconf 73' lang='grc' dir='ltr'><strong>ι0</strong></span> <span class='ocrx_word' id='word_1_465' title='bbox 3878 3343 3887 3353; x_wconf 88' lang='lat'><strong>-</strong></span> 
     </span>
    </p>
   </div>
   <div class='ocr_carea' id='block_1_67' title="bbox 449 3389 2102 3478">
    <p class='ocr_par' dir='ltr' id='par_1_67' title="bbox 449 3389 2097 3475">
     <span class='ocr_line' id='line_1_67' title="bbox 449 3389 2097 3475; baseline -0.002 -19"><span class='ocrx_word' id='word_1_466' title='bbox 449 3401 551 3456; x_wconf 89' lang='lat' dir='ltr'><strong>aut</strong></span> <span class='ocrx_word' id='word_1_467' title='bbox 580 3392 991 3475; x_wconf 88' lang='lat' dir='ltr'><strong>philosophica</strong></span> <span class='ocrx_word' id='word_1_468' title='bbox 1011 3409 1159 3473; x_wconf 92' lang='lat' dir='ltr'><strong>opus</strong></span> <span class='ocrx_word' id='word_1_469' title='bbox 1182 3399 1297 3468; x_wconf 89' lang='lat' dir='ltr'><strong>est,</strong></span> <span class='ocrx_word' id='word_1_470' title='bbox 1325 3389 1430 3452; x_wconf 91' lang='lat' dir='ltr'><strong>sed</strong></span> <span class='ocrx_word' id='word_1_471' title='bbox 1453 3389 1723 3452; x_wconf 80' lang='lat' dir='ltr'><strong>doctrina</strong></span> <span class='ocrx_word' id='word_1_472' title='bbox 1746 3398 1804 3452; x_wconf 91' lang='lat' dir='ltr'><strong>et</strong></span> <span class='ocrx_word' id='word_1_473' title='bbox 1825 3390 2097 3454; x_wconf 88' lang='lat' dir='ltr'><strong>utilitate.</strong></span> 
     </span>
    </p>
   </div>
   <div class='ocr_carea' id='block_1_68' title="bbox 2191 3389 3825 3478">
    <p class='ocr_par' dir='ltr' id='par_1_68' title="bbox 2191 3392 3825 3478">
     <span class='ocr_line' id='line_1_68' title="bbox 2191 3392 3825 3478; baseline 0.001 -26"><span class='ocrx_word' id='word_1_474' title='bbox 2191 3397 2281 3474; x_wconf 79' lang='grc' dir='ltr'><strong>γὰρ</strong></span> <span class='ocrx_word' id='word_1_475' title='bbox 2324 3394 2402 3471; x_wconf 81' lang='grc' dir='ltr'><strong>μὴ</strong></span> <span class='ocrx_word' id='word_1_476' title='bbox 2445 3392 2591 3458; x_wconf 80' lang='grc' dir='ltr'>εἰδὼς</span> <span class='ocrx_word' id='word_1_477' title='bbox 2622 3396 2884 3475; x_wconf 75' lang='grc' dir='ltr'>μάχεσθαι</span> <span class='ocrx_word' id='word_1_478' title='bbox 2911 3400 3029 3460; x_wconf 85' lang='grc' dir='ltr'>τοῖς</span> <span class='ocrx_word' id='word_1_479' title='bbox 3071 3396 3310 3476; x_wconf 85' lang='grc' dir='ltr'>ἐχθροῖς,</span> <span class='ocrx_word' id='word_1_480' title='bbox 3356 3398 3443 3456; x_wconf 80' lang='grc' dir='ltr'><strong>καὶ</strong></span> <span class='ocrx_word' id='word_1_481' title='bbox 3485 3397 3825 3478; x_wconf 76' lang='grc' dir='ltr'>αἰχμαλωτί-</span> 
     </span>
    </p>
   </div>
   <div class='ocr_carea' id='block_1_69' title="bbox 454 3479 2102 3566">
    <p class='ocr_par' dir='ltr' id='par_1_69' title="bbox 454 3479 2102 3565">
     <span class='ocr_line' id='line_1_69' title="bbox 454 3479 2102 3565; baseline 0.002 -25"><span class='ocrx_word' id='word_1_482' title='bbox 454 3506 482 3540; x_wconf 79' lang='grc' dir='ltr'><strong>α</strong></span> <span class='ocrx_word' id='word_1_483' title='bbox 512 3485 591 3565; x_wconf 84' lang='lat' dir='ltr'><strong>Ut</strong></span> <span class='ocrx_word' id='word_1_484' title='bbox 619 3490 829 3565; x_wconf 91' lang='lat' dir='ltr'><strong>potens</strong></span> <span class='ocrx_word' id='word_1_485' title='bbox 859 3482 939 3543; x_wconf 87' lang='lat' dir='ltr'><strong>sit</strong></span> <span class='ocrx_word' id='word_1_486' title='bbox 968 3480 1144 3543; x_wconf 86' lang='lat' dir='ltr'><strong>etiam</strong></span> <span class='ocrx_word' id='word_1_487' title='bbox 1175 3479 1497 3543; x_wconf 80' lang='lat' dir='ltr'><strong>exhortari.</strong></span> <span class='ocrx_word' id='word_1_488' title='bbox 1534 3504 1560 3538; x_wconf 73' lang='grc' dir='ltr'>ι</span> <span class='ocrx_word' id='word_1_489' title='bbox 1601 3481 1726 3543; x_wconf 87' lang='grc' dir='ltr'><strong>Ηοο</strong></span> <span class='ocrx_word' id='word_1_490' title='bbox 1747 3488 1946 3541; x_wconf 82' lang='lat' dir='ltr'><strong>autem</strong></span> <span class='ocrx_word' id='word_1_491' title='bbox 1980 3489 2039 3543; x_wconf 92' lang='lat' dir='ltr'><strong>et</strong></span> <span class='ocrx_word' id='word_1_492' title='bbox 2067 3501 2102 3543; x_wconf 90' lang='lat' dir='ltr'><strong>a</strong></span> 
     </span>
    </p>
   </div>
   <div class='ocr_carea' id='block_1_70' title="bbox 2191 3479 3826 3566">
    <p class='ocr_par' dir='ltr' id='par_1_70' title="bbox 2191 3483 3826 3566">
     <span class='ocr_line' id='line_1_70' title="bbox 2191 3483 3826 3566; baseline 0.001 -25"><span class='ocrx_word' id='word_1_493' title='bbox 2191 3493 2288 3556; x_wconf 75' lang='grc' dir='ltr'>ζειν</span> <span class='ocrx_word' id='word_1_494' title='bbox 2314 3490 2417 3541; x_wconf 82' lang='grc' dir='ltr'><strong>πᾶν</strong></span> <span class='ocrx_word' id='word_1_495' title='bbox 2447 3483 2622 3560; x_wconf 83' lang='grc' dir='ltr'>νόημα</span> <span class='ocrx_word' id='word_1_496' title='bbox 2650 3485 2722 3546; x_wconf 83' lang='grc' dir='ltr'><strong>είς</strong></span> <span class='ocrx_word' id='word_1_497' title='bbox 2779 3484 2878 3552; x_wconf 75' lang='grc' dir='ltr'><strong>τὴν</strong></span> <span class='ocrx_word' id='word_1_498' title='bbox 2933 3485 3174 3552; x_wconf 77' lang='grc' dir='ltr'>ὑπακοὴν</span> <span class='ocrx_word' id='word_1_499' title='bbox 3233 3492 3325 3545; x_wconf 79' lang='grc' dir='ltr'><strong>τοῦ</strong></span> <span class='ocrx_word' id='word_1_500' title='bbox 3378 3487 3624 3566; x_wconf 78' lang='grc' dir='ltr'>Χριστοῦ,</span> <span class='ocrx_word' id='word_1_501' title='bbox 3682 3486 3826 3547; x_wconf 65' lang='grc' dir='ltr'>οὐδὲν</span> 
     </span>
    </p>
   </div>
   <div class='ocr_carea' id='block_1_71' title="bbox 446 3568 2102 3654">
    <p class='ocr_par' dir='ltr' id='par_1_71' title="bbox 446 3568 2097 3654">
     <span class='ocr_line' id='line_1_71' title="bbox 446 3568 2097 3654; baseline -0.001 -19"><span class='ocrx_word' id='word_1_502' title='bbox 446 3573 764 3654; x_wconf 89' lang='lat' dir='ltr'><strong>prudentia</strong></span> <span class='ocrx_word' id='word_1_503' title='bbox 791 3570 1095 3650; x_wconf 88' lang='lat' dir='ltr'><strong>continget</strong></span> <span class='ocrx_word' id='word_1_504' title='bbox 1123 3577 1181 3632; x_wconf 93' lang='lat' dir='ltr'><strong>et</strong></span> <span class='ocrx_word' id='word_1_505' title='bbox 1210 3588 1244 3632; x_wconf 90' lang='lat' dir='ltr'><strong>a</strong></span> <span class='ocrx_word' id='word_1_506' title='bbox 1267 3568 1608 3650; x_wconf 89' lang='lat' dir='ltr'><strong>cognitione</strong></span> <span class='ocrx_word' id='word_1_507' title='bbox 1632 3569 2097 3651; x_wconf 84' lang='lat' dir='ltr'><strong>Scripturarum.</strong></span> 
     </span>
    </p>
   </div>
   <div class='ocr_carea' id='block_1_72' title="bbox 2191 3568 2804 3654">
    <p class='ocr_par' dir='ltr' id='par_1_72' title="bbox 2191 3571 2804 3643">
     <span class='ocr_line' id='line_1_72' title="bbox 2191 3571 2804 3643; baseline -0.002 -14"><span class='ocrx_word' id='word_1_508' title='bbox 2191 3574 2396 3643; x_wconf 83' lang='grc' dir='ltr'>ποιήσει</span> <span class='ocrx_word' id='word_1_509' title='bbox 2425 3579 2529 3630; x_wconf 81' lang='grc' dir='ltr'>τῶν</span> <span class='ocrx_word' id='word_1_510' title='bbox 2558 3571 2804 3636; x_wconf 87' lang='grc' dir='ltr'>δεόντων,</span> 
     </span>
    </p>
   </div>
   <div class='ocr_carea' id='block_1_73' title="bbox 450 3658 3821 3741">
    <p class='ocr_par' dir='ltr' id='par_1_73' title="bbox 450 3658 3821 3741">
     <span class='ocr_line' id='line_1_73' title="bbox 450 3658 3821 3741; baseline -0.001 -14"><span class='ocrx_word' id='word_1_511' title='bbox 450 3664 609 3727; x_wconf 83' lang='lat' dir='ltr'><strong>Sana</strong></span> <span class='ocrx_word' id='word_1_512' title='bbox 636 3680 776 3725; x_wconf 91' lang='lat' dir='ltr'><strong>vero</strong></span> <span class='ocrx_word' id='word_1_513' title='bbox 808 3661 1079 3725; x_wconf 89' lang='lat' dir='ltr'><strong>doctrina</strong></span> <span class='ocrx_word' id='word_1_514' title='bbox 1108 3668 1198 3723; x_wconf 90' lang='lat' dir='ltr'><strong>est</strong></span> <span class='ocrx_word' id='word_1_515' title='bbox 1225 3679 1357 3741; x_wconf 79' lang='lat' dir='ltr'><strong>quae</strong></span> <span class='ocrx_word' id='word_1_516' title='bbox 1388 3666 1448 3722; x_wconf 90' lang='lat' dir='ltr'><strong>et</strong></span> <span class='ocrx_word' id='word_1_517' title='bbox 1477 3676 1617 3720; x_wconf 89' lang='lat' dir='ltr'><strong>vera</strong></span> <span class='ocrx_word' id='word_1_518' title='bbox 1647 3658 1918 3737; x_wconf 88' lang='lat' dir='ltr'><strong>dogmata</strong></span> <span class='ocrx_word' id='word_1_519' title='bbox 1950 3670 2009 3722; x_wconf 91' lang='lat' dir='ltr'><strong>et</strong></span> <span class='ocrx_word' id='word_1_520' title='bbox 2037 3668 2262 3725; x_wconf 89' lang='lat' dir='ltr'><strong>rectam</strong></span> <span class='ocrx_word' id='word_1_521' title='bbox 2290 3661 2468 3723; x_wconf 91' lang='lat' dir='ltr'><strong>vitam</strong></span> <span class='ocrx_word' id='word_1_522' title='bbox 2500 3660 2694 3725; x_wconf 92' lang='lat' dir='ltr'><strong>docet.</strong></span> <span class='ocrx_word' id='word_1_523' title='bbox 2749 3683 2771 3718; x_wconf 82' lang='grc' dir='ltr'><strong>ιι</strong></span> <span class='ocrx_word' id='word_1_524' title='bbox 2808 3660 2878 3724; x_wconf 83' lang='grc' dir='ltr'>Ει</span> <span class='ocrx_word' id='word_1_525' title='bbox 2906 3662 3378 3726; x_wconf 88' lang='lat' dir='ltr'><strong>contradicentes</strong></span> <span class='ocrx_word' id='word_1_526' title='bbox 3424 3664 3756 3729; x_wconf 77' lang='lat' dir='ltr'><strong>revincere.</strong></span> <span class='ocrx_word' id='word_1_527' title='bbox 3794 3690 3821 3723; x_wconf 80' lang='grc'><strong>»</strong></span> 
     </span>
    </p>
   </div>
   <div class='ocr_carea' id='block_1_74' title="bbox 448 3749 3824 3833">
    <p class='ocr_par' dir='ltr' id='par_1_74' title="bbox 448 3749 3824 3833">
     <span class='ocr_line' id='line_1_74' title="bbox 448 3749 3824 3833; baseline 0.001 -19"><span class='ocrx_word' id='word_1_528' title='bbox 448 3750 563 3827; x_wconf 82' lang='lat' dir='ltr'><strong>Qui</strong></span> <span class='ocrx_word' id='word_1_529' title='bbox 594 3770 714 3827; x_wconf 86' lang='lat' dir='ltr'><strong>non</strong></span> <span class='ocrx_word' id='word_1_530' title='bbox 748 3750 909 3814; x_wconf 92' lang='lat' dir='ltr'><strong>novit</strong></span> <span class='ocrx_word' id='word_1_531' title='bbox 936 3749 1222 3813; x_wconf 87' lang='lat' dir='ltr'><strong>adversus</strong></span> <span class='ocrx_word' id='word_1_532' title='bbox 1253 3749 1529 3813; x_wconf 90' lang='lat' dir='ltr'><strong>inimicos</strong></span> <span class='ocrx_word' id='word_1_533' title='bbox 1561 3766 1823 3828; x_wconf 82' lang='lat' dir='ltr'><strong>pugnare</strong></span> <span class='ocrx_word' id='word_1_534' title='bbox 1853 3758 1912 3812; x_wconf 91' lang='lat' dir='ltr'><strong>et</strong></span> <span class='ocrx_word' id='word_1_535' title='bbox 1939 3751 2229 3832; x_wconf 83' lang='lat' dir='ltr'><strong>captivam</strong></span> <span class='ocrx_word' id='word_1_536' title='bbox 2277 3751 2501 3815; x_wconf 89' lang='lat' dir='ltr'><strong>ducere</strong></span> <span class='ocrx_word' id='word_1_537' title='bbox 2550 3769 2789 3814; x_wconf 90' lang='lat' dir='ltr'><strong>omnem</strong></span> <span class='ocrx_word' id='word_1_538' title='bbox 2840 3751 3254 3833; x_wconf 88' lang='lat' dir='ltr'><strong>cogitationem</strong></span> <span class='ocrx_word' id='word_1_539' title='bbox 3303 3753 3375 3816; x_wconf 90' lang='lat' dir='ltr'><strong>ad</strong></span> <span class='ocrx_word' id='word_1_540' title='bbox 3426 3753 3824 3818; x_wconf 90' lang='lat' dir='ltr'><strong>obediendum</strong></span> 
     </span>
    </p>
   </div>
   <div class='ocr_carea' id='block_1_75' title="bbox 449 3836 1912 3920">
    <p class='ocr_par' dir='ltr' id='par_1_75' title="bbox 449 3836 1912 3920">
     <span class='ocr_line' id='line_1_75' title="bbox 449 3836 1912 3920; baseline -0.002 -14"><span class='ocrx_word' id='word_1_541' title='bbox 449 3841 711 3917; x_wconf 81' lang='lat' dir='ltr'><strong>Christo,</strong></span> <span class='ocrx_word' id='word_1_542' title='bbox 745 3841 893 3903; x_wconf 82' lang='lat' dir='ltr'><strong>nihil</strong></span> <span class='ocrx_word' id='word_1_543' title='bbox 923 3839 1099 3903; x_wconf 84' lang='lat' dir='ltr'><strong>faciet</strong></span> <span class='ocrx_word' id='word_1_544' title='bbox 1128 3858 1339 3903; x_wconf 90' lang='lat' dir='ltr'><strong>eorum</strong></span> <span class='ocrx_word' id='word_1_545' title='bbox 1370 3856 1501 3920; x_wconf 65' lang='lat' dir='ltr'><strong>quas</strong></span> <span class='ocrx_word' id='word_1_546' title='bbox 1530 3836 1912 3903; x_wconf 88' lang='lat' dir='ltr'><strong>conveniunt.</strong></span> 
     </span>
    </p>
   </div>
   <div class='ocr_carea' id='block_1_76' title="bbox 1079 3928 1443 3994">
    <p class='ocr_par' dir='ltr' id='par_1_76' title="bbox 1079 3928 1443 3994">
     <span class='ocr_line' id='line_1_76' title="bbox 1079 3928 1443 3994; baseline -0.003 0"><span class='ocrx_word' id='word_1_547' title='bbox 1079 3930 1326 3994; x_wconf 87' lang='lat' dir='ltr'><strong>CAPUT</strong></span> <span class='ocrx_word' id='word_1_548' title='bbox 1367 3928 1443 3993; x_wconf 89' lang='lat' dir='ltr'><strong>II.</strong></span> 
     </span>
    </p>
   </div>
   <div class='ocr_carea' id='block_1_77' title="bbox 448 4017 2097 4099">
    <p class='ocr_par' dir='ltr' id='par_1_77' title="bbox 448 4017 2097 4099">
     <span class='ocr_line' id='line_1_77' title="bbox 448 4017 2097 4099; baseline 0.002 -20"><span class='ocrx_word' id='word_1_549' title='bbox 448 4018 581 4080; x_wconf 75' lang='lat'><strong>29!</strong></span> <span class='ocrx_word' id='word_1_550' title='bbox 618 4017 920 4099; x_wconf 81' lang='lat' dir='ltr'><strong>Adversus</strong></span> <span class='ocrx_word' id='word_1_551' title='bbox 975 4034 1076 4081; x_wconf 86' lang='lat' dir='ltr'><strong>eos</strong></span> <span class='ocrx_word' id='word_1_552' title='bbox 1132 4020 1267 4099; x_wconf 14' lang='lat' dir='ltr'><strong>qui,</strong></span> <span class='ocrx_word' id='word_1_553' title='bbox 1315 4018 1590 4081; x_wconf 80' lang='lat' dir='ltr'><strong>carnales</strong></span> <span class='ocrx_word' id='word_1_554' title='bbox 1636 4018 2097 4099; x_wconf 9' lang='lat' dir='ltr'><strong>rannuntiabant</strong></span> 
     </span>
    </p>
   </div>
   <div class='ocr_carea' id='block_1_78' title="bbox 460 4094 1931 4179">
    <p class='ocr_par' dir='ltr' id='par_1_78' title="bbox 460 4094 1931 4179">
     <span class='ocr_line' id='line_1_78' title="bbox 460 4094 1931 4179; baseline 0.003 -21"><span class='ocrx_word' id='word_1_555' title='bbox 460 4100 465 4107; x_wconf 84' lang='lat'><strong>&#39;</strong></span> <span class='ocrx_word' id='word_1_556' title='bbox 602 4094 1064 4179; x_wconf 84' lang='lat' dir='ltr'><strong>puriﬁcationes</strong></span> <span class='ocrx_word' id='word_1_557' title='bbox 1099 4094 1204 4161; x_wconf 59' lang='lat' dir='ltr'><strong>z&#39;et</strong></span> <span class='ocrx_word' id='word_1_558' title='bbox 1231 4098 1303 4161; x_wconf 89' lang='lat' dir='ltr'><strong>de</strong></span> <span class='ocrx_word' id='word_1_559' title='bbox 1328 4098 1644 4179; x_wconf 85' lang='lat' dir='ltr'><strong>spirituali</strong></span> <span class='ocrx_word' id='word_1_560' title='bbox 1684 4100 1931 4162; x_wconf 85' lang='lat' dir='ltr'><strong>virtute.</strong></span> 
     </span>
    </p>
   </div>
   <div class='ocr_carea' id='block_1_79' title="bbox 530 4199 2104 4281">
    <p class='ocr_par' dir='ltr' id='par_1_79' title="bbox 530 4199 2104 4281">
     <span class='ocr_line' id='line_1_79' title="bbox 530 4199 2104 4281; baseline -0.002 -14"><span class='ocrx_word' id='word_1_561' title='bbox 530 4200 578 4278; x_wconf 84' lang='grc' dir='ltr'><strong>Ι,</strong></span> <span class='ocrx_word' id='word_1_562' title='bbox 604 4202 702 4276; x_wconf 86' lang='grc'>10,</span> <span class='ocrx_word' id='word_1_563' title='bbox 732 4207 828 4277; x_wconf 74' lang='lat'><strong>11.</strong></span> <span class='ocrx_word' id='word_1_564' title='bbox 862 4199 1022 4264; x_wconf 88' lang='lat' dir='ltr'><strong>Sunt</strong></span> <span class='ocrx_word' id='word_1_565' title='bbox 1046 4203 1212 4264; x_wconf 85' lang='lat' dir='ltr'><strong>enim</strong></span> <span class='ocrx_word' id='word_1_566' title='bbox 1234 4200 1421 4265; x_wconf 82' lang='lat' dir='ltr'><strong>multi</strong></span> <span class='ocrx_word' id='word_1_567' title='bbox 1466 4219 1586 4263; x_wconf 85' lang='lat' dir='ltr'><strong>non</strong></span> <span class='ocrx_word' id='word_1_568' title='bbox 1621 4199 2014 4281; x_wconf 87' lang='lat' dir='ltr'><strong>obsequentes</strong></span> <span class='ocrx_word' id='word_1_569' title='bbox 2044 4210 2104 4264; x_wconf 88' lang='lat' dir='ltr'><strong>et</strong></span> 
     </span>
    </p>
   </div>
   <div class='ocr_carea' id='block_1_80' title="bbox 449 4290 2105 4371">
    <p class='ocr_par' dir='ltr' id='par_1_80' title="bbox 449 4290 2105 4371">
     <span class='ocr_line' id='line_1_80' title="bbox 449 4290 2105 4371; baseline -0.002 -16"><span class='ocrx_word' id='word_1_570' title='bbox 449 4290 768 4371; x_wconf 82' lang='lat' dir='ltr'><strong>vaniloqut</strong></span> <span class='ocrx_word' id='word_1_571' title='bbox 786 4307 855 4353; x_wconf 89' lang='lat' dir='ltr'><strong>ac</strong></span> <span class='ocrx_word' id='word_1_572' title='bbox 883 4291 1187 4353; x_wconf 85' lang='lat' dir='ltr'><strong>mentium</strong></span> <span class='ocrx_word' id='word_1_573' title='bbox 1207 4291 1589 4353; x_wconf 86' lang='lat' dir='ltr'><strong>seductores:</strong></span> <span class='ocrx_word' id='word_1_574' title='bbox 1623 4292 1895 4352; x_wconf 73' lang='lat' dir='ltr'><strong>maxime</strong></span> <span class='ocrx_word' id='word_1_575' title='bbox 1919 4292 1969 4351; x_wconf 85' lang='lat' dir='ltr'><strong>ii</strong></span> <span class='ocrx_word' id='word_1_576' title='bbox 1998 4290 2105 4370; x_wconf 81' lang='lat' dir='ltr'><strong>qui</strong></span> 
     </span>
    </p>
   </div>
   <div class='ocr_carea' id='block_1_81' title="bbox 448 4378 2100 4461">
    <p class='ocr_par' dir='ltr' id='par_1_81' title="bbox 448 4378 2100 4461">
     <span class='ocr_line' id='line_1_81' title="bbox 448 4378 2100 4461; baseline -0.002 -18"><span class='ocrx_word' id='word_1_577' title='bbox 448 4388 591 4444; x_wconf 89' lang='lat' dir='ltr'><strong>sunt</strong></span> <span class='ocrx_word' id='word_1_578' title='bbox 620 4397 699 4443; x_wconf 72' lang='lat' dir='ltr'><strong>ex</strong></span> <span class='ocrx_word' id='word_1_579' title='bbox 718 4380 1175 4461; x_wconf 85' lang='lat' dir='ltr'><strong>circuncisione,</strong></span> <span class='ocrx_word' id='word_1_580' title='bbox 1198 4378 1416 4459; x_wconf 77' lang='lat' dir='ltr'><strong>quibus</strong></span> <span class='ocrx_word' id='word_1_581' title='bbox 1437 4386 1672 4457; x_wconf 82' lang='lat' dir='ltr'><strong>oportet</strong></span> <span class='ocrx_word' id='word_1_582' title='bbox 1696 4378 1979 4441; x_wconf 85' lang='lat' dir='ltr'><strong>obturare</strong></span> <span class='ocrx_word' id='word_1_583' title='bbox 1995 4396 2060 4441; x_wconf 91' lang='lat' dir='ltr'><strong>os</strong></span> <span class='ocrx_word' id='word_1_584' title='bbox 2087 4399 2100 4440; x_wconf 91' lang='lat'><strong>:</strong></span> 
     </span>
    </p>
   </div>
   <div class='ocr_carea' id='block_1_82' title="bbox 452 4466 2105 4550">
    <p class='ocr_par' dir='ltr' id='par_1_82' title="bbox 452 4466 2105 4550">
     <span class='ocr_line' id='line_1_82' title="bbox 452 4466 2105 4550; baseline -0.001 -20"><span class='ocrx_word' id='word_1_585' title='bbox 452 4470 561 4550; x_wconf 85' lang='lat' dir='ltr'><strong>qui</strong></span> <span class='ocrx_word' id='word_1_586' title='bbox 587 4475 743 4533; x_wconf 87' lang='lat' dir='ltr'><strong>totas</strong></span> <span class='ocrx_word' id='word_1_587' title='bbox 773 4469 981 4533; x_wconf 90' lang='lat' dir='ltr'><strong>domos</strong></span> <span class='ocrx_word' id='word_1_588' title='bbox 1029 4469 1410 4541; x_wconf 78' lang='lat' dir='ltr'><strong>subvertant,</strong></span> <span class='ocrx_word' id='word_1_589' title='bbox 1471 4466 1748 4530; x_wconf 85' lang='lat' dir='ltr'><strong>docentes</strong></span> <span class='ocrx_word' id='word_1_590' title='bbox 1798 4485 1931 4546; x_wconf 78' lang='lat' dir='ltr'><strong>qua:</strong></span> <span class='ocrx_word' id='word_1_591' title='bbox 1981 4484 2105 4529; x_wconf 82' lang='lat' dir='ltr'><strong>non</strong></span> 
     </span>
    </p>
   </div>
   <div class='ocr_carea' id='block_1_83' title="bbox 451 4556 1352 4640">
    <p class='ocr_par' dir='ltr' id='par_1_83' title="bbox 451 4556 1352 4640">
     <span class='ocr_line' id='line_1_83' title="bbox 451 4556 1352 4640; baseline -0.008 -18"><span class='ocrx_word' id='word_1_592' title='bbox 451 4564 691 4640; x_wconf 88' lang='lat' dir='ltr'><strong>oportet</strong></span> <span class='ocrx_word' id='word_1_593' title='bbox 720 4560 913 4639; x_wconf 84' lang='lat' dir='ltr'><strong>turpis</strong></span> <span class='ocrx_word' id='word_1_594' title='bbox 942 4558 1100 4621; x_wconf 78' lang='lat' dir='ltr'><strong>lucri</strong></span> <span class='ocrx_word' id='word_1_595' title='bbox 1118 4556 1352 4637; x_wconf 81' lang='lat' dir='ltr'><strong>gratia.</strong></span> 
     </span>
    </p>
   </div>
   <div class='ocr_carea' id='block_1_84' title="bbox 533 4643 2102 4727">
    <p class='ocr_par' dir='ltr' id='par_1_84' title="bbox 533 4643 2102 4727">
     <span class='ocr_line' id='line_1_84' title="bbox 533 4643 2102 4727; baseline -0.004 -16"><span class='ocrx_word' id='word_1_596' title='bbox 533 4645 817 4711; x_wconf 90' lang='lat' dir='ltr'><strong>Omnium</strong></span> <span class='ocrx_word' id='word_1_597' title='bbox 876 4646 1074 4727; x_wconf 88' lang='lat' dir='ltr'><strong>posuit</strong></span> <span class='ocrx_word' id='word_1_598' title='bbox 1100 4645 1365 4709; x_wconf 88' lang='lat' dir='ltr'><strong>radicem</strong></span> <span class='ocrx_word' id='word_1_599' title='bbox 1415 4664 1486 4708; x_wconf 88' lang='lat' dir='ltr'><strong>ex</strong></span> <span class='ocrx_word' id='word_1_600' title='bbox 1516 4663 1632 4727; x_wconf 90' lang='lat' dir='ltr'><strong>qua</strong></span> <span class='ocrx_word' id='word_1_601' title='bbox 1665 4643 1896 4725; x_wconf 87' lang='lat' dir='ltr'><strong>reliqua</strong></span> <span class='ocrx_word' id='word_1_602' title='bbox 1924 4644 2102 4707; x_wconf 90' lang='lat' dir='ltr'><strong>etiam</strong></span> 
     </span>
    </p>
   </div>
   <div class='ocr_carea' id='block_1_85' title="bbox 450 4732 2105 4816">
    <p class='ocr_par' dir='ltr' id='par_1_85' title="bbox 450 4732 2105 4816">
     <span class='ocr_line' id='line_1_85' title="bbox 450 4732 2105 4816; baseline -0.003 -18"><span class='ocrx_word' id='word_1_603' title='bbox 450 4736 745 4809; x_wconf 88' lang='lat' dir='ltr'><strong>oriuntur,</strong></span> <span class='ocrx_word' id='word_1_604' title='bbox 777 4732 923 4798; x_wconf 87' lang='lat' dir='ltr'><strong>Nam</strong></span> <span class='ocrx_word' id='word_1_605' title='bbox 949 4737 1047 4816; x_wconf 89' lang='lat' dir='ltr'><strong>qui</strong></span> <span class='ocrx_word' id='word_1_606' title='bbox 1068 4734 1423 4797; x_wconf 90' lang='lat' dir='ltr'><strong>inobediens</strong></span> <span class='ocrx_word' id='word_1_607' title='bbox 1445 4742 1554 4809; x_wconf 91' lang='lat' dir='ltr'><strong>est,</strong></span> <span class='ocrx_word' id='word_1_608' title='bbox 1578 4734 1706 4815; x_wconf 89' lang='lat' dir='ltr'><strong>ipse</strong></span> <span class='ocrx_word' id='word_1_609' title='bbox 1739 4733 1979 4815; x_wconf 90' lang='lat' dir='ltr'><strong>quidem</strong></span> <span class='ocrx_word' id='word_1_610' title='bbox 2003 4734 2105 4795; x_wconf 93' lang='lat' dir='ltr'><strong>ob-</strong></span> 
     </span>
    </p>
   </div>
   <div class='ocr_carea' id='block_1_86' title="bbox 454 4824 2104 4909">
    <p class='ocr_par' dir='ltr' id='par_1_86' title="bbox 454 4824 2104 4909">
     <span class='ocr_line' id='line_1_86' title="bbox 454 4824 2104 4909; baseline -0.002 -20"><span class='ocrx_word' id='word_1_611' title='bbox 454 4834 790 4909; x_wconf 85' lang='lat' dir='ltr'><strong>temperare</strong></span> <span class='ocrx_word' id='word_1_612' title='bbox 819 4834 1079 4907; x_wconf 88' lang='lat' dir='ltr'><strong>recusat,</strong></span> <span class='ocrx_word' id='word_1_613' title='bbox 1109 4826 1355 4908; x_wconf 88' lang='lat' dir='ltr'><strong>reliquis</strong></span> <span class='ocrx_word' id='word_1_614' title='bbox 1385 4845 1524 4889; x_wconf 90' lang='lat' dir='ltr'><strong>vero</strong></span> <span class='ocrx_word' id='word_1_615' title='bbox 1539 4824 1836 4907; x_wconf 90' lang='lat' dir='ltr'><strong>imperare</strong></span> <span class='ocrx_word' id='word_1_616' title='bbox 1864 4841 1933 4889; x_wconf 88' lang='lat' dir='ltr'><strong>ac</strong></span> <span class='ocrx_word' id='word_1_617' title='bbox 1959 4842 2104 4905; x_wconf 69' lang='lat' dir='ltr'><strong>pree-</strong></span> 
     </span>
    </p>
   </div>
   <div class='ocr_carea' id='block_1_87' title="bbox 451 4913 2107 4997">
    <p class='ocr_par' dir='ltr' id='par_1_87' title="bbox 451 4913 2107 4997">
     <span class='ocr_line' id='line_1_87' title="bbox 451 4913 2107 4997; baseline -0.004 -16"><span class='ocrx_word' id='word_1_618' title='bbox 451 4934 587 4981; x_wconf 89' lang='lat' dir='ltr'><strong>esse</strong></span> <span class='ocrx_word' id='word_1_619' title='bbox 614 4915 1005 4997; x_wconf 89' lang='lat' dir='ltr'><strong>concupiscit.</strong></span> <span class='ocrx_word' id='word_1_620' title='bbox 1034 4916 1264 4981; x_wconf 88' lang='lat' dir='ltr'><strong>Deinde</strong></span> <span class='ocrx_word' id='word_1_621' title='bbox 1288 4922 1524 4997; x_wconf 88' lang='lat' dir='ltr'><strong>oportet</strong></span> <span class='ocrx_word' id='word_1_622' title='bbox 1552 4933 1685 4978; x_wconf 92' lang='lat' dir='ltr'><strong>eum</strong></span> <span class='ocrx_word' id='word_1_623' title='bbox 1710 4913 1810 4996; x_wconf 92' lang='lat' dir='ltr'><strong>qui</strong></span> <span class='ocrx_word' id='word_1_624' title='bbox 1829 4913 2107 4977; x_wconf 88' lang='lat' dir='ltr'><strong>ecclesia-</strong></span> 
     </span>
    </p>
   </div>
   <div class='ocr_carea' id='block_1_88' title="bbox 454 5003 2104 5087">
    <p class='ocr_par' dir='ltr' id='par_1_88' title="bbox 454 5003 2104 5087">
     <span class='ocr_line' id='line_1_88' title="bbox 454 5003 2104 5087; baseline -0.004 -17"><span class='ocrx_word' id='word_1_625' title='bbox 454 5005 603 5071; x_wconf 85' lang='lat' dir='ltr'><strong>stico</strong></span> <span class='ocrx_word' id='word_1_626' title='bbox 636 5004 969 5087; x_wconf 88' lang='lat' dir='ltr'><strong>principatu</strong></span> <span class='ocrx_word' id='word_1_627' title='bbox 999 5005 1274 5087; x_wconf 87' lang='lat' dir='ltr'><strong>imperat,</strong></span> <span class='ocrx_word' id='word_1_628' title='bbox 1331 5004 1510 5067; x_wconf 90' lang='lat' dir='ltr'><strong>etiam</strong></span> <span class='ocrx_word' id='word_1_629' title='bbox 1557 5004 1773 5066; x_wconf 90' lang='lat' dir='ltr'><strong>docere</strong></span> <span class='ocrx_word' id='word_1_630' title='bbox 1819 5003 1967 5083; x_wconf 90' lang='lat' dir='ltr'><strong>:qui</strong></span> <span class='ocrx_word' id='word_1_631' title='bbox 1995 5020 2104 5064; x_wconf 86' lang='lat' dir='ltr'><strong>au-</strong></span> 
     </span>
    </p>
   </div>
   <div class='ocr_carea' id='block_1_89' title="bbox 454 5091 2103 5177">
    <p class='ocr_par' dir='ltr' id='par_1_89' title="bbox 454 5091 2103 5177">
     <span class='ocr_line' id='line_1_89' title="bbox 454 5091 2103 5177; baseline -0.003 -20"><span class='ocrx_word' id='word_1_632' title='bbox 454 5102 573 5158; x_wconf 88' lang='lat' dir='ltr'><strong>tem</strong></span> <span class='ocrx_word' id='word_1_633' title='bbox 608 5095 784 5157; x_wconf 90' lang='lat' dir='ltr'><strong>docet</strong></span> <span class='ocrx_word' id='word_1_634' title='bbox 815 5095 1155 5177; x_wconf 87' lang='lat' dir='ltr'><strong>priusquam</strong></span> <span class='ocrx_word' id='word_1_635' title='bbox 1187 5093 1483 5176; x_wconf 89' lang='lat' dir='ltr'><strong>didicerit,</strong></span> <span class='ocrx_word' id='word_1_636' title='bbox 1537 5112 1608 5157; x_wconf 92' lang='lat' dir='ltr'><strong>eo</strong></span> <span class='ocrx_word' id='word_1_637' title='bbox 1640 5092 1796 5174; x_wconf 90' lang='lat' dir='ltr'><strong>quod</strong></span> <span class='ocrx_word' id='word_1_638' title='bbox 1822 5091 1954 5155; x_wconf 89' lang='lat' dir='ltr'><strong>aliis</strong></span> <span class='ocrx_word' id='word_1_639' title='bbox 1985 5110 2103 5153; x_wconf 91' lang='lat' dir='ltr'><strong>non</strong></span> 
     </span>
    </p>
   </div>
   <div class='ocr_carea' id='block_1_90' title="bbox 454 5182 2105 5267">
    <p class='ocr_par' dir='ltr' id='par_1_90' title="bbox 454 5182 2105 5267">
     <span class='ocr_line' id='line_1_90' title="bbox 454 5182 2105 5267; baseline -0.005 -17"><span class='ocrx_word' id='word_1_640' title='bbox 454 5183 838 5267; x_wconf 84' lang='lat' dir='ltr'><strong>obsequatur,</strong></span> <span class='ocrx_word' id='word_1_641' title='bbox 866 5187 999 5265; x_wconf 89' lang='lat' dir='ltr'><strong>jure</strong></span> <span class='ocrx_word' id='word_1_642' title='bbox 1030 5184 1378 5267; x_wconf 83' lang='lat' dir='ltr'><strong>vaniloquus</strong></span> <span class='ocrx_word' id='word_1_643' title='bbox 1407 5204 1475 5248; x_wconf 91' lang='lat' dir='ltr'><strong>ac</strong></span> <span class='ocrx_word' id='word_1_644' title='bbox 1507 5184 1793 5248; x_wconf 88' lang='lat' dir='ltr'><strong>mentium</strong></span> <span class='ocrx_word' id='word_1_645' title='bbox 1826 5182 2105 5246; x_wconf 90' lang='lat' dir='ltr'><strong>seductor</strong></span> 
     </span>
    </p>
   </div>
   <div class='ocr_carea' id='block_1_91' title="bbox 451 5272 2096 5356">
    <p class='ocr_par' dir='ltr' id='par_1_91' title="bbox 451 5272 2096 5356">
     <span class='ocr_line' id='line_1_91' title="bbox 451 5272 2096 5356; baseline -0.001 -20"><span class='ocrx_word' id='word_1_646' title='bbox 451 5273 777 5349; x_wconf 82' lang='lat' dir='ltr'><strong>invenitur.</strong></span> <span class='ocrx_word' id='word_1_647' title='bbox 813 5274 1103 5339; x_wconf 67' lang='lat' dir='ltr'><strong>«Maxime</strong></span> <span class='ocrx_word' id='word_1_648' title='bbox 1123 5276 1165 5337; x_wconf 90' lang='lat' dir='ltr'><strong>ii</strong></span> <span class='ocrx_word' id='word_1_649' title='bbox 1187 5273 1289 5356; x_wconf 89' lang='lat' dir='ltr'><strong>qui</strong></span> <span class='ocrx_word' id='word_1_650' title='bbox 1313 5282 1545 5337; x_wconf 81' lang='lat' dir='ltr'><strong>suntex</strong></span> <span class='ocrx_word' id='word_1_651' title='bbox 1580 5272 2096 5336; x_wconf 73' lang='lat' dir='ltr'><strong>circumcisione.»</strong></span> 
     </span>
    </p>
   </div>
   <div class='ocr_carea' id='block_1_92' title="bbox 452 5360 2100 5445">
    <p class='ocr_par' dir='ltr' id='par_1_92' title="bbox 452 5360 2100 5445">
     <span class='ocr_line' id='line_1_92' title="bbox 452 5360 2100 5445; baseline -0.002 -19"><span class='ocrx_word' id='word_1_652' title='bbox 452 5360 560 5426; x_wconf 85' lang='lat' dir='ltr'><strong>His</strong></span> <span class='ocrx_word' id='word_1_653' title='bbox 584 5363 745 5425; x_wconf 87' lang='lat' dir='ltr'><strong>enim</strong></span> <span class='ocrx_word' id='word_1_654' title='bbox 777 5362 955 5427; x_wconf 88' lang='lat' dir='ltr'><strong>etiam</strong></span> <span class='ocrx_word' id='word_1_655' title='bbox 985 5364 1250 5427; x_wconf 83' lang='lat' dir='ltr'><strong>Christus</strong></span> <span class='ocrx_word' id='word_1_656' title='bbox 1281 5364 1502 5444; x_wconf 88' lang='lat' dir='ltr'><strong>objecit</strong></span> <span class='ocrx_word' id='word_1_657' title='bbox 1526 5363 1684 5445; x_wconf 89' lang='lat' dir='ltr'><strong>quod</strong></span> <span class='ocrx_word' id='word_1_658' title='bbox 1706 5362 2100 5445; x_wconf 89' lang='lat' dir='ltr'><strong>principatum</strong></span> 
     </span>
    </p>
   </div>
   <div class='ocr_carea' id='block_1_93' title="bbox 455 5450 2100 5535">
    <p class='ocr_par' dir='ltr' id='par_1_93' title="bbox 455 5450 2100 5535">
     <span class='ocr_line' id='line_1_93' title="bbox 455 5450 2100 5535; baseline -0.001 -22"><span class='ocrx_word' id='word_1_659' title='bbox 455 5450 774 5525; x_wconf 84' lang='lat' dir='ltr'><strong>ambirent:</strong></span> <span class='ocrx_word' id='word_1_660' title='bbox 810 5452 913 5532; x_wconf 89' lang='lat' dir='ltr'><strong>qui</strong></span> <span class='ocrx_word' id='word_1_661' title='bbox 930 5462 1061 5534; x_wconf 89' lang='lat' dir='ltr'><strong>post</strong></span> <span class='ocrx_word' id='word_1_662' title='bbox 1081 5461 1416 5534; x_wconf 87' lang='lat' dir='ltr'><strong>susceptam</strong></span> <span class='ocrx_word' id='word_1_663' title='bbox 1441 5472 1698 5535; x_wconf 86' lang='lat' dir='ltr'><strong>quoque;</strong></span> <span class='ocrx_word' id='word_1_664' title='bbox 1718 5452 1921 5518; x_wconf 84' lang='lat' dir='ltr'><strong>ﬁdem.</strong></span> <span class='ocrx_word' id='word_1_665' title='bbox 1945 5470 2100 5513; x_wconf 86' lang='lat' dir='ltr'><strong>mor-</strong></span> 
     </span>
    </p>
   </div>
   <div class='ocr_carea' id='block_1_94' title="bbox 451 5540 2105 5623">
    <p class='ocr_par' dir='ltr' id='par_1_94' title="bbox 451 5540 2105 5623">
     <span class='ocr_line' id='line_1_94' title="bbox 451 5540 2105 5623; baseline -0.001 -20"><span class='ocrx_word' id='word_1_666' title='bbox 451 5540 599 5605; x_wconf 89' lang='lat' dir='ltr'><strong>bum</strong></span> <span class='ocrx_word' id='word_1_667' title='bbox 629 5540 790 5603; x_wconf 90' lang='lat' dir='ltr'><strong>hunc</strong></span> <span class='ocrx_word' id='word_1_668' title='bbox 845 5560 964 5604; x_wconf 91' lang='lat' dir='ltr'><strong>non</strong></span> <span class='ocrx_word' id='word_1_669' title='bbox 1019 5541 1455 5623; x_wconf 90' lang='lat' dir='ltr'><strong>relinquebant.</strong></span> <span class='ocrx_word' id='word_1_670' title='bbox 1527 5540 1808 5614; x_wconf 78' lang='lat' dir='ltr'><strong>«Quibus</strong></span> <span class='ocrx_word' id='word_1_671' title='bbox 1868 5547 2105 5621; x_wconf 84' lang='lat' dir='ltr'><strong>oportet</strong></span> 
     </span>
    </p>
   </div>
   <div class='ocr_carea' id='block_1_95' title="bbox 454 5628 2099 5713">
    <p class='ocr_par' dir='ltr' id='par_1_95' title="bbox 454 5628 2099 5713">
     <span class='ocr_line' id='line_1_95' title="bbox 454 5628 2099 5713; baseline -0.001 -20"><span class='ocrx_word' id='word_1_672' title='bbox 454 5628 736 5694; x_wconf 86' lang='lat' dir='ltr'><strong>obturare</strong></span> <span class='ocrx_word' id='word_1_673' title='bbox 765 5647 855 5693; x_wconf 89' lang='lat' dir='ltr'><strong>os.</strong></span> <span class='ocrx_word' id='word_1_674' title='bbox 894 5654 918 5690; x_wconf 76' lang='grc' dir='ltr'>ι)</span> <span class='ocrx_word' id='word_1_675' title='bbox 954 5628 1100 5693; x_wconf 88' lang='lat' dir='ltr'><strong>Nam</strong></span> <span class='ocrx_word' id='word_1_676' title='bbox 1130 5631 1182 5693; x_wconf 92' lang='lat' dir='ltr'><strong>si</strong></span> <span class='ocrx_word' id='word_1_677' title='bbox 1210 5630 1527 5713; x_wconf 80' lang='lat' dir='ltr'><strong>episcopus</strong></span> <span class='ocrx_word' id='word_1_678' title='bbox 1578 5630 1692 5694; x_wconf 90' lang='lat' dir='ltr'><strong>sibi</strong></span> <span class='ocrx_word' id='word_1_679' title='bbox 1723 5629 2099 5694; x_wconf 87' lang='lat' dir='ltr'><strong>commissam</strong></span> 
     </span>
    </p>
   </div>
   <div class='ocr_carea' id='block_1_96' title="bbox 2821 3924 3199 3997">
    <p class='ocr_par' dir='ltr' id='par_1_96' title="bbox 2821 3924 3199 3997">
     <span class='ocr_line' id='line_1_96' title="bbox 2821 3924 3199 3997; baseline 0.013 -5"><span class='ocrx_word' id='word_1_680' title='bbox 2821 3924 3199 3997; x_wconf 62' lang='grc' dir='ltr'><strong>ΚΕΦΑΑ.ΒΖ</strong></span> 
     </span>
    </p>
   </div>
   <div class='ocr_carea' id='block_1_97' title="bbox 2187 4021 3830 4106">
    <p class='ocr_par' dir='ltr' id='par_1_97' title="bbox 2187 4021 3830 4106">
     <span class='ocr_line' id='line_1_97' title="bbox 2187 4021 3830 4106; baseline 0.002 -26"><span class='ocrx_word' id='word_1_681' title='bbox 2187 4040 2217 4080; x_wconf 69' lang='grc' dir='ltr'><strong>α</strong></span> <span class='ocrx_word' id='word_1_682' title='bbox 2251 4021 2397 4080; x_wconf 83' lang='grc' dir='ltr'>Κατά</span> <span class='ocrx_word' id='word_1_683' title='bbox 2424 4024 2528 4078; x_wconf 82' lang='grc' dir='ltr'>τῶν</span> <span class='ocrx_word' id='word_1_684' title='bbox 2557 4022 2806 4101; x_wconf 75' lang='grc' dir='ltr'>σαρκικὰς</span> <span class='ocrx_word' id='word_1_685' title='bbox 2837 4024 3110 4106; x_wconf 83' lang='grc' dir='ltr'>καθάρσεις</span> <span class='ocrx_word' id='word_1_686' title='bbox 3141 4022 3556 4103; x_wconf 85' lang='grc' dir='ltr'>πρεσϐευόντων,</span> <span class='ocrx_word' id='word_1_687' title='bbox 3584 4026 3671 4083; x_wconf 80' lang='grc' dir='ltr'><strong>καὶ</strong></span> <span class='ocrx_word' id='word_1_688' title='bbox 3700 4028 3830 4106; x_wconf 75' lang='grc' dir='ltr'>ὑπὲρ</span> 
     </span>
    </p>
   </div>
   <div class='ocr_carea' id='block_1_98' title="bbox 2668 4105 3342 4184">
    <p class='ocr_par' dir='ltr' id='par_1_98' title="bbox 2668 4105 3342 4184">
     <span class='ocr_line' id='line_1_98' title="bbox 2668 4105 3342 4184; baseline 0.007 -26"><span class='ocrx_word' id='word_1_689' title='bbox 2668 4108 3029 4178; x_wconf 79' lang='grc' dir='ltr'>πνευματικῆς</span> <span class='ocrx_word' id='word_1_690' title='bbox 3059 4105 3253 4184; x_wconf 72' lang='grc' dir='ltr'>ἀρετῆς</span> <span class='ocrx_word' id='word_1_691' title='bbox 3264 4153 3278 4168; x_wconf 91' lang='grc'><strong>.</strong></span> <span class='ocrx_word' id='word_1_692' title='bbox 3319 4128 3342 4163; x_wconf 76' lang='grc' dir='ltr'>ι</span> 
     </span>
    </p>
   </div>
   <div class='ocr_carea' id='block_1_99' title="bbox 2273 4207 3826 4291">
    <p class='ocr_par' dir='ltr' id='par_1_99' title="bbox 2273 4207 3826 4291">
     <span class='ocr_line' id='line_1_99' title="bbox 2273 4207 3826 4291; baseline 0.005 -29"><span class='ocrx_word' id='word_1_693' title='bbox 2273 4228 2296 4262; x_wconf 71' lang='grc' dir='ltr'>ι</span> <span class='ocrx_word' id='word_1_694' title='bbox 2377 4207 2488 4264; x_wconf 77' lang='grc' dir='ltr'>Εἰσὶ</span> <span class='ocrx_word' id='word_1_695' title='bbox 2530 4208 2630 4286; x_wconf 80' lang='grc' dir='ltr'><strong>γὰρ</strong></span> <span class='ocrx_word' id='word_1_696' title='bbox 2684 4207 2876 4266; x_wconf 88' lang='grc' dir='ltr'>πολλοὶ</span> <span class='ocrx_word' id='word_1_697' title='bbox 2929 4210 3279 4269; x_wconf 85' lang='grc' dir='ltr'>ἀνυπότακτοι</span> <span class='ocrx_word' id='word_1_698' title='bbox 3336 4212 3425 4269; x_wconf 83' lang='grc' dir='ltr'><strong>καὶ</strong></span> <span class='ocrx_word' id='word_1_699' title='bbox 3480 4212 3826 4291; x_wconf 72' lang='grc' dir='ltr'>ματαιολόγοι</span> 
     </span>
    </p>
   </div>
   <div class='ocr_carea' id='block_1_100' title="bbox 2185 4294 3827 4379">
    <p class='ocr_par' dir='ltr' id='par_1_100' title="bbox 2185 4294 3827 4379">
     <span class='ocr_line' id='line_1_100' title="bbox 2185 4294 3827 4379; baseline 0.007 -30"><span class='ocrx_word' id='word_1_700' title='bbox 2185 4294 2271 4350; x_wconf 85' lang='grc' dir='ltr'><strong>καὶ</strong></span> <span class='ocrx_word' id='word_1_701' title='bbox 2327 4296 2673 4374; x_wconf 76' lang='grc' dir='ltr'>φρεναπάται,</span> <span class='ocrx_word' id='word_1_702' title='bbox 2747 4296 2980 4373; x_wconf 84' lang='grc' dir='ltr'>μα’λιστα</span> <span class='ocrx_word' id='word_1_703' title='bbox 3063 4302 3110 4356; x_wconf 74' lang='grc' dir='ltr'><strong>οἱ</strong></span> <span class='ocrx_word' id='word_1_704' title='bbox 3191 4303 3252 4357; x_wconf 72' lang='grc' dir='ltr'><strong>ἐκ</strong></span> <span class='ocrx_word' id='word_1_705' title='bbox 3334 4305 3652 4379; x_wconf 80' lang='grc' dir='ltr'>περιτομῆς.</span> <span class='ocrx_word' id='word_1_706' title='bbox 3727 4303 3827 4367; x_wconf 79' lang='grc' dir='ltr'>Οὒς</span> 
     </span>
    </p>
   </div>
   <div class='ocr_carea' id='block_1_101' title="bbox 2183 4379 3830 4468">
    <p class='ocr_par' dir='ltr' id='par_1_101' title="bbox 2183 4379 3830 4468">
     <span class='ocr_line' id='line_1_101' title="bbox 2183 4379 3830 4468; baseline 0.006 -31"><span class='ocrx_word' id='word_1_707' title='bbox 2183 4379 2266 4439; x_wconf 84' lang='grc' dir='ltr'><strong>δεῖ</strong></span> <span class='ocrx_word' id='word_1_708' title='bbox 2347 4382 2722 4464; x_wconf 78' lang='grc' dir='ltr'>ἐπιστομίζειν,</span> <span class='ocrx_word' id='word_1_709' title='bbox 2809 4386 3004 4451; x_wconf 66' lang='grc' dir='ltr'>οἵτινες</span> <span class='ocrx_word' id='word_1_710' title='bbox 3100 4386 3253 4453; x_wconf 81' lang='grc' dir='ltr'>ὅλους</span> <span class='ocrx_word' id='word_1_711' title='bbox 3337 4388 3522 4453; x_wconf 75' lang='grc' dir='ltr'>οἴκους</span> <span class='ocrx_word' id='word_1_712' title='bbox 3605 4388 3830 4468; x_wconf 81' lang='grc' dir='ltr'>ἀνατρέ-</span> 
     </span>
    </p>
   </div>
   <div class='ocr_carea' id='block_1_102' title="bbox 2183 4469 3827 4560">
    <p class='ocr_par' dir='ltr' id='par_1_102' title="bbox 2183 4469 3827 4560">
     <span class='ocr_line' id='line_1_102' title="bbox 2183 4469 3827 4560; baseline 0.006 -34"><span class='ocrx_word' id='word_1_713' title='bbox 2183 4493 2360 4546; x_wconf 86' lang='grc' dir='ltr'>πουσι,</span> <span class='ocrx_word' id='word_1_714' title='bbox 2422 4469 2775 4554; x_wconf 78' lang='grc' dir='ltr'>διδάσκοντες,</span> <span class='ocrx_word' id='word_1_715' title='bbox 2863 4474 2898 4531; x_wconf 83' lang='grc' dir='ltr'>ἃ</span> <span class='ocrx_word' id='word_1_716' title='bbox 2963 4478 3042 4552; x_wconf 75' lang='grc' dir='ltr'><strong>μὴ</strong></span> <span class='ocrx_word' id='word_1_717' title='bbox 3124 4475 3229 4553; x_wconf 76' lang='grc' dir='ltr'>δεῖ,</span> <span class='ocrx_word' id='word_1_718' title='bbox 3312 4480 3535 4560; x_wconf 76' lang='grc' dir='ltr'>αἰσχροῦ</span> <span class='ocrx_word' id='word_1_719' title='bbox 3617 4477 3827 4559; x_wconf 85' lang='grc' dir='ltr'>κέρδους</span> 
     </span>
    </p>
   </div>
   <div class='ocr_carea' id='block_1_103' title="bbox 2184 4559 2440 4639">
    <p class='ocr_par' dir='ltr' id='par_1_103' title="bbox 2184 4559 2440 4639">
     <span class='ocr_line' id='line_1_103' title="bbox 2184 4559 2440 4639; baseline 0.012 -24"><span class='ocrx_word' id='word_1_720' title='bbox 2184 4559 2363 4639; x_wconf 78' lang='grc' dir='ltr'>χάριν.</span> <span class='ocrx_word' id='word_1_721' title='bbox 2416 4582 2440 4618; x_wconf 69' lang='grc' dir='ltr'><strong>υ</strong></span> 
     </span>
    </p>
   </div>
   <div class='ocr_carea' id='block_1_104' title="bbox 2265 4649 3825 4738">
    <p class='ocr_par' dir='ltr' id='par_1_104' title="bbox 2265 4649 3825 4738">
     <span class='ocr_line' id='line_1_104' title="bbox 2265 4649 3825 4738; baseline 0.003 -30"><span class='ocrx_word' id='word_1_722' title='bbox 2265 4649 2373 4717; x_wconf 76' lang='grc' dir='ltr'><strong>Τὴν</strong></span> <span class='ocrx_word' id='word_1_723' title='bbox 2403 4650 2542 4728; x_wconf 82' lang='grc' dir='ltr'>ῥίζαν</span> <span class='ocrx_word' id='word_1_724' title='bbox 2570 4651 2696 4709; x_wconf 81' lang='grc' dir='ltr'>εἶπε</span> <span class='ocrx_word' id='word_1_725' title='bbox 2738 4653 2970 4725; x_wconf 79' lang='grc' dir='ltr'>πάντων,</span> <span class='ocrx_word' id='word_1_726' title='bbox 3005 4655 3057 4721; x_wconf 76' lang='grc' dir='ltr'>ἐξ</span> <span class='ocrx_word' id='word_1_727' title='bbox 3083 4658 3152 4724; x_wconf 77' lang='grc' dir='ltr'>ἦς</span> <span class='ocrx_word' id='word_1_728' title='bbox 3196 4658 3284 4715; x_wconf 81' lang='grc' dir='ltr'><strong>καὶ</strong></span> <span class='ocrx_word' id='word_1_729' title='bbox 3323 4657 3390 4713; x_wconf 77' lang='grc' dir='ltr'><strong>τὰ</strong></span> <span class='ocrx_word' id='word_1_730' title='bbox 3431 4655 3593 4716; x_wconf 85' lang='grc' dir='ltr'>λοιπᾶ</span> <span class='ocrx_word' id='word_1_731' title='bbox 3621 4656 3825 4738; x_wconf 72' lang='grc' dir='ltr'>φύεται,</span> 
     </span>
    </p>
   </div>
   <div class='ocr_carea' id='block_1_105' title="bbox 2189 4729 3826 4822">
    <p class='ocr_par' dir='ltr' id='par_1_105' title="bbox 2189 4729 3826 4822">
     <span class='ocr_line' id='line_1_105' title="bbox 2189 4729 3826 4822; baseline 0.004 -26"><span class='ocrx_word' id='word_1_732' title='bbox 2189 4729 2247 4796; x_wconf 61' lang='grc' dir='ltr'>Ὀ</span> <span class='ocrx_word' id='word_1_733' title='bbox 2317 4739 2415 4818; x_wconf 83' lang='grc' dir='ltr'>γὰρ</span> <span class='ocrx_word' id='word_1_734' title='bbox 2464 4739 2848 4821; x_wconf 83' lang='grc' dir='ltr'>ἀνυπότακτος,</span> <span class='ocrx_word' id='word_1_735' title='bbox 2900 4744 3055 4810; x_wconf 72' lang='grc' dir='ltr'>αὐτὸς</span> <span class='ocrx_word' id='word_1_736' title='bbox 3107 4747 3201 4821; x_wconf 79' lang='grc' dir='ltr'><strong>μὲν</strong></span> <span class='ocrx_word' id='word_1_737' title='bbox 3252 4744 3419 4803; x_wconf 77' lang='grc' dir='ltr'>εἴκειν</span> <span class='ocrx_word' id='word_1_738' title='bbox 3461 4746 3520 4803; x_wconf 72' lang='grc' dir='ltr'><strong>οὗ</strong></span> <span class='ocrx_word' id='word_1_739' title='bbox 3561 4745 3826 4822; x_wconf 85' lang='grc' dir='ltr'>βούλεται,</span> 
     </span>
    </p>
   </div>
   <div class='ocr_carea' id='block_1_106' title="bbox 2189 4825 3833 4913">
    <p class='ocr_par' dir='ltr' id='par_1_106' title="bbox 2189 4825 3833 4913">
     <span class='ocr_line' id='line_1_106' title="bbox 2189 4825 3833 4913; baseline 0.007 -31"><span class='ocrx_word' id='word_1_740' title='bbox 2189 4825 2374 4908; x_wconf 79' lang='grc' dir='ltr'>ἄρχειν</span> <span class='ocrx_word' id='word_1_741' title='bbox 2403 4826 2457 4884; x_wconf 80' lang='grc' dir='ltr'>δὲ</span> <span class='ocrx_word' id='word_1_742' title='bbox 2488 4831 2574 4886; x_wconf 82' lang='grc' dir='ltr'><strong>καὶ</strong></span> <span class='ocrx_word' id='word_1_743' title='bbox 2603 4828 2910 4889; x_wconf 79' lang='grc' dir='ltr'>ἐπιστατεῖν</span> <span class='ocrx_word' id='word_1_744' title='bbox 2967 4833 3156 4913; x_wconf 81' lang='grc' dir='ltr'>ἑτέρων</span> <span class='ocrx_word' id='word_1_745' title='bbox 3212 4834 3479 4910; x_wconf 80' lang='grc' dir='ltr'>ἐπιθυμεῖ.</span> <span class='ocrx_word' id='word_1_746' title='bbox 3553 4835 3690 4891; x_wconf 81' lang='grc' dir='ltr'>Εἶτα</span> <span class='ocrx_word' id='word_1_747' title='bbox 3748 4833 3833 4894; x_wconf 85' lang='grc' dir='ltr'><strong>δεῖ</strong></span> 
     </span>
    </p>
   </div>
   <div class='ocr_carea' id='block_1_107' title="bbox 2187 4913 3829 5003">
    <p class='ocr_par' dir='ltr' id='par_1_107' title="bbox 2187 4913 3829 5003">
     <span class='ocr_line' id='line_1_107' title="bbox 2187 4913 3829 5003; baseline 0.004 -28"><span class='ocrx_word' id='word_1_748' title='bbox 2187 4920 2279 4975; x_wconf 82' lang='grc' dir='ltr'>τὸν</span> <span class='ocrx_word' id='word_1_749' title='bbox 2329 4913 2563 5003; x_wconf 68' lang='grc' dir='ltr'>ἄρχοντα</span> <span class='ocrx_word' id='word_1_750' title='bbox 2619 4920 2717 4988; x_wconf 74' lang='grc' dir='ltr'><strong>τὴν</strong></span> <span class='ocrx_word' id='word_1_751' title='bbox 2787 4919 3231 4991; x_wconf 77' lang='grc' dir='ltr'>ἐκκλησιαστικὴν</span> <span class='ocrx_word' id='word_1_752' title='bbox 3300 4924 3497 5003; x_wconf 77' lang='grc' dir='ltr'>αρχὴν,</span> <span class='ocrx_word' id='word_1_753' title='bbox 3551 4925 3638 4980; x_wconf 86' lang='grc' dir='ltr'>καὶ</span> <span class='ocrx_word' id='word_1_754' title='bbox 3679 4921 3829 4981; x_wconf 72' lang='grc' dir='ltr'>διδά-</span> 
     </span>
    </p>
   </div>
   <div class='ocr_carea' id='block_1_108' title="bbox 2186 5000 3829 5093">
    <p class='ocr_par' dir='ltr' id='par_1_108' title="bbox 2186 5000 3829 5093">
     <span class='ocr_line' id='line_1_108' title="bbox 2186 5000 3829 5093; baseline 0.004 -28"><span class='ocrx_word' id='word_1_755' title='bbox 2186 5028 2353 5067; x_wconf 90' lang='grc' dir='ltr'>σκειν.</span> <span class='ocrx_word' id='word_1_756' title='bbox 2403 5000 2460 5065; x_wconf 64' lang='grc' dir='ltr'>Ὀ</span> <span class='ocrx_word' id='word_1_757' title='bbox 2516 5006 2571 5064; x_wconf 81' lang='grc' dir='ltr'>δὲ</span> <span class='ocrx_word' id='word_1_758' title='bbox 2626 5009 2743 5087; x_wconf 89' lang='grc' dir='ltr'>πρὶν</span> <span class='ocrx_word' id='word_1_759' title='bbox 2788 5014 2976 5084; x_wconf 77' lang='grc' dir='ltr'>μαθεῖν</span> <span class='ocrx_word' id='word_1_760' title='bbox 3020 5009 3103 5068; x_wconf 77' lang='grc' dir='ltr'>διὰ</span> <span class='ocrx_word' id='word_1_761' title='bbox 3160 5014 3221 5068; x_wconf 79' lang='grc' dir='ltr'>τὸ</span> <span class='ocrx_word' id='word_1_762' title='bbox 3274 5000 3634 5078; x_wconf 72' lang='grc' dir='ltr'>ἀνυπότακτος</span> <span class='ocrx_word' id='word_1_763' title='bbox 3665 5035 3829 5093; x_wconf 82' lang='grc' dir='ltr'>γεγε-</span> 
     </span>
    </p>
   </div>
   <div class='ocr_carea' id='block_1_109' title="bbox 2185 5094 3824 5183">
    <p class='ocr_par' dir='ltr' id='par_1_109' title="bbox 2185 5094 3824 5183">
     <span class='ocr_line' id='line_1_109' title="bbox 2185 5094 3824 5183; baseline 0.004 -30"><span class='ocrx_word' id='word_1_764' title='bbox 2185 5097 2368 5165; x_wconf 75' lang='grc' dir='ltr'>νῆσθαι</span> <span class='ocrx_word' id='word_1_765' title='bbox 2425 5094 2703 5178; x_wconf 79' lang='grc' dir='ltr'>διδάσκῶν,</span> <span class='ocrx_word' id='word_1_766' title='bbox 2788 5100 3003 5166; x_wconf 81' lang='grc' dir='ltr'>εἰκότως</span> <span class='ocrx_word' id='word_1_767' title='bbox 3085 5101 3439 5181; x_wconf 79' lang='grc' dir='ltr'>ματαιολόγος</span> <span class='ocrx_word' id='word_1_768' title='bbox 3516 5105 3605 5159; x_wconf 84' lang='grc' dir='ltr'><strong>καὶ</strong></span> <span class='ocrx_word' id='word_1_769' title='bbox 3661 5125 3824 5183; x_wconf 80' lang='grc' dir='ltr'>φρεν-</span> 
     </span>
    </p>
   </div>
   <div class='ocr_carea' id='block_1_110' title="bbox 2185 5186 3825 5271">
    <p class='ocr_par' dir='ltr' id='par_1_110' title="bbox 2185 5186 3825 5271">
     <span class='ocr_line' id='line_1_110' title="bbox 2185 5186 3825 5271; baseline 0.005 -29"><span class='ocrx_word' id='word_1_770' title='bbox 2185 5186 2395 5254; x_wconf 79' lang='grc' dir='ltr'>απάτης</span> <span class='ocrx_word' id='word_1_771' title='bbox 2440 5187 2749 5266; x_wconf 71' lang='grc' dir='ltr'>εὑρίσκεται.</span> <span class='ocrx_word' id='word_1_772' title='bbox 2803 5210 2827 5244; x_wconf 76' lang='grc' dir='ltr'>ι</span> <span class='ocrx_word' id='word_1_773' title='bbox 2886 5189 3128 5248; x_wconf 64' lang='grc' dir='ltr'>Μάλισαα</span> <span class='ocrx_word' id='word_1_774' title='bbox 3180 5194 3269 5248; x_wconf 77' lang='grc' dir='ltr'><strong>οίκ</strong></span> <span class='ocrx_word' id='word_1_775' title='bbox 3315 5193 3376 5249; x_wconf 82' lang='grc' dir='ltr'><strong>ἐκ</strong></span> <span class='ocrx_word' id='word_1_776' title='bbox 3427 5198 3743 5271; x_wconf 78' lang='grc' dir='ltr'>περιτομῆς.</span> <span class='ocrx_word' id='word_1_777' title='bbox 3796 5218 3825 5250; x_wconf 71' lang='grc' dir='ltr'><strong><em>ι</em></strong></span> 
     </span>
    </p>
   </div>
   <div class='ocr_carea' id='block_1_111' title="bbox 2184 5276 3828 5361">
    <p class='ocr_par' dir='ltr' id='par_1_111' title="bbox 2184 5276 3828 5361">
     <span class='ocr_line' id='line_1_111' title="bbox 2184 5276 3828 5361; baseline 0.004 -27"><span class='ocrx_word' id='word_1_778' title='bbox 2184 5278 2401 5340; x_wconf 79' lang='grc' dir='ltr'>Τούτοις</span> <span class='ocrx_word' id='word_1_779' title='bbox 2430 5276 2529 5355; x_wconf 78' lang='grc' dir='ltr'><strong>γὰρ</strong></span> <span class='ocrx_word' id='word_1_780' title='bbox 2584 5278 2671 5332; x_wconf 87' lang='grc' dir='ltr'><strong>καὶ</strong></span> <span class='ocrx_word' id='word_1_781' title='bbox 2726 5279 2754 5334; x_wconf 83' lang='grc' dir='ltr'>ὁ</span> <span class='ocrx_word' id='word_1_782' title='bbox 2812 5281 3035 5357; x_wconf 77' lang='grc' dir='ltr'>Χριστὸς</span> <span class='ocrx_word' id='word_1_783' title='bbox 3080 5281 3363 5361; x_wconf 81' lang='grc' dir='ltr'>φιλαρχίαν</span> <span class='ocrx_word' id='word_1_784' title='bbox 3420 5280 3700 5356; x_wconf 81' lang='grc' dir='ltr'>ὠνείδιζεν,</span> <span class='ocrx_word' id='word_1_785' title='bbox 3774 5285 3828 5340; x_wconf 74' lang='grc' dir='ltr'><strong>οἳ</strong></span> 
     </span>
    </p>
   </div>
   <div class='ocr_carea' id='block_1_112' title="bbox 2185 5365 3829 5446">
    <p class='ocr_par' dir='ltr' id='par_1_112' title="bbox 2185 5365 3829 5446">
     <span class='ocr_line' id='line_1_112' title="bbox 2185 5365 3829 5446; baseline 0.004 -24"><span class='ocrx_word' id='word_1_786' title='bbox 2185 5366 2271 5422; x_wconf 86' lang='grc' dir='ltr'><strong>καὶ</strong></span> <span class='ocrx_word' id='word_1_787' title='bbox 2316 5365 2450 5440; x_wconf 79' lang='grc' dir='ltr'>μετὰ</span> <span class='ocrx_word' id='word_1_788' title='bbox 2490 5365 2589 5433; x_wconf 77' lang='grc' dir='ltr'><strong>τὴν</strong></span> <span class='ocrx_word' id='word_1_789' title='bbox 2618 5366 2791 5424; x_wconf 90' lang='grc' dir='ltr'>πίστιν</span> <span class='ocrx_word' id='word_1_790' title='bbox 2822 5371 2917 5427; x_wconf 72' lang='grc' dir='ltr'>οὒκ</span> <span class='ocrx_word' id='word_1_791' title='bbox 2957 5368 3208 5427; x_wconf 86' lang='grc' dir='ltr'>ἀπέθεντο</span> <span class='ocrx_word' id='word_1_792' title='bbox 3238 5372 3300 5427; x_wconf 85' lang='grc' dir='ltr'>τὸ</span> <span class='ocrx_word' id='word_1_793' title='bbox 3351 5370 3585 5446; x_wconf 76' lang='grc' dir='ltr'>νόσημα.</span> <span class='ocrx_word' id='word_1_794' title='bbox 3637 5392 3661 5428; x_wconf 76' lang='grc' dir='ltr'>ι</span> <span class='ocrx_word' id='word_1_795' title='bbox 3725 5373 3829 5436; x_wconf 72' lang='grc' dir='ltr'>Οὓς</span> 
     </span>
    </p>
   </div>
   <div class='ocr_carea' id='block_1_113' title="bbox 2183 5452 3831 5539">
    <p class='ocr_par' dir='ltr' id='par_1_113' title="bbox 2183 5452 3831 5539">
     <span class='ocr_line' id='line_1_113' title="bbox 2183 5452 3831 5539; baseline 0.005 -30"><span class='ocrx_word' id='word_1_796' title='bbox 2183 5452 2268 5510; x_wconf 85' lang='grc' dir='ltr'><strong>δεῖ</strong></span> <span class='ocrx_word' id='word_1_797' title='bbox 2296 5454 2669 5530; x_wconf 78' lang='grc' dir='ltr'>ἐπιστομίζειν.</span> <span class='ocrx_word' id='word_1_798' title='bbox 2706 5479 2733 5511; x_wconf 70' lang='grc' dir='ltr'><strong>ι</strong></span> <span class='ocrx_word' id='word_1_799' title='bbox 2784 5459 2840 5514; x_wconf 79' lang='grc' dir='ltr'><strong>Εἰ</strong></span> <span class='ocrx_word' id='word_1_800' title='bbox 2883 5459 2982 5537; x_wconf 79' lang='grc' dir='ltr'>γὰρ</span> <span class='ocrx_word' id='word_1_801' title='bbox 3010 5459 3115 5516; x_wconf 78' lang='grc' dir='ltr'><strong>τῶν</strong></span> <span class='ocrx_word' id='word_1_802' title='bbox 3146 5458 3320 5518; x_wconf 72' lang='grc' dir='ltr'>ἄλλων</span> <span class='ocrx_word' id='word_1_803' title='bbox 3363 5461 3682 5539; x_wconf 84' lang='grc' dir='ltr'>προστασίαν</span> <span class='ocrx_word' id='word_1_804' title='bbox 3740 5461 3831 5517; x_wconf 82' lang='grc' dir='ltr'>καὶ</span> 
     </span>
    </p>
   </div>
   <div class='ocr_carea' id='block_1_114' title="bbox 2184 5540 3829 5628">
    <p class='ocr_par' dir='ltr' id='par_1_114' title="bbox 2184 5540 3829 5628">
     <span class='ocr_line' id='line_1_114' title="bbox 2184 5540 3829 5628; baseline 0.004 -30"><span class='ocrx_word' id='word_1_805' title='bbox 2184 5540 2400 5621; x_wconf 79' lang='grc' dir='ltr'>ὁδηγίαν</span> <span class='ocrx_word' id='word_1_806' title='bbox 2456 5546 2483 5600; x_wconf 85' lang='grc' dir='ltr'>ὁ</span> <span class='ocrx_word' id='word_1_807' title='bbox 2526 5542 2809 5609; x_wconf 80' lang='grc' dir='ltr'>ἐπίσκοπος</span> <span class='ocrx_word' id='word_1_808' title='bbox 2869 5545 3277 5628; x_wconf 76' lang='grc' dir='ltr'>ἐγκεχείρισται,</span> <span class='ocrx_word' id='word_1_809' title='bbox 3328 5548 3512 5626; x_wconf 88' lang='grc' dir='ltr'>ἀγνοεῖ</span> <span class='ocrx_word' id='word_1_810' title='bbox 3581 5546 3637 5605; x_wconf 80' lang='grc' dir='ltr'>δὲ</span> <span class='ocrx_word' id='word_1_811' title='bbox 3707 5550 3829 5613; x_wconf 77' lang='grc' dir='ltr'>τοὺς</span> 
     </span>
    </p>
   </div>
   <div class='ocr_carea' id='block_1_115' title="bbox 2185 5631 3825 5721">
    <p class='ocr_par' dir='ltr' id='par_1_115' title="bbox 2185 5631 3825 5721">
     <span class='ocr_line' id='line_1_115' title="bbox 2185 5631 3825 5721; baseline 0.006 -33"><span class='ocrx_word' id='word_1_812' title='bbox 2185 5631 2569 5714; x_wconf 82' lang='grc' dir='ltr'>ματαιολόγους</span> <span class='ocrx_word' id='word_1_813' title='bbox 2619 5635 2707 5691; x_wconf 87' lang='grc' dir='ltr'><strong>καὶ</strong></span> <span class='ocrx_word' id='word_1_814' title='bbox 2756 5637 3113 5719; x_wconf 76' lang='grc' dir='ltr'>φρεναπάτας,</span> <span class='ocrx_word' id='word_1_815' title='bbox 3163 5636 3410 5721; x_wconf 82' lang='grc' dir='ltr'>ἐλέγχειν</span> <span class='ocrx_word' id='word_1_816' title='bbox 3463 5639 3550 5696; x_wconf 85' lang='grc' dir='ltr'><strong>καὶ</strong></span> <span class='ocrx_word' id='word_1_817' title='bbox 3605 5637 3825 5697; x_wconf 78' lang='grc' dir='ltr'>ἐπιστο-</span> 
     </span>
    </p>
   </div>
  </div>
