4152 6216
281 322 396 399 249

1328 336 1723 401 COMMENT.
1770 333 1853 396 IN
1896 330 2140 397 EPIST.
2186 336 2290 398 AD
2330 334 2604 398 TITU’M.

3536 322 3656 393 250

271 465 439 542 μζειν
479 472 582 537 τῆς
641 475 750 527 τῶν
802 467 1184 546 ἀπολλυμένων
1238 463 1441 546 βλάϐης
1482 462 1657 530 αἴτιος
1698 463 1922 544 γίνεται.

2014 461 2187 527 habet
2213 464 2465 527 aliorum
2496 483 2701 528 curam
2729 473 2786 527 et
2816 465 3117 539 ducatum,
3147 481 3341 545 neque
3369 459 3532 529 novit
3546 475 3652 520 va-

273 554 464 633 Καλῶς
493 555 550 614 δὲ
579 559 666 634 τὸ,
700 558 1114 638 Ἐπιστομίζειν,
1156 557 1219 615 τὸ
1249 558 1388 626 οἷον,
1438 555 1576 631 μήτε
1618 550 1804 611 λαλεῖν
1837 551 1927 626 ἒᾷν

276 641 335 700 ἐκ
358 645 458 713 τῆς
525 653 635 705 τῶν
691 646 935 729 ἐλέγχων
986 646 1200 729 ἰσχύος,
1246 644 1341 704 ’ίνα
1385 643 1473 703 καὶ
1542 644 1589 700 οἱ
1648 641 1928 726 ἀκούοντες

275 732 608 813 ὠφελῶνται.
686 760 717 794 α
752 734 1097 807 Διδάσκοντες
1154 730 1188 793 ἃ
1243 733 1321 811 Pili
1362 731 1468 795 δεῖ·
1499 750 1532 793 ,
1615 729 1775 791 οδδὲν
1830 731 1931 811 γὰρ

279 821 421 895 ἐστιν
450 825 480 881 ὃ
511 826 590 902 μὴ
620 827 785 884 πείθει
816 837 1173 905 παρανομεῖν,
1205 832 1361 884 τοῦτο
1388 822 1450 879 τὸ
1478 820 1667 886 πάθος.

2008 554 2487 636 niloquorumac
2507 555 2894 618 seductorum
2931 573 3039 618 ora
3068 553 3383 627 obturare,
3401 549 3655 628 illosque

2009 641 2391 721 convincere,
2422 643 2677 707 efficitur
2705 662 2884 707 causa
2912 643 3116 711 damni
3161 660 3367 706 eorum
3410 640 3655 722 quipe-

2009 739 2206 795 reunt.
2231 731 2305 795 Et
2329 739 2495 795 recte
2524 732 2668 796 dicit
2701 755 2715 794 :
2747 733 2865 798 Ora
2914 733 3194 796 obturare
3232 750 3247 796 :
3281 732 3395 793 hoc
3433 735 3547 803 est,
3590 731 3657 791 ut

2010 818 2066 881 vi
2096 819 2599 901 objurgationum,
2633 840 2710 884 ne
2733 821 2892 904 loqui
2934 822 3177 903 quidem
3208 817 3651 904 permittuntur,

275 916 339 972 ut
363 911 509 989 hinc
541 916 720 1007 etiam
746 902 1021 1007 iuventur
1047 902 1372 977 auditores.
1401 930 1442 1007 ἰ
1470 908 1768 974 Docentes
1797 923 1932 991 quae
1963 926 2082 983 non
2121 920 2376 1007 oportet,
2410 912 2597 999 turpis
2645 902 3048 993 lucri—gratia.
3102 936 3131 969 ι
3175 909 3333 973 Nihil
3378 914 3470 971 est
3495 902 3653 991 quod

277 1017 396 1063 non
429 1002 681 1069 suadeat
705 1004 807 1067 hic
836 1004 1081 1067 affectus
1108 998 1469 1083 transgredi.

361 1112 386 1146 ε
465 1094 608 1150 ETa-ﬁ
664 1117 747 1160 τις
804 1093 856 1161 ἐξ
912 1095 1084 1152 αὺτῶν
1136 1091 1278 1157 ἴδιος
1362 1092 1533 1148 αὐτῶν
1600 1089 1882 1171 προφήτης
1913 1102 1929 1118 ’

278 1183 482 1262 ξρῆτες
532 1182 615 1249 ἀεὶ
669 1187 914 1259 ψεῶται,
978 1183 1127 1251 ,κακά
1192 1182 1370 1262 θηρία,
1428 1179 1686 1262 γαστέρας
1758 1177 1930 1258 ἀργαί.

2099 1086 2149 1165 Ι,
2170 1089 2386 1153 12-14.
2419 1090 2599 1154 Dixit
2623 1090 2871 1172 quidam
2900 1109 2978 1155 es:
3005 1093 3137 1156 istis
3162 1088 3449 1171 proprius
3488 1086 3652 1167 ipso-

2017 1195 2161 1241 rum
2182 1179 2477 1261 propheta
2506 1199 2527 1240 :
2562 1181 2872 1245 Cretenses
2885 1199 3119 1263 semper
3146 1178 3487 1248 mendaces,
3513 1191 3653 1239 ma-

280 1257 344 1328 Ἣ
428 1257 695 1352 μαρτυρία
1014 1271 1153 1329 ἐστὶν
1210 1257 1452 1340 ἀληθῆςξ⁷
1536 1257 1620 1325 Δι’
1646 1267 1713 1336 ἣν
1768 1257 1929 1325 αἰτίαν

2018 1264 2094 1329 la:
2140 1257 2363 1350 bestiis,
2410 1267 2644 1332 ventres
2687 1270 2875 1350 pigri.
2938 1257 3371 1333 Testimonium
3411 1265 3522 1329 hoc
3569 1269 3657 1326 est

277 1356 472 1440 ἔλεγχε
532 1362 720 1426 αὐτοὺς
791 1361 1105 1442 ἀποτόμως,
1178 1360 1274 1418 ἵνα
1355 1359 1658 1439 ὑγιαίνωσιν
1716 1355 1783 1414 ’ἐν
1863 1363 1934 1435 τῇ

277 1445 473 1522 πίστει,
564 1448 643 1524 μὴ

275 1536 518 1604 ἐντολαῖς
601 1539 915 1621 ἀνθρώπων,

276 1629 446 1689 θειαν.
494 1650 527 1684 ι

1028 1537 1506 1622 ἀποστρεφομένων
1568 1530 1711 1606 ’τὴν
1789 1535 1932 1607 ἀλή-

352 1723 630 1791 Ζητεῖται,
688 1716 739 1773 τί
791 1714 857 1788 δή
886 1738 1015 1775 ποτε
1059 1715 1112 1784 ιε
1169 1715 1446 1787 Ἐλλήνων
1488 1714 1660 1795 ἤγαγε
1727 1736 1930 1795 μαρτυ-

272 1805 409 1883 ρίαν,
454 1807 545 1862 καὶ
600 1805 744 1864 πετο
813 1808 968 1884 αὐτῇ,

2017 1372 2227 1419 verum
2260 1378 2275 1422 :
2306 1375 2489 1438 quam
2520 1357 2593 1422 ob
2622 1376 2871 1422 causam
2899 1360 3204 1440 redargue
3239 1357 3375 1421 illos
3405 1359 3652 1427 acriter,

735 1447 1097 1530 προσέχοντες
1185 1444 1501 1513 Ἰουδαϊκοῖς
1584 1445 1765 1521 μύθοις
1846 1453 1929 1510 καὶ

2014 1450 2083 1507 ut
2135 1448 2275 1509 sani
2326 1449 2450 1512 sint
2492 1464 2617 1511 non
2665 1448 3042 1512 attendentes
3095 1447 3370 1513 Judaicis
3425 1444 3655 1511 fabulis

2014 1539 2074 1597 et
2094 1538 2416 1619 praeceptis
2446 1535 2764 1601 hominum
2792 1540 3203 1601 aversantium
3231 1536 3571 1600 veritatem.

2092 1711 2386 1786 Quaeritur
2401 1732 2576 1796 quam
2606 1713 2681 1777 ob
2712 1733 2948 1779 causam
2971 1715 3313 1782 Grmcorum
3342 1709 3655 1777 adduxerit

1044 1807 1183 1885 μήτε
1235 1803 1413 1870 καλῶς
1456 1803 1680 1886 ἑχούσῇ.
1737 1803 1825 1871 Τίς
1876 1802 1929 1860 δὲ

2016 1802 2443 1885 testimonium,
2495 1803 2760 1885 illudque
2808 1805 3340 1880 commendaverit,
3402 1800 3655 1892 maxime

273 1895 309 1962 ἦ
364 1895 664 1976 μαρτυρίας
732 1897 795 1954 Οἱ
852 1900 1056 1975 Κρῆτες
1138 1892 1334 1972 τύμϐον
1398 1894 1788 1952 κατεσκεύασαν
1855 1899 1929 1968 τῷ

2014 1909 2145 1952 cum
2180 1910 2298 1957 nou
2327 1900 2491 1955 recte
2523 1892 2745 1955 dictum
2772 1893 2893 1957 sit?
2921 1892 3087 1966 Quod
3118 1900 3316 1956 autem
3362 1898 3455 1955 est
3482 1888 3653 1951 testi-

279 1985 394 2044 Διΐ.
442 1984 600 2064 Λέγει
631 1984 719 2042 οὖν
748 2006 831 2048 τις
862 1990 1100 2053 ποιητῶν
1132 2002 1148 2018 ⁸
1184 1995 1381 2063 Ταφον,
1417 1980 1540 2059 ἄνα,
1577 1997 1694 2040 σεῖο
1724 1985 1928 2063 Κρῆτες

275 2074 651 2144 ἔτεκτήναντο.
678 2075 753 2129 Σὺ
782 2072 840 2129 δὲ
881 2076 941 2132 οὒ
979 2075 1154 2149 θάνες,
1214 2074 1327 2131 ἐσσὶ
1381 2073 1481 2153 γὰρ
1537 2074 1660 2136 αἰεί.
1718 2072 1928 2147 Ταύτης

273 2168 371 2231 τῆς
417 2164 666 2243 χρήσεως
695 2162 851 2243 μέρος
911 2165 1021 2220 εστὶ
1071 2165 1155 2240 τὸ,
1214 2166 1416 2243 Κρῆτες
1446 2161 1527 2218 ἀεὶ
1560 2166 1808 2238 ψεῦσται,
1839 2162 1929 2219 καὶ

272 2251 337 2309 τά
394 2250 583 2316 λοιπὰ.
631 2248 996 2330 Ἐμαρτυρησε
1048 2250 1106 2308 δὲ
1174 2250 1350 2320 ἀληθῆ
1398 2250 1540 2308 εἶναι
1609 2252 1699 2308 τὸν
1770 2250 1931 2330 λύγον

272 2347 485 2405 τοῦτον,
540 2342 599 2398 Εἰ
640 2339 728 2397 οὖν
770 2339 982 2410 ,ἀληθὴς
1031 2343 1067 2410 ἡ
1115 2341 1396 2422 μαρτυρία,
1456 2340 1546 2405 καὶ
1582 2340 1614 2396 6
1643 2340 1767 2405 Ζεὺς
1795 2340 1931 2398 ἀθά-

273 2430 432 2494 νατός
458 2429 626 2491 ἐστιν.
679 2428 849 2487 Ἀλλά
898 2451 1094 2512 φαμεν,
1146 2427 1227 2487 ὅτι
1283 2429 1415 2508 πρὸς
1471 2437 1626 2488 τοῦτο
1676 2428 1801 2486 εἷπε
1830 2430 1930 2498 τὴν

272 2520 562 2609 μαρτυρίαν
611 2517 808 2609 ,μόνον
863 2518 1038 2609 ἀληθῆ
1105 2519 1272 2609 εἶναι,
1330 2516 1410 2574 ὅτι
1463 2518 1691 2609 ψεύστας
1745 2517 1931 2609 αὐτούς

269 2597 545 2667 ἐκάλεσεν.
614 2597 754 2665 Ὀθεν
803 2607 962 2683 φησίν
996 2626 1010 2641 ·
1076 2630 1105 2663 α
1153 2597 1217 2665 Ἠ
1276 2607 1533 2687 μαρτυρία
1603 2604 1758 2674 αὕτη.
1802 2626 1827 2663 ε
1864 2597 1928 2665 Ἠ

271 2697 389 2775 περὶ
416 2701 512 2754 τοῦ
568 2694 650 2752 ὅτι
709 2695 931 2771 ψεῦσταί
973 2697 1071 2752 είσι
1128 2694 1379 2774 λέγουσα,
1426 2694 1583 2775 φησί.
1642 2696 1743 2754 Ναὶ
1772 2701 1927 2753 τοῦτο

273 2784 425 2843 εἴποι
449 2807 532 2849 τις
563 2785 728 2849 οὕτως
758 2785 927 2848 εἶναι.
978 2787 1076 2857 Διὰ
1102 2785 1154 2841 τί
1204 2783 1259 2842 δὲ
1306 2783 1359 2852 ἐξ
1399 2783 1730 2853 Ἐλληνικῶν
1757 2784 1929 2865 ἤγαγε

271 2874 373 2940 τὴν
430 2873 755 2954 μαρτυρίανς
807 2873 906 2933 Καί
947 2895 1142 2954 φαμεν,
1201 2872 1284 2931 ὅτι
1343 2872 1576 2951 μαλιστα
1632 2880 1789 2930 τοῦτο
1826 2877 1928 2934 αὒ-

272 2964 396 3027 τοὺς
454 2962 750 3043 ἐνέτρεπεν,
794 2960 877 3019 ὅτι
931 2961 1140 3020 οἴκοθεν
1192 2964 1281 3019 καὶ
1333 2961 1397 3019 ἐκ
1440 2962 1548 3021 τῶν
1601 2960 1766 3039 ἰδίων,
1829 2962 1930 3031 τὴν

272 3055 379 3115 τῶς
408 3047 606 3129 ὕϐρεως
664 3048 947 3129 μαρτυρίαν
1004 3047 1316 3129 προέϐαλεν.
1376 3047 1597 3119 Ἐπειδὴ
1667 3052 1768 3131 γὰρ
1809 3063 1929 3115 τοῖς

2012 1980 2278 2045 monium
2304 1982 2329 2044 ζ’
2358 1983 2671 2046 Cretenses
2700 1983 3042 2063 sepulcrum
3072 1987 3460 2044 extruxerunt
3493 1977 3648 2041 Jovi.

2011 2070 2211 2155 Itaque
2240 2071 2385 2133 dicit
2418 2072 2557 2133 292
2600 2070 2838 2153 quidam
2872 2079 3081 2153 poeta:
3119 2074 3336 2145 Tuum,
3369 2088 3402 2131 o
3428 2086 3532 2130 rex
3553 2085 3654 2129 se—

2014 2159 2282 2240 pulcrum
2311 2164 2627 2225 Cretenses
2675 2169 3086 2224 exstruxerunt
3114 2179 3129 2225 :
3165 2168 3225 2222 tu
3252 2176 3390 2222 vero
3421 2173 3650 2236 nequa-

2012 2268 2187 2332 quam
2213 2258 2481 2312 mortuus
2510 2267 2596 2332 es,
2624 2266 2861 2332 semper
2890 2250 3048 2314 enim
3081 2250 3241 2314 vivis.
3277 2248 3468 2329 Hujus
3496 2245 3649 2309 vati-

2012 2339 2155 2403 cinii
2183 2358 2320 2421 pars
2373 2348 2482 2417 est,
2516 2340 2828 2406 Cretenses
2878 2360 3117 2423 semper
3160 2340 3502 2414 mendaces,
3536 2345 3650 2400 etc.

2010 2430 2331 2492 Attestatus
2361 2438 2451 2492 est
2479 2440 2680 2493 autem
2713 2431 3032 2512 Apostolus
3079 2448 3281 2493 verum
3333 2447 3465 2492 esse
3495 2427 3654 2490 hunc

2011 2518 2455 2585 sermonem.At
2483 2518 2534 2580 si
2563 2537 2767 2587 verum
2800 2527 2887 2585 est
2926 2520 3038 2581 hoc
3077 2517 3512 2599 testimonium,
3542 2517 3654 2576 Ju-

2012 2607 2169 2689 piter
2197 2607 2377 2689 igitur
2400 2607 2753 2670 immortalis
2785 2608 2921 2672 erit.
2954 2608 3068 2674 Sed
3103 2608 3361 2671 dicimus
3388 2605 3550 2690 quod
3590 2603 3654 2667 in

2010 2697 2124 2760 hoc
2153 2697 2277 2759 solo
2308 2697 2458 2761 dixit
2482 2714 2686 2760 verum
2715 2715 2849 2761 esse
2879 2697 3280 2761 testimonium
3293 2697 3455 2780 quod
3479 2712 3653 2757 men-

2011 2784 2188 2850 daces
2232 2786 2395 2869 ipsos
2433 2786 2753 2849 vocaverit.
2786 2784 2955 2851 Unde
2985 2786 3113 2849 ait:
3153 2812 3181 2845 σ
3220 2784 3651 2850 Testimonium

2010 2875 2147 2951 hoc,
2185 2898 2209 2934 ο
2249 2893 2463 2956 nempe
2511 2874 2669 2957 quod
2721 2875 2882 2957 ipsos
2929 2875 3071 2939 dicit
3121 2895 3254 2939 esse
3310 2874 3649 2938 mendaces.

2013 2966 2169 3028 Sane
2196 2964 2311 3026 hoc
2343 2963 2525 3043 (dicet
2544 2963 2862 3046 quispiam)
2902 2964 2982 3026 ita
3020 2966 3133 3031 sit:
3159 2974 3217 3028 at
3244 2983 3351 3028 cur
3380 2983 3415 3027 a
3434 2962 3656 3027 Graecis

2015 3052 2293 3134 produxit
2351 3052 2813 3116 testimonium?
2868 3053 2940 3116 Et
2995 3054 3271 3131 dicimus,
3335 3052 3493 3136 quod
3540 3050 3653 3114 hoc

273 3135 402 3216 παρ’
447 3138 584 3213 ἡμῖν
638 3138 699 3195 οὔ
741 3138 1033 3218 πείθονται,
1085 3139 1207 3202 τοὺς
1257 3136 1413 3202 ἰδίους
1461 3140 1642 3205 αὐτοῖς
1670 3138 1929 3207 ἐπέστησε

2015 3142 2275 3205 maximo
2308 3142 2533 3225 pudore
2566 3143 2727 3224 ipsos
2754 3143 3050 3207 afficiebat
3082 3144 3239 3226 quod
3259 3135 3651 3206 domesticum

272 3227 630 3306 κατηγόρους.
688 3226 852 3286 Τοῦτο
898 3227 989 3284 καὶ
1042 3229 1072 3284 6
1130 3228 1259 3293 Θεὸς
1313 3226 1503 3302 ἐποίει,
1562 3241 1680 3295 τοῖς
1726 3229 1932 3307 Μάγοις

273 3311 342 3370 δι’
383 3315 603 3393 αστέρος
634 3315 854 3391 μηνύων
880 3317 972 3372 τὸν
1011 3318 1260 3396 Χριστὸν,
1316 3319 1390 3382 ὡς
1433 3318 1551 3398 περὶ
1582 3317 1930 3398 ἀστρονομίας

275 3402 734 3484 ἀσχολουμένους,
791 3403 897 3461 ἀπὸ
950 3411 1057 3461 τῶν
1111 3403 1252 3462 ίδίων
1345 3407 1562 3467 πείθων.
1624 3407 1725 3465 Καὶ
1772 3404 1930 3463 πάλιν

271 3494 395 3557 τοὺς
428 3493 673 3573 μάντεις,
729 3491 837 3549 ἀπὸ
891 3498 998 3549 τῶν
1061 3494 1202 3571 βοῶν
1256 3501 1362 3551 τῶν
1408 3496 1668 3572 συρόντων
1725 3495 1823 3563 τὴν
1852 3517 1933 3552 κι-

272 3578 472 3644 ϐωτόν,
545 3584 646 3640 Καὶ
699 3583 792 3638 τὸν
872 3580 1051 3639 Σαοὺλ
1127 3582 1234 3640 ἀπὸ
1324 3588 1422 3651 τῆς
1493 3583 1930 3664 ἐγγαστριμύθου,

272 3668 460 3738 ἐπειδὴ
512 3672 649 3747 αὐτῇ
746 3668 1004 3739 ἐπίστευε.
1119 3677 1296 3729 Ταῦτα
1366 3669 1423 3728 δὲ
1513 3670 1932 3751 συγκαταϐάσεις

272 3761 427 3824 εἰσὶν,
500 3761 561 3818 Ei.
602 3757 659 3816 δὲ
713 3761 742 3816 6
810 3761 1034 3839 Χριστὸς
1089 3760 1177 3816 καὶ
1245 3758 1458 3841 ὕστερον
1543 3765 1590 3819 οἱ
1644 3760 1932 3819 ἀπόστολοι

271 3847 507 3906 ὶκῶλυον
576 3850 700 3912 τοὺς
769 3845 1018 3925 δαίμονας
1075 3846 1283 3925 λαλεῖν,
1328 3851 1423 3907 οὒκ
1486 3850 1696 3908 ἐναντία
1780 3851 1930 3924 εἰσὶν,

271 3937 411 3995 ἀλλὰ
468 3938 571 4019 γὰρ
638 3951 831 4015 σεμεῖα
887 3937 1093 4016 ἐγίνετο
1160 3939 1356 3995 πείθειν
1410 3937 1694 4020 δυνάμενα,
1737 3940 1828 3997 καὶ
1872 3940 1933 3997 οὗ

272 4029 434 4107 χρεία
461 4026 530 4095 ἦν
584 4028 707 4091 τοὺς
768 4027 1080 4106 ἀνθρώπως,
1141 4030 1228 4090 οἷς
1289 4027 1583 4107 ἐπίστευον,
1653 4027 1705 4094 ἐξ
1760 4030 1934 4086 αὐτῶν

272 4117 565 4175 πείθεσθαι.
602 4136 627 4172 ε
678 4113 760 4172 Δι’
789 4116 856 4182 ἦν
899 4114 1067 4172 αἰτίαν
1097 4112 1290 4198 ἔλεγχε
1341 4118 1552 4181 αὐτοὺς.
1592 4138 1618 4172 ιι
1656 4114 1803 4175 Ἐπεὶ
1833 4116 1922 4174 οὖν

2014 3250 2082 3294 ac
2130 3232 2432 3313 proprium
2484 3232 2746 3313 proferat
2797 3232 3215 3295 testimonium
3258 3230 3654 3313 improbitatis

2012 3319 2453 3402 ipsorum.Cum
2489 3320 2648 3382 enim
2681 3320 2754 3382 iis
2773 3320 2949 3382 ﬁdem
2978 3340 3093 3383 non
3112 3317 3652 3401 habeantquiapud

2015 3427 2123 3470 nos
2152 3417 2308 3490 sunt,
2337 3408 2607 3491 proprios
2627 3427 2765 3470 suos
2797 3409 3040 3471 adduxit
3080 3409 3224 3491 ipsis
3252 3414 3651 3471 accusatores.

2010 3496 2136 3559 Hoc
2167 3504 2223 3559 et
2252 3497 2407 3559 Deus
2436 3496 2688 3559 faciebat
2734 3515 2867 3558 cum
2917 3514 3027 3578 per
3075 3497 3305 3559 stellam
3350 3493 3653 3558 Christum

2009 3586 2195 3665 Magis
2224 3585 2543 3662 indicabat,
2571 3584 2731 3667 quod
2763 3586 2923 3648 circa
2948 3585 3371 3648 astronomiam
3393 3600 3653 3661 occupa-

2012 3684 2242 3751 rentur,
2263 3677 2430 3757 quasi
2459 3693 2493 3737 a
2522 3674 2779 3755 propriis
2811 3673 2946 3735 ilios
2975 3675 3325 3737 admonens.
3358 3673 3654 3735 Rursum-

2014 3783 2129 3849 que
2177 3773 2340 3828 vates
2387 3783 2421 3826 a
2472 3762 2662 3825 bobus
2707 3781 2907 3826 arcam
2938 3763 3327 3827 trahentibus.
3360 3766 3658 3828 Praeterea
3758 3840 3765 3847 .

2013 3854 2153 3917 Saul
2213 3873 2247 3916 a
2312 3852 2564 3915 muliere
2636 3851 2911 3935 ‘spiritum
2975 3853 3298 3936 Pythonem
3355 3851 3652 3931 habente,

2015 3942 2295 4025 quoniam
2349 3942 2439 4004 illi
2485 3941 2787 4005 credebat.
2841 3941 2946 4004 His
2995 3951 3193 4007 autem
3250 3942 3440 4005 modis
3500 3940 3657 4003 Deus

2016 4050 2149 4097 sese
2179 4030 2547 4093 demittebat.
2579 4032 2704 4094 Nec
2734 4030 2826 4093 his
2854 4032 3240 4094 adversantur
3277 4031 3435 4114 quod
3478 4028 3655 4095 Chri—

2018 4132 2145 4184 stus
2199 4129 2255 4182 et
2297 4119 2670 4201 postmodum
2719 4121 2965 4201 apostoli
3026 4121 3184 4203 loqui
3242 4118 3658 4203 prohibuerint

272 4205 460 4285 φησίν,
543 4204 722 4280 ἱταμοί
775 4204 916 4270 τινές
985 4204 1108 4284 εἱσι,
1216 4204 1647 4285 πληκτικώτερον
1729 4204 1923 4285 ἔλεγχε

2014 4210 2311 4273 daemones
2336 4231 2349 4270 :
2378 4212 2547 4288 signa
2567 4209 2728 4272 enim
2766 4208 3132 4292 ﬁebantquaa
3156 4211 3514 4296 persuadere
3538 4228 3655 4288 po-

273 4295 487 4358 αύτοὺς.
561 4296 717 4389 Οὗτιυ.
770 4295 894 4374 γὰρ,
967 4293 1150 4373 φησὶν,
1223 4294 1321 4351 οὒκ
1373 4295 1435 4352 ἃν
1478 4295 1585 4351 ἀπὸ
1642 4293 1923 4389 ἐπιεικείας

2014 4296 2428 4389 terant.Nequ_e
2442 4306 2570 4389 erat
2590 4317 2835 4389 necesse
2849 4299 3096 4389 suadere
3109 4293 3452 4363 hominibus
3466 4297 3538 4361 ab
3561 4296 3654 4389 bis

271 4386 562 4445 πεισθεῖεν,
609 4405 638 4438 ι
681 4375 778 4441 ἶνα
830 4382 1134 4461 ὑγιαίνωσιν
1176 4381 1228 4440 ἐν
1284 4390 1354 4462 τῇ
1408 4385 1603 4442 πίστει.
1654 4406 1683 4439 ι
1720 4375 1926 4461 Ὑγιαί-

2014 4387 2225 4469 quibus
2263 4375 2841 4461 credebant.cQuam
2882 4387 2955 4450 ab
2983 4408 3221 4452 causam
3252 4390 3539 4466 redargue
3576 4387 3654 4448 il-

270 4493 379 4529 νειν
405 4470 466 4528 δέ
494 4471 636 4528 ἐστιν
665 4472 720 4528 ἐν
769 4478 839 4548 τῇ
865 4472 1064 4553 πίστει,
1109 4470 1238 4529 ὅταν
1296 4470 1461 4549 μηδὲν
1520 4471 1705 4560 ἔξωθεν
1747 4471 1925 4528 ἐπεισ-

2014 4476 2161 4539 Ιοε.»
2193 4475 2340 4549 Quia
2363 4496 2502 4555 ergo
2527 4477 2784 4559 improbi
2806 4478 3531 4560 suntquidam,asperius,
3567 4475 3655 4536 in-

269 4562 453 4642 αγάγῃ
489 4583 573 4625 τις
604 4562 763 4638 αὐτῇ,
821 4562 960 4637 μήτε
1017 4552 1334 4643 Ἰουδαϊκὸν,
1392 4563 1531 4639 μήτε
1588 4552 1922 4631 Ἑλληνικόν.

2014 4565 2161 4648 quit,
2179 4566 2317 4628 illos
2339 4552 2753 4648 objurgamam
2769 4566 2880 4628 hia
2905 4552 3354 4631 mansuetudine
3375 4585 3492 4628 non
3516 4583 3657 4646 pos-

274 4673 304 4737 _¢
348 4650 674 4714 Ἰουδαϊκοῖς
733 4650 939 4726 μύθοις.
974 4672 1001 4710 ι
1063 4650 1249 4726 Διπλῷ
1306 4650 1452 4731 λόγῳ
1506 4651 1657 4728 μῦθοί
1706 4653 1805 4708 εἰσι
1860 4651 1929 4710 τὰ

2014 4655 2227 4725 sentad
2262 4654 2321 4717 id
2346 4655 2501 4737 quod
2525 4665 2751 4719 rectum
2773 4666 2861 4718 est
2885 4655 3123 4719 adduci.
3140 4655 3246 4720 «Ut
3266 4655 3396 4718 sani
3431 4655 3576 4716 ﬁant
3599 4658 3656 4714 in

270 4735 570 4813 Ἰουδαϊκὰ,
632 4738 714 4796 ὅτι
756 4761 813 4796 τε
868 4738 1080 4808 ἐξῆλθεν
1151 4742 1321 4797 αὐτῶν
1378 4743 1406 4798 6
1461 4742 1665 4819 καιρὸς,
1711 4740 1800 4798 καὶ
1846 4739 1927 4798 ὅτι

2014 4743 2303 4808 ﬁde.nEst
2324 4735 2518 4807 autem
2544 4745 2601 4806 in
2626 4744 2742 4806 fide
2763 4763 2971 4807 sanum
2998 4744 3211 4817 esse,si
3235 4745 3366 4825 quis
3392 4743 3537 4805 nihil
3555 4762 3660 4805 ex-

269 4827 327 4882 ἒν
367 4832 417 4902 ᾧ
446 4826 712 4908 ἤκμαζον,
770 4830 931 4893 τύπος
975 4834 1043 4898 ἦν
1100 4827 1349 4897 ἀληθείας
1404 4830 1493 4886 καὶ
1547 4833 1644 4889 οὐκ
1682 4829 1925 4901 ἀλήθεια.

2014 4843 2245 4898 ternum
2285 4834 2362 4896 ad
2403 4853 2532 4897 eam
2583 4834 2882 4897 induxerit
2910 4834 3431 4915 nequeJudaicum
3470 4849 3662 4914 neque

277 4939 308 4973 ι
356 4919 459 4977 Καὶ
516 4915 764 4982 ἐντολαῖς
807 4916 1129 4978 ἀνθπώπων.
1167 4941 1196 4974 ι
1250 4920 1356 4981 Τὰς
1400 4919 1517 5000 περὶ
1563 4920 1629 4975 τὰ
1678 4918 1929 4996 βρώματα

2014 4923 2399 5002 gentilitium.
2432 4921 2742 4985 «Judaicis
2770 4922 3043 4986 fabulis.»
3072 4924 3258 5005 Dupla
3287 4921 3513 4984 ratione
3550 4920 3662 4984 Ju-

269 5007 682 5095 πιρατημήσεις
725 5005 894 5088 λέγει,
941 5010 1030 5065 καὶ
1070 5005 1233 5076 δῆλον
1265 5008 1326 5065 ἐκ
1352 5014 1458 5066 τῶν
1488 5008 1789 5085 ἑπομένων.

2015 5012 2190 5075 daiea
2236 5013 2516 5075 dicuntur
2566 5010 2822 5074 fabula}:
2851 5019 2910 5074 et
2946 5012 3085 5095 quia
3120 5022 3351 5095 tempus
3394 5012 3658 5094 ipsorum

270 5093 595 5175 praeteriit:
632 5102 692 5156 et
721 5095 860 5176 quia
887 5095 1068 5160 etiam
1112 5115 1248 5159 cum
1302 5096 1364 5158 in
1404 5114 1511 5159 suo
1556 5104 1759 5159 essent
1800 5096 2019 5181 vigore,
2077 5102 2265 5182 ﬁgura
2313 5108 2479 5164 erant
2525 5098 2786 5161 veritatis
2827 5110 2884 5162 et
2932 5093 3048 5163 non
3094 5101 3223 5181 ipsa
3244 5093 3490 5166 veritas.
3530 5128 3553 5156 σ
3592 5100 3663 5163 Et

269 5183 593 5265 praeceptis
622 5184 955 5274 hominum.
990 5210 1019 5243 ι
1054 5185 1512 5250 Observationes
1542 5185 1687 5248 dicit
1713 5186 1874 5250 circa
1900 5187 2088 5274 cibos,
2121 5198 2181 5252 ut
2216 5211 2283 5254 ex
2318 5191 2412 5253 his
2442 5208 2573 5272 quin
2608 5198 2939 5271 Sequuntur
2969 5190 3347 5253 manifestum
3382 5199 3494 5253 est.

356 5296 384 5327 α
418 5275 599 5332 Πάντα
641 5273 738 5349 μὲν
768 5278 969 5357 καθαρά
1007 5290 1123 5343 τοῖς
1164 5280 1439 5357 καθαροῖς,
1471 5288 1589 5341 τοῖς
1620 5275 1675 5334 δὲ
1719 5299 1923 5355 μεμια-

2079 5273 2362 5363 71,15-16;
2382 5279 2454 5355 ΙΙ,
2490 5283 2540 5343 ι.
2567 5282 2791 5342 Omnia
2815 5281 3061 5361 quidem
3078 5299 3356 5362 pur-aput
3372 5282 3426 5344 is
3452 5299 3663 5362 :porro

269 5363 486 5440 σμένοις
544 5364 632 5423 καὶ
701 5363 966 5449 ἀπίστοις,
1041 5365 1186 5426 οὗδὲν
1254 5367 1503 5445 καθαρὸν,
1538 5364 1701 5453 Δἀλλά
1756 5368 1921 5445 μεμί-

2014 5369 2248 5451 pollutis
2267 5377 2323 5433 et
2344 5370 2691 5449 inﬁdelibus
2726 5370 2881 5431 nihil
2907 5374 2995 5432 est
3028 5387 3277 5450 purum,
3298 5370 3403 5445 sed
3418 5371 3654 5453 polluta

266 5472 444 5528 αντᾳι,
502 5452 680 5509 αὐτῶν
746 5456 835 5511 καὶ
878 5458 906 5512 6
960 5465 1078 5522 νοῦς
1148 5457 1235 5512 καὶ
1290 5457 1325 5523 ἡ
1388 5451 1704 5521 συνείδησις.
1789 5460 1919 5515 Θεὸν

2014 5466 2090 5523 est
2116 5459 2175 5522 ei
2203 5476 2372 5522 mens
2419 5457 2661 5521 illorum
2714 5466 2772 5521 et
2816 5460 3228 5523 conscrentia:
3271 5451 3461 5521 Deum
3507 5478 3661 5542 pro-

265 5539 622 5621 ὁμολογοῦσιν
724 5541 936 5615 εἰδέναι,
1026 5558 1145 5610 τοῖς
1254 5542 1309 5600 δὲ
1388 5542 1563 5621 ἔργοις
1618 5545 1911 5625 ἀρνοῦντκι,

2014 5551 2255 5612 ﬁtentur
2273 5566 2338 5611 se
2365 5551 2520 5612 scire
2543 5565 2562 5611 :
2593 5555 2874 5613 caeterum
2890 5549 3071 5630 [actis
3101 5558 3356 5633 negant:
3379 5539 3524 5612 cuni
3540 5552 3662 5614 sint

262 5627 540 5709 βδελυκτοὶ
609 5629 760 5696 ὄντες
857 5635 945 5692 καὶ
1052 5635 1313 5711 ἀπειθεῖς,
1412 5634 1499 5690 καὶ
1595 5630 1724 5714 πρὸς
1808 5643 1912 5695 πᾶν

2014 5638 2460 5716 zbominabites,
2491 5644 2548 5703 et
2569 5638 2731 5704 dicto
2764 5627 2899 5703 non
2924 5627 3266 5719 audiendas,
3299 5645 3358 5704 et
3383 5639 3461 5704 ad
3489 5657 3668 5709 omne
