4152 6216
287 359 413 425 253

1376 353 1771 421 COMMENT.
1822 350 1903 412 IN
1947 347 2189 411 EPIST.
2238 347 2336 409 AD
2375 347 2651 410 TITUM.

3565 347 3681 413 254

286 486 581 547 ὗποτάσσει
608 489 686 560 τῷ
713 487 877 565 γήρᾳ.
917 503 943 542 ι
989 482 1308 564 Φιλάνδρους
1353 483 1520 542 εἶναι.
1557 505 1583 541 ο
1657 489 1823 541 Τοῦτο
1883 485 1943 540 τὸ

2034 479 2257 555 fecerit,
2292 480 2626 544 manifestat
2675 481 2734 543 id
2784 479 2945 562 quod
2996 479 3296 562 sequitur.
3335 504 3362 534 ι
3397 479 3525 554 Quo
3563 481 3685 544 ho-

288 577 580 659 κεφάλαιον
633 581 741 632 τῶν
811 574 866 632 ἐν
925 573 1061 648 οἰκίᾳ
1116 572 1350 652 ἀγαθῶν.
1409 569 1498 639 Ἐξ
1553 573 1710 659 αύτοῦ
1755 574 1842 629 καὶ
1881 573 1946 630 τὰ

289 651 455 726 λοίπά
484 666 740 728 τίκτεται,
809 687 837 719 α
868 651 1242 744 Φιλοτέκνους,
1293 686 1322 720 ι
1370 663 1552 744 φησίν.
1627 651 1690 718 Ἠ
1719 663 1818 742 γὰρ
1846 663 1946 731 τὴν

287 759 431 837 ῥίζαν
462 755 749 836 ἀγαπῶσα,
781 755 868 812 καὶ
895 753 1016 818 τοὺς
1062 749 1285 816 κλάδους
1340 751 1632 831 ἀγαπήσει,
1700 771 1724 808 ι
1755 753 1946 810 Οἰκου-

291 847 437 926 ρούς.
473 864 504 904 ι
536 843 814 922 Οἱκουροῦς
857 864 1012 923 φησι,
1056 841 1151 905 τὰς
1182 840 1552 926 οἰκονομικάς,
1588 842 1650 897 Αἱ
1692 837 1747 896 δὲ
1778 847 1952 898 τοιαῦ-

291 925 382 992 ται
425 933 546 990 οὔτε
615 935 732 1011 περὶ
770 931 1014 1012 τροφὴν,
1087 929 1207 987 οὔτε
1278 929 1396 1008 περὶ
1451 925 1656 994 ἐξόδους
1700 928 1948 1010 ἀκαιρούς

295 1022 676 1104 ἀσχολοῦνται.
712 1043 735 1076 ι
766 1011 890 1078 "lvi:
911 1019 988 1096 μὴ
1009 1021 1038 1075 δ
1058 1017 1216 1098 λόγος
1233 1017 1326 1074 τοῦ
1351 1025 1482 1076 Θεοῦ
1500 1015 1904 1098 βλασφημῆται,
1917 1043 1944 1075 ι

297 1114 355 1171 Εἰ
426 1112 528 1190 γὰρ
601 1109 694 1177 εἴη
751 1109 971 1172 ἄπιστος
1039 1108 1174 1186 ἀνὴρ
1231 1119 1460 1186 γυναῖκα
1539 1105 1684 1186 ἔχων
1753 1107 1949 1175 πιστὴν

293 1202 415 1280 μὲν,
463 1199 827 1274 ἄνυπότακτον
886 1195 940 1253 δὲ
995 1198 1082 1254 καὶ
1120 1195 1346 1276 ,φαύλην
1385 1195 1485 1252 τὶν
1540 1195 1742 1280 πίστιν,
1785 1196 1949 1264 αὐτὴν

287 1274 692 1370 βλασφημήσῃ,
761 1286 1008 1350 τοιαύτας
1062 1274 1292 1365 ἔχουσαν
1337 1295 1609 1364 γυναῖκας.
1661 1274 1837 1364 ξὈρᾷς
1867 1283 1947 1341 ὅτι

285 1376 702 1458 προηγουμένως
781 1381 876 1432 τοῦ
968 1374 1310 1454 κηρύγματος
1407 1372 1710 1454 φροντίζων,
1785 1380 1948 1431 ταῦτα

287 1482 476 1547 γράφει
507 1482 524 1542 ;

2028 577 2226 632 nestas
2255 569 2510 634 reddant
2537 568 3037 635 adolescentulas.
3076 594 3102 625 ι
3144 568 3270 632 Νοη
3310 568 3385 631 de
3438 569 3580 632 solis
3609 571 3682 633 ti-

2028 655 2219 720 liabus
2279 659 2390 721 hoc
2449 659 2614 733 dicit,
2659 658 2764 721 sed
2811 658 2871 720 in
2930 659 3273 721 universum
3320 657 3682 722 adolescen-

2032 745 2170 808 tiam
2223 745 2466 826 subjicit
2511 747 2820 810 senectuti.
2865 771 2884 802 ι
2922 741 2997 810 Ut
3043 747 3286 810 maritos
3343 763 3485 810 suos
3531 747 3674 810 dili-

2032 843 2244 912 gant.)
2296 837 2424 898 Hoc
2474 836 2765 898 honorum
2813 835 3079 897 omnium
3127 843 3302 917 caput
3331 843 3422 898 est
3449 855 3580 918 qua:
3607 836 3667 898 in

2029 923 2253 987 familia
2283 932 2440 994 sunt,
2479 924 2636 986 unde
2675 933 2733 988 et
2760 924 2988 1006 reliqua
3031 924 3326 989 oriuntur.
3365 948 3390 981 σ
3425 923 3676 987 Liberos

2029 1023 2254 1078 ament.
2288 1041 2315 1072 ι
2348 1017 2493 1078 Nam
2522 1034 2654 1096 qua;
2682 1015 2944 1078 radicem
2967 1023 3147 1096 amat,
3179 1014 3356 1078 etiam
3391 1022 3450 1078 et
3478 1034 3675 1077 ramos

2031 1104 2274 1169 amabit.
2307 1128 2330 1161 ι
2357 1103 2578 1166 Domus
2607 1105 2899 1166 custodes.
2919 1130 2940 1162 ιδ
2979 1104 3200 1166 Domus
3229 1103 3373 1166 dicit
3399 1103 3676 1166 custodes

2031 1211 2162 1274 qua;
2193 1193 2432 1256 domum
2463 1193 2816 1272 gubernant.
2849 1193 3023 1255 Tales
3068 1202 3261 1255 autem
3295 1211 3487 1275 neque
3518 1193 3677 1256 circa

2031 1300 2201 1343 suum
2233 1282 2602 1358 alimentum,
2637 1300 2831 1363 neque
2861 1282 3020 1344 circa
3063 1300 3337 1361 egressus
3367 1285 3662 1363 intempe-

2032 1371 2213 1434 stivos
2242 1381 2629 1452 occupantur.
2668 1395 2694 1427 α
2719 1370 2804 1434 Ne
2834 1389 3029 1434 sermo
3054 1370 3162 1434 Dei
3191 1370 3346 1432 male
3374 1369 3595 1435 audiat.
3639 1399 3660 1428 ι

2029 1459 2175 1522 Nam
2209 1462 2259 1522 si
2306 1461 2559 1523 maritus
2607 1469 2766 1523 esset
2811 1461 3094 1538 inﬁdelis,
3148 1478 3390 1522 uxorem
3456 1460 3679 1524 habens

289 1553 557 1626 ﬁdelem,
593 1553 696 1616 sed
731 1569 852 1615 non
882 1551 1210 1633 subjectam
1241 1558 1300 1612 et
1329 1568 1592 1633 pravam,
1629 1551 1806 1614 ﬁdem
1835 1550 2025 1632 ipsam
2057 1550 2524 1613 calumniarelur
2553 1569 2683 1632 quae
2714 1550 3058 1631 hujusmodi
3097 1549 3347 1612 habcret
3373 1548 3677 1613 mulieres.

292 1643 479 1707 Vides
511 1641 668 1724 quod
698 1642 826 1705 haec
857 1641 1104 1720 scribat,
1137 1659 1342 1704 curam
1373 1640 1435 1703 in
1466 1639 1676 1722 primis
1705 1640 1932 1703 habens
1963 1639 2404 1722 praedicationis
2425 1641 2456 1700 ‘I

359 1755 408 1796 ,ι
467 1734 604 1798 Τοὺς
659 1732 942 1810 νεωτέρους
1022 1733 1273 1796 ὡσαύτως
1355 1731 1647 1810 παρακάλει
1746 1753 1946 1811 σωφρο-

2115 1728 2246 1804 11,6
2276 1731 2334 1791 8.
2368 1729 2800 1794 Adolescentes
2819 1730 3217 1793 consimiliter
3245 1728 3681 1810 adhortare,ut

293 1835 432 1895 νεῖν,
547 1823 666 1901 περὶ
747 1822 919 1879 πάντα
1033 1821 1253 1880 σεαυτὸν
1334 1821 1708 1901 παρεχόμενον
1791 1821 1953 1877 τύπον

292 1912 473 1970 καλῶν
582 1911 776 1990 ἔργων.
880 1911 934 1969 ἐν
1031 1916 1101 1987 τῇ
1197 1907 1502 1982 διδασκάλίᾳ
1596 1909 1948 1990 ἀδιαφθορίαν,

295 2001 623 2080 σεμνότητα,
655 1999 940 2080 ἀφθαρσίαν
995 1998 1154 2079 λόγον
1208 2000 1353 2078 ὑγιῆ,
1388 1997 1818 2078 ἀκατάγνωστον,
1861 1997 1953 2054 ἵνα

295 2094 324 2148 ὃ
354 2090 409 2156 ἔξ
441 2089 678 2156 ἐναντίας
706 2088 980 2169 [ἐντραπῇ
1044 2085 1210 2165 μηδέν
1265 2087 1411 2168 ἔχων
1452 2088 1570 2168 περὶ
1597 2088 1750 2165 ἡμῶν
1779 2085 1952 2165 λέγειν

401 2179 522 2240 λον.
551 2201 582 2235 ι

295 2203 582 2348 gaza,
621 2268 737 2332 πῶς
804 2267 1182 2348 προσηκόντως
1233 2265 1450 2347 διέταξε,
1505 2278 1626 2330 ταῖς
1683 2266 1780 2343 μὲν
1848 2290 1948 2348 γυ-

294 2359 452 2434 ναιξὶ,
512 2371 770 2439 γυναῖκας
827 2358 916 2415 καὶ
999 2356 1342 2438 πρεσϐύτιδας
1411 2354 1752 2420 διδασκάλους
1823 2355 1946 2414 ἐπι-

299 2448 530 2529 στήσας,
558 2461 677 2512 τοῖς
707 2446 761 2503 δὲ
804 2445 1072 2527 ἀνδράσιν,
1118 2446 1275 2503 αὐτὸν
1301 2447 1394 2504 τὸν
1423 2448 1610 2521 Τίτον;
1661 2469 1689 2501 α
1726 2454 1946 2527 Σωφρο-

297 2551 434 2614 νετν,
477 2559 502 2593 ι
535 2537 712 2618 φησίν.
749 2535 908 2595 Οῦδὲν
937 2536 1037 2615 γὰρ
1066 2533 1231 2601 οὕτως
1276 2541 1345 2614 τῇ
1387 2537 1596 2603 νεότητι
1666 2534 1948 2616 πολέμιον,

298 2629 373 2693 ὣς
445 2628 474 2682 δ
526 2632 633 2683 τῶν
701 2624 962 2699 σωμάτων
1019 2623 1171 2704 ἔρως.
1239 2647 1266 2680 σ
1299 2625 1529 2681 Σεαυτὺν
1580 2624 1950 2704 παρεχόμενον

298 2717 488 2775 τύπον.
537 2737 565 2770 ι
619 2705 831 2794 ’Ἔα-τω,
881 2715 1031 2793 φησὶ,
1088 2715 1263 2772 κοινὸν
1306 2711 1470 2771 ἅπασι
1522 2711 1888 2771 διδασκαλεῖον
1921 2715 1950 2770 ὁ

298 2806 393 2868 σὸς
421 2804 532 2880 βίος
563 2805 651 2859 καὶ
699 2800 1014 2881 ὑπόδειγμα.
1093 2825 1122 2857 α
1157 2802 1248 2860 Ἐν
1301 2809 1370 2880 τῇ
1425 2800 1752 2876 διδασκαλίᾳ.
1789 2825 1814 2860 ι
1851 2803 1946 2876 Τὸ,

300 2892 703 2974 Παρεχόμενος,
758 2891 864 2948 ἀπὸ
919 2890 1119 2954 κοινοῦ.
1179 2891 1268 2949 Ἐν
1336 2897 1407 2968 τῇ
1472 2892 1560 2949 οὗν
1616 2888 1947 2972 διδασκαλίᾳ,

299 2981 669 3062 παρεχόμενον
726 2978 998 3059 ἀφθορίαν,
1075 3003 1103 3035 ε
1179 2980 1513 3057 Σεμνότητα.
1578 3003 1603 3040 ι
1679 2979 1945 3054 Τυυτέστι,

2035 1823 2443 1899 temperantes
2463 1825 2580 1882 sint
2613 1837 2627 1882 :
2655 1837 2762 1900 per
2778 1821 2985 1882 omnia
3010 1821 3390 1898 temetipsum
3401 1817 3680 1900 praebens

2033 1907 2298 1984 formam
2333 1907 2624 1971 bonorum
2655 1926 2924 1990 operum,
2948 1911 3013 1969 in
3043 1908 3323 1971 doctrina
3345 1907 3676 1986 integrita-

2035 2005 2176 2076 tem,
2208 2002 2603 2082 honestatem,
2637 2002 3174 2080 incorruptionem,
3213 2015 3542 2062 sermonem
3565 2017 3670 2061 sa-

2032 2089 2892 2170 num,irreprehensibitem,ut
2914 2089 2967 2151 is
2988 2090 3094 2168 qui
3117 2095 3432 2169 repugnat,
3458 2085 3674 2150 rubore

2030 2177 2838 2257 suﬂ’undaturmihithabens
2868 2177 3295 2258 quoddenobis
3324 2175 3675 2238 dicatmali.

2112 2265 2292 2329 Vides
2310 2284 2484 2347 quam
2510 2285 2768 2347 congrue
2797 2265 3162 2348 praeceperit,
3191 2263 3538 2326 mulieribus
3551 2263 3676 2344 qui-

2031 2353 2167 2417 dem
2201 2355 2482 2417 mulieres
2503 2364 2560 2420 et
2582 2374 2732 2418 anus
2761 2355 3090 2437 praeﬁciens
3111 2353 3676 2436 praeceptoresniris

2031 2456 2228 2506 autem
2256 2444 2448 2526 ipsum
2478 2444 2740 2506 Titum?»
2767 2447 2844 2510 Ut
2875 2451 3274 2527 temperantes
3307 2445 3485 2505 sint.»
3512 2440 3671 2505 Nihil

2033 2533 2194 2596 enim
2221 2533 2370 2596 adeo
2401 2533 2617 2596 hostile
2647 2541 2736 2596 est
2755 2533 3052 2614 juventuti
3083 2533 3237 2596 sicut
3265 2549 3434 2594 amor
3459 2548 3677 2612 corpo-

2031 2639 2186 2684 rum.
2218 2646 2242 2677 α
2270 2620 2355 2683 Te
2385 2621 2576 2702 ipsum
2609 2622 2880 2704 przebens
2908 2621 3180 2684 formam.
3221 2645 3248 2677 ι
3284 2619 3410 2682 Tua
3438 2618 3554 2682 vita
3572 2627 3671 2681 at--

2033 2729 2149 2792 que
2179 2711 2541 2791 exemplum,
2575 2712 2652 2773 sit
2679 2711 2955 2774 omnibus
3003 2710 3335 2773 communis
3379 2709 3672 2772 doctrina.

2039 2820 2063 2856 ι
2092 2798 2158 2861 In
2189 2799 2481 2864 doctrina.
2511 2826 2538 2856 ι
2565 2801 2615 2863 Α
2645 2801 2950 2863 communi
2995 2799 3389 2878 intelligentia
3437 2797 3670 2879 supple.

2032 2887 2337 2952 Praebens.
2364 2887 2426 2950 In
2451 2888 2720 2951 doctrina
2747 2889 2926 2969 igitur
2953 2888 3222 2969 praebens
3245 2886 3668 2965 integritatem.

2032 2975 2488 3039 familiaritatem
2512 2985 2571 3038 et
2591 2979 2904 3059 quamdam
2923 2978 3340 3040 humilitatem.
3355 2975 3676 3038 cHonesta-

378 3041 390 3060 ι
440 3041 479 3062 ιι,
513 3041 524 3057 ι
776 3041 786 3059 ,
863 3041 872 3059 .
979 3041 997 3053 ,
1254 3041 1266 3057 ,
1411 3041 1423 3048 ,
1501 3041 1510 3043 ε
1931 3041 1943 3054 ,

301 3071 590 3138 κοινότητα
612 3070 700 3126 καὶ
743 3072 860 3126 οἷον
917 3068 1242 3149 ἀτυφότηνα.
1318 3089 1349 3129 (
1410 3070 1510 3129 Καὶ
1556 3069 1878 3146 σεμνότητα.
1915 3091 1942 3123 ιο

2034 3073 2216 3127 tem.»
2265 3065 2325 3129 ld
2359 3075 2470 3142 est,
2512 3041 2629 3128 nod
2677 3075 2953 3150 tanquam
3005 3067 3283 3149 princeps
3313 3063 3528 3146 aliquis
3559 3083 3670 3127 ne—

302 3159 574 3240 Τουτέστι,
606 3181 682 3233 μη
725 3159 800 3220 ὡς
830 3156 1014 3238 ἅρχων
1061 3180 1166 3234 τις,
1239 3157 1375 3235 μηδὲ
1421 3160 1495 3224 ὡς
1523 3157 1796 3216 δποτὲλεσι
1827 3155 1946 3214 δια-

300 3247 614 3326 λεγόμενον,
645 3246 764 3303 ἀλλ’
806 3247 976 3316 ἠπίως
998 3249 1070 3310 ὡς
1100 3247 1324 3314 τέκνοις,
1385 3273 1412 3304 α
1448 3249 1546 3307 Καὶ
1575 3247 1734 3326 λόγον
1761 3249 1942 3326 ὑγιῆ.»

299 3339 402 3396 Τὸν
422 3343 531 3394 τῶν
571 3335 850 3415 δογμάτων
891 3333 1158 3402 δηλονότι.
1224 3338 1432 3396 Τούτων
1489 3339 1588 3417 γάρ
1645 3337 1946 3415 προσόντων

294 3432 365 3502 τῇ
403 3424 729 3498 διδασκαλίᾳ,
771 3423 1151 3503 ἐντραπήσεται
1195 3428 1224 3483 δ
1267 3426 1319 3492 ἐξ
1375 3426 1635 3507 ἐναντίας,
1670 3426 1703 3494 ἢ
1756 3429 1783 3483 ὁ
1826 3424 1943 3482 διά-

292 3514 476 3590 ϐολος,
512 3515 548 3584 ἢ
590 3517 619 3572 ὁ
673 3515 933 3591 αἰρετικὸς
1003 3513 1266 3591 μηδεμίαν
1320 3515 1572 3596 εὒρίσκων
1626 3512 1795 3583 λαϐὴν
1825 3512 1942 3572 καθ’

293 3604 449 3680 ἡμῶν
459 3652 474 3667 ,

872 3685 883 3695 ’
943 3706 1194 3774 ΚΕΦΑΛ,
1232 3690 1314 3762 A'.

303 3819 329 3853 σ
381 3795 506 3876 Περὶ
533 3789 754 3870 δούλων,
789 3795 876 3876 ὡς
895 3795 957 3850 ἃν
999 3796 1088 3876 καὶ
1121 3797 1282 3876 ,αὐτοὶ
1337 3798 1436 3863 τῆς
1481 3803 1704 3875 Χριστοῦ
1730 3795 1948 3875 χάρετος

819 3873 974 3940 ἀξίως
1026 3873 1320 3933 δουλεύοιεν
1331 3923 1342 3934 .
1397 3900 1422 3930 ιι

386 3992 415 4023 ι
451 3966 675 4032 Δούλως
705 3967 850 4031 ἰδίοις
906 3966 1182 4031 δεσπόταις
1223 3969 1622 4042 ὑποτάσσεσθαι,
1694 3968 1750 4024 ἐν
1796 3973 1954 4024 πᾶσιν

297 4057 608 4137 εὐαρέστους
638 4057 805 4130 εἶναι,
839 4056 917 4131 μὴ
963 4055 1352 4136 ἀντιλέγοντας.
1413 4058 1491 4132 μὴ
1523 4057 1946 4139 νοσφιζομένους,

298 4147 438 4203 ἀλλὰ
496 4146 669 4203 πίστιν
730 4151 902 4202 πᾶσαν
965 4143 1382 4222 ἐνδεικνυμένους
1440 4146 1664 4225 ἀγαθὴν.
1747 4146 1838 4202 τίνα
1871 4145 1948 4220 μὴ

2031 3173 2149 3235 que
2183 3156 2357 3220 veluti
2387 3175 2520 3218 cum
2555 3155 2879 3218 tributariis
2909 3165 3009 3218 aut
3036 3155 3322 3237 subjectis
3343 3155 3670 3224 disserens.

2030 3244 2171 3305 295
2201 3244 2301 3306 sed
2325 3244 2544 3306 blande
2564 3263 2632 3306 ac
2662 3246 2874 3307 leniter
2905 3247 3082 3308 veluti
3113 3265 3245 3307 cum
3279 3244 3440 3306 ﬁliis.
3474 3267 3500 3299 α
3525 3241 3672 3306 Ser-

2031 3353 2268 3396 monem
2291 3353 2496 3396 sanum
2524 3353 2538 3394 :
2573 3358 2597 3390 ι
2627 3335 2906 3397 videlicet
2934 3332 3446 3414 dogmatum.Nam
3471 3332 3520 3393 si
3547 3333 3674 3394 haec

2026 3423 2225 3485 adsint
2251 3423 2556 3504 doctrinae,
2598 3423 2818 3485 rubore
2848 3422 3221 3485 suﬁ‘undetur
3259 3421 3310 3482 is
3342 3421 3442 3502 qui
3481 3437 3664 3500 repu-

2027 3521 2191 3594 gnat,
2251 3513 2376 3574 sive
2428 3511 2820 3574 calumniatur
2869 3521 2970 3573 aut
3026 3509 3378 3582 haereticus,
3439 3508 3661 3570 nullam

2026 3601 2340 3666 inveniens
2368 3600 2647 3663 adversus
2677 3619 2786 3663 nos
2815 3597 3219 3664 calumniandi
3248 3615 3474 3660 ansam.

2656 3693 2901 3759 CAPUT
2947 3693 3048 3758 ιν.

2117 3790 2198 3852 De
2225 3788 2442 3862 servis,
2466 3794 2533 3852 ut
2556 3788 2676 3869 ipsi
2705 3805 2934 3869 quoque
2961 3787 3239 3850 decenter
3257 3786 3338 3848 ad
3363 3785 3594 3850 Christi

2556 3871 2819 3938 gratiam
2848 3875 3145 3931 serviant.

2115 3961 2194 4038 II,
2230 3962 2332 4024 9-1
2355 3966 2373 4020 t
2395 4009 2409 4024 .
2447 3963 2663 4024 Servos
2697 3962 2967 4036 hortare,
2999 3969 3065 4024 ut
3091 3962 3219 4024 suis
3251 3961 3517 4023 dominis
3553 3979 3670 4042 pa-

2036 4057 2234 4124 reant,
2261 4053 2322 4113 in
2353 4053 2626 4113 omnibus
2657 4050 2778 4112 illis
2800 4053 3104 4131 placeant,
3137 4069 3258 4113 non
3288 4060 3670 4128 responsato-

2035 4159 2155 4216 res,
2181 4158 2296 4203 non
2329 4142 2722 4220 su/fnrantes,
2756 4141 2856 4203 sed
2885 4140 3066 4220 [idem
3097 4157 3330 4202 omnem
3362 4141 3672 4204 ostenden-

296 4235 637 4293 διδασκαλίαν
694 4241 787 4291 τοῦ
829 4234 1080 4314 Σωτῆρος
1136 4237 1289 4311 ἡμῶν
1387 4243 1517 4292 Θεοῦ
1569 4239 1837 4311 κοσμῶσιν
1897 4233 1946 4288 ὲν

2037 4238 2123 4293 tes
2155 4231 2370 4292 bonum
2399 4249 2418 4290 :
2449 4239 2513 4290 ul
2547 4229 2881 4291 doctrinam
2928 4229 3274 4292 Salvatoris
3319 4237 3515 4293 nostri
3565 4230 3676 4294 Dei

293 4347 478 4385 πασιν.
518 4347 542 4382 ι

379 4413 451 4471 Ού
522 4412 632 4493 χρὴ
703 4411 791 4469 οὖν
874 4411 1126 4490 προφάσει
1184 4409 1452 4475 εὐλαϐείας
1510 4411 1681 4490 αἴρειν
1734 4409 1947 4474 δούλους

297 4503 402 4559 ἀπὸ
448 4501 740 4561 δεσποτῶν.
797 4521 820 4554 ι
875 4502 962 4567 Μὴ
1016 4500 1408 4579 ἀντιλέγοντας,
1449 4523 1473 4556 ι
1548 4505 1620 4560 Τὸ
1681 4502 1948 4570 πειθήνιον

295 4593 387 4648 καὶ
455 4589 692 4648 ἅκλοπον
744 4603 1025 4671 παραινεῖ.
1085 4601 1250 4650 Τοῦτο
1299 4592 1400 4671 γὰρ
1455 4590 1685 4668 μάλιστα
1743 4589 1948 4652 δούλοις

299 4679 569 4760 ἀρμόδιον,
652 4702 675 4736 ιι
715 4669 840 4736 υινα
894 4679 994 4746 τὴν
1046 4669 1382 4736 διδασκαλίαν
1449 4687 1539 4737 τοῦ
1604 4679 1874 4757 Σωτῆρος.
1915 4703 1940 4734 n

300 4770 532 4836 Εἰκότως
561 4769 741 4847 ἔλεγεν
783 4767 1047 4848 ἀλλαχοῦ,
1101 4791 1125 4822 ιι
1181 4760 1271 4834 Ὦς
1315 4777 1390 4844 τῷ
1447 4776 1560 4844 Θεῷ
1618 4767 1946 4832 δουλεύοντες

298 4859 387 4913 καὶ
459 4859 554 4914 οὐκ
609 4856 922 4935 ἀνθρώποις.
964 4879 988 4912 ι
1055 4855 1162 4915 Κᾶν
1205 4859 1304 4938 γὰρ
1352 4865 1428 4933 τῷ
1482 4856 1734 4928 δεσπότη,
1793 4861 1945 4938 φησὶ,

297 4944 516 5022 διακονῇ
570 4943 686 5020 μετ’
757 4946 981 5018 εὐνοίας,
1040 4944 1160 5001 ἀλλ’
1249 4948 1284 5014 ἡ
1354 4947 1609 5026 πρόφασις
1679 4946 1786 5003 ἀπὸ
1857 4958 1948 5006 τοῦ

297 5032 460 5113 φόϐου
500 5042 593 5092 τοῦ
635 5040 768 5091 Θεοῦ
797 5034 896 5100 τὴν
920 5033 1098 5114 ἀρχὴν
1129 5033 1269 5115 ἔχει.
1322 5037 1379 5093 Εἰ
1433 5037 1533 5113 γὰρ
1601 5034 1785 5114 ιρούλοι
1816 5036 1937 5105 ὦσι,

298 5123 448 5202 φησὶ,
560 5123 651 5177 τὸν
743 5125 1142 5200 Χριστιανισμὸν
1225 5123 1554 5203 ἐνυϐρίζουσι,
1616 5145 1645 5178 ι
1704 5126 1776 5182 Τὸ
1845 5125 1942 5202 γὰρ

301 5211 466 5285 ὄνομα
497 5217 586 5267 τοῦ
615 5217 747 5266 Θεοῦ
798 5209 866 5266 δι’
907 5212 1042 5285 ὑμᾶς
1112 5211 1530 5295 βλασφημεῖται,
1581 5235 1608 5266 ι
1683 5213 1832 5293 φησί.
1868 5215 1942 5270 Τὰ

301 5297 356 5355 δὲ
387 5299 660 5380 εἰρημένα,
693 5309 961 5363 ποιοῦντες
983 5308 1236 5376 κοσμοῦσι
1303 5304 1364 5360 τὸ
1431 5303 1700 5380 κήρυγμα,
1739 5309 1940 5365 πιστῶς

306 5385 656 5452 δουλεύοντες.

390 5546 408 5589 ι
439 5544 660 5634 Ephes.
695 5563 778 5624 v1,
812 5551 871 5610 7.
955 5548 987 5600 2
1014 5547 1126 5612 Ira.
1159 5567 1256 5626 LII,
1287 5551 1410 5627 52;
1446 5551 1574 5614 Ron
1606 5599 1620 5614 .
1651 5565 1717 5626 ιι,
1749 5549 1851 5614 24.

2033 4327 2250 4384 ornent
2282 4321 2341 4380 in
2370 4318 2667 4381 omnibus.

2112 4411 2240 4472 Non
2255 4416 2484 4488 oportet
2500 4425 2645 4487 ergo
2665 4414 2945 4488 prmtextu
2975 4406 3204 4488 pietatis
3229 4406 3438 4468 tollere
3469 4425 3672 4468 servos

2031 4497 2359 4560 adnminis.
2404 4519 2425 4552 υ
2471 4495 2598 4558 Non
2641 4505 3090 4576 responSantores
3153 4520 3174 4552 η
3213 4497 3507 4556 Admonet
3535 4513 3670 4556 ser-

2030 4587 2278 4650 vandam
2313 4585 2714 4648 obedientiam
2749 4605 2815 4645 ac
2847 4585 3236 4658 ﬁdelitatem;
3273 4584 3329 4644 id
3352 4584 3509 4645 enim
3543 4601 3668 4645 ma-

2031 4676 2188 4738 xime
2233 4694 2434 4737 servos
2475 4678 2668 4740 decet.
2705 4701 2722 4728 ι
2772 4672 2844 4736 Ut
2885 4673 3208 4734 doctrinam
3263 4672 3578 4734 Salvatoris
3643 4699 3662 4728 ο

2030 4764 2232 4828 Merito
2265 4764 2408 4824 dixit
2437 4764 2618 4825 alibi:
2663 4787 2689 4819 ιι
2725 4763 3032 4843 Tanquam
3068 4764 3184 4822 lteo
3233 4761 3582 4842 servientes,
3613 4772 3666 4824 et

2032 4873 2147 4916 nun
2181 4851 2591 4914 hominibusl.
2641 4851 2994 4933 nSiquidi-in
3045 4869 3377 4930 quanquam
3427 4850 3670 4912 domino

2031 4962 2164 5006 cum
2199 4941 2611 5003 benevolentia
2657 4940 2982 5017 ministres,
3036 4937 3248 5017 inquit,
3315 4943 3545 5000 occasio
3580 4947 3667 5000 ta-

2031 5051 2164 5094 men
2202 5029 2434 5090 initium
2489 5027 2664 5088 habet
2693 5047 2726 5089 a
2755 5029 2968 5088 timore
3011 5026 3140 5089 Dei.
3199 5027 3261 5089 Si
3315 5027 3472 5086 enim
3509 5028 3668 5108 pravi

2027 5129 2186 5194 sunt,
2214 5115 2728 5181 Christianismum
2763 5115 3124 5176 contumelia
3160 5115 3444 5176 afﬁciunt.
3483 5141 3510 5172 «
3549 5115 3672 5178 Νο-

2027 5229 2166 5272 men
2199 5207 2358 5270 enim
2397 5205 2500 5268 Dei
2533 5213 2774 5284 propter
2798 5223 2923 5274 vos,
2947 5205 3050 5266 ait.
3088 5204 3477 5285 blaSphemiis
3493 5207 3672 5270 afﬁci-

2027 5307 2120 5360 tur
2140 5297 2187 5356 9.
2233 5320 2256 5353 ι
2301 5294 2409 5367 Qui
2456 5303 2650 5355 autem
2710 5293 2959 5354 fecerint
3016 5312 3086 5355 ea
3145 5312 3278 5374 quae
3325 5293 3484 5356 dicta
3536 5304 3675 5360 sunt

2029 5385 2509 5470 praedicationem
2555 5393 2788 5459 ornant,
2824 5382 3081 5446 ﬁdeliter
3112 5385 3461 5449 servientes.
