  <div class='ocr_page' id='page_1' title='image "/cluster/home/n/w/nwhite01/storage/ocr_20150623/119/hvd.32044073502494/137.png"; bbox 0 0 4152 6216; ppageno 0'>
   <div class='ocr_carea' id='block_1_1' title="bbox 437 253 3836 384">
    <p class='ocr_par' dir='ltr' id='par_1_1' title="bbox 437 292 3836 384">
     <span class='ocr_line' id='line_1_1' title="bbox 437 292 3836 384; baseline 0.003 -17"><span class='ocrx_word' id='word_1_1' title='bbox 437 292 558 370; x_wconf 73' lang='grc'><strong>259</strong></span> <span class='ocrx_word' id='word_1_2' title='bbox 1573 308 1981 376; x_wconf 81' lang='lat' dir='ltr'>CECUMENII</span> <span class='ocrx_word' id='word_1_3' title='bbox 2023 305 2318 379; x_wconf 73' lang='lat' dir='ltr'>TRICC/E</span> <span class='ocrx_word' id='word_1_4' title='bbox 2361 314 2695 382; x_wconf 86' lang='lat' dir='ltr'>EPISGOPI</span> <span class='ocrx_word' id='word_1_5' title='bbox 3682 315 3802 384; x_wconf 81' lang='lat'>260</span> <span class='ocrx_word' id='word_1_6' title='bbox 3829 321 3836 324; x_wconf 83' lang='grc'><strong>’</strong></span> 
     </span>
    </p>
   </div>
   <div class='ocr_carea' id='block_1_2' title="bbox 511 439 2018 532">
    <p class='ocr_par' dir='ltr' id='par_1_2' title="bbox 511 439 2018 532">
     <span class='ocr_line' id='line_1_2' title="bbox 511 439 2018 532; baseline 0.005 -30"><span class='ocrx_word' id='word_1_7' title='bbox 511 439 612 532; x_wconf 73' lang='grc' dir='ltr'>ιν,</span> <span class='ocrx_word' id='word_1_8' title='bbox 636 440 697 518; x_wconf 90' lang='grc'>8,</span> <span class='ocrx_word' id='word_1_9' title='bbox 719 441 778 505; x_wconf 93' lang='grc'>9.</span> <span class='ocrx_word' id='word_1_10' title='bbox 802 441 952 506; x_wconf 79' lang='lat' dir='ltr'><strong>Fide</strong></span> <span class='ocrx_word' id='word_1_11' title='bbox 980 442 1373 532; x_wconf 84' lang='lat' dir='ltr'><strong>dignissimus</strong></span> <span class='ocrx_word' id='word_1_12' title='bbox 1419 449 1506 506; x_wconf 88' lang='lat' dir='ltr'>est</span> <span class='ocrx_word' id='word_1_13' title='bbox 1534 462 1756 508; x_wconf 84' lang='lat' dir='ltr'>sermo.</span> <span class='ocrx_word' id='word_1_14' title='bbox 1783 445 1870 508; x_wconf 84' lang='lat' dir='ltr'><strong>Et</strong></span> <span class='ocrx_word' id='word_1_15' title='bbox 1887 448 1957 509; x_wconf 86' lang='lat' dir='ltr'>de</span> <span class='ocrx_word' id='word_1_16' title='bbox 1981 448 2018 510; x_wconf 82' lang='lat' dir='ltr'><strong><em>h</em></strong></span> 
     </span>
    </p>
   </div>
   <div class='ocr_carea' id='block_1_3' title="bbox 2100 439 3796 532">
    <p class='ocr_par' dir='ltr' id='par_1_3' title="bbox 2100 449 3796 532">
     <span class='ocr_line' id='line_1_3' title="bbox 2100 449 3796 532; baseline 0.004 -28"><span class='ocrx_word' id='word_1_17' title='bbox 2100 452 2137 504; x_wconf 77' lang='grc' dir='ltr'><strong>Δ</strong></span> <span class='ocrx_word' id='word_1_18' title='bbox 2243 471 2267 506; x_wconf 70' lang='grc' dir='ltr'>ι</span> <span class='ocrx_word' id='word_1_19' title='bbox 2305 451 2498 515; x_wconf 81' lang='grc' dir='ltr'>Πιστὸς</span> <span class='ocrx_word' id='word_1_20' title='bbox 2556 453 2585 507; x_wconf 79' lang='grc' dir='ltr'><strong>ὁ</strong></span> <span class='ocrx_word' id='word_1_21' title='bbox 2638 449 2822 530; x_wconf 89' lang='grc' dir='ltr'>λόγος,</span> <span class='ocrx_word' id='word_1_22' title='bbox 2891 453 2979 509; x_wconf 88' lang='grc' dir='ltr'>καὶ</span> <span class='ocrx_word' id='word_1_23' title='bbox 3034 453 3151 532; x_wconf 82' lang='grc' dir='ltr'>περὶ</span> <span class='ocrx_word' id='word_1_24' title='bbox 3204 453 3405 510; x_wconf 81' lang='grc' dir='ltr'>τούτων</span> <span class='ocrx_word' id='word_1_25' title='bbox 3458 451 3711 531; x_wconf 77' lang='grc' dir='ltr'>βούλομαί</span> <span class='ocrx_word' id='word_1_26' title='bbox 3741 475 3796 510; x_wconf 76' lang='grc' dir='ltr'>οε</span> 
     </span>
    </p>
   </div>
   <div class='ocr_carea' id='block_1_4' title="bbox 431 529 2018 623">
    <p class='ocr_par' dir='ltr' id='par_1_4' title="bbox 431 529 2018 623">
     <span class='ocr_line' id='line_1_4' title="bbox 431 529 2018 623; baseline 0.003 -29"><span class='ocrx_word' id='word_1_27' title='bbox 431 529 566 623; x_wconf 69' lang='lat' dir='ltr'><strong>uolo</strong></span> <span class='ocrx_word' id='word_1_28' title='bbox 585 538 653 594; x_wconf 89' lang='lat' dir='ltr'>ut</span> <span class='ocrx_word' id='word_1_29' title='bbox 675 532 1015 613; x_wconf 83' lang='lat' dir='ltr'><strong>conﬁrmes:</strong></span> <span class='ocrx_word' id='word_1_30' title='bbox 1031 549 1148 623; x_wconf 81' lang='lat' dir='ltr'>quo</span> <span class='ocrx_word' id='word_1_31' title='bbox 1167 531 1415 623; x_wconf 70' lang='lat' dir='ltr'><strong>solliciti</strong></span> <span class='ocrx_word' id='word_1_32' title='bbox 1433 535 1580 608; x_wconf 86' lang='lat' dir='ltr'><strong>sint,</strong></span> <span class='ocrx_word' id='word_1_33' title='bbox 1605 540 1670 597; x_wconf 88' lang='lat' dir='ltr'>ut</span> <span class='ocrx_word' id='word_1_34' title='bbox 1694 535 1862 597; x_wconf 91' lang='lat' dir='ltr'><strong>bonis</strong></span> <span class='ocrx_word' id='word_1_35' title='bbox 1883 554 2018 615; x_wconf 83' lang='lat' dir='ltr'><strong>oper</strong></span> 
     </span>
    </p>
   </div>
   <div class='ocr_carea' id='block_1_5' title="bbox 2100 529 3798 623">
    <p class='ocr_par' dir='ltr' id='par_1_5' title="bbox 2157 529 3798 623">
     <span class='ocr_line' id='line_1_5' title="bbox 2157 529 3798 623; baseline 0.005 -33"><span class='ocrx_word' id='word_1_36' title='bbox 2157 532 2595 616; x_wconf 78' lang='grc' dir='ltr'>διαϐεϐαιοῦσθαι,</span> <span class='ocrx_word' id='word_1_37' title='bbox 2714 529 2808 596; x_wconf 70' lang='grc' dir='ltr'>ἵνα</span> <span class='ocrx_word' id='word_1_38' title='bbox 2919 529 3221 621; x_wconf 67' lang='grc' dir='ltr'>σροντίξωσι</span> <span class='ocrx_word' id='word_1_39' title='bbox 3333 529 3514 599; x_wconf 69' lang='grc' dir='ltr'>καλῶν</span> <span class='ocrx_word' id='word_1_40' title='bbox 3622 529 3798 623; x_wconf 14' lang='grc' dir='ltr'>γ’έργων</span> 
     </span>
    </p>
   </div>
   <div class='ocr_carea' id='block_1_6' title="bbox 430 620 2018 708">
    <p class='ocr_par' dir='ltr' id='par_1_6' title="bbox 430 620 2018 708">
     <span class='ocr_line' id='line_1_6' title="bbox 430 620 2018 708; baseline 0.003 -26"><span class='ocrx_word' id='word_1_41' title='bbox 430 620 537 708; x_wconf 87' lang='lat' dir='ltr'>bus</span> <span class='ocrx_word' id='word_1_42' title='bbox 541 627 794 700; x_wconf 66' lang='lat' dir='ltr'><strong>praesint</strong></span> <span class='ocrx_word' id='word_1_43' title='bbox 809 623 916 702; x_wconf 88' lang='lat' dir='ltr'>qui</span> <span class='ocrx_word' id='word_1_44' title='bbox 927 620 1446 683; x_wconf 84' lang='lat' dir='ltr'><strong>credideruntDeo</strong></span> <span class='ocrx_word' id='word_1_45' title='bbox 1460 672 1462 674; x_wconf 93' lang='lat'>.</span> <span class='ocrx_word' id='word_1_46' title='bbox 1477 623 1615 685; x_wconf 74' lang='lat' dir='ltr'><strong>Ilaec</strong></span> <span class='ocrx_word' id='word_1_47' title='bbox 1633 624 1797 685; x_wconf 85' lang='lat' dir='ltr'><strong>enim</strong></span> <span class='ocrx_word' id='word_1_48' title='bbox 1807 635 1946 686; x_wconf 84' lang='lat' dir='ltr'><strong>sunt</strong></span> <span class='ocrx_word' id='word_1_49' title='bbox 1958 633 2018 688; x_wconf 89' lang='lat' dir='ltr'>ut</span> 
     </span>
    </p>
   </div>
   <div class='ocr_carea' id='block_1_7' title="bbox 2100 620 3798 708">
    <p class='ocr_par' dir='ltr' id='par_1_7' title="bbox 2155 620 3798 708">
     <span class='ocr_line' id='line_1_7' title="bbox 2155 620 3798 708; baseline 0.004 -27"><span class='ocrx_word' id='word_1_50' title='bbox 2155 629 2502 704; x_wconf 70' lang='grc' dir='ltr'>προΐστασθαι</span> <span class='ocrx_word' id='word_1_51' title='bbox 2595 631 2643 685; x_wconf 84' lang='lat' dir='ltr'>oi</span> <span class='ocrx_word' id='word_1_52' title='bbox 2737 620 3144 694; x_wconf 85' lang='grc' dir='ltr'>πεπιστευκότες</span> <span class='ocrx_word' id='word_1_53' title='bbox 3240 637 3318 706; x_wconf 83' lang='grc' dir='ltr'>τῷ</span> <span class='ocrx_word' id='word_1_54' title='bbox 3401 638 3537 708; x_wconf 81' lang='grc' dir='ltr'>Θεῷ.</span> <span class='ocrx_word' id='word_1_55' title='bbox 3624 620 3798 690; x_wconf 81' lang='grc' dir='ltr'>Ταῦτά</span> 
     </span>
    </p>
   </div>
   <div class='ocr_carea' id='block_1_8' title="bbox 427 707 2018 800">
    <p class='ocr_par' dir='ltr' id='par_1_8' title="bbox 427 707 2018 800">
     <span class='ocr_line' id='line_1_8' title="bbox 427 707 2018 800; baseline 0.004 -31"><span class='ocrx_word' id='word_1_56' title='bbox 427 707 515 772; x_wconf 86' lang='lat' dir='ltr'>lia</span> <span class='ocrx_word' id='word_1_57' title='bbox 535 718 590 771; x_wconf 85' lang='lat' dir='ltr'>et</span> <span class='ocrx_word' id='word_1_58' title='bbox 609 711 860 800; x_wconf 81' lang='lat' dir='ltr'><strong>honesta</strong></span> <span class='ocrx_word' id='word_1_59' title='bbox 882 709 1242 772; x_wconf 82' lang='lat' dir='ltr'><strong>hominibns.</strong></span> <span class='ocrx_word' id='word_1_60' title='bbox 1257 709 1485 773; x_wconf 79' lang='lat' dir='ltr'><strong>Stultos</strong></span> <span class='ocrx_word' id='word_1_61' title='bbox 1496 718 1696 774; x_wconf 82' lang='lat' dir='ltr'><strong>autem</strong></span> <span class='ocrx_word' id='word_1_62' title='bbox 1713 715 2018 792; x_wconf 54' lang='lat' dir='ltr'><strong>quazslioni</strong></span> 
     </span>
    </p>
   </div>
   <div class='ocr_carea' id='block_1_9' title="bbox 2100 707 3796 800">
    <p class='ocr_par' dir='ltr' id='par_1_9' title="bbox 2154 713 3796 800">
     <span class='ocr_line' id='line_1_9' title="bbox 2154 713 3796 800; baseline 0.004 -29"><span class='ocrx_word' id='word_1_63' title='bbox 2154 713 2265 772; x_wconf 89' lang='grc' dir='ltr'>ἐστι</span> <span class='ocrx_word' id='word_1_64' title='bbox 2323 719 2388 773; x_wconf 79' lang='grc' dir='ltr'>τὰ</span> <span class='ocrx_word' id='word_1_65' title='bbox 2457 716 2595 777; x_wconf 78' lang='grc' dir='ltr'>καλὰ</span> <span class='ocrx_word' id='word_1_66' title='bbox 2649 720 2737 776; x_wconf 85' lang='grc' dir='ltr'>καὶ</span> <span class='ocrx_word' id='word_1_67' title='bbox 2791 718 3034 800; x_wconf 79' lang='grc' dir='ltr'>ὠφέλιμα</span> <span class='ocrx_word' id='word_1_68' title='bbox 3104 721 3222 786; x_wconf 83' lang='grc' dir='ltr'>τοῖς</span> <span class='ocrx_word' id='word_1_69' title='bbox 3281 721 3592 800; x_wconf 87' lang='grc' dir='ltr'>ἀνθρώποις.</span> <span class='ocrx_word' id='word_1_70' title='bbox 3667 727 3796 777; x_wconf 79' lang='grc' dir='ltr'>Μω-</span> 
     </span>
    </p>
   </div>
   <div class='ocr_carea' id='block_1_10' title="bbox 427 797 2018 891">
    <p class='ocr_par' dir='ltr' id='par_1_10' title="bbox 427 797 2018 891">
     <span class='ocr_line' id='line_1_10' title="bbox 427 797 2018 891; baseline 0.003 -32"><span class='ocrx_word' id='word_1_71' title='bbox 427 804 484 860; x_wconf 90' lang='lat' dir='ltr'>et</span> <span class='ocrx_word' id='word_1_72' title='bbox 522 797 908 891; x_wconf 77' lang='lat' dir='ltr'><strong>geucalogias</strong></span> <span class='ocrx_word' id='word_1_73' title='bbox 951 804 1009 891; x_wconf 83' lang='lat' dir='ltr'>et</span> <span class='ocrx_word' id='word_1_74' title='bbox 1046 800 1457 891; x_wconf 69' lang='lat' dir='ltr'><strong>contentiones</strong></span> <span class='ocrx_word' id='word_1_75' title='bbox 1487 817 1560 861; x_wconf 85' lang='lat' dir='ltr'>ac</span> <span class='ocrx_word' id='word_1_76' title='bbox 1585 818 1824 882; x_wconf 82' lang='lat' dir='ltr'><strong>pugnas</strong></span> <span class='ocrx_word' id='word_1_77' title='bbox 1852 801 2018 884; x_wconf 58' lang='lat' dir='ltr'><strong>legali</strong></span> 
     </span>
    </p>
   </div>
   <div class='ocr_carea' id='block_1_11' title="bbox 2100 797 3795 891">
    <p class='ocr_par' dir='ltr' id='par_1_11' title="bbox 2151 797 3795 891">
     <span class='ocr_line' id='line_1_11' title="bbox 2151 797 3795 891; baseline 0.004 -32"><span class='ocrx_word' id='word_1_78' title='bbox 2151 805 2242 882; x_wconf 72' lang='grc' dir='ltr'>ρας</span> <span class='ocrx_word' id='word_1_79' title='bbox 2299 804 2361 861; x_wconf 82' lang='grc' dir='ltr'>δὰ</span> <span class='ocrx_word' id='word_1_80' title='bbox 2431 808 2681 877; x_wconf 74' lang='grc' dir='ltr'>ζητήσεις</span> <span class='ocrx_word' id='word_1_81' title='bbox 2757 797 2863 864; x_wconf 24' lang='grc' dir='ltr'>καὶ*</span> <span class='ocrx_word' id='word_1_82' title='bbox 2920 809 3258 888; x_wconf 66' lang='grc' dir='ltr'>γενεαλογίας</span> <span class='ocrx_word' id='word_1_83' title='bbox 3333 797 3421 866; x_wconf 79' lang='grc' dir='ltr'>καὶ</span> <span class='ocrx_word' id='word_1_84' title='bbox 3516 808 3650 891; x_wconf 71' lang='grc' dir='ltr'>ἕρεις</span> <span class='ocrx_word' id='word_1_85' title='bbox 3708 811 3795 866; x_wconf 81' lang='grc' dir='ltr'>καὶ</span> 
     </span>
    </p>
   </div>
   <div class='ocr_carea' id='block_1_12' title="bbox 426 886 2018 980">
    <p class='ocr_par' dir='ltr' id='par_1_12' title="bbox 426 886 1903 971">
     <span class='ocr_line' id='line_1_12' title="bbox 426 886 1903 971; baseline 0.003 -22"><span class='ocrx_word' id='word_1_86' title='bbox 426 889 638 949; x_wconf 80' lang='lat' dir='ltr'><strong>omitte</strong></span> <span class='ocrx_word' id='word_1_87' title='bbox 668 908 681 946; x_wconf 91' lang='lat'><strong>:</strong></span> <span class='ocrx_word' id='word_1_88' title='bbox 712 895 850 949; x_wconf 87' lang='lat' dir='ltr'><strong>sunt</strong></span> <span class='ocrx_word' id='word_1_89' title='bbox 871 888 1031 950; x_wconf 88' lang='lat' dir='ltr'><strong>enim</strong></span> <span class='ocrx_word' id='word_1_90' title='bbox 1061 886 1309 950; x_wconf 84' lang='lat' dir='ltr'><strong>inutiles</strong></span> <span class='ocrx_word' id='word_1_91' title='bbox 1329 904 1399 950; x_wconf 89' lang='lat' dir='ltr'>ac</span> <span class='ocrx_word' id='word_1_92' title='bbox 1424 906 1903 971; x_wconf 67' lang='lat' dir='ltr'><strong>supervacanea.</strong></span> 
     </span>
    </p>
   </div>
   <div class='ocr_carea' id='block_1_13' title="bbox 2100 886 3794 980">
    <p class='ocr_par' dir='ltr' id='par_1_13' title="bbox 2151 886 3794 980">
     <span class='ocr_line' id='line_1_13' title="bbox 2151 886 3794 980; baseline 0.005 -32"><span class='ocrx_word' id='word_1_93' title='bbox 2151 893 2334 972; x_wconf 75' lang='grc' dir='ltr'>μάχας</span> <span class='ocrx_word' id='word_1_94' title='bbox 2387 897 2605 972; x_wconf 78' lang='grc' dir='ltr'>νομικὰς</span> <span class='ocrx_word' id='word_1_95' title='bbox 2660 886 2985 977; x_wconf 88' lang='grc' dir='ltr'>περιίστασο.</span> <span class='ocrx_word' id='word_1_96' title='bbox 3022 886 3166 955; x_wconf 22' lang='grc' dir='ltr'>Εἰσὶν</span> <span class='ocrx_word' id='word_1_97' title='bbox 3201 899 3301 977; x_wconf 76' lang='grc' dir='ltr'>γὰρ</span> <span class='ocrx_word' id='word_1_98' title='bbox 3369 886 3664 980; x_wconf 73' lang='grc' dir='ltr'>ἀνωφελεῖς</span> <span class='ocrx_word' id='word_1_99' title='bbox 3707 901 3794 956; x_wconf 78' lang='grc' dir='ltr'>καὶ</span> 
     </span>
    </p>
   </div>
   <div class='ocr_carea' id='block_1_14' title="bbox 2150 983 2387 1057">
    <p class='ocr_par' dir='ltr' id='par_1_14' title="bbox 2150 983 2387 1057">
     <span class='ocr_line' id='line_1_14' title="bbox 2150 983 2387 1057; baseline 0.004 -19"><span class='ocrx_word' id='word_1_100' title='bbox 2150 983 2387 1057; x_wconf 75' lang='grc' dir='ltr'>μάταιοι,</span> 
     </span>
    </p>
   </div>
   <div class='ocr_carea' id='block_1_15' title="bbox 501 1064 2018 1156">
    <p class='ocr_par' dir='ltr' id='par_1_15' title="bbox 501 1064 2018 1152">
     <span class='ocr_line' id='line_1_15' title="bbox 501 1064 2018 1152; baseline 0.002 -23"><span class='ocrx_word' id='word_1_101' title='bbox 501 1064 788 1141; x_wconf 83' lang='lat' dir='ltr'><strong>Quoniam</strong></span> <span class='ocrx_word' id='word_1_102' title='bbox 821 1067 897 1130; x_wconf 90' lang='lat' dir='ltr'>de</span> <span class='ocrx_word' id='word_1_103' title='bbox 926 1067 1138 1130; x_wconf 87' lang='lat' dir='ltr'><strong>futuris</strong></span> <span class='ocrx_word' id='word_1_104' title='bbox 1167 1069 1396 1132; x_wconf 91' lang='lat' dir='ltr'><strong>locutus</strong></span> <span class='ocrx_word' id='word_1_105' title='bbox 1433 1077 1556 1132; x_wconf 89' lang='lat' dir='ltr'><strong>erat</strong></span> <span class='ocrx_word' id='word_1_106' title='bbox 1590 1088 1838 1152; x_wconf 61' lang='lat' dir='ltr'><strong>quaeque</strong></span> <span class='ocrx_word' id='word_1_107' title='bbox 1867 1071 2018 1133; x_wconf 88' lang='lat' dir='ltr'><strong>mult</strong></span> 
     </span>
    </p>
   </div>
   <div class='ocr_carea' id='block_1_16' title="bbox 2100 1064 3791 1156">
    <p class='ocr_par' dir='ltr' id='par_1_16' title="bbox 2229 1069 3791 1156">
     <span class='ocr_line' id='line_1_16' title="bbox 2229 1069 3791 1156; baseline 0.004 -28"><span class='ocrx_word' id='word_1_108' title='bbox 2229 1069 2446 1140; x_wconf 77' lang='grc' dir='ltr'>Ἐπειδὴ</span> <span class='ocrx_word' id='word_1_109' title='bbox 2471 1075 2588 1154; x_wconf 86' lang='grc' dir='ltr'>περὶ</span> <span class='ocrx_word' id='word_1_110' title='bbox 2622 1071 2924 1150; x_wconf 79' lang='grc' dir='ltr'>μελλόντων</span> <span class='ocrx_word' id='word_1_111' title='bbox 2955 1071 3211 1156; x_wconf 85' lang='grc' dir='ltr'>ἐλάλησε,</span> <span class='ocrx_word' id='word_1_112' title='bbox 3262 1077 3348 1132; x_wconf 73' lang='grc' dir='ltr'>καὶ</span> <span class='ocrx_word' id='word_1_113' title='bbox 3399 1078 3520 1142; x_wconf 74' lang='grc' dir='ltr'>τοῖς</span> <span class='ocrx_word' id='word_1_114' title='bbox 3563 1076 3791 1144; x_wconf 78' lang='grc' dir='ltr'>πολλοῖς</span> 
     </span>
    </p>
   </div>
   <div class='ocr_carea' id='block_1_17' title="bbox 416 1155 2018 1243">
    <p class='ocr_par' dir='ltr' id='par_1_17' title="bbox 416 1155 2018 1242">
     <span class='ocr_line' id='line_1_17' title="bbox 416 1155 2018 1242; baseline 0.004 -26"><span class='ocrx_word' id='word_1_115' title='bbox 416 1155 644 1220; x_wconf 88' lang='lat' dir='ltr'><strong>incerta</strong></span> <span class='ocrx_word' id='word_1_116' title='bbox 665 1165 853 1235; x_wconf 88' lang='lat' dir='ltr'><strong>erant,</strong></span> <span class='ocrx_word' id='word_1_117' title='bbox 881 1156 1215 1237; x_wconf 81' lang='lat' dir='ltr'><strong>subjungit:</strong></span> <span class='ocrx_word' id='word_1_118' title='bbox 1251 1161 1440 1222; x_wconf 78' lang='grc' dir='ltr'>Πιστὸς</span> <span class='ocrx_word' id='word_1_119' title='bbox 1471 1161 1498 1215; x_wconf 85' lang='grc' dir='ltr'>ὁ</span> <span class='ocrx_word' id='word_1_120' title='bbox 1543 1159 1725 1239; x_wconf 79' lang='grc' dir='ltr'>λόγος,</span> <span class='ocrx_word' id='word_1_121' title='bbox 1745 1160 1802 1221; x_wconf 92' lang='lat' dir='ltr'><strong>id</strong></span> <span class='ocrx_word' id='word_1_122' title='bbox 1829 1169 1942 1242; x_wconf 84' lang='lat' dir='ltr'><strong>est,</strong></span> <span class='ocrx_word' id='word_1_123' title='bbox 1965 1161 2018 1223; x_wconf 87' lang='lat' dir='ltr'>di</span> 
     </span>
    </p>
   </div>
   <div class='ocr_carea' id='block_1_18' title="bbox 2100 1155 3788 1243">
    <p class='ocr_par' dir='ltr' id='par_1_18' title="bbox 2144 1155 3788 1243">
     <span class='ocr_line' id='line_1_18' title="bbox 2144 1155 3788 1243; baseline 0.006 -28"><span class='ocrx_word' id='word_1_124' title='bbox 2144 1157 2376 1234; x_wconf 70' lang='grc' dir='ltr'>ἀδήλων,</span> <span class='ocrx_word' id='word_1_125' title='bbox 2441 1161 2647 1241; x_wconf 83' lang='grc' dir='ltr'>ἐπάγει,</span> <span class='ocrx_word' id='word_1_126' title='bbox 2709 1164 2901 1227; x_wconf 81' lang='grc' dir='ltr'>Πιστὸς</span> <span class='ocrx_word' id='word_1_127' title='bbox 2962 1165 2990 1219; x_wconf 84' lang='grc' dir='ltr'>ὁ</span> <span class='ocrx_word' id='word_1_128' title='bbox 3055 1155 3238 1243; x_wconf 88' lang='grc' dir='ltr'>λόγος,</span> <span class='ocrx_word' id='word_1_129' title='bbox 3298 1165 3584 1240; x_wconf 81' lang='grc' dir='ltr'>τουτέστιν,</span> <span class='ocrx_word' id='word_1_130' title='bbox 3647 1166 3788 1235; x_wconf 83' lang='grc' dir='ltr'>ἀλη-</span> 
     </span>
    </p>
   </div>
   <div class='ocr_carea' id='block_1_19' title="bbox 416 1243 2018 1334">
    <p class='ocr_par' dir='ltr' id='par_1_19' title="bbox 416 1243 2018 1329">
     <span class='ocr_line' id='line_1_19' title="bbox 416 1243 2018 1329; baseline 0.003 -24"><span class='ocrx_word' id='word_1_131' title='bbox 416 1264 566 1324; x_wconf 83' lang='lat' dir='ltr'><strong>guns</strong></span> <span class='ocrx_word' id='word_1_132' title='bbox 588 1253 676 1307; x_wconf 92' lang='lat' dir='ltr'>est</span> <span class='ocrx_word' id='word_1_133' title='bbox 702 1263 898 1308; x_wconf 85' lang='lat' dir='ltr'>sermo</span> <span class='ocrx_word' id='word_1_134' title='bbox 927 1247 1024 1326; x_wconf 89' lang='lat' dir='ltr'>qui</span> <span class='ocrx_word' id='word_1_135' title='bbox 1055 1243 1352 1328; x_wconf 66' lang='lat' dir='ltr'><strong>credatur,</strong></span> <span class='ocrx_word' id='word_1_136' title='bbox 1388 1265 1563 1309; x_wconf 82' lang='lat' dir='ltr'>verax</span> <span class='ocrx_word' id='word_1_137' title='bbox 1591 1256 1650 1309; x_wconf 91' lang='lat' dir='ltr'>et</span> <span class='ocrx_word' id='word_1_138' title='bbox 1681 1250 1782 1329; x_wconf 88' lang='lat' dir='ltr'>qui</span> <span class='ocrx_word' id='word_1_139' title='bbox 1816 1249 2018 1311; x_wconf 89' lang='lat' dir='ltr'><strong>omnin</strong></span> 
     </span>
    </p>
   </div>
   <div class='ocr_carea' id='block_1_20' title="bbox 2100 1243 3790 1334">
    <p class='ocr_par' dir='ltr' id='par_1_20' title="bbox 2141 1249 3790 1334">
     <span class='ocr_line' id='line_1_20' title="bbox 2141 1249 3790 1334; baseline 0.004 -29"><span class='ocrx_word' id='word_1_140' title='bbox 2141 1249 2238 1316; x_wconf 80' lang='grc' dir='ltr'>θὴς</span> <span class='ocrx_word' id='word_1_141' title='bbox 2294 1251 2382 1307; x_wconf 86' lang='grc' dir='ltr'>καὶ</span> <span class='ocrx_word' id='word_1_142' title='bbox 2437 1252 2644 1317; x_wconf 76' lang='grc' dir='ltr'>πάντως</span> <span class='ocrx_word' id='word_1_143' title='bbox 2715 1249 3096 1328; x_wconf 75' lang='grc' dir='ltr'>ἐκϐησόμενος.</span> <span class='ocrx_word' id='word_1_144' title='bbox 3165 1277 3186 1309; x_wconf 74' lang='grc' dir='ltr'>ι</span> <span class='ocrx_word' id='word_1_145' title='bbox 3243 1255 3340 1312; x_wconf 84' lang='grc' dir='ltr'>Καὶ</span> <span class='ocrx_word' id='word_1_146' title='bbox 3407 1257 3525 1334; x_wconf 84' lang='grc' dir='ltr'>περὶ</span> <span class='ocrx_word' id='word_1_147' title='bbox 3592 1256 3790 1312; x_wconf 80' lang='grc' dir='ltr'>τούτων</span> 
     </span>
    </p>
   </div>
   <div class='ocr_carea' id='block_1_21' title="bbox 417 1333 2018 1422">
    <p class='ocr_par' dir='ltr' id='par_1_21' title="bbox 417 1333 2018 1401">
     <span class='ocr_line' id='line_1_21' title="bbox 417 1333 2018 1401; baseline 0.002 -5"><span class='ocrx_word' id='word_1_148' title='bbox 417 1335 666 1397; x_wconf 77' lang='lat' dir='ltr'>eveniet.</span> <span class='ocrx_word' id='word_1_149' title='bbox 709 1359 731 1393; x_wconf 76' lang='grc' dir='ltr'><strong><em>α</em></strong></span> <span class='ocrx_word' id='word_1_150' title='bbox 769 1337 844 1398; x_wconf 88' lang='grc' dir='ltr'>Ει</span> <span class='ocrx_word' id='word_1_151' title='bbox 871 1335 946 1396; x_wconf 87' lang='lat' dir='ltr'>de</span> <span class='ocrx_word' id='word_1_152' title='bbox 977 1333 1069 1396; x_wconf 86' lang='lat' dir='ltr'>his</span> <span class='ocrx_word' id='word_1_153' title='bbox 1089 1336 1218 1397; x_wconf 83' lang='lat' dir='ltr'><strong>volo</strong></span> <span class='ocrx_word' id='word_1_154' title='bbox 1241 1344 1303 1396; x_wconf 89' lang='lat' dir='ltr'>ut</span> <span class='ocrx_word' id='word_1_155' title='bbox 1328 1336 1707 1400; x_wconf 73' lang='lat' dir='ltr'><strong>confirmes.»</strong></span> <span class='ocrx_word' id='word_1_156' title='bbox 1743 1337 1814 1399; x_wconf 91' lang='lat' dir='ltr'><strong>Et</strong></span> <span class='ocrx_word' id='word_1_157' title='bbox 1844 1338 1920 1401; x_wconf 88' lang='lat' dir='ltr'>de</span> <span class='ocrx_word' id='word_1_158' title='bbox 1941 1339 2018 1400; x_wconf 86' lang='lat' dir='ltr'><strong>illi</strong></span> 
     </span>
    </p>
   </div>
   <div class='ocr_carea' id='block_1_22' title="bbox 2100 1333 3790 1422">
    <p class='ocr_par' dir='ltr' id='par_1_22' title="bbox 2144 1333 3790 1422">
     <span class='ocr_line' id='line_1_22' title="bbox 2144 1333 3790 1422; baseline 0.005 -29"><span class='ocrx_word' id='word_1_159' title='bbox 2144 1337 2397 1416; x_wconf 85' lang='grc' dir='ltr'>βούλομαί</span> <span class='ocrx_word' id='word_1_160' title='bbox 2450 1361 2529 1399; x_wconf 91' lang='grc' dir='ltr'>σε.</span> <span class='ocrx_word' id='word_1_161' title='bbox 2570 1363 2594 1399; x_wconf 75' lang='grc' dir='ltr'>ι</span> <span class='ocrx_word' id='word_1_162' title='bbox 2664 1343 2761 1400; x_wconf 81' lang='grc' dir='ltr'>Καὶ</span> <span class='ocrx_word' id='word_1_163' title='bbox 2820 1343 2936 1422; x_wconf 87' lang='grc' dir='ltr'>περὶ</span> <span class='ocrx_word' id='word_1_164' title='bbox 3004 1347 3109 1397; x_wconf 83' lang='grc' dir='ltr'>τῶν</span> <span class='ocrx_word' id='word_1_165' title='bbox 3165 1339 3272 1398; x_wconf 75' lang='grc' dir='ltr'>ἀνω</span> <span class='ocrx_word' id='word_1_166' title='bbox 3329 1333 3645 1422; x_wconf 74' lang='grc' dir='ltr'>εἰρημένων,</span> <span class='ocrx_word' id='word_1_167' title='bbox 3703 1347 3790 1401; x_wconf 89' lang='grc' dir='ltr'>καὶ</span> 
     </span>
    </p>
   </div>
   <div class='ocr_carea' id='block_1_23' title="bbox 414 1418 2018 1514">
    <p class='ocr_par' dir='ltr' id='par_1_23' title="bbox 414 1423 2018 1514">
     <span class='ocr_line' id='line_1_23' title="bbox 414 1423 2018 1514; baseline 0.004 -29"><span class='ocrx_word' id='word_1_168' title='bbox 414 1441 548 1514; x_wconf 67' lang='lat' dir='ltr'><strong>qua:</strong></span> <span class='ocrx_word' id='word_1_169' title='bbox 569 1423 845 1514; x_wconf 82' lang='lat' dir='ltr'><strong>superius</strong></span> <span class='ocrx_word' id='word_1_170' title='bbox 877 1423 1034 1514; x_wconf 85' lang='lat' dir='ltr'><strong>dicta</strong></span> <span class='ocrx_word' id='word_1_171' title='bbox 1062 1430 1200 1514; x_wconf 86' lang='lat' dir='ltr'><strong>sunt</strong></span> <span class='ocrx_word' id='word_1_172' title='bbox 1229 1423 1406 1514; x_wconf 77' lang='lat' dir='ltr'><strong>etde</strong></span> <span class='ocrx_word' id='word_1_173' title='bbox 1438 1425 1590 1489; x_wconf 82' lang='lat' dir='ltr'><strong>istis.</strong></span> <span class='ocrx_word' id='word_1_174' title='bbox 1628 1424 1898 1514; x_wconf 78' lang='lat' dir='ltr'><strong>Quibus?</strong></span> <span class='ocrx_word' id='word_1_175' title='bbox 1929 1451 1949 1485; x_wconf 75' lang='grc' dir='ltr'>ι</span> <span class='ocrx_word' id='word_1_176' title='bbox 1990 1429 2018 1492; x_wconf 83' lang='grc' dir='ltr'>Ι</span> 
     </span>
    </p>
   </div>
   <div class='ocr_carea' id='block_1_24' title="bbox 2100 1418 3790 1514">
    <p class='ocr_par' dir='ltr' id='par_1_24' title="bbox 2145 1418 3790 1514">
     <span class='ocr_line' id='line_1_24' title="bbox 2145 1418 3790 1514; baseline 0.005 -32"><span class='ocrx_word' id='word_1_177' title='bbox 2145 1427 2365 1508; x_wconf 82' lang='grc' dir='ltr'>τούτων,</span> <span class='ocrx_word' id='word_1_178' title='bbox 2400 1429 2568 1485; x_wconf 82' lang='grc' dir='ltr'>Ποίων</span> <span class='ocrx_word' id='word_1_179' title='bbox 2614 1449 2632 1510; x_wconf 66' lang='grc' dir='ltr'><strong><em>ς</em></strong></span> <span class='ocrx_word' id='word_1_180' title='bbox 2669 1453 2697 1484; x_wconf 78' lang='grc' dir='ltr'>ιι</span> <span class='ocrx_word' id='word_1_181' title='bbox 2731 1420 2855 1486; x_wconf 68' lang='grc' dir='ltr'>’Ἱνα</span> <span class='ocrx_word' id='word_1_182' title='bbox 2891 1418 3238 1512; x_wconf 43' lang='grc' dir='ltr'>φροντίζωσι,</span> <span class='ocrx_word' id='word_1_183' title='bbox 3292 1418 3457 1513; x_wconf 75' lang='grc' dir='ltr'>φησὶ,</span> <span class='ocrx_word' id='word_1_184' title='bbox 3491 1418 3667 1490; x_wconf 76' lang='grc' dir='ltr'>καλῶν</span> <span class='ocrx_word' id='word_1_185' title='bbox 3709 1433 3790 1514; x_wconf 85' lang='grc' dir='ltr'>’έρ-</span> 
     </span>
    </p>
   </div>
   <div class='ocr_carea' id='block_1_25' title="bbox 416 1511 2018 1603">
    <p class='ocr_par' dir='ltr' id='par_1_25' title="bbox 416 1511 2018 1603">
     <span class='ocr_line' id='line_1_25' title="bbox 416 1511 2018 1603; baseline 0.002 -29"><span class='ocrx_word' id='word_1_186' title='bbox 416 1511 660 1603; x_wconf 82' lang='lat' dir='ltr'><strong>solliciti</strong></span> <span class='ocrx_word' id='word_1_187' title='bbox 690 1512 828 1603; x_wconf 85' lang='lat' dir='ltr'><strong>sint,</strong></span> <span class='ocrx_word' id='word_1_188' title='bbox 859 1519 926 1603; x_wconf 80' lang='lat' dir='ltr'>ut</span> <span class='ocrx_word' id='word_1_189' title='bbox 956 1511 1128 1603; x_wconf 81' lang='lat' dir='ltr'><strong>bonis</strong></span> <span class='ocrx_word' id='word_1_190' title='bbox 1157 1511 1441 1603; x_wconf 80' lang='lat' dir='ltr'><strong>operibus</strong></span> <span class='ocrx_word' id='word_1_191' title='bbox 1483 1515 1744 1594; x_wconf 64' lang='lat' dir='ltr'><strong>praesint.</strong></span> <span class='ocrx_word' id='word_1_192' title='bbox 1781 1537 1807 1571; x_wconf 82' lang='grc'><strong>»</strong></span> <span class='ocrx_word' id='word_1_193' title='bbox 1836 1513 2018 1598; x_wconf 84' lang='lat' dir='ltr'><strong>Nemp</strong></span> 
     </span>
    </p>
   </div>
   <div class='ocr_carea' id='block_1_26' title="bbox 2100 1511 3781 1603">
    <p class='ocr_par' dir='ltr' id='par_1_26' title="bbox 2145 1511 3781 1603">
     <span class='ocr_line' id='line_1_26' title="bbox 2145 1511 3781 1603; baseline 0.004 -31"><span class='ocrx_word' id='word_1_194' title='bbox 2145 1539 2252 1594; x_wconf 87' lang='grc' dir='ltr'>γων</span> <span class='ocrx_word' id='word_1_195' title='bbox 2332 1520 2704 1597; x_wconf 70' lang='grc' dir='ltr'>προΐστασθαι.</span> <span class='ocrx_word' id='word_1_196' title='bbox 2767 1543 2794 1575; x_wconf 70' lang='grc' dir='ltr'><strong><em>ι</em></strong></span> <span class='ocrx_word' id='word_1_197' title='bbox 2884 1519 3155 1597; x_wconf 83' lang='grc' dir='ltr'>Τουτέστι,</span> <span class='ocrx_word' id='word_1_198' title='bbox 3225 1511 3444 1602; x_wconf 72' lang='grc' dir='ltr'>χηρῶν,</span> <span class='ocrx_word' id='word_1_199' title='bbox 3522 1511 3781 1603; x_wconf 73' lang='grc' dir='ltr'>ὀρφανῶν,</span> 
     </span>
    </p>
   </div>
   <div class='ocr_carea' id='block_1_27' title="bbox 415 1599 2018 1690">
    <p class='ocr_par' dir='ltr' id='par_1_27' title="bbox 415 1599 2018 1683">
     <span class='ocr_line' id='line_1_27' title="bbox 415 1599 2018 1683; baseline 0.002 -20"><span class='ocrx_word' id='word_1_200' title='bbox 415 1601 627 1683; x_wconf 80' lang='lat' dir='ltr'><strong>viduis,</strong></span> <span class='ocrx_word' id='word_1_201' title='bbox 665 1601 972 1682; x_wconf 89' lang='lat' dir='ltr'><strong>orphanis,</strong></span> <span class='ocrx_word' id='word_1_202' title='bbox 1007 1599 1210 1663; x_wconf 84' lang='lat' dir='ltr'><strong>labore</strong></span> <span class='ocrx_word' id='word_1_203' title='bbox 1257 1601 1544 1664; x_wconf 76' lang='lat' dir='ltr'><strong>confectis</strong></span> <span class='ocrx_word' id='word_1_204' title='bbox 1601 1611 1659 1664; x_wconf 92' lang='lat' dir='ltr'>et</span> <span class='ocrx_word' id='word_1_205' title='bbox 1710 1604 1914 1682; x_wconf 81' lang='lat' dir='ltr'><strong>egenis</strong></span> <span class='ocrx_word' id='word_1_206' title='bbox 1943 1623 2018 1666; x_wconf 93' lang='lat' dir='ltr'>no</span> 
     </span>
    </p>
   </div>
   <div class='ocr_carea' id='block_1_28' title="bbox 2100 1599 3784 1690">
    <p class='ocr_par' dir='ltr' id='par_1_28' title="bbox 2143 1599 3784 1690">
     <span class='ocr_line' id='line_1_28' title="bbox 2143 1599 3784 1690; baseline 0.007 -32"><span class='ocrx_word' id='word_1_207' title='bbox 2143 1606 2642 1689; x_wconf 85' lang='grc' dir='ltr'>καταπονουμένων,</span> <span class='ocrx_word' id='word_1_208' title='bbox 2701 1606 3071 1686; x_wconf 81' lang='grc' dir='ltr'>ἐπιδεομένων.</span> <span class='ocrx_word' id='word_1_209' title='bbox 3143 1599 3271 1686; x_wconf 46' lang='grc' dir='ltr'>μθ(</span> <span class='ocrx_word' id='word_1_210' title='bbox 3305 1599 3548 1690; x_wconf 58' lang='grc' dir='ltr'>χρήμασι</span> <span class='ocrx_word' id='word_1_211' title='bbox 3597 1599 3784 1688; x_wconf 65' lang='grc' dir='ltr'>μόνον,</span> 
     </span>
    </p>
   </div>
   <div class='ocr_carea' id='block_1_29' title="bbox 411 1690 2018 1793">
    <p class='ocr_par' dir='ltr' id='par_1_29' title="bbox 411 1690 2018 1793">
     <span class='ocr_line' id='line_1_29' title="bbox 411 1690 2018 1793; baseline 0.002 -40"><span class='ocrx_word' id='word_1_212' title='bbox 411 1691 604 1754; x_wconf 90' lang='lat' dir='ltr'><strong>solum</strong></span> <span class='ocrx_word' id='word_1_213' title='bbox 638 1690 1318 1793; x_wconf 50' lang='lat' dir='ltr'><strong>pecunias&#39;erogentﬁed</strong></span> <span class='ocrx_word' id='word_1_214' title='bbox 1345 1691 1880 1793; x_wconf 75' lang='lat' dir='ltr'><strong>etsollicitudinem</strong></span> <span class='ocrx_word' id='word_1_215' title='bbox 1893 1691 2018 1793; x_wconf 39' lang='lat' dir='ltr'>1‘Nat</span> 
     </span>
    </p>
   </div>
   <div class='ocr_carea' id='block_1_30' title="bbox 2100 1690 3786 1793">
    <p class='ocr_par' dir='ltr' id='par_1_30' title="bbox 2100 1691 3786 1792">
     <span class='ocr_line' id='line_1_30' title="bbox 2100 1691 3786 1792; baseline 0.006 -45"><span class='ocrx_word' id='word_1_216' title='bbox 2100 1691 2279 1792; x_wconf 75' lang='grc' dir='ltr'>,ἀλλά</span> <span class='ocrx_word' id='word_1_217' title='bbox 2307 1696 2392 1751; x_wconf 87' lang='grc' dir='ltr'>καὶ</span> <span class='ocrx_word' id='word_1_218' title='bbox 2427 1693 2651 1772; x_wconf 79' lang='grc' dir='ltr'>σπουδῇ.</span> <span class='ocrx_word' id='word_1_219' title='bbox 2712 1699 2885 1754; x_wconf 72' lang='grc' dir='ltr'>Ταῦτα</span> <span class='ocrx_word' id='word_1_220' title='bbox 2942 1697 3052 1755; x_wconf 86' lang='grc' dir='ltr'>ἐστι</span> <span class='ocrx_word' id='word_1_221' title='bbox 3107 1701 3172 1755; x_wconf 78' lang='grc' dir='ltr'>τα</span> <span class='ocrx_word' id='word_1_222' title='bbox 3227 1698 3386 1760; x_wconf 79' lang='grc' dir='ltr'>καλά.</span> <span class='ocrx_word' id='word_1_223' title='bbox 3463 1703 3559 1774; x_wconf 82' lang='grc' dir='ltr'>Τὸ,</span> <span class='ocrx_word' id='word_1_224' title='bbox 3621 1700 3786 1781; x_wconf 77' lang='grc' dir='ltr'>ἔργων</span> 
     </span>
    </p>
   </div>
   <div class='ocr_carea' id='block_1_31' title="bbox 408 1777 2018 1869">
    <p class='ocr_par' dir='ltr' id='par_1_31' title="bbox 408 1777 2018 1862">
     <span class='ocr_line' id='line_1_31' title="bbox 408 1777 2018 1862; baseline 0 -19"><span class='ocrx_word' id='word_1_225' title='bbox 408 1780 536 1843; x_wconf 68' lang='lat' dir='ltr'><strong>haec</strong></span> <span class='ocrx_word' id='word_1_226' title='bbox 553 1787 690 1842; x_wconf 87' lang='lat' dir='ltr'><strong>sunt</strong></span> <span class='ocrx_word' id='word_1_227' title='bbox 713 1779 887 1842; x_wconf 90' lang='lat' dir='ltr'><strong>bona.</strong></span> <span class='ocrx_word' id='word_1_228' title='bbox 911 1777 984 1844; x_wconf 89' lang='lat' dir='ltr'>Ut</span> <span class='ocrx_word' id='word_1_229' title='bbox 1013 1778 1185 1840; x_wconf 90' lang='lat' dir='ltr'><strong>bonis</strong></span> <span class='ocrx_word' id='word_1_230' title='bbox 1219 1778 1504 1860; x_wconf 86' lang='lat' dir='ltr'>operibus</span> <span class='ocrx_word' id='word_1_231' title='bbox 1529 1782 1788 1862; x_wconf 63' lang='lat' dir='ltr'><strong>praisint.</strong></span> <span class='ocrx_word' id='word_1_232' title='bbox 1829 1808 1854 1837; x_wconf 77' lang='grc' dir='ltr'>ι</span> <span class='ocrx_word' id='word_1_233' title='bbox 1893 1781 2018 1845; x_wconf 91' lang='lat' dir='ltr'><strong>Stul</strong></span> 
     </span>
    </p>
   </div>
   <div class='ocr_carea' id='block_1_32' title="bbox 2100 1777 3782 1869">
    <p class='ocr_par' dir='ltr' id='par_1_32' title="bbox 2100 1777 3782 1869">
     <span class='ocr_line' id='line_1_32' title="bbox 2100 1777 3782 1869; baseline 0.005 -32"><span class='ocrx_word' id='word_1_234' title='bbox 2100 1777 2317 1839; x_wconf 76' lang='grc' dir='ltr'>’καλῶν</span> <span class='ocrx_word' id='word_1_235' title='bbox 2345 1787 2680 1864; x_wconf 81' lang='grc' dir='ltr'>προεστάναι.</span> <span class='ocrx_word' id='word_1_236' title='bbox 2730 1811 2757 1841; x_wconf 81' lang='grc' dir='ltr'>ιι</span> <span class='ocrx_word' id='word_1_237' title='bbox 2805 1788 2992 1867; x_wconf 80' lang='grc' dir='ltr'>Μωράς</span> <span class='ocrx_word' id='word_1_238' title='bbox 3021 1786 3075 1843; x_wconf 77' lang='grc' dir='ltr'>δὲ</span> <span class='ocrx_word' id='word_1_239' title='bbox 3145 1790 3395 1859; x_wconf 77' lang='grc' dir='ltr'>ζητήσεις</span> <span class='ocrx_word' id='word_1_240' title='bbox 3452 1791 3538 1846; x_wconf 83' lang='grc' dir='ltr'>καὶ</span> <span class='ocrx_word' id='word_1_241' title='bbox 3594 1777 3782 1869; x_wconf 77' lang='grc' dir='ltr'>γενεα-</span> 
     </span>
    </p>
   </div>
   <div class='ocr_carea' id='block_1_33' title="bbox 409 1867 2018 1958">
    <p class='ocr_par' dir='ltr' id='par_1_33' title="bbox 409 1869 2018 1958">
     <span class='ocr_line' id='line_1_33' title="bbox 409 1869 2018 1958; baseline -0.001 -25"><span class='ocrx_word' id='word_1_242' title='bbox 409 1880 497 1933; x_wconf 88' lang='lat' dir='ltr'>tas</span> <span class='ocrx_word' id='word_1_243' title='bbox 525 1877 722 1932; x_wconf 88' lang='lat' dir='ltr'><strong>autem</strong></span> <span class='ocrx_word' id='word_1_244' title='bbox 748 1869 1100 1958; x_wconf 67' lang='lat' dir='ltr'><strong>quaastiones</strong></span> <span class='ocrx_word' id='word_1_245' title='bbox 1130 1869 1613 1958; x_wconf 69' lang='lat' dir='ltr'><strong>etgenealogias.</strong></span> <span class='ocrx_word' id='word_1_246' title='bbox 1631 1895 1650 1924; x_wconf 76' lang='grc' dir='ltr'>ι</span> <span class='ocrx_word' id='word_1_247' title='bbox 1672 1871 2018 1951; x_wconf 83' lang='lat' dir='ltr'><strong>Genealogia</strong></span> 
     </span>
    </p>
   </div>
   <div class='ocr_carea' id='block_1_34' title="bbox 2100 1867 3775 1958">
    <p class='ocr_par' dir='ltr' id='par_1_34' title="bbox 2139 1867 3775 1958">
     <span class='ocr_line' id='line_1_34' title="bbox 2139 1867 3775 1958; baseline 0.005 -33"><span class='ocrx_word' id='word_1_248' title='bbox 2139 1869 2342 1950; x_wconf 83' lang='grc' dir='ltr'>λογίας.</span> <span class='ocrx_word' id='word_1_249' title='bbox 2382 1896 2405 1931; x_wconf 76' lang='grc' dir='ltr'>ι)</span> <span class='ocrx_word' id='word_1_250' title='bbox 2467 1876 2563 1954; x_wconf 85' lang='grc' dir='ltr'>Τὸ,</span> <span class='ocrx_word' id='word_1_251' title='bbox 2621 1873 2981 1954; x_wconf 74' lang='grc' dir='ltr'>γενεαλογίας,</span> <span class='ocrx_word' id='word_1_252' title='bbox 3039 1875 3075 1944; x_wconf 76' lang='grc' dir='ltr'><strong>ἢ</strong></span> <span class='ocrx_word' id='word_1_253' title='bbox 3135 1878 3251 1956; x_wconf 87' lang='grc' dir='ltr'>περὶ</span> <span class='ocrx_word' id='word_1_254' title='bbox 3299 1867 3567 1958; x_wconf 63' lang='grc' dir='ltr'>Ἑλλήνων</span> <span class='ocrx_word' id='word_1_255' title='bbox 3598 1867 3775 1958; x_wconf 54' lang='grc' dir='ltr'>φησὶν,</span> 
     </span>
    </p>
   </div>
   <div class='ocr_carea' id='block_1_35' title="bbox 404 1955 2018 2052">
    <p class='ocr_par' dir='ltr' id='par_1_35' title="bbox 404 1955 2018 2052">
     <span class='ocr_line' id='line_1_35' title="bbox 404 1955 2018 2052; baseline 0 -29"><span class='ocrx_word' id='word_1_256' title='bbox 404 1968 505 2052; x_wconf 54' lang='grc' dir='ltr'>δικ]</span> <span class='ocrx_word' id='word_1_257' title='bbox 527 1960 612 2052; x_wconf 74' lang='lat' dir='ltr'>de</span> <span class='ocrx_word' id='word_1_258' title='bbox 637 1958 857 2023; x_wconf 61' lang='lat' dir='ltr'><strong>Graecis</strong></span> <span class='ocrx_word' id='word_1_259' title='bbox 887 1957 1054 2034; x_wconf 88' lang='lat' dir='ltr'><strong>dicit,</strong></span> <span class='ocrx_word' id='word_1_260' title='bbox 1115 1956 1217 2037; x_wconf 90' lang='lat' dir='ltr'><strong>qui</strong></span> <span class='ocrx_word' id='word_1_261' title='bbox 1267 1955 1524 2018; x_wconf 85' lang='lat' dir='ltr'><strong>Deorum</strong></span> <span class='ocrx_word' id='word_1_262' title='bbox 1579 1977 1822 2052; x_wconf 78' lang='lat' dir='ltr'><strong>suorum</strong></span> <span class='ocrx_word' id='word_1_263' title='bbox 1873 1978 2018 2039; x_wconf 78' lang='lat' dir='ltr'><strong>genu</strong></span> 
     </span>
    </p>
   </div>
   <div class='ocr_carea' id='block_1_36' title="bbox 2100 1955 3779 2052">
    <p class='ocr_par' dir='ltr' id='par_1_36' title="bbox 2140 1955 3779 2046">
     <span class='ocr_line' id='line_1_36' title="bbox 2140 1955 3779 2046; baseline 0.004 -30"><span class='ocrx_word' id='word_1_264' title='bbox 2140 1961 2192 2017; x_wconf 77' lang='grc' dir='ltr'>οἳ</span> <span class='ocrx_word' id='word_1_265' title='bbox 2237 1963 2358 2027; x_wconf 86' lang='grc' dir='ltr'>τοὺς</span> <span class='ocrx_word' id='word_1_266' title='bbox 2386 1964 2533 2028; x_wconf 81' lang='grc' dir='ltr'>θεοὺς</span> <span class='ocrx_word' id='word_1_267' title='bbox 2604 1964 2771 2020; x_wconf 78' lang='grc' dir='ltr'>αὐτῶν</span> <span class='ocrx_word' id='word_1_268' title='bbox 2839 1964 3260 2043; x_wconf 78' lang='grc' dir='ltr'>γενεαλογοῦσιν,</span> <span class='ocrx_word' id='word_1_269' title='bbox 3325 1957 3381 2022; x_wconf 62' lang='grc' dir='ltr'>ιΟ</span> <span class='ocrx_word' id='word_1_270' title='bbox 3439 1955 3623 2040; x_wconf 59' lang='grc' dir='ltr'>δεῖνα,</span> <span class='ocrx_word' id='word_1_271' title='bbox 3668 1990 3779 2046; x_wconf 76' lang='grc' dir='ltr'>φη-</span> 
     </span>
    </p>
   </div>
   <div class='ocr_carea' id='block_1_37' title="bbox 403 2043 2018 2133">
    <p class='ocr_par' dir='ltr' id='par_1_37' title="bbox 403 2043 2018 2127">
     <span class='ocr_line' id='line_1_37' title="bbox 403 2043 2018 2127; baseline 0 -16"><span class='ocrx_word' id='word_1_272' title='bbox 403 2043 821 2113; x_wconf 67' lang='grc' dir='ltr'>τῖεὲηεεὺεηι.</span> <span class='ocrx_word' id='word_1_273' title='bbox 847 2045 1031 2127; x_wconf 83' lang='lat' dir='ltr'><strong>Talis,</strong></span> <span class='ocrx_word' id='word_1_274' title='bbox 1055 2045 1354 2126; x_wconf 88' lang='lat' dir='ltr'><strong>inquiunt,</strong></span> <span class='ocrx_word' id='word_1_275' title='bbox 1380 2045 1555 2108; x_wconf 92' lang='lat' dir='ltr'><strong>talem</strong></span> <span class='ocrx_word' id='word_1_276' title='bbox 1579 2044 1808 2126; x_wconf 84' lang='lat' dir='ltr'><strong>genuit.</strong></span> <span class='ocrx_word' id='word_1_277' title='bbox 1841 2048 1962 2110; x_wconf 87' lang='lat' dir='ltr'>Aut</span> <span class='ocrx_word' id='word_1_278' title='bbox 1984 2049 2018 2111; x_wconf 90' lang='lat' dir='ltr'><strong>d</strong></span> 
     </span>
    </p>
   </div>
   <div class='ocr_carea' id='block_1_38' title="bbox 2100 2043 3779 2133">
    <p class='ocr_par' dir='ltr' id='par_1_38' title="bbox 2141 2043 3779 2133">
     <span class='ocr_line' id='line_1_38' title="bbox 2141 2043 3779 2133; baseline 0.002 -27"><span class='ocrx_word' id='word_1_279' title='bbox 2141 2052 2247 2126; x_wconf 83' lang='grc' dir='ltr'>σὶν,</span> <span class='ocrx_word' id='word_1_280' title='bbox 2277 2051 2528 2132; x_wconf 80' lang='grc' dir='ltr'>ἐγέννησε</span> <span class='ocrx_word' id='word_1_281' title='bbox 2583 2052 2752 2115; x_wconf 85' lang='grc' dir='ltr'>τόνδε.</span> <span class='ocrx_word' id='word_1_282' title='bbox 2848 2060 2892 2111; x_wconf 83' lang='grc' dir='ltr'><strong><em>Η</em></strong></span> <span class='ocrx_word' id='word_1_283' title='bbox 2949 2057 3069 2133; x_wconf 86' lang='grc' dir='ltr'>περὶ</span> <span class='ocrx_word' id='word_1_284' title='bbox 3134 2052 3394 2111; x_wconf 80' lang='grc' dir='ltr'>Ἰουδαίων</span> <span class='ocrx_word' id='word_1_285' title='bbox 3451 2061 3556 2111; x_wconf 83' lang='grc' dir='ltr'>τῶν</span> <span class='ocrx_word' id='word_1_286' title='bbox 3613 2043 3779 2132; x_wconf 71' lang='grc' dir='ltr'>μηδὲν</span> 
     </span>
    </p>
   </div>
   <div class='ocr_carea' id='block_1_39' title="bbox 398 2134 2018 2224">
    <p class='ocr_par' dir='ltr' id='par_1_39' title="bbox 398 2134 2018 2220">
     <span class='ocr_line' id='line_1_39' title="bbox 398 2134 2018 2220; baseline -0.001 -19"><span class='ocrx_word' id='word_1_287' title='bbox 398 2137 646 2215; x_wconf 67' lang='lat' dir='ltr'><strong>Iudicis,</strong></span> <span class='ocrx_word' id='word_1_288' title='bbox 672 2137 772 2220; x_wconf 89' lang='lat' dir='ltr'>qui</span> <span class='ocrx_word' id='word_1_289' title='bbox 792 2155 924 2200; x_wconf 89' lang='lat' dir='ltr'>cum</span> <span class='ocrx_word' id='word_1_290' title='bbox 949 2135 1098 2198; x_wconf 89' lang='lat' dir='ltr'><strong>nihil</strong></span> <span class='ocrx_word' id='word_1_291' title='bbox 1117 2134 1258 2196; x_wconf 88' lang='lat' dir='ltr'><strong>boni</strong></span> <span class='ocrx_word' id='word_1_292' title='bbox 1287 2144 1702 2216; x_wconf 84' lang='lat' dir='ltr'><strong>operarentur,</strong></span> <span class='ocrx_word' id='word_1_293' title='bbox 1736 2137 1808 2198; x_wconf 90' lang='lat' dir='ltr'>ad</span> <span class='ocrx_word' id='word_1_294' title='bbox 1841 2156 2018 2217; x_wconf 80' lang='lat' dir='ltr'><strong>gener</strong></span> 
     </span>
    </p>
   </div>
   <div class='ocr_carea' id='block_1_40' title="bbox 2100 2134 3774 2224">
    <p class='ocr_par' dir='ltr' id='par_1_40' title="bbox 2141 2140 3774 2224">
     <span class='ocr_line' id='line_1_40' title="bbox 2141 2140 3774 2224; baseline 0.002 -29"><span class='ocrx_word' id='word_1_295' title='bbox 2141 2140 2240 2216; x_wconf 85' lang='grc' dir='ltr'>μὲν</span> <span class='ocrx_word' id='word_1_296' title='bbox 2269 2143 2678 2221; x_wconf 82' lang='grc' dir='ltr'>κατορθούντων,</span> <span class='ocrx_word' id='word_1_297' title='bbox 2727 2142 2812 2200; x_wconf 85' lang='grc' dir='ltr'>ἐπὶ</span> <span class='ocrx_word' id='word_1_298' title='bbox 2880 2144 2946 2198; x_wconf 78' lang='grc' dir='ltr'>τὰ</span> <span class='ocrx_word' id='word_1_299' title='bbox 2993 2142 3124 2221; x_wconf 85' lang='grc' dir='ltr'>γένη</span> <span class='ocrx_word' id='word_1_300' title='bbox 3195 2141 3250 2198; x_wconf 76' lang='grc' dir='ltr'>δὲ</span> <span class='ocrx_word' id='word_1_301' title='bbox 3319 2144 3774 2224; x_wconf 72' lang='grc' dir='ltr'>καταφευγόντων,</span> 
     </span>
    </p>
   </div>
   <div class='ocr_carea' id='block_1_41' title="bbox 404 2223 2018 2312">
    <p class='ocr_par' dir='ltr' id='par_1_41' title="bbox 404 2224 2018 2310">
     <span class='ocr_line' id='line_1_41' title="bbox 404 2224 2018 2310; baseline -0.002 -18"><span class='ocrx_word' id='word_1_302' title='bbox 404 2228 845 2310; x_wconf 81' lang='lat' dir='ltr'><strong>confugiebant,</strong></span> <span class='ocrx_word' id='word_1_303' title='bbox 867 2234 928 2289; x_wconf 91' lang='lat' dir='ltr'>et</span> <span class='ocrx_word' id='word_1_304' title='bbox 946 2225 1019 2288; x_wconf 91' lang='lat' dir='ltr'>ab</span> <span class='ocrx_word' id='word_1_305' title='bbox 1037 2225 1130 2287; x_wconf 89' lang='lat' dir='ltr'>bis</span> <span class='ocrx_word' id='word_1_306' title='bbox 1149 2225 1362 2287; x_wconf 85' lang='lat' dir='ltr'>cristas</span> <span class='ocrx_word' id='word_1_307' title='bbox 1381 2224 1707 2304; x_wconf 85' lang='lat' dir='ltr'><strong>erigebant.</strong></span> <span class='ocrx_word' id='word_1_308' title='bbox 1731 2225 2018 2290; x_wconf 86' lang='lat' dir='ltr'><strong>Abraham</strong></span> 
     </span>
    </p>
   </div>
   <div class='ocr_carea' id='block_1_42' title="bbox 2100 2223 3772 2312">
    <p class='ocr_par' dir='ltr' id='par_1_42' title="bbox 2139 2223 3772 2312">
     <span class='ocr_line' id='line_1_42' title="bbox 2139 2223 3772 2312; baseline 0.002 -28"><span class='ocrx_word' id='word_1_309' title='bbox 2139 2230 2227 2285; x_wconf 87' lang='grc' dir='ltr'>καὶ</span> <span class='ocrx_word' id='word_1_310' title='bbox 2269 2229 2320 2296; x_wconf 81' lang='grc' dir='ltr'>ἐξ</span> <span class='ocrx_word' id='word_1_311' title='bbox 2375 2233 2542 2287; x_wconf 81' lang='grc' dir='ltr'>αὐτῶν</span> <span class='ocrx_word' id='word_1_312' title='bbox 2585 2229 2723 2309; x_wconf 88' lang='grc' dir='ltr'>μέγα</span> <span class='ocrx_word' id='word_1_313' title='bbox 2777 2232 3124 2312; x_wconf 75' lang='grc' dir='ltr'>φρονούντων,</span> <span class='ocrx_word' id='word_1_314' title='bbox 3187 2223 3244 2290; x_wconf 67' lang='grc' dir='ltr'>Ὀ</span> <span class='ocrx_word' id='word_1_315' title='bbox 3301 2228 3561 2310; x_wconf 80' lang='grc' dir='ltr'>Ἀϐραὰμ,</span> <span class='ocrx_word' id='word_1_316' title='bbox 3622 2235 3772 2311; x_wconf 77' lang='grc' dir='ltr'>φησὶ,</span> 
     </span>
    </p>
   </div>
   <div class='ocr_carea' id='block_1_43' title="bbox 403 2313 2018 2400">
    <p class='ocr_par' dir='ltr' id='par_1_43' title="bbox 403 2313 2018 2400">
     <span class='ocr_line' id='line_1_43' title="bbox 403 2313 2018 2400; baseline -0.002 -19"><span class='ocrx_word' id='word_1_317' title='bbox 403 2318 702 2400; x_wconf 88' lang='lat' dir='ltr'><strong>inquiunt,</strong></span> <span class='ocrx_word' id='word_1_318' title='bbox 722 2318 882 2381; x_wconf 89' lang='lat' dir='ltr'><strong>Isaac</strong></span> <span class='ocrx_word' id='word_1_319' title='bbox 922 2323 980 2378; x_wconf 89' lang='lat' dir='ltr'>et</span> <span class='ocrx_word' id='word_1_320' title='bbox 1007 2313 1190 2379; x_wconf 80' lang='lat' dir='ltr'><strong>Iacob</strong></span> <span class='ocrx_word' id='word_1_321' title='bbox 1223 2314 1632 2394; x_wconf 85' lang='lat' dir='ltr'><strong>progenitores</strong></span> <span class='ocrx_word' id='word_1_322' title='bbox 1675 2315 1859 2377; x_wconf 89' lang='lat' dir='ltr'><strong>nostri</strong></span> <span class='ocrx_word' id='word_1_323' title='bbox 1889 2325 2018 2378; x_wconf 89' lang='lat' dir='ltr'><strong>sunt</strong></span> 
     </span>
    </p>
   </div>
   <div class='ocr_carea' id='block_1_44' title="bbox 2100 2313 3768 2400">
    <p class='ocr_par' dir='ltr' id='par_1_44' title="bbox 2137 2315 3768 2400">
     <span class='ocr_line' id='line_1_44' title="bbox 2137 2315 3768 2400; baseline 0.002 -28"><span class='ocrx_word' id='word_1_324' title='bbox 2137 2318 2225 2374; x_wconf 90' lang='grc' dir='ltr'>καὶ</span> <span class='ocrx_word' id='word_1_325' title='bbox 2258 2315 2435 2376; x_wconf 78' lang='grc' dir='ltr'>ἰσαὰϐ</span> <span class='ocrx_word' id='word_1_326' title='bbox 2459 2320 2546 2375; x_wconf 89' lang='grc' dir='ltr'>καὶ</span> <span class='ocrx_word' id='word_1_327' title='bbox 2595 2321 2622 2374; x_wconf 86' lang='grc' dir='ltr'>ὁ</span> <span class='ocrx_word' id='word_1_328' title='bbox 2673 2316 2885 2400; x_wconf 81' lang='grc' dir='ltr'>Ἰακὼϐ,</span> <span class='ocrx_word' id='word_1_329' title='bbox 2941 2341 3187 2399; x_wconf 87' lang='grc' dir='ltr'>προγονοι</span> <span class='ocrx_word' id='word_1_330' title='bbox 3239 2321 3413 2388; x_wconf 78' lang='grc' dir='ltr'>ἡπῶν.</span> <span class='ocrx_word' id='word_1_331' title='bbox 3476 2322 3664 2400; x_wconf 79' lang='grc' dir='ltr'>Μωρὰς</span> <span class='ocrx_word' id='word_1_332' title='bbox 3692 2319 3768 2395; x_wconf 77' lang='grc' dir='ltr'>δὲ,</span> 
     </span>
    </p>
   </div>
   <div class='ocr_carea' id='block_1_45' title="bbox 398 2401 2018 2489">
    <p class='ocr_par' dir='ltr' id='par_1_45' title="bbox 398 2401 2018 2482">
     <span class='ocr_line' id='line_1_45' title="bbox 398 2401 2018 2482; baseline -0.002 -11"><span class='ocrx_word' id='word_1_333' title='bbox 398 2407 619 2472; x_wconf 90' lang='lat' dir='ltr'><strong>Stultas</strong></span> <span class='ocrx_word' id='word_1_334' title='bbox 648 2423 809 2482; x_wconf 83' lang='lat' dir='ltr'><strong>vero,</strong></span> <span class='ocrx_word' id='word_1_335' title='bbox 835 2405 949 2467; x_wconf 86' lang='lat' dir='ltr'>hoc</span> <span class='ocrx_word' id='word_1_336' title='bbox 972 2411 1081 2478; x_wconf 88' lang='lat' dir='ltr'><strong>est,</strong></span> <span class='ocrx_word' id='word_1_337' title='bbox 1110 2401 1331 2464; x_wconf 91' lang='lat' dir='ltr'><strong>nullam</strong></span> <span class='ocrx_word' id='word_1_338' title='bbox 1364 2403 1682 2465; x_wconf 73' lang='lat' dir='ltr'><strong>afferentes</strong></span> <span class='ocrx_word' id='word_1_339' title='bbox 1713 2403 2018 2468; x_wconf 84' lang='lat' dir='ltr'><strong>utilitatem</strong></span> 
     </span>
    </p>
   </div>
   <div class='ocr_carea' id='block_1_46' title="bbox 2100 2401 3770 2489">
    <p class='ocr_par' dir='ltr' id='par_1_46' title="bbox 2135 2405 3770 2489">
     <span class='ocr_line' id='line_1_46' title="bbox 2135 2405 3770 2489; baseline 0.002 -28"><span class='ocrx_word' id='word_1_340' title='bbox 2135 2405 2230 2470; x_wconf 80' lang='grc' dir='ltr'>τὰς</span> <span class='ocrx_word' id='word_1_341' title='bbox 2259 2410 2376 2463; x_wconf 85' lang='grc' dir='ltr'>οἷον</span> <span class='ocrx_word' id='word_1_342' title='bbox 2417 2405 2735 2488; x_wconf 77' lang='grc' dir='ltr'>ἀνωφελεῖς.</span> <span class='ocrx_word' id='word_1_343' title='bbox 2793 2409 2852 2464; x_wconf 86' lang='grc' dir='ltr'>Τὶ</span> <span class='ocrx_word' id='word_1_344' title='bbox 2919 2409 3018 2488; x_wconf 79' lang='grc' dir='ltr'>γὰρ</span> <span class='ocrx_word' id='word_1_345' title='bbox 3069 2407 3256 2489; x_wconf 77' lang='grc' dir='ltr'>ὄφελος</span> <span class='ocrx_word' id='word_1_346' title='bbox 3314 2414 3392 2482; x_wconf 82' lang='grc' dir='ltr'>τῷ</span> <span class='ocrx_word' id='word_1_347' title='bbox 3421 2408 3770 2488; x_wconf 82' lang='grc' dir='ltr'>ἁμαρτάνοντι</span> 
     </span>
    </p>
   </div>
   <div class='ocr_carea' id='block_1_47' title="bbox 398 2490 2018 2578">
    <p class='ocr_par' dir='ltr' id='par_1_47' title="bbox 398 2490 2018 2576">
     <span class='ocr_line' id='line_1_47' title="bbox 398 2490 2018 2576; baseline -0.002 -17"><span class='ocrx_word' id='word_1_348' title='bbox 398 2495 539 2571; x_wconf 57' lang='lat' dir='ltr'><strong>Quae</strong></span> <span class='ocrx_word' id='word_1_349' title='bbox 562 2495 722 2559; x_wconf 90' lang='lat' dir='ltr'><strong>enim</strong></span> <span class='ocrx_word' id='word_1_350' title='bbox 755 2493 1052 2576; x_wconf 87' lang='lat' dir='ltr'><strong>peccatori</strong></span> <span class='ocrx_word' id='word_1_351' title='bbox 1073 2491 1292 2553; x_wconf 85' lang='lat' dir='ltr'><strong>utilitas</strong></span> <span class='ocrx_word' id='word_1_352' title='bbox 1307 2491 1356 2552; x_wconf 91' lang='lat' dir='ltr'>si</span> <span class='ocrx_word' id='word_1_353' title='bbox 1375 2490 1606 2554; x_wconf 88' lang='lat' dir='ltr'><strong>Patrem</strong></span> <span class='ocrx_word' id='word_1_354' title='bbox 1632 2491 1843 2554; x_wconf 88' lang='lat' dir='ltr'><strong>habeat</strong></span> <span class='ocrx_word' id='word_1_355' title='bbox 1860 2493 2018 2556; x_wconf 83' lang='lat' dir='ltr'><strong>Abra</strong></span> 
     </span>
    </p>
   </div>
   <div class='ocr_carea' id='block_1_48' title="bbox 2100 2490 3771 2578">
    <p class='ocr_par' dir='ltr' id='par_1_48' title="bbox 2134 2493 3771 2578">
     <span class='ocr_line' id='line_1_48' title="bbox 2134 2493 3771 2578; baseline 0.002 -29"><span class='ocrx_word' id='word_1_356' title='bbox 2134 2493 2281 2574; x_wconf 79' lang='grc' dir='ltr'>ἔχειν</span> <span class='ocrx_word' id='word_1_357' title='bbox 2325 2495 2523 2573; x_wconf 75' lang='grc' dir='ltr'>πατέρα</span> <span class='ocrx_word' id='word_1_358' title='bbox 2577 2497 2665 2552; x_wconf 79' lang='grc' dir='ltr'>τὸν</span> <span class='ocrx_word' id='word_1_359' title='bbox 2709 2493 2998 2578; x_wconf 64' lang='grc' dir='ltr'>’Δϐραάμς</span> <span class='ocrx_word' id='word_1_360' title='bbox 3072 2494 3251 2564; x_wconf 83' lang='grc' dir='ltr'>Βλάϐη</span> <span class='ocrx_word' id='word_1_361' title='bbox 3281 2496 3378 2571; x_wconf 83' lang='grc' dir='ltr'>μέν</span> <span class='ocrx_word' id='word_1_362' title='bbox 3437 2519 3539 2570; x_wconf 89' lang='grc' dir='ltr'>τοι,</span> <span class='ocrx_word' id='word_1_363' title='bbox 3575 2495 3656 2553; x_wconf 82' lang='grc' dir='ltr'>ὅτι</span> <span class='ocrx_word' id='word_1_364' title='bbox 3711 2497 3771 2554; x_wconf 89' lang='grc' dir='ltr'>ἐκ</span> 
     </span>
    </p>
   </div>
   <div class='ocr_carea' id='block_1_49' title="bbox 397 2580 2018 2667">
    <p class='ocr_par' dir='ltr' id='par_1_49' title="bbox 397 2580 2018 2664">
     <span class='ocr_line' id='line_1_49' title="bbox 397 2580 2018 2664; baseline -0.002 -15"><span class='ocrx_word' id='word_1_365' title='bbox 397 2587 536 2649; x_wconf 90' lang='lat' dir='ltr'>ham</span> <span class='ocrx_word' id='word_1_366' title='bbox 559 2585 591 2644; x_wconf 77' lang='lat' dir='ltr'>‘I</span> <span class='ocrx_word' id='word_1_367' title='bbox 611 2585 731 2646; x_wconf 91' lang='lat' dir='ltr'>imo</span> <span class='ocrx_word' id='word_1_368' title='bbox 753 2584 948 2664; x_wconf 87' lang='lat' dir='ltr'><strong>potius</strong></span> <span class='ocrx_word' id='word_1_369' title='bbox 969 2582 1248 2642; x_wconf 88' lang='lat' dir='ltr'><strong>damnum</strong></span> <span class='ocrx_word' id='word_1_370' title='bbox 1280 2581 1524 2656; x_wconf 82' lang='lat' dir='ltr'><strong>referet,</strong></span> <span class='ocrx_word' id='word_1_371' title='bbox 1559 2580 1609 2642; x_wconf 93' lang='lat' dir='ltr'><strong>si</strong></span> <span class='ocrx_word' id='word_1_372' title='bbox 1638 2599 1708 2642; x_wconf 84' lang='lat' dir='ltr'>ex</span> <span class='ocrx_word' id='word_1_373' title='bbox 1733 2582 1826 2644; x_wconf 84' lang='lat' dir='ltr'>his</span> <span class='ocrx_word' id='word_1_374' title='bbox 1843 2583 2018 2664; x_wconf 10' lang='lat' dir='ltr'><strong>profer</strong></span> 
     </span>
    </p>
   </div>
   <div class='ocr_carea' id='block_1_50' title="bbox 2100 2580 3764 2667">
    <p class='ocr_par' dir='ltr' id='par_1_50' title="bbox 2131 2584 3764 2667">
     <span class='ocr_line' id='line_1_50' title="bbox 2131 2584 3764 2667; baseline 0.001 -27"><span class='ocrx_word' id='word_1_375' title='bbox 2131 2585 2330 2640; x_wconf 83' lang='grc' dir='ltr'>τούτων</span> <span class='ocrx_word' id='word_1_376' title='bbox 2399 2585 2720 2663; x_wconf 74' lang='grc' dir='ltr'>ὁρμώμενοι,</span> <span class='ocrx_word' id='word_1_377' title='bbox 2793 2584 3033 2661; x_wconf 84' lang='grc' dir='ltr'>ἀδόκιμοι</span> <span class='ocrx_word' id='word_1_378' title='bbox 3076 2585 3346 2666; x_wconf 89' lang='grc' dir='ltr'>γεγόνασι,</span> <span class='ocrx_word' id='word_1_379' title='bbox 3441 2586 3764 2667; x_wconf 85' lang='grc' dir='ltr'>Περιίστασο,</span> 
     </span>
    </p>
   </div>
   <div class='ocr_carea' id='block_1_51' title="bbox 393 2669 2018 2756">
    <p class='ocr_par' dir='ltr' id='par_1_51' title="bbox 393 2669 2018 2756">
     <span class='ocr_line' id='line_1_51' title="bbox 393 2669 2018 2756; baseline -0.002 -19"><span class='ocrx_word' id='word_1_380' title='bbox 393 2673 497 2752; x_wconf 88' lang='lat' dir='ltr'><strong>cti,</strong></span> <span class='ocrx_word' id='word_1_381' title='bbox 531 2672 775 2756; x_wconf 86' lang='lat' dir='ltr'><strong>reprobi</strong></span> <span class='ocrx_word' id='word_1_382' title='bbox 833 2670 971 2732; x_wconf 79' lang='lat' dir='ltr'><strong>facti</strong></span> <span class='ocrx_word' id='word_1_383' title='bbox 1025 2675 1184 2730; x_wconf 85' lang='lat' dir='ltr'><strong>sunt.</strong></span> <span class='ocrx_word' id='word_1_384' title='bbox 1247 2673 1578 2750; x_wconf 87' lang='grc' dir='ltr'>Περιίστατο,</span> <span class='ocrx_word' id='word_1_385' title='bbox 1629 2669 1690 2732; x_wconf 90' lang='lat' dir='ltr'>id</span> <span class='ocrx_word' id='word_1_386' title='bbox 1723 2680 1832 2748; x_wconf 89' lang='lat' dir='ltr'><strong>est,</strong></span> <span class='ocrx_word' id='word_1_387' title='bbox 1885 2671 2018 2753; x_wconf 78' lang='lat' dir='ltr'><strong>fuge</strong></span> 
     </span>
    </p>
   </div>
   <div class='ocr_carea' id='block_1_52' title="bbox 2100 2669 3765 2756">
    <p class='ocr_par' dir='ltr' id='par_1_52' title="bbox 2131 2673 3765 2755">
     <span class='ocr_line' id='line_1_52' title="bbox 2131 2673 3765 2755; baseline 0.001 -26"><span class='ocrx_word' id='word_1_388' title='bbox 2131 2676 2272 2748; x_wconf 85' lang='grc' dir='ltr'>οἷον,</span> <span class='ocrx_word' id='word_1_389' title='bbox 2321 2679 2599 2753; x_wconf 86' lang='grc' dir='ltr'>παραιτοῦ.</span> <span class='ocrx_word' id='word_1_390' title='bbox 2673 2675 2793 2738; x_wconf 84' lang='grc' dir='ltr'>Πῶς</span> <span class='ocrx_word' id='word_1_391' title='bbox 2851 2674 2938 2731; x_wconf 80' lang='grc' dir='ltr'>οὖν</span> <span class='ocrx_word' id='word_1_392' title='bbox 2996 2675 3137 2749; x_wconf 75' lang='grc' dir='ltr'>αὒτῷ</span> <span class='ocrx_word' id='word_1_393' title='bbox 3220 2673 3464 2755; x_wconf 86' lang='grc' dir='ltr'>ἀλλαχοῦ</span> <span class='ocrx_word' id='word_1_394' title='bbox 3533 2673 3765 2738; x_wconf 86' lang='grc' dir='ltr'>κελεύεις</span> 
     </span>
    </p>
   </div>
   <div class='ocr_carea' id='block_1_53' title="bbox 395 2756 2018 2840">
    <p class='ocr_par' dir='ltr' id='par_1_53' title="bbox 395 2756 2018 2839">
     <span class='ocr_line' id='line_1_53' title="bbox 395 2756 2018 2839; baseline -0.001 -13"><span class='ocrx_word' id='word_1_395' title='bbox 395 2773 623 2827; x_wconf 85' lang='lat' dir='ltr'><strong>caveto.</strong></span> <span class='ocrx_word' id='word_1_396' title='bbox 676 2758 984 2835; x_wconf 90' lang='lat' dir='ltr'><strong>Quomodo</strong></span> <span class='ocrx_word' id='word_1_397' title='bbox 1016 2776 1154 2839; x_wconf 79' lang='lat' dir='ltr'><strong>ergo</strong></span> <span class='ocrx_word' id='word_1_398' title='bbox 1184 2756 1325 2819; x_wconf 53' lang='lat' dir='ltr'><strong>alibi</strong></span> <span class='ocrx_word' id='word_1_399' title='bbox 1357 2757 1624 2839; x_wconf 65' lang='lat' dir='ltr'><strong>praecipit</strong></span> <span class='ocrx_word' id='word_1_400' title='bbox 1652 2767 1715 2820; x_wconf 93' lang='lat' dir='ltr'>ut</span> <span class='ocrx_word' id='word_1_401' title='bbox 1741 2761 2018 2824; x_wconf 83' lang='lat' dir='ltr'><strong>contradi</strong></span> 
     </span>
    </p>
   </div>
   <div class='ocr_carea' id='block_1_54' title="bbox 2100 2756 3764 2840">
    <p class='ocr_par' dir='ltr' id='par_1_54' title="bbox 2126 2760 3764 2840">
     <span class='ocr_line' id='line_1_54' title="bbox 2126 2760 3764 2840; baseline 0.001 -23"><span class='ocrx_word' id='word_1_402' title='bbox 2126 2762 2248 2826; x_wconf 84' lang='grc' dir='ltr'>τοὺς</span> <span class='ocrx_word' id='word_1_403' title='bbox 2306 2760 2674 2840; x_wconf 84' lang='grc' dir='ltr'>ἀντιλέγοντας</span> <span class='ocrx_word' id='word_1_404' title='bbox 2753 2761 3126 2840; x_wconf 78' lang='grc' dir='ltr'>ἐπιστομίζειν,</span> <span class='ocrx_word' id='word_1_405' title='bbox 3213 2764 3256 2818; x_wconf 77' lang='grc' dir='ltr'>εἰ</span> <span class='ocrx_word' id='word_1_406' title='bbox 3312 2761 3452 2827; x_wconf 82' lang='grc' dir='ltr'>ὅλως</span> <span class='ocrx_word' id='word_1_407' title='bbox 3500 2762 3764 2820; x_wconf 78' lang='grc' dir='ltr'>ὑποστέλ-</span> 
     </span>
    </p>
   </div>
   <div class='ocr_carea' id='block_1_55' title="bbox 394 2845 2018 2932">
    <p class='ocr_par' dir='ltr' id='par_1_55' title="bbox 394 2845 2018 2930">
     <span class='ocr_line' id='line_1_55' title="bbox 394 2845 2018 2930; baseline -0.001 -16"><span class='ocrx_word' id='word_1_408' title='bbox 394 2849 668 2915; x_wconf 87' lang='lat' dir='ltr'><strong>centibus</strong></span> <span class='ocrx_word' id='word_1_409' title='bbox 697 2847 936 2911; x_wconf 89' lang='lat' dir='ltr'><strong>obturet</strong></span> <span class='ocrx_word' id='word_1_410' title='bbox 965 2865 1091 2925; x_wconf 85' lang='lat' dir='ltr'><strong>ora,</strong></span> <span class='ocrx_word' id='word_1_411' title='bbox 1124 2845 1175 2907; x_wconf 90' lang='lat' dir='ltr'><strong>si</strong></span> <span class='ocrx_word' id='word_1_412' title='bbox 1201 2846 1444 2908; x_wconf 91' lang='lat' dir='ltr'><strong>omnino</strong></span> <span class='ocrx_word' id='word_1_413' title='bbox 1469 2845 1716 2909; x_wconf 89' lang='lat' dir='ltr'><strong>credere</strong></span> <span class='ocrx_word' id='word_1_414' title='bbox 1737 2857 1966 2930; x_wconf 80' lang='lat' dir='ltr'><strong>oportet</strong></span> <span class='ocrx_word' id='word_1_415' title='bbox 1989 2869 2018 2914; x_wconf 92' lang='lat' dir='ltr'>e</span> 
     </span>
    </p>
   </div>
   <div class='ocr_carea' id='block_1_56' title="bbox 2100 2845 3760 2932">
    <p class='ocr_par' dir='ltr' id='par_1_56' title="bbox 2127 2848 3760 2932">
     <span class='ocr_line' id='line_1_56' title="bbox 2127 2848 3760 2932; baseline 0.002 -26"><span class='ocrx_word' id='word_1_416' title='bbox 2127 2848 2306 2908; x_wconf 90' lang='grc' dir='ltr'>λεσθαι</span> <span class='ocrx_word' id='word_1_417' title='bbox 2371 2852 2541 2909; x_wconf 77' lang='grc' dir='ltr'>αὒτῶν</span> <span class='ocrx_word' id='word_1_418' title='bbox 2609 2851 2722 2932; x_wconf 78' lang='grc' dir='ltr'>χρὴ</span> <span class='ocrx_word' id='word_1_419' title='bbox 2764 2853 2852 2908; x_wconf 85' lang='grc' dir='ltr'>καὶ</span> <span class='ocrx_word' id='word_1_420' title='bbox 2907 2854 3318 2932; x_wconf 69' lang='grc' dir='ltr'>παραιτεῖσθαι,</span> <span class='ocrx_word' id='word_1_421' title='bbox 3389 2854 3477 2908; x_wconf 89' lang='grc' dir='ltr'>καί</span> <span class='ocrx_word' id='word_1_422' title='bbox 3543 2874 3711 2932; x_wconf 76' lang='grc' dir='ltr'>φαμεν</span> <span class='ocrx_word' id='word_1_423' title='bbox 3746 2868 3760 2883; x_wconf 89' lang='grc'>⁶</span> 
     </span>
    </p>
   </div>
   <div class='ocr_carea' id='block_1_57' title="bbox 391 2933 2018 3022">
    <p class='ocr_par' dir='ltr' id='par_1_57' title="bbox 391 2933 2008 3018">
     <span class='ocr_line' id='line_1_57' title="bbox 391 2933 2008 3018; baseline -0.001 -15"><span class='ocrx_word' id='word_1_424' title='bbox 391 2941 665 3003; x_wconf 89' lang='lat' dir='ltr'><strong>omittere</strong></span> <span class='ocrx_word' id='word_1_425' title='bbox 688 2937 719 2998; x_wconf 68' lang='grc' dir='ltr'><strong><em>Ἰ</em></strong></span> <span class='ocrx_word' id='word_1_426' title='bbox 746 2939 888 3000; x_wconf 70' lang='grc'>299</span> <span class='ocrx_word' id='word_1_427' title='bbox 908 2934 978 2999; x_wconf 92' lang='grc' dir='ltr'>Ει</span> <span class='ocrx_word' id='word_1_428' title='bbox 1005 2933 1262 2996; x_wconf 89' lang='lat' dir='ltr'><strong>dicimus</strong></span> <span class='ocrx_word' id='word_1_429' title='bbox 1295 2934 1502 3008; x_wconf 87' lang='lat' dir='ltr'><strong>:Quod</strong></span> <span class='ocrx_word' id='word_1_430' title='bbox 1539 2935 1631 2996; x_wconf 93' lang='lat' dir='ltr'>his</span> <span class='ocrx_word' id='word_1_431' title='bbox 1667 2936 1767 3018; x_wconf 90' lang='lat' dir='ltr'>qui</span> <span class='ocrx_word' id='word_1_432' title='bbox 1789 2938 1860 2998; x_wconf 93' lang='lat' dir='ltr'>ad</span> <span class='ocrx_word' id='word_1_433' title='bbox 1893 2939 2008 3002; x_wconf 90' lang='lat' dir='ltr'><strong>alio</strong></span> 
     </span>
    </p>
   </div>
   <div class='ocr_carea' id='block_1_58' title="bbox 2100 2933 3758 3022">
    <p class='ocr_par' dir='ltr' id='par_1_58' title="bbox 2128 2938 3758 3022">
     <span class='ocr_line' id='line_1_58' title="bbox 2128 2938 3758 3022; baseline -0.001 -24"><span class='ocrx_word' id='word_1_434' title='bbox 2128 2941 2258 3004; x_wconf 81' lang='grc' dir='ltr'>Τοὺς</span> <span class='ocrx_word' id='word_1_435' title='bbox 2289 2940 2372 2997; x_wconf 83' lang='grc' dir='ltr'>ἐπὶ</span> <span class='ocrx_word' id='word_1_436' title='bbox 2428 2938 2570 3017; x_wconf 77' lang='grc' dir='ltr'>λύμῃ</span> <span class='ocrx_word' id='word_1_437' title='bbox 2618 2947 2776 2998; x_wconf 82' lang='grc' dir='ltr'>τινῶν</span> <span class='ocrx_word' id='word_1_438' title='bbox 2817 2938 3171 3014; x_wconf 79' lang='grc' dir='ltr'>διδάσκοντας,</span> <span class='ocrx_word' id='word_1_439' title='bbox 3233 2939 3586 3016; x_wconf 69' lang='grc' dir='ltr'>ἐπιστομίζειν</span> <span class='ocrx_word' id='word_1_440' title='bbox 3627 2942 3758 3022; x_wconf 77' lang='grc' dir='ltr'>χρὴ,</span> 
     </span>
    </p>
   </div>
   <div class='ocr_carea' id='block_1_59' title="bbox 389 3023 2018 3110">
    <p class='ocr_par' dir='ltr' id='par_1_59' title="bbox 389 3023 1987 3108">
     <span class='ocr_line' id='line_1_59' title="bbox 389 3023 1987 3108; baseline -0.001 -16"><span class='ocrx_word' id='word_1_441' title='bbox 389 3047 523 3093; x_wconf 87' lang='lat' dir='ltr'>rum</span> <span class='ocrx_word' id='word_1_442' title='bbox 557 3028 775 3090; x_wconf 89' lang='lat' dir='ltr'><strong>docent</strong></span> <span class='ocrx_word' id='word_1_443' title='bbox 808 3023 1226 3108; x_wconf 86' lang='lat' dir='ltr'><strong>perditionem,</strong></span> <span class='ocrx_word' id='word_1_444' title='bbox 1281 3032 1516 3106; x_wconf 87' lang='lat' dir='ltr'><strong>oportet</strong></span> <span class='ocrx_word' id='word_1_445' title='bbox 1573 3042 1678 3089; x_wconf 90' lang='lat' dir='ltr'>ora</span> <span class='ocrx_word' id='word_1_446' title='bbox 1714 3024 1987 3091; x_wconf 87' lang='lat' dir='ltr'><strong>obturare</strong></span> 
     </span>
    </p>
   </div>
   <div class='ocr_carea' id='block_1_60' title="bbox 2100 3023 3762 3110">
    <p class='ocr_par' dir='ltr' id='par_1_60' title="bbox 2125 3026 3762 3110">
     <span class='ocr_line' id='line_1_60' title="bbox 2125 3026 3762 3110; baseline 0.001 -26"><span class='ocrx_word' id='word_1_447' title='bbox 2125 3028 2250 3085; x_wconf 73' lang='grc' dir='ltr'>ὅταν</span> <span class='ocrx_word' id='word_1_448' title='bbox 2278 3026 2334 3084; x_wconf 76' lang='grc' dir='ltr'>δὲ</span> <span class='ocrx_word' id='word_1_449' title='bbox 2375 3031 2503 3109; x_wconf 84' lang='grc' dir='ltr'>πρὸς</span> <span class='ocrx_word' id='word_1_450' title='bbox 2589 3030 2648 3086; x_wconf 79' lang='grc' dir='ltr'>σὲ</span> <span class='ocrx_word' id='word_1_451' title='bbox 2703 3030 2984 3109; x_wconf 79' lang='grc' dir='ltr'>μάχωνται</span> <span class='ocrx_word' id='word_1_452' title='bbox 3041 3028 3099 3086; x_wconf 74' lang='grc' dir='ltr'>οὒ</span> <span class='ocrx_word' id='word_1_453' title='bbox 3155 3030 3270 3109; x_wconf 87' lang='grc' dir='ltr'>περὶ</span> <span class='ocrx_word' id='word_1_454' title='bbox 3323 3027 3622 3110; x_wconf 72' lang='grc' dir='ltr'>δογμάτων,</span> <span class='ocrx_word' id='word_1_455' title='bbox 3669 3052 3762 3086; x_wconf 89' lang='grc' dir='ltr'>πε-</span> 
     </span>
    </p>
   </div>
   <div class='ocr_carea' id='block_1_61' title="bbox 387 3101 2018 3199">
    <p class='ocr_par' dir='ltr' id='par_1_61' title="bbox 387 3101 2018 3195">
     <span class='ocr_line' id='line_1_61' title="bbox 387 3101 2018 3195; baseline -0.002 -14"><span class='ocrx_word' id='word_1_456' title='bbox 387 3137 522 3182; x_wconf 89' lang='lat' dir='ltr'>cum</span> <span class='ocrx_word' id='word_1_457' title='bbox 553 3126 751 3180; x_wconf 91' lang='lat' dir='ltr'><strong>autem</strong></span> <span class='ocrx_word' id='word_1_458' title='bbox 781 3101 1092 3178; x_wconf 70' lang='lat' dir='ltr'><strong>adversum</strong></span> <span class='ocrx_word' id='word_1_459' title='bbox 1125 3120 1182 3175; x_wconf 87' lang='lat' dir='ltr'>te</span> <span class='ocrx_word' id='word_1_460' title='bbox 1212 3101 1631 3176; x_wconf 72' lang='lat' dir='ltr'><strong>contenderim</strong></span> <span class='ocrx_word' id='word_1_461' title='bbox 1650 3132 1767 3176; x_wconf 90' lang='lat' dir='ltr'>non</span> <span class='ocrx_word' id='word_1_462' title='bbox 1789 3115 1864 3178; x_wconf 93' lang='lat' dir='ltr'>de</span> <span class='ocrx_word' id='word_1_463' title='bbox 1885 3116 2018 3195; x_wconf 85' lang='lat' dir='ltr'><strong>dog-</strong></span> 
     </span>
    </p>
   </div>
   <div class='ocr_carea' id='block_1_62' title="bbox 2100 3101 3759 3199">
    <p class='ocr_par' dir='ltr' id='par_1_62' title="bbox 2120 3101 3759 3199">
     <span class='ocr_line' id='line_1_62' title="bbox 2120 3101 3759 3199; baseline 0.001 -25"><span class='ocrx_word' id='word_1_464' title='bbox 2120 3101 2426 3198; x_wconf 54' lang='grc' dir='ltr'>ριίστασθαί</span> <span class='ocrx_word' id='word_1_465' title='bbox 2489 3120 2577 3175; x_wconf 87' lang='grc' dir='ltr'>καὶ</span> <span class='ocrx_word' id='word_1_466' title='bbox 2657 3101 3049 3197; x_wconf 68' lang='grc' dir='ltr'>παραιτεῖσθαι.</span> <span class='ocrx_word' id='word_1_467' title='bbox 3124 3137 3156 3178; x_wconf 81' lang='grc'><strong>(</strong></span> <span class='ocrx_word' id='word_1_468' title='bbox 3212 3101 3323 3174; x_wconf 61' lang='lat' dir='ltr'><strong>[ibi</strong></span> <span class='ocrx_word' id='word_1_469' title='bbox 3365 3101 3464 3197; x_wconf 67' lang='grc' dir='ltr'>γάρ</span> <span class='ocrx_word' id='word_1_470' title='bbox 3548 3101 3759 3199; x_wconf 58' lang='grc' dir='ltr'>ἀν’ωφε-</span> 
     </span>
    </p>
   </div>
   <div class='ocr_carea' id='block_1_63' title="bbox 391 3200 2033 3289">
    <p class='ocr_par' dir='ltr' id='par_1_63' title="bbox 391 3200 2033 3289">
     <span class='ocr_line' id='line_1_63' title="bbox 391 3200 2033 3289; baseline -0.004 -18"><span class='ocrx_word' id='word_1_471' title='bbox 391 3207 589 3289; x_wconf 88' lang='lat' dir='ltr'><strong>matis,</strong></span> <span class='ocrx_word' id='word_1_472' title='bbox 623 3206 770 3270; x_wconf 90' lang='lat' dir='ltr'><strong>cede</strong></span> <span class='ocrx_word' id='word_1_473' title='bbox 791 3211 852 3267; x_wconf 83' lang='lat' dir='ltr'>et</span> <span class='ocrx_word' id='word_1_474' title='bbox 879 3203 1103 3267; x_wconf 90' lang='lat' dir='ltr'><strong>omitte.</strong></span> <span class='ocrx_word' id='word_1_475' title='bbox 1139 3225 1163 3260; x_wconf 75' lang='grc' dir='ltr'>ι</span> <span class='ocrx_word' id='word_1_476' title='bbox 1201 3200 1352 3265; x_wconf 88' lang='lat' dir='ltr'><strong>Sunt</strong></span> <span class='ocrx_word' id='word_1_477' title='bbox 1383 3201 1543 3265; x_wconf 87' lang='lat' dir='ltr'><strong>enim</strong></span> <span class='ocrx_word' id='word_1_478' title='bbox 1575 3201 1837 3268; x_wconf 87' lang='lat' dir='ltr'><strong>inutiles.</strong></span> <span class='ocrx_word' id='word_1_479' title='bbox 1875 3230 1899 3266; x_wconf 76' lang='grc' dir='ltr'>ι</span> <span class='ocrx_word' id='word_1_480' title='bbox 1933 3204 2033 3271; x_wconf 87' lang='lat' dir='ltr'><strong>Si-</strong></span> 
     </span>
    </p>
   </div>
   <div class='ocr_carea' id='block_1_64' title="bbox 386 3289 1706 3378">
    <p class='ocr_par' dir='ltr' id='par_1_64' title="bbox 386 3289 1706 3378">
     <span class='ocr_line' id='line_1_64' title="bbox 386 3289 1706 3378; baseline -0.003 -18"><span class='ocrx_word' id='word_1_481' title='bbox 386 3296 629 3378; x_wconf 87' lang='lat' dir='ltr'><strong>quidem</strong></span> <span class='ocrx_word' id='word_1_482' title='bbox 657 3294 888 3358; x_wconf 89' lang='lat' dir='ltr'><strong>nullum</strong></span> <span class='ocrx_word' id='word_1_483' title='bbox 913 3291 1217 3355; x_wconf 89' lang='lat' dir='ltr'><strong>habebunt</strong></span> <span class='ocrx_word' id='word_1_484' title='bbox 1243 3289 1466 3353; x_wconf 88' lang='lat' dir='ltr'><strong>bonum</strong></span> <span class='ocrx_word' id='word_1_485' title='bbox 1498 3290 1706 3356; x_wconf 80' lang='lat' dir='ltr'><strong>tinem.</strong></span> 
     </span>
    </p>
   </div>
   <div class='ocr_carea' id='block_1_65' title="bbox 1011 3396 1399 3463">
    <p class='ocr_par' dir='ltr' id='par_1_65' title="bbox 1011 3396 1399 3463">
     <span class='ocr_line' id='line_1_65' title="bbox 1011 3396 1399 3463; baseline -0.003 0"><span class='ocrx_word' id='word_1_486' title='bbox 1011 3396 1254 3463; x_wconf 84' lang='lat' dir='ltr'>CAPUT</span> <span class='ocrx_word' id='word_1_487' title='bbox 1297 3397 1399 3462; x_wconf 85' lang='lat' dir='ltr'>VI.</span> 
     </span>
    </p>
   </div>
   <div class='ocr_carea' id='block_1_66' title="bbox 381 3491 2034 3576">
    <p class='ocr_par' dir='ltr' id='par_1_66' title="bbox 381 3491 2034 3576">
     <span class='ocr_line' id='line_1_66' title="bbox 381 3491 2034 3576; baseline -0.001 -16"><span class='ocrx_word' id='word_1_488' title='bbox 381 3495 834 3560; x_wconf 80' lang='lat' dir='ltr'><strong>Admonitiones</strong></span> <span class='ocrx_word' id='word_1_489' title='bbox 863 3491 1362 3576; x_wconf 84' lang='lat' dir='ltr'><strong>de_declinandis</strong></span> <span class='ocrx_word' id='word_1_490' title='bbox 1407 3492 1864 3576; x_wconf 68' lang='lat' dir='ltr'><strong>quaestionibus,</strong></span> <span class='ocrx_word' id='word_1_491' title='bbox 1899 3511 2034 3576; x_wconf 78' lang='lat' dir='ltr'><strong>quae</strong></span> 
     </span>
    </p>
   </div>
   <div class='ocr_carea' id='block_1_67' title="bbox 865 3574 1564 3637">
    <p class='ocr_par' dir='ltr' id='par_1_67' title="bbox 865 3574 1564 3637">
     <span class='ocr_line' id='line_1_67' title="bbox 865 3574 1564 3637; baseline 0.001 -1"><span class='ocrx_word' id='word_1_492' title='bbox 865 3574 1225 3636; x_wconf 75' lang='lat' dir='ltr'><strong>seditionem</strong></span> <span class='ocrx_word' id='word_1_493' title='bbox 1249 3575 1564 3637; x_wconf 79' lang='lat' dir='ltr'><strong>concitent.</strong></span> 
     </span>
    </p>
   </div>
   <div class='ocr_carea' id='block_1_68' title="bbox 462 3666 2036 3748">
    <p class='ocr_par' dir='ltr' id='par_1_68' title="bbox 462 3666 2036 3748">
     <span class='ocr_line' id='line_1_68' title="bbox 462 3666 2036 3748; baseline 0 -15"><span class='ocrx_word' id='word_1_494' title='bbox 462 3670 563 3748; x_wconf 88' lang='lat' dir='ltr'><strong>Ill,</strong></span> <span class='ocrx_word' id='word_1_495' title='bbox 585 3671 804 3734; x_wconf 79' lang='lat'>10-15.</span> <span class='ocrx_word' id='word_1_496' title='bbox 829 3668 1195 3734; x_wconf 75' lang='lat' dir='ltr'><strong>ereticum</strong></span> <span class='ocrx_word' id='word_1_497' title='bbox 1210 3666 1514 3730; x_wconf 77' lang='lat' dir='ltr'><strong>hominem</strong></span> <span class='ocrx_word' id='word_1_498' title='bbox 1523 3676 1660 3748; x_wconf 89' lang='lat' dir='ltr'><strong>post</strong></span> <span class='ocrx_word' id='word_1_499' title='bbox 1679 3686 1867 3732; x_wconf 87' lang='lat' dir='ltr'><strong>unam</strong></span> <span class='ocrx_word' id='word_1_500' title='bbox 1881 3677 1938 3732; x_wconf 91' lang='lat' dir='ltr'>et</span> <span class='ocrx_word' id='word_1_501' title='bbox 1949 3669 2036 3734; x_wconf 83' lang='lat' dir='ltr'>al-</span> 
     </span>
    </p>
   </div>
   <div class='ocr_carea' id='block_1_69' title="bbox 383 3757 2031 3836">
    <p class='ocr_par' dir='ltr' id='par_1_69' title="bbox 383 3757 2031 3836">
     <span class='ocr_line' id='line_1_69' title="bbox 383 3757 2031 3836; baseline 0.001 -14"><span class='ocrx_word' id='word_1_502' title='bbox 383 3766 581 3822; x_wconf 88' lang='lat' dir='ltr'><strong>teram</strong></span> <span class='ocrx_word' id='word_1_503' title='bbox 602 3758 1084 3821; x_wconf 79' lang='lat' dir='ltr'><strong>admonitionem</strong></span> <span class='ocrx_word' id='word_1_504' title='bbox 1107 3757 1940 3836; x_wconf 84' lang='lat' dir='ltr'><strong>fuge,sciensquodadversus</strong></span> <span class='ocrx_word' id='word_1_505' title='bbox 1950 3761 2031 3823; x_wconf 86' lang='lat' dir='ltr'>sit</span> 
     </span>
    </p>
   </div>
   <div class='ocr_carea' id='block_1_70' title="bbox 381 3847 2030 3928">
    <p class='ocr_par' dir='ltr' id='par_1_70' title="bbox 381 3847 2030 3928">
     <span class='ocr_line' id='line_1_70' title="bbox 381 3847 2030 3928; baseline 0.001 -19"><span class='ocrx_word' id='word_1_506' title='bbox 381 3853 491 3928; x_wconf 88' lang='lat' dir='ltr'>qui</span> <span class='ocrx_word' id='word_1_507' title='bbox 514 3847 814 3926; x_wconf 85' lang='lat' dir='ltr'><strong>ejusmodi</strong></span> <span class='ocrx_word' id='word_1_508' title='bbox 833 3853 942 3922; x_wconf 88' lang='lat' dir='ltr'><strong>est,</strong></span> <span class='ocrx_word' id='word_1_509' title='bbox 967 3852 1024 3908; x_wconf 86' lang='lat' dir='ltr'>et</span> <span class='ocrx_word' id='word_1_510' title='bbox 1037 3853 1237 3926; x_wconf 87' lang='lat' dir='ltr'><strong>peccet</strong></span> <span class='ocrx_word' id='word_1_511' title='bbox 1261 3863 1371 3926; x_wconf 88' lang='lat' dir='ltr'>per</span> <span class='ocrx_word' id='word_1_512' title='bbox 1409 3863 1469 3906; x_wconf 88' lang='lat' dir='ltr'>se</span> <span class='ocrx_word' id='word_1_513' title='bbox 1489 3847 1839 3910; x_wconf 84' lang='lat' dir='ltr'><strong>damnatus.</strong></span> <span class='ocrx_word' id='word_1_514' title='bbox 1878 3849 2030 3911; x_wconf 84' lang='lat' dir='ltr'><strong>Cum</strong></span> 
     </span>
    </p>
   </div>
   <div class='ocr_carea' id='block_1_71' title="bbox 378 3931 2028 4018">
    <p class='ocr_par' dir='ltr' id='par_1_71' title="bbox 378 3931 2028 4018">
     <span class='ocr_line' id='line_1_71' title="bbox 378 3931 2028 4018; baseline 0.001 -20"><span class='ocrx_word' id='word_1_515' title='bbox 378 3943 579 3999; x_wconf 87' lang='lat' dir='ltr'><strong>autem</strong></span> <span class='ocrx_word' id='word_1_516' title='bbox 602 3937 1115 3997; x_wconf 82' lang='lat' dir='ltr'><strong>miseroArteman</strong></span> <span class='ocrx_word' id='word_1_517' title='bbox 1137 3934 1217 3996; x_wconf 90' lang='lat' dir='ltr'>ad</span> <span class='ocrx_word' id='word_1_518' title='bbox 1231 3940 1286 3996; x_wconf 89' lang='lat' dir='ltr'>te</span> <span class='ocrx_word' id='word_1_519' title='bbox 1297 3940 1402 3995; x_wconf 88' lang='lat' dir='ltr'>aut</span> <span class='ocrx_word' id='word_1_520' title='bbox 1426 3931 1862 4016; x_wconf 78' lang='lat' dir='ltr'><strong>Tychicum,da</strong></span> <span class='ocrx_word' id='word_1_521' title='bbox 1883 3954 2028 4018; x_wconf 89' lang='lat' dir='ltr'><strong>ope-</strong></span> 
     </span>
    </p>
   </div>
   <div class='ocr_carea' id='block_1_72' title="bbox 376 4020 2030 4102">
    <p class='ocr_par' dir='ltr' id='par_1_72' title="bbox 376 4020 2030 4102">
     <span class='ocr_line' id='line_1_72' title="bbox 376 4020 2030 4102; baseline 0.002 -18"><span class='ocrx_word' id='word_1_522' title='bbox 376 4039 514 4084; x_wconf 91' lang='lat' dir='ltr'>ram</span> <span class='ocrx_word' id='word_1_523' title='bbox 539 4029 605 4085; x_wconf 87' lang='lat' dir='ltr'>ut</span> <span class='ocrx_word' id='word_1_524' title='bbox 624 4027 832 4085; x_wconf 84' lang='lat' dir='ltr'><strong>venias</strong></span> <span class='ocrx_word' id='word_1_525' title='bbox 853 4020 934 4084; x_wconf 86' lang='lat' dir='ltr'>ad</span> <span class='ocrx_word' id='word_1_526' title='bbox 952 4038 1047 4083; x_wconf 91' lang='lat' dir='ltr'>me</span> <span class='ocrx_word' id='word_1_527' title='bbox 1065 4021 1405 4102; x_wconf 85' lang='lat' dir='ltr'><strong>Nicopolim</strong></span> <span class='ocrx_word' id='word_1_528' title='bbox 1431 4039 1444 4084; x_wconf 94' lang='lat'>:</span> <span class='ocrx_word' id='word_1_529' title='bbox 1481 4040 1623 4085; x_wconf 86' lang='lat' dir='ltr'>nam</span> <span class='ocrx_word' id='word_1_530' title='bbox 1647 4022 1775 4084; x_wconf 88' lang='lat' dir='ltr'><strong>illic</strong></span> <span class='ocrx_word' id='word_1_531' title='bbox 1793 4024 2030 4088; x_wconf 84' lang='lat' dir='ltr'><strong>decrevi</strong></span> 
     </span>
    </p>
   </div>
   <div class='ocr_carea' id='block_1_73' title="bbox 373 4109 2022 4192">
    <p class='ocr_par' dir='ltr' id='par_1_73' title="bbox 373 4109 2022 4192">
     <span class='ocr_line' id='line_1_73' title="bbox 373 4109 2022 4192; baseline 0.002 -20"><span class='ocrx_word' id='word_1_532' title='bbox 373 4109 718 4174; x_wconf 78' lang='lat' dir='ltr'><strong>hibernare.</strong></span> <span class='ocrx_word' id='word_1_533' title='bbox 747 4113 978 4173; x_wconf 86' lang='lat' dir='ltr'><strong>lenam</strong></span> <span class='ocrx_word' id='word_1_534' title='bbox 999 4109 1413 4191; x_wconf 80' lang='lat' dir='ltr'><strong>legisperitum</strong></span> <span class='ocrx_word' id='word_1_535' title='bbox 1441 4116 1500 4173; x_wconf 93' lang='lat' dir='ltr'>et</span> <span class='ocrx_word' id='word_1_536' title='bbox 1526 4111 1739 4192; x_wconf 88' lang='lat' dir='ltr'><strong>Apollo</strong></span> <span class='ocrx_word' id='word_1_537' title='bbox 1757 4113 2022 4176; x_wconf 83' lang='lat' dir='ltr'><strong>studiose</strong></span> 
     </span>
    </p>
   </div>
   <div class='ocr_carea' id='block_1_74' title="bbox 371 4197 2022 4281">
    <p class='ocr_par' dir='ltr' id='par_1_74' title="bbox 371 4197 2022 4281">
     <span class='ocr_line' id='line_1_74' title="bbox 371 4197 2022 4281; baseline 0.001 -19"><span class='ocrx_word' id='word_1_538' title='bbox 371 4199 646 4263; x_wconf 86' lang='lat' dir='ltr'><strong>deducito</strong></span> <span class='ocrx_word' id='word_1_539' title='bbox 656 4217 754 4272; x_wconf 84' lang='lat' dir='ltr'>,ne</span> <span class='ocrx_word' id='word_1_540' title='bbox 766 4200 917 4281; x_wconf 86' lang='lat' dir='ltr'><strong>quid</strong></span> <span class='ocrx_word' id='word_1_541' title='bbox 927 4197 1060 4261; x_wconf 81' lang='lat' dir='ltr'><strong>illis</strong></span> <span class='ocrx_word' id='word_1_542' title='bbox 1076 4198 1244 4261; x_wconf 85' lang='lat' dir='ltr'><strong>desit.</strong></span> <span class='ocrx_word' id='word_1_543' title='bbox 1255 4197 1506 4260; x_wconf 85' lang='lat' dir='ltr'><strong>Discant</strong></span> <span class='ocrx_word' id='word_1_544' title='bbox 1517 4207 1726 4262; x_wconf 86' lang='lat' dir='ltr'><strong>autem</strong></span> <span class='ocrx_word' id='word_1_545' title='bbox 1746 4206 1805 4264; x_wconf 90' lang='lat' dir='ltr'>et</span> <span class='ocrx_word' id='word_1_546' title='bbox 1822 4203 2022 4265; x_wconf 85' lang='lat' dir='ltr'><strong>nostri</strong></span> 
     </span>
    </p>
   </div>
   <div class='ocr_carea' id='block_1_75' title="bbox 374 4287 2019 4371">
    <p class='ocr_par' dir='ltr' id='par_1_75' title="bbox 374 4287 2019 4371">
     <span class='ocr_line' id='line_1_75' title="bbox 374 4287 2019 4371; baseline 0.001 -19"><span class='ocrx_word' id='word_1_547' title='bbox 374 4288 542 4352; x_wconf 84' lang='lat' dir='ltr'><strong>bonis</strong></span> <span class='ocrx_word' id='word_1_548' title='bbox 551 4288 831 4370; x_wconf 87' lang='lat' dir='ltr'><strong>operibus</strong></span> <span class='ocrx_word' id='word_1_549' title='bbox 844 4304 1105 4371; x_wconf 75' lang='lat' dir='ltr'><strong>praeesse</strong></span> <span class='ocrx_word' id='word_1_550' title='bbox 1133 4287 1214 4351; x_wconf 90' lang='lat' dir='ltr'>ad</span> <span class='ocrx_word' id='word_1_551' title='bbox 1233 4289 1606 4350; x_wconf 83' lang='lat' dir='ltr'><strong>necessarios</strong></span> <span class='ocrx_word' id='word_1_552' title='bbox 1624 4308 1794 4367; x_wconf 86' lang='lat' dir='ltr'><strong>usus,</strong></span> <span class='ocrx_word' id='word_1_553' title='bbox 1809 4296 1878 4353; x_wconf 91' lang='lat' dir='ltr'>ut</span> <span class='ocrx_word' id='word_1_554' title='bbox 1898 4309 2019 4354; x_wconf 85' lang='lat' dir='ltr'>non</span> 
     </span>
    </p>
   </div>
   <div class='ocr_carea' id='block_1_76' title="bbox 369 4375 2018 4460">
    <p class='ocr_par' dir='ltr' id='par_1_76' title="bbox 369 4375 2010 4460">
     <span class='ocr_line' id='line_1_76' title="bbox 369 4375 2010 4460; baseline 0.002 -22"><span class='ocrx_word' id='word_1_555' title='bbox 369 4381 494 4440; x_wconf 89' lang='lat' dir='ltr'><strong>sint</strong></span> <span class='ocrx_word' id='word_1_556' title='bbox 507 4378 896 4460; x_wconf 81' lang='lat' dir='ltr'><strong>in/rugiferi.</strong></span> <span class='ocrx_word' id='word_1_557' title='bbox 910 4375 1198 4441; x_wconf 84' lang='lat' dir='ltr'><strong>Salutant</strong></span> <span class='ocrx_word' id='word_1_558' title='bbox 1221 4383 1275 4440; x_wconf 87' lang='lat' dir='ltr'>te</span> <span class='ocrx_word' id='word_1_559' title='bbox 1283 4377 1630 4456; x_wconf 82' lang='lat' dir='ltr'><strong>quimecum</strong></span> <span class='ocrx_word' id='word_1_560' title='bbox 1638 4385 2010 4443; x_wconf 84' lang='lat' dir='ltr'><strong>suntomnes.</strong></span> 
     </span>
    </p>
   </div>
   <div class='ocr_carea' id='block_1_77' title="bbox 2100 4375 3152 4460">
    <p class='ocr_par' dir='ltr' id='par_1_77' title="bbox 2100 4377 3152 4458">
     <span class='ocr_line' id='line_1_77' title="bbox 2100 4377 3152 4458; baseline -0.002 -24"><span class='ocrx_word' id='word_1_561' title='bbox 2100 4377 2274 4436; x_wconf 81' lang='grc' dir='ltr'>καλῶν</span> <span class='ocrx_word' id='word_1_562' title='bbox 2383 4377 2549 4458; x_wconf 71' lang='grc' dir='ltr'>ἔργων</span> <span class='ocrx_word' id='word_1_563' title='bbox 2639 4379 2978 4458; x_wconf 87' lang='grc' dir='ltr'>προίστασθαι</span> <span class='ocrx_word' id='word_1_564' title='bbox 3081 4378 3152 4442; x_wconf 84' lang='grc' dir='ltr'>είς</span> 
     </span>
    </p>
   </div>
   <div class='ocr_carea' id='block_1_78' title="bbox 2118 3203 3596 3288">
    <p class='ocr_par' dir='ltr' id='par_1_78' title="bbox 2118 3203 3596 3288">
     <span class='ocr_line' id='line_1_78' title="bbox 2118 3203 3596 3288; baseline -0.001 -24"><span class='ocrx_word' id='word_1_565' title='bbox 2118 3205 2257 3270; x_wconf 79' lang='grc' dir='ltr'>λεῖς.</span> <span class='ocrx_word' id='word_1_566' title='bbox 2308 3230 2337 3264; x_wconf 70' lang='grc' dir='ltr'><strong>ι</strong></span> <span class='ocrx_word' id='word_1_567' title='bbox 2373 3205 2531 3266; x_wconf 74' lang='grc' dir='ltr'>Οὐδὲν</span> <span class='ocrx_word' id='word_1_568' title='bbox 2561 3208 2682 3288; x_wconf 78' lang='grc' dir='ltr'>γὰρ,</span> <span class='ocrx_word' id='word_1_569' title='bbox 2715 3207 2895 3288; x_wconf 79' lang='grc' dir='ltr'>φησὶν,</span> <span class='ocrx_word' id='word_1_570' title='bbox 2925 3203 3093 3272; x_wconf 77' lang='grc' dir='ltr'>ἕξουσι</span> <span class='ocrx_word' id='word_1_571' title='bbox 3141 3205 3304 3284; x_wconf 87' lang='grc' dir='ltr'>πέρας</span> <span class='ocrx_word' id='word_1_572' title='bbox 3335 3208 3596 3286; x_wconf 83' lang='grc' dir='ltr'>χρηστόν,</span> 
     </span>
    </p>
   </div>
   <div class='ocr_carea' id='block_1_79' title="bbox 2741 3398 3138 3484">
    <p class='ocr_par' dir='ltr' id='par_1_79' title="bbox 2741 3398 3138 3484">
     <span class='ocr_line' id='line_1_79' title="bbox 2741 3398 3138 3484; baseline 0 -16"><span class='ocrx_word' id='word_1_573' title='bbox 2741 3415 2990 3473; x_wconf 76' lang='grc' dir='ltr'><strong>ΚΕΦΑΛ.</strong></span> <span class='ocrx_word' id='word_1_574' title='bbox 3035 3398 3138 3484; x_wconf 90' lang='grc' dir='ltr'>ς“’.</span> 
     </span>
    </p>
   </div>
   <div class='ocr_carea' id='block_1_80' title="bbox 2121 3488 3752 3571">
    <p class='ocr_par' dir='ltr' id='par_1_80' title="bbox 2121 3488 3752 3571">
     <span class='ocr_line' id='line_1_80' title="bbox 2121 3488 3752 3571; baseline 0.001 -25"><span class='ocrx_word' id='word_1_575' title='bbox 2121 3513 2151 3546; x_wconf 75' lang='grc' dir='ltr'>α</span> <span class='ocrx_word' id='word_1_576' title='bbox 2211 3489 2551 3571; x_wconf 89' lang='grc' dir='ltr'>Παραινέσεις</span> <span class='ocrx_word' id='word_1_577' title='bbox 2607 3491 2725 3568; x_wconf 84' lang='grc' dir='ltr'>περὶ</span> <span class='ocrx_word' id='word_1_578' title='bbox 2793 3500 2885 3549; x_wconf 86' lang='grc' dir='ltr'>τοῦ</span> <span class='ocrx_word' id='word_1_579' title='bbox 2947 3488 3203 3547; x_wconf 77' lang='grc' dir='ltr'>ἐκκλίνειν</span> <span class='ocrx_word' id='word_1_580' title='bbox 3269 3489 3392 3554; x_wconf 80' lang='grc' dir='ltr'>τοὺς</span> <span class='ocrx_word' id='word_1_581' title='bbox 3468 3490 3752 3571; x_wconf 78' lang='grc' dir='ltr'>αἱρετικοὺς</span> 
     </span>
    </p>
   </div>
   <div class='ocr_carea' id='block_1_81' title="bbox 2767 3571 3100 3643">
    <p class='ocr_par' dir='ltr' id='par_1_81' title="bbox 2767 3571 3100 3643">
     <span class='ocr_line' id='line_1_81' title="bbox 2767 3571 3100 3643; baseline -0.024 -5"><span class='ocrx_word' id='word_1_582' title='bbox 2767 3571 3027 3643; x_wconf 73' lang='grc' dir='ltr'>ζητητάς.</span> <span class='ocrx_word' id='word_1_583' title='bbox 3071 3588 3100 3630; x_wconf 70' lang='grc' dir='ltr'>ι</span> 
     </span>
    </p>
   </div>
   <div class='ocr_carea' id='block_1_82' title="bbox 2201 3661 3750 3746">
    <p class='ocr_par' dir='ltr' id='par_1_82' title="bbox 2201 3661 3750 3746">
     <span class='ocr_line' id='line_1_82' title="bbox 2201 3661 3750 3746; baseline -0.001 -23"><span class='ocrx_word' id='word_1_584' title='bbox 2201 3686 2226 3723; x_wconf 80' lang='grc' dir='ltr'>ιι</span> <span class='ocrx_word' id='word_1_585' title='bbox 2289 3665 2556 3746; x_wconf 77' lang='grc' dir='ltr'>Αἱρετικὸν</span> <span class='ocrx_word' id='word_1_586' title='bbox 2613 3664 2881 3743; x_wconf 78' lang='grc' dir='ltr'>ἄνθρωπον</span> <span class='ocrx_word' id='word_1_587' title='bbox 2951 3664 3086 3740; x_wconf 80' lang='grc' dir='ltr'>μετὰ</span> <span class='ocrx_word' id='word_1_588' title='bbox 3155 3665 3281 3739; x_wconf 85' lang='grc' dir='ltr'>μίαν</span> <span class='ocrx_word' id='word_1_589' title='bbox 3358 3664 3446 3720; x_wconf 82' lang='grc' dir='ltr'>καὶ</span> <span class='ocrx_word' id='word_1_590' title='bbox 3513 3661 3750 3743; x_wconf 84' lang='grc' dir='ltr'>δευτέραν</span> 
     </span>
    </p>
   </div>
   <div class='ocr_carea' id='block_1_83' title="bbox 2115 3750 3751 3834">
    <p class='ocr_par' dir='ltr' id='par_1_83' title="bbox 2115 3750 3751 3834">
     <span class='ocr_line' id='line_1_83' title="bbox 2115 3750 3751 3834; baseline -0.002 -22"><span class='ocrx_word' id='word_1_591' title='bbox 2115 3756 2376 3814; x_wconf 83' lang='grc' dir='ltr'>νουθεσίαν</span> <span class='ocrx_word' id='word_1_592' title='bbox 2491 3760 2769 3834; x_wconf 82' lang='grc' dir='ltr'>παραιτοῦ,</span> <span class='ocrx_word' id='word_1_593' title='bbox 2873 3751 3020 3818; x_wconf 64' lang='grc' dir='ltr'>εἰδὼς</span> <span class='ocrx_word' id='word_1_594' title='bbox 3130 3750 3212 3810; x_wconf 81' lang='grc' dir='ltr'>ὅτι</span> <span class='ocrx_word' id='word_1_595' title='bbox 3330 3750 3666 3834; x_wconf 76' lang='grc' dir='ltr'>ἐξέστραπται</span> <span class='ocrx_word' id='word_1_596' title='bbox 3723 3755 3751 3809; x_wconf 87' lang='grc' dir='ltr'>ὁ</span> 
     </span>
    </p>
   </div>
   <div class='ocr_carea' id='block_1_84' title="bbox 2109 3839 3747 3924">
    <p class='ocr_par' dir='ltr' id='par_1_84' title="bbox 2109 3839 3747 3924">
     <span class='ocr_line' id='line_1_84' title="bbox 2109 3839 3747 3924; baseline -0.002 -22"><span class='ocrx_word' id='word_1_597' title='bbox 2109 3845 2364 3924; x_wconf 83' lang='grc' dir='ltr'>τοιοῦτος,</span> <span class='ocrx_word' id='word_1_598' title='bbox 2475 3845 2562 3902; x_wconf 87' lang='grc' dir='ltr'>καὶ</span> <span class='ocrx_word' id='word_1_599' title='bbox 2680 3842 2965 3922; x_wconf 84' lang='grc' dir='ltr'>ἁμαρτάνει</span> <span class='ocrx_word' id='word_1_600' title='bbox 3073 3839 3147 3898; x_wconf 81' lang='grc' dir='ltr'>ὢν</span> <span class='ocrx_word' id='word_1_601' title='bbox 3282 3840 3747 3921; x_wconf 74' lang='grc' dir='ltr'>αὗτοκατάκριτος.</span> 
     </span>
    </p>
   </div>
   <div class='ocr_carea' id='block_1_85' title="bbox 2112 3923 3744 4011">
    <p class='ocr_par' dir='ltr' id='par_1_85' title="bbox 2112 3923 3744 4011">
     <span class='ocr_line' id='line_1_85' title="bbox 2112 3923 3744 4011; baseline -0.004 -18"><span class='ocrx_word' id='word_1_602' title='bbox 2112 3923 2288 3993; x_wconf 65' lang='grc' dir='ltr'>’Ὅταν</span> <span class='ocrx_word' id='word_1_603' title='bbox 2350 3923 2570 4009; x_wconf 66' lang='grc' dir='ltr'>πέμψω</span> <span class='ocrx_word' id='word_1_604' title='bbox 2653 3931 2913 4011; x_wconf 81' lang='grc' dir='ltr'>Ἀρτεμᾶν</span> <span class='ocrx_word' id='word_1_605' title='bbox 2997 3931 3127 4011; x_wconf 81' lang='grc' dir='ltr'>πρὸς</span> <span class='ocrx_word' id='word_1_606' title='bbox 3225 3930 3283 3986; x_wconf 77' lang='grc' dir='ltr'>σὲ</span> <span class='ocrx_word' id='word_1_607' title='bbox 3361 3929 3398 3998; x_wconf 71' lang='grc' dir='ltr'><strong>ἢ</strong></span> <span class='ocrx_word' id='word_1_608' title='bbox 3488 3932 3744 4011; x_wconf 83' lang='grc' dir='ltr'>Τυχικὸν,</span> 
     </span>
    </p>
   </div>
   <div class='ocr_carea' id='block_1_86' title="bbox 2108 4019 3750 4100">
    <p class='ocr_par' dir='ltr' id='par_1_86' title="bbox 2108 4019 3750 4100">
     <span class='ocr_line' id='line_1_86' title="bbox 2108 4019 3750 4100; baseline -0.004 -19"><span class='ocrx_word' id='word_1_609' title='bbox 2108 4021 2399 4081; x_wconf 82' lang='grc' dir='ltr'>σπούδασον</span> <span class='ocrx_word' id='word_1_610' title='bbox 2496 4020 2669 4079; x_wconf 77' lang='grc' dir='ltr'>ἐλθεῖν</span> <span class='ocrx_word' id='word_1_611' title='bbox 2741 4021 2872 4100; x_wconf 86' lang='grc' dir='ltr'>πρός</span> <span class='ocrx_word' id='word_1_612' title='bbox 2956 4041 3021 4096; x_wconf 85' lang='grc' dir='ltr'>με</span> <span class='ocrx_word' id='word_1_613' title='bbox 3090 4021 3164 4083; x_wconf 84' lang='grc' dir='ltr'>είς</span> <span class='ocrx_word' id='word_1_614' title='bbox 3228 4019 3538 4083; x_wconf 77' lang='grc' dir='ltr'>Νικόπολιν.</span> <span class='ocrx_word' id='word_1_615' title='bbox 3600 4019 3750 4078; x_wconf 83' lang='grc' dir='ltr'>Ἐκεῖ</span> 
     </span>
    </p>
   </div>
   <div class='ocr_carea' id='block_1_87' title="bbox 2105 4109 3740 4192">
    <p class='ocr_par' dir='ltr' id='par_1_87' title="bbox 2105 4109 3740 4192">
     <span class='ocr_line' id='line_1_87' title="bbox 2105 4109 3740 4192; baseline -0.003 -23"><span class='ocrx_word' id='word_1_616' title='bbox 2105 4113 2204 4192; x_wconf 81' lang='grc' dir='ltr'>γὰρ</span> <span class='ocrx_word' id='word_1_617' title='bbox 2286 4112 2498 4192; x_wconf 82' lang='grc' dir='ltr'>κέκρινα</span> <span class='ocrx_word' id='word_1_618' title='bbox 2594 4110 3020 4190; x_wconf 86' lang='grc' dir='ltr'>παραχειμάσαι,</span> <span class='ocrx_word' id='word_1_619' title='bbox 3109 4114 3281 4176; x_wconf 82' lang='grc' dir='ltr'>Ζηνᾶν</span> <span class='ocrx_word' id='word_1_620' title='bbox 3372 4111 3463 4165; x_wconf 82' lang='grc' dir='ltr'>τὸν</span> <span class='ocrx_word' id='word_1_621' title='bbox 3526 4109 3740 4186; x_wconf 83' lang='grc' dir='ltr'>νομικὸν</span> 
     </span>
    </p>
   </div>
   <div class='ocr_carea' id='block_1_88' title="bbox 2099 4195 3739 4279">
    <p class='ocr_par' dir='ltr' id='par_1_88' title="bbox 2099 4195 3739 4279">
     <span class='ocr_line' id='line_1_88' title="bbox 2099 4195 3739 4279; baseline -0.004 -20"><span class='ocrx_word' id='word_1_622' title='bbox 2099 4203 2190 4259; x_wconf 89' lang='grc' dir='ltr'>καὶ</span> <span class='ocrx_word' id='word_1_623' title='bbox 2271 4199 2518 4258; x_wconf 82' lang='grc' dir='ltr'>Ἀπολλὼ</span> <span class='ocrx_word' id='word_1_624' title='bbox 2595 4197 2887 4262; x_wconf 85' lang='grc' dir='ltr'>σπουδαίως</span> <span class='ocrx_word' id='word_1_625' title='bbox 2969 4199 3308 4279; x_wconf 79' lang='grc' dir='ltr'>πρόπεμψον,</span> <span class='ocrx_word' id='word_1_626' title='bbox 3408 4199 3500 4254; x_wconf 79' lang='grc' dir='ltr'>’ἱνα</span> <span class='ocrx_word' id='word_1_627' title='bbox 3574 4195 3739 4273; x_wconf 79' lang='grc' dir='ltr'>μηδὲν</span> 
     </span>
    </p>
   </div>
   <div class='ocr_carea' id='block_1_89' title="bbox 2099 4285 3739 4368">
    <p class='ocr_par' dir='ltr' id='par_1_89' title="bbox 2099 4285 3739 4368">
     <span class='ocr_line' id='line_1_89' title="bbox 2099 4285 3739 4368; baseline -0.003 -21"><span class='ocrx_word' id='word_1_628' title='bbox 2099 4293 2279 4356; x_wconf 73' lang='grc' dir='ltr'>αὐτοῖς</span> <span class='ocrx_word' id='word_1_629' title='bbox 2345 4289 2526 4368; x_wconf 73' lang='grc' dir='ltr'>λείπῃ.</span> <span class='ocrx_word' id='word_1_630' title='bbox 2600 4287 3014 4347; x_wconf 83' lang='grc' dir='ltr'>Μανθανέτωσαν</span> <span class='ocrx_word' id='word_1_631' title='bbox 3110 4285 3164 4343; x_wconf 76' lang='grc' dir='ltr'>δὲ</span> <span class='ocrx_word' id='word_1_632' title='bbox 3233 4289 3321 4344; x_wconf 86' lang='grc' dir='ltr'>καὶ</span> <span class='ocrx_word' id='word_1_633' title='bbox 3377 4288 3423 4343; x_wconf 78' lang='grc' dir='ltr'>οἷ</span> <span class='ocrx_word' id='word_1_634' title='bbox 3492 4286 3739 4366; x_wconf 79' lang='grc' dir='ltr'>ἡμέτεροι</span> 
     </span>
    </p>
   </div>
   <div class='ocr_carea' id='block_1_90' title="bbox 3275 4375 3740 4455">
    <p class='ocr_par' dir='ltr' id='par_1_90' title="bbox 3275 4375 3740 4455">
     <span class='ocr_line' id='line_1_90' title="bbox 3275 4375 3740 4455; baseline 0 -23"><span class='ocrx_word' id='word_1_635' title='bbox 3275 4377 3370 4440; x_wconf 75' lang='grc' dir='ltr'>τὰς</span> <span class='ocrx_word' id='word_1_636' title='bbox 3452 4375 3740 4455; x_wconf 85' lang='grc' dir='ltr'>ἀναγκαίας</span> 
     </span>
    </p>
   </div>
   <div class='ocr_carea' id='block_1_91' title="bbox 367 4454 2018 4551">
    <p class='ocr_par' dir='ltr' id='par_1_91' title="bbox 367 4454 2013 4551">
     <span class='ocr_line' id='line_1_91' title="bbox 367 4454 2013 4551; baseline 0.004 -23"><span class='ocrx_word' id='word_1_637' title='bbox 367 4454 590 4531; x_wconf 85' lang='lat' dir='ltr'><strong>Saluta</strong></span> <span class='ocrx_word' id='word_1_638' title='bbox 630 4454 728 4532; x_wconf 71' lang='lat' dir='ltr'>eos</span> <span class='ocrx_word' id='word_1_639' title='bbox 751 4454 880 4551; x_wconf 79' lang='lat' dir='ltr'>qui</span> <span class='ocrx_word' id='word_1_640' title='bbox 915 4485 1028 4532; x_wconf 87' lang='lat' dir='ltr'>nos</span> <span class='ocrx_word' id='word_1_641' title='bbox 1061 4454 1327 4548; x_wconf 81' lang='lat' dir='ltr'><strong>diligunt</strong></span> <span class='ocrx_word' id='word_1_642' title='bbox 1373 4468 1436 4530; x_wconf 85' lang='lat' dir='ltr'>in</span> <span class='ocrx_word' id='word_1_643' title='bbox 1461 4467 1602 4547; x_wconf 78' lang='lat' dir='ltr'><strong>ﬁde.</strong></span> <span class='ocrx_word' id='word_1_644' title='bbox 1631 4467 1848 4534; x_wconf 85' lang='lat' dir='ltr'><strong>Gratia</strong></span> <span class='ocrx_word' id='word_1_645' title='bbox 1877 4488 2013 4535; x_wconf 88' lang='lat' dir='ltr'>cum</span> 
     </span>
    </p>
   </div>
   <div class='ocr_carea' id='block_1_92' title="bbox 2100 4454 3737 4551">
    <p class='ocr_par' dir='ltr' id='par_1_92' title="bbox 2100 4454 3737 4551">
     <span class='ocr_line' id='line_1_92' title="bbox 2100 4454 3737 4551; baseline -0.003 -27"><span class='ocrx_word' id='word_1_646' title='bbox 2100 4470 2303 4550; x_wconf 80' lang='grc' dir='ltr'>χρείας,</span> <span class='ocrx_word' id='word_1_647' title='bbox 2360 4454 2466 4524; x_wconf 71' lang='grc' dir='ltr'>’ἕνα</span> <span class='ocrx_word' id='word_1_648' title='bbox 2509 4468 2587 4545; x_wconf 73' lang='grc' dir='ltr'>μὴ</span> <span class='ocrx_word' id='word_1_649' title='bbox 2658 4454 2787 4524; x_wconf 70' lang='grc' dir='ltr'>ὦσιν</span> <span class='ocrx_word' id='word_1_650' title='bbox 2845 4465 3098 4551; x_wconf 78' lang='grc' dir='ltr'>ἄκαρποι.</span> <span class='ocrx_word' id='word_1_651' title='bbox 3159 4463 3524 4551; x_wconf 77' lang='grc' dir='ltr'>Ἀσπάζονταί</span> <span class='ocrx_word' id='word_1_652' title='bbox 3563 4484 3621 4520; x_wconf 82' lang='grc' dir='ltr'>σε</span> <span class='ocrx_word' id='word_1_653' title='bbox 3690 4467 3737 4520; x_wconf 76' lang='grc' dir='ltr'>οἶ</span> 
     </span>
    </p>
   </div>
   <div class='ocr_carea' id='block_1_93' title="bbox 369 4557 1111 4624">
    <p class='ocr_par' dir='ltr' id='par_1_93' title="bbox 369 4557 1111 4624">
     <span class='ocr_line' id='line_1_93' title="bbox 369 4557 1111 4624; baseline 0 -5"><span class='ocrx_word' id='word_1_654' title='bbox 369 4557 646 4622; x_wconf 84' lang='lat' dir='ltr'><strong>omnibus</strong></span> <span class='ocrx_word' id='word_1_655' title='bbox 675 4559 859 4624; x_wconf 85' lang='lat' dir='ltr'><strong>vobis.</strong></span> <span class='ocrx_word' id='word_1_656' title='bbox 892 4559 1111 4621; x_wconf 84' lang='lat' dir='ltr'><strong>Amen.</strong></span> 
     </span>
    </p>
   </div>
   <div class='ocr_carea' id='block_1_94' title="bbox 446 4822 2004 4912">
    <p class='ocr_par' dir='ltr' id='par_1_94' title="bbox 446 4822 2004 4912">
     <span class='ocr_line' id='line_1_94' title="bbox 446 4822 2004 4912; baseline -0.003 -17"><span class='ocrx_word' id='word_1_657' title='bbox 446 4828 628 4912; x_wconf 81' lang='lat' dir='ltr'><strong>Atqui</strong></span> <span class='ocrx_word' id='word_1_658' title='bbox 652 4824 797 4890; x_wconf 88' lang='lat' dir='ltr'><strong>dicit</strong></span> <span class='ocrx_word' id='word_1_659' title='bbox 817 4823 958 4888; x_wconf 87' lang='lat' dir='ltr'><strong>alibi</strong></span> <span class='ocrx_word' id='word_1_660' title='bbox 981 4841 995 4888; x_wconf 90' lang='lat'><strong>:</strong></span> <span class='ocrx_word' id='word_1_661' title='bbox 1027 4849 1056 4882; x_wconf 74' lang='grc' dir='ltr'>α</span> <span class='ocrx_word' id='word_1_662' title='bbox 1083 4825 1172 4888; x_wconf 88' lang='grc' dir='ltr'>Νε</span> <span class='ocrx_word' id='word_1_663' title='bbox 1191 4823 1426 4907; x_wconf 87' lang='lat' dir='ltr'><strong>quando</strong></span> <span class='ocrx_word' id='word_1_664' title='bbox 1447 4822 1681 4888; x_wconf 88' lang='lat' dir='ltr'><strong>detillis</strong></span> <span class='ocrx_word' id='word_1_665' title='bbox 1697 4822 1856 4887; x_wconf 89' lang='lat' dir='ltr'><strong>Deus</strong></span> <span class='ocrx_word' id='word_1_666' title='bbox 1881 4844 2004 4908; x_wconf 75' lang='lat' dir='ltr'><strong>pm-</strong></span> 
     </span>
    </p>
   </div>
   <div class='ocr_carea' id='block_1_95' title="bbox 363 4913 2008 4998">
    <p class='ocr_par' dir='ltr' id='par_1_95' title="bbox 363 4913 2008 4998">
     <span class='ocr_line' id='line_1_95' title="bbox 363 4913 2008 4998; baseline -0.002 -14"><span class='ocrx_word' id='word_1_667' title='bbox 363 4919 672 4984; x_wconf 88' lang='lat' dir='ltr'><strong>nitentiam</strong></span> <span class='ocrx_word' id='word_1_668' title='bbox 693 4919 765 4996; x_wconf 68' lang='lat'>4;</span> <span class='ocrx_word' id='word_1_669' title='bbox 802 4936 828 4977; x_wconf 68' lang='grc' dir='ltr'>ι</span> <span class='ocrx_word' id='word_1_670' title='bbox 862 4914 1158 4998; x_wconf 86' lang='lat' dir='ltr'><strong>quomodo</strong></span> <span class='ocrx_word' id='word_1_671' title='bbox 1191 4931 1332 4992; x_wconf 79' lang='lat' dir='ltr'><strong>ergo</strong></span> <span class='ocrx_word' id='word_1_672' title='bbox 1363 4914 1474 4976; x_wconf 89' lang='lat' dir='ltr'>hoc</span> <span class='ocrx_word' id='word_1_673' title='bbox 1521 4913 1650 4977; x_wconf 92' lang='lat' dir='ltr'><strong>loco</strong></span> <span class='ocrx_word' id='word_1_674' title='bbox 1681 4913 1883 4995; x_wconf 79' lang='lat' dir='ltr'><strong>fugere</strong></span> <span class='ocrx_word' id='word_1_675' title='bbox 1905 4935 2008 4980; x_wconf 88' lang='lat' dir='ltr'>eos</span> 
     </span>
    </p>
   </div>
   <div class='ocr_carea' id='block_1_96' title="bbox 357 5001 2005 5090">
    <p class='ocr_par' dir='ltr' id='par_1_96' title="bbox 357 5001 2005 5090">
     <span class='ocr_line' id='line_1_96' title="bbox 357 5001 2005 5090; baseline -0.005 -15"><span class='ocrx_word' id='word_1_676' title='bbox 357 5008 576 5090; x_wconf 80' lang='lat' dir='ltr'><strong>jubet?</strong></span> <span class='ocrx_word' id='word_1_677' title='bbox 597 5007 684 5072; x_wconf 90' lang='lat' dir='ltr'>Ibi</span> <span class='ocrx_word' id='word_1_678' title='bbox 713 5006 788 5069; x_wconf 87' lang='lat' dir='ltr'><strong>de</strong></span> <span class='ocrx_word' id='word_1_679' title='bbox 815 5005 891 5067; x_wconf 91' lang='lat' dir='ltr'><strong>iis</strong></span> <span class='ocrx_word' id='word_1_680' title='bbox 921 5003 1180 5086; x_wconf 89' lang='lat' dir='ltr'><strong>loquitur</strong></span> <span class='ocrx_word' id='word_1_681' title='bbox 1199 5002 1277 5064; x_wconf 93' lang='lat' dir='ltr'>de</span> <span class='ocrx_word' id='word_1_682' title='bbox 1299 5001 1514 5084; x_wconf 87' lang='lat' dir='ltr'><strong>quibus</strong></span> <span class='ocrx_word' id='word_1_683' title='bbox 1534 5011 1621 5066; x_wconf 90' lang='lat' dir='ltr'>est</span> <span class='ocrx_word' id='word_1_684' title='bbox 1639 5022 1777 5085; x_wconf 93' lang='lat' dir='ltr'><strong>spes</strong></span> <span class='ocrx_word' id='word_1_685' title='bbox 1799 5023 2005 5068; x_wconf 91' lang='lat' dir='ltr'><strong>emen-</strong></span> 
     </span>
    </p>
   </div>
   <div class='ocr_carea' id='block_1_97' title="bbox 361 5091 2003 5176">
    <p class='ocr_par' dir='ltr' id='par_1_97' title="bbox 361 5091 2003 5176">
     <span class='ocr_line' id='line_1_97' title="bbox 361 5091 2003 5176; baseline -0.001 -17"><span class='ocrx_word' id='word_1_686' title='bbox 361 5099 454 5161; x_wconf 65' lang='grc' dir='ltr'>(ιω</span> <span class='ocrx_word' id='word_1_687' title='bbox 474 5119 490 5176; x_wconf 85' lang='grc'><strong>;</strong></span> <span class='ocrx_word' id='word_1_688' title='bbox 513 5097 842 5176; x_wconf 82' lang='lat' dir='ltr'><strong>hicautem,</strong></span> <span class='ocrx_word' id='word_1_689' title='bbox 868 5092 946 5154; x_wconf 88' lang='lat' dir='ltr'>de</span> <span class='ocrx_word' id='word_1_690' title='bbox 991 5092 1108 5154; x_wconf 74' lang='lat' dir='ltr'><strong>illis</strong></span> <span class='ocrx_word' id='word_1_691' title='bbox 1133 5091 1234 5173; x_wconf 91' lang='lat' dir='ltr'>qui</span> <span class='ocrx_word' id='word_1_692' title='bbox 1257 5091 1572 5154; x_wconf 88' lang='lat' dir='ltr'><strong>incurabili</strong></span> <span class='ocrx_word' id='word_1_693' title='bbox 1596 5092 1802 5156; x_wconf 90' lang='lat' dir='ltr'><strong>morbo</strong></span> <span class='ocrx_word' id='word_1_694' title='bbox 1832 5095 2003 5158; x_wconf 84' lang='lat' dir='ltr'><strong>labo-</strong></span> 
     </span>
    </p>
   </div>
   <div class='ocr_carea' id='block_1_98' title="bbox 359 5179 2006 5265">
    <p class='ocr_par' dir='ltr' id='par_1_98' title="bbox 359 5179 2006 5265">
     <span class='ocr_line' id='line_1_98' title="bbox 359 5179 2006 5265; baseline -0.001 -15"><span class='ocrx_word' id='word_1_695' title='bbox 359 5195 514 5250; x_wconf 86' lang='lat' dir='ltr'><strong>rant.</strong></span> <span class='ocrx_word' id='word_1_696' title='bbox 552 5206 583 5246; x_wconf 70' lang='grc' dir='ltr'>ι</span> <span class='ocrx_word' id='word_1_697' title='bbox 605 5185 717 5250; x_wconf 87' lang='lat' dir='ltr'><strong>Per</strong></span> <span class='ocrx_word' id='word_1_698' title='bbox 743 5204 808 5248; x_wconf 85' lang='lat' dir='ltr'>se</span> <span class='ocrx_word' id='word_1_699' title='bbox 837 5183 1172 5245; x_wconf 85' lang='lat' dir='ltr'><strong>damnatus.</strong></span> <span class='ocrx_word' id='word_1_700' title='bbox 1201 5205 1228 5237; x_wconf 72' lang='grc' dir='ltr'>ι</span> <span class='ocrx_word' id='word_1_701' title='bbox 1262 5179 1469 5263; x_wconf 88' lang='lat' dir='ltr'><strong>Neque</strong></span> <span class='ocrx_word' id='word_1_702' title='bbox 1495 5183 1655 5248; x_wconf 88' lang='lat' dir='ltr'><strong>enim</strong></span> <span class='ocrx_word' id='word_1_703' title='bbox 1677 5183 1789 5246; x_wconf 85' lang='lat' dir='ltr'>hoc</span> <span class='ocrx_word' id='word_1_704' title='bbox 1811 5194 2006 5265; x_wconf 90' lang='lat' dir='ltr'><strong>potest</strong></span> 
     </span>
    </p>
   </div>
   <div class='ocr_carea' id='block_1_99' title="bbox 357 5268 2006 5353">
    <p class='ocr_par' dir='ltr' id='par_1_99' title="bbox 357 5268 2006 5353">
     <span class='ocr_line' id='line_1_99' title="bbox 357 5268 2006 5353; baseline 0 -16"><span class='ocrx_word' id='word_1_705' title='bbox 357 5273 422 5337; x_wconf 90' lang='lat' dir='ltr'>in</span> <span class='ocrx_word' id='word_1_706' title='bbox 453 5273 895 5336; x_wconf 83' lang='lat' dir='ltr'><strong>excusationem</strong></span> <span class='ocrx_word' id='word_1_707' title='bbox 926 5268 1190 5353; x_wconf 78' lang='lat' dir='ltr'><strong>proferre</strong></span> <span class='ocrx_word' id='word_1_708' title='bbox 1224 5287 1239 5334; x_wconf 90' lang='lat'>:</span> <span class='ocrx_word' id='word_1_709' title='bbox 1272 5268 1458 5332; x_wconf 89' lang='lat' dir='ltr'><strong>Nemo</strong></span> <span class='ocrx_word' id='word_1_710' title='bbox 1480 5270 1627 5334; x_wconf 89' lang='lat' dir='ltr'><strong>mihi</strong></span> <span class='ocrx_word' id='word_1_711' title='bbox 1651 5271 1799 5336; x_wconf 83' lang='lat' dir='ltr'><strong>dixit</strong></span> <span class='ocrx_word' id='word_1_712' title='bbox 1823 5293 1837 5339; x_wconf 90' lang='lat'>:</span> <span class='ocrx_word' id='word_1_713' title='bbox 1864 5273 2006 5339; x_wconf 88' lang='lat' dir='ltr'>Nul-</span> 
     </span>
    </p>
   </div>
   <div class='ocr_carea' id='block_1_100' title="bbox 359 5357 2004 5441">
    <p class='ocr_par' dir='ltr' id='par_1_100' title="bbox 359 5357 2004 5441">
     <span class='ocr_line' id='line_1_100' title="bbox 359 5357 2004 5441; baseline -0.001 -14"><span class='ocrx_word' id='word_1_714' title='bbox 359 5363 456 5427; x_wconf 89' lang='lat' dir='ltr'>lus</span> <span class='ocrx_word' id='word_1_715' title='bbox 483 5380 579 5426; x_wconf 90' lang='lat' dir='ltr'>me</span> <span class='ocrx_word' id='word_1_716' title='bbox 607 5362 950 5426; x_wconf 81' lang='lat' dir='ltr'><strong>adhortatus</strong></span> <span class='ocrx_word' id='word_1_717' title='bbox 980 5367 1090 5423; x_wconf 90' lang='lat' dir='ltr'><strong>est.</strong></span> <span class='ocrx_word' id='word_1_718' title='bbox 1141 5357 1311 5433; x_wconf 87' lang='lat' dir='ltr'><strong>Quod</strong></span> <span class='ocrx_word' id='word_1_719' title='bbox 1361 5378 1499 5441; x_wconf 72' lang='lat' dir='ltr'><strong>ergo</strong></span> <span class='ocrx_word' id='word_1_720' title='bbox 1541 5361 1688 5424; x_wconf 80' lang='lat' dir='ltr'><strong>dixit</strong></span> <span class='ocrx_word' id='word_1_721' title='bbox 1715 5366 2004 5425; x_wconf 70' lang='grc' dir='ltr'>αὖτοκατά-</span> 
     </span>
    </p>
   </div>
   <div class='ocr_carea' id='block_1_101' title="bbox 357 5447 2004 5539">
    <p class='ocr_par' dir='ltr' id='par_1_101' title="bbox 357 5447 2004 5539">
     <span class='ocr_line' id='line_1_101' title="bbox 357 5447 2004 5539; baseline 0.004 -25"><span class='ocrx_word' id='word_1_722' title='bbox 357 5473 559 5534; x_wconf 82' lang='grc' dir='ltr'>κριτος,</span> <span class='ocrx_word' id='word_1_723' title='bbox 593 5456 692 5514; x_wconf 87' lang='lat' dir='ltr'>aut</span> <span class='ocrx_word' id='word_1_724' title='bbox 719 5448 882 5513; x_wconf 89' lang='lat' dir='ltr'><strong>idem</strong></span> <span class='ocrx_word' id='word_1_725' title='bbox 912 5455 1003 5512; x_wconf 82' lang='lat' dir='ltr'>est</span> <span class='ocrx_word' id='word_1_726' title='bbox 1031 5447 1187 5532; x_wconf 90' lang='lat' dir='ltr'><strong>qued</strong></span> <span class='ocrx_word' id='word_1_727' title='bbox 1243 5449 1685 5533; x_wconf 81' lang='lat' dir='ltr'><strong>inexcusabilis,</strong></span> <span class='ocrx_word' id='word_1_728' title='bbox 1719 5463 1839 5534; x_wconf 89' lang='lat' dir='ltr'><strong>aut,</strong></span> <span class='ocrx_word' id='word_1_729' title='bbox 1871 5457 2004 5539; x_wconf 88' lang='lat' dir='ltr'><strong>Ipse</strong></span> 
     </span>
    </p>
   </div>
   <div class='ocr_carea' id='block_1_102' title="bbox 431 5613 872 5703">
    <p class='ocr_par' dir='ltr' id='par_1_102' title="bbox 431 5613 872 5703">
     <span class='ocr_line' id='line_1_102' title="bbox 431 5613 872 5703; baseline -0.023 -16"><span class='ocrx_word' id='word_1_730' title='bbox 431 5617 469 5672; x_wconf 78' lang='grc'><strong>4</strong></span> <span class='ocrx_word' id='word_1_731' title='bbox 492 5615 651 5686; x_wconf 84' lang='lat' dir='ltr'><strong>Tim.</strong></span> <span class='ocrx_word' id='word_1_732' title='bbox 681 5632 746 5703; x_wconf 85' lang='grc' dir='ltr'>ιι,</span> <span class='ocrx_word' id='word_1_733' title='bbox 769 5613 872 5681; x_wconf 82' lang='grc'>25.</span> 
     </span>
    </p>
   </div>
   <div class='ocr_carea' id='block_1_103' title="bbox 2093 4544 3732 4635">
    <p class='ocr_par' dir='ltr' id='par_1_103' title="bbox 2093 4544 3732 4635">
     <span class='ocr_line' id='line_1_103' title="bbox 2093 4544 3732 4635; baseline -0.004 -21"><span class='ocrx_word' id='word_1_734' title='bbox 2093 4544 2211 4635; x_wconf 70' lang='grc' dir='ltr'>μετ’</span> <span class='ocrx_word' id='word_1_735' title='bbox 2288 4544 2426 4633; x_wconf 71' lang='grc' dir='ltr'>ἐμοῦ</span> <span class='ocrx_word' id='word_1_736' title='bbox 2513 4544 2749 4620; x_wconf 70' lang='grc' dir='ltr'>πάντες.</span> <span class='ocrx_word' id='word_1_737' title='bbox 2850 4544 3138 4614; x_wconf 61' lang='grc' dir='ltr'>’Ἄσπασαι</span> <span class='ocrx_word' id='word_1_738' title='bbox 3235 4554 3356 4617; x_wconf 83' lang='grc' dir='ltr'>τοὺς</span> <span class='ocrx_word' id='word_1_739' title='bbox 3457 4550 3732 4633; x_wconf 70' lang='grc' dir='ltr'>φιλοῦντας</span> 
     </span>
    </p>
   </div>
   <div class='ocr_carea' id='block_1_104' title="bbox 2089 4636 3733 4725">
    <p class='ocr_par' dir='ltr' id='par_1_104' title="bbox 2089 4636 3733 4725">
     <span class='ocr_line' id='line_1_104' title="bbox 2089 4636 3733 4725; baseline -0.005 -21"><span class='ocrx_word' id='word_1_740' title='bbox 2089 4650 2234 4724; x_wconf 80' lang='grc' dir='ltr'>ἡμᾶς</span> <span class='ocrx_word' id='word_1_741' title='bbox 2287 4646 2342 4703; x_wconf 75' lang='grc' dir='ltr'>ἕν</span> <span class='ocrx_word' id='word_1_742' title='bbox 2437 4647 2630 4709; x_wconf 87' lang='grc' dir='ltr'>πίστει,</span> <span class='ocrx_word' id='word_1_743' title='bbox 2707 4636 2772 4702; x_wconf 68' lang='grc' dir='ltr'><strong>Ἠ</strong></span> <span class='ocrx_word' id='word_1_744' title='bbox 2867 4644 3025 4725; x_wconf 78' lang='grc' dir='ltr'>χάρις</span> <span class='ocrx_word' id='word_1_745' title='bbox 3109 4643 3242 4720; x_wconf 80' lang='grc' dir='ltr'>μετὰ</span> <span class='ocrx_word' id='word_1_746' title='bbox 3322 4641 3532 4704; x_wconf 67' lang='grc' dir='ltr'>πάντων</span> <span class='ocrx_word' id='word_1_747' title='bbox 3587 4641 3733 4717; x_wconf 79' lang='grc' dir='ltr'>ὑμῶν</span> 
     </span>
    </p>
   </div>
   <div class='ocr_carea' id='block_1_105' title="bbox 2089 4735 2284 4808">
    <p class='ocr_par' dir='ltr' id='par_1_105' title="bbox 2089 4735 2284 4808">
     <span class='ocr_line' id='line_1_105' title="bbox 2089 4735 2284 4808; baseline 0 0"><span class='ocrx_word' id='word_1_748' title='bbox 2089 4735 2284 4808; x_wconf 73' lang='grc' dir='ltr'>Ἀμήν.</span> 
     </span>
    </p>
   </div>
   <div class='ocr_carea' id='block_1_106' title="bbox 2152 4759 3732 4905">
    <p class='ocr_par' dir='ltr' id='par_1_106' title="bbox 2152 4759 3732 4905">
     <span class='ocr_line' id='line_1_106' title="bbox 2152 4759 3732 4905; baseline -0.005 -22"><span class='ocrx_word' id='word_1_749' title='bbox 2152 4759 2284 4885; x_wconf 39' lang='lat' dir='ltr'>“Et.</span> <span class='ocrx_word' id='word_1_750' title='bbox 2332 4847 2412 4882; x_wconf 90' lang='grc' dir='ltr'>τοι</span> <span class='ocrx_word' id='word_1_751' title='bbox 2461 4822 2704 4905; x_wconf 86' lang='grc' dir='ltr'>ἀλλαχοῦ</span> <span class='ocrx_word' id='word_1_752' title='bbox 2755 4845 2910 4903; x_wconf 78' lang='grc' dir='ltr'>φησι,</span> <span class='ocrx_word' id='word_1_753' title='bbox 2972 4845 3001 4877; x_wconf 73' lang='grc' dir='ltr'>ι</span> <span class='ocrx_word' id='word_1_754' title='bbox 3033 4821 3121 4892; x_wconf 75' lang='grc' dir='ltr'>Μή</span> <span class='ocrx_word' id='word_1_755' title='bbox 3165 4841 3294 4878; x_wconf 87' lang='grc' dir='ltr'>ποτε</span> <span class='ocrx_word' id='word_1_756' title='bbox 3351 4819 3424 4895; x_wconf 81' lang='grc' dir='ltr'>δῷ</span> <span class='ocrx_word' id='word_1_757' title='bbox 3479 4820 3658 4884; x_wconf 69' lang='grc' dir='ltr'>αὺτοῖς</span> <span class='ocrx_word' id='word_1_758' title='bbox 3703 4821 3732 4877; x_wconf 81' lang='grc' dir='ltr'>ὁ</span> 
     </span>
    </p>
   </div>
   <div class='ocr_carea' id='block_1_107' title="bbox 2092 4907 3728 4991">
    <p class='ocr_par' dir='ltr' id='par_1_107' title="bbox 2092 4907 3728 4991">
     <span class='ocr_line' id='line_1_107' title="bbox 2092 4907 3728 4991; baseline -0.005 -19"><span class='ocrx_word' id='word_1_759' title='bbox 2092 4917 2220 4979; x_wconf 80' lang='grc' dir='ltr'>Θεὸς</span> <span class='ocrx_word' id='word_1_760' title='bbox 2291 4914 2597 4991; x_wconf 78' lang='grc' dir='ltr'>μετάνοιαν,</span> <span class='ocrx_word' id='word_1_761' title='bbox 2635 4935 2659 4970; x_wconf 72' lang='grc' dir='ltr'>ι</span> <span class='ocrx_word' id='word_1_762' title='bbox 2723 4915 2843 4976; x_wconf 83' lang='grc' dir='ltr'>Πῶς</span> <span class='ocrx_word' id='word_1_763' title='bbox 2912 4911 3000 4968; x_wconf 81' lang='grc' dir='ltr'>οὖν</span> <span class='ocrx_word' id='word_1_764' title='bbox 3054 4907 3154 4966; x_wconf 81' lang='grc' dir='ltr'>ὦδε</span> <span class='ocrx_word' id='word_1_765' title='bbox 3209 4911 3575 4989; x_wconf 83' lang='grc' dir='ltr'>παραιτεῖσθαι</span> <span class='ocrx_word' id='word_1_766' title='bbox 3633 4929 3728 4965; x_wconf 88' lang='grc' dir='ltr'>κε-</span> 
     </span>
    </p>
   </div>
   <div class='ocr_carea' id='block_1_108' title="bbox 2089 4995 3729 5086">
    <p class='ocr_par' dir='ltr' id='par_1_108' title="bbox 2089 4995 3729 5086">
     <span class='ocr_line' id='line_1_108' title="bbox 2089 4995 3729 5086; baseline -0.006 -24"><span class='ocrx_word' id='word_1_767' title='bbox 2089 5003 2276 5086; x_wconf 81' lang='grc' dir='ltr'>λεύει;</span> <span class='ocrx_word' id='word_1_768' title='bbox 2333 5003 2488 5061; x_wconf 62' lang='grc' dir='ltr'>Ἐκεῖ⁹</span> <span class='ocrx_word' id='word_1_769' title='bbox 2529 5003 2646 5081; x_wconf 85' lang='grc' dir='ltr'>περὶ</span> <span class='ocrx_word' id='word_1_770' title='bbox 2712 5004 2815 5058; x_wconf 82' lang='grc' dir='ltr'>τῶν</span> <span class='ocrx_word' id='word_1_771' title='bbox 2870 4998 3053 5058; x_wconf 88' lang='grc' dir='ltr'>ἐλπίδα</span> <span class='ocrx_word' id='word_1_772' title='bbox 3100 4997 3337 5078; x_wconf 86' lang='grc' dir='ltr'>ἐχόντων</span> <span class='ocrx_word' id='word_1_773' title='bbox 3407 4995 3729 5086; x_wconf 62' lang='grc' dir='ltr'>διορθώσεως</span> 
     </span>
    </p>
   </div>
   <div class='ocr_carea' id='block_1_109' title="bbox 2088 5065 3730 5174">
    <p class='ocr_par' dir='ltr' id='par_1_109' title="bbox 2088 5065 3730 5174">
     <span class='ocr_line' id='line_1_109' title="bbox 2088 5065 3730 5174; baseline -0.007 -23"><span class='ocrx_word' id='word_1_774' title='bbox 2088 5094 2231 5174; x_wconf 86' lang='grc' dir='ltr'>λέγει</span> <span class='ocrx_word' id='word_1_775' title='bbox 2259 5065 2283 5130; x_wconf 50' lang='grc' dir='ltr'><strong>ἶ</strong></span> <span class='ocrx_word' id='word_1_776' title='bbox 2313 5090 2414 5150; x_wconf 80' lang='grc' dir='ltr'>ὧδε</span> <span class='ocrx_word' id='word_1_777' title='bbox 2457 5091 2531 5170; x_wconf 78' lang='grc' dir='ltr'>δὲ,</span> <span class='ocrx_word' id='word_1_778' title='bbox 2578 5065 2695 5168; x_wconf 76' lang='grc' dir='ltr'>περὶ</span> <span class='ocrx_word' id='word_1_779' title='bbox 2735 5092 2840 5148; x_wconf 82' lang='grc' dir='ltr'>τῶν</span> <span class='ocrx_word' id='word_1_780' title='bbox 2867 5089 3051 5146; x_wconf 80' lang='grc' dir='ltr'>ἀνίατα</span> <span class='ocrx_word' id='word_1_781' title='bbox 3097 5088 3409 5149; x_wconf 80' lang='grc' dir='ltr'>νοσούντων,</span> <span class='ocrx_word' id='word_1_782' title='bbox 3445 5107 3471 5140; x_wconf 75' lang='grc' dir='ltr'>α</span> <span class='ocrx_word' id='word_1_783' title='bbox 3515 5065 3600 5141; x_wconf 60' lang='grc' dir='ltr'>ἲὶν</span> <span class='ocrx_word' id='word_1_784' title='bbox 3641 5085 3730 5142; x_wconf 79' lang='grc' dir='ltr'>αῦ-</span> 
     </span>
    </p>
   </div>
   <div class='ocr_carea' id='block_1_110' title="bbox 2085 5173 3731 5263">
    <p class='ocr_par' dir='ltr' id='par_1_110' title="bbox 2085 5173 3731 5263">
     <span class='ocr_line' id='line_1_110' title="bbox 2085 5173 3731 5263; baseline -0.005 -21"><span class='ocrx_word' id='word_1_785' title='bbox 2085 5173 2482 5263; x_wconf 83' lang='grc' dir='ltr'>τοκατάκριτος,</span> <span class='ocrx_word' id='word_1_786' title='bbox 2542 5205 2564 5238; x_wconf 74' lang='grc' dir='ltr'>ι</span> <span class='ocrx_word' id='word_1_787' title='bbox 2615 5180 2745 5239; x_wconf 78' lang='grc' dir='ltr'>Οῧτε</span> <span class='ocrx_word' id='word_1_788' title='bbox 2798 5180 2896 5258; x_wconf 82' lang='grc' dir='ltr'>γὰρ</span> <span class='ocrx_word' id='word_1_789' title='bbox 2952 5177 3067 5258; x_wconf 77' lang='grc' dir='ltr'>ἔχει</span> <span class='ocrx_word' id='word_1_790' title='bbox 3123 5177 3254 5256; x_wconf 78' lang='grc' dir='ltr'>πρὸς</span> <span class='ocrx_word' id='word_1_791' title='bbox 3282 5173 3571 5255; x_wconf 87' lang='grc' dir='ltr'>ἀπολογίαν</span> <span class='ocrx_word' id='word_1_792' title='bbox 3600 5197 3731 5255; x_wconf 90' lang='grc' dir='ltr'>προ-</span> 
     </span>
    </p>
   </div>
   <div class='ocr_carea' id='block_1_111' title="bbox 2085 5263 3725 5352">
    <p class='ocr_par' dir='ltr' id='par_1_111' title="bbox 2085 5263 3725 5352">
     <span class='ocr_line' id='line_1_111' title="bbox 2085 5263 3725 5352; baseline -0.008 -19"><span class='ocrx_word' id='word_1_793' title='bbox 2085 5273 2386 5345; x_wconf 64' lang='grc' dir='ltr'>ϐάλλεσθαι,</span> <span class='ocrx_word' id='word_1_794' title='bbox 2432 5271 2536 5352; x_wconf 78' lang='grc' dir='ltr'>ὅτι,</span> <span class='ocrx_word' id='word_1_795' title='bbox 2599 5269 2772 5335; x_wconf 71' lang='grc' dir='ltr'>Οὖδείς</span> <span class='ocrx_word' id='word_1_796' title='bbox 2840 5290 2931 5345; x_wconf 84' lang='grc' dir='ltr'>μοι</span> <span class='ocrx_word' id='word_1_797' title='bbox 2988 5267 3142 5324; x_wconf 72' lang='grc' dir='ltr'>εἶπεν</span> <span class='ocrx_word' id='word_1_798' title='bbox 3176 5281 3190 5295; x_wconf 88' lang='grc'><em>’</em></span> <span class='ocrx_word' id='word_1_799' title='bbox 3239 5263 3415 5328; x_wconf 68' lang='grc' dir='ltr'>Οὐδείς</span> <span class='ocrx_word' id='word_1_800' title='bbox 3465 5287 3555 5340; x_wconf 87' lang='grc' dir='ltr'>μοι</span> <span class='ocrx_word' id='word_1_801' title='bbox 3585 5287 3725 5345; x_wconf 88' lang='grc' dir='ltr'>παρ-</span> 
     </span>
    </p>
   </div>
   <div class='ocr_carea' id='block_1_112' title="bbox 2084 5352 3724 5443">
    <p class='ocr_par' dir='ltr' id='par_1_112' title="bbox 2084 5352 3724 5443">
     <span class='ocr_line' id='line_1_112' title="bbox 2084 5352 3724 5443; baseline -0.008 -20"><span class='ocrx_word' id='word_1_802' title='bbox 2084 5365 2262 5443; x_wconf 74' lang='grc' dir='ltr'>ῄνεσε.</span> <span class='ocrx_word' id='word_1_803' title='bbox 2367 5364 2438 5422; x_wconf 81' lang='grc' dir='ltr'>Τὸ</span> <span class='ocrx_word' id='word_1_804' title='bbox 2561 5358 3026 5437; x_wconf 67' lang='grc' dir='ltr'>αὐτοκατάκριτος,</span> <span class='ocrx_word' id='word_1_805' title='bbox 3149 5355 3184 5424; x_wconf 74' lang='grc' dir='ltr'><strong>ἢ</strong></span> <span class='ocrx_word' id='word_1_806' title='bbox 3293 5352 3724 5443; x_wconf 77' lang='grc' dir='ltr'>Ἀναπολόγητός</span> 
     </span>
    </p>
   </div>
   <div class='ocr_carea' id='block_1_113' title="bbox 2084 5441 3724 5534">
    <p class='ocr_par' dir='ltr' id='par_1_113' title="bbox 2084 5441 3724 5534">
     <span class='ocr_line' id='line_1_113' title="bbox 2084 5441 3724 5534; baseline -0.01 -19"><span class='ocrx_word' id='word_1_807' title='bbox 2084 5441 2246 5534; x_wconf 85' lang='grc' dir='ltr'>ἐστιν,</span> <span class='ocrx_word' id='word_1_808' title='bbox 2279 5455 2337 5532; x_wconf 74' lang='grc' dir='ltr'>ἢ,</span> <span class='ocrx_word' id='word_1_809' title='bbox 2385 5452 2549 5517; x_wconf 73' lang='grc' dir='ltr'>Αὐτὸς</span> <span class='ocrx_word' id='word_1_810' title='bbox 2607 5451 2688 5533; x_wconf 76' lang='grc' dir='ltr'>ὑφ’</span> <span class='ocrx_word' id='word_1_811' title='bbox 2731 5449 2917 5508; x_wconf 83' lang='grc' dir='ltr'>ἑαυτοῦ</span> <span class='ocrx_word' id='word_1_812' title='bbox 2959 5448 3171 5515; x_wconf 78' lang='grc' dir='ltr'>καὶτῆς</span> <span class='ocrx_word' id='word_1_813' title='bbox 3228 5445 3423 5510; x_wconf 74' lang='grc' dir='ltr'>οἰκείας</span> <span class='ocrx_word' id='word_1_814' title='bbox 3479 5441 3724 5514; x_wconf 78' lang='grc' dir='ltr'>συνειδὴ-</span> 
     </span>
    </p>
   </div>
  </div>
