4152 6216
448 323 566 393 263

930 460 1069 523 509
1113 459 1624 524 THEODORETI.

522 562 828 626 Philemon
860 563 1178 646 praeclarus
1206 563 1450 644 quidam
1485 563 1578 624 vir
1604 569 1728 624 erat
1763 585 1775 620 :
1810 561 2098 644 Phrygius

441 652 680 736 quidem
709 670 948 733 genere,
985 651 1250 713 moribus
1281 659 1477 714 autem
1531 650 1750 726 fidelis,
1803 650 1859 713 ei
1889 650 2095 714 inene—

441 741 816 805 cessitatibus
845 752 1187 804 sanctorum
1249 740 1636 822 participans.
1672 741 1864 820 Hujus
1889 757 2096 802 servus

439 830 753 894 Onesimus
774 831 996 908 aufugit
1019 829 1274 910 expilata
1299 829 1566 894 domino.
1592 828 1702 901 Qui
1728 847 1865 891 cum
1889 829 2096 893 Romae

435 921 508 982 ad
538 920 779 982 Paulum
802 918 1082 994 venisset,
1115 917 1188 980 ab
1217 919 1350 1000 ipso
1382 919 1710 980 instructus
1735 927 1823 980 est
1852 926 1910 980 et
1939 917 2092 998 bap-

439 1011 642 1071 tizatus
674 1026 688 1071 :
722 1025 977 1088 cumque
1007 1006 1228 1069 Paulus
1271 1016 1428 1070 esset
1458 1007 1517 1069 in
1549 1007 1823 1083 vinculis,
1858 1006 2093 1086 egregie

435 1116 500 1160 se
529 1096 731 1177 gessit.
791 1093 964 1158 Nunc
993 1097 1066 1158 ad
1125 1096 1536 1158 Philomonem
1597 1096 1822 1158 remitti
1852 1096 1987 1158 data
2014 1095 2089 1157 ad

437 1198 629 1266 ipsum
685 1185 1176 1247 commendatitia
1219 1187 1331 1247 hac
1359 1185 1641 1266 Epistola.
1674 1184 1858 1247 Aiunt
1889 1193 2089 1248 autem

437 1277 677 1359 quidam
707 1295 824 1338 non
847 1275 1068 1338 debere
1087 1276 1238 1338 hanc
1256 1277 1485 1338 caeteris
1505 1275 1928 1338 connumerari
1957 1275 2095 1357 Epi-

437 1366 625 1448 stolis,
650 1366 805 1448 quod
835 1366 909 1428 de
937 1383 1003 1426 re
1055 1365 1213 1445 parvi
1245 1365 1535 1428 momenti
1565 1365 1788 1447 scripta
1817 1372 1928 1430 est.
1973 1364 2088 1428 Sed

437 1455 572 1517 vide
602 1462 835 1536 quantae
864 1473 932 1516 ex
963 1454 1075 1516 hac
1101 1454 1452 1534 colligantur
1485 1455 1793 1518 utilitates.
1825 1453 2089 1518 Primum

435 1544 676 1607 instruit
703 1551 768 1604 ut
789 1543 851 1604 in
902 1542 1095 1623 parvis
1151 1543 1330 1606 etiam
1390 1542 1570 1606 rebus
1599 1543 1850 1606 studiosi
1878 1543 2083 1604 simus.

434 1632 735 1713 Secundo,
771 1631 926 1713 quod
955 1631 1005 1693 si
1034 1649 1238 1694 servus
1269 1632 1416 1694 adeo
1442 1632 1749 1713 improbus
1769 1650 2088 1695 conversus

438 1731 548 1804 est,
570 1741 687 1784 non
702 1728 1296 1802 Oportetquemquam
1313 1720 1564 1783 liberum
1582 1722 1928 1803 desperare.
1943 1721 2085 1784 Ter-

1489 406 1493 412 _
1564 324 1976 393 (ECUMENII
2019 322 2316 390 TRICCE
2357 323 2691 392 EPISCOP-I

2120 468 2163 517 Λ
2772 466 3237 523 ΘΕΟΔΩΡΗΤΟΥ.

3707 323 3826 391 264

2262 554 2319 622 Ὀ
2375 561 2631 638 Φιλήμων
2684 563 2969 638 θαυμάσιός
2997 585 3077 627 τις
3119 563 3185 631 ἧν
3253 562 3410 643 ἀνὴρ,
3471 561 3608 642 Φρὺξ
3637 560 3734 629 μὲν
3761 562 3822 618 τὸ

2176 649 2352 730 γένος,
2420 653 2604 715 πιστὸς
2650 652 2704 707 οὲ
2746 654 2836 708 τὸν
2889 653 3110 731 τρόπον,
3182 652 3269 707 καὶ
3315 664 3438 716 ταῖς
3485 651 3687 731 χρείαις
3715 651 3824 709 τῶν

2178 740 2339 819 ἁγίων
2406 746 2693 800 κοινωνῶν.
2751 741 2948 819 ,Τούτου
3002 737 3184 804 δοῦλος
3241 737 3529 817 Ὀνήσιμος
3598 737 3816 818 ἀπέδρα,

2178 818 2450 909 κεκλοφὼς
2495 829 2670 888 αὐτόν.
2722 818 2827 895 υΟς
2882 830 3310 909 παραγενόμενος
3366 829 3419 886 ἐν
3475 821 3654 905 Ῥώμῃ
3686 829 3819 908 πρὸς

2176 920 2267 974 τὸν
2338 917 2566 999 Παῦλον,
2626 921 2918 999 κατηχήθη
2972 916 3097 998 παρ’
3154 921 3334 994 αὐτοῦ,
3377 920 3464 976 καὶ
3491 919 3811 996 βαπτισθεὶς,

2175 1006 2228 1063 ἐν
2284 1004 2502 1082 δεσμοῖς
2566 1005 2717 1072 ὅντος
2793 1007 2886 1064 τοῦ
2962 1006 3191 1078 Παύλου,
3260 1009 3546 1085 θαυμάσιος
3606 1006 3814 1086 γέγονε.

2172 1099 2364 1155 Τοῦτον
2399 1097 2701 1173 ἀποπέμπει
2769 1100 2900 1176 πρὸς
2957 1101 3047 1156 τὸν
3105 1097 3387 1174 Φιλήμονα
3455 1098 3813 1178 παραθετιιιὴν

2173 1188 2316 1262 αὐτῷ
2344 1187 2541 1254 ταύτην
2569 1189 2797 1258 ποιήσας
2849 1188 2947 1255 τὴν
2980 1185 3323 1258 Ἐπιστολήν.
3381 1189 3514 1244 Φασὶ
3571 1185 3629 1243 δέ
3650 1207 3809 1250 τινες.

2174 1275 2251 1351 μὴ
2282 1280 2477 1354 χρῆναι
2535 1279 2957 1354 συναριθμεῖσθαι
3008 1289 3133 1341 ταῖς
3175 1275 3393 1340 λοιπαῖς
3440 1275 3807 1350 Ἐπιστολαῖς,

2171 1364 2299 1443 ὑπὲρ
2329 1363 2568 1428 εὐτελοῦς
2638 1368 2891 1444 θραςρεϊσα
2941 1365 3276 1444 πράγματος.
3329 1363 3479 1422 Ἀλλ’
3549 1364 3643 1444 ὅρα
3673 1363 3811 1420 πόσα

2171 1451 2233 1507 ἐκ
2259 1454 2456 1520 ταύτης
2499 1454 2565 1509 τὰ
2621 1455 2886 1534 χρήσιμα.
2949 1455 3185 1532 Πρῶτον,
3258 1452 3486 1510 παιδεύει
3542 1455 3630 1509 καὶ
3683 1452 3812 1530 ὑπὲρ

2170 1543 2394 1598 εὐτελῶν
2448 1543 2590 1599 εἶναι
2633 1540 2963 1607 σπουδαίους,
3041 1543 3313 1622 Δεύτερον,
3387 1541 3466 1598 ὅτι
3523 1544 3567 1598 εἰ
3626 1539 3808 1604 δοῦλος

2169 1631 2333 1696 οὕτως
2361 1633 2548 1708 ἰταμὸς
2581 1631 2919 1711 ἐπέστρεψεν.
2966 1631 3026 1689 οὗ
3082 1629 3166 1690 δεῖ
3208 1639 3314 1688 τῶν
3370 1631 3646 1711 ἐλευθέρων
3677 1631 3811 1686 ἀπο-

2167 1721 2465 1800 γινώσκειν,
2564 1723 2767 1800 Τρίτον,
2867 1719 2947 1777 ὅτι
3028 1724 3086 1779 οὐ
3189 1722 3448 1801 προσήκοι
3551 1720 3806 1800 προφάσει

438 1812 542 1888 tio,
574 1810 734 1892 quod
766 1827 886 1871 non
937 1817 1204 1890 oporteat
1261 1810 1494 1891 pietatis
1555 1817 1834 1892 praetextu
1885 1828 2073 1872 servos

2168 1808 2459 1885 εὐλαϐείας,
2511 1808 2720 1874 δούλους
2787 1809 3030 1882 ἀποσπᾷν
3100 1809 3335 1867 ἀκόντων
3383 1811 3488 1866 τῶν
3515 1806 3802 1866 δεσποτῶν.

431 1899 630 1961 invitis
658 1897 920 1960 dominis
941 1898 1307 1961 abstrahere.
1333 1897 1574 1974 Quarto,
1590 1899 1744 1980 quod
1765 1916 1882 1960 non
1913 1917 2085 1980 opor-

434 1996 552 2050 teat
571 2006 676 2051 nos
690 1987 1045 2068 pudefacere
1083 2005 1284 2048 servos
1298 1987 1507 2050 virtute
1524 1988 1822 2069 prmditos,
1844 1989 2102 2069 quando-

432 2077 647 2140 Paulus
677 2074 1029 2139 Onesimum
1060 2083 1228 2138 vocat
1277 2076 1486 2138 ﬁlium.
1520 2077 1646 2150 Qua
1694 2077 1872 2156 igitur
1903 2095 2079 2141 causa

430 2165 750 2248 Epistolam
784 2183 916 2247 quae
944 2171 1166 2226 tantum
1204 2166 1488 2229 afferebat
1530 2166 1793 2229 utilitatis
1822 2185 1941 2229 non
1971 2185 2078 2228 ex-

428 2254 704 2337 pediebat
723 2254 955 2317 caeteris
982 2258 1359 2318 annumerari
1385 2255 1416 2315 ?

421 2357 562 2418 503
581 2356 691 2418 AD
714 2355 1723 2423 PHILEMONEMEPISTOL/E
1751 2357 1844 2421 0A
1855 2356 2040 2419 ΡΙΤΑ
2058 2403 2072 2418 .

429 2465 486 2523 ι.
518 2457 682 2522 Laus
711 2457 1088 2521 Philemonis
1118 2465 1179 2521 et
1200 2463 1550 2536 gratiarum
1581 2461 1744 2523 actio
1770 2478 1892 2542 pro
1920 2460 2070 2541 ipso.

423 2635 484 2696 2.
512 2634 964 2698 Commendatio
987 2632 1262 2698 Onesimi
1289 2635 1545 2717 fugitivi
1563 2642 1748 2712 servi,
1772 2644 1833 2699 et
1855 2638 2076 2701 admo-

499 2725 654 2786 nitio
668 2740 782 2803 pro
802 2725 931 2805 ipso
961 2729 1071 2806 qui
1097 2725 1305 2788 salvus
1336 2731 1469 2788 erat
1485 2742 1602 2806 per
1623 2724 1808 2805 ﬁdem

2168 1898 2448 1978 Τέταρτον,
2495 1899 2574 1955 ὅτι
2633 1901 2692 1956 οὗ
2720 1899 2830 1979 χρὴ
2887 1901 3029 1975 ἡμᾶς
3071 1900 3192 1962 τοὺς
3249 1896 3463 1963 δούλους
3492 1897 3806 1977 ἐπαισχύνε-

2166 1991 2282 2044 σθαι
2315 1988 2584 2068 ἐναρέτους
2611 1988 2786 2062 ἅντας,
2849 1985 3007 2044 ὅπότε
3053 1987 3260 2052 Παῦλος
3315 1988 3498 2044 τέκνον
3527 1986 3684 2044 καλεῖ
3713 1988 3803 2042 τὸν

2165 2074 2476 2154 Ὀνησιμον,
2503 2085 2624 2141 Πῶς
2673 2078 2761 2134 οὖν
2800 2078 2900 2144 τὴν
2955 2078 3217 2144 τοσαύτην
3273 2075 3528 2157 ὠφέλειαν
3575 2075 3799 2156 ἔχουσαν

2163 2163 2485 2235 Ἐπιστολὴν
2518 2169 2611 2224 οῦκ
2650 2164 2752 2223 ἔδει
2781 2168 3207 2245 καταριθμετςθαι
3236 2179 3359 2232 ταῖς
3387 2164 3636 2246 λοιπατςς

2201 2363 2544 2416 ΚΕΦᾹΛΑΙΛ
2579 2365 2723 2416 ΤΗΣ
2755 2365 2926 2417 ΠΡΟΣ
2956 2363 3313 2418 ΦΙΛΗΜΟΝΑ
3345 2363 3729 2416 ΕΠΙΣΤΟΛΗΣ

2165 2482 2188 2515 ¢
2239 2450 2316 2519 α’.
2404 2448 2671 2524 ’Ἐπαινος
2738 2458 3033 2535 Φιλύμονος
3113 2461 3199 2516 καὶ
3309 2461 3612 2540 εόχαριστία
3668 2459 3798 2537 ὑπὲρ

2237 2548 2415 2611 αὖτοῦ.
2455 2573 2509 2604 »-

2164 2659 2186 2694 (ι
2220 2626 2296 2715 β’.
2342 2640 2599 2701 Σύστασις
2651 2633 2937 2713 Ὀνησίμου
2992 2635 3216 2718 φυγάδος
3276 2636 3501 2710 οἰκέτου,
3544 2637 3629 2694 καὶ
3687 2657 3791 2693 πα-

2236 2723 2488 2798 ράκλησις
2530 2726 2659 2806 ὑπὲρ
2687 2727 2842 2782 αὐτοῦ
2871 2726 3128 2790 σωθέντος
3147 2723 3231 2782 διὰ
3259 2726 3509 2789 πίστεως.
3548 2747 3572 2784 ι

1138 3031 1856 3162 ΠΑΥΛΟΥ
1977 3029 3070 3162 ΑΠΟΣΤΟΛΟΥ

934 3305 1006 3387 Η
1142 3301 1517 3388 ΠΡΟΣ
1634 3287 2406 3388 ΦἿΛΗΜὈΝΑ
2534 3302 3291 3389 ΕΠΙΣΤΟΛΗ

2064 3525 2141 3543 φ

1375 3699 1890 3831 PAULI
1988 3697 2848 3834 APOSTOLI

1217 3961 1382 4055 AD
1463 3951 2280 4053 PHILEMONEM
2360 3955 3000 4054 EPISTOLA-

491 4296 635 4391 vers
649 4301 774 4391 l-3.
792 4304 1020 4368 Paulus
1039 4304 1281 4368 vinctus
1299 4305 1446 4366 Iesu
1466 4307 1520 4365 et
1551 4299 1889 4369 Timotheus
1921 4307 2059 4385 fra-

2229 4331 2258 4362 α
2319 4306 2525 4373 Παῦλος
2583 4305 2794 4385 δέσμιος
2852 4299 3026 4379 Ἰησοῦ
3091 4317 3336 4391 Χριστοῦ,
3385 4311 3473 4367 καὶ
3531 4312 3783 4388 Τιμόθεος

405 4393 500 4450 ter
517 4389 871 4456 Philemoni
888 4393 1102 4457 dilecto
1121 4399 1177 4456 et
1196 4391 1441 4472 collegae
1460 4397 1690 4466 nostra,
1724 4397 1782 4454 et
1801 4393 2060 4475 Apphiae

403 4475 728 4564 dilectaeet
763 4482 1070 4564 Archippo
1107 4481 1508 4545 commilitoni
1571 4485 1795 4558 nostra,
1841 4489 1899 4546 et
1926 4500 2059 4563 qua

403 4563 568 4628 domi
595 4574 714 4630 tum
732 4576 820 4633 est
839 4563 1306 4653 congregationi
1327 4588 1350 4631 :
1375 4575 1584 4649 gratia
1603 4567 1765 4631 vobis
1783 4578 1841 4633 et
1861 4589 1993 4653 pax
2021 4591 2059 4635 a
2088 4582 2090 4585 '

403 4653 530 4717 Deo
553 4655 742 4721 Patre
763 4665 972 4723 nostro
999 4666 1054 4724 et
1079 4659 1336 4722 Domino
1365 4656 1516 4721 Iesu
1531 4655 1799 4721 Christo.

481 4828 690 4896 Statim
720 4832 796 4897 ab
825 4835 1067 4899 exordio
1097 4834 1404 4898 dominum
1455 4833 1717 4911 instruit,
1750 4852 1827 4900 ne
1858 4836 2052 4918 pude-

400 4917 577 4983 faciat
598 4939 858 4990 servum.
883 4922 1096 4989 Omnia
1129 4925 1313 5001 enim,
1337 4924 1516 4988 etiam
1538 4924 1793 5001 vincula,
1815 4917 2058 5008 propter

399 5009 695 5073 Christum
714 5012 1140 5078 honesta-sunt.
1165 5013 1235 5076 Et
1257 5014 1394 5096 quia
1431 5031 1662 5094 aequum
1709 5020 1799 5076 est
1824 5015 2053 5095 gratiﬁ-

399 5099 522 5160 cari
552 5098 609 5160 ei
629 5099 728 5181 qui
759 5110 1000 5185 propter
1051 5104 1349 5168 Christum
1377 5103 1606 5164 vinctus
1636 5109 1748 5166 est.
1785 5127 1815 5160 α
1845 5106 1916 5165 Et
1942 5103 2052 5167 Ti-

400 5187 676 5274 motheus
702 5189 908 5256 frater.
961 5217 989 5250 ι
1024 5194 1262 5258 Socium
1319 5191 1760 5274 deprecationis
1807 5194 2055 5257 assumit

397 5271 805 5346 Timotheum.
823 5303 855 5336 ι
877 5279 1209 5346 Philemoni
1240 5271 1482 5344 dilecto.
1508 5305 1535 5338 »
1573 5283 1634 5345 Si
1663 5280 1915 5344 dilectus
1935 5290 2046 5361 est,

394 5361 822 5452 gratiﬁcabitur
852 5384 868 5431 :
903 5369 958 5432 si
999 5372 1248 5452 collega,
1298 5371 1464 5435 dabit
1493 5388 1726 5433 servum
1759 5370 1834 5432 ad
1866 5372 2048 5434 mini-

396 5449 644 5541 sterium
686 5449 1484 5541 prmdicationisfSiquidem
1514 5459 1686 5522 datus
1728 5456 2050 5523 Onesimus

395 5536 658 5629 explebit
686 5559 836 5623 opus
867 5545 1108 5610 Domini
1135 5536 1529 5626 Philemonis,
1567 5570 1593 5606 ιι
1627 5547 1701 5610 Et
1725 5546 2042 5629 Apphiae.»

392 5626 688 5720 fortassis
712 5629 953 5713 Apphia
982 5653 1130 5700 uxor
1159 5642 1310 5720 erat,
1342 5643 1402 5700 et
1429 5634 1767 5717 Archippus
1781 5626 2042 5702 amicus.

391 5715 719 5782 Considera
746 5736 888 5785 vero
919 5722 1106 5786 animi
1134 5715 1510 5789 modestiam.
1540 5715 1687 5788 Nam
1718 5724 1828 5787 hos
1867 5727 2042 5791 etiam

2141 4398 2170 4453 ὁ
2237 4395 2483 4477 ἁδελφὸς,
2555 4397 2815 4474 Φιλήμονι
2893 4407 2971 4475 τῷ
3067 4399 3330 4478 ἀγαπητῷ
3405 4401 3492 4455 καὶ
3549 4403 3784 4480 συνεργῷ

2139 4487 2315 4566 ἡμῶνς
2388 4487 2476 4542 καὶ
2533 4483 2758 4568 Ἀπφίᾳί
2780 4494 2848 4566 τῇ
2901 4489 3158 4569 ἀγαπητῇ
3229 4489 3316 4543 καὶ
3375 4484 3658 4568 Ἀρχίππῳ
3705 4497 3782 4564 τῷ

2137 4575 2499 4654 συστρατιώτῇ
2524 4576 2700 4651 ἡμῶν,
2730 4578 2817 4633 καὶ
2846 4582 2915 4654 τῇ
2969 4575 3087 4634 κατ’
3133 4576 3288 4633 οἶκόν
3330 4597 3423 4632 σου
3461 4574 3778 4651 Ἐκκλησία,

2136 4663 2294 4743 Χάρις
2322 4667 2451 4740 ὖμτν
2495 4664 2584 4719 καὶ
2652 4665 2834 4744 εἰρήνη
2889 4665 2995 4723 ἀπὸ
3053 4671 3185 4724 Θεοῦ
3241 4666 3440 4744 Πατρὸς
3495 4667 3648 4741 ἡμῶν
3691 4666 3780 4723 καὶ

2137 4753 2330 4831 Κυρίου
2353 4750 2530 4821 Ἰησοῦ
2570 4759 2816 4832 Χριστοῦ,
2868 4777 2893 4814 ι

2217 4842 2420 4908 Εὐθέως
2488 4842 2548 4899 ἐκ
2593 4849 2884 4924 προοιμίων
2954 4843 3184 4902 παιδεύει
3239 4845 3329 4903 τὸν
3385 4842 3666 4922 δεσπότην,
3699 4846 3779 4922 μὴ

2136 4930 2541 5012 ἐπαισχύνεσθαι
2583 4933 2676 4988 τὸν
2716 4930 2922 4998 δοῦλον,
2982 4934 3160 4990 Πάντα
3216 4934 3315 5014 γὰρ
3365 4935 3453 4990 καὶ
3493 4931 3661 5010 δεσμὰ
3690 4933 3776 4991 διὰ

2135 5021 2224 5076 τὸν
2268 5022 2491 5099 Χριστὸν
2519 5019 2682 5083 καλά.
2738 5023 2836 5080 Καὶ
2891 5021 2971 5079 ὅτι
3029 5021 3224 5080 δίκαιον
3279 5023 3356 5099 τῷ
3425 5020 3508 5078 διὰ
3551 5027 3774 5102 Χριστὸν

2133 5106 2330 5185 δεσμίῳ
2356 5109 2566 5178 δοθῆναι
2593 5111 2695 5179 τὴν
2723 5111 2904 5192 χάριν.
2946 5130 2978 5173 (
3008 5112 3106 5169 Καὶ
3135 5112 3402 5188 Τιμόθεως
3447 5110 3732 5192 ὁᾶδελφός.
3751 5137 3770 5168 ι

2134 5197 2646 5278 Συμπαραλαμϐάνει
2703 5205 2802 5268 τῆς
2877 5200 3072 5265 ἱκεσίας
3128 5202 3377 5258 κοινωνὸν
3446 5201 3536 5257 τὸν
3607 5203 3777 5277 Τιμό-

2130 5287 2270 5348 θεον,
2323 5310 2351 5340 ιι
2391 5285 2658 5363 Φιλήμονι
2699 5294 2776 5363 τῷ
2818 5288 3103 5367 ἀγαπητῷ.
3142 5311 3166 5344 ιι
3229 5289 3288 5346 Εἰ
3343 5289 3644 5366 ἀγαπητὸς,
3691 5291 3780 5346 καὶ

2129 5371 2285 5431 δώσει
2315 5375 2412 5443 τὴν
2443 5377 2625 5456 χάριν.
2661 5377 2721 5434 Εἰ
2767 5379 3038 5456 συνεργὸς,
3097 5376 3251 5434 δώσει
3294 5378 3384 5434 τὸν
3416 5374 3602 5435 δοῦλον
3643 5379 3775 5454 πρὸς

2128 5463 2415 5542 ὑπηρεσίαν
2485 5471 2577 5520 τοῦ
2643 5466 3006 5546 κηρύγματος,
3099 5474 3266 5546 Εργον
3335 5465 3431 5524 καὶ
3509 5472 3602 5522 τοῦ
3685 5465 3777 5523 δε-

2127 5553 2354 5644 σπότουΔ
2379 5551 2715 5644 Φιλήμονοςν
2744 5552 3113 5644 ἀναπληρῷσει
3169 5553 3332 5620 δοθεὶς
3458 5551 3774 5644 ’φνήσιμοᾳ

2132 5661 2168 5727 α.
2197 5642 2297 5697 Καὶ
2339 5625 2623 5727 Ἀπφίᾴκ»
2688 5625 2834 5708 Ἴσως
2891 5645 2929 5714 ἡ
2960 5625 3180 5727 ’Ἂπφία
3229 5643 3440 5724 γαμετὴ
3489 5625 3586 5724 ἧν,
3626 5625 3716 5703 καὶ
3745 5648 3774 5704 ὁ

2129 5719 2474 5812 ’Ἀρχιπποςξ
2559 5721 2703 5812 UOptat
2775 5731 2830 5789 δὲ
2917 5719 3420 5815 ταπεινοφροσύνην,
3509 5719 3588 5789 ὅτι
3687 5735 3776 5794 καὶ
