4152 6216
503 326 618 394 267

1636 321 2046 389 (ECUMENII
2088 320 2382 387 TRICCE
2423 318 2759 386 EPISCOPI

3757 311 3875 381 268

508 463 664 544 quod
695 461 969 526 dominer
997 459 1126 541 tibi,
1158 458 1261 521 sed
1292 466 1532 539 propter
1560 454 1911 544 charitatem
1950 473 2067 544 qua
2087 461 2137 517 et

2226 456 2321 512 οὒκ
2361 452 2638 512 ἀπιτάσσω
2693 449 2767 510 δέ.
2840 450 2900 508 Εἰ
2955 449 3042 506 καὶ
3098 451 3363 528 φαίνωμαι
3421 448 3718 507 ἐπιτάσσειν
3789 470 3871 504 σοι

509 542 570 612 te
599 550 782 630 diligo
809 558 866 612 et
896 567 930 611 a
961 557 1016 610 te
1047 547 1283 626 diligor,
1317 545 1634 625 injungere
1663 543 1907 624 quidem
1930 542 2154 618 videor,

507 658 712 702 verum
736 657 854 700 non
875 633 1296 717 injuugo.Nam
1311 642 1371 696 et
1391 633 1441 695 si
1463 633 1670 694 videor
1684 632 1996 712 injungere
2017 649 2156 713 pro-

507 735 639 809 pter
670 726 1040 800 cbaritatem,
1075 743 1192 786 non
1252 733 1450 784 tamen
1499 720 1770 802 injungo,
1824 722 1928 782 sed
1965 723 2156 800 potius

505 833 647 895 rogo
676 836 689 877 :
715 814 884 888 adeo,
901 811 1110 893 inquit,
1129 828 1256 872 rem
1277 810 1614 888 magniﬁco.
1649 829 1678 869 ι
1697 812 1841 873 Cum
1866 809 1997 871 talis
2016 809 2150 890 sim,

505 920 724 982 nempe
751 901 965 963 Paulus
995 918 1200 964 senex.
1238 924 1265 955 ι)
1295 898 1457 977 Rogo
1484 917 1617 960 cum
1643 897 1776 959 talis
1801 898 1937 971 sim,
1963 897 2156 978 qualis

504 989 755 1052 deberet
768 989 1062 1070 quispiam
1081 1006 1214 1051 esse
1236 987 1308 1050 ad
1323 986 2111 1068 persuadendum.cPaulus.
2124 1008 2148 1044 ι

504 1077 796 1141 Sufﬁcere
819 1086 1014 1140 autem
1044 1076 1292 1140 deberet
1320 1077 1430 1138 hoc
1461 1076 1655 1137 solum
1685 1076 1758 1138 ad
1788 1074 2155 1158 persuaden-

504 1165 671 1230 dum.
709 1192 732 1224 ι
771 1165 965 1230 Senex
1023 1167 1252 1228 vinctus
1300 1183 1405 1245 pro
1438 1164 1698 1228 Christo.
1736 1189 1764 1220 »
1800 1162 1984 1227 Vides
2012 1171 2154 1244 quot

502 1255 621 1318 sint
647 1254 722 1318 ad
752 1253 1232 1336 persuadendum
1265 1253 1658 1315 occasiones?

1142 1353 1391 1418 CAPUT
1428 1353 1500 1416 Il.

502 1445 961 1510 Commendatio
992 1444 1272 1508 Onesimi
1298 1444 1545 1522 fugitivi
1571 1448 1754 1517 servi,
1785 1451 1838 1504 et
1869 1441 2152 1504 admoni-

583 1461 961 1510 tmmenaatzo
992 1461 1270 1508 unesmu
1298 1461 1363 1522 lu
1407 1461 1545 1506 mm
1571 1461 1754 1517 servi,
1785 1461 1838 1504 et
1869 1461 2066 1504 aamm

583 1528 670 1589 tio
693 1545 808 1607 pro
828 1527 960 1607 ipso
983 1526 1089 1607 qui
1106 1524 1309 1587 saluus
1346 1461 1548 1603 ﬂictus
1579 1532 1709 1586 erat
1734 1539 1849 1604 per
1855 1523 2066 1602 ﬁdem.

581 1627 758 1687 Vers.
805 1625 1000 1688 10-14.
1063 1625 1224 1704 Rogo
1268 1629 1466 1686 autem
1515 1641 1634 1704 pro
1662 1623 1791 1704 ﬁlio
1817 1638 1949 1683 meo
1973 1637 2154 1701 quem

2240 540 2304 598 δι’
2356 541 2594 620 ἀγάπην,
2655 543 2749 599 οὐκ
2805 539 3098 615 ἐπιτάσσω,
3172 538 3468 618 παρακαλῶ
3535 537 3590 594 δὲ
3651 537 3879 615 μᾶλλον.

2241 630 2411 710 Οὕτω,
2457 630 2606 709 φησὶ,
2652 629 2769 706 περὶ
2797 627 3000 688 πολλοῦ
3027 629 3088 684 τὸ
3119 634 3340 707 πρᾶγμα
3383 635 3662 704 ποιοῦμαι.
3693 637 3881 686 Τοιοῦ-

2237 741 2326 784 τος
2357 720 2453 792 ὢν,
2487 720 2560 784 ὡς
2590 717 2795 781 Παῦλος
2846 714 3168 797 πρεσϐύτης.
3229 715 3527 797 Παρακαλῶ
3592 715 3669 792 δὲ,
3702 725 3881 774 τοιοῦ-

2236 807 2324 871 τός
2367 828 2446 870 τις
2476 807 2757 887 ὑπάρχων,
2789 806 2907 864 οἷόν
2964 829 3044 870 τις
3095 803 3318 886 ὤφειλεν
3369 806 3536 886 εἶναι,
3567 807 3718 886 φησὶ,
3749 807 3880 884 πρὸς

2233 898 2295 952 τὸ
2323 909 2530 953 πεῖσαι.
2593 894 2822 959 Παῦλος.
2858 919 2885 951 3
2945 885 3141 974 ’Ἡρκει
3199 893 3254 951 δὲ
3313 897 3439 952 αὐτὸ
3508 898 3660 952 τοῦτο
3717 895 3878 971 μόνον

2235 984 2366 1065 πρὸς
2393 984 2454 1038 τὸ
2497 996 2706 1060 πεῖσαι,
2745 1002 2774 1042 (
2818 981 3120 1065 Πρεσϐύτης
3149 980 3362 1060 δέσμιος
3406 984 3535 1062 ὑπὲρ
3566 991 3812 1062 Χριστοῦ.
3840 1008 3868 1039 ι

2239 1063 2392 1150 Ὀρᾷς
2436 1073 2565 1150 πρὸς
2609 1073 2669 1128 τὸ
2697 1063 2882 1130 πεῖσαι
2907 1072 3176 1153 ἀφορμαί,

2867 1359 3119 1414 ΚΕΦΑΛ.
3169 1343 3252 1413 B’.

2239 1464 2267 1497 α
2331 1442 2586 1508 Σύστασις
2660 1438 2943 1516 Ὀνησίμου
2999 1440 3226 1522 φυγάδος
3283 1440 3508 1518 οἰκέτου,
3555 1442 3640 1500 καὶ
3694 1440 3872 1520 παρά-

2414 1520 2604 1589 κλησις
2634 1521 2763 1600 ὑπὲρ
2792 1523 2948 1580 αὐτοῦ
2974 1520 3229 1588 σωθέντος
3270 1521 3353 1578 διὰ
3378 1523 3627 1585 πίστεως.
3666 1545 3692 1576 3

2320 1640 2350 1679 ι
2393 1619 2691 1700 Παρακαλῶ
2720 1642 2774 1684 ςε
2817 1621 2935 1699 περὶ
2977 1630 3069 1678 τοῦ
3098 1620 3226 1693 ἐμοῦ
3253 1621 3460 1700 τέκνου,
3530 1622 3558 1676 ὃ
3615 1619 3872 1698 ἐγέννησα

499 1718 687 1798 genui
713 1715 781 1777 in
834 1711 1098 1776 uinculis
1153 1714 1305 1774 meis
1361 1711 1669 1788 Onesimo,
1703 1711 2007 1791 quondam
2040 1710 2137 1772 tibi

2234 1708 2286 1765 ἐν
2368 1723 2486 1773 τοῖς
2568 1708 2785 1786 δεσμοῖς
2867 1732 2966 1785 μου
3055 1710 3366 1790 Ὀνήσιμον,
3422 1709 3514 1766 τόν
3598 1709 3729 1766 ποτέ
3786 1730 3868 1762 σοι

502 1806 738 1879 inutili,
769 1821 934 1866 nunc
961 1819 1104 1865 vero
1133 1802 1247 1864 tibi
1274 1808 1331 1864 et
1359 1800 1513 1864 mihi
1540 1800 1818 1882 perutili,
1845 1816 2016 1879 quem
2047 1816 2146 1861 re-

499 1895 663 1956 misi.
703 1892 794 1954 Tu
840 1894 1046 1954 autem
1100 1907 1257 1966 eum,
1307 1889 1414 1952 hoc
1440 1898 1555 1964 est,
1588 1907 1723 1952 mea
1751 1891 1981 1951 viscera
2008 1906 2150 1950 ευδ-

499 1983 668 2062 cipe:
701 1998 880 2061 quem
907 1997 1015 2061 ego
1066 1979 1382 2059 cupiebam
1412 1979 1582 2059 apud
1612 1995 1707 2041 me
1735 1978 2027 2052 retinere,
2080 1986 2148 2041 ut

493 2087 607 2151 pro
636 2077 694 2133 te
734 2069 1117 2132 ministraret
1149 2067 1300 2129 mihi
1341 2071 1410 2129 in
1457 2066 1721 2129 vinculis
1769 2064 2139 2145 Evangelti:

498 2159 604 2221 sed
631 2157 856 2238 absque
885 2165 991 2220 tua
1039 2159 1336 2220 sententia
1388 2154 1548 2217 nihil
1601 2153 1769 2217 volui
1809 2155 2036 2231 facere,
2070 2172 2147 2216 ne

499 2246 665 2310 velut
693 2264 768 2309 ex
795 2251 1146 2310 necessitate
1177 2245 1399 2309 bonum
1429 2250 1600 2306 tuum
1647 2248 1814 2324 esset,
1843 2241 1948 2305 sed
1970 2260 2149 2323 spon-

499 2343 762 2399 taneum.

579 2521 744 2574 807
774 2512 973 2576 Placat
1003 2519 1063 2575 et
1091 2511 1320 2592 mitigat
1347 2511 1783 2581 Philemonem.
1804 2509 2145 2572 collaudans

496 2621 732 2665 servum
763 2601 1132 2691 Onesimum,
1156 2601 1420 2664 vocando
1446 2601 1658 2676 ﬁlium,
1681 2599 1834 2691 quia
1842 2608 1899 2661 et
1920 2599 2137 2691 ipsum,

493 2693 708 2775 inquit,
742 2691 1050 2772 baptizavi.
1082 2689 1226 2753 Nam
1259 2693 1374 2754 hoc
1420 2691 1715 2770 signiﬁcat
1747 2709 1762 2754 :
1796 2689 1985 2754 Genui
2009 2689 2143 2750 cum

497 2800 690 2844 essem
724 2781 786 2842 in
813 2780 1089 2844 vinculis.
1115 2780 1219 2842 His
1250 2781 1428 2860 igitur
1467 2781 1671 2843 sedata
1700 2779 1888 2859 ipsius
1923 2779 2029 2858 ira,
2064 2779 2144 2840 ita

495 2888 715 2933 nomen
727 2869 1094 2950 exprimens,
1113 2866 1420 2945 Onesimo,
1444 2869 1655 2949 inquit.
1671 2867 2010 2941 «Quondam
2035 2867 2143 2929 tibi

494 2958 713 3020 inutili.
749 2979 778 3018 3
815 2955 940 3020 Scit
968 2957 1129 3018 enim
1159 2956 1324 3018 illum
1347 2958 1448 3037 qui
1472 2956 1788 3018 conﬁtetur
1809 2965 2135 3036 peccatum,

493 3047 644 3110 iram
677 3045 906 3108 domini
963 3043 1367 3126 exstinguere.
1431 3045 1572 3109 Ideo
1628 3044 1874 3106 subdit:
1919 3070 1941 3099 σι
1975 3043 2141 3106 Nuuc

489 3154 632 3198 vero
665 3134 772 3196 tibi
802 3143 860 3197 et
888 3134 1035 3196 mihi
1065 3134 1326 3214 perutili.
1356 3159 1383 3191 ι
1420 3133 1484 3198 Si
1515 3134 1700 3197 Paulo
1732 3133 1999 3214 perutilis
2015 3142 2142 3195 erat

489 3224 595 3305 qui
618 3230 777 3285 tanta
797 3221 1104 3302 diligentia
1123 3221 1454 3302 expetebat,
1473 3221 1849 3283 manifestum
1870 3229 1959 3282 est
1979 3222 2136 3302 quod

489 3309 669 3372 etiam
696 3309 1050 3373 Philemoni.
1095 3331 1119 3367 ι
1155 3308 1343 3382 Quem
1371 3309 1574 3372 remisi
1602 3327 1615 3372 :
1643 3332 1670 3370 3
1707 3310 1984 3391 utipsum
2012 3308 2133 3371 Do-

488 3398 651 3460 mino
680 3396 983 3474 redderet,
1009 3398 1196 3476 magis
1217 3405 1412 3459 autem
1432 3406 1497 3459 ut
1526 3398 1676 3459 iram
1706 3399 2130 3476 exstingueret.

491 3509 520 3542 α
556 3485 680 3548 Ηοο
710 3495 801 3547 est
828 3503 962 3548 mea
984 3485 1237 3549 viscera.
1257 3510 1284 3542 ι)
1308 3485 1460 3558 Quid
1482 3494 1678 3548 autem
1695 3485 1830 3548 dico
1851 3495 1914 3547 ut
1935 3485 2129 3567 ipsum

485 3573 775 3655 suscipias
798 3572 823 3635 Υ
843 3575 1001 3635 bunc
1023 3573 1355 3655 suscipiens
1378 3591 1510 3636 mea
1531 3574 1755 3636 viscera
1773 3573 2127 3656 suscipiens.

380 3656 394 3670 ’
483 3661 674 3738 Adeo,
697 3661 910 3743 inquit,
940 3679 1077 3724 eum
1099 3661 1302 3742 diligo,
1329 3671 1389 3724 ut
1415 3679 1548 3723 mea
1568 3663 1860 3743 appellem
1880 3662 2128 3726 viscera.

470 3745 658 3822 'Qnod
673 3751 1015 3830 autem,ait,
1045 3748 1317 3831 Suscipe,
1341 3751 1455 3812 hoc
1494 3759 1605 3832 est,
1631 3770 1762 3811 cum
1795 3769 1996 3812 amore
2023 3769 2127 3812 ac-

483 3842 638 3919 cipe.
678 3863 702 3895 α
739 3837 817 3901 Ut.
848 3857 952 3919 pro
979 3847 1036 3901 te
1064 3839 1426 3902 ministraret
1455 3840 1626 3900 mihi.
1665 3864 1688 3899 ι
1730 3837 1939 3901 Viden’
1971 3839 2131 3920 quod

481 3927 762 4006 paulatim
793 3927 989 4007 ipsum
1019 3927 1094 3988 ad
1135 3926 1375 3988 Domini
1407 3927 1601 3989 locum
1634 3927 2025 4009 produxerit?
2053 3928 2135 3990 ait

481 4014 640 4076 enim
678 4034 692 4078 :
725 4013 800 4077 Ut
829 4033 935 4095 pro
970 4022 1029 4076 te
1084 4015 1474 4078 ministraret.
1509 4017 1616 4078 Hic
1644 4025 1839 4078 autem
1871 4017 2135 4079 ostendit

2230 1794 2523 1878 ἄχρηστον,
2603 1801 2709 1855 νυνὶ
2762 1797 2817 1854 δέ
2873 1821 2954 1855 σοι
3038 1801 3125 1855 καὶ
3189 1799 3305 1875 ἐμοὶ
3389 1797 3708 1879 εὔχρηστον,
3808 1798 3865 1852 ὃν

2230 1887 2531 1963 ἀνέπεμψα.
2588 1888 2660 1943 Σὺ
2716 1885 2770 1942 δὲ
2826 1889 3003 1963 αὐτὸν,
3063 1887 3321 1964 τουτέστι,
3383 1889 3449 1944 τὰ
3498 1888 3601 1964 ἐμὰ
3657 1885 3868 1964 σπλάγ-

2230 1997 2360 2056 χνα,
2417 1973 2739 2055 προσλαϐοῦ,
2818 1977 2876 2032 ὃν
2952 1975 3061 2054 ἐγὼ
3139 1974 3434 2052 ἐϐουλόμην
3499 1976 3628 2056 πρὸς
3697 1974 3866 2051 ἐμαυ-

2229 2066 2318 2120 τὸν
2373 2064 2648 2145 κατέχειν,
2703 2062 2796 2121 ἵνα
2848 2065 2976 2143 ὑπὲρ
3062 2074 3156 2124 σοῦ
3223 2063 3441 2142 διακονῇ
3497 2087 3587 2141 μοι
3644 2063 3699 2119 ὲν
3754 2076 3868 2125 τοῖς

2228 2151 2447 2229 δεσμοῖς
2529 2163 2623 2212 τοῦ
2692 2151 3033 2232 Εῦαγγελίου.
3125 2154 3292 2230 Χωρὶς
3389 2151 3443 2210 δὲ
3540 2159 3639 2222 σῆς
3723 2152 3866 2232 γνώ-

2228 2264 2337 2318 μης
2431 2239 2576 2299 οὐδὲν
2664 2239 2902 2310 ἠθέλησα
2984 2247 3231 2323 ποιῆσαι,
3299 2241 3392 2299 ἵνα
3474 2243 3553 2320 μὴ
3611 2245 3683 2308 ὡς
3736 2241 3870 2300 κατὰ

2226 2331 2462 2410 ἀνάγκην
2559 2332 2620 2387 τὸ
2677 2330 2869 2410 ἀγαθόν
2955 2353 3049 2388 σου
3104 2333 3164 2407 ᾗ,
3265 2329 3402 2388 ἀλλὰ
3485 2331 3620 2389 κατὰ
3726 2329 3873 2386 ἐκού-

2225 2440 2367 2476 σιον.
3577 2438 3580 2440 ⁷

2311 2505 2748 2587 Προκαταλεαίνει
2821 2509 2913 2565 τὸν
2994 2507 3294 2589 Φιλήμονα,
3372 2508 3716 2589 ἐγκωμιάζων
3770 2507 3863 2563 τὸν

2258 2595 2334 2618 ’·
2525 2595 2560 2630 έ-
2762 2594 3013 2653 ara
3191 2597 3379 2654 ιεδ
3603 2592 3821 2651 ‘ee'

2229 2617 2438 2664 οικετην
2491 2618 2673 2653 τεκνον
2727 2619 2760 2653 κ
2829 2617 2926 2671 ων,
3016 2618 3066 2652 τι
3124 2619 3192 2653 κα
3255 2620 3347 2654 αυτ
3382 2622 3432 2678 ν,
3493 2619 3672 2676 φησιν,
3796 2619 3860 2655 α-

2225 2705 2438 2744 πτιστα.
2472 2691 2636 2742 Τοῦτο
2655 2685 2754 2764 γὰρ
2782 2687 2869 2759 τὸ,
2895 2685 3184 2763 Ἐγέννησα
3227 2685 3280 2742 ἐν
3308 2700 3426 2749 τοῖς
3454 2684 3672 2762 δεσμοῖς
3700 2685 3861 2762 ὑπάρ-

2225 2795 2366 2853 χων,
2436 2775 2533 2832 Διά
2612 2775 2809 2830 τούτων
2881 2776 2966 2831 οὖν
3023 2774 3468 2852 προκαταστείλας
3524 2776 3615 2830 τὸν
3697 2774 3858 2850 θυμὸν

2225 2861 2403 2936 αὖτοῦ,
2430 2861 2595 2926 οὕτως
2636 2861 2934 2938 ἐξονομάζει
2971 2864 3033 2919 τὸ
3078 2862 3243 2940 ὄνομα
3270 2882 3287 2900 ⁰
3336 2864 3643 2939 Ὀνήσιμον,
3677 2862 3856 2942 φήσίν.

2230 2972 2258 3003 α
2290 2950 2390 3006 Τόν
2419 2949 2547 3005 ποτέ
2575 2973 2657 3006 σοι
2687 2949 2980 3030 ἄχρηστον,
3014 2974 3042 3006 3
3091 2950 3219 3010 Οἵδε
3279 2953 3379 3031 γὰρ
3434 2950 3858 3030 ὁμολογούμενον

2222 3038 2282 3092 τὸ
2353 3038 2670 3120 ἁμάρτημα,
2729 3036 2989 3097 σϐεννύειν
3050 3042 3140 3097 τὸν
3216 3043 3378 3116 θυμὸν
3434 3047 3525 3098 τοῦ
3581 3039 3857 3101 δεσπότου.

2229 3149 2255 3180 α
2289 3131 2412 3184 Νυνὶ
2453 3125 2509 3183 δὲ
2537 3149 2620 3184 σοι
2648 3129 2738 3184 καὶ
2764 3128 2879 3204 ἐμοὶ
2923 3127 3238 3210 εὔχρηστος,
3288 3153 3317 3186 3
3356 3131 3409 3187 Ei
3445 3128 3633 3202 Παύλῳ
3653 3129 3857 3208 εὔχρη-

2219 3237 2342 3278 στος
2371 3217 2632 3296 τοσαύτην
2687 3213 2954 3296 ἀκρίϐειαν
3005 3219 3333 3294 ἀπαιτοῦντι,
3383 3217 3623 3286 δηλονότι
3653 3220 3740 3274 καὶ
3781 3225 3859 3292 τῷ

2218 3302 2501 3381 Φιλήμονι.
2543 3330 2570 3362 ι
2601 3291 2697 3365 ”Ον
2737 3291 3037 3384 ἀνέπεμψα,
3090 3330 3114 3367 3
3173 3315 3260 3384 Τῷ
3315 3291 3630 3388 παραδοῦναι
3697 3291 3851 3363 αὐτὸν

2215 3399 2292 3465 τῷ
2351 3394 2618 3474 Δεσπότῃ,
2691 3393 2894 3471 μᾶλλον
2948 3397 3036 3454 τὸν
3080 3399 3240 3473 θυμὸν
3289 3394 3516 3457 ἔσϐεσεν.
3576 3392 3845 3469 Τουτέστι,

2213 3483 2279 3536 τὰ
2349 3481 2451 3558 ἐμὰ
2516 3481 2826 3563 σπλάγχνα,
2860 3507 2888 3539 3
2953 3484 3012 3542 Τί
3067 3483 3209 3563 λέγω
3267 3485 3418 3542 αὐτόν
3496 3479 3844 3563 προσλαϐοῦ;

2214 3569 2404 3626 Τοῦτον
2460 3570 3020 3650 προσλαμϐανόμενος,
3076 3575 3142 3629 τὰ
3191 3573 3294 3648 ἐμὰ
3349 3572 3634 3652 σπλάγχνα
3676 3593 3848 3652 προσ-

2211 3657 2385 3736 λήψῃ.
2422 3658 2597 3726 Οὕτως
2636 3661 2790 3717 αὐτὸν
2850 3662 3066 3743 ἀγαπῶ,
3123 3665 3302 3744 φησὶν,
3363 3665 3435 3728 ὡς
3493 3665 3581 3720 καὶ
3636 3661 3851 3741 σπλάγ-

2212 3771 2318 3828 χνα
2375 3747 2584 3832 καλεῖν.
2645 3750 2717 3807 Τὸ
2772 3747 2850 3830 δὲ,
2909 3749 3230 3832 προσλαϐοῦ,
3277 3752 3396 3809 οἷον
3447 3753 3580 3832 μετά
3636 3752 3852 3831 ἀγάπης

2211 3827 2373 3902 δέξαι.
2428 3861 2448 3893 3
2523 3827 2646 3896 υΙνα
2701 3827 2846 3909 ὑπὲρ-
2883 3827 2976 3896 σοῦ
3018 3839 3235 3918 διακονῇ
3286 3863 3398 3917 μοι.
3451 3827 3481 3897 3
3549 3827 3702 3920 Ὀρᾷξ
3771 3839 3852 3896 ὅτι

2211 3927 2346 3982 κατά
2378 3926 2562 4008 μικρὸν
2607 3929 2681 3991 εἰς
2745 3930 2837 3984 τὸν
2887 3929 3048 3986 τόπον
3105 3931 3259 3987 αὐτὸν
3302 3929 3473 4008 ἤγαγε
3529 3941 3620 3988 τοῦ
3659 3928 3851 3986 δεσπό·

2212 4034 2332 4095 του,
2373 4003 2496 4072 Ἵνα
2524 4017 2648 4096 γὰρ,
2678 4018 2828 4098 φησὶ,
2859 4018 2988 4098 ὑπὲρ
3043 4025 3136 4077 σοῦ
3182 4042 3272 4095 μοι
3328 4003 3569 4096 διακονῇ,
3603 4019 3855 4076 Ἐνταῦθα

483 4102 644 4183 quod
669 4102 908 4165 Domini
960 4101 1157 4183 potius
1188 4104 1389 4185 cupiat
1415 4104 1754 4166 utilitatem.
1789 4104 1933 4166 Nam
1964 4106 2014 4166 si
2045 4112 2130 4181 tu,

2220 4101 2267 4159 δὲ
2336 4102 2587 4162 δείκνυσιν
2656 4105 2737 4162 ὅτι
2791 4113 2869 4181 τῷ
2946 4108 3190 4184 Δεσπότη
3285 4108 3548 4189 συμφέρον
3605 4107 3850 4184 βούλεται

477 4191 692 4273 inquit,
717 4189 903 4253 debes
933 4191 1299 4270 ministrare,
1334 4192 1432 4254 hic
1462 4201 1656 4255 autem
1689 4213 1795 4274 pro
1829 4203 1883 4255 te
1913 4195 2027 4256 hoc
2054 4195 2135 4256 fa-

2220 4191 2440 4268 μᾶλλον,
2475 4195 2533 4250 Εἰ
2562 4195 2660 4274 γὰρ
2690 4195 2773 4270 σὺ,
2820 4197 2972 4276 φησὶ,
3015 4204 3312 4277 χρεῶστεῖς
3370 4195 3657 4271 διακονεῖν,
3703 4199 3853 4261 οὗτος

477 4279 579 4354 cit,
613 4279 818 4368 utique
846 4280 909 4341 in
938 4287 1098 4368 tuam
1124 4289 1217 4343 est
1237 4281 1548 4344 utilitatem
1576 4284 1730 4362 quod
1754 4283 1964 4360 agitur.
2006 4305 2028 4340 α
2063 4283 2129 4344 In

2220 4279 2265 4336 δὲ
2294 4280 2406 4338 ἀντὶ
2447 4289 2541 4339 σοῦ
2581 4289 2736 4340 τοῦτο
2783 4298 2956 4360 ποιεῖ,
3027 4289 3119 4342 σὸν
3174 4285 3361 4368 ὄφελος
3415 4288 3476 4343 τὸ
3546 4287 3846 4364 γινόμενον.

474 4367 726 4431 vinculis
756 4367 1080 4446 Evangelii.
1106 4392 1130 4428 ι
1174 4368 1239 4431 In
1262 4367 1513 4431 vinculis
1533 4388 1660 4450 quae
1680 4388 1786 4451 pro
1812 4372 2125 4450 Evangelia

2220 4393 2246 4426 α
2303 4369 2396 4427 Ἐν
2464 4383 2581 4437 τοῖς
2643 4370 2886 4450 δεσμοῖς.
2917 4385 3011 4433 τοῦ
3057 4375 3394 4455 Εὖαγγελίου.
3428 4374 3519 4432 Ἐν
3561 4388 3680 4440 τοῖς
3718 4373 3848 4454 ὑπὲρ

471 4457 738 4537 perfero.
767 4480 791 4516 3
823 4457 942 4520 Sed
963 4458 1190 4540 absque
1215 4467 1314 4520 tua
1335 4459 1651 4520 sententia.
1677 4480 1707 4520 3
1731 4459 1854 4521 Hoc
1873 4460 2127 4524 maxime

473 4547 672 4628 ipsum
698 4545 1064 4623 emolliebat,
1089 4548 1244 4629 quod
1269 4565 1397 4610 rem
1419 4547 1568 4610 adeo
1594 4548 1706 4609 sibi
1727 4548 2122 4610 necessariam

471 4634 702 4716 absque
734 4635 864 4716 ejus
895 4636 1190 4698 sententia
1249 4655 1369 4698 non
1420 4635 1654 4700 fecerit.
1694 4661 1720 4692 α
1754 4639 1840 4699 Ne
1867 4638 2023 4699 velut
2053 4655 2122 4698 ex

473 4723 859 4787 necessitate.
872 4747 897 4780 ι»
922 4721 1053 4785 Non
1070 4723 1224 4785 dixit
1237 4723 1586 4806 simpliciter
1607 4747 1620 4782 :
1642 4725 1728 4788 Ex
1745 4725 2116 4802 necessitate,

470 4815 605 4887 sed,
633 4810 813 4875 Velut
842 4830 914 4876 ex
945 4812 1321 4876 necessitate.
1353 4813 1610 4876 Perinde
1638 4831 1709 4876 ac
1762 4813 1814 4875 si
1844 4813 2071 4875 diceret
2103 4831 2117 4876 :

469 4898 760 4964 Noveram
792 4901 954 4983 quod
986 4901 1038 4963 si
1068 4901 1249 4964 etiam
1308 4909 1523 4982 praeter
1571 4911 1726 4965 tuam
1765 4901 2119 4964 sententiam

467 4988 666 5070 ipsum
697 4995 1044 5068 retinerem,
1080 5008 1455 5071 nequaquam
1486 5001 1542 5054 te
1566 4990 2002 5054 contristarem:
2027 4997 2122 5052 at-

470 5086 672 5142 tamen
697 5097 772 5141 ne
800 5079 1100 5142 videretur
1123 5078 1292 5160 quasi
1314 5097 1383 5141 ex
1406 5080 1758 5143 necessitate
1781 5080 1933 5158 ﬁeri,
1958 5078 2122 5142 nolui

469 5165 693 5230 facere.

546 5256 720 5318 Vers.
750 5254 954 5320 15-20.
973 5256 1128 5318 Nam
1141 5263 1459 5338 prapterea
1487 5257 1756 5335 forsitan
1789 5257 2022 5320 secessit
2042 5256 2121 5319 ad

467 5341 2120 5426 horam,utmternumeumreciperes,noniamutservum,

464 5432 576 5493 sed
583 5448 772 5512 supra
785 5433 1524 5514 servum,nempefratrem
1534 5435 2123 5515 ditectum,ma.acime

465 5516 879 5600 mihi.quanto
896 5525 1103 5582 autem
1123 5523 1319 5602 magis
1348 5523 1458 5584 tibi
1479 5529 1533 5583 et
1553 5523 1618 5584 in
1635 5539 1818 5584 carne
1829 5530 1890 5583 et
1911 5529 1977 5585 in
1993 5524 2122 5585 Do-

471 5606 755 5673 mino?Si
778 5610 978 5688 igitur
1008 5624 1105 5671 me
1128 5608 1309 5673 habes
1322 5615 1679 5688 consortem,
1698 5611 1930 5691 suscipe
1944 5610 2126 5674 illum

2207 4465 2300 4516 τοῦ
2342 4459 2661 4540 Εὐαγγελίου
2689 4459 2928 4538 δεσμοῖς.
2969 4486 2998 4518 α
3044 4466 3214 4544 Χωρὶς
3278 4462 3333 4520 δὲ
3386 4466 3488 4531 τῆς
3542 4470 3643 4532 σῆς
3701 4466 3848 4543 γνώ-

2209 4571 2340 4623 μης.
2377 4572 2401 4607 3
2463 4557 2630 4608 Τοῦτο
2669 4550 2901 4626 μάλιστα
2951 4554 3107 4610 αὐτὸν
3185 4553 3430 4634 ἐχαυνου,
3493 4552 3574 4610 ὅτι
3627 4559 3848 4633 πρᾶγμα

2206 4635 2370 4700 οὕτως
2424 4637 2719 4717 ἀναγκαῖον
2778 4643 2939 4720 αὒτῷ,
3021 4641 3166 4720 παρὰ
3233 4641 3454 4720 γνώμην
3530 4643 3686 4699 αὖνοῦ
3755 4645 3850 4699 οῦκ

2203 4727 2474 4792 εποίησεν.
2514 4750 2536 4782 s
2617 4718 2740 4785 ιἰνα
2796 4729 2874 4804 μὴ
2917 4718 3436 4809 ὧςᾲκατὰνάνάγκην.
3488 4753 3517 4786 3
3551 4732 3658 4789 Οὐκ
3696 4731 3846 4809 εἶπε,

2209 4815 2356 4870 Κατά
2412 4814 2675 4900 ἀνέγκην,
2758 4815 2903 4893 ἀλλ’,
3000 4807 3092 4883 Ὠς
3149 4807 3300 4876 κατὰ-
3339 4819 3580 4900 ἀνάγκην
3611 4835 3626 4850 ⁸
3679 4821 3753 4884 ὡς
3808 4807 3852 4885 εἰ

2205 4901 2360 4958 εἶπεν
2393 4922 2408 4937 ·
2475 4892 2673 4973 "Hau;
2716 4903 2797 4961 ὅτι
2848 4906 2936 4963 καὶ
2978 4907 3119 4985 παρά
3160 4907 3382 4987 γνώμην
3443 4892 3537 4964 σου
3596 4909 3852 4988 κατάχων

2205 4992 2378 5066 οῦτὸν,
2413 4992 2508 5049 οὒκ
2549 4991 2769 5054 ἐλύπουν
2809 5015 2890 5054 σε.
2937 4992 3089 5052 Ἀλλ’
3147 4996 3241 5052 ’ἱνα
3294 4996 3374 5072 μὴ
3434 4994 3557 5075 δόξῃ
3599 4998 3674 5061 ὡς
3717 4997 3852 5055 κατᾶ

2205 5078 2442 5158 ἀνάγκην
2472 5079 2726 5164 γίνεσθαι,
2758 5084 2852 5140 οὐκ
2881 5081 3206 5160 ἠϐουλήθην,
3250 5084 3432 5166 φησιν.

2296 5280 2324 5320 ι
2355 5258 2511 5340 Τάχα
2551 5258 2656 5338 γὰρ
2697 5258 2782 5318 διὰ
2828 5267 2983 5319 τοῦτο
3031 5263 3299 5342 ἐχωρίσθη
3360 5263 3493 5343 πρὸς
3549 5262 3711 5343 ὥραν,
3757 5263 3849 5320 ’ἱνα

2206 5350 2418 5408 αἰώνιον
2475 5348 2629 5405 αὖα-ὸν
2685 5347 2923 5431 ἀπέχῃς,
2982 5353 3075 5408 οῦκ
3155 5349 3231 5407 ἔτι
3316 5353 3390 5417 ὡς
3459 5350 3666 5434 δοῦλον,
3726 5351 3844 5409 ἀλλ’

2206 5441 2336 5519 ὑπὲρ
2431 5433 2640 5513 δοῦλον,
2725 5435 2950 5519 ἀδελφὸν
3045 5439 3350 5522 ἀγαπητὸν,
3451 5433 3683 5518 μάλιστα
3736 5442 3855 5518 ἐμοὶ

2212 5528 2366 5602 Πόσῳ
2409 5522 2462 5580 δὲ
2507 5523 2712 5600 μᾶλλον
2770 5549 2853 5585 σοι
2909 5529 2997 5586 καὶ
3065 5528 3118 5586 ἐν
3176 5531 3329 5612 σαρκὶ
3399 5531 3488 5587 καὶ
3544 5530 3598 5589 ἐν
3657 5531 3853 5610 Κυρίῳ,

2212 5618 2271 5674 Εἰ
2327 5614 2415 5672 οὖν
2486 5633 2552 5688 με
2611 5613 2758 5694 ἔχεις
2827 5618 3106 5695 κοινωνὸν,
3194 5617 3493 5702 προσλαϐοῦ
3563 5622 3721 5678 αὐτὸν
3786 5622 3859 5689 ὡς
