4152 6216
240 263 365 329 269

1321 274 1719 340 COMMENT.
1766 271 1850 341 ΙΝ
1892 275 2136 339 EPIST.
2182 277 2284 340 AD
2324 278 2642 343 PHILEM.

3505 278 3628 347 270

433 405 492 463 Εἰ
536 404 615 494 -δέ
684 429 735 463 τι
806 405 1026 476 ἠδίκησέ
1096 430 1154 466 σε
1222 409 1257 477 ἢ
1319 408 1541 491 ὀφείλει,
1587 416 1739 467 τοῦνο
1782 409 1888 487 ἐμοῖ

1981 414 2276 490 tanquam
2296 428 2413 474 me.
2450 410 2630 488 Quod
2646 412 2703 475 si
2724 411 2873 493 quid
2892 414 3101 477 nocuit
3150 412 3261 478 tibi
3298 421 3405 477 aut
3431 413 3627 494 debet,

240 490 474 571 ξλλύγει.
534 492 679 574 Ἐγὼ
732 494 936 561 Παῦλος
988 496 1191 577 ἔγραψα
1260 504 1327 576 τῇ
1368 490 1504 577 γὲμῇ
1560 501 1721 580 χειρὶ,
1786 499 1895 577 ἐγὼ

238 582 504 661 ἀποτίσω,
574 584 669 642 ἵνα
727 587 807 662 μὴ
865 585 1008 667 λέγω
1064 589 1152 645 σοὶ
1219 588 1299 645 ὅτι
1357 590 1443 646 καὶ
1512 589 1730 646 σεαυτόν
1801 610 1892 665 μοι

238 672 631 753 προσοφείλεις.
732 676 832 733 Ναὶ
924 674 1135 757 ἀδελφέ.
1258 675 1395 735 Ἐθώ
1492 700 1587 735 σου
1670 678 1891 754 ὀναίμην

239 760 297 817 ἐν
352 764 549 842 Κυρίῳ,
622 764 926 823 ἀνάπαυσόν
983 790 1084 843 μου
1166 768 1233 824 τὰ
1313 766 1599 849 σπλάγχνα
1667 766 1722 824 ἒν
1778 778 1890 827 Κυ-

238 849 356 928 ρίῳ.
412 873 438 905 ι

319 941 542 1011 Ἐπειδὴ
606 946 635 1001 ὁ
691 942 978 1023 Ὀνήσιμος
1075 946 1180 1002 ἀπὸ
1278 947 1572 1026 κακούργου
1668 946 1887 1024 γνώμης

240 1030 421 1110 ἔφυγε,
457 1032 803 1112 μεταστρέφει
875 1034 1038 1102 αὐτὴν
1106 1036 1261 1097 αὐτὸς
1318 1033 1403 1092 ἐπὶ
1470 1036 1531 1091 τὸ
1572 1032 1885 1115 ἀμφίϐολον,

239 1122 316 1185 ὡς
344 1121 388 1176 εἰ
432 1120 590 1177 εἶπεν
620 1141 639 1158 ⁶
671 1122 828 1203 Τάχα
856 1124 955 1202 γὰρ
982 1121 1102 1179 κατ’
1137 1123 1437 1200 οἰκονομίαν
1481 1122 1696 1203 ἔφυγεν.
1733 1145 1762 1178 ι
1790 1123 1889 1179 Διὰ

239 1209 396 1265 10510
450 1208 739 1291 ἐχωρίσθη,
811 1235 840 1267 n
903 1211 1141 1291 Εὐφήμει)
1223 1212 1465 1287 ὀνόματι⁹
1537 1212 1637 1279 τὴν
1719 1212 1888 1290 φυγὴν

241 1301 524 1378 χωρισμὸν
554 1301 729 1375 εἶπεν,
764 1301 858 1357 ἵνα
888 1301 966 1377 μὴ
1026 1307 1093 1377 τῇ
1121 1302 1312 1378 μνήμῃ
1361 1306 1460 1368 τῆς
1506 1305 1677 1382 φυγῆς
1720 1321 1889 1380 παρε-

240 1388 393 1466 γείρῃ
424 1390 515 1443 τὸν
542 1386 827 1456 δεσπότην.
883 1390 1024 1447 Εἶτα
1070 1391 1159 1446 καὶ
1208 1392 1301 1445 τὸν
1365 1390 1560 1470 χρόνον
1593 1388 1886 1469 συστέλλει,

240 1478 563 1559 καταπαύων
618 1478 717 1545 τὴν
773 1478 957 1556 ὀργὴν,
1018 1479 1054 1547 ἢ
1112 1480 1244 1559 πρὸς
1315 1478 1455 1556 ὥραν
1513 1477 1661 1544 ἔτους
1718 1477 1885 1558 λέγει,

247 1587 275 1619 ι
340 1555 471 1621 υινα
538 1566 747 1624 αἰώνιον
787 1555 946 1624 αὺτὸν
1006 1555 1245 1647 ἀπέχης,
1283 1590 1307 1626 ι
1366 1555 1642 1648 γἈπέχῃς,
1700 1555 1884 1647 ἤγουν,

1974 496 2083 561 hoc
2105 499 2256 561 mihi
2272 501 2527 580 imputa.
2567 500 2703 582 Ego
2723 500 2954 564 Paulus
2986 504 3212 585 scrispi
3258 519 3396 565 mea
3415 519 3622 578 manu,

1974 605 2083 669 ego
2098 589 2430 668 dependam
2458 608 2471 653 :
2499 598 2560 652 at
2578 609 2653 651 ne
2673 590 2874 653 dicam
2896 593 3005 654 tibi
3026 593 3182 673 quod
3198 593 3454 673 teipsum
3474 608 3625 671 quo-

1972 694 2087 757 que
2107 677 2257 741 mihi
2272 680 2520 760 insuper
2537 679 2739 744 debes.
2756 679 2870 742 Nae
2888 682 3323 760 frater.Fruar
3343 698 3453 762 ego
3477 687 3534 744 te
3564 680 3633 742 in

1974 764 2252 830 Domino.
2284 766 2583 845 Refociila
2609 785 2745 830 mea
2774 769 3012 832 viscera
3036 774 3102 831 in
3130 768 3416 832 Domino.

2054 949 2225 1003 808
2257 943 2548 1017 Quoniam
2579 943 2895 1008 Onesimus
2926 964 3105 1028 prava
3137 953 3338 1009 mente
3367 947 3617 1026 fugerat,

1968 1027 2098 1109 ipse
2127 1048 2252 1091 rem
2285 1031 2347 1092 in
2392 1032 2643 1095 dubium
2695 1027 2953 1106 revocati,
3009 1042 3285 1116 tanquam
3346 1033 3622 1097 diceret:

1971 1119 2240 1181 Forsitan
2268 1120 2714 1202 dispensatione
2743 1122 2995 1204 quadam
3042 1124 3211 1203 fugit.
3250 1149 3277 1181 α
3302 1122 3629 1204 Propterea

1971 1208 2242 1273 secessit.
2278 1229 2308 1269 s
2340 1208 2555 1272 Fausto
2587 1210 2831 1273 nomine
2860 1211 3051 1290 fugam
3076 1212 3393 1294 appellavit
3412 1229 3619 1274 seces-

1973 1295 2231 1375 sionem,
2257 1317 2331 1360 ne
2348 1298 2496 1360 facta
2518 1299 2670 1379 fugae
2683 1301 2984 1363 mentione
2998 1300 3319 1364 Dominum
3336 1300 3622 1364 irritaret.

1973 1383 2202 1449 Deinde
2232 1395 2525 1450 coarctato
2558 1388 2736 1451 etiam
2772 1397 3040 1470 tempore
3062 1390 3302 1453 cohibet
3323 1391 3496 1467 iram;
3521 1399 3624 1452 aut

1974 1473 2182 1536 horam
2201 1474 2347 1537 dicit
2369 1494 2612 1540 annum.
2627 1476 2737 1540 «Ut
2783 1487 3073 1541 aeternum
3096 1497 3231 1542 eum
3252 1478 3620 1560 reciperes.»

1969 1563 2114 1624 Nam
2149 1565 2361 1645 ἀπέχης
2379 1564 2675 1645 signiﬁcat
2711 1566 2762 1628 A
2783 1565 2919 1647 fuga
2954 1566 3279 1649 reciperes.
3317 1590 3347 1625 α
3375 1564 3493 1629 Sed
3517 1585 3625 1628 sn-

243 1651 573 1731 Ἀπολᾶὅης.
611 1678 640 1710 α
695 1654 844 1712 Ἀλλ’
896 1656 1025 1736 ὑπὲρ
1092 1654 1300 1719 δοῦλον,
1338 1679 1366 1711 ι
1405 1648 1560 1737 Ὀρᾷς
1616 1656 1697 1712 ὅτι
1754 1658 1886 1736 πρὸς

1978 1668 2074 1731 pra
2108 1670 2365 1715 servum.
2409 1678 2436 1710 »
2475 1652 2653 1717 Vides
2701 1655 2857 1735 quod
2913 1655 2987 1717 ad
3041 1648 3229 1720 multa
3256 1655 3420 1719 utilis
3449 1655 3627 1717 fuerit

240 1742 417 1799 πολλὰ
472 1724 748 1824 έκρέλησεν
801 1747 836 1814 ἡ
908 1724 1047 1823 φυεξή
1080 1745 1110 1826 ς’
1151 1744 1295 1803 Ἀντὶ
1349 1724 1635 1826 γὰριῶρας
1689 1724 1883 1825 φυγῆς,

1978 1724 2136 1818 iuga?
2157 1743 2271 1804 Pro
2294 1743 2441 1805 hora
2460 1742 2621 1805 enim
2646 1724 2797 1822 fugae
2838 1743 3022 1806 babes
3052 1744 3246 1825 ipsum
3270 1752 3619 1825 perpetuum

242 1831 388 1912 ἔχεις
434 1835 591 1891 αὒτὸν
620 1834 859 1893 αἰώνιον.
893 1826 1063 1915 ("09¢
1092 1836 1193 1914 γὰρ
1252 1837 1345 1911 μία
1401 1837 1436 1903 ἡ
1468 1836 1610 1915 φυγὴ
1640 1837 1713 1899 ὡς
1758 1837 1888 1915 πρὸς

239 1924 330 1976 τὸν
387 1922 599 1993 αἰῶνα.)
660 1925 760 1981 Καὶ
813 1924 926 1982 ἀντὶ
1012 1922 1195 1980 δούλου
1278 1925 1577 2006 ἀχρήστου,
1652 1926 1889 2006 χρηστὸν

238 2007 464 2087 ἀδελφὸν
493 2010 819 2091 ἀπείληφας.
862 2036 889 2069 α
923 2013 1082 2086 Πόσῳ
1109 2010 1164 2068 δὲ
1193 2012 1397 2087 μᾶλλόν
1430 2036 1537 2075 σοι.
1565 2036 1588 2072 n
1645 2015 1702 2072 Εἰ
1746 2013 1887 2090 ἐμοὶ,

239 2097 427 2174 πολλῷ
460 2098 664 2174 μᾶλλόν
694 2122 801 2182 σοι,
832 2103 920 2158 καὶ
970 2101 1022 2157 ἐν
1067 2114 1190 2165 ταῖς
1234 2115 1525 2178 κοσμικαῖς
1554 2103 1886 2182 ὑπηρεσίαις.

238 2195 405 2246 Τοῦτο
437 2189 537 2267 γὰρ
565 2190 651 2269 τὸ,
686 2188 776 2247 Ἐν
826 2190 998 2270 σαρκί.
1034 2193 1132 2247 Καὶ
1189 2190 1244 2247 ἐν
1297 2204 1422 2256 ταῖς
1478 2205 1883 2267 πνευματικαῖς,

238 2276 407 2335 T0510
436 2278 538 2357 γὰρ
577 2279 662 2352 τὸ,
708 2277 796 2335 Ἐν
840 2279 1032 2357 Κυρίῳ.
1094 2300 1117 2335 ι
1153 2281 1212 2337 Εἰ
1264 2280 1353 2337 οὖν
1397 2302 1463 2355 με
1507 2278 1654 2361 ἔχεις
1683 2302 1885 2338 κοινω-

236 2365 346 2425 νόν.
392 2388 417 2422 ι
456 2366 757 2447 Τουτέστιν,
789 2368 833 2423 εἰ
887 2369 953 2423 τὰ
995 2368 1126 2426 αὐτά
1177 2390 1268 2443 μοι
1324 2382 1538 2449 φρονεῖς
1568 2371 1655 2425 καὶ
1684 2369 1882 2446 βούλει.

241 2472 270 2514 ι
303 2452 616 2533 Προσλαϐοὖ
662 2458 814 2514 αὖτὸν
868 2458 940 2522 ὡς
996 2455 1115 2531 ἐμέ.
1151 2479 1179 2512 ιι
1256 2455 1440 2532 Βαϐαὶ,
1516 2457 1608 2514 105
1638 2457 1887 2536 μεγέθους

300 2550 326 2561 ..
369 2545 423 2599 ,τι
512 2566 542 2579 _
765 2544 816 2600 δν
1022 2543 1097 2602 ,εί
1221 2546 1230 2561 ο
1592 2547 1605 2568 ν

235 2567 625 2629 τουριμαιος,
694 2566 718 2601 α
793 2568 818 2602 ε
884 2567 940 2602 τι
1012 2560 1078 2614 ηο
1098 2567 1235 2613 κησε
1304 2567 1387 2610 σε,
1440 2569 1464 2602 ι
1544 2556 1651 2605 Ουκ
1706 2548 1884 2629 εἶπεν,

240 2624 545 2709 ”Εκλεψεν,
605 2631 726 2689 ἀλλ’
799 2634 1149 2712 ὑποτέμνεται
1219 2636 1281 2691 τὸ
1376 2635 1545 2713 ῥῆμα.
1607 2624 1883 2717 Ἠδίκησε,

237 2724 387 2803 φησὶ,
449 2722 485 2791 ἢ
542 2720 760 2802 ὀφείλει,
815 2731 981 2781 Τοῦτο
1038 2724 1155 2800 ἐμοὶ
1205 2722 1438 2803 ὲλλύγει.
1493 2748 1516 2783 s
1583 2727 1736 2791 Εἰκὸς
1786 2727 1886 2805 γὰρ

236 2811 302 2878 ἦν
361 2812 549 2874 αὐτοὺς
632 2809 1005 2868 καταναλῶσαι
1091 2812 1159 2870 τὰ
1239 2810 1532 2892 κλάπέντα,
1612 2812 1702 2869 καί
1756 2830 1886 2894 φησι

238 2910 405 2959 Τοῦτο
463 2900 581 2974 ἐμοὶ
639 2898 869 2979 ἐλλόγει,
915 2900 1207 2973 τουτέστιν,
1265 2900 1382 2976 ἐμοὶ
1422 2902 1552 2957 αὐτὰ
1579 2899 1786 2981 λόγισαι
1816 2902 1887 2965 εἰς

239 2989 427 3069 χρέος,
458 2991 592 3068 πρὸς
648 2987 743 3064 ἐμὲ
800 2987 898 3068 ἔχε
956 2989 1054 3057 τὴν
1115 2987 1357 3068 ὀφειλήν.
1424 3010 1448 3045 α
1512 2987 1656 3068 Ἐγὼ
1684 2988 1889 3055 Παῦλος

1971 1829 2174 1909 (unica
2196 1850 2448 1911 namque
2479 1832 2624 1893 hora
2651 1840 2742 1894 est
2783 1832 2934 1911 fuga:
2970 1841 3208 1913 tempus
3243 1832 3295 1895 si
3324 1833 3396 1895 ad
3429 1851 3621 1894 saecu-

1972 1919 2093 1980 lum
2122 1920 2411 1997 conferas)
2442 1928 2501 1982 et
2529 1938 2639 2001 pro
2686 1938 2858 1983 servo
2908 1921 3108 1984 inutili
3136 1919 3344 1983 utilem
3375 1921 3618 1983 fratrem

1969 2010 2268 2088 recepisti.
2309 2034 2335 2065 α
2369 2008 2595 2081 Quanto
2627 2018 2824 2071 autem
2859 2009 3046 2088 magis
3094 2008 3225 2073 tibi.
3270 2031 3303 2068 υ
3358 2007 3419 2073 Si
3448 2009 3618 2086 mihi,

1973 2097 2159 2157 multo
2194 2097 2383 2178 magis
2414 2096 2521 2158 tibi
2552 2105 2610 2158 et
2640 2099 2700 2158 in
2731 2097 3051 2159 mundanis
3073 2097 3457 2160 ministeriis:
3485 2116 3621 2160 nam

1971 2184 2085 2246 hoc
2116 2185 2434 2263 signiﬁcat,
2466 2185 2532 2247 In
2563 2204 2741 2248 carne
2770 2206 2783 2246 :
2829 2193 2889 2248 et
2921 2186 2984 2247 in
3014 2184 3424 2265 spiritualibus
3459 2207 3473 2245 :
3506 2186 3620 2248 hoc

1972 2274 2130 2336 enim
2165 2274 2456 2355 designat,
2509 2276 2574 2337 In
2631 2274 2907 2339 Domino.
2943 2295 2975 2335 ‹
3011 2273 3073 2337 Si
3097 2273 3277 2353 igitur
3306 2293 3402 2337 me
3432 2273 3616 2337 habes

1972 2374 2333 2427 consortem.
2374 2389 2398 2420 »
2432 2366 2557 2427 Hoc
2590 2372 2700 2439 est,
2747 2364 2799 2425 si
2830 2364 3039 2426 eadem
3083 2381 3320 2426 mecum
3350 2362 3535 2425 sentis
3565 2372 3623 2425 et

1969 2460 2159 2533 optas.
2193 2451 2477 2533 aSuscipe
2498 2452 2666 2514 illum
2689 2460 2970 2533 tanquam
3002 2470 3163 2514 me.»
3191 2451 3384 2533 Papae,
3405 2457 3621 2532 quanta

1967 2540 2133 2603 verbi
2164 2541 2439 2622 dignitas:
2504 2564 2527 2599 ι
2564 2541 2733 2613 Quod
2767 2542 2817 2602 si
2846 2540 2990 2622 quid
3022 2542 3231 2622 noquit
3254 2539 3386 2603 tibi.
3429 2563 3454 2596 υ
3489 2538 3622 2601 Non

1967 2629 2117 2691 dixit
2143 2649 2156 2692 :
2190 2630 2439 2693 Furatus
2470 2636 2581 2706 est,
2613 2629 2719 2691 sed
2750 2629 2894 2691 dimi
2906 2629 3033 2693 nuit
3060 2628 3329 2692 verbum.
3383 2625 3617 2709 Nocuit,

1964 2717 2178 2799 inquit,
2206 2728 2305 2780 aut
2326 2719 2525 2781 debet.
2560 2738 2588 2779 ι
2613 2721 2741 2781 Hoc
2773 2718 2919 2780 mibi
2940 2718 3193 2800 imputa.
3224 2741 3252 2774 ι
3280 2715 3624 2779 Verisimile

1972 2808 2134 2869 enim
2163 2816 2288 2869 erat
2315 2808 2475 2889 ipsos
2505 2826 2623 2869 una
2652 2808 3097 2889 consumpsisse
3125 2823 3256 2888 quze
3284 2805 3438 2867 furte
3470 2803 3619 2867 sub-

1971 2895 2088 2958 lata
2145 2897 2394 2973 fuerant,
2428 2907 2488 2957 et
2518 2897 2599 2959 ait
2632 2918 2645 2959 :
2682 2898 2807 2959 Hoc
2864 2896 3012 2958 mihi
3055 2895 3302 2976 imputa,
3357 2895 3471 2956 hoc
3502 2902 3614 2970 est,

1968 2987 2196 3047 referas
2220 2986 2364 3047 mihi
2382 2986 2443 3047 in
2467 2985 3077 3066 debitum,adversum
3094 3002 3189 3046 me
3202 2983 3417 3046 habeto
3433 2981 3624 3045 debiti

240 3077 468 3158 ἔγραψα,
506 3100 530 3135 ι
594 3077 742 3133 Μετὰ
798 3079 1018 3158 χάριτος
1084 3077 1445 3153 πνευματικῆς
1504 3076 1755 3158 ἔγραψεν,
1813 3081 1886 3142 ὡς

1978 3076 2287 3137 actionem.
2329 3097 2357 3136 ‹
2384 3076 2502 3156 Ego
2529 3075 2752 3138 Paulus
2782 3074 3015 3155 scripsi.
3053 3099 3075 3131 ι
3117 3075 3265 3137 Cum
3296 3072 3482 3153 gratia
3507 3074 3624 3162 spif

240 3170 282 3224 εἰ
326 3169 479 3228 εἷπε.
521 3167 658 3246 Πρὸς
713 3163 769 3221 δὲ
823 3165 1113 3247 ἀσφάλειαν
1162 3166 1242 3223 ὅτι
1286 3165 1546 3248 ἀποδώσω
1601 3170 1664 3223 τὸ
1697 3167 1881 3248 χρέος,

1978 3163 2167 3225 rituali
2188 3163 2450 3245 scripsit,
2470 3182 2539 3225 ac
2560 3163 2607 3225 si
2632 3162 2857 3225 diceret
2882 3184 2895 3221 :
2922 3162 3011 3224 Ad
3048 3163 3434 3225 securitatem
3465 3160 3624 3241 quod

236 3254 499 3336 ἰδιόχειρα
540 3254 811 3321 πεποίηκα
865 3246 933 3311 τὰ
986 3256 1298 3335 γράμματα.
1379 3273 1409 3313 α
1444 3246 1568 3336 ulva:
1612 3246 1888 3334 μὴηλέγω

237 3367 325 3400 σοι
356 3335 441 3401 ὅτι
469 3345 557 3400 καὶ
599 3344 818 3399 σεαυτόν
864 3366 953 3419 μοι
984 3344 1371 3425 προσοφείλεις.
1415 3367 1439 3403 ι
1497 3335 1623 3403 υΙνα
1653 3346 1731 3422 μὴ
1762 3344 1886 3422 δόξῃ

239 3435 393 3492 αὑτὸν
462 3430 680 3510 ὀϐρίζειν
752 3430 833 3487 ὅτι
916 3431 1013 3492 οὐκ
1121 3432 1398 3511 ἐθάρρησεν
1491 3435 1621 3514 ὑπὲρ
1677 3432 1884 3503 κλοπῆς

240 3522 447 3580 οἰκέτου
503 3520 557 3577 έν
624 3519 888 3599 παρῤησίᾳ
930 3523 1086 3580 αὐτὸν
1141 3520 1503 3601 παρακαλέσαι
1554 3525 1734 3598 (τοῦτο
1792 3525 1891 3603 γὰρ

239 3612 388 3686 ὠμόν
430 3632 550 3667 τινα
612 3607 808 3665 ἐδείκνυ
863 3611 954 3667 τὸν
1008 3609 1341 3691 Φιλήμονα),
1390 3609 1646 3669 δείκνυσιν
1678 3611 1759 3669 ὅτι
1802 3614 1891 3670 καὶ

241 3698 439 3781 σφόδρα
491 3699 634 3773 αὐτῷ
691 3696 894 3776 θαῤῥεϊ.
954 3703 1027 3759 Ού
1082 3700 1241 3775 μόνον
1298 3700 1420 3781 γὰρ,
1467 3702 1618 3780 φησὶ,
1659 3703 1724 3759 τὰ
1768 3724 1891 3757 σαυ-

239 3799 354 3870 τοῦ,
387 3786 526 3870 ἀλλὰ
553 3789 644 3843 καὶ
699 3788 891 3844 σαυτόν
943 3810 1034 3864 μοι
1089 3787 1476 3868 προσοφείλεις.
1534 3813 1557 3845 ιι
1607 3792 1704 3848 Ναὶ
1733 3788 1890 3846 ἀδελ-

239 3865 393 3957 φέ.)
425 3865 585 3934 Ἠλθε
613 3875 774 3934 πάλιν
846 3875 953 3933 ἀπὸ
1008 3876 1101 3933 105
1134 3865 1442 3958 χαρίεντος,
1505 3880 1577 3942 εἰς
1632 3881 1691 3936 τὸ
1721 3902 1890 3940 σπου-

241 3967 417 4028 δαῖον.
478 3967 600 4043 Ναὶ,
669 3966 852 4045 φησὶν,
927 3964 1139 4048 ἀδελφέ,
1198 3967 1287 4031 Τίς
1353 3966 1657 4046 Προσλαόοὖ
1711 3969 1888 4031 αὐτόν,

1969 3252 2309 3314 redditurus
2336 3252 2448 3313 sim
2479 3251 2768 3327 debitum,
2798 3250 3038 3332 propria
3068 3269 3246 3313 manu
3285 3251 3392 3311 has
3412 3248 3625 3329 scripsi

1969 3340 2200 3403 litteras
2220 3349 2499 3423 tanquam
2520 3341 2917 3421 syngrapham
2954 3358 3171 3403 meam.
3200 3336 3307 3402 «Ut
3338 3356 3415 3399 ne
3431 3336 3625 3399 dicam

1972 3430 2080 3490 tibi
2103 3430 2259 3511 quod
2290 3431 2542 3511 teipsum
2575 3447 2809 3510 quoque
2852 3427 3001 3489 mihi
3031 3428 3279 3508 insuper
3309 3425 3549 3488 debeas.
3590 3450 3619 3482 ι

1972 3517 2059 3581 Ne
2080 3520 2348 3581 videatur
2384 3520 2627 3598 indigne
2658 3518 2732 3579 de
2760 3517 2866 3580 illo
2897 3517 3144 3590 sentire,
3174 3514 3332 3596 quod
3362 3532 3483 3574 non
3511 3531 3622 3575 au-

1975 3608 2111 3670 deat
2143 3607 2330 3669 libero
2361 3607 2559 3688 ipsum
2621 3605 2855 3687 precari
2891 3605 2967 3665 de
2996 3602 3352 3665 remissione
3381 3600 3520 3663 furti
3548 3600 3622 3662 ab

1974 3696 2161 3777 ipsius
2174 3714 2342 3758 servo
2368 3694 2674 3757 commissi
2696 3694 2855 3774 (nam
2880 3693 2994 3754 hoc
3007 3691 3309 3753 crudelem
3333 3688 3625 3777 quodam-

1978 3776 2153 3847 modo
2183 3784 2624 3846 demonstraret
2668 3779 3130 3861 Philemonem),
3176 3776 3435 3840 ostendit
3465 3777 3626 3859 quod

1974 3875 2359 3936 vehementer
2388 3873 2462 3933 de
2484 3873 2619 3953 ipso
2677 3870 2959 3932 confidat.
2994 3869 3124 3931 Non
3155 3866 3371 3942 solum,
3403 3865 3625 3948 inquit,

1976 3983 2106 4046 quae
2135 3971 2233 4025 tua
2263 3970 2423 4040 sunt,
2456 3962 2561 4024 sed
2592 3968 2651 4023 et
2680 3960 2933 4041 teipsum
2977 3957 3398 4046 mihiinsuper
3416 3955 3626 4018 debes.

238 4056 387 4135 Ἐγώ
430 4078 524 4113 σου
566 4044 749 4137 φησίν,
800 4044 1160 4132 ἀπολαύσαιμι
1206 4054 1260 4110 ἐν
1316 4044 1434 4120 τοῖς
1492 4058 1627 4113 κατὰ
1670 4059 1888 4137 Χριστὸν

1982 4044 2010 4114 ἆ
2040 4058 2145 4120 Na:
2174 4055 2373 4116 frater.
2412 4076 2438 4107 ι
2475 4051 2737 4112 Rursum
2768 4048 2841 4111 ab
2891 4067 2963 4111 eo
2997 4045 3166 4137 quod,
3186 4044 3509 4137 gratiosum
3541 4063 3631 4115 est

236 4134 592 4224 πράγμασινξ
624 4166 648 4201 ι
684 4134 829 4222 Ἐγώ
875 4167 969 4202 σοτ
1010 4146 1258 4222 ὀναίμην.
1298 4168 1321 4201 ι
1386 4146 1529 4202 Ἀντὶ
1591 4153 1683 4204 τοῦ
1714 4134 1884 4204 ίΑπο-

1978 4143 2209 4208 accedit.
2220 4142 2291 4204 ad
2316 4142 2375 4203 id
2400 4140 2558 4223 quod
2582 4139 2803 4201 serium
2827 4146 2939 4201 est.
2974 4136 3129 4214 «Nai,
3152 4134 3621 4216 inquit,frater.»

238 4234 495 4311 λαύσαιμί
524 4256 618 4294 σου
642 4238 749 4290 τῶν
820 4231 872 4291 ἐν
931 4241 1134 4315 Χριστῇ
1204 4235 1649 4315 κατορθωμάτων,
1683 4226 1888 4313 ’Ἰδοιμί

1978 4236 2152 4309 Quid?
2169 4232 2653 4313 Suscipeipsum.
2679 4229 2918 4311 Capiam
2950 4246 3018 4291 ex
3055 4239 3116 4289 te
3148 4224 3528 4315 commodum
3561 4224 3625 4286 in

240 4345 302 4381 σε
346 4323 673 4381 πλουτοῦντα
700 4320 755 4377 ἒν
800 4313 989 4379 ἅπασιή
1031 4336 1152 4387 τοϊς
1209 4313 1592 4401 πνευματικοῖς
1637 4324 1885 4404 ἀγαθοῖς.

1978 4324 2155 4388 rebus
2184 4341 2314 4405 quae
2344 4319 2674 4384 secundum
2707 4318 3007 4382 Christum
3040 4323 3217 4405 sunt.
3239 4338 3267 4370 α
3288 4313 3487 4405 Fruar
3515 4331 3623 4405 ego

245 4436 276 4468 ι
324 4411 657 4471 Ἀνάπαυσόν
686 4433 788 4487 μου
839 4411 908 4466 τὰ
935 4411 1245 4494 σπλάγχνα.
1295 4397 1356 4468 ιι»ἱ
1399 4397 1730 4471 Ἀνάπαυσύν
1761 4437 1886 4492 μου,

1978 4422 2053 4477 te.
2091 4440 2118 4470 ››
2155 4397 2279 4473 Hoc
2307 4418 2423 4491 est,
2456 4408 2720 4472 delecter
2775 4407 2892 4468 tuis
2952 4403 3253 4487 praeclaris
3283 4402 3346 4463 in
3371 4401 3627 4494 pomino

244 4504 401 4583 φησὶ,
438 4504 538 4570 τὴν
568 4503 685 4582 περὶ
712 4502 772 4558 σὲ
805 4496 1020 4578 ἀγάπην
1060 4500 1144 4558 διὰ
1201 4503 1292 4559 τὸν
1327 4503 1576 4580 Χριστόν.

1973 4501 2276 4585 operibus.
2315 4487 2562 4560 Videam
2588 4515 2695 4576 ego
2720 4504 2778 4557 te
2801 4496 3197 4585 ditescantem
3223 4488 3503 4551 omnibus
3524 4487 3631 4585 ho-

242 4590 341 4652 nis
381 4581 812 4673 spiritualibus.
853 4616 881 4649 α
914 4589 1210 4656 Refocilla
1242 4606 1378 4651 mea
1404 4589 1657 4667 viscera,
1699 4615 1721 4652 ν
1757 4581 2069 4669 Refocilla,
2124 4589 2337 4673 inquit,
2400 4604 2592 4650 meam
2654 4603 2793 4665 erga
2849 4592 2907 4645 te
2959 4581 3347 4647 dilectionem
3376 4582 3622 4658 propter

241 4679 545 4743 Christum
579 4703 594 4742 :
628 4699 749 4745 non
776 4683 950 4759 mihi,
978 4681 1083 4757 ait,
1118 4680 1363 4761 gratiam
1390 4688 1701 4761 praestans,
1734 4685 1838 4746 sed
1871 4681 2124 4750 Christo.
2901 4722 2913 4732 .

334 4792 359 4826 ι
394 4773 671 4837 Πεποιθὼς
713 4780 783 4850 τῇ
864 4777 1074 4845 ὑπακοῇ
1156 4792 1252 4830 σου
1315 4768 1528 4850 ,ἔγραψά
1576 4793 1681 4846 σοι,
1750 4773 1895 4841 εἰδὼς

248 4859 335 4915 ὅτι
362 4861 455 4916 καὶ
483 4861 613 4941 ὑπὲρ
668 4862 697 4917 ὃ
753 4848 896 4942 λέγω
963 4862 1232 4931 ποιήσεις.
1310 4848 1470 4935 υΑμιιι
1524 4856 1579 4915 δὲ
1632 4862 1721 4917 καὶ
1751 4862 1894 4920 ἑτοί-

245 4948 381 5026 μαζέ
410 4971 503 5026 μοι
585 4949 778 5016 ξενίαν.
835 4950 1067 5023 Ἐλπίζω
1120 4949 1220 5028 γὰρ
1275 4945 1356 5003 ὅτι
1411 4946 1498 5004 διὰ
1566 4954 1670 5006 τῶν
1723 4972 1895 5030 προσ-

244 5044 428 5118 ευχῶν
537 5039 684 5114 ὑμῶν
785 5041 1183 5121 χαρισθήσομαι
1307 5037 1458 5112 ὑμῖν.
1547 5034 1898 5109 Ἀσπάζονταί

245 5146 309 5182 σε
377 5124 682 5208 Ἐπαρφρᾶς
741 5131 771 5186 ὁ
845 5125 1290 5209 συναιχμάλωτός
1389 5148 1489 5202 μου
1573 5125 1627 5180 ὲν
1687 5132 1898 5206 Χριστῷ

248 5213 453 5296 Ἰησοῦ,
541 5217 780 5298 Μάρκος,
881 5216 1248 5297 Ἀρίσταρχος,
1353 5220 1565 5290 Δημᾶς,
1662 5220 1890 5294 Λουκᾶς,

249 5307 299 5361 οἱ
352 5306 589 5385 συνεργοί
669 5328 793 5383 μου,
895 5298 957 5364 Ἡ
1042 5306 1201 5386 χάρις
1284 5303 1377 5360 105
1461 5302 1646 5382 Κυρίου
1738 5307 1894 5382 ἡμῶν

248 5393 432 5461 Ἰησοῦ
531 5396 756 5472 Χριστοῦ
845 5395 980 5473 μετᾶ
1095 5395 1188 5449 105
1308 5392 1605 5467 πνεύματος
1722 5395 1891 5469 ὑμῶν,

253 5480 452 5560 ’Λμην,
488 5505 519 5539 n

338 5591 369 5631 (
396 5572 692 5637 Πεποιθώς,
729 5597 759 5631 ι
834 5578 941 5634 Οὔκ
990 5572 1130 5650 ἐμοὶ,
1162 5572 1312 5652 φησὶ,
1373 5569 1472 5638 τὴν
1527 5571 1687 5653 χάριν
1718 5570 1891 5649 δίδως,

2057 4771 2198 4832 509
2220 4770 2390 4830 Vers.
2417 4762 2636 4828 21-25.
2690 4762 2967 4841 Conﬁsus
3014 4760 3087 4823 de
3131 4765 3241 4822 tua
3288 4754 3631 4819 obedientia

1974 4864 2193 4943 scripsi
2213 4860 2324 4924 tibi
2332 4860 2546 4934 ,sciens
2564 4855 2721 4936 quod
2744 4856 2929 4916 etiam
2942 4856 3118 4916 ultra
3138 4849 3473 4943 quam_dic_o
3502 4846 3633 4943 fac-

1979 4937 2154 5016 turas
2169 4946 2490 5012 sis.Simul
2502 4952 2704 5007 autem
2728 4948 2908 5005 etiam
2940 4957 3229 5023 praepara
3243 4938 3400 5000 mihi
3419 4937 3629 5015 hospi-

1983 5047 2157 5104 tium.
2183 5039 2378 5120 Spero
2391 5037 2554 5098 enim
2578 5032 2741 5113 quod
2765 5031 3005 5120 auxiiio
3024 5044 3269 5120 precum
3291 5035 3636 5120 vestrarum

1978 5114 2251 5193 donabo;
2275 5123 2760 5191 vobis.Salutant
2783 5127 2840 5183 te
2880 5118 3213 5201 Epaphras
3251 5114 3636 5195 concaptivus

1976 5236 2141 5282 meus
2152 5223 2216 5278 in
2238 5214 2485 5278 Christo
2503 5211 2673 5284 Iesu;
2696 5203 3634 5285 Marcus,Aristarchus,l)emas,

1978 5311 2167 5370 Lucas
2204 5305 2513 5384 adjutores
2563 5298 2928 5360 mei.Gratia
2976 5296 3225 5360 Domini
3264 5292 3467 5356 nostri
3493 5290 3639 5354 Jesu

1980 5394 2206 5460 Christi
2233 5393 2311 5456 sit
2340 5406 2475 5453 cum
2501 5388 2723 5469 spiritu
2753 5392 2976 5449 vestro.
3010 5385 3227 5447 Amen.

2064 5593 2090 5629 α
2116 5571 2407 5639 Conﬁsus.
2434 5587 2464 5627 ›
2499 5563 2629 5627 Non
2648 5560 2819 5641 mihi,
2854 5564 3071 5647 inquit,
3096 5562 3212 5625 hoc
3242 5566 3472 5641 gratum
3496 5553 3644 5620 facis
