4152 6216
434 354 559 421 275
1098 353 1104 359 '
1575 355 1984 420 OEGUMENII
2028 354 2322 417 TRIGC/E
2360 353 2694 419 EPISCOPI
3707 355 3828 422 276
3936 312 3937 321 Ν

444 496 536 554 ter
565 490 841 568 Paulum,
873 499 939 555 ut
965 493 1200 573 opinor,
1258 488 1564 553 dimiserat
1611 487 1985 551 Timotheum
2032 486 2084 549 in

2186 488 2362 569 ρυσίαν
2392 486 2801 568 ἐπαγγέλλεται,
2857 489 3035 547 Πολλὰ
3063 488 3120 546 δὲ
3182 492 3269 547 καὶ
3326 489 3461 548 me:
3490 492 3826 570 γνωρίζουσιν

443 579 842 644 ministerium
872 597 886 643 :
912 586 1087 662 atque
1108 581 1267 643 hunc
1295 578 1552 642 celerius
1576 585 1912 658 expectans,
1928 595 2083 638 suun

2185 578 2314 653 ἡμῖν
2357 576 2512 634 αὐτοῦ
2560 579 2846 659 τυγχάνειν
2886 580 2985 648 τὴν
3037 578 3346 654 ἐπιστόλὴν,
3390 581 3465 644 ὡς
3512 581 3600 636 καὶ
3626 581 3662 649 ἡ
3692 579 3825 638 ὂ.νά-

439 669 691 733 acillius
720 668 1040 748 pollicetur
1069 668 1157 730 eis
1201 668 1550 743 adventum,
1595 665 2079 748 quemadmodum

1477 685 1550 743 m,
1595 665 2099 748 quemadmodum
2180 688 2371 745 γνωσις
2400 667 2533 735 αὒτὴ
2576 676 2839 746 προϊοῦσα
2867 667 3117 729 διδάσκει.

436 756 781 839 frequenter
812 756 1012 819 facere
1043 756 1217 819 solet.
1246 755 1431 819 Multa
1461 773 1697 836 quoque
1726 753 1842 817 alia
1883 754 2206 817 ostendunt
2258 754 2430 817 nobis
2484 772 2618 818 esse
2673 754 2863 838 ipsius
2920 756 3268 840 Epistolam,
3319 756 3821 841 quemadmodum

443 855 502 909 et
529 846 710 909 lectio
737 846 868 928 ipsa
894 846 958 908 in
989 863 1308 927 progressu
1334 845 1531 909 docet.

1009 931 1516 999 THEODORETI.
2764 944 3231 1001 enoaupnror.

518 1020 705 1094 Quam
750 1021 826 1085 ob
880 1040 1121 1087 causam
1175 1024 1415 1104 Paulus,
1469 1043 1604 1087 cum
1638 1023 1902 1104 gentium
1934 1030 2093 1087 esset

2256 1020 2402 1087 Τίνος
2444 1022 2619 1081 ἕνεκεν
2678 1027 2805 1102 [τῶν
2870 1026 3051 1104 ἐθνῶν]
3123 1024 3420 1090 ἀπόστολος
3491 1027 3752 1109 ὑπάρχων
3795 1031 3823 1085 6

439 1110 778 1191 Apostolus,
804 1111 878 1174 ad
900 1111 1185 1176 Hebraeos
1228 1111 1485 1175 scribit?
1508 1113 1690 1195 idque
1727 1131 1860 1175 cum
1892 1112 2079 1174 odiose

2180 1109 2406 1197 Παῦλος,
2483 1110 2744 1193 Ἐϐραίοις
2800 1113 3146 1196 ἐπιστέλλεις
3198 1116 3297 1173 Καὶ
3352 1123 3514 1174 ταῦτα
3565 1115 3820 1197 ἀπεχθῶς

436 1199 633 1261 aﬂ‘ecti
663 1207 865 1263 essent
901 1219 1041 1281 erga
1084 1201 1280 1282 ipsum
1304 1201 1460 1281 quod
1490 1202 1685 1282 legem
1716 1201 2076 1263 dissolveret?

2183 1195 2362 1278 ἔχουσι
2406 1201 2539 1279 πρὸς
2596 1202 2752 1258 αὐτόν
2821 1206 2900 1277 τῷ
2940 1204 3031 1258 τὸν
3061 1195 3219 1279 νόμον
3272 1201 3557 1279 παραλύειν
3587 1222 3603 1284 ς
3639 1195 3710 1262 Οἱ-
3725 1204 3823 1283 γὰρ

432 1289 649 1353 Petrus
679 1287 843 1350 enim
875 1305 945 1353 ac
975 1289 1177 1352 caeteri
1207 1288 1309 1370 qui
1338 1308 1473 1351 cum
1503 1290 1633 1371 ipso
1667 1299 1855 1365 erant,
1883 1289 2072 1352 demit

2179 1286 2309 1367 ἀμφί
2341 1288 2536 1369 Πέτρον
2591 1289 3085 1358 συθκαταϐαίνοντες
3144 1293 3353 1368 αὺτοῖς,
3385 1290 3558 1370 ἠρέμα
3598 1288 3819 1372 εἴχοντο

436 1384 629 1440 tentes
661 1395 796 1440 sese
818 1378 893 1440 ad
924 1378 1288 1441 imbecillem
1319 1386 1557 1459 captum
1591 1380 1954 1459 Judaeorum,
1989 1380 2076 1441 alii

2185 1378 2263 1433 καὶ
2317 1386 2409 1437 τοῦ
2451 1379 2634 1455 νόμου.
2694 1379 2875 1456 Φαμέν
2911 1394 2927 1411 ’
2975 1380 3154 1461 ὥσπερ
3193 1380 3462 1457 βαπτίζειν
3519 1382 3614 1438 οῦκ
3642 1381 3825 1438 ἐπιτε-

438 1465 790 1547 quantulum
850 1467 1252 1549 sequebantur
1305 1467 1479 1529 etiam
1532 1467 1747 1547 legem.
1803 1466 2078 1533 Dicimus.

2183 1465 2462 1544 ταγμὲνος,
2548 1467 2609 1523 ἐκ
2716 1472 3015 1549 περιουσίας
3114 1467 3414 1542 ἐϐάπτιζεν,
3513 1468 3680 1534 οὕτως
3736 1472 3823 1527 καὶ

439 1555 598 1637 quod
624 1553 780 1618 sicut
802 1574 921 1618 non
952 1564 1078 1619 erat
1106 1556 1223 1637 ipsi
1244 1557 1633 1619 commissum
1666 1555 1988 1637 baptizare,
2023 1575 2079 1619 e1

2181 1551 2445 1634 Ἐϐραίοις
2532 1556 2854 1638 ἐπιστέλλει,
2925 1560 3058 1638 πρὸς
3149 1559 3215 1614 τὰ
3285 1557 3407 1638 ἔθνη
3484 1556 3819 1622 ἀποσταλείς.

437 1635 763 1706 abundanti
799 1652 996 1707 tamen
1029 1635 1357 1708 ministerio
1391 1645 1569 1707 etiam
1600 1635 1970 1727 baptizabat:
2016 1646 2077 1707 it:

2183 1639 2435 1714 Ἐκήδετο
2466 1646 2565 1726 γὰρ
2595 1645 2788 1722 ανότῶν,
2825 1635 2898 1710 ὣς
2951 1635 3040 1704 καὶ
3094 1645 3292 1725 λέγειν,
3323 1644 3336 1668 ’
3355 1635 3562 1702 Ἠθελον
3592 1647 3823 1727 ἀναθεμι

437 1731 704 1796 Hebraeis
742 1752 977 1815 quoque
1022 1735 1250 1812 scribit,
1310 1753 1446 1798 cum
1504 1734 1576 1795 ad
1623 1726 1830 1813 gentes
1882 1736 2077 1796 missu:

2181 1731 2323 1788 εἶναι
2365 1733 2494 1814 ὑπὲρ
2518 1736 2688 1792 αὐτῶν
2723 1751 2737 1766 ⁸
2784 1737 2872 1791 καὶ
2916 1734 3099 1814 πάλιν,
3151 1759 3180 1790 α
3224 1734 3522 1811 Πορεύομαι
3551 1736 3624 1799 εὶς
3657 1726 3820 1815 Ἰερο-

441 1827 620 1887 esset.
656 1820 964 1903 Siquidem
1022 1827 1254 1886 anxiam
1314 1823 1552 1884 illorum
1582 1841 1784 1884 curam
1817 1822 2081 1896 habebat1

2180 1819 2383 1897 σόλυμα
2451 1821 2780 1895 διακονήσων
2848 1839 2966 1890 τοῖς
3014 1825 3203 1904 ἁγίοις.
3254 1846 3283 1880 ι
3333 1821 3663 1881 Ἐπιστὲλλει
3721 1826 3818 1901 μὲν

442 1909 592 1973 adeo
622 1918 689 1973 ut
715 1902 893 1974 etiam
923 1912 1151 1975 diceret
1186 1932 1202 1973 :
1261 1912 1528 1992 Optarim
1557 1913 1872 1974 anathema
1903 1930 2036 1975 esse
2064 1931 2082 1975 ε

2186 1909 2268 1966 οὗν
2297 1924 2414 1976 τοῖς
2472 1911 2575 1981 ἤδη
2618 1914 3021 1973 πεπιστευκόσιν
3063 1902 3147 1970 τεν
3187 1920 3257 1991 τῇ
3328 1912 3673 1992 Ἰερουσαλὴμ
3741 1918 3826 1974 καὶ

443 1998 677 2063 Christo
705 2019 811 2081 pro
843 2002 1028 2081 ipsis;
1057 2009 1114 2064 et
1136 2019 1371 2064 rursum
1399 2022 1414 2062 :
1453 2024 1479 2055 «
1511 1999 1866 2063 Proﬁciscor
1893 2001 2083 2065 Hiero-

2182 1996 2527 2078 Παλαιστίνῃ.
2595 2000 2925 2059 Ἐπιστέλλει
2970 2001 3049 2083 δὲ,
3106 2002 3576 2081 παραμυθούμενος
3633 2003 3816 2066 αὖτοὺς

440 2088 665 2169 solyma
717 2088 1161 2152 ministraturus
1212 2089 1433 2152 sanctis
1460 2089 1512 2153 2.
1551 2114 1578 2146 ιο
1625 2088 1845 2154 Scribit
1902 2091 2080 2172 itaque

2188 2086 2411 2145 πλεῖστα
2496 2091 2634 2150 κακὰ
2695 2093 3023 2157 πεπονθότας
3108 2092 3209 2147 ὑπὸ
3288 2096 3393 2146 τῶν
3447 2088 3587 2148 ἰδίων
3631 2113 3828 2171 συμφυ-

439 2176 559 2238 illis
574 2177 676 2256 qui
693 2179 817 2258 jam
861 2178 1244 2241 crediderant
1279 2177 1704 2258 Hierosolymis
1735 2187 1794 2240 et
1829 2179 1891 2241 in
1917 2179 2079 2241 Palae-

2185 2176 2351 2234 λετῶν
2380 2183 2485 2234 τῶν
2528 2181 2607 2255 μὴ
2673 2180 3121 2255 πεπιστευκότων,
3156 2181 3230 2242 ὡς
3289 2179 3377 2234 καὶ
3445 2180 3601 2243 αὐτὸς
3643 2176 3825 2260 δηλοῖ,

446 2266 630 2329 stina:
658 2266 866 2329 scribit
891 2274 1089 2330 autem
1117 2266 1480 2330 consolando
1504 2285 1612 2329 eos
1639 2268 1794 2348 quod
1822 2268 2086 2349 plurima:

2187 2265 2381 2345 λέγων.
2465 2293 2493 2323 α
2540 2267 2870 2349 Παρειμένας
2923 2282 3144 2349 χεῖρας,
3176 2269 3263 2323 καὶ
3306 2267 3372 2322 τὰ
3426 2264 3826 2346 παραλελυμένα

447 2356 801 2420 afﬂictiones
826 2358 988 2438 passi
1009 2366 1207 2420 essent
1227 2375 1261 2418 a
1276 2357 1532 2438 propriis
1553 2357 1987 2420 contribulibus
2006 2379 2084 2439 qu

2188 2356 2385 2434 γόνατα
2442 2357 2790 2437 ἀνορθώσατε,
2833 2380 2856 2413 ι
2922 2359 3025 2414 Δύο
3081 2355 3135 2412 δὲ
3191 2354 3423 2432 μάλιστα
3446 2356 3823 2427 κατασκευάζει

447 2464 567 2508 non
584 2446 988 2527 crediderant,
1018 2445 1516 2528 quemadmodum
1543 2455 1604 2508 et
1635 2446 1762 2527 ipse
1782 2446 2079 2526 signiﬁcat

2189 2444 2243 2500 ἐν
2299 2452 2366 2521 τῇ
2423 2443 2741 2522 Ἐπιστολῇ,
2811 2450 3202 2527 παραμυθεῖται
3257 2444 3440 2507 αὐτοὺς
3501 2451 3593 2500 τοῦ
3652 2444 3825 2525 φέρειν

444 2532 675 2597 dicens.
717 2556 738 2588 σι
776 2533 983 2598 Manus
1022 2535 1304 2597 remissas
1366 2553 1434 2596 ac
1465 2553 1656 2612 genua
1686 2534 1878 2596 soluta
1908 2534 2084 2598 subri-

2186 2532 2436 2610 γενναίως
2510 2535 2631 2599 τοὺς
2699 2535 3047 2615 πειρασμοὺς,
3127 2534 3215 2593 καὶ
3260 2532 3340 2587 ὅτι
3412 2529 3558 2589 ἔσται
3627 2534 3825 2589 τούτων

443 2623 563 2701 gite
591 2624 646 2686 3.
685 2647 712 2680 ι
748 2625 876 2687 Duo
897 2630 1093 2685 autem
1118 2622 1490 2704 potissimum
1518 2623 1774 2687 efﬁcitin
1802 2624 2062 2705 Epistola

2185 2619 2443 2686 ἀντίδοσις
2486 2623 2682 2701 ἀγαθή,
2744 2622 2925 2681 Πολλὰ
2978 2621 3033 2678 δὲ
3084 2623 3202 2701 περὶ
3257 2625 3355 2688 τῆς
3395 2621 3622 2684 πίστεως
3667 2620 3823 2702 φιλο-

445 2712 787 2775 consolatur
834 2731 937 2774 eos
967 2715 1123 2794 quod
1158 2712 1407 2775 viriliter
1451 2713 1693 2775 tulerint
1722 2712 2085 2779 aﬂlictiones

2188 2723 2364 2792 σοφετ,
2395 2710 2694 2778 δεικνὺς’τὰ
2736 2715 2835 2789 μὲν
2907 2710 3168 2772 Ἰουδαϊκὰ
3237 2709 3430 2787 μηκέτι
3460 2711 3727 2789 ἀναγκαῖα
3754 2713 3828 2776 ὡς

445 2809 504 2864 et
525 2802 683 2883 quod
713 2800 871 2864 bona
892 2800 1130 2864 dabitur
1158 2801 1232 2864 ob
1263 2802 1390 2863 haec
1420 2801 1752 2865 retributio.
1791 2803 1972 2866 Multa
2000 2824 2085 2866 aut

2184 2800 2346 2857 τύπον
2375 2801 2501 2859 ὄντα
2555 2808 2654 2870 τῆς
2686 2801 2958 2876 ἀληθείας,
3009 2802 3075 2857 τὰ
3117 2798 3170 2856 δὲ
3239 2798 3471 2878 ἡμέτερα
3526 2800 3815 2878 ἀναγκαῖα,

445 2896 565 2954 tem
599 2890 675 2953 de
733 2891 852 2952 ﬁde
890 2890 1173 2972 disputat,
1208 2890 1534 2953 ostendens
1561 2892 1806 2953 Judaica
1827 2893 1949 2972 jam
1982 2912 2085 2954 nor

2184 2892 2258 2954 ὡς
2289 2891 2413 2949 ὄντα
2444 2890 2713 2962 ἀλήθειαν.
2763 2892 2871 2952 Τίνι
2915 2890 2970 2948 δὲ
3001 2890 3179 2970 τρόπῳ
3233 2893 3328 2947 οῦκ
3378 2886 3534 2956 ’έθηκε
3563 2889 3661 2958 τήν
3688 2887 3817 2947 ἰδίαν

443 2997 578 3042 esse
630 2978 995 3055 necessaria,
1046 2987 1112 3041 ut
1160 2998 1289 3062 quae
1336 2979 1523 3058 ﬁgura
1571 2988 1738 3042 erant
1787 2980 2083 3043 veritatis:

2187 2981 2467 3062 όνομασίαν
2553 2979 2812 3062 Ἑϐραίοις
2909 2981 3148 3061 γράφων,
3229 2977 3459 3062 Κλήμης
3572 2978 3626 3034 ἐν
3707 2992 3827 3043 ταῖς

447 3075 652 3129 nostra
678 3086 818 3131 vero
850 3056 1196 3131 necessaria
1254 3056 1409 3143 esse,
1447 3075 1510 3128 ut
1536 3086 1668 3148 quae
1700 3069 2005 3130 veritatem
2037 3070 2087 3131 in

2189 3061 2583 3127 ιΥποτυπώσεσι
2648 3056 2835 3153 ίγράφει
3105 3068 3268 3132 οὕτως
3303 3083 3318 3097 ⁸
3384 3056 3535 3134 ’Ἡδη
3593 3065 3648 3123 δὲ
3678 3070 3753 3132 ὡς
3800 3071 3827 3124 6

449 3173 516 3218 se
546 3156 912 3221 contineant.
966 3157 1160 3232 Quare
1190 3140 1401 3219 autem
1441 3140 1746 3237 proprium
1775 3177 1896 3219 non
1928 3157 2089 3221 addi-

2185 3161 2442 3241 μακάριος
2516 3140 2695 3239 ἔλεγε..
2761 3140 3135 3240 πρεσϐύτερος,
3220 3156 3333 3213 ἐπεὶ
3415 3157 3443 3211 6
3515 3157 3696 3235 Κύριος
3749 3157 3824 3221 ὡς

447 3244 603 3308 derit
632 3265 853 3310 nomen
884 3265 1019 3309 cum
1049 3246 1122 3308 ad
1170 3244 1453 3307 Hebraeos
1482 3244 1791 3308 scriberet.
1826 3246 2087 3309 Clemens

2184 3246 2508 3313 Ἀπόστολος
2611 3256 2703 3307 τοῦ
2806 3250 3231 3327 Πάντοκρατορος
3340 3242 3612 3311 ἀπεστάλη
3695 3245 3824 3322 πρὸς

441 3332 519 3396 1η
549 3336 1091 3414 informationibus
1139 3335 1345 3397 scribit
1372 3335 1433 3395 in
1464 3335 1625 3397 hunc
1658 3334 1897 3397 modum
1925 3354 1938 3400 :
1974 3338 2081 3399 Jan

2205 3334 2475 3417 Εϐραίους,
2550 3336 2635 3396 διὰ
2674 3338 2995 3415 μετριότητα
3050 3339 3078 3393 6
3135 3333 3336 3396 Παῦλος
3390 3334 3464 3396 ὡς
3506 3332 3567 3388 ἃν
3625 3334 3697 3395 είς
3756 3333 3823 3389 τὰ

442 3440 582 3487 vero
613 3432 677 3486 ut
707 3424 914 3489 beatus
942 3423 1251 3507 presbyter
1281 3424 1428 3486 dicit
1460 3443 1476 3485 :
1512 3423 1656 3487 Cum
1698 3432 1796 3484 ει
1815 3435 1858 3484 4
1891 3424 2082 3487 Domi-

2185 3422 2306 3492 ἔθνη
2376 3426 2794 3507 ἀπεσταλμένος,
2866 3429 2961 3485 οῦκ
3014 3424 3261 3504 ἐγγράφει
3325 3420 3508 3476 ἑαυτὸν
3572 3417 3825 3498 Ἐϐραίων

444 3530 557 3606 nus
589 3521 870 3606 tanquam
900 3506 1009 3578 Diei
1035 3514 1465 3606 omnipotentis
1504 3514 1804 3606 apostolus
1853 3514 1927 3577 ad
1968 3516 2084 3606 ,He-

2184 3512 2502 3595 ἀπόστολον,
2555 3514 2639 3571 διὰ
2680 3516 2777 3584 τὴν
2833 3516 2964 3594 πρὸς
3022 3515 3113 3569 τὸν
3166 3512 3354 3590 Κύριον
3408 3509 3595 3586 τιμὴν,
3640 3506 3726 3566 διά
3766 3531 3824 3565 τε

443 3591 636 3685 bracas
665 3591 883 3685 missus
939 3602 1121 3672 esset,
1181 3591 1255 3685 ex
1313 3591 1602 3657 modestia
1648 3603 1851 3685 actum
1895 3602 1984 3656 est
2037 3616 2083 3657 ut

2190 3604 2240 3658 τὸ
2283 3603 2343 3660 ἐκ
2370 3591 2693 3685 περιουσίας,
2726 3591 2884 3661 ἕθνῶν
2914 3605 3117 3682 κήρυκα
3174 3600 3262 3655 καὶ
3290 3597 3589 3655 ἀπόστολον
3651 3598 3830 3674 εἶναι,

443 3680 664 3771 Paulus
688 3684 790 3766 qui
806 3684 879 3748 ad
901 3693 1108 3765 gentes
1135 3683 1355 3745 missus
1385 3692 1531 3758 erat,
1566 3701 1685 3744 non
1715 3682 2006 3745 scriberet
2031 3702 2083 3747 se

1415 3692 1531 3758 rat,
1566 3701 1685 3744 non
1715 3682 2006 3745 scriberet
2031 3702 2099 3747 se
2178 3680 2471 3749 ἐπιστέλλει
2507 3695 2593 3750 καὶ
2633 3680 2748 3760 τδτς
2775 3680 3055 3771 Ἑκραίνις.

439 3770 824 3837 Hebraeorum
855 3774 1208 3853 apostolum,
1242 3772 1317 3834 ob
1344 3773 1635 3835 honorem
1683 3772 1943 3835 delatum
1996 3791 2140 3856 erga
2195 3780 2538 3843 Dominum.
2576 3770 2880 3844 Praeterea
2922 3799 2991 3843 ex
3052 3775 3374 3842 abundanti
3429 3774 3717 3838 charitate
3746 3775 3834 3836 fa-

433 3868 593 3924 ctum
622 3870 733 3939 est,
766 3871 831 3925 ut
851 3863 1114 3943 gentium
1145 3861 1530 3925 concionator
1555 3869 1614 3923 et
1641 3862 1951 3941 apostolus
1987 3864 2162 3929 etiam
2192 3869 2483 3935 scriberet
2509 3871 2583 3934 ad
2613 3872 2920 3936 Hebraeos.

494 3979 637 4038 516
663 3978 1102 4045 ΕΡΙΒΊῸιῶΙ
1128 3978 1229 4040 AD
1256 3976 1682 4042 HEBRxEOS
1711 3979 2030 4044 CAPITA.

1941 3979 2030 4044 Ἀ.
2422 4010 2451 4043 α
2487 3994 2828 4047 ΚΕΦΑΛΑΙΑ
2870 3994 3003 4046 ΤΗΣ
3056 3993 3227 4045 ΠΡΟΣ
3259 3992 3581 4044 EBPAIOI‘Z

1954 4106 1960 4111 .
2752 4073 3160 4124 ΕΠΙΣΤΟΛΗΣ.
3212 4084 3241 4124 ›

1954 4106 1960 4111 σ
2752 4076 3160 4128 ΕΠΙΣΤΟΛΗΣ.
3212 4084 3241 4125 ›

440 4156 497 4221 1.
530 4154 767 4219 Divina
795 4158 875 4219 de
907 4155 1148 4219 Christo
1177 4156 1476 4228 doctrina,
1502 4155 1763 4235 cuigdata
1783 4163 1871 4218 est
1889 4156 2080 4235 gloria

2266 4178 2290 4214 tl
2325 4147 2381 4213 α’
2422 4156 2677 4236 Θεολογία
2745 4164 2971 4236 Χριστοῦ
3021 4156 3076 4212 ἕν
3146 4153 3269 4233 δόξῃ
3339 4156 3542 4232 Πατρὸς
3598 4155 3687 4209 καὶ
3741 4152 3828 4218 ἐξ-

518 4244 731 4308 Patris
748 4262 821 4308 ac
840 4251 1107 4326 potestas
1123 4249 1397 4307 omnium
1409 4293 1423 4315 ,
1448 4262 1585 4307 cum
1593 4244 1957 4324 purgatione
1972 4263 2092 4307 om-

2183 4245 2326 4319 ουσίᾳ
2408 4252 2514 4303 τῶι
2586 4246 2819 4327 πάντων,
2916 4246 3050 4320 μετὰ
3143 4250 3245 4311 τῆς
3331 4244 3634 4323 καθάρσεως
3719 4248 3823 4298 τῶν

518 4335 698 4398 nium
722 4352 858 4415 quae
895 4342 1039 4397 sunt
1067 4336 1134 4397 in
1164 4340 1357 4414 terra,
1388 4352 1425 4397 a
1450 4351 1570 4415 qua
1590 4333 1857 4395 ascendit
1877 4333 1956 4395 ad
1983 4352 2089 4395 su-
2109 4361 2153 4413 ι)

2178 4336 2258 4403 ἐπὶ
2312 4338 2438 4414 γῆς.
2507 4332 2629 4414 Ἀφ’
2690 4337 2756 4402 ἧς
2815 4332 2980 4401 ἀνέϐη
3066 4335 3140 4398 είς
3194 4333 3292 4401 τὴν
3353 4330 3663 4410 ἐπουράνιον
3726 4329 3818 4387 δό-

512 4422 913 4504 ρενσωιθειεηι
939 4422 1225 4504 gloriam.
2170 4425 2286 4493 ξαν.
2323 4446 2353 4483 ι

436 4502 716 4588 Ξίοαοά
743 4530 869 4576 non
893 4502 976 4575 ait
996 4509 1424 4575 ministerialis
1451 4510 1656 4591 gloria
1705 4506 1953 4585 Christi,
1986 4511 2076 4573 sed

2265 4532 2287 4569 (ι
2324 4503 2381 4589 β’
2415 4502 2549 4570 υΟτι
2605 4511 2664 4569 οὐ
2712 4511 3050 4592 λειτουργικὴ
3123 4513 3158 4579 ἡ
3242 4508 3363 4576 δόξα
3415 4517 3665 4588 Χριστοῦ,
3690 4507 3823 4564 ἄλλα

515 4603 731 4666 divina
754 4608 812 4666 et
838 4602 1090 4682 efﬁcax:
1135 4602 1271 4664 ideo
1301 4617 1426 4663 non
1456 4601 1521 4662 in
1549 4599 1841 4680 praesenti
1867 4598 2090 4662 δαῖσαιο

2186 4603 2328 4669 ὶεϊκὴ
2400 4602 2488 4658 καὶ
2545 4603 2825 4672 ποιητική.
2889 4604 2981 4657 Διὸ
3061 4600 3155 4656 οῦκ
3210 4599 3295 4656 ἐπὶ
3375 4604 3468 4656 τοῦ
3568 4597 3826 4677 παρόντος

513 4691 765 4770 habitet,
812 4693 880 4755 in
907 4709 1021 4772 quo
1042 4697 1187 4755 sunt
1213 4690 1517 4765 ministri,
1539 4688 1645 4751 sed
1665 4689 1734 4750 in
1761 4686 2004 4766 futuro.

2180 4692 2385 4766 αἰῶνος,
2431 4690 2484 4747 ἐν
2515 4694 2561 4767 ᾧ
2588 4694 2634 4748 οἱ
2682 4690 2994 4771 λειτουργοὶ,
3051 4687 3171 4745 ἀλλ’
3228 4689 3313 4746 ἐπὶ
3365 4694 3466 4756 τῆς
3525 4685 3820 4765 μελλούσης

2175 4780 2512 4866 οἰκουμένης.
2556 4804 2584 4836 n

432 4863 495 4936 3.
529 4870 698 4948 Quod
723 4887 963 4935 carnem
989 4866 1397 4949 assumpserit
1412 4870 1601 4944 juxta
1631 4866 2072 4944 dispositionen

2369 4859 2380 4879 ι
2442 4859 2477 4882 Ἰ
2622 4869 2635 4886 ς
2804 4869 2815 4891 ι
3032 4868 3045 4884 κ
3092 4864 3116 4885 λ
3154 4867 3164 4888 ι
3422 4867 3437 4887 ε
3671 4865 3683 4884 r

2266 4890 2289 4926 ι
2323 4894 2358 4949 γ
2384 4910 2401 4929 .
2478 4879 2579 4928 Οτε
2619 4871 2894 4949 εσαρκωθη
2923 4889 3059 4925 κατα
3087 4871 3310 4924 οιαθεσιν
3353 4888 3441 4923 και
3509 4867 3826 4941 συμπαθειαν

513 4966 571 5023 et
589 4960 1044 5023 condolentiam
1094 4976 1165 5022 ac
1210 4955 1700 5037 familiaritatem
1734 4972 1915 5036 quam
1951 4973 2099 5037 erga

2179 4960 2267 5015 καὶ
2362 4959 2666 5026 οἰκειότητα
2742 4958 2839 5025 τὴν
2918 4957 3048 5035 πρὸς
3130 4958 3273 5032 ἡμᾶς
3395 4956 3482 5012 ἐπὶ
3584 4954 3819 5031 σωτηρίᾳ

510 5067 622 5113 nos
649 5048 888 5131 habuit,
917 5056 985 5112 ut
1013 5047 1317 5111 hominem
1346 5062 1384 5108 α
1406 5052 1602 5107 morte
1622 5062 1731 5125 per
1749 5042 2096 5122 familiari-

2179 5047 2462 5112 ἀνθρώπων
2532 5054 2601 5125 τῇ
2669 5046 2730 5103 ἐκ
2809 5046 3057 5119 θανάτου,
3140 5043 3225 5101 διὰ
3322 5050 3421 5112 τῆς
3476 5045 3608 5124 πρὸς
3663 5043 3816 5099 αὐτὸν

513 5145 695 5202 tatem
725 5139 809 5200 ad
836 5143 1039 5219 ipsum
1070 5136 1383 5200 liberaret.

940 5156 1039 5201 um
1070 5136 1383 5200 liberaret.
2178 5136 2514 5219 οἷκειώσεως,
2553 5161 2580 5193 ››

428 5226 493 5289 4.
527 5225 707 5302 Quod
741 5216 982 5290 Christo
1021 5223 1389 5289 credendum
1443 5222 1523 5284 sit
1579 5221 2068 5300 quemadmodun

2262 5247 2286 5278 ε
2343 5216 2413 5288 δ’.
2474 5218 2607 5284 Ὀσι
2664 5225 2970 5282 πιστευτέον
3025 5230 3235 5302 Χριστῷ
3264 5224 3336 5287 ὡς
3367 5229 3553 5279 Monet
3583 5220 3816 5278 ἐπιστευ-

505 5318 665 5385 Mosi
707 5318 1112 5393 crediderant,
1165 5322 1452 5393 tantoque
1499 5311 1563 5373 id
1611 5310 1827 5374 melius
1863 5319 2088 5391 quanto

2179 5335 2291 5392 σαν,
2390 5315 2501 5371 καθ’
2560 5314 2831 5393 ὐπεροχὴν
2918 5311 2974 5369 δὲ
3077 5313 3177 5380 τὴν
3288 5322 3380 5371 τοῦ
3478 5316 3608 5368 Θεοῦ
3690 5310 3819 5390 πρὸς

505 5405 756 5485 dignior
783 5413 872 5470 est
901 5406 1061 5468 Dens
1086 5404 1352 5468 homine.

901 5406 1061 5468 Dens
1086 5404 1352 5468 homine.
2170 5403 2465 5482 ἄνθρωπον.
2503 5426 2527 5461 ι

501 5574 725 5640 Ἠοω.
752 5589 849 5652 xv,
876 5572 979 5637 25.
1012 5572 1047 5623 ὅ
1069 5569 1253 5635 Hebr.
1287 5586 1395 5644 xu,
1434 5568 1528 5633 t2.
