4152 6216
416 330 534 403 283

1531 349 1940 412 (ECUMENII
1985 351 2280 415 TRICCE
2326 349 2664 416 EPISCOPI

3669 349 3785 415 984

415 473 748 569 appellatur
773 476 846 538 ad
877 479 1309 569 ostendendum
1342 495 1646 556 egressum
1665 497 1734 540 ex
1753 481 1922 569 lfatre
1944 500 2048 542 ve-

2143 484 2346 566 ἷπαρξιν
2399 485 2570 555 ἱδικῆν
2635 486 3132 569 ἐμφιλοχωροῧσαν.
3193 486 3372 550 Οὕτως
3435 489 3464 542 ὁ
3521 485 3572 542 ἐν
3619 487 3786 564 ἁγίοις

419 558 526 622 Ιυιί
557 563 994 643 quodammodo
1025 566 1098 629 ad
1128 567 1444 648 exteriora,
1487 585 1681 649 neque
1715 567 1836 630 ullo
1881 570 2056 633 modo

418 659 749 730 separatum
779 673 813 716 a
845 671 1098 732 persona
1126 655 1287 718 unde
1320 664 1431 730 est,
1466 675 1660 739 neque
1689 659 1930 720 omnino
1959 659 2054 722 di-

421 739 732 817 minutum,
758 743 861 804 sed
886 743 1298 806 demittentem
1331 763 1466 806 sese
1499 755 1560 807 ut
1601 745 1873 808 subesset
1903 756 1963 810 et
1995 749 2056 810 in

418 830 878 918 sua-substantia
906 831 1347 896 immoraretur.
1367 835 1450 895 Ita
1473 833 1653 896 habet
1683 834 1854 896 divus
1873 835 2057 918 Cyril-

419 913 508 975 lus
528 915 679 978 libro
701 918 907 1000 quinto
925 921 1013 982 De
1038 920 1662 1002 Trinitate.Splendor
1674 913 2059 989 consubstan-

421 1003 722 1068 tialitatem
750 1016 808 1070 et
836 1010 1220 1072 coernitatem
1271 1011 1590 1091 signiﬁcat,
1635 1013 1746 1075 hoc
1794 1022 1914 1089 est,
1960 1016 2058 1078 lu-

416 1108 543 1182 cem
558 1091 650 1182 ‘de
680 1094 1135 1179 luce.Expressa
1155 1098 1347 1178 imago
1366 1100 1489 1163 sive
1519 1100 1842 1164 similitudo
1855 1102 2060 1182 gloria:

413 1176 604 1272 l_’atris
625 1191 718 1245 est
750 1176 958 1250 Filius.
1008 1186 1153 1249 Nam
1205 1176 1419 1252 similis
1469 1201 1526 1253 et
1577 1176 1996 1272 inseparabilis
2025 1213 2060 1256 a

415 1266 586 1331 Patre
612 1280 700 1333 est
738 1273 944 1348 Filius,
981 1285 1039 1338 et
1069 1277 1250 1339 veluti
1296 1296 1410 1339 una
1456 1279 1640 1358 figura
1691 1266 1752 1341 in
1809 1279 2058 1344 diversis

2142 574 2397 656 Κύριλλος
2453 578 2509 633 ἒν
2579 574 2766 652 βιϐλίῳ
2821 575 3049 652 πέμπτῳ
3105 576 3227 653 Περὶ
3286 573 3527 655 Τριάδος.
3593 571 3790 632 Ἀπαύ-

2140 687 2341 742 γασμα,
2388 666 2448 721 τὸ
2509 667 2786 740 ὁμοούσιον
2843 667 2930 722 καὶ
2981 662 3247 724 συναίδιον
3308 663 3489 739 δηλοῖ,
3523 669 3639 722 οἷον
3681 670 3791 743 φῶς

2141 752 2199 808 ἐκ
2227 753 2424 832 φωτός.
2462 755 2765 833 Χαρακτὴρ,
2798 757 2915 811 οἷον
2959 753 3207 830 ὁμοίωμα
3259 757 3356 820 τῆς
3415 751 3570 820 δόξης
3613 753 3640 808 ὁ
3672 752 3790 814 Υἱὸς

2139 848 2230 896 τοῦ
2263 842 2488 920 Πατρός,
2549 832 2782 918 ΗΘμοιος
2840 844 2940 922 γὰρ
2995 843 3083 898 καὶ
3141 840 3545 922 ἂπαραλλακτος
3589 843 3617 897 ὸ
3671 841 3790 904 Υἱὸς

2138 936 2229 986 τοῦ
2258 932 2485 1010 Πατρὸς,
2516 933 2603 988 καὶ
2633 935 2751 988 οἷον
2782 935 2863 996 εἰς
2908 931 3186 1011 χαρακτὴρ
3242 930 3294 987 ἐν
3352 929 3618 1011 διαφόροις
3648 931 3788 986 ὓπο-

2142 1019 2379 1077 στάσεσι.
2417 1040 2439 1074 ι
2487 1020 2669 1098 Φέρων
2699 1041 2754 1076 τε
2784 1021 2850 1076 τὰ
2878 1021 3072 1081 πάντα.
3131 1043 3159 1074 ι
3211 1023 3340 1078 οἷον
3381 1019 3448 1075 τὰ
3476 1019 3674 1098 ἀόρατα
3701 1019 3790 1074 καὶ

2139 1108 2206 1189 τὰ
2275 1109 2436 1186 δρατὰ
2505 1109 2559 1164 ἐν
2615 1116 2690 1184 τῷ
2747 1109 2943 1188 ῥήματι
3000 1107 3291 1189 περιφέρων
3361 1109 3450 1164 καὶ
3501 1105 3786 1187 κυϐερνῶν.

2144 1186 2314 1271 Ῥῆμα
2359 1195 2413 1253 δὲ
2471 1197 2616 1273 εἶπε,
2678 1186 2878 1264 δεικνὺς
2916 1199 3087 1254 πάντα
3145 1195 3374 1260 εὒκόλως
3432 1195 3586 1252 αὒτὸν
3643 1195 3789 1274 ἄγειν

2141 1286 2227 1342 καὶ
2269 1285 2466 1365 φερειν.

421 1360 716 1455 personis.
759 1388 785 1455 ες
817 1363 1156 1428 Moderatur
1184 1365 1403 1428 omnia.
1445 1391 1467 1424 ι
1505 1367 1628 1430 Ηοε
1659 1375 1746 1430 εει
1775 1369 2026 1432 visibilia
2057 1379 2114 1434 et
2139 1360 2454 1435 invisibilia
2500 1372 2680 1436 verbo
2713 1373 3141 1437 circumferens
3173 1381 3229 1436 et
3257 1373 3610 1455 gubernans.
3641 1372 3796 1436 Dixit

416 1455 614 1510 autem
649 1449 870 1530 Verbo,
905 1455 1223 1517 ostendens
1253 1456 1406 1537 quod
1442 1456 1613 1520 facile
1635 1468 1847 1520 cuncta
1879 1459 2057 1521 ducat
2087 1469 2145 1522 et
2169 1462 2340 1526 ferat.

498 1537 676 1608 [,3-4.
690 1540 1198 1625 Persemetipsum
1215 1547 1586 1626 purgatione
1597 1551 1766 1623 facta
1783 1556 2063 1629 peccato-

2233 1577 2258 1606 ε
2299 1551 2378 1609 Δι’
2435 1554 2619 1612 ἑαυτοῦ
2675 1556 2998 1633 καθαρισμὸν
3047 1554 3404 1629 ποιησάμενος
3460 1559 3566 1610 τῶν
3623 1554 3794 1632 ἀμαρ-

417 1644 552 1688 rum
574 1636 954 1720 nostrorum,
1000 1635 1276 1696 consedit
1321 1637 1389 1696 in
1418 1635 1671 1699 dextera
1701 1640 1969 1715 majcstz‘s
2000 1640 2056 1700 in

2145 1644 2270 1699 τιῶν
2327 1645 2504 1718 ἡμῶν,
2565 1643 2797 1700 ἐκάθισεν
2859 1642 2912 1699 ἐν
3004 1642 3143 1716 δεξιᾷ
3227 1649 3324 1711 τῆς
3406 1641 3789 1720 μεγαλωσύνης

417 1719 702 1811 excelsis,-
727 1723 1304 1811 tantopraestantior
1325 1722 1527 1801 factus
1558 1725 1810 1804 angelis,
1831 1734 2056 1806 quanto

2147 1730 2199 1786 ἐν
2230 1731 2488 1807 ὑψηλοῖς,
2535 1731 2767 1807 τοσούτῳ
2795 1733 3048 1811 κρείττων
3077 1732 3358 1810 γενόμενος
3389 1736 3495 1788 τῶν
3524 1729 3788 1808 ἀγγέλων,

415 1805 664 1867 arrelsz's
672 1825 806 1886 prce
818 1807 938 1870 illis
948 1808 1146 1872 haered
1155 1812 1336 1874 itario
1337 1813 1408 1892 ju
1417 1830 1481 1875 re
1496 1821 1709 1875 nactus
1721 1822 1806 1876 est
1820 1832 2061 1878 nomen.

496 1986 756 2046 Locutus
778 1985 852 2048 de
887 1986 1044 2047 nudo
1078 1987 1184 2050 Dei
1211 1986 1432 2060 Verbo,
1475 1989 1636 2050 venit
1681 1990 1752 2051 ad
1786 1990 2058 2053 incarna-

415 2072 665 2156 tionem,
700 2093 777 2137 ne
808 2075 882 2138 ob
919 2095 1126 2140 eorum
1153 2097 1284 2158 quae
1302 2077 1459 2140 dicta
1478 2088 1615 2140 sunt
1635 2079 2056 2144 sublimitatem

413 2161 828 2226 obruerentur.
877 2168 986 2226 l’er
1026 2165 1310 2246 seipsum,
1356 2167 1560 2248 inqait.
1614 2171 1730 2229 hoc
1772 2177 1886 2243 εει,
1943 2189 2059 2230 non

409 2251 592 2312 alium
627 2253 788 2316 misit
822 2253 1184 2335 ministrum,
1215 2255 1319 2317 sed
1354 2275 1458 2336 per
1487 2256 1747 2336 seipsum
1779 2267 2060 2338 operatus

412 2349 502 2401 est
529 2344 1084 2425 purgationem,per
1111 2363 1345 2406 crucem
1373 2353 1429 2405 et
1452 2354 1699 2406 mortem
1724 2365 2056 2418 suam,cum

413 2449 520 2492 nos
550 2451 583 2491 a
615 2432 874 2512 peccatis
928 2434 989 2495 in
1035 2433 1383 2513 baptismate
1416 2433 1751 2495 liberasset.
1799 2461 1824 2491 α
1874 2437 2058 2515 Maje-

411 2520 598 2596 statis,
623 2545 649 2575 ι
686 2522 798 2582 hoc
828 2531 938 2597 est,
978 2523 1185 2585 Patris.
1227 2522 1402 2584 Facta
1453 2523 1610 2584 enim
1665 2523 1918 2603 primum
1958 2544 2056 2586 re-

412 2607 697 2671 missione
729 2619 1129 2689 peccatorum,
1163 2629 1297 2672 cum
1330 2630 1510 2673 carne
1549 2631 1656 2672 sua
1699 2613 1968 2675 consedit
1997 2614 2058 2676 in

411 2695 654 2760 dextera
691 2700 819 2762 Dei.
860 2725 886 2756 α
914 2700 976 2762 In
1003 2700 1275 2762 excelsis.
1303 2725 1328 2756 ι
1361 2699 1553 2780 Super
1581 2720 1812 2782 omnes,
1839 2701 2054 2783 inquit,

412 2786 700 2868 ascendit,
727 2789 798 2848 ad
834 2789 1028 2867 ipsum
1063 2797 1373 2870 paternum
1401 2789 1845 2850 thronum.ch
1863 2800 2056 2852 autem

412 2875 1086 2940 consubstantialitatem
1119 2879 1476 2958 significant.
1503 2904 1528 2932 α
1564 2877 1748 2938 Tanto
1777 2888 2057 2958 praestan-

414 2963 531 3025 tior
562 2965 744 3028 factus
774 2967 1001 3047 angelis
1065 2993 1083 3022 ι
1128 2967 1211 3028 De
1246 2965 1688 3047 dispensatione
1719 2967 1830 3048 ipsi
1859 2986 2057 3030 sermo

413 3063 526 3115 est.
550 3053 693 3116 Nam
720 3057 1055 3137 caroipsius
1080 3057 1226 3119 facta
1257 3063 1344 3117 est
1371 3073 1384 3118 :
1419 3057 1574 3118 Deus
1604 3055 1762 3118 enim
1794 3055 2055 3120 Verbum

2147 1818 2256 1891 ὅσῳ
2359 1817 2739 1900 διαφορώτερον
2836 1817 2960 1898 παρ’
3055 1820 3240 1884 αὖτοὺς
3324 1817 3787 1897 κεκληρονόμηκεν

2091 1920 2124 1968 Β
2147 1906 2331 1983 ὄνομα.
2376 1931 2399 1965 ο

2225 1997 2701 2052 Et
2856 2003 3013 2016 υ-
3178 1997 3519 2038 τ’,τ
3743 1998 3788 2030 ν.

2271 2019 2388 2075 ,ρηκ
2408 2023 2460 2060 υ,
2510 2020 2655 2076 περι.
2700 2020 2883 2076 (υμνου
2926 2021 3018 2057 του
3075 2005 3207 2054 Θεω
3248 1995 3432 2076 λογο),
3491 1996 3648 2064 ηλθεν
3716 2018 3788 2060 ει..

2144 2087 2240 2153 τὴν
2287 2085 2702 2166 ἐνανθρώπησιν,
2747 2087 2839 2144 ’ίνα
2898 2087 2976 2163 μὴ
3031 2093 3108 2161 τῷ
3161 2085 3282 2162 ὕψει
3337 2091 3442 2143 τῶν
3497 2084 3793 2165 εἰρημένων

2142 2175 2500 2252 ἰλιγγιάσωσι.
2539 2175 2619 2230 Δι’
2678 2177 2884 2256 ἑαυτοῦ,
2948 2178 3099 2256 φησὶ,
3146 2175 3435 2250 τουτέστιν,
3493 2177 3586 2232 οὒκ
3635 2173 3793 2232 ἄλλον

2145 2263 2351 2338 ἔπεμψε
2406 2261 2770 2338 διακονοῦνται,
2844 2263 2980 2320 ἄλλα
3063 2262 3130 2321 δι’
3207 2266 3392 2324 ἑαυτοτ
3468 2264 3792 2343 καθαρισμὸν

2144 2354 2444 2431 εἰργάσατο,
2492 2351 2575 2408 διὰ
2617 2363 2708 2412 τοῦ
2762 2361 2984 2431 σταυροῦ
3038 2355 3124 2410 καὶ
3182 2360 3273 2410 τοῦ
3327 2354 3550 2410 θανάτου
3607 2354 3786 2426 αὐτοῦ,

2141 2441 2491 2509 ἒλευθερώσας
2523 2448 2625 2497 τῶν
2677 2444 2945 2522 ἁμαρτιῶν
2995 2444 3137 2518 ἡμᾶς
3197 2442 3249 2498 ἐν
3305 2448 3383 2516 τῷ
3437 2443 3784 2518 βαπτίσματι,

2149 2553 2176 2584 α
2225 2531 2330 2598 Τῆς
2377 2529 2784 2611 μεγαλωσύνης,
2834 2550 2862 2590 ι
2926 2535 3066 2602 οἷον,
3139 2541 3241 2590 Τοῦ
3283 2533 3506 2610 Πατρός.
3577 2535 3787 2609 Πρῶτον

2141 2621 2239 2698 γᾶρ
2270 2618 2450 2698 ἄφεσιν
2508 2621 2778 2696 ἁμαρτιῶν
2835 2620 3197 2695 ποιησάμενος
3253 2621 3386 2695 μετὰ
3431 2621 3525 2688 τῆς
3583 2621 3780 2698 σαρκὸς

2143 2712 2300 2766 αὒτοῦ
2329 2708 2566 2765 ἐκάθισεν
2595 2710 2647 2765 ἐν
2679 2706 2817 2782 δέξιᾷ
2873 2716 2964 2766 τοῦ
2996 2709 3148 2768 Θεοῦ.
3205 2729 3233 2767 (
3291 2707 3382 2766 Ἐν
3435 2706 3689 2783 ὑψηλοῖς,
3755 2731 3782 2763 n

2141 2797 2354 2853 πάντων
2387 2797 2587 2870 ἐπάνω,
2622 2799 2802 2877 φησὶν,
2851 2799 2923 2860 εἰς
2968 2799 3121 2856 αὐτὸν
3164 2799 3252 2853 τὸν
3295 2803 3540 2876 πατρῷον
3583 2797 3784 2875 θρόνον,

2143 2892 2315 2943 Ταῦτα
2347 2884 2400 2940 δὲ
2444 2887 2504 2942 τὸ
2561 2887 2838 2960 ὁμοούσιον
2895 2885 3076 2953 δηλοῖ.
3139 2909 3166 2940 σ
3229 2887 3474 2960 Τοσούτῳ
3541 2887 3788 2964 κρείττων

2141 2974 2424 3051 γενόμενος
2453 2979 2556 3032 τῶν
2587 2973 2851 3052 ἀγγέλων.
2885 2994 2916 3033 )
2956 2976 3079 3054 Περὶ
3106 2980 3204 3041 τῆς
3237 2976 3532 3050 οἰκονομίας
3563 2977 3591 3031 ὸ
3628 2972 3786 3052 λόγος

2140 3062 2304 3138 αὐτῷ.
2379 3054 2441 3120 Ἦ
2499 3065 2598 3143 γῖιρ
2651 3063 2772 3144 σάρξ
2845 3068 3000 3123 αὒτοῦ
3071 3063 3301 3142 ἐγένετο.
3362 3054 3419 3122 Ὀ
3492 3066 3590 3144 γὰρ
3654 3065 3782 3128 Θεὸς

413 3162 530 3204 non
561 3153 649 3205 est
679 3145 920 3215 factum.
956 3147 1057 3209 sed
1091 3143 1572 3226 genitum.Tanto
1609 3163 1748 3224 ergo
1771 3154 2054 3226 praestan-

2143 3152 2308 3230 Λόγος
2361 3157 2421 3212 οὗ
2467 3143 2727 3232 γέγονεν,
2763 3151 2899 3208 ἀλλὰ
2972 3152 3305 3232 γεγέννηται.
3382 3153 3625 3226 Τοσούτῳ
3693 3152 3780 3209 οὖν

413 3231 528 3294 tior
578 3234 728 3296 facto
783 3244 870 3296 est
906 3255 1042 3299 caro
1097 3237 1226 3316 ejus
1271 3235 1415 3316 ipsis
1463 3234 1708 3312 angelis,
1771 3242 2056 3316 quantum

413 3321 552 3385 licet
582 3342 649 3385 ex
683 3326 1030 3387 excellentia
1047 3325 1353 3387 nominum
1374 3326 2054 3405 cognosc:~re.Autquod

413 3410 630 3474 dicitur
659 3415 889 3490 Factus,
925 3435 1040 3477 non
1087 3416 1160 3476 de
1199 3431 1380 3476 carne
1425 3411 1706 3492 accipias,
1745 3431 1818 3475 ne
1857 3415 2051 3494 ipsum

413 3519 480 3564 ex
526 3503 640 3565 hoc
689 3503 871 3566 dividi
920 3505 1265 3566 existimes:
1300 3501 1402 3564 sed
1453 3503 1527 3562 de
1565 3500 1823 3576 Christo,
1857 3502 1956 3583 qui
1991 3503 2050 3564 in

413 3611 528 3653 una
553 3593 849 3674 hypostasi
879 3595 1160 3656 adorator
1185 3592 1359 3658 etiam
1393 3609 1526 3652 cum
1559 3608 1739 3652 carne
1761 3609 1886 3654 sua.
1909 3590 2052 3653 Nam

413 3680 514 3742 ubi
545 3683 729 3744 semel
763 3684 820 3744 id
853 3684 1008 3766 quod
1033 3680 1493 3764 dispensationis
1518 3679 2057 3762 estattigit,absque

414 3770 624 3833 timore
655 3793 785 3853 qua}
817 3781 952 3834 sunt
997 3772 1244 3834 humilia
1291 3769 1568 3850 loquitur.
1613 3791 1634 3824 ιι
1668 3767 2056 3831 Haereditario

399 3863 538 3941 jure
563 3870 766 3924 nactus
799 3871 885 3924 est
933 3881 1175 3924 nomen.
1219 3885 1238 3916 ι
1277 3859 1536 3922 Verbum
1591 3857 1776 3931 enim,
1813 3877 1946 3920 cum
1979 3858 2054 3920 ab

411 3949 579 4010 initio
613 3968 830 4010 nomen
867 3952 993 4010 521
1044 3951 1296 4012 haberet
1319 3947 1471 4026 Filii,
1509 3945 1682 4005 etiam
1715 3965 1847 4007 cum
1873 3965 2055 4008 carne

409 4038 552 4100 illud
581 4037 808 4101 habuit.
837 4039 1040 4101 Merito
1089 4057 1228 4115 ergo
1260 4036 1478 4097 dicitur
1512 4033 2056 4115 Haereditariojure

412 4136 618 4188 nactus
676 4133 789 4200 est,
863 4135 1102 4208 propter
1152 4124 1654 4190 incarnationem.
1704 4123 1919 4185 Nactus
1968 4133 2058 4187 est

409 4225 603 4277 autem
671 4215 868 4279 vocari
927 4215 1196 4279 Christus
1254 4212 1380 4275 Dici
1442 4211 1621 4290 igitur
1675 4212 1750 4274 de
1823 4212 2054 4274 Christo

411 4305 568 4387 quod
640 4304 1018 4368 hereditario
1081 4306 1220 4385 jure
1295 4311 1498 4363 nactus
1575 4309 1703 4376 est,
1763 4301 2055 4381 signiﬁcat

409 4413 545 4458 eum
571 4394 955 4476 acquisivisse
985 4393 1128 4458 illud
1175 4391 1330 4475 quod
1382 4391 1504 4470 jam
1554 4389 1694 4451 olim
1741 4389 2049 4453 habuerat.

2136 3246 2386 3320 κρείττων
2441 3244 2474 3310 ἡ
2531 3242 2654 3321 σὰρξ
2688 3241 2842 3300 αὒτοῦ
2884 3241 3055 3298 αὖτῶν
3125 3241 3310 3321 γέγονε
3366 3243 3471 3297 τῶν
3513 3238 3776 3319 ἀγγέλων,

2137 3329 2256 3386 ὅσον
2312 3331 2441 3405 ἐστὶ,
2500 3335 2680 3411 φησὶν,
2742 3331 2804 3387 ἐκ
2869 3333 2967 3398 τῆς
3027 3337 3134 3423 τῶγ
3203 3331 3474 3406 ὀνομάτων
3531 3327 3778 3409 διαφορᾶς

2135 3424 2330 3498 γνῶναι
2378 3419 2918 3500 [OIKOI‘MENIOY].
2977 3453 3046 3464 —
3112 3419 3166 3475 Ἠ
3222 3420 3283 3476 τὸ
3335 3419 3644 3494 Γενόμενος,
3691 3421 3784 3476 οὒκ

2137 3507 2221 3564 ἐπὶ
2251 3510 2442 3586 σαρκὸς
2469 3507 2735 3588 ἐκλάθοις,
2789 3507 2883 3565 ’ίνα
2936 3509 3013 3584 μὴ
3071 3507 3291 3588 διαιρεῖν
3337 3511 3615 3587 νομισθῇς,
3661 3504 3782 3563 ἀλλ’

2137 3597 2221 3654 ἐπὶ
2263 3597 2355 3654 τοῦ
2405 3604 2628 3677 Χριστοῦ
2696 3599 2788 3654 τοὺ
2847 3597 2901 3653 ἐν
2963 3603 3058 3672 μιᾷ
3105 3597 3386 3677 ὑποστάσει
3456 3617 3782 3676 προσκυνου-

2139 3685 2320 3766 μένου,
2353 3690 2440 3742 καὶ
2488 3688 2622 3762 μετᾶ
2669 3691 2766 3753 της
2813 3688 3003 3765 σαρκὸς
3048 3687 3224 3744 arb-:06.
3289 3674 3473 3750 ’Ἃπαξ
3531 3686 3629 3763 γὰρ
3685 3689 3786 3751 τῆς

2137 3776 2436 3850 οἰκονομίας
2509 3773 2911 3850 ἐπιλαϐόμενος,
2967 3773 3132 3838 ἀδεῶς
3190 3775 3254 3830 τα
3297 3774 3517 3830 ταπεινὰ
3568 3771 3786 3851 φθέγγε-

2137 3886 2241 3919 ται.
2341 3891 2362 3914 ι·
2431 3863 2906 3942 Κεκληρονόμηκεν
2989 3863 3178 3939 ὄνομα.
3241 3881 3268 3920 3
3358 3863 3428 3918 Τὸ
3472 3862 3570 3940 γὰρ
3630 3863 3780 3935 Υἱὸς,

2141 3953 2308 4029 ὄνομα
2349 3953 2494 4034 ’έχων
2538 3955 2630 4010 ἀπ’
2672 3955 2848 4034 ἀρχῆς
2906 3956 2933 4010 ὸ
2993 3955 3185 4030 Λογὸς,
3246 3953 3332 4008 καὶ
3359 3951 3492 4026 μετὰ
3519 3955 3616 4018 τῆς
3649 3972 3783 4029 σαρ-

2139 4043 2256 4116 κὸς,
2320 4045 2474 4099 αὒτοῦ
2529 4042 2713 4122 ἔσχεν,
2763 4043 2992 4105 Εἰκότως
3049 4042 3136 4098 οὖν
3194 4041 3279 4114 τὸ,
3353 4037 3785 4117 Ἐκληρονόμησε

2140 4143 2339 4210 κεῖται,
2398 4133 2471 4194 ὡς
2529 4129 2612 4186 διὰ
2667 4133 2764 4198 τὴν
2849 4130 3264 4207 ἐνανθρώπησιν,
3353 4125 3785 4206 Ἐκληρονόμησε

2139 4218 2217 4292 δὲ,
2262 4221 2322 4275 τὸ
2367 4218 2606 4298 λέγεσθαι
2664 4221 2908 4295 Χριστός.
2967 4217 3266 4287 Ἐκτήσατο
3321 4216 3432 4290 οὖν,
3479 4215 3506 4270 ὃ
3563 4216 3650 4270 καὶ
3677 4216 3788 4272 πά-

2137 4306 2224 4363 λαι
2256 4309 2440 4387 εἶχεν.
2490 4297 2739 4372 “nm.
2802 4300 2863 4366 Ἠ
2894 4307 3222 4386 κληρονομία
3279 4305 3465 4383 κυρίως
3494 4309 3600 4360 τῶν
3630 4325 3790 4383 προσ-

2135 4399 2374 4464 ηκόντων
2459 4397 2679 4474 γίνεται,
2767 4395 2886 4454 ἀλλ’
2970 4401 3029 4456 οὗ
3109 4403 3216 4452 τὼν
3315 4391 3785 4471 ἠλλοτριωμένων.

409 4484 554 4574 Alio
583 4485 777 4548 modo.
813 4484 1140 4574 Haereditas
1185 4501 1391 4546 eorum
1439 4489 1496 4574 et
1546 4497 1678 4559 quze
1703 4481 1842 4574 jure.
1867 4477 2050 4540 obve-

2143 4485 2600 4567 Ἐκληρονόμησεν
2660 4487 2770 4564 οὖν,
2843 4487 2973 4568 ὅπερ
3030 4487 3222 4544 ἄνωθεν
3294 4484 3415 4552 ἐνῆν
3473 4490 3550 4574 τῷ
3605 4484 3784 4562 Λόγῳ,

408 4573 600 4649 niunt,
629 4583 687 4638 et
711 4594 826 4637 non
859 4593 990 4656 qua
1017 4573 1212 4636 aliena
1251 4579 1410 4634 sunt.
1454 4567 1657 4648 Itaque
1689 4567 1846 4656 quod
1882 4587 1915 4630 e
1944 4586 2051 4628 su-

2143 4583 2290 4633 τοῦτο
2349 4577 2663 4656 κατενεχθὲν
2718 4575 2782 4633 δι’
2844 4567 3024 4656 α’ὸτοῦ,
3107 4577 3195 4632 καὶ
3263 4575 3298 4642 ἠ
3377 4571 3775 4652 προσληφθεῖσα

411 4663 612 4744 peanis
643 4663 840 4726 Verbo
879 4655 1300 4738 conveniebat,
1346 4659 1403 4720 id
1449 4658 1683 4719 inferne
1729 4655 2050 4744 deductum

407 4743 640 4834 accepit
689 4771 794 4834 per
844 4752 1039 4834 ipsum
1085 4751 1262 4814 etiam
1320 4754 1620 4827 assumpta
1667 4763 1823 4807 caro.
1885 4743 2053 4818 Quod

407 4849 603 4904 autem
635 4851 724 4904 est
751 4841 944 4905 illud?
985 4841 1197 4919 Filius,
1246 4841 1434 4903 Deum
1485 4836 1895 4898 universorum
1955 4835 2057 4917 qui

410 4935 584 4996 Pater
611 4940 700 4994 est
719 4931 906 5013 ipsius
925 4950 1161 5014 quoque
1190 4928 1388 4992 carnis
1419 4924 1739 4997 est,dicere
1757 4923 1949 4988 Genui
1974 4931 2050 4985 te.

407 5024 572 5098 Quod
592 5030 792 5089 autem
822 5025 902 5086 ait
930 5042 944 5088 :
972 5023 1186 5099 Hodie,
1219 5041 1339 5084 non
1383 5018 1668 5100 temporis
1706 5015 2058 5095 signiﬁcati-

409 5133 542 5175 vum
573 5121 688 5186 est,
720 5113 826 5176 sed
859 5113 1015 5195 quod
1063 5130 1364 5194 nunquam
1409 5115 1718 5191 separatus
1747 5105 1856 5167 fuit
1883 5104 2060 5167 Pater

409 5203 727 5282 alegitima
757 5203 1044 5284 paternali
1083 5201 1430 5266 habitudine
1478 5215 1651 5280 quam
1705 5195 1885 5258 habet
1913 5213 2059 5276 erga

409 5291 647 5355 Filium.
678 5293 763 5354 Ac
792 5293 842 5354 si
873 5293 1101 5354 diceret
1134 5309 1149 5355 :
1187 5289 1437 5371 Semper
1485 5288 1598 5350 hoc
1630 5284 1802 5347 modo
1835 5303 1976 5363 erga
2003 5292 2058 5344 te

408 5380 653 5444 affectus
679 5399 810 5442 sum
845 5402 858 5441 :
884 5397 1004 5446 non
1027 5381 1194 5463 quasi
1226 5377 1547 5442 accesserit
1588 5375 1915 5463 generatio,
1947 5375 2052 5438 sed

409 5467 565 5551 quod
599 5462 1075 5550 perseveretsem
1084 5487 1190 5551 per
1205 5477 1262 5532 et
1276 5467 1578 5530 continum
1603 5462 1880 5526 sortiatur
1897 5463 2058 5546 prin-

408 5556 654 5639 cipium,
683 5557 1030 5641 nullumque
1061 5559 1264 5621 finem.
1299 5555 1624 5620 Considera
1657 5570 1802 5615 vero
1834 5571 1908 5615 ne
1939 5573 2054 5635 quo

409 5645 588 5710 modo
619 5648 698 5712 ita
728 5647 922 5727 potius
955 5647 1232 5729 .adaptet,
1281 5654 1344 5708 ut
1383 5643 1557 5707 ambo
1603 5642 1842 5726 quidem
1900 5642 2057 5706 dicta

415 5735 534 5800 sint
560 5735 637 5802 de
665 5735 926 5818 Christo,
958 5735 1231 5820 et,Filius
1253 5752 1421 5800 meus
1450 5751 1515 5799 es
1539 5739 1695 5812 tu,et
1718 5731 1858 5813 Ego,
1876 5733 2058 5798 hodie

2137 4664 2284 4746 σάρξ.
2333 4666 2392 4723 Τί
2421 4662 2473 4720 δέ
2503 4665 2612 4721 ἐστι
2641 4675 2795 4726 τοῦτο
2831 4686 2847 4746 ;
2905 4668 2975 4725 Τὸ
3020 4666 3164 4739 Υἱὸς,
3212 4665 3272 4720 τὸ
3301 4661 3541 4741 λέγεσθαι
3567 4662 3656 4717 τὸν
3684 4666 3790 4716 τῶν

2139 4753 2277 4810 ὅλων
2309 4755 2438 4810 Θεὸν
2492 4753 2698 4835 Πατέρα
2728 4755 2915 4826 αὒτῆς,
2972 4756 3035 4811 τὸ
3087 4752 3387 4832 Γεγέννηκά
3448 4772 3529 4808 σε.
3591 4751 3663 4807 Τὸ
3713 4746 3795 4829 δὲ,

2141 4845 2410 4920 Σήμερον,
2441 4845 2499 4901 οὗ
2525 4845 2717 4924 χρόνου
2747 4843 3066 4919 δηλωτικὸν,
3127 4841 3263 4899 ἀλλὰ
3317 4849 3409 4898 τοῦ
3468 4836 3604 4916 μηδέ
3661 4858 3795 4894 ποτε

2139 4932 2444 4989 διεσπᾶσθαι
2502 4935 2594 4989 τὸν
2667 4933 2872 5013 Πατέρα
2926 4938 3024 5000 τῆς
3081 4930 3434 5011 γνησιότητος
3505 4933 3602 4994 τῆς
3663 4927 3797 5005 πρὸς

2143 5023 2233 5079 τὸν
2279 5022 2418 5081 Υἱόν.
2481 5026 2612 5080 Οἷσιν
2661 5020 2792 5104 Ἀεὶ,
2839 5023 3020 5103 φησὶν,
3089 5020 3251 5085 οὕτως
3280 5019 3409 5096 πρὸς
3437 5016 3495 5073 τὲ
3525 5013 3796 5090 διάκειμαι

2141 5115 2246 5191 οὐχ
2275 5112 2348 5174 ὡς
2381 5109 2745 5190 παρελθούσης
2776 5117 2873 5181 τῆς
2918 5112 3241 5192 γεννήσεως,
3287 5103 3406 5163 ἀλλ’
3456 5107 3531 5168 ὡς
3583 5103 3795 5192 ἐνεστη-

2142 5201 2286 5264 κυίας
2342 5198 2626 5266 διαπαντὸς
2671 5203 2757 5258 καὶ
2810 5191 2939 5259 καθί
2998 5201 3230 5266 ἑκάστην
3288 5196 3488 5276 ἀρχὴν,
3547 5191 3666 5250 ἀλλ’
3737 5196 3797 5251 οὗ

2140 5289 2289 5354 τέλος
2321 5286 2718 5365 λαμϐανούσης.
2775 5293 2975 5348 Σκόπει
3019 5288 3096 5363 δὲ,
3147 5290 3224 5365 μή
3279 5305 3410 5343 ποτε
3440 5281 3643 5360 μᾶλλον
3704 5280 3794 5338 οὔ-

2138 5401 2240 5444 τως
2273 5378 2501 5460 ἀρμόζη,
2566 5379 2726 5460 ἄμφω
2781 5381 2876 5456 μὲν
2922 5382 3155 5460 εἰρῆσθαι
3199 5378 3285 5434 επὶ
3327 5381 3419 5431 τοῦ
3450 5371 3700 5460 Χριστοῦ,
3731 5369 3792 5460 τό

2136 5489 2194 5524 τε
2226 5466 2342 5532 Υἱός
2374 5459 2493 5543 μου
2521 5468 2575 5525 εἷ
2617 5459 2700 5544 ab,
2752 5471 2839 5526 καὶ
2892 5459 2978 5546 τὸ,
3025 5465 3168 5546 Ἐγὼ
3219 5465 3453 5544 σήμερον
3495 5459 3792 5540 γεγέννηκά

2139 5580 2219 5616 σε.
2281 5552 2449 5612 Ἀλλὰ
2499 5558 2559 5613 τὸ
2605 5558 2726 5638 μὲν,
2789 5557 2909 5623 Υἱός
2953 5579 3056 5635 μου
3098 5556 3179 5630 εἴ,
3237 5555 3368 5610 καθὸ
3424 5550 3583 5627 λόγος
3618 5563 3634 5580 ⁶
3697 5547 3796 5638 τὴν

2139 5643 2309 5702 ἀΐδιον
2354 5645 2452 5723 γὰρ
2501 5643 2586 5702 διὰ
2642 5635 2734 5704 τού
2789 5645 2876 5722 Εἴ,
2927 5646 3174 5727 γέννησιν
3227 5642 3473 5719 σημαίνει
3509 5654 3524 5669 ⁸
3593 5639 3656 5695 τὸ
3710 5635 3788 5727 δὲ,

2141 5736 2386 5812 Σήμερον
2416 5733 2712 5815 γεγέννηκά
2759 5758 2843 5818 σε,
2901 5726 3029 5795 καθὸ
3081 5731 3228 5816 σαρξ,
3288 5731 3386 5798 τὴν
3453 5729 3554 5808 γὰρ
3623 5726 3795 5807 πρόσ-
