4152 6216
318 359 441 425 285

1478 356 1874 425 COMMENT.
1922 356 2005 419 IN
2049 354 2289 419 EPIST.
2336 355 2438 418 AD
2480 354 2708 418 HEBR.

3584 348 3702 416 286

315 515 480 574 φατον
552 491 802 571 γέννησιν
870 491 1133 573 ἐμνραίνει,
1184 490 1401 565 Εωοκίᾳ
1456 493 1555 573 γὰρ
1607 492 1701 551 τοῦ
1736 491 1945 571 γΠατρὸ

2053 486 2235 574 genui
2267 493 2364 549 te:
2391 485 2493 549 sed
2517 485 2686 569 illud,
2716 484 2904 549 Filius
2935 503 3106 548 meus
3125 501 3212 562 es,
3239 489 3529 574 quatenus
3544 485 3702 574 Ver-

312 570 661 659 γεγέννηται,
705 588 919 656 Πνεῦμα
954 570 1112 661 ”γαρ,
1172 582 1352 662 ωησὶν,
1417 584 1446 638 6
1472 570 1747 662 671:1“,
1817 579 1949 659 ἅγιοι

2051 572 2190 636 bum
2224 583 2318 637 est
2352 592 2365 637 :
2402 582 2684 637 aeternam
2716 575 2874 637 enim
2909 575 3208 654 signiﬁcat
3228 571 3587 635 nativitatem
3601 570 3701 654 Es;

311 668 654 727 ἐπελεύσεται
692 669 778 727 ἐπὶ
821 670 905 745 σὲ,
951 670 1076 726 εἶτα
1125 672 1213 727 καὶ
1268 669 1484 747 δύναμις
1555 662 1803 747 Ὑψίστου
1844 667 1964 725 ἐπι-

312 759 524 816 σκιάσει
559 781 665 821 σοι,

950 1120 1201 1176 ΚΕΦΑΛ.
1249 1104 1332 1177 B'.
1394 1190 1400 1195 θ

312 1230 340 1265 ι
410 1195 519 1268 ⁸δτι
578 1211 639 1267 οὒ
681 1208 1011 1289 λειτουργικῆ
1064 1210 1099 1278 ἡ
1142 1207 1261 1274 δόξα
1306 1215 1552 1287 Χριστοῦ,
1614 1209 1751 1266 ἀλλὰ
1809 1211 1964 1278 θεῖκὴ

393 1292 484 1347 καὶ
539 1291 797 1359 ποιητική
828 1288 863 1321 ’⁷
904 1288 984 1345 διὸ
1040 1291 1133 1346 οὒκ
1189 1289 1276 1345 ἐπὶ
1316 1289 1410 1346 τοῦ
1451 1291 1707 1369 παρόντος
1777 1292 1963 1354 αἰῶνος

396 1369 454 1425 ἐν
521 1375 568 1445 ᾧ
638 1374 686 1427 οἱ
772 1369 1087 1450 λειτουργοὶ,
1163 1366 1282 1425 ἀλλ’
1354 1368 1439 1426 ἐπὶ
1507 1366 1607 1438 τῆς
1665 1369 1963 1447 μελλούσης

396 1450 737 1527 οἰκουμένης.

390 1545 502 1602 Τίνι
532 1544 634 1624 γάρ
661 1543 788 1601 εἶπέ
815 1564 945 1601 ποτε
989 1549 1092 1601 τῶν
1137 1541 1404 1623 ἀγγέλων,
1469 1544 1603 1608 Υἱός
1648 1567 1749 1621 μου
1790 1546 1844 1602 εἶ
1876 1546 1960 1618 σὺ,

306 1632 421 1711 ἐγὼ
474 1635 709 1714 σήμερον
766 1631 1060 1712 γεγέννηκά
1114 1655 1173 1689 σε
1208 1648 1223 1663 ⁵
1299 1631 1458 1689 πάλιν
1491 1654 1505 1668 ο
1578 1635 1721 1712 Ἐγὼ
1772 1632 1961 1709 ἔσομαι

2052 663 2163 725 hoc
2186 670 2384 726 autem
2416 662 2608 725 Hodie
2637 664 2812 741 genui
2847 672 2927 745 te,
2959 666 3128 744 juxta
3171 679 3410 725 carnem
3437 681 3452 722 :
3484 679 3701 723 recen-

2051 760 2170 814 tem
2203 770 2463 832 namque
2493 751 2764 830 designat
2819 753 3208 814 nativitatem.
3242 750 3475 813 Etenim
3510 749 3701 812 Patris

2048 839 2423 922 beneplacito
2484 848 2655 902 natus
2707 850 2814 902 est.
2855 868 2881 896 ιι
2917 839 3183 922 Spiritus,
3217 846 3480 919 sanctus,
3513 838 3704 919 inquit

2047 930 2313 1007 angelus,
2336 955 2351 973 ι
2369 930 2715 1010 uperveniet
2734 930 2794 991 in
2820 940 2936 1003 te,»
2965 928 3185 992 deinde
3207 927 3381 990 etiam
3411 947 3424 991 :
3457 949 3479 982 σ
3502 925 3700 988 Virtus

2049 1017 2337 1080 Altissimi
2369 1016 2744 1081 obumbrabit
2777 1018 2882 1081 tibi
2912 1019 2960 1081 ε.
2995 1019 3046 1079 4.
3081 1040 3109 1077 ι

2691 1106 2935 1171 CAPUT
2979 1107 3051 1172 II.

2055 1195 2223 1269 ()uod
2243 1213 2365 1259 non
2384 1199 2468 1260 sit
2482 1198 2901 1260 ministerialis
2944 1198 3147 1276 gloria
3190 1198 3443 1278 Christi,
3470 1195 3576 1258 sed
3591 1194 3691 1278 ai-

2129 1280 2274 1357 oina
2305 1287 2362 1339 et
2385 1279 2645 1357 ρίβσαατε
2682 1278 2818 1339 ideo
2847 1296 2971 1340 non
2995 1278 3279 1357 prwsenti
3325 1276 3548 1340 sweulo
3579 1276 3694 1337 Ιιο-

2131 1356 2295 1431 bitet,
2328 1360 2393 1419 in
2424 1356 2541 1438 quo
2565 1366 2704 1420 sunt
2733 1356 3036 1432 ministri,
3068 1359 3173 1420 sed
3202 1363 3263 1419 in
3293 1358 3529 1437 futuro.

2126 1533 2171 1613 Ι,
2205 1536 2337 1597 5-7.
2370 1535 2528 1598 Nam
2580 1538 2681 1599 eui
2732 1537 2898 1599 dixit
2956 1554 3225 1617 unquam
3281 1533 3688 1614 angelorum:

2046 1623 2241 1687 Filius
2268 1641 2436 1687 meus
2465 1644 2528 1688 es
2579 1634 2665 1701 tu,
2699 1644 2803 1707 ego
2853 1626 3033 1689 hodie
3075 1625 3259 1705 genui
3290 1631 3346 1686 te
3366 1627 3394 1685 Ρ
3445 1624 3525 1684 Ae
3554 1639 3694 1683 rur-

306 1709 454 1801 αὖτῴ
511 1709 632 1786 εἰς⁷
658 1709 889 1801 Πατέρα.
960 1723 1049 1779 καὶ
1097 1721 1253 1785 αὐτὸς
1310 1720 1455 1777 ἔσται
1529 1744 1618 1798 μοι
1655 1709 1759 1786 ἐἷς
1816 1722 1949 1784 Υξόν,

2042 1730 2177 1775 sum
2206 1730 2226 1775 :
2257 1714 2387 1794 Ego
2409 1733 2509 1775 ero
2544 1715 2605 1776 ei
2634 1715 2843 1794 Pater,
2879 1724 2931 1777 et
2977 1713 3082 1776 ille
3128 1715 3245 1775 erit
3274 1711 3425 1774 mihi
3454 1709 3696 1773 Filius?

307 1800 491 1869 ’⁸οταν
534 1809 590 1867 δὲ
633 1800 809 1868 πάλιν
864 1812 1123 1890 εἰσαγάγῃ
1178 1812 1271 1867 τὸν
1340 1810 1677 1890 πρωτότοκον
1733 1812 1805 1874 εἰς
1862 1811 1949 1880 tr‘p

2045 1803 2305 1866 Rursum
2347 1814 2573 1877 alitem,
2631 1823 2763 1868 cum
2817 1806 3053 1867 inducit
3110 1804 3593 1881 Primogem’tum
3625 1801 3693 1861 in

303 1900 648 1981 οἰκουμένην,
675 1900 843 1977 λέγει.
901 1866 1003 1960 Καί
1050 1866 1567 1981 προσκυνησάτωσαν
1600 1901 1739 1977 αὸτῷ
1767 1902 1949 1965 πάντες

2041 1891 2237 1955 orbem
2271 1901 2600 1967 terrarum,
2648 1895 2801 1956 dicit
2848 1916 2867 1956 :
2918 1895 2997 1957 Et
3028 1894 3282 1954 adorent
3318 1866 3693 1981 ἔντη-ρωπος

302 1987 523 2067 ἄγγελοι
569 1977 729 2051 Πεοῦ.
762 1991 862 2048 Καὶ
891 1992 1023 2068 πρὸς
1055 1977 1154 2065 μὲν
1194 1990 1315 2055 τοὺς
1367 1988 1622 2069 ἀγγέλους
1664 1989 1806 2068 λέγει
1840 2007 1854 2022 ’
1902 1981 1949 2049 Ὀ

2043 1982 2244 2061 angeli
2295 1984 2427 2047 Dei.
2465 1983 2551 2046 Et
2586 1984 2665 2044 nd
2716 1984 2964 2063 angelos
2995 1982 3238 2062 quidem
3267 1981 3355 2041 ait
3391 1999 3404 2040 :
3439 1977 3561 2069 Qui
3586 1980 3687 2056 fa-

299 2083 476 2133 ποιιῖιν
507 2079 629 2142 τοὺς
663 2076 920 2157 ἀγγέλους
951 2077 1108 2138 αἴ)τοῦ
1135 2079 1431 2154 πνεύματα,
1464 2079 1553 2134 καὶ
1581 2077 1701 2142 τοὺς
1731 2077 1949 2158 λειτουρ.

2042 2071 2124 2133 cit
2163 2072 2403 2148 angelos
2427 2091 2565 2135 suos
2592 2074 2867 2153 spiritus,
2903 2083 2958 2134 et
3010 2072 3328 2133 ministros
3355 2085 3490 2129 suos
3510 2068 3688 2146 ﬂam-

300 2166 430 2244 γοὺς
460 2167 622 2223 αὐτοῦ
663 2169 827 2246 πυρὸς
870 2166 1068 2247 φλόγα.

386 2253 718 2329 Ἢκούσαμεν
766 2256 855 2311 καὶ
903 2253 1167 2334 ἄνθρωποι
1224 2256 1343 2328 υἱοὶ,
1390 2252 1526 2311 ἀλλὰ
1581 2255 1717 2311 κατὰ
1776 2256 1956 2335 χάριν,

300 2345 363 2400 Οἱ
397 2340 453 2398 δὲ
482 2342 701 2420 ἄγγελοι
730 2347 825 2402 οὒκ
852 2342 1108 2423 ἥκουσαν,
1151 2343 1244 2399 ’ίνα
1287 2344 1364 2418 μὴ
1407 2345 1468 2399 τὸ
1522 2342 1810 2423 μεγαλεῖον
1860 2346 1958 2401 αὖ-

299 2432 437 2503 τοῖιν,
472 2431 551 2505 μὴ
576 2429 874 2514 ἐπιδέξητιι
898 2432 960 2488 τὸ
988 2432 1124 2487 κατὰ
1180 2431 1364 2511 χάριν,
1424 2430 1560 2487 ἀλλὰ
1613 2433 1750 2489 κατὰ
1807 2434 1958 2514 φύσιν

299 2521 557 2595 νομισϐᾑ,
616 2509 674 2577 ι0
723 2518 778 2576 δὲ
835 2522 1058 2600 Χριστὸς
1101 2519 1161 2577 οὗ
1185 2509 1188 2510 ν
1215 2509 1351 2577 κατὰ
1405 2521 1586 2602 χάριν,
1631 2521 1768 2579 ἀλλὰ
1820 2509 1957 2584 κατὰ

302 2607 484 2687 φύσιν.
540 2627 565 2664 ι
627 2605 772 2687 Ἐγὼ
822 2610 1053 2687 σήμερον
1097 2609 1393 2689 γεγέννηκά
1443 2631 1525 2672 σε.
1578 2632 1601 2667 ι
1665 2613 1954 2670 Οἰκειοῦται

299 2698 329 2752 6
394 2696 580 2775 Πατὴρ
624 2699 726 2765 τὴν
766 2699 903 2754 γατὰ
949 2699 1116 2777 σάρκα
1170 2698 1419 2777 γέννησιν
1473 2709 1565 2759 τοῦ
1634 2703 1778 2758 Υἱοῦ.
1858 2702 1955 2758 Δια

297 2795 461 2844 τοῦτο
490 2785 609 2868 εἶπε
655 2787 738 2859 τὸ,
789 2788 1051 2866 Σήμερον.
1107 2786 1285 2851 Οὕτως
1330 2790 1358 2845 6
1404 2787 1459 2844 ἐν
1503 2789 1668 2868 ἁγίοις
1726 2787 1951 2846 Ἀθανά-

294 2895 438 2937 σιος.
479 2895 505 2928 ι
543 2864 784 2951 ’Ἑσομαι
813 2864 956 2952 αὐτῷ
997 2878 1070 2941 εἷς
1124 2877 1355 2957 Πατέρα.
1403 2901 1431 2932 ι
1495 2864 1591 2936 Καὶ
1644 2883 1799 2937 τοῦτο
1841 2879 1951 2935 πά·-

291 2961 379 3019 λιν
438 2959 580 3029 δέξαι
654 2967 728 3030 ὡς
788 2965 1145 3042 οἰκειουμένου
1221 2974 1315 3024 τοῦ
1398 2969 1602 3046 Πατρὸς
1670 2970 1771 3035 τὴν
1818 2968 1953 3025 κατᾶ

291 3052 470 3131 σάρκα
536 3051 784 3131 γέννησιν
839 3062 931 3111 τοῦ
1000 3058 1144 3119 Υίοῢ,
1203 3057 1276 3113 Τὸ
1333 3057 1432 3137 γαρ
1503 3056 1713 3137 ἔσομαι,
1772 3062 1952 3136 σαφῶς

290 3141 382 3198 ἐπὶ
427 3150 523 3200 τοῦ
577 3143 713 3199 κατὰ
768 3144 937 3223 σάρκα
992 3143 1226 3221 εἴρηται.
1281 3167 1302 3199 ι
1371 3136 1545 3204 ’Ὅταν
1586 3144 1641 3201 δὲ
1682 3136 1842 3203 πάλιν
1870 3149 1950 3204 εἶ-

294 3230 543 3309 σαγάγῃ.
610 3253 635 3288 ι
697 3232 877 3289 Πάντα
947 3231 1097 3310 δέξῃς
1178 3234 1315 3298 μετὰ
1368 3234 1467 3301 τὴν
1537 3233 1949 3314 ἐνανθρώπησιν,

293 3323 373 3379 Τὸ
405 3323 528 3400 γὰρ,
563 3323 853 3401 Εἱσαγάγῃ,
892 3327 1028 3397 οἷον,
1062 3322 1397 3405 Ἐγχειρίσῃ,
1431 3337 1630 3386 κεῖται.
1665 3323 1794 3383 Τότε
1825 3327 1946 3406 γὰρ,

292 3410 568 3480 ἐκτήσατο
630 3413 819 3487 αὐτὴν,
876 3412 1096 3470 ἑκοῦσαν
1139 3411 1262 3494 παρ’
1303 3416 1461 3471 αὐτοῦ
1503 3411 1951 3496 Βασιλευομένην,

294 3498 394 3555 ὅτε
424 3500 552 3578 ὅπερ
580 3502 778 3563 παντὸς
835 3501 1086 3580 ἐγεύσατο
1137 3503 1377 3575 θανάτου,
1424 3503 1512 3559 καὶ
1539 3500 1628 3559 ὅτε
1669 3505 1949 3572 ἐπιστεύθη

294 3589 432 3651 Θεὸς
493 3588 589 3647 ὢν.
655 3588 1053 3668 Εὗπαράδεκτον
1108 3590 1164 3648 δὲ
1221 3598 1388 3649 ποιῶν
1444 3593 1537 3647 τὸν
1605 3590 1783 3669 λόγον⁹
1858 3595 1948 3649 τὸν

294 3675 512 3755 Πατέρα
541 3677 697 3733 εἶπεν
754 3679 1103 3758 εἰσαγαγόντα
1153 3682 1244 3736 τὸν
1287 3680 1426 3742 Υἱόν,
1488 3682 1561 3738 Τὸ
1615 3678 1670 3736 δὲ
1728 3682 1947 3760 εἰσαγα-

289 3779 438 3845 γεῖν,
484 3765 617 3833 νόει,
677 3766 771 3823 οὐκ
828 3766 1013 3836 ἐπειδὴ
1070 3767 1234 3825 πάλαι
1270 3767 1399 3834 ’ἔξω
1453 3768 1520 3837 ἦν
1562 3774 1661 3836 τῆς
1731 3771 1948 3836 κτίσεως

285 3861 553 3929 τοπικῶς,
594 3853 732 3935 (πῶς
761 3857 861 3936 γὰρ
893 3858 921 3913 6
979 3857 1153 3914 πάντα
1208 3855 1431 3937 πληρῶν
1467 3855 1507 3935 ;)
1551 3854 1671 3913 ἀλλ’
1716 3856 1796 3915 ὅτι
1853 3861 1946 3916 οό-

287 3941 378 3999 8%»
404 3943 536 4023 εἶχε
565 3945 697 4023 πρὸς
729 3946 892 4012 αὐτὴν
920 3946 1097 4002 κοινὸν
1155 3948 1282 4011 Θεὸς
1338 3945 1436 4005 ὢν.
1488 3944 1637 4003 Ἀλλ’
1666 3945 1755 4003 ὅτε
1784 3946 1945 4027 ἐσαρ-

284 4032 465 4106 κώθη,
520 4032 641 4087 τότε
712 4033 1031 4100 ἒκοινώνησε
1107 4041 1177 4112 τῇ
1231 4036 1421 4116 κτίσει,
1480 4037 1692 4092 κτιστὸν
1749 4037 1949 4100 ἐνώσας

2041 2176 2203 2221 mam
2230 2162 2415 2242 ignis.

2123 2250 2263 2310 522
2294 2251 2641 2314 Audivimus
2696 2260 2755 2313 et
2811 2270 2916 2313 nos
2972 2251 3072 2333 qui
3131 2248 3402 2312 homines
3459 2263 3688 2322 sumus,

2041 2335 2149 2397 ﬁlii
2179 2355 2379 2400 verum
2414 2359 2521 2421 per
2550 2341 2819 2420 gratiam.
2845 2332 3058 2417 Angeli
3080 2357 3218 2400 vero
3248 2339 3306 2399 id
3340 2354 3457 2396 non
3490 2332 3693 2395 audie-

2042 2435 2202 2502 runt,
2241 2446 2314 2489 ne
2345 2429 2680 2490 sublimitas
2739 2429 3001 2509 ipsorum
3062 2448 3178 2490 non
3211 2446 3280 2488 ex
3311 2424 3499 2505 gratia
3531 2440 3686 2498 esse,

2039 2516 2144 2577 sed
2167 2535 2235 2578 ex
2264 2527 2473 2580 natura
2504 2519 2960 2581 existimaretur.
2997 2518 3263 2582 Christus
3295 2534 3435 2578 vero
3468 2531 3583 2574 non
3618 2530 3689 2573 ex

2037 2606 2244 2682 gratia,
2275 2608 2381 2669 sed
2407 2625 2472 2669 ex
2500 2616 2772 2671 naturam
2804 2608 2927 2688 Ego
2959 2607 3134 2670 hodie
3164 2607 3343 2685 genui
3374 2615 3453 2667 te.
3499 2628 3525 2659 ι
3561 2608 3687 2683 Ap—

2039 2694 2271 2775 propiat
2298 2696 2411 2757 sibi
2449 2696 2621 2758 Pater
2666 2699 3026 2761 nativitatem
3077 2697 3208 2760 Filii
3224 2698 3391 2777 juxta
3413 2713 3682 2771 carnem,

2037 2791 2350 2865 propterea
2400 2786 2550 2848 dixit
2581 2804 2595 2849 :
2628 2786 2840 2865 Hodie;
2898 2787 2983 2849 Ita
3014 2789 3191 2849 habet
3222 2789 3390 2848 divus
3421 2787 3686 2848 Athana-

2035 2872 2183 2933 sius.
2222 2898 2243 2929 σ
2272 2874 2391 2954 Ego
2423 2893 2525 2937 ero
2556 2875 2610 2936 ei
2646 2878 2839 2939 Pater.
2877 2903 2903 2933 ι)
2940 2878 3125 2939 Etiam
3163 2878 3275 2939 hoc
3313 2895 3547 2938 rursum
3577 2895 3682 2937 ac-

2037 2960 2216 3042 cipito
2249 2972 2525 3044 tanquam
2546 2982 2580 3024 a
2615 2969 2778 3027 Patre
2797 2970 3214 3047 appropriante
3238 2965 3347 3027 sibi
3372 2964 3504 3027 Filii
3518 2965 3686 3045 juxta

2028 3068 2279 3120 .carnem
2312 3053 2694 3114 nativitatem.
2726 3056 2899 3126 Nam,
2956 3055 3095 3129 Ero,
3131 3055 3439 3118 manifeste
3468 3055 3685 3118 dicitur

2038 3138 2115 3199 de
2141 3158 2210 3201 eo
2240 3141 2394 3221 quod
2428 3141 2755 3205 secundum
2789 3162 3029 3206 carnem
3054 3152 3160 3206 est.
3179 3143 3465 3206 «Rursum
3484 3153 3680 3207 autem

2037 3246 2172 3289 cum
2204 3229 2450 3292 inducit'
2479 3256 2501 3290 ο
2531 3234 2671 3294 Post
2702 3233 3081 3296 humanitatis
3109 3236 3518 3314 acceptionem
3544 3233 3685 3295 uni-

2035 3334 2202 3379 versa
2257 3319 2534 3400 accipito.
2592 3320 2898 3401 Siquidem
2965 3322 3216 3395 Inducit,
3280 3322 3519 3403 ponitur
3575 3341 3682 3404 pro

2034 3405 2399 3472 Coumittit:
2438 3420 2575 3473 tunc
2599 3412 2756 3471 enim
2784 3412 2973 3490 ipsum
3000 3419 3211 3472 nactus
3243 3419 3332 3473 est
3352 3411 3556 3473 orbem
3580 3412 3682 3492 qui

2033 3498 2358 3560 voluntarie
2387 3498 2459 3560 ab
2492 3504 2618 3578 ipso
2650 3500 2986 3578 regebatur.
3022 3501 3256 3582 quando
3278 3518 3384 3580 pro
3409 3501 3681 3562 universo

2034 3586 2178 3648 orbe
2207 3596 2458 3649 mortem
2488 3590 2765 3666 gustavit,
2801 3596 2859 3650 et
2888 3591 3122 3671 quando
3154 3589 3416 3652 creditus
3435 3600 3522 3649 est
3544 3609 3677 3655 esse

2032 3670 2212 3736 Deus.
2240 3674 2520 3736 Efl‘uiens
2544 3687 2741 3738 autem
2775 3688 2835 3738 ut
2873 3670 3046 3740 facile
3079 3696 3273 3740 sermo
3295 3677 3674 3754 suscipiatur,

2030 3762 2179 3826 dixit
2209 3762 2439 3824 Patrem
2465 3764 2746 3828 inducere
2770 3767 3003 3828 Filium.
3027 3768 3317 3831 lnducere
3334 3785 3471 3828 vero
3505 3766 3678 3830 intel-

2031 3851 2180 3928 ligit,
2215 3872 2333 3913 non
2365 3853 2518 3933 quod
2553 3862 2729 3916 antea
2759 3855 2937 3917 fuerit
2965 3856 3232 3919 localiter
3260 3866 3422 3919 extra
3464 3859 3678 3920 condi-

2033 3951 2154 4003 tum
2180 3942 2467 4003 mundum
2516 3961 2529 4006 :
2570 3945 2868 4024 quomodo
2899 3946 3058 4007 enim
3089 3946 3149 4007 id
3178 3964 3381 4007 verum
3416 3956 3575 4010 esset
3603 3948 3678 4011 de

2032 4050 2103 4094 eo
2133 4033 2233 4112 qui
2268 4034 2467 4094 omnia
2496 4034 2750 4114 implet?
2777 4036 2881 4097 sed
2906 4037 3060 4117 quod
3086 4037 3231 4098 nihil
3253 4058 3384 4099 cum
3409 4047 3680 4102 creatura

292 4120 493 4194 ἑαυτῷ.
525 4119 704 4183 Οὕτως
752 4122 781 4176 6
822 4123 879 4177 ἒν
923 4123 1092 4201 ἁγίοις
1154 4123 1430 4203 Κύριλλος,
1475 4127 1532 4181 ἒν
1589 4132 1689 4200 τῷ,
1747 4127 1874 4190 Θεὸς
1920 4130 1948 4183 ὁ

2040 4140 2348 4183 commune
2381 4122 2654 4185 habuerit
2682 4142 2817 4186 cum
2846 4127 2907 4189 D-
2936 4145 3001 4187 us
3023 4135 3202 4188 esset.
3226 4128 3429 4190 Baiter;
3462 4148 3540 4202 ιη,
3578 4127 3679 4191 ubi

289 4210 543 4287 Χριστὸς,
588 4210 859 4285 πονήματι
895 4226 909 4240 ⁸
984 4214 1072 4269 καὶ
1130 4215 1158 4270 ὁ
1229 4214 1284 4269 ὲν
1353 4215 1521 4294 ἁγίοις
1577 4215 1864 4294 Γρηγόριος
1919 4218 1947 4273 ὁ

2040 4228 2269 4271 carnem
2304 4211 2645 4291 assumpsit,
2706 4221 2843 4274 tunc
2873 4232 3004 4273 cum
3039 4222 3306 4279 creatura
3337 4216 3675 4278 communi-

288 4299 503 4365 Νύσσης
555 4297 609 4354 ἐν
663 4312 784 4365 τοῖς
841 4300 979 4356 κατὰ
1021 4301 1295 4377 Εὖνομίου.
1344 4305 1415 4361 Τὸ
1464 4301 1520 4358 δὲ
1580 4304 1941 4382 Πρωτότοκον,

2040 4299 2224 4374 cavit;
2260 4318 2393 4361 cum
2426 4299 2656 4378 sibiipsi
2705 4302 2934 4365 ιιηίεερῐ
2966 4302 3024 4363 id
3071 4302 3225 4384 quod
3258 4316 3519 4367 creatum
3552 4313 3678 4368 erat

288 4390 386 4446 οὒκ
427 4386 515 4444 ἐπὶ
544 4385 782 4465 δευτέρου
824 4387 992 4467 λέγει,
1044 4388 1161 4446 ἀλλ’
1209 4391 1293 4448 ἐπὶ
1354 4392 1469 4481 ἐνὸς
1510 4393 1614 4481 ,καὶ
1665 4392 1827 4481 μόνου
1852 4400 1945 4481 του

2040 4387 2309 4481 [tahabet
2337 4388 2508 4481 clivus
2533 4390 2607 4481 Ci
2623 4390 2791 4481 rillus
2839 4390 2898 4452 in
2931 4410 3134 4473 opere.
3168 4393 3324 4454 Deus
3354 4394 3624 4458 Christus
3657 4414 3672 4454 :

284 4477 628 4563 yevvnﬂévtoc
685 4477 745 4533 ἐκ
784 4485 878 4534 τοῦ
924 4481 1150 4559 Πατρός.
1202 4502 1225 4536 ε
1288 4512 1365 4525 --
1426 4470 1655 4547 ”Αλλος.
1719 4478 1936 4563 [ΦΔΤ.]

2040 4486 2084 4538 et
2115 4478 2319 4539 beatus
2368 4476 2687 4557 Gregorius
2744 4470 3043 4560 Nysseuus
3076 4483 3133 4543 in
3190 4481 3355 4544 libris
3387 4483 3675 4545 adwrsus

287 4589 316 4622 α
364 4556 542 4625 υΟταν
571 4564 626 4623 δέ
668 4566 829 4623 πάλιν
881 4556 1142 4648 εἰσαγάγῃ
1185 4570 1275 4626 τὸν
1319 4572 1686 4649 Πρωτότοκον.
1720 4556 1751 4628 ἶ
1801 4556 1937 4630 Ton;

2040 4565 2405 4627 Eunomium.
2455 4556 2622 4638 Quod
2654 4556 2852 4629 autem
2885 4569 3008 4632 ait:
3056 4570 3517 4652 Primogenitus,
3554 4591 3669 4633 non

280 4655 480 4730 τέστιν,
529 4654 654 4713 ὅταν
698 4654 963 4724 ηὐδόκησε
1007 4660 1143 4734 μετὰ
1198 4662 1296 4728 τῆς
1355 4661 1549 4739 σαρκὸς
1605 4658 1935 4740 ἐμφανισθῆ-

280 4767 364 4801 ναι
397 4746 490 4801 τὸν
549 4744 892 4825 Πρωτότοκον
935 4750 1093 4806 αὐτοῦ
1138 4750 1258 4804 new
1317 4762 1434 4813 τοῖς
1491 4755 1794 4806 κατοικοῦσι
1837 4750 1936 4816 τὴν

280 4834 617 4909 οἷκουμένην.
664 4836 806 4901 Φησὶ
859 4835 961 4915 γάρ
991 4854 1004 4869 ⁸
1063 4856 1088 4893 ε
1153 4838 1253 4896 Καὶ
1305 4836 1684 4917 προσελθόιτες
1742 4839 1789 4893 οἱ
1846 4835 1939 4915 ἅγ-

281 4921 430 5000 γελοι
463 4921 738 4990 διηκόνουν
766 4926 929 4998 αὐτῷ.
970 4946 994 4983 ι
1034 4927 1154 4999 Καὶ,
1221 4948 1250 4980 α
1307 4923 1529 5003 Ἀπάρτι
1583 4925 1771 5002 ὄψεσθε
1814 4926 1936 4990 τοὺς

279 5010 536 5090 ἀγγέλους
606 5010 1016 5079 καταϐαίνοντας
1101 5014 1186 5071 ἐπὶ
1260 5015 1350 5071 τὸν
1408 5017 1525 5071 Υἱὸν
1594 5015 1687 5072 τοῦ
1742 5014 1939 5093 ἀνθρώ-

281 5121 405 5157 που.
487 5124 509 5157 ο
625 5100 899 5177 Τουτέστι,
984 5103 1120 5177 μετὰ
1200 5105 1394 5183 σαρκὸς
1492 5104 1938 5183 προσκυνησάτω-

281 5210 377 5244 σαν
459 5192 509 5245 oi
590 5188 808 5269 ἄγγελοι
892 5190 983 5247 τὸν
1068 5191 1214 5254 Υἱόν,
1263 5216 1291 5247 ιι
1342 5193 1440 5251 Καὶ
1480 5191 1933 5271 προσκυνησάτω-

281 5298 377 5333 σαν
434 5280 599 5354 αὖτῷ.
652 5304 675 5334 υ
747 5287 834 5354 Τῷ
893 5281 1038 5355 μεπὰ
1098 5282 1316 5360 σαρκός,
1390 5305 1417 5336 α
1480 5271 1537 5339 Ὀ
1601 5287 1768 5338 ποιῶν
1811 5280 1932 5346 τοὺς

278 5364 531 5445 ἀγγέλους
560 5370 719 5429 αὖτοῦ
745 5369 1039 5445 πνεύματα.
1080 5392 1104 5427 ν
1145 5370 1349 5447 Κτίσμα
1369 5370 1467 5449 γάρ
1496 5371 1621 5447 εἱσι,
1646 5369 1730 5429 διὰ
1750 5369 1929 5448 τοῦτο,

284 5456 473 5520 Ποιῶν.

351 5713 440 5796 ³,*
468 5713 611 5779 Luc.
658 5734 702 5796 ι,
735 5717 814 5781 35
840 5715 1100 5786 5Matth.
1136 5734 1218 5800 ιν,
1253 5720 1354 5787 11.
1380 5717 1414 5770 6
1441 5718 1588 5785 Joan
1616 5734 1658 5792 ι,
1693 5718 1798 5784 51.

2023 4663 2302 4735 respectu
2330 4655 2578 4717 secundi
2611 4655 2778 4729 dicit,
2838 4658 2943 4718 sed
3002 4659 3154 4739 quod
3188 4659 3399 4719 unicus
3430 4667 3485 4719 et
3515 4659 3677 4721 solus

2019 4744 2095 4806 sit
2124 4762 2192 4805 ex
2226 4743 2395 4807 Patre
2427 4744 2683 4823 genitus.
2710 4746 2950 4809 -Αίίο
2984 4748 3185 4811 modo.
3225 4771 3247 4803 ιι
3286 4749 3545 4810 Rursum
3570 4766 3670 4809 au-

2023 4842 2167 4914 tem,
2198 4851 2333 4895 cum
2367 4832 2594 4895 inducit
2642 4834 3125 4915 Primogenitum.
3164 4860 3188 4892 υ
3220 4834 3347 4897 Ηοο
3390 4842 3500 4915 est,
3535 4855 3668 4896 cum

2022 4920 2459 5002 beneplaciium
2495 4921 2684 5002 ipsius
2716 4922 2845 4996 fuit,
2899 4933 2961 4985 ut
2986 4942 3117 4985 cum
3153 4942 3333 4985 carne
3363 4932 3674 5003 appareret

2023 5008 2457 5086 Primogenitus
2481 5028 2624 5071 suus
2654 5010 2747 5071 his
2767 5010 2868 5091 qui
2896 5011 3103 5073 orbem
3128 5010 3552 5075 inhabitabant.
3578 5013 3673 5075 Ait

2023 5098 2183 5159 enim
2211 5118 2262 5160 ζα
2288 5097 2360 5159 Et
2379 5097 2573 5177 angeli
2593 5108 3044 5162 accesseruntet
3067 5099 3482 5164 ministrabant
3498 5101 3554 5163 ei
3572 5103 3664 5182 ὃν

2018 5196 2075 5249 et
2106 5208 2173 5249 ζα
2200 5187 2455 5248 Posthac
2486 5185 2759 5249 videbitis
2780 5188 3023 5267 angelos
3037 5189 3471 5252 descendentes
3494 5210 3675 5273 super

2018 5275 2232 5339 Filium
2263 5274 2523 5335 hominis
2550 5276 2603 5337 ϐ.
2639 5300 2788 5332 »-«
2816 5276 2887 5339 Et
2915 5277 3338 5354 adorenteum,
3374 5301 3401 5338 ι
3425 5279 3508 5343 ita
3534 5299 3670 5345 cum

2014 5381 2199 5428 carne
2223 5372 2606 5443 apparentem
2644 5383 2658 5428 :
2724 5367 2837 5428 hoc
2894 5377 3008 5448 est,
3039 5386 3173 5429 cum
3209 5386 3387 5431 carne.
3418 5371 3669 5433 adorent

2011 5451 2210 5534 angeli
2239 5451 2480 5516 Filium.
2525 5478 2545 5509 ι
2588 5452 2697 5526 Qui
2730 5456 2875 5542 facit
2902 5455 3147 5536 angelos
3176 5476 3316 5520 suos
3345 5459 3609 5542 spiritus.
3637 5483 3667 5517 ι

2013 5533 2298 5610 creatura
2328 5560 2587 5626 namque
2610 5554 2771 5624 sunt,
2800 5533 2941 5632 ideo
2965 5533 3070 5611 ait.
3103 5545 3215 5621 Qui
3244 5533 3404 5612 facit:
