4152 6216
424 291 535 356 291
1545 289 1958 360 (ECUMENII
2002 287 2297 353 TRICCE
2335 286 2670 352 EPISCOPI
3679 270 3798 340 292

428 419 687 482 cundum
739 416 1204 480 incarnationem
1271 425 1608 495 Sumuntur,
1670 433 1906 502 oportet
1961 443 2059 488 nos

2153 424 2568 504 ένανθρωπησιν,
2649 420 2732 480 δεῖ
2802 424 2946 498 ἡμᾶς
3023 420 3404 502 περισσοτέρως
3488 414 3797 496 προσέχειν,

427 508 836 574 vehementius
869 507 1192 569 attendere.
1227 506 1340 567 Aut
1368 507 1506 594 dicit
1533 512 1903 574 utattendam
1932 514 2059 594 legi.

2153 511 2309 592 ἤπερ,
2346 513 2528 592 φησὶν,
2559 513 2632 574 ὡς
2675 512 3033 591 προσείχομεν
3075 517 3152 586 τῷ
3213 511 3380 586 νόμῳ.
3447 531 3470 564 ι
3526 507 3613 576 Μή
3670 525 3798 561 ποτε

435 622 462 658 α
495 599 580 664 Ne
635 598 868 680 quando
929 597 1308 677 perﬂuamus.
1346 615 1373 654 ι
1405 593 1528 657 Hoc
1562 605 1672 672 est,
1729 593 2059 665 excidamus

2150 601 2548 681 παραρῥυῶμεν,
2589 625 2613 654 ιι
2669 601 2970 676 Τουτέστιν,
3030 599 3340 676 ἐκπέσωμεν
3395 607 3488 656 τοῦ
3541 595 3799 664 καθήκον-

426 689 501 752 ab
529 679 778 751 honesto
802 694 859 748 et
888 705 920 745 a
950 683 1038 744 via
1071 701 1198 763 quae
1219 683 1381 744 ducit
1401 685 1470 746 ad
1493 687 1762 752 salutem.
1795 691 1938 764 «Qui
1965 711 2059 772 per

2148 679 2260 764 τος,
2316 692 2403 746 καὶ
2458 695 2556 758 τῆς
2599 691 2686 746 imi.
2743 690 3006 772 σωτηρίαν
3064 687 3206 750 ὁδου.
3260 712 3286 743 α
3323 679 3380 746 Ὀ
3437 686 3504 742 δι’
3557 681 3798 772 ἀγγέλων

427 778 669 857 angelos
699 776 733 836 d
765 786 894 837 ctus
921 759 1105 834 fuerai
1134 789 1419 862 sermo.»
1453 776 1575 837 Aut
1608 778 1681 839 de
1709 759 2059 862 legewloq'ui-

2148 759 2390 846 λαληθεὶς
2419 777 2598 858 λόγος.
2653 801 2675 835 ι
2749 759 2804 835 ii
2860 759 2976 857 περὶ
3006 787 3096 836 τοῦ
3126 780 3308 854 νόμου,
3364 777 3546 856 φησὶν,
3721 770 3790 862 δι’

427 876 519 929 tur
549 865 703 946 quod
746 881 851 945 per
881 863 1122 941 angelos
1160 862 1292 923 data
1333 861 1429 944 sit,
1457 864 1805 929 sicutetiam
1837 861 1979 931 dicit
2004 870 2059 930 in

2148 868 2386 946 ἀγγέλων
2431 866 2605 943 ἐδόθη,
2657 870 2730 932 ὡς
2786 869 2873 925 καὶ
2917 868 2970 925 ἐν
3034 875 3102 946 τῇ
3159 869 3288 947 πρὸς
3341 863 3582 927 Γαλάτας
3637 861 3789 942 φησὶ,

425 955 684 1038 Epistola
735 953 807 1015 ad
868 951 1101 1015 Galatas
1136 969 1148 1010 :
1189 976 1214 1006 α
1249 950 1531 1014 Ordinata
1593 975 1698 1036 per
1727 959 1993 1035 angelos,
2033 984 2059 1014 ι)

2154 975 2184 1016 (
2233 958 2506 1035 Διαταγεὶς
2563 954 2630 1013 δι’
2689 955 2950 1035 ἀγγέλων,
3003 980 3027 1016 ε
3094 955 3257 1035 ἤγουν
3325 953 3647 1019 διακονηθείς
3681 969 3694 984 ⁶
3755 949 3792 1016 ἢ

424 1047 547 1108 sive
577 1042 1025 1111 administrata;
1060 1048 1160 1102 aut
1188 1043 1261 1103 de
1295 1042 1384 1105 his
1414 1063 1546 1124 quae
1575 1045 1705 1106 aliis
1743 1047 1903 1108 dicta
1931 1057 2059 1110 sunt

2147 1047 2264 1123 περὶ
2317 1051 2423 1100 τῶν
2485 1043 2570 1100 ὑπ’
2632 1044 2872 1124 ἀγγέλων
2922 1044 3102 1110 ἄλλοις
3160 1043 3519 1115 λαληθέντων,
3577 1041 3650 1103 ὡς
3708 1038 3793 1094 ἐπὶ

423 1135 495 1198 ab
525 1133 750 1213 angelis
774 1150 786 1194 :
809 1129 1303 1213 quemadmodum
1330 1131 1404 1193 de
1427 1131 1839 1216 Sodomitis”,
1864 1157 2059 1217 qm'm.

2148 1140 2252 1190 τῶν
2309 1131 2635 1210 Σοδομιτῶν,
2708 1135 2780 1198 ὼς
2852 1134 2936 1190 ἐπὶ
3004 1141 3097 1192 τοῦ
3166 1133 3504 1208 κλαυθμῶνος
3562 1129 3617 1184 ἐν
3671 1140 3788 1187 τοῖς

422 1224 743 1288 admodum
759 1221 831 1282 de
849 1220 1082 1301 planctu
1102 1219 1158 1278 in
1176 1219 1328 1280 libro
1349 1215 2059 1304 Judicum,quanddvenil

2151 1232 2393 1300 Κριτατς,
2441 1220 2528 1278 ὅτε
2584 1221 2739 1290 ἦλθεν
2783 1221 3005 1301 ἄγγελος
3053 1223 3236 1302 Κυρίου
3279 1223 3407 1301 πρὸς
3463 1219 3581 1282 τοὺς
3614 1215 3789 1294 Ἰσρα-

422 1314 668 1392 angelus
702 1308 1027 1374 Uominiad
1063 1309 1381 1384 Israelitas,
1416 1319 1473 1371 et
1503 1311 1827 1392 objurgavit
1859 1333 2059 1376 eorum

2147 1309 2330 1377 ηλίτας
2401 1313 2488 1368 καὶ
2558 1310 2776 1391 ἤλεγξεν
2827 1314 2996 1369 αὑτῶν
3065 1313 3164 1379 τὴν
3232 1311 3581 1390 παρανομίαν,
3663 1305 3790 1362 Δέον

425 1401 954 1480 transgressionem
977 1397 1790 1480 45.0portuit,inquit,omnes
1808 1403 1912 1464 has
1931 1423 2059 1482 gen-

2147 1400 2268 1478 γὰρ,
2301 1401 2453 1480 φησὶ»
2511 1401 2709 1466 πάντας
2764 1400 3024 1482 ἒφανίσαι,
3068 1402 3223 1476 ὑμεῖς
3281 1398 3336 1455 δὲ
3400 1399 3485 1454 καὶ
3535 1396 3791 1465 συνθήκας

425 1487 2066 1572 tesemediotollere,vosautemfmderaquoquefecistis
2148 1487 2316 1545 ἔθεσθε
2359 1492 2488 1570 πρὸς
2559 1491 2766 1555 αὐτούς.
2849 1491 2945 1546 Διὰ
2987 1501 3140 1550 τοῦτο
3199 1491 3292 1548 οὒκ
3348 1487 3693 1566 ἒξολοθρεύσει
3764 1485 3792 1539 ὃ

422 1601 556 1643 cum
589 1579 706 1642 illis
740 1596 753 1640 :
791 1585 1103 1657 propterea
1137 1596 1254 1638 non
1285 1577 1894 1658 disperdetDominus
1914 1600 2059 1661 gen-

2147 1579 2276 1641 Θεὸς
2360 1580 2426 1634 τά
2507 1577 2918 1661 ὑπολειπόμενα..
2985 1579 3129 1647 ἔθνη.
3217 1586 3392 1637 Ταῦτα
3476 1575 3790 1636 ἀκούσαντες

425 1680 511 1733 tes
540 1689 670 1752 qua:
691 1652 989 1730 derelicta:
1012 1674 1167 1728 sunt.
1194 1666 1298 1728 His
1319 1652 1558 1739 auditis,
1581 1652 2059 1748 planxerunlltno

2145 1665 2402 1726 ἔκλαυσαν
2428 1743 2450 1752 _
2474 1652 2825 1745 6poﬂup180'v.
2893 1652 3032 1726 ’ὅθεν
3089 1671 3178 1726 καὶ
3225 1667 3501 1744 κλαυθμὼν
3544 1668 3572 1722 6
3628 1666 3789 1726 τόπος

420 1743 618 1821 animo
651 1775 860 1818 omnes
894 1774 907 1818 :
943 1755 1100 1817 unde
1132 1764 1188 1816 et
1240 1756 1407 1817 locus
1429 1743 1702 1819 Planctus
1726 1757 1918 1821 dictus
1946 1770 2059 1821 est.

2147 1754 2368 1826 ἐκλήθη.
2428 1743 2490 1815 κΟ
2547 1756 2601 1813 δέ
2641 1743 2799 1837 λέγει
2843 1759 3076 1816 τοιοῦτόν
3135 1757 3273 1815 ἐστιν
3309 1776 3324 1790 ⁶
3388 1757 3444 1813 Εἰ
3485 1757 3606 1835 γὸρ,
3636 1755 3785 1834 φησὶ.

423 1847 587 1920 Quod
622 1856 840 1920 autem,
899 1844 1000 1924 ait,
1063 1845 1403 1922 hujusmodi
1457 1855 1544 1906 est
1579 1864 1594 1878 ·
1626 1848 1768 1907 526
1811 1847 1872 1910 Si
1903 1848 2059 1908 rnim

2147 1845 2210 1900 τα
2253 1844 2340 1902 ὑπ’
2399 1844 2640 1924 ἀγγέλων
2691 1845 2988 1914 λαληθέντα
3040 1845 3193 1914 ἐξέϐη
3270 1848 3358 1904 καὶ
3411 1846 3574 1924 πέρας
3635 1843 3786 1923 ἔσχε,

421 1957 550 2019 qua;
581 1937 654 1998 ab
685 1934 911 2012 angelis
943 1933 1222 2014 praedicta
1265 1943 1403 1996 sunt
1451 1935 1795 1997 acciderunt
1827 1946 1884 1998 et
1913 1937 2059 1998 elle-

2145 1935 2296 2007 πόσῳ
2342 1933 2546 2010 μᾶλλον
2588 1937 2654 2019 eg
2697 1938 2838 2017 παρά
2893 1947 2985 1996 τοῦ
3029 1940 3151 1993 Υἱοῠ
3194 1946 3285 1995 τοῦ
3344 1943 3474 1994 Osos
3498 1933 3790 2000 λαληθέντα

421 2008 579 2087 etum
613 2008 818 2085 sortita
848 2008 1007 2096 sunt,
1043 2031 1259 2103 quanto
1293 2022 1483 2102 magis
1507 2025 1852 2104 contingent
1879 2043 2008 2106 qua:
2032 2044 2059 2085 a

2146 2008 2425 2093 ἐκϐήσεται
2484 2043 2500 2104 ;
2617 2008 2851 2106 νΕνδιδὲον
2979 2023 3232 2106 (δικαίαν)
3358 2019 3790 2100 μισθαποδοσίαν,

417 2115 569 2178 Filio
609 2112 714 2176 Dei
745 2111 1024 2194 praedicta
1062 2099 1198 2173 ἑυηί
1231 2129 1245 2174 2
1311 2099 1477 2170 ἴδικον
1538 2099 1967 2190 μισθαποδοσίαν,
2004 2114 2059 2176 id

2296 2111 2306 2128 ν
2485 2099 2502 2128 ἒ
2613 2111 2643 2136 ρ
2779 2099 2800 2118 θ’
2897 2112 2937 2132 λς
2985 2099 2996 2106 ’
3039 2115 3048 2130 Ι
3208 2099 3218 2105 ⁷
3338 2099 3368 2133 ,⁷
3414 2114 3423 2134 ι
3492 2113 3505 2132 τ

2147 2121 2444 2186 Τουτεστιν,
2481 2115 2731 2188 αμοιοήν.
2802 2124 2842 2172 Ο
2892 2131 2946 2170 οε
2991 2114 3160 2194 λεγει,
3217 2137 3454 2172 τοιουτον
3489 2133 3630 2168 εστιν
3665 2132 3678 2146 ⁸
3737 2112 3794 2166 Ei

421 2212 532 2278 est,
558 2203 778 2284 justam
809 2201 1264 2263 retributionem
1297 2220 1364 2262 ac
1395 2203 1442 2263 si
1493 2203 1648 2264 dicat
1684 2225 1696 2266 :
1727 2204 1788 2265 Si
1829 2223 1900 2265 ea
1928 2222 2059 2266 con-

2146 2202 2210 2256 τά
2278 2202 2418 2281 παρά
2481 2200 2720 2280 ἀγγέλων
2771 2201 3064 2271 λαληθέντα
3129 2203 3184 2258 έν
3240 2210 3308 2280 τῇ
3355 2201 3559 2274 Παλαιᾷ
3615 2199 3788 2280 ἐξέϐη,

424 2295 681 2372 tigerunt
701 2309 831 2373 qum
858 2289 932 2351 ab
961 2290 1186 2368 angelis
1206 2291 1264 2349 in
1289 2288 1490 2351 Veteri
1514 2290 1890 2354 Testamento
1910 2291 2059 2356 dicta

2145 2290 2234 2345 καὶ
2295 2293 2342 2346 οἱ
2397 2291 2797 2369 ἀμαρτήσαντες
2857 2293 3049 2358 πάντες
3121 2289 3412 2368 ἀπέλαϐον,
3469 2291 3623 2347 ποίαν
3680 2288 3790 2356 ἕξοι

421 2382 676 2461 fuerant,
736 2398 1062 2460 omnesque
1137 2387 1602 2457 transgressores
1661 2380 1849 2461 puniti
1901 2390 2059 2461 sunt,

2147 2398 2244 2452 μεν
2294 2379 2611 2456 συγγνώμην
2654 2381 2817 2453 ἡμεῖς
2874 2381 3100 2447 ἐκείνους
3159 2378 3523 2445 ἀπολαϐόντας
3568 2382 3788 2459 ὁρῶντες

419 2489 593 2550 quam
627 2469 917 2530 habemus
956 2487 1062 2529 nos
1101 2487 1328 2530 ven.am
1363 2488 1494 2530 cum
1531 2469 1662 2530 illos
1697 2471 1933 2550 punitos
1959 2489 2059 2532 re-

2145 2465 2233 2520 καὶ
2274 2464 2632 2547 ἀμελοῦντες,
2691 2489 2714 2524 ι
2773 2467 3109 2536 Τηλικαύτης
3153 2468 3517 2544 ἀμελήσαντες
3602 2489 3784 2533 σωτη-

416 2559 706 2640 spicimus
727 2575 796 2618 ac
828 2555 1201 2635 negligimus.
1237 2583 1262 2611 α
1286 2557 1346 2620 Si
1379 2566 1595 2619 tantam
1631 2559 2059 2638 ncglexerimus

2145 2555 2278 2632 ρίας.
2320 2577 2344 2614 ο
2389 2555 2460 2613 Οὔ
2490 2557 2553 2612 τά
2596 2557 2765 2635 ἀγαθά
2819 2561 2917 2626 τῆς
2973 2564 3074 2638 γῆς
3134 2556 3622 2637 ἐπαγγελλομένης,
3683 2579 3785 2612 κα-

418 2647 694 2709 salutem.
737 2672 762 2702 ι
799 2645 941 2717 Quae
997 2665 1113 2706 non
1164 2656 1335 2707 terra:
1384 2647 1539 2708 bona
1570 2647 1860 2728 promittit
1909 2647 2059 2711 sicut

2143 2649 2245 2712 θὼς
2299 2650 2333 2716 ἡ
2405 2647 2629 2724 Παλαιὰ,
2686 2649 2822 2708 ἀλλά
2873 2651 3142 2728 βασιλείαν
3177 2652 3409 2730 οὑρανών
3450 2653 3536 2707 καὶ
3613 2653 3785 2709 υἱοθε-

421 2738 598 2798 Vetus
616 2735 1088 2808 Testamentum,
1123 2734 1224 2794 sed
1249 2754 1497 2813 regnum
1521 2736 1802 2797 caelorum
1826 2755 1894 2797 ac
1913 2736 2054 2798 ado-

2141 2738 2278 2792 σίανο
2325 2738 2597 2818 Σωτηρίας
2641 2737 2696 2796 δέ
2735 2763 2890 2820 φησι,
2948 2746 3046 2808 τῆς
3103 2741 3208 2796 ἀπὸ
3237 2747 3459 2820 Χριστοῦ
3487 2737 3784 2820 δειχθείσης

417 2825 679 2905 ptionem
710 2823 769 2884 in
795 2822 1230 2885 ﬁlios.Salutem
1256 2831 1450 2884 autem
1470 2824 1612 2886 dicit
1629 2843 1759 2905 qua:
1779 2825 2056 2888 aChristo

2141 2832 2227 2888 καὶ
2279 2832 2686 2914 φανερωθείσης,
2760 2833 3020 2907 τουτέστι,
3065 2839 3162 2902 τῆς
3205 2836 3277 2898 εἰς
3322 2835 3474 2891 αὑτὸν
3533 2835 3780 2897 πίστεως.

417 2917 818 2977 demonstrata
845 2923 932 2976 est
963 2924 1020 2976 et
1076 2915 1470 2990 manifestata,
1507 2917 1618 2978 hoc
1649 2926 1759 2998 est,
1789 2917 1964 2978 tidem
1999 2917 2058 2979 in

2143 2921 2346 2986 Ταύτην
2391 2919 2446 2976 81:
2502 2922 2625 2978 ε’ίπε
2669 2923 2954 3003 σωτηρίαν,
3014 2921 3213 2987 δεικνὺς
3258 2924 3322 2979 τὰ
3366 2923 3419 2979 ἐν
3473 2928 3542 2999 τῇ
3581 2921 3786 2994 Παλαιᾷ

415 3005 632 3086 ipsum.
667 3004 830 3067 Hanc
859 3011 1055 3066 autem
1081 3005 1224 3066 dixit
1272 3006 1546 3080 salutem,
1581 3009 1902 3068 ostendens
1931 3027 2059 3088 quin

2145 3011 2220 3084 μὴ
2265 3008 2425 3074 οὕτως
2469 3009 2594 3066 ὄντα
2641 3013 2899 3092 σωτήρια.
2961 3036 2988 3067 α
3052 3011 3338 3070 Λαλεῖσθαι
3410 3010 3494 3067 διὰ
3535 3019 3625 3068 τοῦ
3675 3022 3782 3069 Κυ-

417 3071 476 3157 in
526 3094 708 3157 veteri
735 3095 865 3172 lege
894 3103 1063 3156 erant
1093 3111 1213 3156 non
1241 3094 1423 3157 fuisse
1454 3095 1753 3158 salutaria.
1809 3121 1830 3152 ι
1869 3071 2058 3158 Euar-

2145 3071 2156 3084 ι
2211 3071 2219 3073 -
2413 3071 2424 3074 -
2775 3071 2801 3092 'l
2887 3071 2897 3074 ‘

2144 3097 2274 3176 ρίου.
2317 3123 2340 3154 ι
2394 3099 2528 3155 Εἶτα
2579 3097 2800 3158 δείκνυσι
2847 3104 2907 3158 τὸ
2959 3100 3259 3167 ἀξιόπιστον
3321 3103 3508 3168 αὐτῆς.
3571 3103 3642 3158 Οὐ
3683 3101 3783 3180 γάρ

415 3187 534 3246 rari
571 3203 676 3265 per
706 3185 899 3266 ipsnm
934 3185 1272 3248 Dominum.
1306 3210 1329 3242 ι
1366 3183 1636 3248 Ostendit
1666 3186 1884 3248 deinde
1916 3186 2060 3248 illud

417 3275 660 3350 dignum
697 3292 829 3337 esse
852 3273 944 3334 cui
971 3273 1118 3334 ﬁdes
1164 3274 1538 3336 adhibeatur.
1582 3273 1708 3337 Non
1735 3275 1891 3337 enim
1913 3275 2060 3338 alius

415 3364 730 3445 quispiam,
768 3363 981 3444 inquit,
1015 3364 1086 3425 ad
1120 3363 1178 3423 id
1217 3365 1482 3425 minister
1514 3365 1642 3439 fuit,
1676 3365 2058 3446 quemadmo-

412 3453 552 3514 dum
588 3457 782 3516 Moses
802 3451 859 3513 in
886 3451 1092 3526 veteri,
1117 3452 1222 3514 sed
1244 3452 1372 3534 ipse
1397 3452 1690 3517 Christus.
1711 3454 1828 3516 aAb
1848 3454 1938 3516 his
1962 3453 2060 3536 qui

413 3541 742 3603 audierant.
758 3541 994 3603 nDelata
1013 3543 1084 3604 ad
1104 3560 1212 3604 nos
1228 3542 1300 3604 ab
1323 3542 1416 3604 his
1435 3542 1535 3624 qui
1559 3541 1894 3619 audierant,
1921 3561 2059 3604 con-

415 3632 644 3694 ﬁrmata
675 3641 813 3692 sunt
842 3640 899 3692 et
930 3630 1178 3694 credita.
1230 3631 1479 3704 Quinam
1503 3642 1698 3693 autem
1719 3632 1930 3693 sunthi
1961 3635 2057 3713 qui

410 3719 754 3782 audiu‘unt?
779 3719 1119 3783 Venerandi
1148 3739 1290 3782 sane
1307 3720 1704 3802 discipuli.Ne
1726 3722 2056 3784 offendicu-

2141 3208 2220 3251 τις
2289 3185 2486 3266 ἕτερος,
2534 3190 2685 3267 φησὶ,
2743 3187 3059 3257 διηκόνησεν
3118 3189 3248 3266 αὑτῇ
3304 3192 3535 3269 καθάπερ
3588 3190 3782 3257 Μωσῆς

2139 3280 2206 3351 τῇ
2236 3274 2612 3358 Παλαιᾷ,ῗάλλ’
2647 3279 2802 3342 αὐτὸς
2845 3281 2874 3335 6
2907 3279 3154 3358 Χριστός,
3211 3302 3232 3336 ε
3293 3271 3428 3336 ’Υπὸ
3471 3281 3575 3336 τῶν
3617 3279 3780 3335 ἀκου-

2141 3366 2366 3426 σάντων.
2407 3387 2432 3422 n
2471 3357 2599 3422 ’Υπὸ
2655 3373 2759 3422 τῶν
2815 3367 3150 3424 ἀκουσάντων
3194 3371 3266 3431 εἷς
3297 3371 3438 3444 ἡμᾶς
3479 3368 3778 3449 ἐνεχθεῖσα,

2142 3451 2432 3521 ἐϐεϐαιώθη
2461 3457 2549 3511 καὶ
2578 3455 2878 3523 ἐπιστεύθη.
2941 3458 3086 3538 Τίνεῌς
3137 3455 3191 3512 δὲ
3235 3460 3282 3513 οἱ
3324 3457 3637 3521 ἀκούσαντες
3671 3478 3686 3538 ς
3736 3461 3781 3513 οἱ

2141 3542 2404 3600 θεσπέσιοι
2441 3541 2684 3610 δηλονότι
2739 3547 2989 3620 μαθηταί.
3043 3531 3144 3604 ’ἶνα
3187 3544 3240 3602 δὲ
3297 3547 3374 3622 μὴ
3434 3531 3778 3624 σκανδαλίσῃ,

2143 3632 2202 3689 οὖ
2231 3631 2372 3710 λέγει
2417 3634 2503 3689 καὶ
2559 3634 2742 3691 ἑαυτὸν
2798 3634 3084 3702 ἀκηκοέναι
3139 3636 3280 3714 παρά
3334 3642 3580 3716 Χριστοῦ,
3612 3635 3780 3692 καίτοι

2144 3719 2388 3788 ἤκουσεν,

411 3808 531 3868 lum
567 3809 828 3887 patiaris,
869 3828 985 3870 non
1017 3809 1159 3870 dicit
1187 3809 1446 3890 seipsum
1476 3829 1711 3891 quoque
1739 3811 1975 3873 audisse
2006 3831 2039 3873 a
2068 3809 2325 3886 Christo,
2359 3827 2494 3872 cum
2527 3817 2723 3872 tamen
2753 3808 3035 3874 audisset.

493 3895 568 3969 Il,
600 3897 726 3958 4-8.
755 3900 1080 3960 Attestante
1102 3898 1227 3960 Deo
1243 3902 1431 3978 signis
1465 3907 1520 3962 et
1553 3900 1856 3980 prodigiis
1876 3902 2062 3964 simul

408 3989 730 4065 variisque
755 3987 1100 4062 virtutibus,
1126 3995 1181 4050 et
1201 3987 1671 4067 Spiritussancti
1687 3990 2062 4054 distributio-

410 4075 616 4147 nibus,
629 4075 818 4150 juxta
841 4076 1031 4153 ipsius
1052 4074 1443 4138 voluntatem.
1479 4077 1611 4139 Λόη
1636 4079 1797 4139 enim
1830 4078 2062 4158 angelis

2232 3923 2259 3954 ιι
2347 3907 2925 3980 Συνεπιμαρτυροῦντος
2991 3903 3083 3958 τοῦ
3175 3908 3306 3960 Θεοῦ
3381 3901 3618 3978 σημείοις
3695 3904 3784 3959 καὶ

2141 3989 2318 4068 τέρασι
2404 3991 2488 4045 καὶ
2569 3989 2833 4055 ποικίλαις
2929 3989 3203 4066 δυναμεσι,
3309 3991 3394 4048 καὶ
3477 3993 3782 4067 Πνεύματος

2141 4078 2289 4155 ἁγίου
2371 4091 2652 4156 μερισμοῖς
2737 4080 2872 4136 κατά
2953 4080 3051 4147 τήν
3152 4079 3308 4136 αὑτοῦ
3388 4080 3624 4147 θέλησιν.
3711 4085 3784 4138 Οὔ

409 4160 663 4239 subjecit
701 4161 910 4224 orbem
941 4171 1121 4225 terra:
1147 4165 1446 4245 futurum,
1481 4166 1553 4226 de
1573 4183 1688 4244 quo
1723 4169 2055 4245 loquimur.

2141 4168 2238 4246 γὰρ
2309 4165 2554 4246 ἀγγέλοις
2637 4166 2860 4233 ὑπέταξε
2915 4170 3015 4236 τὴν
3079 4169 3393 4245 οἰκουμένην
3463 4170 3562 4236 τὴν
3600 4158 3615 4172 ’
3641 4168 3778 4245 μέλ-

421 4248 695 4312 Testatus
723 4259 810 4314 est
839 4261 1037 4314 autem
1068 4252 1297 4315 alicubi
1326 4254 1572 4333 quidam
1616 4255 1815 4318 dicens
1850 4277 1862 4314 :
1899 4256 2058 4329 Quid

2141 4253 2351 4335 λουσαν,
2437 4257 2554 4334 περὶ
2660 4259 2725 4325 ἧς
2825 4255 3088 4333 λαλοῦμεν
3125 4276 3140 4292 ·
3254 4256 3629 4337 διεμαρτύρατο
3725 4256 3778 4313 δέ

409 4345 497 4400 est
525 4338 698 4400 homo
722 4340 883 4420 quod
912 4358 1142 4402 memor
1170 4359 1228 4404 es
1257 4345 1410 4422 eius,
1435 4350 1538 4405 aut
1559 4343 1754 4406 Filius
1769 4343 2052 4426 hominis,

2141 4344 2239 4399 που
2291 4365 2371 4408 τις
2440 4342 2634 4422 λέγων,
2696 4346 2755 4402 Τί
2835 4347 2978 4404 ἐστιν
3033 4345 3301 4426 ἅνθρωπος
3365 4345 3444 4402 ὅτι
3502 4349 3779 4424 μιμνήσκῃ

411 4433 704 4508 quoniam
734 4430 949 4492 invisis
978 4429 1189 4492 illum?
1218 4433 1434 4494 Fecisti
1452 4449 1581 4493 eum
1611 4432 1931 4512 paululum
1967 4437 2055 4495 in-

2141 4436 2318 4516 ᾳὺτοῦ,
2404 4432 2440 4501 ἢ
2525 4435 2642 4498 Υἱὸς
2726 4433 2997 4514 ἀνθρώπου
3079 4434 3158 4492 ὅτι
3221 4434 3514 4512 ἐπισκέπτῃ
3571 4436 3776 4516 αὐτόν,

408 4515 698 4594 feriorem
721 4519 979 4599 angelis,
1003 4522 1203 4600 gloria
1233 4529 1292 4582 et
1321 4520 1545 4582 honore
1573 4510 1876 4586 coronasti
1893 4541 2051 4598 eum,

2143 4510 2481 4586 Ἠλάττωσας
2549 4523 2705 4581 αὑτὸν
2762 4510 2930 4605 έραχύ
2997 4547 3047 4581 τι
3132 4521 3255 4602 παρ’
3314 4510 3590 4603 ἀγγέλους,
3652 4510 3774 4600 δόξῂ

409 4610 466 4666 et
493 4608 866 4669 constituisti
895 4625 1026 4670 eum
1049 4626 1230 4689 super
1259 4626 1438 4690 Opera
1467 4627 1758 4672 manuum
1783 4619 2052 4674 tuarum.

2141 4611 2225 4666 καὶ
2305 4616 2435 4688 τιμῇ
2516 4610 2878 4692 ἐστεφάνωσας
2981 4615 3160 4689 αὑτὸν,
3266 4614 3437 4674 πάντα
3519 4611 3774 4678 ὑπέταξας

411 4692 630 4756 Omnia
680 4695 982 4775 subjeciin
1037 4697 1147 4760 sub
1192 4697 1444 4779 pedibus
1471 4699 1620 4778 ejus.
1652 4700 1726 4762 In
1756 4700 1866 4763 hoc
1894 4700 2056 4763 enim

2141 4700 2384 4755 ὑποκάτω
2453 4705 2561 4756 τῶν
2629 4699 2803 4758 ποδῶν
2870 4707 3051 4766 αὐτοῦ.
3111 4702 3199 4760 Ἐν
3259 4704 3358 4783 γὰρ
3400 4709 3475 4778 τῷ
3528 4700 3776 4766 ὑποτάξαι

407 4784 569 4860 quod
597 4785 654 4845 ei
685 4785 939 4863 subjecit
965 4789 1196 4868 omnia,
1229 4786 1386 4849 nihil
1413 4789 1619 4850 amisit
1647 4787 1743 4850 illi
1771 4807 1892 4851 non
1905 4791 2051 4853 sub-

2141 4790 2277 4862 αὑτῷ
2365 4789 2431 4845 τὰ
2525 4789 2720 4862 πάντα,
2793 4789 2938 4849 οιῖιδὲν
3026 4793 3230 4873 ἀφῆκεν
3312 4794 3454 4867 αὑτῴ
3521 4791 3778 4848 ἀνυπότα-

393 4874 646 4949 jectum.
672 4873 850 4937 Nunc
903 4892 1040 4938 vero
1095 4875 1360 4939 nondum
1414 4877 1684 4940 videmus
1709 4881 1932 4959 ,omniu
1963 4878 2056 4944 illi

2141 4898 2284 4939 κτον,
2332 4887 2436 4935 Νῦν
2477 4875 2532 4933 δὲ
2589 4876 2736 4934 οἰὶπω
2801 4881 3008 4959 ὁρῶμεν
3069 4884 3210 4955 αὑτῷ
3268 4881 3332 4936 τά
3389 4881 3560 4938 πάντα
3639 4881 3777 4937 ὑπο-

409 4977 537 5023 esse
566 4961 852 5041 subjecta.

2141 4965 2458 5044 τεταγμένα.
2588 5035 2592 5038 ,

487 5047 718 5112 Deinde
745 5070 820 5114 ne
851 5052 1092 5115 mentiri
1122 5053 1442 5116 credantur
1483 5056 1583 5137 qui
1615 5075 1647 5118 a
1677 5056 1910 5128 Christo
1939 5077 2052 5119 au-

2217 5055 2356 5111 Εἶτα
2389 5056 2513 5112 ὡσεὶ
2566 5054 2842 5132 ψεύδονται
2899 5059 2946 5113 οἱ
3000 5057 3316 5123 ἀκούσαντες
3346 5059 3490 5137 παρά
3522 5064 3767 5136 Χριστοῦ,

408 5135 678 5228 dierunt,
705 5149 763 5204 et
790 5141 904 5203 alia
941 5161 1046 5224 pro
1083 5142 1214 5204 aliis
1238 5144 1439 5206 dicant
1473 5135 1638 5208 :vnon
1663 5147 1871 5227 inquit.
1905 5149 2052 5210 Nam

2141 5145 2220 5200 καὶ
2263 5143 2398 5200 ἄλλα
2444 5143 2558 5201 ἀντ’
2606 5143 2780 5202 ἄλλων
2821 5143 3084 5226 λέγουσιν,
3132 5145 3203 5204 Οὔ
3249 5135 3457 5226 φησιν)
3518 5135 3606 5204 καὶ
3675 5150 3776 5228 γὰρ

411 5231 471 5286 et
492 5223 806 5316 ipsqueus
835 5223 952 5290 una
996 5249 1129 5292 cum
1159 5233 1247 5294 eis
1305 5233 1707 5296 testimonium
1742 5223 2053 5316 perhibet

2141 5235 2220 5290 καὶ
2263 5235 2416 5298 αὐτὸς
2449 5235 2476 5290 6
2507 5235 2635 5300 Θεὸς
2679 5223 2932 5314 μαρτυρεῖ
2987 5223 3168 5298 αὐτοῖς
3223 5223 3495 5313 ἀλήθειαν,
3542 5235 3625 5294 διά
3680 5223 3775 5304 σηλ

409 5313 642 5374 veritati
675 5335 779 5395 per
803 5317 971 5396 signa
1000 5328 1059 5381 et
1109 5320 1400 5401 prodigia,
1457 5313 2055 5405 variasque'virtutes

2141 5327 2296 5401 μείων
2324 5325 2411 5380 καὶ
2466 5345 2696 5404 τερατων
2739 5313 2824 5380 καὶ
2867 5323 3124 5380 ποικίλων
3179 5323 3447 5402 δυνάμεων
3503 5330 3577 5383 ὧν
3623 5327 3771 5406 ἐνερ-

411 5419 557 5483 quas
588 5421 694 5484 per
723 5424 825 5468 eos
855 5418 1159 5488 operatur.
1196 5409 1302 5471 «Et
1347 5410 1591 5492 spiritus
1630 5418 1814 5476 sancti
1849 5414 2055 5477 distri-

2141 5430 2224 5496 γεϊ
2252 5415 2317 5474 δι’
2349 5417 2538 5478 αὐτῶν,
2594 5435 2617 5470 ιι
2682 5415 2778 5472 Καὶ
2820 5413 3124 5489 Πνεύματος
3179 5413 3328 5494 ἁγίου
3379 5429 3684 5494 μερισμοῖς.
3742 5439 3773 5472 ι

491 5563 549 5612 ‘3
577 5561 765 5626 Galat.
799 5581 886 5642 ιιι,
921 5565 1019 5628 19.
1053 5567 1110 5616 49
1140 5566 1288 5634 Gen.
1318 5587 1439 5648 xix,
1475 5573 1501 5633 1
1539 5591 1707 5655 seqq.
1741 5575 1798 5626 l5
1821 5573 2016 5637 Judic.
2051 5594 2114 5653 ιι,
2151 5578 2177 5638 1
2213 5595 2380 5659 seqq.
