4152 6216
416 295 542 368 295

1535 295 1948 365 CECUMENII
1962 291 2292 362 ’κἝΒῙΒΟὶΕ
2327 291 2667 363 ΕΕῘΒΕΟΒΙ

3682 287 3805 357 296

414 455 529 520 per
543 444 897 519 quamcum
926 439 1257 520 omnia,.ut
1283 435 1493 499 multis
1506 434 1666 517 ﬁliis
1713 436 1781 499 in
1801 434 2055 515 gloriam

2151 427 2275 494 λούς
2357 429 2497 494 υἱοὺς
2558 429 2654 493 ,εἷς
2760 424 2912 494 δόξαν
3004 425 3298 520 ᾇγαγόντα,
3381 427 3473 520 τὸν
3554 425 3800 520 ἀρχηγὸν

414 528 717 606 adductis,
749 534 1059 593 auctorem
1078 527 1298 592 salutis
1317 524 1568 589 illatum
1580 543 1695 606 per
1715 525 2055 604 a/ﬂicticnet

2153 522 2252 587 τῆς
2355 521 2618 598 σωτῆρίας
2719 521 2912 593 αὐτῶν,

410 619 746 698 perfectum
775 618 1078 681 redderet.

470 706 848 781 Paululum,
874 705 950 767 ob
983 706 1043 767 id
1069 703 1213 767 dicit
1240 702 1396 785 quod
1437 702 1628 765 tribus
1658 702 1868 765 diebus
1892 701 2071 765 fuerit

414 795 569 875 apud
600 794 846 858 inferos.
888 816 911 850 ι
951 796 1200 875 Propter
1256 792 1582 854 crueiatum
1610 793 1911 857 mortis.»
1959 790 2065 852 Di-

415 881 655 946 cenda:
698 881 1057 943 Cruciatum
1118 880 1355 955 mortis,
1407 895 1613 942 'veram
1672 879 2069 942 manifestavit

416 978 690 1032 mortem.
732 992 754 1027 ι
784 968 1074 1033 Gloriaet
1101 969 1329 1031 honore
1346 978 1716 1033 coronatum.
1748 996 1772 1026 ι»
1806 968 2065 1032 Gloriam

415 1065 475 1119 et
504 1058 793 1120 honorem
854 1067 1027 1120 vocat
1082 1075 1351 1122 crucem.
1403 1060 1613 1139 Neque
1645 1058 1803 1120 enim
1830 1065 2063 1119 tantum

412 1145 532 1207 Deo
569 1145 815 1224 dignum
849 1153 973 1207 erat
994 1152 1235 1227 tamque
1259 1145 1582 1223 gloriosum
1608 1145 1821 1208 fecisse
1850 1145 2065 1207 coelum

410 1244 472 1297 et
504 1242 721 1297 terram
756 1236 1162 1297 ac‘hominem
1197 1254 1607 1317 supernasque
1622 1236 1887 1303 virtutes,
1913 1234 2068 1295 sicut

414 1327 581 1405 quod
610 1331 853 1405 propter
910 1342 1018 1385 nos
1073 1324 1350 1404 dignatus
1397 1325 1572 1386 fuerit
1618 1323 1909 1403 crucifigi.
1942 1322 2067 1385 Hoc

412 1420 615 1474 autem
637 1411 783 1473 dicit
803 1411 985 1473 etiam
1035 1416 1216 1494 ipsos-
1238 1413 1579 1489 consolans,
1608 1431 1677 1475 ac
1706 1413 1755 1474 si
1790 1412 2018 1474 diceret
2047 1438 2063 1479 :

3011 515 3093 575 διὰ
3191 517 3521 594 παθημάτων
3622 514 3796 573 τελει-

2152 628 2285 665 ωσαι
2294 656 2308 671 ,
2368 630 2390 665 ὓ

2232 698 2368 777 Βαρὺ
2397 693 2453 753 δέ
2492 718 2650 777 φησι,
2704 692 2789 753 διὰ
2824 695 2906 770 τὸ,
2965 694 3113 775 τρεῖς
3167 692 3372 774 ἡμέρας
3442 693 3496 751 ὲν
3537 699 3616 768 τῷ
3670 689 3797 768 ᾅδη,

2147 784 2406 860 γενέσθαι.
2459 808 2487 841 α
2523 784 2621 841 Διὰ
2676 785 2738 840 τὸ
2778 783 3002 858 πάθημα
3057 790 3146 840 τοῦ
3186 783 3430 842 θανάτου.
3481 805 3510 839 ι
3571 781 3800 854 Πάθημα

2148 877 2369 935 θανάτου
2410 878 2595 957 εἰπὼν,
2642 877 2735 932 τὸν
2784 873 2958 943 ἀληθῆ
3012 874 3231 956 ἐνέφηνε
3289 875 3534 936 θάνατον.
3588 896 3611 931 ι
3664 870 3800 944 Δόξα

2148 967 2235 1023 καὶ
2284 971 2417 1042 τιμῆ
2487 963 2944 1045 ἐστεφανωμένον.
3009 986 3033 1022 ι
3100 963 3265 1030 Δόξαν
3320 965 3408 1021 καὶ
3463 962 3651 1043 τιμὴν,
3707 963 3800 1017 τὸν

2148 1057 2370 1135 σταυρὸν
2424 1054 2604 1114 καλεῖ.
2650 1054 2723 1112 06
2761 1055 2862 1134 γὰρ
2930 1052 3095 1118 οὕτως
3152 1053 3293 1120 ἄξιον
3352 1059 3446 1110 τοῦ
3518 1058 3650 1109 Θεοῦ
3705 1051 3795 1107 καὶ

2146 1141 2477 1223 ὒπερένδοξον
2505 1145 2568 1200 τὸ
2621 1148 2843 1211 ποιῆσαι
2899 1142 3116 1221 οὐρανὸν
3156 1143 3245 1199 καὶ
3301 1147 3403 1220 γῆν
3446 1142 3534 1198 καὶ
3587 1139 3793 1219 ἅΛθρω-

2147 1254 2249 1289 πον
2288 1233 2376 1289 καὶ
2431 1233 2527 1296 τὰς
2579 1230 2688 1289 ἅνω
2737 1230 3003 1308 δυνάμεις,
3088 1233 3163 1294 ὡς
3239 1234 3300 1288 τὸ
3353 1228 3672 1296 καταξιῶσαι
3728 1224 3796 1282 δι’

2146 1322 2291 1397 ἡμᾶς
2329 1323 2711 1400 σταυρωθῆναι.
2745 1320 2909 1379 Τοῦτο
2956 1317 3011 1375 δέ
3067 1341 3198 1400 φησι
3240 1319 3328 1375 καὶ
3381 1319 3569 1383 αὐτοὺς
3625 1338 3799 1395 παρα-

2146 1413 2495 1491 μυθούμενος.
2530 1414 2589 1471 Εἰ
2641 1413 2742 1493 γὰρ
2783 1434 2951 1470 ταυτα
3005 1409 3072 1468 δι’
3116 1413 3249 1488 ὑμᾶς
3304 1414 3332 1467 6
3383 1412 3605 1492 Χριστὸς
3660 1408 3794 1466 ὑπέ-

412 1500 478 1564 Si
500 1502 769 1565 Christus
794 1501 896 1563 illa
910 1510 1157 1583 propter
1177 1521 1276 1563 vos
1300 1502 1601 1579 sustinuit,
1620 1502 1759 1582 quid
1782 1501 2003 1562 mirum
2018 1500 2055 1561 si

2149 1521 2320 1581 μεινε,
2376 1501 2427 1557 τί
2483 1501 2648 1583 μέγαᾷ
2696 1503 2741 1558 εἷ
2791 1502 2879 1557 καὶ
2945 1501 3100 1577 ὑμεῖς
3157 1497 3224 1556 δι’
3281 1501 3435 1558 αὐτὸν
3503 1497 3793 1575 ὑπομένετε

414 1598 473 1653 ει
500 1609 613 1653 vos;
632 1599 873 1672 propter
903 1581 1097 1672 ipsum
1130 1592 1481 1655 afﬂictiones
1509 1581 1897 1653 sustineatis?
1932 1615 1956 1646 ι
1991 1588 2055 1651 Ul

2145 1592 2470 1669 πειρασμούς
2500 1607 2518 1667 ;
2570 1614 2599 1646 α
2636 1581 2833 1654 ’Ὅπως
2878 1590 3060 1670 χάριτι
3092 1596 3246 1652 Θεοῦ.
3298 1612 3323 1646 ο
3374 1590 3533 1670 χάρις
3563 1589 3666 1667 γὰρ
3694 1588 3792 1654 τῆς

414 1694 524 1761 per
545 1680 795 1759 gratiam
824 1678 951 1744 Dei.
991 1702 1015 1738 υ
1051 1678 1184 1741 Fuit
1211 1699 1463 1761 namque
1493 1688 1713 1742 sanctae
1759 1678 2055 1741 Trinitatis

2146 1680 2295 1757 ἁγίας
2353 1678 2591 1759 Τριάδος,
2664 1682 2726 1736 τὸ
2781 1683 2972 1737 παθεῖν
3021 1680 3111 1737 τὸν
3172 1679 3312 1742 Υἱόν,
3375 1683 3449 1739 Οὐ
3500 1678 3601 1758 γὰρ
3658 1677 3793 1733 κατὰ

404 1769 601 1848 gratia
620 1769 786 1850 quod
803 1775 1109 1849 pateretur
1123 1768 1330 1834 Filius.
1355 1768 1560 1850 Neque
1585 1768 1744 1830 enim
1768 1785 1841 1830 ex
1863 1766 2055 1829 debito

2145 1767 2363 1849 ὀφειλὴν
2418 1771 2448 1825 6
2501 1768 2686 1849 Πατὴρ
2728 1770 2820 1825 τὸν
2877 1770 2997 1825 Υἱὸν
3044 1765 3258 1849 ἔδωκεν,
3304 1767 3341 1836 ἢ
3386 1770 3415 1824 6
3472 1767 3593 1830 Υἱὸς
3620 1786 3788 1823 κατε-

410 1856 576 1920 dedit
603 1857 780 1920 Pater
808 1856 1049 1938 Filium,
1066 1866 1167 1919 aut
1185 1857 1369 1919 Fiiius
1386 1860 1668 1939 suscepit,
1689 1865 1786 1919 aut
1807 1855 2055 1938 Spiritus

2143 1854 2349 1938 δέξατο,
2409 1857 2445 1925 ἢ
2507 1859 2570 1914 τὸ
2611 1864 2825 1934 Πνεῦμα
2866 1856 3184 1937 συνεργησεν
3230 1858 3303 1920 εἰς
3356 1857 3449 1913 τὸν
3532 1856 3786 1935 Σταυρὸν,

405 1955 645 2009 sanctus
694 1955 1050 2027 cooperatus
1098 1955 1193 2009 est
1221 1946 1296 2009 ad
1330 1946 1687 2028 passionem.
1725 1946 1827 2007 sed
1862 1946 2055 2008 omnia

2143 1944 2280 2004 ἀλλὰ
2301 1948 2476 2005 πάντα
2498 1947 2681 2028 χάριτι
2736 1946 2946 2026 γέγονε.
3003 1945 3190 2011 Καλῶς
3248 1944 3304 2002 δὲ
3360 1947 3440 2022 τὸ,
3504 1945 3786 2012 Γεύσηται.

405 2036 662 2113 gratiose
689 2034 1052 2098 factasunt.
1117 2033 1304 2097 Recte
1363 2043 1561 2097 autem
1592 2034 1724 2096 ait:
1761 2033 2052 2097 Gustaret.

2143 2036 2216 2093 Οῦ
2251 2036 2352 2116 γὰρ
2396 2035 2630 2113 ἐνέμεινε
2684 2043 2762 2111 τῷ
2816 2036 3046 2110 θανάτῳ,
3074 2035 3210 2094 ἀλλὰ
3238 2036 3399 2111 μόνον
3455 2036 3612 2092 αὐτοῦ
3660 2032 3789 2112 τρό-

403 2122 607 2205 Neque
622 2123 789 2187 enim
807 2122 869 2185 in
888 2132 1076 2185 morte
1095 2124 1439 2204 permansit,
1474 2124 1577 2185 sed
1608 2124 1809 2204 ipsam.
1835 2131 2055 2185 tantum

2142 2144 2241 2180 πον
2285 2126 2403 2181 τινὰ
2458 2124 2809 2204 ἀπεγεύσατο.
2870 2159 2948 2171 —
3009 2123 3548 2204 [OIKOTMENIOI'].
3595 2121 3788 2180 ’ἰστέον

403 2211 843 2294 quodammodo
867 2213 1217 2291 degustavit.
1257 2248 1328 2258 —
1358 2214 1687 2275 Sciendum
1727 2231 1866 2275 vero
1897 2212 2055 2294 quod

2142 2209 2197 2267 δὲ
2253 2211 2333 2270 ὅτι
2391 2216 2439 2271 οἱ
2488 2216 2824 2294 Νεστοριανοὶ
2865 2223 3220 2293 παραποιοῦσι
3266 2213 3366 2281 τὴν
3408 2211 3642 2293 Γραφιὶν,
3699 2212 3790 2266 καὶ

405 2302 740 2365 Nestoniani
790 2301 1128 2365 adulteram
1182 2300 1666 2382 Scripturamet
1688 2302 1775 2364 ita
1802 2301 2053 2381 legunt:

2142 2299 2304 2367 οὕτως
2346 2301 2812 2382 ἀναγινώσκουσιν,
2871 2301 3019 2366 ὅπως
3075 2303 3261 2383 χωρὶς
3287 2310 3418 2360 Θεοῦ
3473 2300 3605 2382 ὑπὲρ
3653 2323 3786 2359 παν-

402 2400 468 2453 ut
497 2394 665 2474 χωρὶς
680 2398 851 2473 Θεοῦ,
892 2390 956 2452 id
988 2398 1114 2464 εει,
1139 2390 1271 2452 sine
1319 2395 1441 2454 Duo
1472 2407 1578 2470 pro
1609 2394 1751 2452 529
1778 2390 2055 2452 universo

2142 2392 2228 2454 τὸς
2283 2390 2535 2470 γεύσηται
2603 2392 2852 2472 θανάτου,
2922 2398 3076 2448 τοῦτο
3147 2391 3650 2466 κατασκευάζοντες,
3705 2386 3785 2445 ὅτι

404 2479 858 2559 οεὺεεειιειετει
903 2488 1181 2555 mortem,
1242 2480 1352 2541 hoc
1386 2486 1498 2552 est,
1532 2488 1873 2543 astu-uenies
1897 2478 2053 2560 quod

2142 2478 2400 2548 ἐνοίκησιν
2430 2479 2591 2560 ἔσχεν
2624 2482 2653 2537 6
2685 2483 2932 2561 Χριστὸς,
2964 2483 3111 2562 φασὶ,
3155 2490 3249 2540 τοῦ
3278 2481 3438 2537 σ-Θεοῦ
3498 2480 3671 2560 Λόγου
3697 2479 3788 2536 καὶ

400 2567 899 2631 inhabitationem
916 2565 1134 2628 .habuit
1176 2566 1448 2630 Christus
1473 2565 1656 2631 Verbi
1677 2568 1820 2650 Dei;
1846 2575 1907 2630 et
1935 2586 2055 2629 non

2142 2570 2244 2650 οὐχ
2284 2567 2493 2651 ἕνωσιν,
2523 2569 2604 2627 ὅτι
2661 2570 3028 2651 σταυρουμένῳ
3067 2569 3210 2646 αύτῷ
3265 2572 3325 2629 οῦ
3380 2573 3542 2639 συνῆν
3582 2572 3618 2638 ἡ
3660 2567 3785 2625 θεό-

402 2656 706 2735 unionem,
743 2655 879 2736 quia
911 2673 1029 2716 non
1059 2663 1186 2716 erat
1214 2674 1330 2716 una
1365 2672 1500 2718 cum
1523 2674 1592 2718 eo
1615 2657 1716 2737 qui
1745 2656 2050 2735 cruciﬁge-

2142 2679 2261 2726 της.
2293 2656 2521 2736 Εἴρηται
2567 2659 2691 2739 γὰρ,
2752 2662 2901 2739 φασὶ,
2960 2660 3131 2739 Χωρὶς
3188 2665 3321 2717 Θεοῦ
3376 2660 3628 2739 γεύσηται
3695 2661 3786 2715 θα-

400 2744 575 2807 batur
620 2744 916 2807 divinitas.
970 2741 1276 2824 Siquidem
1328 2743 1551 2806 dictum
1607 2753 1719 2820 est,
1751 2744 2046 2826 inquiunt,

2142 2747 2315 2809 νάτου.
2405 2745 2554 2804 Ἀλλ’
2638 2745 2735 2827 ὅρα
2815 2750 2929 2812 πῶς
3013 2744 3280 2827 ὁρθόδοξός
3364 2770 3445 2812 τις
3500 2746 3780 2825 ἀπεκρίθη.

399 2833 546 2896 Sine
574 2833 701 2896 Deo.
728 2841 987 2910 gustaret
1042 2840 1320 2895 mortem.
1378 2833 1496 2896 Sed
1555 2833 1836 2915 vide-quo
1870 2833 2048 2896 modo

2142 2841 2351 2915 Πρῶτον
2424 2837 2548 2912 μὲν,
2618 2837 2800 2917 χάριτι
2844 2843 2977 2895 Θεοῦ
3025 2850 3226 2898 κειται.
3274 2835 3421 2903 Πλὴν
3476 2837 3635 2893 εἶκαὶ
3666 2831 3783 2891 καθ’

400 2921 637 3004 quidam
669 2920 1028 2984 orthodoxus
1080 2919 1475 3005 responderit.
1496 2920 1775 2984 .Primum
1805 2922 2046 3003 quidem

2142 2925 2269 2999 ὅμᾰς
2354 2926 2520 3005 χωρὶς
2603 2925 2755 3006 Θεοῦ,
2841 2924 3077 3007 εἴρηται,
3164 2923 3329 2988 οὕτως
3368 2922 3581 2981 δεκτέον
3622 2924 3779 2983 αὐτό.

403 3013 665 3095 positum
689 3020 801 3093 est,
829 3013 1009 3093 χάριτι
1033 3020 1185 3086 Θεοῦ,
1213 3013 1323 3074 hoc
1349 3022 1461 3088 εει,
1483 3014 1669 3093 gratia
1685 3015 1777 3075 vel
1800 3032 1910 3095 per
1924 3031 2043 3093 gra.

2142 3012 2216 3070 ὅτι
2272 3015 2441 3094 χωρὶς
2484 3023 2577 3073 τοῦ
2602 3042 2605 3047 ·
2633 3014 2765 3071 Θεοῦ
2819 3014 2948 3095 ὑπὲρ
3001 3016 3213 3080 πάντων
3266 3020 3374 3070 τῶν
3428 3012 3601 3071 ἄλλων
3642 3012 3780 3069 ἀπέ-

402 3105 542 3163 tiam
574 3101 683 3165 Dei
715 3118 730 3163 :
759 3108 1019 3162 attamen
1077 3100 1256 3163 etiam
1287 3100 1335 3161 si
1365 3108 1431 3162 ut
1462 3121 1568 3165 vos
1624 3103 1799 3165 vultis
1829 3103 2050 3165 dictum

2142 3106 2284 3160 Βανεν
2314 3105 2342 3159 6
2371 3103 2616 3182 Χριστός.
2670 3104 2768 3161 Καὶ
2825 3105 2925 3184 γὰρ
2968 3105 3027 3161 οὗ
3081 3105 3244 3180 μόνον
3282 3104 3412 3183 ὑπὲρ
3469 3102 3777 3183 ἀνθρώπων,

401 3189 478 3252 sit
505 3192 672 3271 χωρὶς
703 3197 856 3264 Θεοῦ,
879 3188 939 3250 id
970 3196 1095 3266 est,
1151 3189 1282 3251 sine
1316 3188 1461 3271 Deo,
1496 3190 1576 3252 ita
1605 3192 1717 3253 hoc
1743 3192 2050 3273 accipien-

2142 3190 2272 3249 Ξιλλὰ
2341 3194 2429 3251 καὶ
2495 3193 2626 3271 ὗπὲρ
2683 3196 2790 3250 τὼν
2847 3192 2956 3255 ἅνω
3011 3192 3278 3269 δυνάμεων
3314 3192 3607 3272 ἀπέθανεν,
3689 3190 3782 3248 ἵνα

402 3283 542 3341 dum
573 3294 662 3341 est
695 3278 852 3359 quod
885 3278 1016 3340 sine
1042 3280 1166 3342 Deo
1188 3287 1288 3340 aut
1310 3288 1554 3361 excepto
1580 3278 1702 3342 Deo
1734 3298 1837 3362 pro
1862 3281 2050 3342 omni-

2142 3280 2270 3359 λύσῃ
2299 3282 2361 3337 τὸ
2392 3281 2709 3362 μεσότοιχον
2738 3291 2830 3341 τοῦ
2886 3290 3126 3363 φραγμοῦ
3154 3284 3243 3339 καὶ
3300 3281 3473 3363 ἐνώσῃ
3517 3281 3583 3338 τὰ
3611 3281 3783 3363 ,κάτω

401 3369 518 3431 bus
544 3368 677 3431 aliis
734 3376 999 3430 mortuus
1051 3367 1128 3429 sit
1183 3359 1473 3431 Christus.
1525 3359 1765 3433 Etenim
1793 3391 1913 3433 non
1949 3390 2052 3452 pro

2142 3384 2253 3435 τοῖς
2284 3369 2415 3433 ἅνω.
2463 3359 2650 3444 Τούτῷ
2670 3369 2854 3448 ὅμοιον
2885 3359 2946 3427 το
2974 3359 3217 3452 ἂλλαχοῦ
3271 3359 3570 3452 εἰρημένον.
3607 3359 3780 3429 υΟταν

400 3459 544 3522 solis
572 3456 941 3533 hominibus,
999 3456 1104 3519 sed
1157 3467 1217 3519 et
1271 3477 1376 3539 pro
1422 3460 1700 3541 supernis
1742 3460 2055 3524 virtutibus

2142 3459 2190 3517 δὲ
2219 3458 2352 3537 εἴπῃ
2384 3458 2467 3517 ὅτι
2522 3460 2697 3522 πάντα
2750 3460 3121 3542 ὑποτέτακται,
3167 3459 3413 3528 δηλονότι
3469 3460 3621 3526 ἐκτὸς
3687 3465 3780 3517 τοῦ

402 3557 669 3612 mortuus
694 3557 806 3622 est,
833 3554 896 3609 ut
917 3545 1300 3609 interstitium
1343 3548 1637 3611 maceria).
1661 3548 1951 3626 dirueret,
1968 3570 2055 3614 .ac

2142 3549 2489 3616 ὅποτάξαντος
2518 3551 2663 3626 αὗκῷ
2690 3551 2757 3606 τὰ
2786 3551 2978 3613 πάντα,

398 3636 599 3699 uniret
623 3635 909 3697 inferiora
934 3635 1233 3716 supernis.
1266 3637 1324 3687 18
1358 3636 1507 3700 Huic
1539 3645 1598 3700 et
1625 3638 1824 3702 simile
1853 3641 2017 3722 quod
2040 3640 2187 3704 alibi
2214 3638 2439 3719 dictum
2468 3646 2581 3720 est,
2631 3637 2795 3720 atqui
2839 3657 2974 3701 cum
3028 3636 3369 3721 dicatquod
3401 3636 3600 3701 omnia
3627 3637 3778 3701 sub-

391 3726 553 3807 jecta
580 3734 740 3802 sunt,
777 3724 966 3805 palam
999 3732 1091 3787 est
1119 3725 1538 3807 excipiendum
1570 3745 1705 3790 eum
1741 3729 1842 3809 qui
1873 3730 2131 3811 subjecit
2159 3727 2504 3811 ipsiomnia
2532 3728 2612 3792 ‘9.
3197 3750 3203 3755 '

405 3817 557 3877 «Pro
589 3813 864 3875 universo
894 3812 1039 3875 orbe
1065 3822 1326 3893 gustaret
1358 3824 1611 3878 mortem
1645 3842 1673 3873 ι
1705 3808 2050 3899 Quanquam

2188 3808 2245 3876 il
2284 3808 2446 3897 Ὑπὲρ
2501 3818 2697 3881 παντὸς
2738 3816 2991 3897 γεύσηται
3034 3818 3279 3881 θανάτου.
3345 3839 3369 3875 ι
3400 3846 3401 3849 η
3430 3818 3490 3875 Εἰ
3530 3818 3631 3897 γὰρ
3688 3819 3778 3875 καὶ

400 3902 564 3965 enim
588 3920 707 3963 non
734 3919 944 3963 omnes
965 3903 1271 3966 salvifacti
1290 3903 1411 3965 sint
1437 3903 1515 3966 ob
1544 3924 1711 3968 suam
1733 3906 2053 3971 increduli-

2142 3907 2213 3984 μὴ
2283 3907 2479 3971 πάντες
2566 3906 2839 3975 ἐσώθησαν
2905 3905 2990 3963 διὰ
3054 3909 3156 3976 τὴν
3239 3906 3433 3964 οἰκείαν
3503 3906 3773 3988 ἀπιστίαν,

400 3998 580 4052 tatem
617 4012 632 4052 :
665 3990 795 4071 ipse
821 3998 1021 4052 tamen
1042 3991 1205 4072 quod
1254 4010 1429 4055 suum
1490 4003 1618 4056 erat
1646 3995 1718 4056 ad
1749 4014 1962 4059 omnes
1990 4007 2053 4060 et

2142 3997 2289 4062 αὐτὸς
2332 3995 2431 4072 μέν
2457 4016 2539 4053 τοι
2581 4000 2644 4053 τὸ
2655 4061 2680 4074 ﬂ
2693 3998 2891 4054 οἰκεῖον
2942 3996 3027 4053 ἐπὶ
3067 3997 3269 4060 πάντας
3311 3998 3399 4053 καὶ
3449 3996 3581 4074 ὑπὲρ
3633 3997 3776 4055 πάν-

403 4098 508 4161 pro
539 4061 816 4141 omnibus
844 4078 1011 4166 fecit.
1043 4061 1339 4142 «Decebat
1358 4080 1518 4144 enim
1540 4100 1740 4147 eum.)
1767 4083 2046 4163 Docebat,

2142 4107 2228 4151 τας
2256 4061 2527 4154 ἔποίησεν.
2583 4105 2608 4142 α
2654 4061 2887 4165 "Experire
2918 4086 3019 4166 γὰρ
3073 4087 3237 4162 αὐτῷ.
3274 4109 3303 4141 ι
3363 4061 3609 4164 "Experto
3650 4087 3772 4166 γὰρ,

396 4168 614 4250 inquit,
647 4166 926 4257 Deumct
945 4165 1179 4231 Patrem
1206 4176 1447 4249 propter
1466 4189 1642 4251 quem
1664 4182 1803 4234 sunt
1823 4172 2045 4249 omnia,

2142 4176 2283 4257 ρησὶ,
2326 4181 2404 4251 τῷ
2436 4181 2573 4251 Θεῷ
2610 4176 2705 4232 καὶ
2745 4175 2931 4255 Πατρὶ,
2995 4173 3063 4231 δι’
3119 4175 3178 4232 ὃν
3248 4176 3314 4236 τὰ
3355 4175 3550 4250 πάντα,
3623 4165 3778 4240 αὐτὸς

397 4257 530 4338 ipse
562 4256 999 4347 veroomnium
1032 4264 1122 4347 est
1154 4257 1538 4347 principium.
1577 4282 1609 4316 ι
1628 4258 1708 4322 Et
1732 4278 1840 4342 per
1869 4276 2043 4343 quem

2142 4261 2184 4320 te
2212 4256 2447 4322 πάντων
2466 4263 2673 4330 οᾶτιος..
2702 4287 2725 4321 ι
2762 4266 2861 4323 Καὶ
2902 4261 2968 4321 δι’
3013 4266 3074 4321 οῦ
3115 4265 3179 4323 τὰ
3229 4264 3424 4328 πάντα,
3486 4286 3512 4323 ο
3562 4266 3621 4322 Εἰ
3674 4265 3774 4344 γὰρ

398 4353 538 4409 sunt
565 4342 855 4433 omniaq’
878 4342 1025 4406 Nam
1047 4344 1290 4406 sietiam
1313 4363 1421 4425 per
1454 4346 1650 4428 ipsum
1671 4348 2046 4426 suntomnia,

2142 4352 2220 4410 καὶ
2260 4350 2328 4411 δι’
2358 4354 2418 4410 οὗ
2444 4354 2511 4411 τὰ
2538 4354 2731 4429 πάντα,
2789 4355 2818 4410 6
2878 4354 3063 4433 Πατήρ
3103 4352 3246 4411 ἐστιν
3293 4356 3322 4410 ὁ
3350 4354 3418 4411 τὰ
3444 4354 3620 4411 πάντα
3674 4342 3772 4420 8n-

398 4437 575 4523 Pater
603 4440 693 4497 est
714 4432 816 4515 qui
844 4433 1047 4496 omnia
1064 4433 1324 4523 creavit,
1337 4434 1438 4516 qui
1456 4438 1798 4501 Creatorem
1815 4438 2043 4520 genuit.

2142 4442 2483 4523 ιιουργήσας,
2514 4444 2542 4499 6
2596 4443 2687 4498 τὸν
2748 4432 3080 4520 Δημιουργὸν
3121 4442 3479 4521 γεγεννηκώς.
3516 4464 3545 4497 α
3577 4443 3677 4500 Καὶ
3705 4439 3778 4498 δι’

402 4545 429 4580 α
468 4522 542 4612 Ει
570 4539 677 4605 per
696 4540 883 4604 quem
914 4529 1066 4612 sunt
1082 4522 1317 4612 omnia.-
1344 4548 1372 4579 ιι
1398 4524 1523 4593 Per,
1544 4542 1745 4606 quem,
1770 4525 1847 4588 de
1870 4528 2044 4590 Patre

2142 4532 2188 4587 >5
2214 4531 2280 4591 τὰ
2321 4530 2515 4592 πάντα.
2552 4553 2580 4586 ι
2615 4532 2687 4589 Τὸ
2729 4528 2797 4588 δι’
2846 4530 2932 4603 οὗ,
2989 4530 3075 4589 ἐπὶ
3119 4541 3211 4591 τοῦ
3262 4532 3468 4612 Πατρὸς
3510 4530 3776 4608 κείμενον.

400 4611 658 4693 positum
692 4618 803 4700 est.
843 4634 868 4667 ι
901 4610 1109 4700 Multis
1125 4610 1285 4700 filiis.
1324 4636 1345 4670 ι
1374 4612 1562 4676 Filius
1590 4614 1705 4676 hoe
1726 4615 1856 4677 loco
1873 4625 2044 4679 vocat

2142 4638 2155 4675 t
2204 4616 2442 4684 Πολλοὺς
2496 4620 2636 4685 υἱοὸς
2685 4643 2713 4676 ι
2773 4618 2991 4677 ἐνταῦθα
3016 4620 3166 4685 ¹τοὺς
3218 4610 3519 4700 ἀνθρώπους
3587 4618 3772 4681 καλεῖ.

402 4701 700 4791 homines.
723 4698 897 4791 Eum,
918 4699 1254 4791 inquit,_qui
1275 4700 1547 4791 homines
1567 4700 1638 4791 in,
1650 4702 1895 4783 gloriam
1905 4703 2047 4766 Uni-

2142 4706 2228 4766 [ὸν
2258 4709 2632 4787 εἰσαγαγόντα,
2675 4710 2858 4791 φησὶν,
2901 4707 2957 4766 ἐν
3012 4714 3082 4787 τῇ
3132 4716 3226 4766 τοῦ
3282 4698 3609 4788 Πονογενοῦς
3648 4707 3773 4787 δόξῃ

397 4787 584 4870 geniti
601 4805 708 4871 per
720 4787 943 4880 donum
954 4787 1291 4880 adoptionis
1305 4788 2048 4880 introduxuisset,decebat

2142 4796 2245 4860 ςοὺς
2288 4796 2587 4877 ἀνθρώπους
2908 4798 3163 4864 ὒὶοθεσίας
3232 4787 3545 4879 δωρεῇ-τὸν
3587 4799 3774 4880 ἀρχη-

399 4886 463 4940 ut
483 4886 788 4941 auctorem
811 4877 1014 4939 salutis
1037 4877 1250 4939 horum
1288 4878 1572 4957 filim-um,
1599 4881 1712 4943 hoc
1729 4888 1842 4964 est,
1866 4881 2042 4945 Chri-

397 4974 581 5048 stum,
605 4983 713 5047 per
734 4964 1090 5051 afﬂictiones
1120 4966 1442 5047 perfectum
1474 4969 1776 5045 redderet,
1800 4970 1913 5032 hoc
1927 4982 2041 5053 est,

398 5072 508 5137 per
534 5071 774 5117 crucem
804 5053 1133 5134 perfectum
1152 5056 1587 5119 demonstraret
1606 5075 1675 5120 ac
1694 5057 2040 5138 gloriosum.

394 5143 631 5207 Dictum
664 5150 761 5205 est
787 5149 984 5205 autem
1020 5159 1035 5205 :
1099 5144 1455 5227 Perfectum,
1509 5155 1784 5227 tanquam
1824 5148 1901 5210 ad
1933 5167 2044 5211 nos

396 5232 721 5314 loquendo,
747 5232 847 5314 qui
868 5231 1064 5313 ipsum
1083 5234 1345 5314 perfecte
1380 5234 1602 5298 bonum
1629 5254 1699 5300 ac
1719 5238 2042 5301 humanum

392 5319 905 5410 depaehendimus
937 5340 1044 5403 per
1069 5341 1332 5402 crucem,
1358 5343 1490 5386 cum
1516 5327 1644 5407 ipsc
1664 5344 1900 5410 semper
1920 5347 2045 5391 om-

397 5408 541 5472 nino
561 5410 1055 5490 perfectusesset,
1080 5426 1438 5495 semperque
1460 5414 1713 5478 maxime
1727 5408 2040 5497 gloriosus.

474 5567 535 5621 48
557 5567 774 5651 Ephes.
809 5581 874 5647 ιι,
912 5571 1009 5639 14.
1036 5570 1095 5623 ‘9
1126 5577 1155 5635 1
1190 5573 1326 5638 Cor.
1353 5591 1449 5651 xv,
1474 5574 1576 5641 28.

2121 4885 2220 4964 γδν
2275 4886 2372 4955 τῆς
2426 4888 2690 4968 σωτηρίας
2737 4889 2940 4946 τούτων
2995 4894 3100 4946 τῶν
3154 4891 3302 4969 υἱῶν,
3361 4887 3621 4969 τουτέστι,
3656 4890 3772 4946 κτὸν

2126 4977 2374 5056 Χριστὸν,
2445 4973 2529 5035 διὰ
2583 4977 2912 5054 παθημάτων
2980 4976 3280 5059 τελειῶσαι,
3367 4980 3484 5035 οῖον
3539 4975 3624 5034 διὰ
3679 4988 3772 5038 τοῦ

2124 5071 2348 5142 σταυροῦ
2372 5063 2576 5123 τέλειον
2604 5064 2879 5133 ἀποδεῖξαι
2911 5068 2998 5123 καὶ
3049 5064 3274 5132 ἔνδοξον.
3324 5067 3395 5124 Τὸ
3452 5064 3508 5122 δὲ
3563 5064 3766 5124 τέλειον

2123 5151 2198 5219 ὣς
2227 5155 2359 5233 πρὸς
2399 5154 2544 5231 ἣμᾶς
2601 5154 2812 5236 εἴρηται
2869 5156 2991 5220 τοὺς
3032 5154 3246 5222 τελείως
3292 5156 3448 5212 αὑτὸν
3493 5146 3767 5224 κατειλη-

2123 5240 2288 5320 φότας
2356 5243 2552 5322 ἀγαθὸν
2627 5245 2717 5301 καὶ
2787 5242 3150 5325 φιλάνθρωπον
3210 5242 3295 5300 διὰ
3357 5250 3449 5300 τοῦ
3520 5252 3762 5324 σταυροῦ,

2123 5328 2237 5412 επεὶ
2292 5331 2372 5389 ἀεὶ
2424 5332 2579 5396 αὐτὸς
2621 5330 2930 5397 παντέλειος
2986 5334 3076 5408 ἦν,
3130 5335 3219 5390 καὶ
3274 5332 3355 5389 ἀεὶ
3408 5330 3764 5412 ὓπερένδοξος.

2128 5406 2274 5500 υορα
2313 5418 2369 5477 δὲ
2422 5421 2523 5489 τὴν
2577 5418 2824 5500 διαφορὰν
2854 5428 2961 5478 τῶν
2986 5406 3130 5483 υἱιῦν.
3194 5413 3251 5480 Ὀ
3284 5422 3380 5498 μὲν
3410 5406 3521 5499 γὰρ’
3551 5423 3768 5500 γνήσιος
