4152 6216
224 325 352 389 297

1388 334 1786 402 COMMENT.
1830 334 1912 397 IN
1954 327 2201 398 EPIST.
2242 332 2345 394 AD
2386 332 2620 395 HEBR.

3502 329 3622 396 998

239 466 407 539 ἡμεῖς
440 464 496 523 δὲ
523 470 684 532 θετοι,
747 461 805 528 Ὀ
863 471 959 545 μὲν
1016 471 1194 547 σώζει,
1250 471 1418 547 ἡμεῖς
1486 469 1541 526 δὲ
1598 472 1882 547 σωζόμεθα.

1976 463 2131 527 Vide
2162 473 2357 527 autem
2389 465 2644 527 ﬁliorum
2666 464 3067 528 diversitatem
3103 486 3116 524 :
3153 464 3283 546 ipse
3313 464 3475 527 enim
3504 483 3618 527 ua-

246 575 276 609 σ
313 557 414 611 Δια
456 559 785 633 παθημάτων
808 558 1109 619 τελειῶσαι.
1148 584 1176 615 ι)
1223 560 1495 632 Τουτέστι,
1540 562 1600 616 τὸ
1642 559 1888 616 ἱλλεϊπον

236 642 381 718 αντιτῷ
409 644 813 726 ἀναπληρῶσαι.
864 648 925 705 Τί
981 646 1036 703 δὲ
1087 648 1324 705 ἒνέλειπε
1368 656 1445 723 τῷ
1513 655 1721 727 Χριστῷ
1761 650 1889 705 καθὸ

235 744 444 788 νοεῖται
477 732 747 814 ἄνθρωπος
780 755 796 815 ;
848 738 909 792 τὸ
967 736 1220 794 ἀθάνατον
1271 735 1497 811 δηλαδὴ,
1556 736 1650 793 ’ἕνα
1678 738 1739 792 τὸ
1768 743 1887 792 κατ’

236 822 414 880 εἰκόνα
469 822 579 905 ἔχῃ
643 825 965 891 ἀνελλιπιῖκ.
1024 827 1428 908 Ἀνεπλήρωσεν
1471 831 1559 885 οὖν
1629 829 1771 901 αὒτῷ
1825 830 1888 884 τὸ

233 909 429 968 λεῖπον
475 914 505 969 ὁ
547 916 731 993 Πατὴρ
774 914 854 993 δίρ
887 921 987 983 τῆς
1046 916 1405 981 ἀναστάσεως.
1456 918 1554 972 Διὰ
1599 916 1763 993 μέσου
1832 915 1887 974 δὲ

236 1000 418 1072 αὐτοῦ,
477 1002 677 1067 πάντας
744 1003 1045 1081 ἀνθρώπους
1129 1004 1475 1085 ἀναπληρῶν,
1560 1008 1733 1071 καθὼς
1803 1008 1890 1063 καὶ

237 1088 487 1169 ἀλλαχοῦ
516 1113 676 1171 φησιν
703 1095 733 1149 6
766 1093 921 1157 αὐτὸς
973 1092 1300 1158 Ἀπόστςρλος
1337 1112 1350 1127 ⁸
1416 1095 1513 1152 Καὶ
1570 1094 1888 1169 τελειωθεὶς,

239 1180 425 1257 γέγονε
480 1194 599 1245 τοῖς
642 1184 717 1246 εἷς
786 1186 941 1242 αὐτὸν
997 1184 1258 1257 ἐλπίζουσι
1328 1183 1571 1264 πρόξενος
1628 1185 1889 1263 σωτηρίας

238 1267 594 1353 ἀκαταλύτου,
642 1271 820 1338 Οὕτως
864 1276 892 1330 6
934 1274 989 1329 ὲν
1019 1276 1188 1353 ἁγίοις
1220 1272 1485 1353 Κύριλλος
1541 1275 1630 1331 καὶ
1659 1280 1889 1353 Σευῆρος

236 1356 293 1413 ιν
322 1362 404 1433 τῷ
431 1349 540 1437 ρξδ’
564 1360 833 1441 κεφαλαίῳ
874 1369 964 1420 τοῦ
991 1349 1348 1434 Φιλήλήθους.

321 1646 345 1679 α
390 1615 469 1683 "0
499 1646 555 1682 τε
590 1627 692 1707 γὰρ
737 1628 967 1706 ἁγιάζων
1009 1633 1096 1687 καὶ
1166 1635 1213 1689 οἱ
1279 1627 1666 1709 ἁγιαζόμενοι]
1691 1628 1744 1695 ἐξ
1771 1631 1886 1693 ἑνὸς

1972 551 2178 616 turalis
2210 564 2322 630 est,
2358 573 2467 616 nos
2509 563 2704 617 autem
2753 554 3059 635 adoptati:
3094 554 3226 635 ipse
3275 555 3477 629 salvat,
3502 573 3622 616 nos

1971 650 2167 704 autem
2239 649 2549 707 satvamur.
2610 669 2633 701 ιι
2691 647 2806 707 Per
2862 643 3217 706 amictiones
3290 644 3621 723 perfectum

1971 732 2276 793 redderet.
2316 757 2343 788 »
2379 731 2504 795 Hoc
2538 740 2648 814 est,
2680 733 2838 813 quod
2904 733 3110 794 deerat
3155 731 3439 812 expleret.
3470 731 3626 803 Quid

1971 828 2169 880 autem
2212 820 2449 882 Christo
2491 822 2695 882 deerat
2719 830 3012 901 quatenus
3029 822 3207 882 homo
3233 819 3624 900 intelligitur?

1974 909 2389 970 lmmortalitas
2423 911 2718 984 videlicet,
2752 920 2817 971 ut
2845 910 3162 988 imaginem
3221 908 3477 971 haberet
3528 909 3623 971 cui

1973 996 2119 1057 nihil
2150 997 2405 1060 deesset.
2433 997 2762 1078 Complevit
2793 999 2987 1078 itaque
3022 1001 3193 1059 Pater
3224 999 3380 1077 quod
3415 998 3625 1060 deerat

1974 1103 2082 1164 per
2109 1087 2755 1149 resurrectionem.Per
2775 1088 3032 1149 medium
3046 1104 3183 1147 vero
3199 1085 3389 1167 ipsius
3410 1104 3624 1149 omnes

1973 1174 2230 1253 explevit
2261 1177 2708 1251 homines,530
2729 1177 3230 1257 quemadmodum
3265 1175 3443 1236 etiam
3480 1175 3624 1237 alibi

1974 1261 2115 1324 dicit
2173 1263 2301 1344 ipse
2350 1265 2668 1344 Apostolus
2708 1283 2721 1327 :
2773 1268 2956 1327 Porro
3004 1264 3301 1344 perfectus
3354 1262 3625 1326 redditus

1973 1351 2251 1413 omnibus
2281 1352 2382 1433 qui
2414 1354 2531 1414 sibi
2557 1353 2914 1417 obedierunt
2938 1353 3049 1415 fuit
3076 1369 3253 1414 causa
3282 1352 3492 1416 salutis
3519 1352 3621 1415 in-

1972 1438 2360 1502 dissolubilis.
2394 1440 2475 1501 Ita
2527 1443 2706 1503 sentit
2761 1442 2931 1503 divus
2983 1441 3233 1521 Cyrillus
3264 1459 3334 1503 ac
3367 1438 3622 1504 Severus

1971 1528 2299 1590 centesimo
2329 1531 2701 1610 sexagesimo
2726 1540 2931 1612 quarto
2958 1530 3152 1610 capite
3186 1530 3543 1601 Φιλαλήθους.

2055 1622 2270 1680 11--15,
2304 1618 2749 1696 Qandoquidem
2797 1628 2855 1682 et
2903 1625 3008 1701 qui
3057 1620 3402 1700 sanctiﬁcat
3426 1626 3485 1682 et
3515 1622 3623 1701 qui

233 1713 457 1777 πάντες,
525 1715 608 1771 Δι’
668 1717 734 1783 ἣν
791 1720 957 1776 αἰτίαν
1007 1722 1101 1777 οὒκ
1178 1706 1561 1800 ἐπαισχύνεται
1634 1706 1882 1796 ἆδελφοὺς

1970 1706 2530 1785 sanctiﬁcanturex
2553 1727 2670 1770 uno
2697 1716 2837 1771 sunt
2871 1710 3321 1783 omnes.0uam
3366 1708 3437 1771 ob
3484 1726 3622 1771 cau-

236 1803 423 1866 αὗτοὺς
492 1803 703 1879 καλεῖν,
761 1805 930 1886 λέγων
964 1823 979 1839 ⁹

234 1904 353 1954 τοῖς
414 1890 665 1973 αδελφοϊς
726 1917 851 1969 μου,

237 2002 315 2036 σω
388 2001 470 2042 σε.
547 1984 645 2039 Καὶ
724 1983 883 2040 πάλιν
918 2004 936 2021 ο

235 2072 406 2144 αὐτῷ.
482 2071 582 2128 Καὶ
647 2071 807 2128 πάλιν
843 2092 859 2112 υ

233 2180 325 2232 μοι
383 2156 582 2216 ἔδωκεν
643 2163 672 2217 6
732 2164 887 2226 Θεὸς,

229 2245 439 2312 νώνηκε
494 2252 688 2328 σαρκὸς
778 2253 865 2307 καὶ
965 2252 1218 2328 αἵματος,
1317 2256 1405 2311 καὶ
1505 2255 1657 2316 αὐτὸς
1715 2274 1892 2331 παρα-

222 2333 470 2401 πλησίως
502 2337 735 2419 μετέσχε
802 2347 908 2397 τῶν
953 2341 1271 2416 1'3tcbv,'z'v1
1348 2341 1436 2399 διὰ
1489 2349 1585 2398 τοῦ
1642 2342 1890 2412 θανάτου,

221 2431 541 2508 καταργήσῃ
624 2434 714 2489 τὸν
774 2435 834 2489 τὸ
920 2434 1108 2509 κράτος
1194 2433 1393 2516 ἔχοντα
1516 2441 1607 2491 τοῦ
1673 2435 1893 2491 Θανάτου

222 2518 486 2604 τουτέστι,
518 2521 607 2576 τὸν
652 2518 923 2604 διάϐολον,
981 2525 1068 2580 καὶ
1127 2523 1410 2600 ἀπαλλάξῃ
1482 2524 1699 2587 τούτους
1774 2520 1890 2577 ὅσοι

227 2603 374 2693 ἳόξῳ
441 2607 663 2665 θανάτου
726 2607 816 2667 διὰ
898 2603 1093 2677 παντὸς
1161 2619 1253 2668 τοῦ
1335 2619 1433 2690 ζῇν
1516 2610 1699 2693 ἔνοχοι
1754 2610 1889 2678 ἦσαν

228 2690 489 2757 δουλείας.
533 2718 557 2753 ι

319 2802 343 2836 ι
383 2772 443 2839 Ὀ
492 2783 753 2860 ἁγιάζων,
790 2808 814 2841 ι
878 2788 1171 2868 τουτέστιν,
1241 2790 1270 2844 6
1325 2790 1572 2868 Χριστὸς,
1639 2811 1666 2842 ι
1724 2787 1812 2843 καὶ
1841 2789 1887 2843 οἱ

233 2869 594 2946 ἁγιαζόμενοι,
629 2890 660 2931 )
696 2874 962 2933 τουτέστιν
1021 2880 1068 2934 οἱ
1098 2877 1381 2957 ἄνθρωποι,
1442 2876 1495 2943 ἐξ
1553 2875 1667 2940 ἑνός
1725 2876 1884 2951 ἐσμεν

1054 1806 1373 1888 Ἀπαγγελῶ
1440 1810 1502 1864 τὸ
1572 1804 1739 1883 ὄνομά
1794 1828 1888 1862 σου

953 1896 1007 1952 ἐν
1090 1897 1239 1973 μέσῳ
1322 1896 1641 1964 Ἐκκλησίας
1725 1897 1889 1971 ὑμνή-

1003 1984 1145 2064 Ἐγὼ
1194 1986 1379 2062 ἔσομαι
1471 1987 1738 2045 πεποιθὼς
1804 1981 1887 2040 ἐπ’

935 2073 1064 2131 Ἰδοὺ
1160 2075 1266 2153 ἐγὼ
1332 2077 1420 2132 καὶ
1486 2076 1552 2131 τὰ
1608 2072 1788 2131 παιδία
1857 2073 1893 2128 ἅ

964 2161 1113 2221 Ἐπεὶ
1191 2164 1280 2220 οὖν
1338 2166 1405 2221 τὰ
1471 2162 1650 2221 παιδία
1705 2182 1889 2220 κεκοί-

1967 1810 2097 1853 sam
2126 1813 2244 1855 non
2274 1795 2573 1857 erubescit
2583 1800 2807 1875 fratres
2824 1797 2959 1858 suos
2981 1814 3223 1868 vocare,
3239 1799 3442 1859 dicens
3468 1816 3483 1856 :
3506 1800 3628 1858 An-

1971 1883 2264 1944 nuntiabo
2294 1902 2513 1945 nomen
2559 1894 2733 1947 tuum
2769 1886 3078 1964 fratribus
3129 1888 3294 1947 meis.
3329 1890 3395 1948 in
3426 1887 3622 1949 medio

1972 1973 2257 2036 Ecclesia:
2281 1976 2542 2037 laudabo
2572 1985 2653 2039 te.
2685 1977 2764 2039 Et
2796 1995 3044 2040 rursum
3070 1995 3089 2038 :
3121 1978 3255 2057 Ego
3305 1996 3408 2041 ero
3427 1980 3621 2058 ﬁdem

1974 2064 2040 2122 in
2071 2062 2198 2126 illo.
2230 2063 2312 2125 Et
2343 2068 2563 2127 iterum
2600 2088 2611 2124 :
2646 2067 2806 2128 Ecce
2856 2084 2963 2146 ego
3010 2073 3068 2128 et
3114 2067 3233 2146 [itii
3276 2085 3427 2147 quos
3458 2070 3622 2132 dedit

1976 2151 2128 2212 mihi
2158 2154 2796 2233 Deusﬂdndoquidem
2827 2157 3021 2235 igitur
3047 2155 3162 2233 ﬁli:
3193 2159 3618 2219 commercium

1973 2238 2194 2301 habent
2225 2259 2361 2302 cum
2386 2260 2572 2303 carne
2592 2253 2648 2304 et
2676 2250 3000 2322 sanguine,
3034 2251 3088 2304 et
3122 2247 3244 2322 ipse
3265 2246 3627 2323 pariformi-

1978 2334 2066 2389 ter
2092 2332 2390 2407 particeps
2419 2336 2619 2408 [actus
2650 2339 2734 2393 est
2763 2334 3203 2407 eorumdem,ut
3230 2350 3338 2411 per
3368 2342 3620 2396 mortem

1975 2418 2243 2479 aboleret
2282 2436 2419 2480 eum
2470 2426 2577 2499 qui“
2624 2424 2837 2481 mortis
2864 2419 3053 2480 robur
3082 2419 3354 2501 habebat,
3380 2421 3491 2483 hoc
3516 2431 3625 2504 est,

1972 2504 2287 2567 diabolum
2336 2525 2349 2569 :
2395 2516 2450 2569 et
2511 2509 2727 2570 liberos
2776 2508 3048 2569 redderet
3095 2525 3217 2583 eos,
3281 2516 3625 2589 quicunque

1973 2605 2140 2656 metu
2170 2598 2381 2658 mortis
2406 2615 2513 2676 per
2541 2613 2780 2659 omnem
2807 2603 2991 2659 vitam
3026 2596 3270 2659 obnoxii
3301 2608 3475 2661 erant
3487 2618 3621 2662 ser-

1972 2684 2176 2746 vituli.

2057 2785 2080 2818 α
2116 2764 2226 2834 Qui
2278 2764 2628 2841 sanctiﬁcat,
2666 2786 2695 2824 ι
2740 2767 2852 2827 hoc
2895 2775 3006 2843 est,
3042 2766 3331 2841 Christus,
3369 2792 3397 2823 κ
3434 2774 3493 2828 et
3519 2768 3621 2848 qui

1967 2853 2442 2933 sanctiﬁcatur,»
2500 2854 2561 2913 id
2614 2862 2722 2928 est,
2782 2857 3078 2931 homines,
3129 2874 3198 2917 ex
3250 2875 3366 2917 uno
3415 2875 3621 2921 sumus

230 2941 323 3014 τοῦ
354 2941 489 3018 Θεοῦ
543 2941 631 3016 καὶ
659 2963 886 3043 Πάτρὸς.
919 2965 1073 3022 Ἀλλ’
1105 2969 1132 3023 6
1191 2941 1300 3041 Ιμὲν
1354 2941 1575 3046 ίζριστὸς
1631 2966 1705 3029 ὡς
1763 2941 1882 3027 ὖὶὸς

1970 2941 2184 3046 υθορι
2214 2943 2534 3041 Ρειιιεθβθα
2557 2941 2823 3005 Christus
2853 2944 3395 3046 quidemthilius
3421 2957 3479 3006 et
3506 2966 3618 3008 na-

229 3048 319 3103 καὶ
349 3049 579 3125 γνήσιον
605 3049 843 3129 γέννημα
885 3056 972 3112 καὶ
1030 3056 1090 3112 ἐκ
1118 3060 1217 3123 τῆς
1267 3054 1444 3117 οὖσίας
1501 3061 1594 3111 τοῦ
1649 3055 1878 3133 Πατρὸς,

227 3137 395 3223 ἡμεῖς
425 3135 480 3193 δὲ
509 3140 583 3201 ὡς
640 3143 836 3217 κτίσμα
885 3146 974 3200 καὶ
1030 3146 1284 3208 υἱοθεσίας
1333 3145 1514 3223 χάριτι
1570 3140 1878 3218 ἠξιωμένοι,

234 3249 262 3279 ι
300 3222 585 3307 Ἀδελφοὺς
615 3233 797 3297 αὐτοὺς
827 3231 1040 3294 καλεῖν.
1075 3256 1103 3288 ι
1168 3222 1375 3314 [ΦΩΤζ]
1418 3222 1596 3308 ’Ἀμα
1652 3233 1751 3311 γὰρ
1782 3233 1880 3299 τὴν

230 3315 401 3393 σάρκα
472 3317 642 3391 ἑαπῷ
701 3318 892 3401 θίνωσε,
952 3323 1040 3378 καὶ
1108 3323 1207 3389 τὴν
1273 3319 1604 3401 ἀδελφότητα
1701 3319 1879 3377 ἐνεδύ-

227 3423 382 3462 σατο.
418 3405 618 3486 Εἰπὼν,
650 3406 758 3469 Οὔκ
825 3408 1229 3492 ἐπαισχύνεται,
1286 3408 1444 3475 ἔδειξε
1486 3412 1548 3466 τὸ
1603 3407 1876 3490 διαφορον.

228 3494 305 3579 (ξῦ
355 3494 458 3570 γὰρ
525 3496 662 3552 κατὰ
729 3498 884 3578 φύσιν
993 3498 1214 3579 ἀδελφὸς
1299 3499 1467 3555 καίτοι
1524 3497 1597 3554 ὢν
1666 3497 1879 3564 ἀληθῶς

227 3576 524 3659 ἄνθρωπος,
611 3576 752 3641 ἄλλα
818 3589 955 3644 κατὰ
1024 3576 1439 3669 φιλανθρωπίαν,
1510 3584 1690 3653 ἐπειδὴ
1764 3586 1876 3643 ἐστι

228 3672 318 3728 καὶ
366 3672 581 3741 ἀληθῶς
643 3678 796 3745 Θεός.
872 3703 897 3735 α
973 3678 1116 3759 Ἐγὼ
1210 3679 1397 3755 ἔσομαι
1468 3679 1736 3742 πεποιθὼς
1793 3678 1879 3735 ἐπ’

236 3765 401 3835 αὐτῷ.
440 3786 468 3817 ι
501 3762 720 3829 Ἐπειδή
751 3766 859 3824 ἅνω
889 3768 1041 3825 εἴπεν
1098 3769 1255 3825 αὐτὸν
1298 3766 1521 3848 ἀδελφὸν
1590 3768 1677 3823 καὶ
1732 3768 1878 3823 κάτω

229 3851 452 3930 πατέρα.
519 3851 574 3908 ἐν
622 3854 768 3929 μέσῳ
835 3856 1098 3933 ἐσήμανεν
1160 3856 1239 3913 ὅτι
1310 3866 1472 3915 ταῦτα
1532 3856 1629 3931 μὲν
1686 3854 1876 3935 φιλαν-

230 3941 464 4017 θρωπίαις
536 3942 772 4017 ὀνόματα
824 3948 912 4003 καὶ
968 3948 1187 4029 χάριτος
1242 3951 1341 4013 τῆς
1426 3947 1603 4025 αὐτοῦ,
1675 3951 1745 4022 τῇ
1827 3943 1880 4000 δὲ

230 4028 381 4116 φύσει
412 4031 501 4086 καὶ
565 4030 780 4099 ἀληθῶς
829 4037 957 4101 Θεός
1013 4036 1147 4112 ἐστι,
1204 4037 1353 4116 φησί.
1399 4035 1488 4097 Τίς
1545 4035 1644 4113 γὰρ
1697 4034 1883 4090 πέποι-

225 4119 311 4172 θεν
340 4115 428 4172 ἐπὶ
459 4118 622 4198 ἑτέρῳ
650 4123 771 4196 τινὶ,
805 4125 849 4180 εἰ
878 4126 956 4199 μὴ
985 4123 1070 4181 ἐπὶ
1100 4115 1246 4201 μόνω
1304 4130 1420 4198 Θεῷ
1446 4141 1460 4182 :
1523 4124 1648 4179 ὡσεὶ
1676 4121 1826 4201 ἔλεγε
1862 4140 1874 4152 ⁵

228 4206 318 4292 mi
348 4206 629 4273 ἃκαίοντες
702 4214 856 4270 αὐτὸν
914 4212 1135 4292 ἀδελφὸν
1205 4215 1292 4270 καὶ
1345 4211 1568 4291 πατέρα,
1629 4212 1879 4287 νομίσητε

1903 3012 1943 3063 C
1968 3029 2177 3090 turalis
2208 3031 2522 3110 progenies
2545 3040 2601 3091 et
2632 3052 2701 3093 ex
2724 3012 3020 3095 subtantia
3050 3012 3261 3107 Patris,
3296 3053 3404 3095 nos
3419 3048 3616 3097 autem

1966 3126 2030 3177 ut
2057 3126 2329 3179 creatura
2372 3130 2429 3180 et
2464 3122 2562 3200 qui
2604 3122 2851 3200 gratiam
2877 3123 3218 3203 adoptionis
3249 3128 3612 3204 accepimus.

1965 3238 2041 3248 —
2080 3231 2101 3263 α
2130 3210 2364 3269 Fratres
2412 3210 2549 3269 illos
2594 3228 2828 3273 vocare.
2871 3236 2892 3266 ι
2946 3212 3135 3273 Simul
3168 3211 3328 3273 enim
3376 3230 3617 3277 carnem

1963 3292 2196 3375 sibiipsi
2228 3296 2436 3372 univit,
2492 3310 2549 3357 et
2599 3299 3023 3361 fraternitatem
3076 3300 3292 3364 induit.
3345 3301 3612 3366 Dicens:

1961 3381 2091 3444 Non
2126 3387 2446 3466 erubescit,
2474 3389 2736 3448 ostendit
2767 3390 3172 3451 diversitatem
3222 3400 3278 3451 et
3307 3393 3616 3453 excellen-

1966 3474 2442 3554 tiam.Siquidem
2470 3477 2636 3556 juxta
2667 3489 2934 3539 naturam
2959 3480 3137 3539 frater
3160 3499 3278 3539 non
3298 3489 3445 3553 erat,
3480 3481 3619 3541 licet

1967 3578 2099 3624 vere
2114 3567 2291 3624 homo
2320 3576 2476 3626 essu
2502 3586 2516 3625 :
2544 3585 2608 3627 se
2627 3585 2697 3627 ex
2723 3567 3106 3644 benignitate,
3128 3568 3612 3647 quandoquidem

1963 3652 2142 3713 etiam
2193 3671 2329 3714 vere
2372 3657 2531 3715 Deus
2582 3666 2731 3717 erat.
2790 3657 2914 3735 Ego
2961 3675 3063 3716 ero
3095 3657 3286 3716 ﬁdens
3319 3660 3380 3716 in
3411 3657 3537 3717 illo.
3573 3678 3603 3718 )

1962 3739 2258 3812 Quoniam
2291 3744 2568 3822 superius
2605 3743 2753 3806 dixit
2786 3744 2952 3804 illum
3001 3745 3238 3805 fratrem
3281 3754 3339 3805 et
3365 3745 3613 3807 interius

1965 3840 2211 3909 patrem,
2248 3833 2307 3891 in
2342 3834 2535 3892 llletO
2568 3834 2915 3911 signiﬁcavit
2973 3835 3130 3913 quod
3192 3834 3318 3894 haec
3376 3836 3615 3915 quidem

1965 3919 2345 3997 benignitatis
2379 3921 2618 3981 nomina
2649 3934 2785 3982 sunt
2819 3937 2878 3983 et
2909 3922 3111 4001 gratia:
3157 3922 3366 4001 ipsius,
3402 3932 3615 3985 natura

1964 4015 2159 4067 autem
2195 4017 2253 4069 et
2284 4011 2523 4069 veritate
2571 4014 2727 4072 Deus
2756 4020 2865 4086 est,
2899 4012 3111 4091 inquit.
3148 4012 3292 4082 Quis
3338 4013 3496 4074 enim
3550 4014 3614 4074 in

1962 4096 2016 4156 al
2044 4116 2076 4156 ο
2100 4116 2400 4176 quoquam
2422 4099 2548 4158 tidit
2570 4101 2685 4161 nisi
2716 4102 2776 4161 in
2794 4102 2919 4162 solo
2943 4101 3066 4164 Deo
3087 4108 3114 4163 ⁸(
3136 4105 3225 4161 Ac
3256 4102 3307 4162 si
3338 4103 3609 4181 diceret:

1961 4183 2046 4247 Ne
2077 4187 2383 4247 audientes
2405 4188 2747 4267 ipsumesse
2777 4192 3019 4252 fratrem
3045 4209 3114 4251 ac
3144 4200 3375 4271 patrem
3400 4192 3612 4253 existi-

223 4291 318 4348 ἕνα
349 4294 492 4350 εἶναι
523 4304 629 4353 τῶν
652 4298 864 4358 πολλῶν
912 4317 926 4330 ⁸
964 4278 1091 4365 Θεός
1134 4300 1268 4380 ἐστι,
1312 4278 1495 4381 φησιν,
1553 4278 1636 4379 έφ’
1690 4278 1763 4355 ’ὃν
1792 4299 1851 4377 γέ

1970 4278 2135 4335 metis
2166 4295 2345 4335 unum
2373 4279 2710 4356 quempiam
2743 4298 2876 4341 esse
2903 4298 2935 4341 e
2963 4281 3156 4357 vulgo,
3189 4279 3347 4341 Deus
3378 4288 3488 4357 est,
3514 4282 3619 4342 in-

226 4404 463 4461 γραπται
491 4386 795 4444 πεποιθέναι
824 4390 1023 4470 χρεών,
1102 4413 1130 4445 ι
1162 4370 1292 4446 ’18άῦ
1319 4370 1427 4467 έγὼ
1480 4389 1571 4444 καὶ
1625 4388 1691 4442 τὰ
1746 4410 1877 4443 παι-

1970 4370 2106 4442 quit,
2138 4370 2198 4424 in
2230 4384 2403 4444 quem
2433 4377 2719 4447 scriptum
2751 4378 2841 4430 est
2862 4378 3137 4448 oportere
3167 4371 3372 4431 ﬁdere.
3412 4392 3435 4426 ιι
3461 4370 3616 4469 Ecce

369 4496 400 4529 ι
435 4473 644 4553 Πατέρα
670 4477 761 4531 τὸν
819 4469 1042 4556 Χριστὸν
1098 4478 1342 4544 ἐποίησεν
1410 4479 1596 4552 ἡμῶν·
1652 4476 1724 4533 Τὸ
1797 4473 1873 4550 δὲ,

233 4548 479 4635 "Eddius,
511 4548 594 4618 δια
616 4563 715 4631 τὴν
744 4548 1147 4645 ἀνθρωπότητα.
1216 4548 1462 4641 υΟμοιον
1491 4570 1604 4624 τοῦ.
1639 4587 1660 4619 ι
1700 4548 1876 4630 Λῖτηέ

229 4669 323 4705 σαι
353 4647 484 4729 παρ’
513 4651 669 4732 ἐμοῦ,
701 4655 789 4710 καὶ
848 4652 1002 4712 δώσω
1057 4677 1138 4712 σοι
1222 4653 1345 4721 ἔθνη
1386 4653 1483 4721 τήν
1524 4651 1879 4731 κληρονομίαν

230 4759 349 4801 σου,
378 4760 408 4792 ι
440 4771 523 4783 -
543 4762 572 4794 ι
606 4735 755 4797 Ἐπεὶ
785 4743 897 4817 οὖν,
928 4745 1078 4823 φησὶ,
1111 4744 1178 4800 τὰ
1204 4741 1406 4821 παιδία,
1446 4762 1469 4798 ι
1508 4740 1803 4820 τουτέστιν,
1831 4742 1877 4795 οἱ

228 4824 519 4903 ἄνθρωποι,
558 4850 587 4883 ι
615 4833 1033 4902 κεκοινωνήκασι
1101 4834 1293 4912 σαρκὸς
1349 4831 1436 4886 καὶ
1477 4826 1734 4905 αἵματος,
1764 4851 1873 4884 πα-

226 4912 567 4996 ραπλησίως,
603 4939 632 4971 ι
667 4919 957 4994 τουτέστιν,
1012 4922 1207 4997 ὁμοίως
1264 4919 1316 4985 ἐξ
1371 4917 1619 4984 ἀληθείας
1655 4920 1715 4976 οὐ
1741 4918 1878 4974 κατὰ

226 5002 526 5082 φαντασίαν
575 5007 718 5081 τινὰ,
772 5008 845 5071 ὥς
920 5031 1064 5074 τινες
1146 5009 1391 5089 αἱρετικοὶ
1472 5004 1705 5083 λέγουσι,
1791 5008 1877 5062 καὶ

224 5092 390 5153 αὒτός
429 5094 621 5171 σαρκὸς
676 5097 764 5151 καὶ
822 5094 1052 5172 αἵματος
1106 5098 1339 5177 μέτοχος
1395 5093 1635 5175 γέγονεν,
1667 5093 1761 5150 ἳνα
1787 5095 1875 5150 καὶ

229 5177 289 5234 ιν
314 5179 487 5252 τούτῳ
506 5178 645 5258 δείξῃ
667 5184 729 5240 τὸ
759 5183 1011 5265 φιλόπαις
1042 5187 1183 5243 εἶναι

320 5347 564 5425 "mm.
627 5358 901 5444 [ΚΥΡΙΑ.]
975 5357 1166 5441 Ἠμεϊς
1208 5367 1256 5423 οἱ
1284 5363 1339 5421 ἔν
1367 5341 1579 5423 τέκνοις
1637 5358 1872 5438 ἠριθμη-

237 5446 411 5528 μέναι,
469 5454 603 5506 Θεοῦ
652 5455 1119 5531 κοκοινωνήκαμεν
1200 5451 1431 5529 αἵματος
1488 5451 1575 5509 καὶ
1656 5449 1872 5528 σαρκὸς,

315 5606 398 5670 t9.
435 5606 594 5671 Psal.
622 5624 691 5690 Ii,
725 5611 783 5675 8.

553 5738 815 5810 ΡΑτιιοι.
848 5746 955 5816 Gn.
991 5761 1189 5827 cx1x,

1964 4469 2071 4531 ego
2101 4462 2158 4514 et
2179 4456 2305 4515 ﬁlii.
2342 4479 2367 4510 ιι
2404 4458 2642 4517 Patrem
2675 4468 2943 4519 nostrum
2984 4458 3126 4518 fecit
3154 4459 3475 4519 Christum.
3510 4458 3614 4520 Ait

1960 4558 2192 4608 autem:
2233 4546 2425 4622 Dedit,
2461 4560 2701 4629 propter
2722 4551 3175 4624 humanitatem,
3211 4550 3398 4611 veluti
3428 4550 3614 4611 estil-

1960 4632 2096 4694 lud:
2136 4658 2159 4691 ι
2189 4636 2478 4696 l’ostJaa
2503 4656 2597 4697 me
2637 4647 2695 4697 et
2722 4640 2873 4699 dabo
2917 4637 3021 4697 tibi
3053 4645 3258 4715 gentes
3289 4637 3603 4699 haeredita-

1961 4728 2079 4781 tem
2112 4731 2267 4783 tuam
2291 4724 2391 4786 19⁸.
2424 4749 2448 4780 ι
2475 4728 2598 4785 551
2630 4752 2656 4781 «
2682 4726 2927 4798 Quando
2957 4728 3195 4806 quidem
3228 4726 3413 4803 igitur
3439 4725 3608 4800 lilii,»

1957 4809 2072 4871 hoc
2101 4821 2188 4871 est
2215 4813 2547 4890 liomines,u
2576 4817 3003 4878 commercium
3036 4815 3255 4875 habent
3273 4834 3407 4877 cum
3432 4833 3616 4878 carne

1961 4906 2019 4959 et
2073 4903 2408 4979 sanguine;
2472 4903 2894 4983 pariformiter,
2954 4928 2976 4961 ι)
3035 4904 3148 4965 hoc
3180 4912 3290 4978 est,
3342 4905 3619 4965 similiter

1960 4996 2021 5049 et
2047 5007 2208 5064 vere,
2241 5010 2358 5052 non
2377 4993 2545 5071 juxta
2582 4995 2954 5073 phantasiam
2987 4992 3338 5072 altquam,ut
3371 4994 3615 5072 quidam

1957 5078 2164 5139 dicunt
2193 5081 2476 5157 haeretici,
2513 5090 2572 5142 et
2611 5084 2739 5161 ipse
2770 5099 2967 5143 carnis
2998 5092 3055 5141 et
3085 5080 3393 5158 sanguinis
3422 5083 3614 5162 parti-

1956 5184 2098 5248 ceps
2128 5170 2319 5231 factus
2348 5178 2438 5231 est
2471 5187 2484 5231 :
2520 5180 2582 5231 ut
2613 5174 2670 5230 in
2727 5172 2841 5231 hoc
2898 5187 3134 5249 quoque
3181 5173 3621 5240 demonstraret

1957 5275 2133 5337 quem
2173 5278 2311 5338 erga
2339 5258 2494 5320 ﬁlios
2526 5259 2773 5321 haberet
2804 5277 3095 5322 amorem.

2035 5349 2179 5410 Atio
2208 5350 2403 5412 modo.
2451 5347 2569 5410 Nos
2601 5350 2704 5427 qui
2750 5349 2910 5411 inter
2958 5348 3113 5409 ﬁlios
3160 5346 3271 5410 Dei
3325 5357 3618 5419 numerati

1956 5455 2186 5516 sumus,
2227 5441 2653 5502 commercium
2708 5440 2996 5502 habemus
3044 5437 3351 5518 sanguinis
3393 5447 3455 5501 et
3482 5457 3617 5502 car—

3096 5735 3173 5795 10
