4152 6216
567 261 684 329 299

1688 271 2099 337 OECUMENII
2140 270 2436 337 TRICCIE
2473 272 2809 339 EPISCOPI

3832 273 3951 340 300

565 401 698 465 nis:
734 401 847 463 hoc
878 409 990 482 est,
1039 400 1101 462 in
1145 401 1431 491 sanguine
1480 420 1688 465 sumus
1719 410 1778 464 et
1807 422 2013 479 carne,
2065 411 2122 465 et
2149 403 2181 464 i1

2265 405 2581 483 .tou'ce'c'ctv,
2628 407 2682 464 ἐν
2710 407 2902 484 αἵματί
2944 409 3102 485 ἐσμεν
3158 410 3253 467 καί
3295 413 3470 491 σαρκὶ,
3512 411 3603 469 καὶ
3659 408 3715 466 ἰν
3768 411 3939 490 φθαρ-

565 490 1048 572 corruptibilibus
1094 489 1465 570 terrenisque
1515 492 1886 571 corporibus.
1939 492 2103 555 Hanc
2132 492 2208 553 ob

563 599 803 643 causam
837 578 1204 658 unigenitum
1237 578 1345 640 Dei
1379 577 1661 655 Verbum,
1686 598 1821 642 cum
1848 582 2015 661 juxta
2042 589 2208 644 natu-

561 689 689 731 ram
718 670 833 730 vita
866 675 1043 746 esset,
1077 664 1374 746 particeps
1403 667 1589 729 factus
1622 675 1712 730 est
1743 669 1989 732 horum:
2015 688 2125 732 nec
2146 670 2206 730 id

564 757 889 821 secundum
921 754 1103 816 alium
1135 754 1398 829 modum,
1434 755 1534 817 sed
1568 757 1969 836 pariformiter
1998 758 2204 820 nobis-

562 865 722 910 cum.
762 866 786 902 ιι
820 843 895 906 Ut
929 860 1035 923 per
1065 850 1341 907 mortem.
1382 867 1405 901 ι
1460 844 1686 908 Deinde
1719 846 1897 908 etiam
1930 850 2205 909 incarna-

564 934 743 996 tionis
773 950 1008 995 causam
1033 931 1198 1006 dicit,
1226 939 1289 994 ut
1312 928 1677 1009 aboleretur,
1716 936 2205 1017 inquit,diabolus

561 1024 663 1105 qui
694 1022 901 1084 mortis
932 1020 1114 1082 robur
1165 1019 1440 1097 habebat,
1476 1022 1819 1085 aboleretur
1860 1032 2056 1086 autem
2101 1044 2206 1105 per

564 1111 1150 1189 mortem.Tanquam
1180 1109 1411 1173 diceret
1440 1132 1451 1171 :
1480 1109 1526 1173 Ο
1558 1112 1665 1175 Dei
1695 1112 2070 1193 sapientiam!
2094 1113 2206 1175 Per

563 1210 817 1264 mortem
849 1198 1056 1260 habuit
1084 1197 1355 1260 diabolus
1384 1199 1707 1281 robur,per
1730 1210 1983 1264 mortem
2008 1202 2205 1264 abole-

563 1289 899 1355 bitur.Nam
932 1289 1025 1349 his
1054 1288 1235 1348 armis
1255 1287 1536 1349 adversus
1560 1308 1695 1351 eum
1726 1309 1866 1352 usus
1899 1300 1984 1352 est
2006 1292 2203 1354 Chris-

559 1389 676 1456 tus,
732 1378 947 1460 quibus
997 1376 1125 1456 ipse
1195 1384 1403 1456 potens
1454 1377 1584 1440 fuit.
1641 1377 1946 1451 Quomodo
2004 1389 2199 1442 autem

560 1470 900 1532 dominatur
931 1465 1148 1526 morti?
1174 1464 1333 1547 Quia,
1353 1466 1680 1528 dominium
1707 1468 1933 1530 habens
1962 1469 2022 1530 in
2056 1488 2198 1548 pec-

556 1566 753 1621 catum
809 1575 879 1617 ex
927 1575 1040 1635 quo
1100 1554 1373 1633 procedit
1425 1573 1605 1629 mors,
1642 1557 1817 1617 etiam
1864 1558 2203 1619 dominatur

2290 508 2408 557 τοῖς
2450 497 2537 552 καὶ
2578 498 2790 575 γηΐνοις
2851 497 3087 573 σώμασι.
3147 501 3352 567 Ταύτης
3407 499 3561 557 ἕνεκα
3615 501 3715 567 τῆς
3772 500 3939 561 αἰτίας

2291 584 2318 638 6
2351 584 2643 660 μονογενὴς
2672 591 2762 641 τοῦ
2793 592 2922 642 Θεοῦ
2992 586 3163 666 Λόγος
3216 587 3330 659 ζωὴ
3387 588 3524 644 κατὰ
3578 586 3737 665 φύσιν
3765 584 3937 662 ὑπάρ-

2290 693 2407 746 γων
2449 672 2681 753 μετέσχε
2707 679 2810 731 τῶν
2843 674 3035 751 αὐτῶν,
3094 676 3185 732 καὶ
3235 677 3295 731 οὑ
3336 675 3451 732 καθ’
3506 673 3681 755 ἕτερον
3715 673 3933 754 τρόπον,

2288 757 2427 815 tua
2468 760 2853 841 παραπλησίως
2881 764 3041 839 ἡμῖν,
3108 786 3137 820 α
3172 753 3297 821 U[va
3352 761 3436 820 διὰ
3487 753 3864 841 τοῦ-θανάτου.
3899 781 3930 822 ι

2290 846 2430 907 Εἶτα
2457 839 2555 904 καὶ*
2585 853 2685 918 τῆς
2714 849 3160 928 ἑνανθρωπήσεως
3188 850 3333 930 λέγει
3390 852 3491 919 τὴν
3550 852 3741 910 αἰτίαν.
3778 839 3929 929 ιἸνα,

2288 937 2439 1014 φησὶ,
2486 941 2797 1017 καταργηθῇ
2826 940 2855 995 6
2884 941 2944 995 τὸ
2971 941 3163 1018 κράτος
3195 939 3340 1020 ἔχων
3410 946 3502 997 τοῦ
3552 940 3775 999 θανάτου
3803 936 3931 994 διά-

2286 1021 2442 1087 ϐολος
2490 1040 2503 1053 ⁸
2532 1029 2841 1104 καταργηθῇ
2884 1024 2939 1083 δὲ
2966 1025 3051 1085 διὰ
3077 1035 3169 1085 τοῦ
3197 1028 3442 1109 Θανάτου,
3493 1029 3566 1093 ὡς
3610 1030 3654 1084 εἰ
3708 1027 3863 1084 εἶπεν
3911 1043 3925 1057 ⁸

2307 1122 2380 1166 Ων
2409 1113 2590 1192 σοφίας
2622 1120 2752 1173 Θεοῦ
2784 1113 2798 1172 ί
2837 1117 2935 1171 Διὰ
2976 1123 3072 1172 τοῦ
3115 1118 3338 1173 Θανάτου
3380 1117 3510 1196 ἔσχε
3566 1117 3627 1173 τό
3688 1117 3872 1196 κράτος
3904 1118 3933 1171 6

2285 1197 2550 1281 διάϐολος,
2604 1199 2687 1258 διὰ
2756 1211 2850 1260 τοῦ
2901 1206 3123 1262 Θανάτου
3180 1204 3617 1275 καταλυθήσεται,
3699 1199 3762 1286 ’ᾳ
3829 1206 3929 1283 γὰρ

2285 1289 2510 1369 ἴσχυσεν
2539 1288 2712 1366 ὅπλῳ,
2747 1292 2914 1367 τούτῳ
2943 1292 3064 1350 κατ’
3101 1296 3261 1373 αὖσοῦ
3307 1296 3334 1351 6
3377 1295 3600 1373 Χριστὸς
3630 1294 3922 1373 ἐχρήσατο.

2287 1384 2404 1443 Πῶς
2446 1377 2500 1434 δὲ
2530 1377 2685 1459 ἄρχει
2715 1387 2808 1437 τοῦ
2848 1382 3120 1462 Θανάτου;
3176 1372 3307 1440 ΗΟτι
3375 1372 3475 1450 τῆς
3531 1372 3787 1462 ἁμαρτίας
3829 1380 3930 1460 ἄρ-

2282 1488 2401 1546 χων
2445 1466 2497 1532 ἐξ
2537 1468 2602 1535 ἧς
2633 1470 2661 1524 6
2688 1469 2930 1550 θάνατος,
2961 1472 3048 1526 καὶ
3085 1476 3177 1551 τοῦ
3236 1471 3457 1527 Θανάτου
3529 1468 3714 1551 ἄρχει,
3753 1468 3928 1548 ’ἤγουν

2282 1557 2471 1635 κράτος
2511 1557 2732 1613 Θανάτου
2760 1559 2796 1625 ἡ
2828 1548 3076 1636 ἁμαρτία.
3130 1548 3328 1640 "Exim
3373 1560 3462 1617 οὖν
3659 1548 3921 1639 ἅμαρτίαν

559 1647 758 1720 morti,
792 1662 925 1706 cum
959 1643 1143 1704 robur
1174 1642 1379 1703 mortis
1411 1642 1486 1703 sit
1518 1651 1847 1723 peccatum.
1884 1645 1994 1717 Qui
2023 1646 2181 1725 igitur

2281 1646 2369 1700 καὶ
2426 1645 2638 1722 εὒρετὴς
2690 1647 2852 1713 αὐτῆς
2907 1647 3188 1729 ὑπάρχων,
3261 1651 3321 1704 τὸ
3376 1649 3565 1729 κράτος
3659 1648 3777 1727 ἔχει
3833 1654 3928 1705 τοῦ

555 1744 871 1818 peccatum
917 1732 1113 1805 habet,
1164 1730 1473 1812 ipsiusque
1528 1732 1802 1794 inventor
1849 1744 1957 1808 est,
2019 1723 2181 1797 robur

2282 1733 2525 1813 Θανάτου,
2561 1731 2808 1813 (εἴπομεν
2838 1736 2938 1814 γὰρ
2966 1723 3088 1803 τῆν*
3131 1723 3422 1816 ἁμαρτίαν,
3460 1738 3603 1795 εἶναι
3659 1723 3727 1793 τδ
3789 1737 3925 1815 κρά-

554 1825 733 1887 habet
758 1821 992 1884 mortis.
1027 1820 1293 1882 Diximus
1327 1821 1485 1881 enim
1520 1831 1825 1901 peccatum
1855 1822 2039 1884 robur
2067 1842 2199 1885 esse

554 1914 785 1987 mortis,
825 1920 886 1974 ut
916 1912 990 1971 sit
1026 1911 1137 1971 iste
1169 1927 1378 1971 sensus
1412 1928 1425 1971 :
1464 1912 1577 1972 Per
1604 1911 1900 1991 propriam
1948 1920 2192 1974 mortem

555 2002 816 2066 abolevit
844 1998 1144 2061 diabolum
1178 1999 1493 2060 habentem
1522 1999 1853 2078 subjectum
1905 2000 2019 2061 sibi
2050 2020 2193 2081 pec.-

557 2102 773 2171 catum,
808 2088 965 2170 quod
1002 2094 1091 2149 est
1128 2086 1403 2148 fortitudo
1447 2105 1517 2148 ac
1562 2087 1746 2149 robur
1790 2088 1995 2150 mortis
2028 2106 2046 2150 :
2080 2090 2196 2150 nisi

558 2181 715 2245 enim
751 2183 859 2241 hoc
890 2184 1283 2258 expugnasset
1307 2176 1806 2251 hominem,mors
1824 2196 2193 2258 nequaquam

552 2272 836 2333 intrasset
860 2267 921 2328 in
953 2265 1261 2328 mundum.
1286 2299 1365 2309 —
1395 2286 1418 2322 ιι
1454 2265 1803 2346 Quicunque
1848 2277 2006 2328 metu
2030 2287 2193 2329 mor-

555 2360 652 2421 tis.
690 2380 716 2419 ι
751 2357 1121 2435 Priusquam,
1176 2353 1390 2434 inquit,
1448 2353 1790 2416 aboleretur
1846 2374 2026 2431 mors,
2087 2375 2195 2437 per

552 2456 733 2514 totam
781 2446 960 2507 vitam
1010 2442 1282 2504 homines
1329 2441 1551 2503 obnoxi
1595 2450 1765 2505 erant
1810 2463 1879 2505 ac
1917 2445 2191 2525 subjecti

554 2534 756 2600 timori
807 2532 1152 2597 servitutis:
1195 2530 1481 2591 timebant
1537 2531 1696 2592 enim
1752 2540 2000 2595 mortem
2057 2554 2189 2615 quae

561 2625 823 2687 nondum
856 2621 1074 2682 abolita
1103 2627 1228 2680 erat
1259 2637 1272 2681 :
1310 2626 1369 2680 et
1404 2618 1552 2680 nihil
1584 2620 1954 2682 saecularium
1987 2620 2189 2703 volup-

554 2724 738 2778 tatum
786 2712 1082 2773 delectare
1140 2715 1365 2789 poterat
1414 2708 1711 2782 cordatos,
1763 2708 1940 2789 idque
1973 2710 2185 2773 timore

546 2801 848 2876 mortis,in
877 2798 1120 2861 modum
1151 2796 1411 2859 crudelis
1440 2815 1508 2858 ac
1525 2797 1662 2858 szevi
1687 2797 1912 2859 domini
1930 2798 2185 2861 instante

550 2912 791 2974 semper
820 2910 887 2953 ac
918 2897 1254 2952 exterrente
1285 2906 1385 2949 eos
1414 2887 1515 2967 qui
1546 2898 1711 2949 erant
1737 2889 1799 2949 in
1833 2888 2182 2953 terra.a0b-

543 2983 705 3045 noxii
754 2989 922 3045 erant
960 2977 1249 3042 servituti.
1287 3002 1314 3032 »
1350 2975 1663 3038 Timebant
1707 2977 1983 3040 homines
2015 2998 2179 3041 mor-

2279 1843 2367 1884 τος
2396 1831 2487 1881 τοῦ
2513 1823 2778 1893 Θανάτου.)
2846 1823 2939 1880 ἵνα
2991 1823 3155 1889 οὕτως
3216 1822 3308 1891 εἴη
3348 1844 3363 1860 θ
3441 1827 3538 1881 Διὰ
3590 1835 3682 1884 τοῦ
3735 1824 3925 1881 οἰκείου

2279 1911 2501 1966 Θανάτου
2571 1912 2881 1991 κατήργησε
2938 1912 3037 1980 τὴν
3092 1914 3349 1992 ἁμαρτίαν
3377 1915 3684 1995 ὑποχείριον
3728 1912 3923 1994 ἔχοντα

2278 2000 2369 2054 τὸν
2436 1996 2699 2076 διάϐολον,
2758 1998 2874 2068 ἥτις
2930 2003 3069 2057 εστὶν
3122 2004 3275 2083 ἰσχὺς
3354 2006 3544 2081 κρατὸς
3613 2004 3705 2059 τοὺ
3759 2002 3921 2059 Θανά-

2278 2112 2389 2151 του.
2428 2092 2485 2147 Εἰ
2513 2091 2612 2170 γὰρ
2656 2094 2734 2167 μὴ
2797 2093 2932 2160 αὕτη
2981 2094 3269 2175 κατίσχυσε
3323 2106 3414 2155 τοῦ
3481 2096 3774 2172 ἆνθρώπου⁶
3828 2095 3924 2151 οὐκ

2278 2177 2339 2233 ἂν
2369 2181 2397 2235 6
2427 2180 2645 2243 Θάνατος
2676 2179 2913 2250 εἰσῆλθεν
2945 2183 3018 2247 εἰς
3045 2184 3137 2239 τὸν
3166 2183 3390 2261 κόσμον,
3429 2217 3509 2229 —
3534 2207 3558 2241 ε
3582 2175 3754 2242 ὐΟσιιι

2275 2268 2520 2327 Θανάτου.
2559 2287 2588 2326 )
2623 2266 2848 2351 [ΦιιΤ.]
2905 2273 3055 2349 Πρὶν.
3086 2273 3237 2352 φησὶ,
3323 2277 3631 2353 καταργηθῇ
3700 2275 3728 2329 ὃ
3754 2274 3921 2329 Θάνα-

2274 2378 2388 2431 τος,
2434 2354 2500 2412 δι⁹
2546 2355 2671 2415 ὅλου
2697 2365 2789 2415 τοῦ
2814 2365 2908 2437 ζῇν
2964 2362 3012 2415 οἱ
3067 2357 3329 2441 ἅνθρωποι
3386 2360 3575 2442 ἔνοχοι
3644 2362 3802 2442 ἦσαν,
3831 2364 3919 2418 καὶ

2271 2445 2543 2502 ὑπέκειντο
2589 2444 2737 2522 φόϐῳ
2809 2446 3067 2513 δουλείας.
3113 2448 3471 2508 Ἐδεδοικεσαν
3497 2453 3598 2530 γὰρ
3649 2453 3741 2507 τὸν
3770 2447 3918 2508 οὔπω

2270 2533 2665 2613 καταρῃθέντα
2723 2536 2966 2599 Θάνατον,
3044 2539 3142 2597 Καὶ
3218 2539 3384 2615 οὐδὲν,
3443 2541 3594 2619 φησὶ,
3640 2540 3761 2603 τοὺς
3813 2539 3915 2619 ἀρ-

2268 2622 2511 2702 τίφρονας
2542 2620 2705 2704 ἴσχυε
2756 2625 2944 2704 τέρψαι
3002 2627 3106 2683 τῶν
3169 2636 3262 2687 τοῦ
3313 2628 3426 2704 βίου
3492 2634 3751 2707 τερπνῶν,
3822 2634 3916 2684 τοῦ

2268 2707 2351 2766 διὰ
2416 2714 2507 2767 τὸν
2590 2714 2810 2770 θάνατον
2879 2713 3063 2793 φόϐου,
3125 2713 3275 2783 δίκην
3331 2716 3481 2792 ὠμοῦ
3530 2718 3617 2774 καὶ
3670 2716 3909 2784 ἀπηνοῦς

2265 2795 2547 2885 δεσπότου,
2617 2802 2965 2882 ἐφιστὰμενου
3033 2804 3122 2862 καὶ
3205 2800 3556 2885 ἂκφοϐοῦντος
3654 2805 3773 2867 τοὺς
3826 2804 3919 2864 ἐπὶ

2264 2892 2389 2963 γῆς.
2429 2913 2455 2943 α
2507 2879 2739 2969 "Evolat
2770 2893 2905 2958 ἦσαν
2933 2889 3187 2959 δουλείας.
3238 2916 3261 2948 ι
3287 2879 3657 2950 ’Ἔδεδοίκεσαν
3714 2895 3761 2950 οἱ
3802 2891 3901 2951 ἅν-

2263 2978 2464 3062 θρωποι
2512 2980 2603 3036 τὸν
2662 2980 2906 3055 Θάνατον,
2977 2982 3051 3045 ὡς
3134 2981 3317 3062 ἔνοχοι
3368 2985 3515 3045 ὄντες
3568 2987 3669 3050 τῆς
3724 2982 3909 3039 τούτου

542 3080 764 3147 tem,ut
791 3072 892 3153 qui
922 3068 1159 3131 obnoxii
1189 3074 1356 3129 erant
1384 3067 1651 3129 servituti
1678 3067 1884 3147 ipsius.
1918 3067 2181 3132 Servitus

2266 3060 2521 3130 δουλείας.
2584 3065 2799 3123 Δουλεία
2870 3064 2925 3123 δὲ
3008 3079 3101 3129 τοῦ
3181 3060 3403 3130 Θανάτου
3495 3072 3558 3128 τὸ
3628 3069 3903 3150 ἐνέχεσθαι

542 3170 740 3223 autem
765 3159 971 3221 mortis
1002 3165 1113 3231 est,
1147 3155 1401 3217 detineri
1419 3174 1487 3216 ac
1509 3156 1839 3235 subjectum
1874 3175 2004 3218 esse
2038 3177 2179 3237 pec-

541 3260 700 3314 cato.
737 3247 1045 3312 Fortitudo
1069 3245 1226 3307 enim
1250 3256 1309 3306 et
1330 3245 1570 3305 aculeus
1607 3245 1815 3308 mortis
1845 3255 1936 3306 est
1965 3264 2178 3325 pecca-

538 3344 841 3405 tum.Cum
876 3341 1035 3400 enim
1066 3335 1334 3396 Christus
1379 3352 1485 3394 sua
1530 3344 1721 3395 morte
1759 3334 2014 3396 abolevit
2042 3356 2174 3397 eum

536 3433 639 3508 qui
673 3428 883 3492 mortis
913 3425 1097 3490 robur
1127 3422 1401 3496 habebat,
1434 3424 1546 3484 hoc
1578 3431 1687 3502 est,
1723 3422 2045 3503 diabolum,
2079 3428 2174 3485 in-

534 3528 837 3583 ventorem
866 3536 934 3578 ac
964 3523 1268 3576 auctorem
1320 3512 1566 3593 peccati,
1613 3512 1825 3573 merito
1873 3512 2174 3576 imbecille

534 3608 785 3671 efﬁcitur
816 3613 1119 3687 peccatum
1161 3623 1174 3663 :
1205 3604 1343 3661 552
1392 3602 1602 3663 merito
1638 3600 1867 3662 liberati
1908 3621 2113 3666 sumus
2140 3623 2174 3665 a

532 3699 783 3759 sevitute
823 3714 937 3775 que
969 3703 1092 3755 erat
1123 3711 1192 3753 ex
1231 3690 1650 3753 invalescentia
1697 3691 1925 3769 ipsius:
1962 3693 2170 3753 merito

530 3785 703 3846 liberi
728 3784 923 3845 effecti
952 3799 1154 3842 sumus
1183 3800 1215 3840 a
1240 3781 1454 3841 timore
1485 3779 1583 3859 qui
1614 3798 1682 3839 ex
1718 3791 1906 3842 morte
1959 3799 2170 3859 proce-

531 3874 730 3936 debat.
756 3873 946 3952 Atque
970 3871 1028 3930 id
1056 3871 1113 3931 in
1150 3869 1293 3949 ipsis
1324 3886 1555 3948 quoque
1582 3868 1866 3947 operibus
1889 3870 2173 3949 contingit

529 3961 896 4040 perspicere.
947 3960 1093 4021 Nam
1126 3956 1225 4036 qui
1259 3964 1429 4017 antea
1456 3964 1730 4034 tanquam
1765 3957 2081 4018 maximum
2114 3968 2170 4019 et

524 4048 863 4109 inevitabile
888 4046 1105 4107 malum
1133 4044 1418 4105 timebant
1441 4063 1507 4104 ac
1528 4043 1864 4105 devilabant
1884 4055 2164 4119 mortem,

525 4137 598 4198 ad
624 4138 812 4218 ipsam
863 4154 1019 4197 nunc
1068 4133 1389 4213 gaudentes
1437 4132 1747 4203 accedunt,
1788 4143 2061 4213 tanquam
2095 4136 2167 4197 ad

527 4226 791 4287 melioris
841 4225 971 4285 vitae
1019 4222 1406 4285 mutationem
1458 4229 1516 4282 et
1569 4221 1896 4292 exordium,
1931 4225 2165 4301 quando

522 4333 629 4397 pro
694 4313 927 4377 Christo
976 4312 1278 4393 ipsiusque
1337 4307 1564 4388 legibus
1608 4327 1642 4369 a
1689 4310 2165 4385 persecutoribus

519 4404 848 4466 inducitur.
884 4406 977 4466 An
1012 4420 1129 4462 non
1182 4417 1323 4478 ergo
1375 4396 1685 4459 manifeste
1736 4397 2006 4459 liberavit
2057 4419 2163 4461 nos

521 4494 785 4555 Salvator
814 4511 847 4554 a
878 4492 1093 4553 timore
1143 4488 1347 4550 mortis
1399 4505 1468 4547 ac
1508 4486 1795 4547 servitute
1851 4504 1981 4566 quae
2022 4488 2161 4551 inde

518 4582 920 4663 procedebat?

597 4670 666 4731 ll.
690 4671 893 4733 16-18.
918 4670 1055 4735 Non
1081 4670 1240 4731 enim
1263 4666 1530 4729 videlicet
1558 4664 1803 4745 angelos
1832 4665 2163 4745 apprehen-

514 4761 736 4838 dit,sed
763 4778 969 4823 semen
1008 4758 1270 4821 Abrahae
1299 4755 1719 4837 apprehendit.
1760 4752 1927 4816 Unde
1953 4756 2164 4819 debuit

506 4868 620 4931 per
646 4850 849 4912 omnia
882 4847 1189 4927 fratribus
1215 4846 1440 4907 similis
1470 4844 1667 4914 reddi,
1714 4850 1779 4905 ut
1812 4844 2162 4907 misericors

512 4947 661 5002 esset
684 4939 883 5018 ﬁdelis
911 4936 1186 5017 pontifex
1223 4938 1289 4996 in
1348 4936 1442 4995 his
1473 4950 1605 5013 quae
1633 4932 1710 4994 ad
1740 4932 1927 4994 Deum
1959 4935 2163 5009 forent

509 5028 776 5108 agenda,
825 5027 906 5089 ad
951 5025 1323 5106 expiandum
1365 5030 1609 5102 peccata
1637 5021 1865 5101 populi.
1901 5020 2059 5082 Nam
2089 5040 2165 5083 ea:

508 5117 621 5178 hoc
644 5116 804 5196 quod
826 5115 944 5194 ipsi
972 5116 1223 5193 contigit
1260 5120 1552 5174 tentatum
1576 5127 1734 5185 esse,
1780 5117 1965 5189 potest
1990 5116 2048 5173 et
2077 5114 2155 5173 iis

509 5206 616 5282 qui
648 5212 963 5266 tentantur
986 5218 1375 5265 succurrere.

593 5316 616 5346 «
656 5290 772 5354 Sed
807 5311 1012 5353 semen
1045 5290 1296 5354 Abraha:
1337 5286 1751 5368 apprehendit.
1787 5310 1808 5343 ι
1846 5287 1991 5350 Cum
2020 5287 2103 5349 ait
2134 5308 2148 5349 :

506 5377 942 5458 Apprehendit,
975 5379 1270 5459 signiﬁcat
1298 5377 1456 5457 quod
1483 5394 1587 5436 ncs
1608 5375 1850 5456 quidem
1879 5376 2154 5439 homines

504 5473 701 5547 ipsum
738 5467 1133 5547 fugiebamus,
1167 5465 1433 5528 Christus
1473 5482 1611 5526 vero
1661 5464 2147 5545 persequebatur,

506 5565 567 5621 et
596 5550 1011 5638 persequendo
1038 5556 1250 5635 attigit,
1283 5574 1349 5618 ac
1402 5555 1699 5631 attingens
1730 5554 2147 5636 apprehendit.

2264 3154 2350 3210 καὶ
2402 3155 2713 3213 ὑποκεῖσθαι
2771 3162 2840 3233 τῇ
2894 3158 3144 3234 ἁμαρτίᾳ,
3203 3157 3383 3239 ’ἰσχὺς
3440 3160 3540 3238 γὰρ
3634 3160 3723 3215 καὶ
3777 3158 3905 3215 κέν-

2261 3263 2383 3319 τρον
2438 3251 2533 3301 τοῦ
2590 3245 2812 3303 Θανάτου
2877 3248 2911 3315 ἡ
2980 3248 3227 3326 ἁμαρτία.
3293 3249 3439 3307 Ἐπεὶ
3509 3248 3597 3305 οὖν
3666 3249 3695 3304 6
3767 3254 3905 3327 Χρι-

2261 3351 2385 3395 στος
2428 3330 2512 3389 διὰ
2540 3334 2783 3408 Θανάτου,
2856 3337 3163 3415 κατήργησε
3218 3338 3310 3393 τὸν
3364 3338 3426 3392 τὸ
3488 3337 3675 3415 κράτος
3745 3335 3904 3416 ἕχον-

2259 3440 2324 3475 τα
2349 3431 2440 3479 τοῦ
2479 3424 2721 3495 Θανάτου,
2756 3423 3014 3498 τουτέστι,
3073 3427 3162 3483 τὸν
3219 3422 3487 3502 διάϐολον,
3541 3424 3631 3482 τόν
3688 3425 3896 3503 εῦρετῆι

2256 3511 2344 3564 καὶ
2384 3510 2627 3590 ἀρχηγὸν
2669 3517 2767 3579 τῆς
2823 3513 3105 3592 ἁμαρτίας,
3160 3515 3375 3576 εἰκότως
3418 3514 3637 3583 ἀσθενὴς
3693 3516 3903 3592 γίνεταν

2254 3600 2289 3665 ἡ
2321 3600 2547 3677 ἁμαρτία
2594 3625 2599 3629 -
2682 3602 2898 3664 εἰκότως
2969 3601 3362 3682 ἀπηλλάγημεν
3417 3608 3516 3671 τῆς
3598 3605 3734 3660 κατὰ
3801 3603 3903 3670 τὴν

2255 3685 2587 3767 ἐπικράτειαν
2646 3691 2809 3757 αὐτῆς
2867 3688 3101 3757 δουλείας
3129 3711 3140 3726 ·
3207 3692 3423 3756 εἰκότως
3494 3690 3896 3769 ἠλευθερώμεθα

2254 3786 2347 3834 τοῦ
2376 3778 2509 3833 κατὰ
2535 3779 2627 3833 τὸν
2680 3779 2898 3836 θάνατον
2948 3777 3130 3861 φόϐου.
3198 3783 3296 3838 Καὶ
3352 3780 3461 3837 ἔστι
3529 3787 3683 3837 τοῦτο
3713 3781 3801 3836 καὶ
3843 3778 3898 3836 ἐν

2253 3867 2434 3928 αὐτοῖς
2462 3880 2581 3929 τοῖς
2639 3864 2811 3946 ἔργοις
2868 3870 3048 3949 σαφῶς
3119 3867 3375 3931 κατιδεῖν,
3411 3872 3471 3927 Οἱ
3524 3869 3623 3948 γὰρ
3673 3869 3792 3948 πρὶν
3822 3870 3896 3932 ὡς

2251 3952 2500 4031 μέγιστον
2580 3957 2745 4011 κακὸν
2825 3959 2910 4014 καὶ
2985 3955 3376 4037 ἀνυπέρϐλητον
3456 3954 3766 4038 φοϐούμενοί
3835 3978 3891 4013 τε

2250 4062 2338 4096 και
2395 4041 2811 4121 ἀποτρεπόμενοι
2866 4046 2956 4101 τὸν
3052 4047 3294 4122 Θάνατον,
3353 4052 3441 4104 νῦν
3497 4047 3571 4110 ὡς
3627 4045 3890 4121 βελτίονος

2249 4132 2362 4207 βιου
2415 4131 2706 4208 μεταϐολὸν
2741 4137 2828 4192 καὶ
2883 4138 3181 4214 προοίμιον,
3231 4139 3507 4218 χαίροντες
3576 4139 3706 4215 πρὸς
3735 4139 3890 4195 αὐτὸν

2250 4228 2539 4302 χωροῦσιν,
2584 4222 2707 4281 ὅταν
2763 4225 2891 4303 ὑπὲρ
2959 4233 3184 4306 Χριστοῦ
3237 4228 3323 4283 καὶ
3374 4233 3481 4283 τῶν
3530 4227 3686 4283 αὐτοῦ
3714 4228 3889 4303 νόμων

2248 4312 2388 4396 παρᾷ
2437 4316 2542 4366 τῶν
2599 4309 2895 4370 διωκόντων
2950 4313 3239 4394 ὲπάγηται.
3302 4310 3430 4395 Ἆρα
3483 4317 3544 4372 οὐ
3584 4322 3887 4396 περιφανῶς

2186 4371 2229 4421 D
2248 4371 2545 4466 ἁπίήλλαξεν
2575 4401 2718 4476 ἡμᾶς
2749 4404 2776 4458 6
2805 4404 2993 4483 Σωτῆρ
3022 4371 3303 4461 τόῦγκατὰ
3451 4371 3671 4461 θάνατον

2244 4487 2331 4541 καὶ
2360 4491 2461 4554 τῆς
2485 4485 2687 4547 ἐκεῖθεν
2716 4487 2950 4555 δουλείας
2983 4510 3000 4572 ς

2332 4682 2359 4723 ε
2421 4664 2492 4722 Οὔ
2549 4667 2649 4745 γὰρ
2700 4664 2868 4738 δήπου
2940 4667 3181 4748 ἀγγέλων
3256 4668 3691 4747 ἐπιλαμϐάνεται.
3749 4669 3888 4728 ἀλλά

2244 4752 2544 4841 σπέρματος
2601 4752 2844 4835 Ἀϐραὰμ
2939 4755 3373 4835 ἐπιλαμϐάνεται.
3477 4750 3493 4771 ’
3514 4762 3641 4817 Οθεν
3715 4758 3886 4841 ὤφει-

2244 4840 2303 4898 λε
2332 4843 2466 4898 κατὰ
2494 4844 2666 4900 πάντα
2693 4858 2810 4903 τοῖς
2840 4843 3088 4927 ἀδελφοῖς
3120 4847 3468 4923 ὁμοιωθῆναι,
3512 4846 3606 4904 ἵνα
3636 4840 3883 4923 ἐλεήμων

2242 4930 2459 5008 γένηται
2488 4935 2575 4988 καὶ
2603 4935 2787 4999 πιστὸς
2817 4934 3093 5015 ἀρχιερεὺς
3161 4938 3226 4992 τὰ
3295 4939 3425 5015 πρὸς
3477 4937 3567 4993 τὸν
3624 4939 3774 5013 Θεὸν,
3808 4938 3883 5000 εἰς

2241 5020 2302 5073 τὸ
2358 5016 2657 5075 ἱλάσκεσθαι
2712 5023 2802 5087 τὰς
2853 5024 3108 5103 ἁμαρτίας
3161 5032 3254 5083 τοῦ
3326 5022 3478 5085 λαοῦ.
3534 5024 3625 5083 Ἐν
3681 5027 3728 5099 ᾧ
3780 5025 3882 5103 γὰρ

2241 5105 2494 5164 πέπονθεν
2523 5111 2676 5175 αὐτὸς
2694 5113 3010 5189 πειρασθεὶς,
3044 5110 3254 5169 δύναται
3311 5127 3430 5178 τοῖς
3476 5113 3875 5193 πειραζομένοις

2232 5196 2515 5272 βοηθῆσαι.
2570 5218 2594 5253 ιι

2321 5309 2348 5341 α
2381 5284 2549 5344 Ἀλλὰ
2570 5287 2868 5368 σπέρματος
2932 5287 3172 5371 Ἀϐραὰμ
3239 5289 3678 5368 ἐπιλαμϐάνεται.
3728 5314 3755 5350 ι
3804 5294 3878 5353 Τὸ

2235 5372 2689 5449 Ἐπιλαμϐάνεται
2715 5375 2899 5456 δηλοῖ,
2933 5377 3013 5436 ὅτι
3042 5381 3207 5457 ἡμεῖς
3236 5381 3335 5457 μὲν
3392 5382 3547 5440 αὐτὸν
3588 5379 3877 5461 ἰφεύγομεν

2234 5467 2281 5520 o':
2312 5461 2594 5544 ἅνθρωποι,
2626 5468 2654 5522 ὁ
2697 5463 2752 5522 δὲ
2809 5470 3030 5547 Χριστὸς
3083 5467 3284 5547 ἐδίωκε,
3344 5471 3433 5528 καὶ
3474 5467 3679 5527 διώκων
3708 5468 3873 5551 ἔφθα-

2234 5575 2291 5612 σε
2343 5555 2431 5610 καὶ
2501 5555 2699 5635 φθάσας
2778 5554 3086 5619 ἐπελάϐετο.
3184 5563 3291 5619 Οὐκ
3372 5557 3611 5639 ἀγγέλων
3667 5560 3871 5640 φύσεως
