  <div class='ocr_page' id='page_1' title='image "/cluster/home/n/w/nwhite01/storage/ocr_20150623/119/hvd.32044073502494/158.png"; bbox 0 0 4152 6216; ppageno 0'>
   <div class='ocr_carea' id='block_1_1' title="bbox 300 254 411 321">
    <p class='ocr_par' dir='ltr' id='par_1_1' title="bbox 300 254 411 321">
     <span class='ocr_line' id='line_1_1' title="bbox 300 254 411 321; baseline 0 0"><span class='ocrx_word' id='word_1_1' title='bbox 300 254 411 321; x_wconf 71' lang='lat'><strong>301</strong></span> 
     </span>
    </p>
   </div>
   <div class='ocr_carea' id='block_1_2' title="bbox 1403 255 2629 326">
    <p class='ocr_par' dir='ltr' id='par_1_2' title="bbox 1403 255 2629 326">
     <span class='ocr_line' id='line_1_2' title="bbox 1403 255 2629 326; baseline -0.007 0"><span class='ocrx_word' id='word_1_2' title='bbox 1403 261 1798 326; x_wconf 86' lang='lat' dir='ltr'><strong>COMMENT.</strong></span> <span class='ocrx_word' id='word_1_3' title='bbox 1845 259 1930 321; x_wconf 94' lang='lat' dir='ltr'><strong>IN</strong></span> <span class='ocrx_word' id='word_1_4' title='bbox 1974 255 2217 319; x_wconf 88' lang='lat' dir='ltr'><strong>EPIST.</strong></span> <span class='ocrx_word' id='word_1_5' title='bbox 2263 257 2362 319; x_wconf 86' lang='lat' dir='ltr'><strong>AD</strong></span> <span class='ocrx_word' id='word_1_6' title='bbox 2398 258 2629 320; x_wconf 86' lang='lat' dir='ltr'><strong>HEBR.</strong></span> 
     </span>
    </p>
   </div>
   <div class='ocr_carea' id='block_1_3' title="bbox 3561 253 3682 325">
    <p class='ocr_par' dir='ltr' id='par_1_3' title="bbox 3561 253 3682 325">
     <span class='ocr_line' id='line_1_3' title="bbox 3561 253 3682 325; baseline -0.033 0"><span class='ocrx_word' id='word_1_7' title='bbox 3561 253 3682 325; x_wconf 75' lang='lat'><strong>302</strong></span> 
     </span>
    </p>
   </div>
   <div class='ocr_carea' id='block_1_4' title="bbox 301 387 1940 479">
    <p class='ocr_par' dir='ltr' id='par_1_4' title="bbox 301 387 1940 479">
     <span class='ocr_line' id='line_1_4' title="bbox 301 387 1940 479; baseline -0.001 -29"><span class='ocrx_word' id='word_1_8' title='bbox 301 387 554 479; x_wconf 67' lang='grc' dir='ltr'>ἐδράξατο</span> <span class='ocrx_word' id='word_1_9' title='bbox 585 392 701 454; x_wconf 75' lang='grc' dir='ltr'>οὐδὲ</span> <span class='ocrx_word' id='word_1_10' title='bbox 756 391 1032 470; x_wconf 79' lang='grc' dir='ltr'>ἀνέλαϐεν,</span> <span class='ocrx_word' id='word_1_11' title='bbox 1106 393 1224 451; x_wconf 81' lang='grc' dir='ltr'>ἀλλ’</span> <span class='ocrx_word' id='word_1_12' title='bbox 1279 394 1629 474; x_wconf 84' lang='grc' dir='ltr'>ἀνθρωπίνης.</span> <span class='ocrx_word' id='word_1_13' title='bbox 1690 393 1828 451; x_wconf 70' lang='grc' dir='ltr'>Εἶτα</span> <span class='ocrx_word' id='word_1_14' title='bbox 1857 393 1940 450; x_wconf 77' lang='grc' dir='ltr'>καὶ</span> 
     </span>
    </p>
   </div>
   <div class='ocr_carea' id='block_1_5' title="bbox 2023 387 3678 479">
    <p class='ocr_par' dir='ltr' id='par_1_5' title="bbox 2028 390 3678 479">
     <span class='ocr_line' id='line_1_5' title="bbox 2028 390 3678 479; baseline 0.005 -28"><span class='ocrx_word' id='word_1_15' title='bbox 2028 391 2160 479; x_wconf 85' lang='lat' dir='ltr'><strong>Non</strong></span> <span class='ocrx_word' id='word_1_16' title='bbox 2189 392 2517 469; x_wconf 83' lang='lat' dir='ltr'><strong>angelicam</strong></span> <span class='ocrx_word' id='word_1_17' title='bbox 2547 399 2816 454; x_wconf 90' lang='lat' dir='ltr'><strong>naturam</strong></span> <span class='ocrx_word' id='word_1_18' title='bbox 2847 390 3247 472; x_wconf 83' lang='lat' dir='ltr'><strong>apprehendit</strong></span> <span class='ocrx_word' id='word_1_19' title='bbox 3275 398 3381 457; x_wconf 83' lang='lat' dir='ltr'><strong>aut</strong></span> <span class='ocrx_word' id='word_1_20' title='bbox 3407 412 3678 479; x_wconf 90' lang='lat' dir='ltr'><strong>assump—</strong></span> 
     </span>
    </p>
   </div>
   <div class='ocr_carea' id='block_1_6' title="bbox 303 478 1948 563">
    <p class='ocr_par' dir='ltr' id='par_1_6' title="bbox 303 478 1948 563">
     <span class='ocr_line' id='line_1_6' title="bbox 303 478 1948 563; baseline -0.005 -18"><span class='ocrx_word' id='word_1_21' title='bbox 303 478 357 545; x_wconf 65' lang='grc' dir='ltr'>ἒξ</span> <span class='ocrx_word' id='word_1_22' title='bbox 390 478 554 539; x_wconf 74' lang='grc' dir='ltr'>Ἰούδα</span> <span class='ocrx_word' id='word_1_23' title='bbox 596 484 657 540; x_wconf 82' lang='grc' dir='ltr'><strong>τὸ</strong></span> <span class='ocrx_word' id='word_1_24' title='bbox 696 484 834 541; x_wconf 77' lang='grc' dir='ltr'>κατὰ</span> <span class='ocrx_word' id='word_1_25' title='bbox 874 485 1040 563; x_wconf 80' lang='grc' dir='ltr'>σάρκα</span> <span class='ocrx_word' id='word_1_26' title='bbox 1065 486 1095 541; x_wconf 99' lang='lat'><strong>6</strong></span> <span class='ocrx_word' id='word_1_27' title='bbox 1138 484 1360 563; x_wconf 76' lang='grc' dir='ltr'>Χριστὸς</span> <span class='ocrx_word' id='word_1_28' title='bbox 1418 489 1655 558; x_wconf 80' lang='grc' dir='ltr'><strong>σημᾶναι</strong></span> <span class='ocrx_word' id='word_1_29' title='bbox 1685 481 1948 559; x_wconf 87' lang='grc' dir='ltr'>βουλόμε-</span> 
     </span>
    </p>
   </div>
   <div class='ocr_carea' id='block_1_7' title="bbox 304 561 1949 653">
    <p class='ocr_par' dir='ltr' id='par_1_7' title="bbox 304 561 1949 653">
     <span class='ocr_line' id='line_1_7' title="bbox 304 561 1949 653; baseline -0.002 -25"><span class='ocrx_word' id='word_1_30' title='bbox 304 592 422 651; x_wconf 83' lang='grc' dir='ltr'>νος,</span> <span class='ocrx_word' id='word_1_31' title='bbox 444 570 606 650; x_wconf 70' lang='grc' dir='ltr'>φησὶ,</span> <span class='ocrx_word' id='word_1_32' title='bbox 632 561 1226 653; x_wconf 78' lang='grc' dir='ltr'>ΣπέρματοςἈϐραάμ,</span> <span class='ocrx_word' id='word_1_33' title='bbox 1266 561 1467 630; x_wconf 79' lang='grc' dir='ltr'>«”Ὀθεν</span> <span class='ocrx_word' id='word_1_34' title='bbox 1485 571 1700 651; x_wconf 78' lang='grc' dir='ltr'>ὤφειλε.</span> <span class='ocrx_word' id='word_1_35' title='bbox 1717 594 1738 627; x_wconf 73' lang='grc' dir='ltr'><strong>ι</strong></span> <span class='ocrx_word' id='word_1_36' title='bbox 1769 573 1897 629; x_wconf 86' lang='grc' dir='ltr'>Ἐπε</span> <span class='ocrx_word' id='word_1_37' title='bbox 1910 594 1949 626; x_wconf 89' lang='grc' dir='ltr'>ι-</span> 
     </span>
    </p>
   </div>
   <div class='ocr_carea' id='block_1_8' title="bbox 303 655 1951 736">
    <p class='ocr_par' dir='ltr' id='par_1_8' title="bbox 303 655 1951 736">
     <span class='ocr_line' id='line_1_8' title="bbox 303 655 1951 736; baseline -0.001 -20"><span class='ocrx_word' id='word_1_38' title='bbox 303 655 373 727; x_wconf 75' lang='grc' dir='ltr'>δὴ</span> <span class='ocrx_word' id='word_1_39' title='bbox 417 657 556 723; x_wconf 80' lang='grc' dir='ltr'>ὅλως</span> <span class='ocrx_word' id='word_1_40' title='bbox 598 659 936 719; x_wconf 77' lang='grc' dir='ltr'>ἐπιλαϐέσθαι</span> <span class='ocrx_word' id='word_1_41' title='bbox 980 660 1192 736; x_wconf 77' lang='grc' dir='ltr'>ἠξίωσε,</span> <span class='ocrx_word' id='word_1_42' title='bbox 1247 662 1434 721; x_wconf 81' lang='grc' dir='ltr'>τούτου</span> <span class='ocrx_word' id='word_1_43' title='bbox 1490 660 1676 719; x_wconf 80' lang='grc' dir='ltr'>λοιπὸν</span> <span class='ocrx_word' id='word_1_44' title='bbox 1714 661 1851 717; x_wconf 81' lang='grc' dir='ltr'>κατὰ</span> <span class='ocrx_word' id='word_1_45' title='bbox 1890 660 1951 716; x_wconf 84' lang='grc' dir='ltr'><strong>τὸ</strong></span> 
     </span>
    </p>
   </div>
   <div class='ocr_carea' id='block_1_9' title="bbox 301 746 1951 831">
    <p class='ocr_par' dir='ltr' id='par_1_9' title="bbox 301 746 1951 831">
     <span class='ocr_line' id='line_1_9' title="bbox 301 746 1951 831; baseline -0.001 -26"><span class='ocrx_word' id='word_1_46' title='bbox 301 746 611 822; x_wconf 70' lang='grc' dir='ltr'>ἀκόλουθον,</span> <span class='ocrx_word' id='word_1_47' title='bbox 646 748 839 831; x_wconf 77' lang='grc' dir='ltr'>ὤφειλε</span> <span class='ocrx_word' id='word_1_48' title='bbox 867 751 1004 808; x_wconf 79' lang='grc' dir='ltr'>κατὰ</span> <span class='ocrx_word' id='word_1_49' title='bbox 1024 752 1197 809; x_wconf 81' lang='grc' dir='ltr'>πάντα</span> <span class='ocrx_word' id='word_1_50' title='bbox 1227 753 1582 826; x_wconf 81' lang='grc' dir='ltr'>ὁμοιοωθῆναι</span> <span class='ocrx_word' id='word_1_51' title='bbox 1611 762 1727 814; x_wconf 79' lang='grc' dir='ltr'>τοῖς</span> <span class='ocrx_word' id='word_1_52' title='bbox 1758 748 1951 825; x_wconf 81' lang='grc' dir='ltr'><strong>ἀνθρώ⁴</strong></span> 
     </span>
    </p>
   </div>
   <div class='ocr_carea' id='block_1_10' title="bbox 301 836 1948 920">
    <p class='ocr_par' dir='ltr' id='par_1_10' title="bbox 301 836 1948 920">
     <span class='ocr_line' id='line_1_10' title="bbox 301 836 1948 920; baseline 0 -29"><span class='ocrx_word' id='word_1_53' title='bbox 301 857 450 899; x_wconf 82' lang='grc' dir='ltr'>ποις.</span> <span class='ocrx_word' id='word_1_54' title='bbox 485 838 584 895; x_wconf 78' lang='grc' dir='ltr'><strong>Καὶ</strong></span> <span class='ocrx_word' id='word_1_55' title='bbox 753 838 1028 917; x_wconf 82' lang='grc' dir='ltr'>ἐγεννήθη,</span> <span class='ocrx_word' id='word_1_56' title='bbox 1078 841 1166 896; x_wconf 87' lang='grc' dir='ltr'>καὶ</span> <span class='ocrx_word' id='word_1_57' title='bbox 1216 837 1443 920; x_wconf 60' lang='grc' dir='ltr'>ηὸξήθη,</span> <span class='ocrx_word' id='word_1_58' title='bbox 1503 837 1719 920; x_wconf 73' lang='grc' dir='ltr'>ἔφαγεν,</span> <span class='ocrx_word' id='word_1_59' title='bbox 1778 836 1948 908; x_wconf 75' lang='grc' dir='ltr'>ἔπιεν,</span> 
     </span>
    </p>
   </div>
   <div class='ocr_carea' id='block_1_11' title="bbox 296 918 1945 1006">
    <p class='ocr_par' dir='ltr' id='par_1_11' title="bbox 296 918 1945 1006">
     <span class='ocr_line' id='line_1_11' title="bbox 296 918 1945 1006; baseline 0.002 -25"><span class='ocrx_word' id='word_1_60' title='bbox 296 923 560 998; x_wconf 74' lang='grc' dir='ltr'>ὕπνωσεν,</span> <span class='ocrx_word' id='word_1_61' title='bbox 608 925 884 1002; x_wconf 80' lang='grc' dir='ltr'>ἀπέθανεν,</span> <span class='ocrx_word' id='word_1_62' title='bbox 916 927 1133 995; x_wconf 80' lang='grc' dir='ltr'><strong>ἀνέστη.</strong></span> <span class='ocrx_word' id='word_1_63' title='bbox 1174 952 1203 983; x_wconf 77' lang='grc' dir='ltr'><strong>α</strong></span> <span class='ocrx_word' id='word_1_64' title='bbox 1237 918 1360 985; x_wconf 58' lang='grc' dir='ltr'><strong>ιἸνα</strong></span> <span class='ocrx_word' id='word_1_65' title='bbox 1392 918 1638 1003; x_wconf 85' lang='grc' dir='ltr'>ἐλεήμων</span> <span class='ocrx_word' id='word_1_66' title='bbox 1665 926 1945 1006; x_wconf 74' lang='grc' dir='ltr'>γένηται.)</span> 
     </span>
    </p>
   </div>
   <div class='ocr_carea' id='block_1_12' title="bbox 299 1013 1948 1098">
    <p class='ocr_par' dir='ltr' id='par_1_12' title="bbox 299 1013 1948 1098">
     <span class='ocr_line' id='line_1_12' title="bbox 299 1013 1948 1098; baseline 0.001 -28"><span class='ocrx_word' id='word_1_67' title='bbox 299 1021 478 1071; x_wconf 79' lang='grc' dir='ltr'>Ταῦτα</span> <span class='ocrx_word' id='word_1_68' title='bbox 519 1013 573 1071; x_wconf 78' lang='grc' dir='ltr'><strong>δὲ</strong></span> <span class='ocrx_word' id='word_1_69' title='bbox 611 1017 804 1091; x_wconf 77' lang='grc' dir='ltr'>πάντα,</span> <span class='ocrx_word' id='word_1_70' title='bbox 867 1019 1048 1098; x_wconf 75' lang='grc' dir='ltr'>φησὶν,</span> <span class='ocrx_word' id='word_1_71' title='bbox 1104 1017 1420 1093; x_wconf 85' lang='grc' dir='ltr'>ᾠκονόμησε</span> <span class='ocrx_word' id='word_1_72' title='bbox 1487 1014 1607 1074; x_wconf 85' lang='grc' dir='ltr'>κατ’</span> <span class='ocrx_word' id='word_1_73' title='bbox 1676 1013 1807 1075; x_wconf 78' lang='grc' dir='ltr'>ἄλλο</span> <span class='ocrx_word' id='word_1_74' title='bbox 1851 1016 1948 1090; x_wconf 78' lang='grc' dir='ltr'>μὲν</span> 
     </span>
    </p>
   </div>
   <div class='ocr_carea' id='block_1_13' title="bbox 302 1102 1951 1184">
    <p class='ocr_par' dir='ltr' id='par_1_13' title="bbox 302 1102 1951 1184">
     <span class='ocr_line' id='line_1_13' title="bbox 302 1102 1951 1184; baseline -0.001 -23"><span class='ocrx_word' id='word_1_75' title='bbox 302 1102 477 1178; x_wconf 72' lang='grc' dir='ltr'>οὗδὲν,</span> <span class='ocrx_word' id='word_1_76' title='bbox 521 1104 558 1173; x_wconf 80' lang='grc' dir='ltr'><strong>ἢ</strong></span> <span class='ocrx_word' id='word_1_77' title='bbox 584 1104 677 1162; x_wconf 78' lang='grc' dir='ltr'><strong>ἵνα</strong></span> <span class='ocrx_word' id='word_1_78' title='bbox 707 1104 905 1183; x_wconf 76' lang='grc' dir='ltr'>ἐλεήσῃ</span> <span class='ocrx_word' id='word_1_79' title='bbox 933 1108 1053 1170; x_wconf 82' lang='grc' dir='ltr'>τοὺς</span> <span class='ocrx_word' id='word_1_80' title='bbox 1097 1106 1183 1162; x_wconf 81' lang='grc' dir='ltr'>ἐπὶ</span> <span class='ocrx_word' id='word_1_81' title='bbox 1239 1111 1361 1184; x_wconf 77' lang='grc' dir='ltr'>γῆς,</span> <span class='ocrx_word' id='word_1_82' title='bbox 1429 1108 1517 1163; x_wconf 83' lang='grc' dir='ltr'><strong>καὶ</strong></span> <span class='ocrx_word' id='word_1_83' title='bbox 1586 1104 1848 1182; x_wconf 78' lang='grc' dir='ltr'>ἀνελκύσῃ</span> <span class='ocrx_word' id='word_1_84' title='bbox 1892 1104 1951 1160; x_wconf 81' lang='grc' dir='ltr'><strong>ἐκ</strong></span> 
     </span>
    </p>
   </div>
   <div class='ocr_carea' id='block_1_14' title="bbox 297 1194 1938 1275">
    <p class='ocr_par' dir='ltr' id='par_1_14' title="bbox 297 1194 1938 1275">
     <span class='ocr_line' id='line_1_14' title="bbox 297 1194 1938 1275; baseline -0.001 -26"><span class='ocrx_word' id='word_1_85' title='bbox 297 1200 396 1249; x_wconf 78' lang='grc' dir='ltr'>τοῦ</span> <span class='ocrx_word' id='word_1_86' title='bbox 421 1194 734 1275; x_wconf 79' lang='grc' dir='ltr'>πτώματος.</span> <span class='ocrx_word' id='word_1_87' title='bbox 826 1214 855 1253; x_wconf 71' lang='grc' dir='ltr'>ι</span> <span class='ocrx_word' id='word_1_88' title='bbox 887 1197 985 1253; x_wconf 78' lang='grc' dir='ltr'><strong>Καὶ</strong></span> <span class='ocrx_word' id='word_1_89' title='bbox 1040 1196 1226 1259; x_wconf 87' lang='grc' dir='ltr'>πιστὸς</span> <span class='ocrx_word' id='word_1_90' title='bbox 1282 1194 1579 1275; x_wconf 83' lang='grc' dir='ltr'>ἀρχιερεύς,</span> <span class='ocrx_word' id='word_1_91' title='bbox 1606 1217 1646 1249; x_wconf 67' lang='grc' dir='ltr'><strong>ο»</strong></span> <span class='ocrx_word' id='word_1_92' title='bbox 1721 1195 1938 1268; x_wconf 84' lang='grc' dir='ltr'>Πιστὸς,</span> 
     </span>
    </p>
   </div>
   <div class='ocr_carea' id='block_1_15' title="bbox 299 1272 1949 1362">
    <p class='ocr_par' dir='ltr' id='par_1_15' title="bbox 299 1272 1949 1362">
     <span class='ocr_line' id='line_1_15' title="bbox 299 1272 1949 1362; baseline -0.001 -24"><span class='ocrx_word' id='word_1_93' title='bbox 299 1281 533 1350; x_wconf 73' lang='grc' dir='ltr'>ἀληθὴς.</span> <span class='ocrx_word' id='word_1_94' title='bbox 562 1272 731 1341; x_wconf 70' lang='grc' dir='ltr'><strong>υ[διον</strong></span> <span class='ocrx_word' id='word_1_95' title='bbox 783 1284 882 1361; x_wconf 80' lang='grc' dir='ltr'><strong>γὰρ</strong></span> <span class='ocrx_word' id='word_1_96' title='bbox 930 1285 1023 1339; x_wconf 77' lang='grc' dir='ltr'><strong>τοῦ</strong></span> <span class='ocrx_word' id='word_1_97' title='bbox 1089 1281 1254 1349; x_wconf 79' lang='grc' dir='ltr'>ὅντως</span> <span class='ocrx_word' id='word_1_98' title='bbox 1320 1272 1411 1339; x_wconf 79' lang='grc' dir='ltr'><strong>καὶ</strong></span> <span class='ocrx_word' id='word_1_99' title='bbox 1444 1272 1449 1273; x_wconf 19' lang='grc'><strong><em>⁷</em></strong></span> <span class='ocrx_word' id='word_1_100' title='bbox 1480 1282 1692 1349; x_wconf 84' lang='grc' dir='ltr'>ἀληθῶς</span> <span class='ocrx_word' id='word_1_101' title='bbox 1752 1282 1949 1362; x_wconf 86' lang='grc' dir='ltr'>ἀρχιε-</span> 
     </span>
    </p>
   </div>
   <div class='ocr_carea' id='block_1_16' title="bbox 296 1369 1949 1452">
    <p class='ocr_par' dir='ltr' id='par_1_16' title="bbox 296 1369 1949 1452">
     <span class='ocr_line' id='line_1_16' title="bbox 296 1369 1949 1452; baseline -0.001 -25"><span class='ocrx_word' id='word_1_102' title='bbox 296 1370 433 1450; x_wconf 86' lang='grc' dir='ltr'>ρέως</span> <span class='ocrx_word' id='word_1_103' title='bbox 489 1372 611 1436; x_wconf 83' lang='grc' dir='ltr'>τοὺς</span> <span class='ocrx_word' id='word_1_104' title='bbox 694 1375 768 1452; x_wconf 72' lang='grc' dir='ltr'>ὢν</span> <span class='ocrx_word' id='word_1_105' title='bbox 861 1371 998 1428; x_wconf 85' lang='grc' dir='ltr'>ἐστιν</span> <span class='ocrx_word' id='word_1_106' title='bbox 1094 1372 1390 1452; x_wconf 79' lang='grc' dir='ltr'>ἀρχιερεὺς,</span> <span class='ocrx_word' id='word_1_107' title='bbox 1484 1369 1784 1436; x_wconf 79' lang='grc' dir='ltr'>ἀπαλλάξαι</span> <span class='ocrx_word' id='word_1_108' title='bbox 1839 1372 1949 1426; x_wconf 79' lang='grc' dir='ltr'>τῶν</span> 
     </span>
    </p>
   </div>
   <div class='ocr_carea' id='block_1_17' title="bbox 299 1450 1949 1540">
    <p class='ocr_par' dir='ltr' id='par_1_17' title="bbox 299 1450 1949 1540">
     <span class='ocr_line' id='line_1_17' title="bbox 299 1450 1949 1540; baseline 0 -26"><span class='ocrx_word' id='word_1_109' title='bbox 299 1462 598 1540; x_wconf 75' lang='grc' dir='ltr'>ἁμαρτιῶν.</span> <span class='ocrx_word' id='word_1_110' title='bbox 675 1450 797 1518; x_wconf 57' lang='lat' dir='ltr'><strong>ulva</strong></span> <span class='ocrx_word' id='word_1_111' title='bbox 859 1463 948 1517; x_wconf 77' lang='grc' dir='ltr'>οὖν</span> <span class='ocrx_word' id='word_1_112' title='bbox 1016 1450 1346 1539; x_wconf 63' lang='grc' dir='ltr'>προσενέγκῃ</span> <span class='ocrx_word' id='word_1_113' title='bbox 1418 1460 1595 1518; x_wconf 79' lang='grc' dir='ltr'>θυσίαν</span> <span class='ocrx_word' id='word_1_114' title='bbox 1653 1457 1949 1534; x_wconf 81' lang='grc' dir='ltr'>δυναμένην</span> 
     </span>
    </p>
   </div>
   <div class='ocr_carea' id='block_1_18' title="bbox 296 1549 1947 1629">
    <p class='ocr_par' dir='ltr' id='par_1_18' title="bbox 296 1549 1947 1629">
     <span class='ocr_line' id='line_1_18' title="bbox 296 1549 1947 1629; baseline -0.001 -22"><span class='ocrx_word' id='word_1_115' title='bbox 296 1550 446 1622; x_wconf 74' lang='grc' dir='ltr'>ἡμᾶς</span> <span class='ocrx_word' id='word_1_116' title='bbox 474 1550 769 1629; x_wconf 80' lang='grc' dir='ltr'>καθαρίσαι,</span> <span class='ocrx_word' id='word_1_117' title='bbox 814 1549 1029 1627; x_wconf 83' lang='grc' dir='ltr'>γέγονεν</span> <span class='ocrx_word' id='word_1_118' title='bbox 1084 1550 1352 1628; x_wconf 80' lang='grc' dir='ltr'>ἄνθρωπος</span> <span class='ocrx_word' id='word_1_119' title='bbox 1408 1551 1496 1605; x_wconf 87' lang='grc' dir='ltr'><strong>καὶ</strong></span> <span class='ocrx_word' id='word_1_120' title='bbox 1553 1550 1738 1605; x_wconf 79' lang='grc' dir='ltr'>ἑαυτὸν</span> <span class='ocrx_word' id='word_1_121' title='bbox 1775 1570 1947 1626; x_wconf 89' lang='grc' dir='ltr'>προσ-</span> 
     </span>
    </p>
   </div>
   <div class='ocr_carea' id='block_1_19' title="bbox 2033 477 3678 564">
    <p class='ocr_par' dir='ltr' id='par_1_19' title="bbox 2033 477 3678 564">
     <span class='ocr_line' id='line_1_19' title="bbox 2033 477 3678 564; baseline 0.005 -25"><span class='ocrx_word' id='word_1_122' title='bbox 2033 477 2128 554; x_wconf 87' lang='lat' dir='ltr'><strong>sit,</strong></span> <span class='ocrx_word' id='word_1_123' title='bbox 2157 480 2261 541; x_wconf 89' lang='lat' dir='ltr'><strong>sed</strong></span> <span class='ocrx_word' id='word_1_124' title='bbox 2294 478 2876 544; x_wconf 90' lang='lat' dir='ltr'><strong>bumanam.Deinde</strong></span> <span class='ocrx_word' id='word_1_125' title='bbox 2907 479 3085 542; x_wconf 90' lang='lat' dir='ltr'><strong>etiam</strong></span> <span class='ocrx_word' id='word_1_126' title='bbox 3109 480 3447 564; x_wconf 82' lang='lat' dir='ltr'><strong>signiﬁcare</strong></span> <span class='ocrx_word' id='word_1_127' title='bbox 3475 477 3678 550; x_wconf 83' lang='lat' dir='ltr'><strong>volens</strong></span> 
     </span>
    </p>
   </div>
   <div class='ocr_carea' id='block_1_20' title="bbox 2032 567 3677 651">
    <p class='ocr_par' dir='ltr' id='par_1_20' title="bbox 2032 567 3677 651">
     <span class='ocr_line' id='line_1_20' title="bbox 2032 567 3677 651; baseline 0.006 -22"><span class='ocrx_word' id='word_1_128' title='bbox 2032 567 2334 631; x_wconf 75' lang='lat' dir='ltr'><strong>Christum</strong></span> <span class='ocrx_word' id='word_1_129' title='bbox 2392 588 2463 631; x_wconf 83' lang='lat' dir='ltr'><strong>ex</strong></span> <span class='ocrx_word' id='word_1_130' title='bbox 2514 569 2669 633; x_wconf 89' lang='lat' dir='ltr'><strong>Juda</strong></span> <span class='ocrx_word' id='word_1_131' title='bbox 2704 567 3100 650; x_wconf 83' lang='lat' dir='ltr'><strong>assumpsisse</strong></span> <span class='ocrx_word' id='word_1_132' title='bbox 3155 571 3315 651; x_wconf 90' lang='lat' dir='ltr'><strong>quod</strong></span> <span class='ocrx_word' id='word_1_133' title='bbox 3347 576 3677 639; x_wconf 86' lang='lat' dir='ltr'><strong>secundum</strong></span> 
     </span>
    </p>
   </div>
   <div class='ocr_carea' id='block_1_21' title="bbox 2032 657 3677 733">
    <p class='ocr_par' dir='ltr' id='par_1_21' title="bbox 2032 657 3677 733">
     <span class='ocr_line' id='line_1_21' title="bbox 2032 657 3677 733; baseline 0.009 -17"><span class='ocrx_word' id='word_1_134' title='bbox 2032 674 2273 719; x_wconf 88' lang='lat' dir='ltr'><strong>carnem</strong></span> <span class='ocrx_word' id='word_1_135' title='bbox 2322 658 2606 733; x_wconf 85' lang='lat' dir='ltr'><strong>habebat,</strong></span> <span class='ocrx_word' id='word_1_136' title='bbox 2652 657 2732 719; x_wconf 95' lang='lat' dir='ltr'><strong>ait</strong></span> <span class='ocrx_word' id='word_1_137' title='bbox 2778 677 2791 721; x_wconf 91' lang='lat'>:</span> <span class='ocrx_word' id='word_1_138' title='bbox 2844 660 3062 722; x_wconf 87' lang='lat' dir='ltr'><strong>Semen</strong></span> <span class='ocrx_word' id='word_1_139' title='bbox 3116 657 3390 726; x_wconf 67' lang='lat' dir='ltr'><strong>Abrabaa.</strong></span> <span class='ocrx_word' id='word_1_140' title='bbox 3429 688 3455 721; x_wconf 75' lang='grc' dir='ltr'><strong>ο</strong></span> <span class='ocrx_word' id='word_1_141' title='bbox 3507 663 3677 730; x_wconf 85' lang='lat' dir='ltr'><strong>Unde</strong></span> 
     </span>
    </p>
   </div>
   <div class='ocr_carea' id='block_1_22' title="bbox 2035 744 3674 837">
    <p class='ocr_par' dir='ltr' id='par_1_22' title="bbox 2035 744 3674 837">
     <span class='ocr_line' id='line_1_22' title="bbox 2035 744 3674 837; baseline 0.007 -32"><span class='ocrx_word' id='word_1_142' title='bbox 2035 744 2261 837; x_wconf 85' lang='lat' dir='ltr'><strong>debuit.</strong></span> <span class='ocrx_word' id='word_1_143' title='bbox 2288 771 2321 837; x_wconf 71' lang='lat'><strong>_«</strong></span> <span class='ocrx_word' id='word_1_144' title='bbox 2348 746 2841 837; x_wconf 70' lang='lat' dir='ltr'><strong>Quandoquidem</strong></span> <span class='ocrx_word' id='word_1_145' title='bbox 2874 746 3117 808; x_wconf 87' lang='lat' dir='ltr'><strong>omnino</strong></span> <span class='ocrx_word' id='word_1_146' title='bbox 3146 746 3420 828; x_wconf 86' lang='lat' dir='ltr'><strong>dignatus</strong></span> <span class='ocrx_word' id='word_1_147' title='bbox 3449 762 3540 815; x_wconf 91' lang='lat' dir='ltr'><strong>est</strong></span> <span class='ocrx_word' id='word_1_148' title='bbox 3566 773 3674 837; x_wconf 88' lang='lat' dir='ltr'><strong>ap-</strong></span> 
     </span>
    </p>
   </div>
   <div class='ocr_carea' id='block_1_23' title="bbox 2037 835 3675 924">
    <p class='ocr_par' dir='ltr' id='par_1_23' title="bbox 2037 835 3675 924">
     <span class='ocr_line' id='line_1_23' title="bbox 2037 835 3675 924; baseline 0.009 -31"><span class='ocrx_word' id='word_1_149' title='bbox 2037 835 2735 924; x_wconf 83' lang='lat' dir='ltr'><strong>prehendere,reliquum</strong></span> <span class='ocrx_word' id='word_1_150' title='bbox 2760 836 2830 897; x_wconf 91' lang='lat' dir='ltr'><strong>ad</strong></span> <span class='ocrx_word' id='word_1_151' title='bbox 2854 837 2967 898; x_wconf 93' lang='lat' dir='ltr'><strong>hoc</strong></span> <span class='ocrx_word' id='word_1_152' title='bbox 2988 844 3114 899; x_wconf 89' lang='lat' dir='ltr'><strong>erat</strong></span> <span class='ocrx_word' id='word_1_153' title='bbox 3130 846 3189 900; x_wconf 91' lang='lat' dir='ltr'><strong>et</strong></span> <span class='ocrx_word' id='word_1_154' title='bbox 3206 857 3276 900; x_wconf 87' lang='lat' dir='ltr'><strong>ex</strong></span> <span class='ocrx_word' id='word_1_155' title='bbox 3297 835 3675 924; x_wconf 85' lang='lat' dir='ltr'><strong>consequen-</strong></span> 
     </span>
    </p>
   </div>
   <div class='ocr_carea' id='block_1_24' title="bbox 2035 922 3671 1007">
    <p class='ocr_par' dir='ltr' id='par_1_24' title="bbox 2035 922 3671 1007">
     <span class='ocr_line' id='line_1_24' title="bbox 2035 922 3671 1007; baseline 0.006 -23"><span class='ocrx_word' id='word_1_156' title='bbox 2035 922 2104 1000; x_wconf 97' lang='lat' dir='ltr'><strong>ti,</strong></span> <span class='ocrx_word' id='word_1_157' title='bbox 2128 925 2282 1004; x_wconf 93' lang='lat' dir='ltr'><strong>quod</strong></span> <span class='ocrx_word' id='word_1_158' title='bbox 2308 925 2510 987; x_wconf 80' lang='lat' dir='ltr'><strong>debuit</strong></span> <span class='ocrx_word' id='word_1_159' title='bbox 2532 945 2636 1007; x_wconf 76' lang='lat' dir='ltr'><strong>per</strong></span> <span class='ocrx_word' id='word_1_160' title='bbox 2657 926 2859 987; x_wconf 86' lang='lat' dir='ltr'><strong>omnia</strong></span> <span class='ocrx_word' id='word_1_161' title='bbox 2875 926 3087 990; x_wconf 91' lang='lat' dir='ltr'><strong>similis</strong></span> <span class='ocrx_word' id='word_1_162' title='bbox 3104 928 3276 990; x_wconf 85' lang='lat' dir='ltr'><strong>reddi</strong></span> <span class='ocrx_word' id='word_1_163' title='bbox 3307 922 3671 996; x_wconf 80' lang='lat' dir='ltr'><strong>hominibus.</strong></span> 
     </span>
    </p>
   </div>
   <div class='ocr_carea' id='block_1_25' title="bbox 2033 1012 3672 1104">
    <p class='ocr_par' dir='ltr' id='par_1_25' title="bbox 2033 1012 3672 1104">
     <span class='ocr_line' id='line_1_25' title="bbox 2033 1012 3672 1104; baseline 0.007 -32"><span class='ocrx_word' id='word_1_164' title='bbox 2033 1012 2269 1104; x_wconf 65' lang='lat' dir='ltr'><strong>Etenim</strong></span> <span class='ocrx_word' id='word_1_165' title='bbox 2300 1024 2480 1104; x_wconf 89' lang='lat' dir='ltr'><strong>natus</strong></span> <span class='ocrx_word' id='word_1_166' title='bbox 2518 1024 2626 1091; x_wconf 91' lang='lat' dir='ltr'><strong>est,</strong></span> <span class='ocrx_word' id='word_1_167' title='bbox 2661 1015 2916 1095; x_wconf 80' lang='lat' dir='ltr'><strong>sumpsit.</strong></span> <span class='ocrx_word' id='word_1_168' title='bbox 2946 1029 3356 1097; x_wconf 76' lang='lat' dir='ltr'><strong>augmentum,</strong></span> <span class='ocrx_word' id='word_1_169' title='bbox 3388 1020 3672 1104; x_wconf 82' lang='lat' dir='ltr'><strong>comedit,</strong></span> 
     </span>
    </p>
   </div>
   <div class='ocr_carea' id='block_1_26' title="bbox 2033 1099 3678 1177">
    <p class='ocr_par' dir='ltr' id='par_1_26' title="bbox 2033 1099 3678 1177">
     <span class='ocr_line' id='line_1_26' title="bbox 2033 1099 3678 1177; baseline 0.008 -18"><span class='ocrx_word' id='word_1_170' title='bbox 2033 1099 2205 1174; x_wconf 88' lang='lat' dir='ltr'><strong>bibit,</strong></span> <span class='ocrx_word' id='word_1_171' title='bbox 2239 1102 2535 1177; x_wconf 88' lang='lat' dir='ltr'><strong>dormivit,</strong></span> <span class='ocrx_word' id='word_1_172' title='bbox 2570 1111 2838 1166; x_wconf 83' lang='lat' dir='ltr'><strong>mortuus</strong></span> <span class='ocrx_word' id='word_1_173' title='bbox 2888 1112 2975 1166; x_wconf 90' lang='lat' dir='ltr'><strong>est</strong></span> <span class='ocrx_word' id='word_1_174' title='bbox 3023 1124 3094 1167; x_wconf 89' lang='lat' dir='ltr'><strong>ac</strong></span> <span class='ocrx_word' id='word_1_175' title='bbox 3154 1108 3500 1172; x_wconf 82' lang='lat' dir='ltr'><strong>resurrexit.</strong></span> <span class='ocrx_word' id='word_1_176' title='bbox 3540 1135 3567 1167; x_wconf 78' lang='grc' dir='ltr'><strong>α</strong></span> <span class='ocrx_word' id='word_1_177' title='bbox 3602 1099 3678 1175; x_wconf 77' lang='lat' dir='ltr'><strong>Ut</strong></span> 
     </span>
    </p>
   </div>
   <div class='ocr_carea' id='block_1_27' title="bbox 2034 1190 3673 1279">
    <p class='ocr_par' dir='ltr' id='par_1_27' title="bbox 2034 1190 3673 1279">
     <span class='ocr_line' id='line_1_27' title="bbox 2034 1190 3673 1279; baseline 0.007 -30"><span class='ocrx_word' id='word_1_178' title='bbox 2034 1190 2375 1253; x_wconf 88' lang='lat' dir='ltr'><strong>misericors</strong></span> <span class='ocrx_word' id='word_1_179' title='bbox 2403 1201 2580 1254; x_wconf 89' lang='lat' dir='ltr'><strong>esset.</strong></span> <span class='ocrx_word' id='word_1_180' title='bbox 2612 1216 2634 1252; x_wconf 72' lang='grc' dir='ltr'><strong>ο</strong></span> <span class='ocrx_word' id='word_1_181' title='bbox 2706 1191 2843 1254; x_wconf 59' lang='lat' dir='ltr'><strong>Haec</strong></span> <span class='ocrx_word' id='word_1_182' title='bbox 2866 1200 3062 1255; x_wconf 91' lang='lat' dir='ltr'><strong>autem</strong></span> <span class='ocrx_word' id='word_1_183' title='bbox 3094 1195 3316 1273; x_wconf 90' lang='lat' dir='ltr'><strong>omnia,</strong></span> <span class='ocrx_word' id='word_1_184' title='bbox 3350 1196 3566 1279; x_wconf 88' lang='lat' dir='ltr'><strong>inquit,</strong></span> <span class='ocrx_word' id='word_1_185' title='bbox 3600 1198 3673 1260; x_wconf 90' lang='lat' dir='ltr'><strong>ad</strong></span> 
     </span>
    </p>
   </div>
   <div class='ocr_carea' id='block_1_28' title="bbox 2034 1279 3675 1369">
    <p class='ocr_par' dir='ltr' id='par_1_28' title="bbox 2034 1279 3675 1369">
     <span class='ocr_line' id='line_1_28' title="bbox 2034 1279 3675 1369; baseline 0.007 -30"><span class='ocrx_word' id='word_1_186' title='bbox 2034 1279 2182 1340; x_wconf 84' lang='lat' dir='ltr'><strong>nihil</strong></span> <span class='ocrx_word' id='word_1_187' title='bbox 2231 1280 2392 1343; x_wconf 78' lang='lat' dir='ltr'><strong>aliud</strong></span> <span class='ocrx_word' id='word_1_188' title='bbox 2444 1282 2523 1344; x_wconf 90' lang='lat' dir='ltr'><strong>ita</strong></span> <span class='ocrx_word' id='word_1_189' title='bbox 2571 1280 2884 1362; x_wconf 89' lang='lat' dir='ltr'><strong>disposuit,</strong></span> <span class='ocrx_word' id='word_1_190' title='bbox 2935 1302 3113 1364; x_wconf 91' lang='lat' dir='ltr'><strong>quam</strong></span> <span class='ocrx_word' id='word_1_191' title='bbox 3148 1291 3214 1346; x_wconf 91' lang='lat' dir='ltr'><strong>ut</strong></span> <span class='ocrx_word' id='word_1_192' title='bbox 3241 1303 3446 1348; x_wconf 90' lang='lat' dir='ltr'><strong>eorum</strong></span> <span class='ocrx_word' id='word_1_193' title='bbox 3476 1287 3580 1369; x_wconf 90' lang='lat' dir='ltr'><strong>qui</strong></span> <span class='ocrx_word' id='word_1_194' title='bbox 3611 1287 3675 1350; x_wconf 91' lang='lat' dir='ltr'><strong>in</strong></span> 
     </span>
    </p>
   </div>
   <div class='ocr_carea' id='block_1_29' title="bbox 2032 1370 3676 1454">
    <p class='ocr_par' dir='ltr' id='par_1_29' title="bbox 2032 1370 3676 1454">
     <span class='ocr_line' id='line_1_29' title="bbox 2032 1370 3676 1454; baseline 0.008 -26"><span class='ocrx_word' id='word_1_195' title='bbox 2032 1375 2188 1430; x_wconf 90' lang='lat' dir='ltr'><strong>terra</strong></span> <span class='ocrx_word' id='word_1_196' title='bbox 2234 1378 2371 1431; x_wconf 91' lang='lat' dir='ltr'><strong>sunt</strong></span> <span class='ocrx_word' id='word_1_197' title='bbox 2404 1370 2787 1433; x_wconf 88' lang='lat' dir='ltr'><strong>misereretur</strong></span> <span class='ocrx_word' id='word_1_198' title='bbox 2826 1379 2884 1433; x_wconf 91' lang='lat' dir='ltr'><strong>et</strong></span> <span class='ocrx_word' id='word_1_199' title='bbox 2923 1371 2999 1433; x_wconf 92' lang='lat' dir='ltr'><strong>de</strong></span> <span class='ocrx_word' id='word_1_200' title='bbox 3026 1372 3194 1454; x_wconf 89' lang='lat' dir='ltr'><strong>lapsu</strong></span> <span class='ocrx_word' id='word_1_201' title='bbox 3221 1375 3498 1454; x_wconf 78' lang='lat' dir='ltr'><strong>erigeret.</strong></span> <span class='ocrx_word' id='word_1_202' title='bbox 3539 1400 3567 1432; x_wconf 73' lang='grc' dir='ltr'><strong>ε</strong></span> <span class='ocrx_word' id='word_1_203' title='bbox 3602 1378 3676 1440; x_wconf 86' lang='lat' dir='ltr'><strong>Et</strong></span> 
     </span>
    </p>
   </div>
   <div class='ocr_carea' id='block_1_30' title="bbox 2033 1458 3671 1546">
    <p class='ocr_par' dir='ltr' id='par_1_30' title="bbox 2033 1458 3671 1546">
     <span class='ocr_line' id='line_1_30' title="bbox 2033 1458 3671 1546; baseline 0.007 -27"><span class='ocrx_word' id='word_1_204' title='bbox 2033 1458 2226 1521; x_wconf 77' lang='lat' dir='ltr'><strong>fidelis</strong></span> <span class='ocrx_word' id='word_1_205' title='bbox 2257 1461 2539 1540; x_wconf 85' lang='lat' dir='ltr'><strong>pontifex.</strong></span> <span class='ocrx_word' id='word_1_206' title='bbox 2586 1484 2615 1523; x_wconf 83' lang='grc'><strong>›</strong></span> <span class='ocrx_word' id='word_1_207' title='bbox 2640 1463 2884 1539; x_wconf 89' lang='lat' dir='ltr'><strong>Fidelis,</strong></span> <span class='ocrx_word' id='word_1_208' title='bbox 2929 1481 3124 1527; x_wconf 83' lang='lat' dir='ltr'><strong>verax.</strong></span> <span class='ocrx_word' id='word_1_209' title='bbox 3165 1463 3480 1546; x_wconf 89' lang='lat' dir='ltr'><strong>Proprium</strong></span> <span class='ocrx_word' id='word_1_210' title='bbox 3510 1468 3671 1530; x_wconf 91' lang='lat' dir='ltr'><strong>enim</strong></span> 
     </span>
    </p>
   </div>
   <div class='ocr_carea' id='block_1_31' title="bbox 1970 1550 3673 1642">
    <p class='ocr_par' dir='ltr' id='par_1_31' title="bbox 1970 1550 3673 1642">
     <span class='ocr_line' id='line_1_31' title="bbox 1970 1550 3673 1642; baseline 0.007 -34"><span class='ocrx_word' id='word_1_211' title='bbox 1970 1593 2010 1642; x_wconf 71' lang='grc' dir='ltr'>Β</span> <span class='ocrx_word' id='word_1_212' title='bbox 2034 1557 2123 1609; x_wconf 89' lang='lat' dir='ltr'><strong>est</strong></span> <span class='ocrx_word' id='word_1_213' title='bbox 2156 1550 2283 1642; x_wconf 83' lang='lat' dir='ltr'><strong>ejus</strong></span> <span class='ocrx_word' id='word_1_214' title='bbox 2314 1552 2414 1642; x_wconf 84' lang='lat' dir='ltr'><strong>qui</strong></span> <span class='ocrx_word' id='word_1_215' title='bbox 2445 1560 2606 1613; x_wconf 90' lang='lat' dir='ltr'><strong>certo</strong></span> <span class='ocrx_word' id='word_1_216' title='bbox 2659 1570 2727 1613; x_wconf 90' lang='lat' dir='ltr'><strong>ac</strong></span> <span class='ocrx_word' id='word_1_217' title='bbox 2755 1570 2894 1614; x_wconf 87' lang='lat' dir='ltr'><strong>vere</strong></span> <span class='ocrx_word' id='word_1_218' title='bbox 2925 1552 3185 1642; x_wconf 81' lang='lat' dir='ltr'><strong>pontifex</strong></span> <span class='ocrx_word' id='word_1_219' title='bbox 3215 1562 3325 1631; x_wconf 88' lang='lat' dir='ltr'><strong>est,</strong></span> <span class='ocrx_word' id='word_1_220' title='bbox 3354 1554 3611 1620; x_wconf 89' lang='lat' dir='ltr'><strong>liberare</strong></span> <span class='ocrx_word' id='word_1_221' title='bbox 3638 1574 3673 1619; x_wconf 92' lang='lat' dir='ltr'><strong>a</strong></span> 
     </span>
    </p>
   </div>
   <div class='ocr_carea' id='block_1_32' title="bbox 295 1635 1940 1723">
    <p class='ocr_par' dir='ltr' id='par_1_32' title="bbox 295 1635 1940 1717">
     <span class='ocr_line' id='line_1_32' title="bbox 295 1635 1940 1717; baseline 0 -25"><span class='ocrx_word' id='word_1_222' title='bbox 295 1639 547 1716; x_wconf 81' lang='grc' dir='ltr'>ήνεγκεν,</span> <span class='ocrx_word' id='word_1_223' title='bbox 617 1638 754 1695; x_wconf 73' lang='grc' dir='ltr'>Εἶτα</span> <span class='ocrx_word' id='word_1_224' title='bbox 808 1637 993 1715; x_wconf 79' lang='grc' dir='ltr'>ἐπάγει</span> <span class='ocrx_word' id='word_1_225' title='bbox 1066 1640 1180 1701; x_wconf 77' lang='grc' dir='ltr'>πῶς</span> <span class='ocrx_word' id='word_1_226' title='bbox 1237 1638 1444 1717; x_wconf 85' lang='grc' dir='ltr'>γέγονε,</span> <span class='ocrx_word' id='word_1_227' title='bbox 1514 1639 1603 1695; x_wconf 86' lang='grc' dir='ltr'>καὶ</span> <span class='ocrx_word' id='word_1_228' title='bbox 1659 1635 1793 1693; x_wconf 85' lang='grc' dir='ltr'>διατί</span> <span class='ocrx_word' id='word_1_229' title='bbox 1850 1660 1940 1692; x_wconf 91' lang='grc' dir='ltr'>πι-</span> 
     </span>
    </p>
   </div>
   <div class='ocr_carea' id='block_1_33' title="bbox 2023 1635 3671 1723">
    <p class='ocr_par' dir='ltr' id='par_1_33' title="bbox 2033 1639 3671 1723">
     <span class='ocr_line' id='line_1_33' title="bbox 2033 1639 3671 1723; baseline 0.006 -25"><span class='ocrx_word' id='word_1_230' title='bbox 2033 1639 2291 1717; x_wconf 90' lang='lat' dir='ltr'><strong>peccatis</strong></span> <span class='ocrx_word' id='word_1_231' title='bbox 2323 1639 2455 1702; x_wconf 90' lang='lat' dir='ltr'><strong>illos</strong></span> <span class='ocrx_word' id='word_1_232' title='bbox 2486 1658 2733 1722; x_wconf 90' lang='lat' dir='ltr'><strong>quorum</strong></span> <span class='ocrx_word' id='word_1_233' title='bbox 2767 1648 2856 1704; x_wconf 90' lang='lat' dir='ltr'><strong>est</strong></span> <span class='ocrx_word' id='word_1_234' title='bbox 2890 1640 3173 1721; x_wconf 81' lang='lat' dir='ltr'><strong>pontifex.</strong></span> <span class='ocrx_word' id='word_1_235' title='bbox 3207 1642 3283 1705; x_wconf 92' lang='lat' dir='ltr'><strong>Ut</strong></span> <span class='ocrx_word' id='word_1_236' title='bbox 3321 1642 3499 1723; x_wconf 85' lang='lat' dir='ltr'><strong>igitur</strong></span> <span class='ocrx_word' id='word_1_237' title='bbox 3527 1645 3671 1708; x_wconf 87' lang='lat' dir='ltr'><strong>hos-</strong></span> 
     </span>
    </p>
   </div>
   <div class='ocr_carea' id='block_1_34' title="bbox 298 1726 1943 1807">
    <p class='ocr_par' dir='ltr' id='par_1_34' title="bbox 298 1726 1943 1807">
     <span class='ocr_line' id='line_1_34' title="bbox 298 1726 1943 1807; baseline -0.001 -24"><span class='ocrx_word' id='word_1_238' title='bbox 298 1729 425 1792; x_wconf 84' lang='grc' dir='ltr'>στὸς</span> <span class='ocrx_word' id='word_1_239' title='bbox 454 1727 751 1807; x_wconf 81' lang='grc' dir='ltr'>ἀρχιερεύς.</span> <span class='ocrx_word' id='word_1_240' title='bbox 800 1728 887 1790; x_wconf 80' lang='grc' dir='ltr'>Εἷς</span> <span class='ocrx_word' id='word_1_241' title='bbox 944 1729 1005 1783; x_wconf 90' lang='grc' dir='ltr'><strong>τὸ</strong></span> <span class='ocrx_word' id='word_1_242' title='bbox 1061 1726 1384 1802; x_wconf 75' lang='grc' dir='ltr'>ἱλάσκεσθαι,</span> <span class='ocrx_word' id='word_1_243' title='bbox 1431 1728 1581 1807; x_wconf 71' lang='grc' dir='ltr'>φησὶ,</span> <span class='ocrx_word' id='word_1_244' title='bbox 1644 1728 1737 1790; x_wconf 82' lang='grc' dir='ltr'><strong>τὰς</strong></span> <span class='ocrx_word' id='word_1_245' title='bbox 1768 1728 1943 1805; x_wconf 81' lang='grc' dir='ltr'>ἁμαρ-</span> 
     </span>
    </p>
   </div>
   <div class='ocr_carea' id='block_1_35' title="bbox 2032 1725 3677 1812">
    <p class='ocr_par' dir='ltr' id='par_1_35' title="bbox 2032 1725 3677 1812">
     <span class='ocr_line' id='line_1_35' title="bbox 2032 1725 3677 1812; baseline 0.007 -27"><span class='ocrx_word' id='word_1_246' title='bbox 2032 1725 2172 1787; x_wconf 89' lang='lat' dir='ltr'><strong>tiam</strong></span> <span class='ocrx_word' id='word_1_247' title='bbox 2205 1729 2412 1790; x_wconf 81' lang='lat' dir='ltr'><strong>offerat</strong></span> <span class='ocrx_word' id='word_1_248' title='bbox 2441 1748 2571 1810; x_wconf 74' lang='lat' dir='ltr'><strong>quae</strong></span> <span class='ocrx_word' id='word_1_249' title='bbox 2600 1748 2710 1791; x_wconf 92' lang='lat' dir='ltr'><strong>nos</strong></span> <span class='ocrx_word' id='word_1_250' title='bbox 2758 1730 3080 1809; x_wconf 88' lang='lat' dir='ltr'><strong>puriﬁcare</strong></span> <span class='ocrx_word' id='word_1_251' title='bbox 3109 1731 3318 1812; x_wconf 83' lang='lat' dir='ltr'><strong>valeat,</strong></span> <span class='ocrx_word' id='word_1_252' title='bbox 3370 1732 3558 1795; x_wconf 89' lang='lat' dir='ltr'><strong>factus</strong></span> <span class='ocrx_word' id='word_1_253' title='bbox 3585 1742 3677 1796; x_wconf 87' lang='lat' dir='ltr'><strong>est</strong></span> 
     </span>
    </p>
   </div>
   <div class='ocr_carea' id='block_1_36' title="bbox 295 1813 1940 1902">
    <p class='ocr_par' dir='ltr' id='par_1_36' title="bbox 295 1813 1940 1895">
     <span class='ocr_line' id='line_1_36' title="bbox 295 1813 1940 1895; baseline 0.001 -25"><span class='ocrx_word' id='word_1_254' title='bbox 295 1816 411 1880; x_wconf 82' lang='grc' dir='ltr'>τίας</span> <span class='ocrx_word' id='word_1_255' title='bbox 434 1815 530 1873; x_wconf 73' lang='grc' dir='ltr'><strong>τοῦ</strong></span> <span class='ocrx_word' id='word_1_256' title='bbox 559 1814 709 1874; x_wconf 77' lang='grc' dir='ltr'>λαοῦ.</span> <span class='ocrx_word' id='word_1_257' title='bbox 758 1817 856 1875; x_wconf 71' lang='grc' dir='ltr'>Διὰ</span> <span class='ocrx_word' id='word_1_258' title='bbox 897 1826 1052 1875; x_wconf 78' lang='grc' dir='ltr'>τοῦτο</span> <span class='ocrx_word' id='word_1_259' title='bbox 1080 1817 1179 1894; x_wconf 78' lang='grc' dir='ltr'><strong>γὰρ</strong></span> <span class='ocrx_word' id='word_1_260' title='bbox 1221 1816 1460 1895; x_wconf 83' lang='grc' dir='ltr'>γέγονεν,</span> <span class='ocrx_word' id='word_1_261' title='bbox 1506 1818 1578 1880; x_wconf 82' lang='grc' dir='ltr'>εἱς</span> <span class='ocrx_word' id='word_1_262' title='bbox 1649 1817 1709 1872; x_wconf 83' lang='grc' dir='ltr'><strong>τὸ</strong></span> <span class='ocrx_word' id='word_1_263' title='bbox 1766 1813 1940 1881; x_wconf 82' lang='grc' dir='ltr'>ἐξιλεώ</span> 
     </span>
    </p>
   </div>
   <div class='ocr_carea' id='block_1_37' title="bbox 2023 1813 3672 1902">
    <p class='ocr_par' dir='ltr' id='par_1_37' title="bbox 2031 1814 3672 1902">
     <span class='ocr_line' id='line_1_37' title="bbox 2031 1814 3672 1902; baseline 0.005 -27"><span class='ocrx_word' id='word_1_264' title='bbox 2031 1814 2207 1878; x_wconf 87' lang='lat' dir='ltr'><strong>homo</strong></span> <span class='ocrx_word' id='word_1_265' title='bbox 2234 1837 2303 1879; x_wconf 89' lang='lat' dir='ltr'><strong>ac</strong></span> <span class='ocrx_word' id='word_1_266' title='bbox 2334 1817 2598 1897; x_wconf 91' lang='lat' dir='ltr'><strong>seipsum</strong></span> <span class='ocrx_word' id='word_1_267' title='bbox 2630 1818 2859 1881; x_wconf 92' lang='lat' dir='ltr'><strong>obtulit.</strong></span> <span class='ocrx_word' id='word_1_268' title='bbox 2892 1817 3119 1881; x_wconf 90' lang='lat' dir='ltr'><strong>Deinde</strong></span> <span class='ocrx_word' id='word_1_269' title='bbox 3145 1819 3345 1882; x_wconf 88' lang='lat' dir='ltr'><strong>subdit</strong></span> <span class='ocrx_word' id='word_1_270' title='bbox 3372 1822 3672 1902; x_wconf 92' lang='lat' dir='ltr'><strong>quomodo</strong></span> 
     </span>
    </p>
   </div>
   <div class='ocr_carea' id='block_1_38' title="bbox 295 1905 1940 1990">
    <p class='ocr_par' dir='ltr' id='par_1_38' title="bbox 295 1905 1940 1985">
     <span class='ocr_line' id='line_1_38' title="bbox 295 1905 1940 1985; baseline -0.001 -24"><span class='ocrx_word' id='word_1_271' title='bbox 295 1909 487 1962; x_wconf 87' lang='grc' dir='ltr'>σασθαι</span> <span class='ocrx_word' id='word_1_272' title='bbox 529 1907 674 1981; x_wconf 80' lang='grc' dir='ltr'>ἡμᾶς</span> <span class='ocrx_word' id='word_1_273' title='bbox 703 1907 791 1963; x_wconf 86' lang='grc' dir='ltr'><strong>καὶ</strong></span> <span class='ocrx_word' id='word_1_274' title='bbox 831 1906 1105 1985; x_wconf 82' lang='grc' dir='ltr'>καθαρίσαι</span> <span class='ocrx_word' id='word_1_275' title='bbox 1159 1912 1266 1961; x_wconf 79' lang='grc' dir='ltr'>τῶν</span> <span class='ocrx_word' id='word_1_276' title='bbox 1307 1907 1578 1984; x_wconf 84' lang='grc' dir='ltr'>ἁμαρτιῶν</span> <span class='ocrx_word' id='word_1_277' title='bbox 1608 1906 1784 1980; x_wconf 76' lang='grc' dir='ltr'>ἡμῶν.</span> <span class='ocrx_word' id='word_1_278' title='bbox 1823 1925 1844 1959; x_wconf 78' lang='grc' dir='ltr'><strong>α</strong></span> <span class='ocrx_word' id='word_1_279' title='bbox 1873 1905 1940 1962; x_wconf 70' lang='lat' dir='ltr'><strong>Td</strong></span> 
     </span>
    </p>
   </div>
   <div class='ocr_carea' id='block_1_39' title="bbox 2023 1905 3671 1990">
    <p class='ocr_par' dir='ltr' id='par_1_39' title="bbox 2036 1907 3671 1990">
     <span class='ocr_line' id='line_1_39' title="bbox 2036 1907 3671 1990; baseline 0.003 -23"><span class='ocrx_word' id='word_1_280' title='bbox 2036 1913 2094 1966; x_wconf 89' lang='lat' dir='ltr'><strong>et</strong></span> <span class='ocrx_word' id='word_1_281' title='bbox 2148 1907 2537 1987; x_wconf 87' lang='lat' dir='ltr'><strong>quamobrem</strong></span> <span class='ocrx_word' id='word_1_282' title='bbox 2587 1909 2774 1970; x_wconf 89' lang='lat' dir='ltr'><strong>factus</strong></span> <span class='ocrx_word' id='word_1_283' title='bbox 2823 1909 2902 1970; x_wconf 92' lang='lat' dir='ltr'><strong>sit</strong></span> <span class='ocrx_word' id='word_1_284' title='bbox 2961 1908 3154 1971; x_wconf 87' lang='lat' dir='ltr'><strong>ﬁdelis</strong></span> <span class='ocrx_word' id='word_1_285' title='bbox 3209 1909 3472 1990; x_wconf 82' lang='lat' dir='ltr'><strong>pontifex</strong></span> <span class='ocrx_word' id='word_1_286' title='bbox 3518 1928 3534 1974; x_wconf 88' lang='lat'><strong>:</strong></span> <span class='ocrx_word' id='word_1_287' title='bbox 3596 1910 3671 1974; x_wconf 91' lang='lat' dir='ltr'><strong>ad</strong></span> 
     </span>
    </p>
   </div>
   <div class='ocr_carea' id='block_1_40' title="bbox 292 1993 1940 2078">
    <p class='ocr_par' dir='ltr' id='par_1_40' title="bbox 292 1993 1940 2073">
     <span class='ocr_line' id='line_1_40' title="bbox 292 1993 1940 2073; baseline -0.001 -23"><span class='ocrx_word' id='word_1_288' title='bbox 292 1996 428 2072; x_wconf 80' lang='grc' dir='ltr'>πρὸς</span> <span class='ocrx_word' id='word_1_289' title='bbox 458 1996 549 2051; x_wconf 82' lang='grc' dir='ltr'>τόν</span> <span class='ocrx_word' id='word_1_290' title='bbox 578 1997 731 2058; x_wconf 84' lang='grc' dir='ltr'>Θεὸν,</span> <span class='ocrx_word' id='word_1_291' title='bbox 769 2018 798 2050; x_wconf 74' lang='grc' dir='ltr'><strong><em>ι</em></strong></span> <span class='ocrx_word' id='word_1_292' title='bbox 846 2001 961 2053; x_wconf 83' lang='grc' dir='ltr'>Τῶν</span> <span class='ocrx_word' id='word_1_293' title='bbox 1003 1996 1134 2071; x_wconf 84' lang='grc' dir='ltr'>πρὸς</span> <span class='ocrx_word' id='word_1_294' title='bbox 1194 1996 1344 2073; x_wconf 87' lang='grc' dir='ltr'>Θεὸν,</span> <span class='ocrx_word' id='word_1_295' title='bbox 1391 1995 1478 2050; x_wconf 87' lang='grc' dir='ltr'><strong>καὶ</strong></span> <span class='ocrx_word' id='word_1_296' title='bbox 1521 1995 1593 2056; x_wconf 78' lang='grc' dir='ltr'>εἷς</span> <span class='ocrx_word' id='word_1_297' title='bbox 1666 1994 1794 2051; x_wconf 84' lang='grc' dir='ltr'>Θεὸν</span> <span class='ocrx_word' id='word_1_298' title='bbox 1852 1993 1940 2049; x_wconf 86' lang='grc' dir='ltr'>ἀν-</span> 
     </span>
    </p>
   </div>
   <div class='ocr_carea' id='block_1_41' title="bbox 2023 1993 3670 2078">
    <p class='ocr_par' dir='ltr' id='par_1_41' title="bbox 2026 1995 3670 2078">
     <span class='ocr_line' id='line_1_41' title="bbox 2026 1995 3670 2078; baseline 0.004 -24"><span class='ocrx_word' id='word_1_299' title='bbox 2026 1995 2407 2075; x_wconf 86' lang='lat' dir='ltr'><strong>expiandum,</strong></span> <span class='ocrx_word' id='word_1_300' title='bbox 2456 1996 2665 2077; x_wconf 89' lang='lat' dir='ltr'><strong>inquit,</strong></span> <span class='ocrx_word' id='word_1_301' title='bbox 2716 2004 2957 2078; x_wconf 92' lang='lat' dir='ltr'><strong>peccata</strong></span> <span class='ocrx_word' id='word_1_302' title='bbox 3005 1997 3228 2077; x_wconf 92' lang='lat' dir='ltr'><strong>populi.</strong></span> <span class='ocrx_word' id='word_1_303' title='bbox 3275 1995 3477 2070; x_wconf 83' lang='lat' dir='ltr'><strong>Quare</strong></span> <span class='ocrx_word' id='word_1_304' title='bbox 3506 1999 3670 2061; x_wconf 90' lang='lat' dir='ltr'><strong>enim</strong></span> 
     </span>
    </p>
   </div>
   <div class='ocr_carea' id='block_1_42' title="bbox 292 2081 1940 2165">
    <p class='ocr_par' dir='ltr' id='par_1_42' title="bbox 292 2082 1940 2163">
     <span class='ocr_line' id='line_1_42' title="bbox 292 2082 1940 2163; baseline -0.001 -25"><span class='ocrx_word' id='word_1_305' title='bbox 292 2084 540 2149; x_wconf 85' lang='grc' dir='ltr'>ηκόντων</span> <span class='ocrx_word' id='word_1_306' title='bbox 581 2084 928 2163; x_wconf 83' lang='grc' dir='ltr'>πραγμάτων,</span> <span class='ocrx_word' id='word_1_307' title='bbox 1002 2083 1090 2141; x_wconf 89' lang='grc' dir='ltr'>Ἐν</span> <span class='ocrx_word' id='word_1_308' title='bbox 1148 2083 1351 2146; x_wconf 83' lang='grc' dir='ltr'><strong>τούτοις</strong></span> <span class='ocrx_word' id='word_1_309' title='bbox 1407 2083 1508 2161; x_wconf 74' lang='grc' dir='ltr'>γὰρ</span> <span class='ocrx_word' id='word_1_310' title='bbox 1540 2082 1759 2160; x_wconf 80' lang='grc' dir='ltr'>γέγονεν</span> <span class='ocrx_word' id='word_1_311' title='bbox 1788 2084 1940 2157; x_wconf 77' lang='grc' dir='ltr'>ἡμῶν</span> 
     </span>
    </p>
   </div>
   <div class='ocr_carea' id='block_1_43' title="bbox 2023 2081 3669 2165">
    <p class='ocr_par' dir='ltr' id='par_1_43' title="bbox 2023 2081 3669 2165">
     <span class='ocr_line' id='line_1_43' title="bbox 2023 2081 3669 2165; baseline 0.004 -24"><span class='ocrx_word' id='word_1_312' title='bbox 2023 2081 2212 2144; x_wconf 85' lang='lat' dir='ltr'><strong>factus</strong></span> <span class='ocrx_word' id='word_1_313' title='bbox 2243 2083 2382 2145; x_wconf 84' lang='lat' dir='ltr'><strong>est?</strong></span> <span class='ocrx_word' id='word_1_314' title='bbox 2416 2084 2504 2145; x_wconf 87' lang='lat' dir='ltr'><strong>Ad</strong></span> <span class='ocrx_word' id='word_1_315' title='bbox 2559 2084 2916 2165; x_wconf 86' lang='lat' dir='ltr'><strong>expiandum</strong></span> <span class='ocrx_word' id='word_1_316' title='bbox 2964 2103 3070 2146; x_wconf 92' lang='lat' dir='ltr'><strong>nos</strong></span> <span class='ocrx_word' id='word_1_317' title='bbox 3118 2093 3177 2146; x_wconf 89' lang='lat' dir='ltr'><strong>et</strong></span> <span class='ocrx_word' id='word_1_318' title='bbox 3234 2085 3669 2165; x_wconf 89' lang='lat' dir='ltr'><strong>purificandum</strong></span> 
     </span>
    </p>
   </div>
   <div class='ocr_carea' id='block_1_44' title="bbox 292 2169 1940 2254">
    <p class='ocr_par' dir='ltr' id='par_1_44' title="bbox 292 2169 1940 2252">
     <span class='ocr_line' id='line_1_44' title="bbox 292 2169 1940 2252; baseline 0 -25"><span class='ocrx_word' id='word_1_319' title='bbox 292 2172 598 2252; x_wconf 75' lang='grc' dir='ltr'>ἀρχιερεὺς,</span> <span class='ocrx_word' id='word_1_320' title='bbox 620 2177 716 2232; x_wconf 77' lang='grc' dir='ltr'>οὐκ</span> <span class='ocrx_word' id='word_1_321' title='bbox 740 2171 794 2228; x_wconf 86' lang='grc' dir='ltr'><strong>ἐν</strong></span> <span class='ocrx_word' id='word_1_322' title='bbox 849 2180 926 2248; x_wconf 82' lang='grc' dir='ltr'><strong>τῷ</strong></span> <span class='ocrx_word' id='word_1_323' title='bbox 981 2174 1290 2249; x_wconf 82' lang='grc' dir='ltr'>σωματικὰς</span> <span class='ocrx_word' id='word_1_324' title='bbox 1360 2169 1584 2235; x_wconf 80' lang='grc' dir='ltr'>δεκάτας</span> <span class='ocrx_word' id='word_1_325' title='bbox 1642 2175 1731 2228; x_wconf 89' lang='grc' dir='ltr'><strong>καὶ</strong></span> <span class='ocrx_word' id='word_1_326' title='bbox 1761 2171 1940 2251; x_wconf 83' lang='grc' dir='ltr'>ἀπαρ-</span> 
     </span>
    </p>
   </div>
   <div class='ocr_carea' id='block_1_45' title="bbox 2023 2169 3668 2254">
    <p class='ocr_par' dir='ltr' id='par_1_45' title="bbox 2024 2170 3668 2254">
     <span class='ocr_line' id='line_1_45' title="bbox 2024 2170 3668 2254; baseline 0.003 -23"><span class='ocrx_word' id='word_1_327' title='bbox 2024 2188 2059 2230; x_wconf 88' lang='lat' dir='ltr'><strong>a</strong></span> <span class='ocrx_word' id='word_1_328' title='bbox 2081 2171 2344 2250; x_wconf 89' lang='lat' dir='ltr'><strong>peccatis</strong></span> <span class='ocrx_word' id='word_1_329' title='bbox 2375 2173 2653 2237; x_wconf 66' lang='lat' dir='ltr'><strong>nostrisa</strong></span> <span class='ocrx_word' id='word_1_330' title='bbox 2670 2172 2729 2234; x_wconf 91' lang='lat' dir='ltr'><strong>[n</strong></span> <span class='ocrx_word' id='word_1_331' title='bbox 2756 2174 2991 2254; x_wconf 84' lang='lat' dir='ltr'><strong>bisquae</strong></span> <span class='ocrx_word' id='word_1_332' title='bbox 3013 2173 3085 2235; x_wconf 91' lang='lat' dir='ltr'><strong>ad</strong></span> <span class='ocrx_word' id='word_1_333' title='bbox 3099 2170 3289 2235; x_wconf 91' lang='lat' dir='ltr'><strong>Deum</strong></span> <span class='ocrx_word' id='word_1_334' title='bbox 3322 2173 3575 2237; x_wconf 65' lang='lat' dir='ltr'><strong>forent.»</strong></span> <span class='ocrx_word' id='word_1_335' title='bbox 3601 2172 3668 2236; x_wconf 92' lang='lat' dir='ltr'><strong>In</strong></span> 
     </span>
    </p>
   </div>
   <div class='ocr_carea' id='block_1_46' title="bbox 293 2258 1940 2343">
    <p class='ocr_par' dir='ltr' id='par_1_46' title="bbox 293 2259 1940 2340">
     <span class='ocr_line' id='line_1_46' title="bbox 293 2259 1940 2340; baseline -0.002 -21"><span class='ocrx_word' id='word_1_336' title='bbox 293 2262 403 2340; x_wconf 76' lang='grc' dir='ltr'>χὰς</span> <span class='ocrx_word' id='word_1_337' title='bbox 453 2262 770 2336; x_wconf 76' lang='grc' dir='ltr'>ἀπαιτῆσαι,</span> <span class='ocrx_word' id='word_1_338' title='bbox 825 2259 943 2318; x_wconf 88' lang='grc' dir='ltr'>ἀλλ’</span> <span class='ocrx_word' id='word_1_339' title='bbox 1000 2260 1140 2319; x_wconf 77' lang='grc' dir='ltr'>εἶδεν</span> <span class='ocrx_word' id='word_1_340' title='bbox 1195 2263 1339 2337; x_wconf 79' lang='grc' dir='ltr'>ἡμᾶς</span> <span class='ocrx_word' id='word_1_341' title='bbox 1398 2259 1940 2336; x_wconf 85' lang='grc' dir='ltr'>ἐκπεπολεμωμένους</span> 
     </span>
    </p>
   </div>
   <div class='ocr_carea' id='block_1_47' title="bbox 2023 2258 3669 2343">
    <p class='ocr_par' dir='ltr' id='par_1_47' title="bbox 2023 2258 3669 2343">
     <span class='ocr_line' id='line_1_47' title="bbox 2023 2258 3669 2343; baseline 0.002 -23"><span class='ocrx_word' id='word_1_342' title='bbox 2023 2258 2203 2321; x_wconf 85' lang='lat' dir='ltr'><strong>rebus</strong></span> <span class='ocrx_word' id='word_1_343' title='bbox 2232 2280 2361 2341; x_wconf 63' lang='lat' dir='ltr'><strong>quae</strong></span> <span class='ocrx_word' id='word_1_344' title='bbox 2403 2262 2475 2323; x_wconf 92' lang='lat' dir='ltr'><strong>ad</strong></span> <span class='ocrx_word' id='word_1_345' title='bbox 2499 2265 2705 2338; x_wconf 63' lang='lat' dir='ltr'><strong>,Deum</strong></span> <span class='ocrx_word' id='word_1_346' title='bbox 2738 2269 3079 2343; x_wconf 89' lang='lat' dir='ltr'><strong>spectarent</strong></span> <span class='ocrx_word' id='word_1_347' title='bbox 3128 2270 3288 2323; x_wconf 73' lang='lat'><strong>888</strong></span> <span class='ocrx_word' id='word_1_348' title='bbox 3310 2260 3457 2323; x_wconf 90' lang='lat' dir='ltr'><strong>Nam</strong></span> <span class='ocrx_word' id='word_1_349' title='bbox 3483 2262 3545 2324; x_wconf 94' lang='lat' dir='ltr'><strong>in</strong></span> <span class='ocrx_word' id='word_1_350' title='bbox 3576 2261 3669 2324; x_wconf 90' lang='lat' dir='ltr'><strong>bis</strong></span> 
     </span>
    </p>
   </div>
   <div class='ocr_carea' id='block_1_48' title="bbox 287 2346 1940 2432">
    <p class='ocr_par' dir='ltr' id='par_1_48' title="bbox 287 2348 1935 2430">
     <span class='ocr_line' id='line_1_48' title="bbox 287 2348 1935 2430; baseline 0.001 -25"><span class='ocrx_word' id='word_1_351' title='bbox 287 2352 426 2428; x_wconf 85' lang='grc' dir='ltr'>πρὸς</span> <span class='ocrx_word' id='word_1_352' title='bbox 453 2352 545 2406; x_wconf 87' lang='grc' dir='ltr'><strong>τὸν</strong></span> <span class='ocrx_word' id='word_1_353' title='bbox 575 2351 706 2406; x_wconf 84' lang='grc' dir='ltr'>Θεὸν</span> <span class='ocrx_word' id='word_1_354' title='bbox 760 2351 849 2406; x_wconf 83' lang='grc' dir='ltr'><strong>καὶ</strong></span> <span class='ocrx_word' id='word_1_355' title='bbox 890 2349 1328 2429; x_wconf 66' lang='grc' dir='ltr'>ἀπερριμμένους,</span> <span class='ocrx_word' id='word_1_356' title='bbox 1383 2352 1471 2407; x_wconf 81' lang='grc' dir='ltr'>καὶ</span> <span class='ocrx_word' id='word_1_357' title='bbox 1516 2348 1737 2417; x_wconf 63' lang='grc' dir='ltr'>ἐλεήσας</span> <span class='ocrx_word' id='word_1_358' title='bbox 1768 2350 1935 2430; x_wconf 79' lang='grc' dir='ltr'>ἡμᾶς,</span> 
     </span>
    </p>
   </div>
   <div class='ocr_carea' id='block_1_49' title="bbox 2023 2346 3667 2432">
    <p class='ocr_par' dir='ltr' id='par_1_49' title="bbox 2023 2346 3667 2432">
     <span class='ocr_line' id='line_1_49' title="bbox 2023 2346 3667 2432; baseline 0.004 -25"><span class='ocrx_word' id='word_1_359' title='bbox 2023 2346 2209 2410; x_wconf 86' lang='lat' dir='ltr'><strong>factus</strong></span> <span class='ocrx_word' id='word_1_360' title='bbox 2264 2358 2354 2413; x_wconf 87' lang='lat' dir='ltr'><strong>est</strong></span> <span class='ocrx_word' id='word_1_361' title='bbox 2408 2350 2673 2432; x_wconf 84' lang='lat' dir='ltr'><strong>pontifex</strong></span> <span class='ocrx_word' id='word_1_362' title='bbox 2730 2358 2937 2413; x_wconf 91' lang='lat' dir='ltr'><strong>noster</strong></span> <span class='ocrx_word' id='word_1_363' title='bbox 2992 2369 3006 2412; x_wconf 89' lang='lat'><strong>:</strong></span> <span class='ocrx_word' id='word_1_364' title='bbox 3067 2370 3185 2413; x_wconf 93' lang='lat' dir='ltr'><strong>non</strong></span> <span class='ocrx_word' id='word_1_365' title='bbox 3228 2358 3292 2412; x_wconf 95' lang='lat' dir='ltr'><strong>ut</strong></span> <span class='ocrx_word' id='word_1_366' title='bbox 3324 2352 3667 2431; x_wconf 88' lang='lat' dir='ltr'><strong>corporales</strong></span> 
     </span>
    </p>
   </div>
   <div class='ocr_carea' id='block_1_50' title="bbox 290 2435 1940 2521">
    <p class='ocr_par' dir='ltr' id='par_1_50' title="bbox 290 2436 1936 2520">
     <span class='ocr_line' id='line_1_50' title="bbox 290 2436 1936 2520; baseline -0.003 -23"><span class='ocrx_word' id='word_1_367' title='bbox 290 2441 480 2500; x_wconf 73' lang='grc' dir='ltr'>ἑαυτὸν</span> <span class='ocrx_word' id='word_1_368' title='bbox 510 2440 644 2516; x_wconf 72' lang='grc' dir='ltr'>ἡμῖν</span> <span class='ocrx_word' id='word_1_369' title='bbox 714 2437 906 2496; x_wconf 76' lang='grc' dir='ltr'>ἔδωκεν</span> <span class='ocrx_word' id='word_1_370' title='bbox 934 2438 1208 2520; x_wconf 85' lang='grc' dir='ltr'>ἀρχιερέα,</span> <span class='ocrx_word' id='word_1_371' title='bbox 1249 2464 1273 2495; x_wconf 85' lang='lat' dir='ltr'><strong>u</strong></span> <span class='ocrx_word' id='word_1_372' title='bbox 1310 2437 1399 2496; x_wconf 88' lang='grc' dir='ltr'>Ἐν</span> <span class='ocrx_word' id='word_1_373' title='bbox 1456 2442 1501 2513; x_wconf 83' lang='grc' dir='ltr'>ᾧ</span> <span class='ocrx_word' id='word_1_374' title='bbox 1558 2439 1659 2517; x_wconf 81' lang='grc' dir='ltr'>γὰρ</span> <span class='ocrx_word' id='word_1_375' title='bbox 1687 2436 1936 2512; x_wconf 85' lang='grc' dir='ltr'>πέπονθε,</span> 
     </span>
    </p>
   </div>
   <div class='ocr_carea' id='block_1_51' title="bbox 2023 2435 3668 2521">
    <p class='ocr_par' dir='ltr' id='par_1_51' title="bbox 2023 2435 3668 2521">
     <span class='ocr_line' id='line_1_51' title="bbox 2023 2435 3668 2521; baseline 0.002 -24"><span class='ocrx_word' id='word_1_376' title='bbox 2023 2435 2284 2501; x_wconf 90' lang='lat' dir='ltr'><strong>decimas</strong></span> <span class='ocrx_word' id='word_1_377' title='bbox 2331 2459 2399 2501; x_wconf 93' lang='lat' dir='ltr'><strong>ac</strong></span> <span class='ocrx_word' id='word_1_378' title='bbox 2452 2439 2742 2521; x_wconf 87' lang='lat' dir='ltr'><strong>primitias</strong></span> <span class='ocrx_word' id='word_1_379' title='bbox 2790 2440 3076 2520; x_wconf 81' lang='lat' dir='ltr'><strong>exigeret,</strong></span> <span class='ocrx_word' id='word_1_380' title='bbox 3129 2438 3234 2502; x_wconf 90' lang='lat' dir='ltr'><strong>sed</strong></span> <span class='ocrx_word' id='word_1_381' title='bbox 3274 2445 3520 2503; x_wconf 89' lang='lat' dir='ltr'><strong>noverat</strong></span> <span class='ocrx_word' id='word_1_382' title='bbox 3557 2458 3668 2501; x_wconf 88' lang='lat' dir='ltr'><strong>nos</strong></span> 
     </span>
    </p>
   </div>
   <div class='ocr_carea' id='block_1_52' title="bbox 292 2524 1940 2609">
    <p class='ocr_par' dir='ltr' id='par_1_52' title="bbox 292 2526 1939 2609">
     <span class='ocr_line' id='line_1_52' title="bbox 292 2526 1939 2609; baseline -0.004 -21"><span class='ocrx_word' id='word_1_383' title='bbox 292 2531 452 2593; x_wconf 72' lang='grc' dir='ltr'>αὐτὸς</span> <span class='ocrx_word' id='word_1_384' title='bbox 521 2529 838 2609; x_wconf 85' lang='grc' dir='ltr'>πειρασθεὶς.</span> <span class='ocrx_word' id='word_1_385' title='bbox 914 2552 942 2584; x_wconf 72' lang='grc' dir='ltr'><strong><em>ι</em></strong></span> <span class='ocrx_word' id='word_1_386' title='bbox 1003 2530 1260 2586; x_wconf 85' lang='grc' dir='ltr'>Ταπεινὸν</span> <span class='ocrx_word' id='word_1_387' title='bbox 1346 2529 1408 2584; x_wconf 88' lang='grc' dir='ltr'><strong>τὸ</strong></span> <span class='ocrx_word' id='word_1_388' title='bbox 1478 2526 1779 2609; x_wconf 75' lang='grc' dir='ltr'>εἰρημένον,</span> <span class='ocrx_word' id='word_1_389' title='bbox 1854 2527 1939 2582; x_wconf 84' lang='grc' dir='ltr'>καὶ</span> 
     </span>
    </p>
   </div>
   <div class='ocr_carea' id='block_1_53' title="bbox 2023 2524 3665 2609">
    <p class='ocr_par' dir='ltr' id='par_1_53' title="bbox 2023 2524 3665 2609">
     <span class='ocr_line' id='line_1_53' title="bbox 2023 2524 3665 2609; baseline 0.003 -24"><span class='ocrx_word' id='word_1_390' title='bbox 2023 2524 2299 2589; x_wconf 90' lang='lat' dir='ltr'><strong>inimicos</strong></span> <span class='ocrx_word' id='word_1_391' title='bbox 2333 2529 2575 2591; x_wconf 73' lang='lat' dir='ltr'><strong>effectos</strong></span> <span class='ocrx_word' id='word_1_392' title='bbox 2605 2548 2739 2591; x_wconf 91' lang='lat' dir='ltr'><strong>esse</strong></span> <span class='ocrx_word' id='word_1_393' title='bbox 2768 2538 2827 2590; x_wconf 92' lang='lat' dir='ltr'><strong>et</strong></span> <span class='ocrx_word' id='word_1_394' title='bbox 2857 2529 3123 2609; x_wconf 87' lang='lat' dir='ltr'><strong>abjectos</strong></span> <span class='ocrx_word' id='word_1_395' title='bbox 3164 2528 3318 2609; x_wconf 91' lang='lat' dir='ltr'><strong>apud</strong></span> <span class='ocrx_word' id='word_1_396' title='bbox 3348 2528 3562 2601; x_wconf 90' lang='lat' dir='ltr'><strong>Deum,</strong></span> <span class='ocrx_word' id='word_1_397' title='bbox 3596 2546 3665 2590; x_wconf 89' lang='lat' dir='ltr'><strong>ac</strong></span> 
     </span>
    </p>
   </div>
   <div class='ocr_carea' id='block_1_54' title="bbox 294 2606 1940 2699">
    <p class='ocr_par' dir='ltr' id='par_1_54' title="bbox 294 2606 1940 2698">
     <span class='ocr_line' id='line_1_54' title="bbox 294 2606 1940 2698; baseline -0.002 -23"><span class='ocrx_word' id='word_1_398' title='bbox 294 2623 390 2678; x_wconf 72' lang='grc' dir='ltr'><strong>οὒκ</strong></span> <span class='ocrx_word' id='word_1_399' title='bbox 447 2616 549 2683; x_wconf 75' lang='grc' dir='ltr'><strong>ἔξω</strong></span> <span class='ocrx_word' id='word_1_400' title='bbox 601 2606 706 2674; x_wconf 80' lang='grc' dir='ltr'><strong>τῶν</strong></span> <span class='ocrx_word' id='word_1_401' title='bbox 760 2621 859 2686; x_wconf 76' lang='grc' dir='ltr'><strong>τῆς</strong></span> <span class='ocrx_word' id='word_1_402' title='bbox 928 2617 1199 2683; x_wconf 83' lang='grc' dir='ltr'>κενώσεως</span> <span class='ocrx_word' id='word_1_403' title='bbox 1255 2616 1484 2698; x_wconf 84' lang='grc' dir='ltr'>μέτρων,</span> <span class='ocrx_word' id='word_1_404' title='bbox 1561 2606 1795 2673; x_wconf 72' lang='grc' dir='ltr'>’Ἔπειτα</span> <span class='ocrx_word' id='word_1_405' title='bbox 1852 2617 1940 2672; x_wconf 85' lang='grc' dir='ltr'>καὶ</span> 
     </span>
    </p>
   </div>
   <div class='ocr_carea' id='block_1_55' title="bbox 2023 2606 3661 2699">
    <p class='ocr_par' dir='ltr' id='par_1_55' title="bbox 2023 2606 3661 2699">
     <span class='ocr_line' id='line_1_55' title="bbox 2023 2606 3661 2699; baseline 0.002 -25"><span class='ocrx_word' id='word_1_406' title='bbox 2023 2613 2304 2678; x_wconf 90' lang='lat' dir='ltr'><strong>misertus</strong></span> <span class='ocrx_word' id='word_1_407' title='bbox 2336 2618 2526 2681; x_wconf 87' lang='lat' dir='ltr'><strong>nostri</strong></span> <span class='ocrx_word' id='word_1_408' title='bbox 2583 2618 2848 2699; x_wconf 90' lang='lat' dir='ltr'><strong>seipsum</strong></span> <span class='ocrx_word' id='word_1_409' title='bbox 2897 2606 3067 2680; x_wconf 74' lang='lat' dir='ltr'><strong>nobis</strong></span> <span class='ocrx_word' id='word_1_410' title='bbox 3099 2606 3265 2680; x_wconf 83' lang='lat' dir='ltr'><strong>dedit</strong></span> <span class='ocrx_word' id='word_1_411' title='bbox 3293 2617 3661 2699; x_wconf 86' lang='lat' dir='ltr'><strong>pontificem.</strong></span> 
     </span>
    </p>
   </div>
   <div class='ocr_carea' id='block_1_56' title="bbox 292 2701 1940 2787">
    <p class='ocr_par' dir='ltr' id='par_1_56' title="bbox 292 2703 1940 2786">
     <span class='ocr_line' id='line_1_56' title="bbox 292 2703 1940 2786; baseline -0.002 -23"><span class='ocrx_word' id='word_1_412' title='bbox 292 2706 381 2764; x_wconf 75' lang='grc' dir='ltr'>διὰ</span> <span class='ocrx_word' id='word_1_413' title='bbox 446 2707 511 2762; x_wconf 81' lang='grc' dir='ltr'><strong>τὸ</strong></span> <span class='ocrx_word' id='word_1_414' title='bbox 577 2703 839 2774; x_wconf 79' lang='grc' dir='ltr'>νηπιῶδες</span> <span class='ocrx_word' id='word_1_415' title='bbox 909 2711 1016 2762; x_wconf 85' lang='grc' dir='ltr'><strong>τῶν</strong></span> <span class='ocrx_word' id='word_1_416' title='bbox 1086 2706 1385 2763; x_wconf 77' lang='grc' dir='ltr'>ἀκουόντων</span> <span class='ocrx_word' id='word_1_417' title='bbox 1440 2704 1678 2786; x_wconf 67' lang='grc' dir='ltr'>εἴρηται,</span> <span class='ocrx_word' id='word_1_418' title='bbox 1757 2705 1817 2763; x_wconf 85' lang='grc' dir='ltr'>Τί</span> <span class='ocrx_word' id='word_1_419' title='bbox 1845 2705 1940 2783; x_wconf 79' lang='grc' dir='ltr'>γὰρ</span> 
     </span>
    </p>
   </div>
   <div class='ocr_carea' id='block_1_57' title="bbox 2023 2701 3657 2787">
    <p class='ocr_par' dir='ltr' id='par_1_57' title="bbox 2033 2701 3657 2787">
     <span class='ocr_line' id='line_1_57' title="bbox 2033 2701 3657 2787; baseline 0.004 -28"><span class='ocrx_word' id='word_1_420' title='bbox 2033 2722 2058 2758; x_wconf 82' lang='grc' dir='ltr'>(ι</span> <span class='ocrx_word' id='word_1_421' title='bbox 2091 2701 2239 2764; x_wconf 88' lang='lat' dir='ltr'><strong>Nam</strong></span> <span class='ocrx_word' id='word_1_422' title='bbox 2262 2706 2480 2784; x_wconf 45' lang='lat' dir='ltr'><strong>exihoc</strong></span> <span class='ocrx_word' id='word_1_423' title='bbox 2503 2706 2659 2787; x_wconf 90' lang='lat' dir='ltr'><strong>quod</strong></span> <span class='ocrx_word' id='word_1_424' title='bbox 2693 2706 2806 2787; x_wconf 92' lang='lat' dir='ltr'><strong>ipsi</strong></span> <span class='ocrx_word' id='word_1_425' title='bbox 2836 2707 3082 2786; x_wconf 80' lang='lat' dir='ltr'><strong>contigit</strong></span> <span class='ocrx_word' id='word_1_426' title='bbox 3124 2713 3410 2768; x_wconf 89' lang='lat' dir='ltr'><strong>tentatum</strong></span> <span class='ocrx_word' id='word_1_427' title='bbox 3440 2723 3595 2768; x_wconf 89' lang='lat' dir='ltr'><strong>esse.</strong></span> <span class='ocrx_word' id='word_1_428' title='bbox 3633 2730 3657 2765; x_wconf 75' lang='grc' dir='ltr'>ι</span> 
     </span>
    </p>
   </div>
   <div class='ocr_carea' id='block_1_58' title="bbox 291 2789 1940 2876">
    <p class='ocr_par' dir='ltr' id='par_1_58' title="bbox 291 2790 1940 2876">
     <span class='ocr_line' id='line_1_58' title="bbox 291 2790 1940 2876; baseline -0.002 -25"><span class='ocrx_word' id='word_1_429' title='bbox 291 2815 496 2876; x_wconf 58' lang='lat' dir='ltr'><strong>quam;</strong></span> <span class='ocrx_word' id='word_1_430' title='bbox 570 2794 660 2851; x_wconf 85' lang='grc' dir='ltr'>Ἐν</span> <span class='ocrx_word' id='word_1_431' title='bbox 716 2797 762 2868; x_wconf 84' lang='grc' dir='ltr'>ᾧ</span> <span class='ocrx_word' id='word_1_432' title='bbox 835 2794 937 2873; x_wconf 82' lang='grc' dir='ltr'><strong>γὰρ</strong></span> <span class='ocrx_word' id='word_1_433' title='bbox 1029 2795 1305 2870; x_wconf 76' lang='grc' dir='ltr'>πέπονθεν,</span> <span class='ocrx_word' id='word_1_434' title='bbox 1386 2796 1677 2868; x_wconf 80' lang='grc' dir='ltr'>τουτέστιν,</span> <span class='ocrx_word' id='word_1_435' title='bbox 1760 2790 1940 2859; x_wconf 81' lang='grc' dir='ltr'>ἐπειδὴ</span> 
     </span>
    </p>
   </div>
   <div class='ocr_carea' id='block_1_59' title="bbox 2023 2789 3668 2876">
    <p class='ocr_par' dir='ltr' id='par_1_59' title="bbox 2025 2789 3668 2876">
     <span class='ocr_line' id='line_1_59' title="bbox 2025 2789 3668 2876; baseline 0.003 -25"><span class='ocrx_word' id='word_1_436' title='bbox 2025 2789 2334 2871; x_wconf 84' lang='lat' dir='ltr'><strong>Abjectum</strong></span> <span class='ocrx_word' id='word_1_437' title='bbox 2399 2803 2489 2857; x_wconf 86' lang='lat' dir='ltr'><strong>est</strong></span> <span class='ocrx_word' id='word_1_438' title='bbox 2536 2796 2696 2876; x_wconf 92' lang='lat' dir='ltr'><strong>quod</strong></span> <span class='ocrx_word' id='word_1_439' title='bbox 2744 2795 2980 2868; x_wconf 84' lang='lat' dir='ltr'><strong>dicitur,</strong></span> <span class='ocrx_word' id='word_1_440' title='bbox 3034 2813 3145 2858; x_wconf 89' lang='lat' dir='ltr'><strong>nec</strong></span> <span class='ocrx_word' id='word_1_441' title='bbox 3199 2803 3395 2856; x_wconf 90' lang='lat' dir='ltr'><strong>tamen</strong></span> <span class='ocrx_word' id='word_1_442' title='bbox 3434 2794 3668 2856; x_wconf 81' lang='lat' dir='ltr'><strong>excedit</strong></span> 
     </span>
    </p>
   </div>
   <div class='ocr_carea' id='block_1_60' title="bbox 292 2880 1940 2964">
    <p class='ocr_par' dir='ltr' id='par_1_60' title="bbox 292 2883 1940 2964">
     <span class='ocr_line' id='line_1_60' title="bbox 292 2883 1940 2964; baseline -0.003 -22"><span class='ocrx_word' id='word_1_443' title='bbox 292 2884 551 2942; x_wconf 78' lang='grc' dir='ltr'>πέπονθεν</span> <span class='ocrx_word' id='word_1_444' title='bbox 622 2883 776 2946; x_wconf 70' lang='grc' dir='ltr'>αὐτὸς</span> <span class='ocrx_word' id='word_1_445' title='bbox 834 2884 908 2945; x_wconf 74' lang='grc' dir='ltr'>εἷς</span> <span class='ocrx_word' id='word_1_446' title='bbox 979 2884 1174 2939; x_wconf 73' lang='grc' dir='ltr'>οἰκεῖον</span> <span class='ocrx_word' id='word_1_447' title='bbox 1230 2890 1385 2958; x_wconf 82' lang='grc' dir='ltr'>σῶμα</span> <span class='ocrx_word' id='word_1_448' title='bbox 1441 2884 1757 2964; x_wconf 84' lang='grc' dir='ltr'>πειρασθεὶς,</span> <span class='ocrx_word' id='word_1_449' title='bbox 1804 2903 1940 2961; x_wconf 90' lang='grc' dir='ltr'>προ-</span> 
     </span>
    </p>
   </div>
   <div class='ocr_carea' id='block_1_61' title="bbox 2023 2880 3663 2964">
    <p class='ocr_par' dir='ltr' id='par_1_61' title="bbox 2025 2880 3663 2964">
     <span class='ocr_line' id='line_1_61' title="bbox 2025 2880 3663 2964; baseline 0.004 -26"><span class='ocrx_word' id='word_1_450' title='bbox 2025 2880 2263 2942; x_wconf 92' lang='lat' dir='ltr'><strong>modum</strong></span> <span class='ocrx_word' id='word_1_451' title='bbox 2303 2883 2976 2947; x_wconf 86' lang='lat' dir='ltr'><strong>exinanitionis.Deinde</strong></span> <span class='ocrx_word' id='word_1_452' title='bbox 3005 2884 3180 2946; x_wconf 91' lang='lat' dir='ltr'><strong>etiam</strong></span> <span class='ocrx_word' id='word_1_453' title='bbox 3205 2892 3663 2964; x_wconf 87' lang='lat' dir='ltr'><strong>proptereorum</strong></span> 
     </span>
    </p>
   </div>
   <div class='ocr_carea' id='block_1_62' title="bbox 291 2971 1654 3052">
    <p class='ocr_par' dir='ltr' id='par_1_62' title="bbox 291 2971 1654 3052">
     <span class='ocr_line' id='line_1_62' title="bbox 291 2971 1654 3052; baseline 0 -22"><span class='ocrx_word' id='word_1_454' title='bbox 291 2973 580 3051; x_wconf 75' lang='grc' dir='ltr'>θυμότερον</span> <span class='ocrx_word' id='word_1_455' title='bbox 675 2972 929 3047; x_wconf 75' lang='grc' dir='ltr'>βοηθήσει</span> <span class='ocrx_word' id='word_1_456' title='bbox 1023 2986 1139 3035; x_wconf 71' lang='grc' dir='ltr'>τοῖς</span> <span class='ocrx_word' id='word_1_457' title='bbox 1237 2971 1654 3052; x_wconf 82' lang='grc' dir='ltr'>πειραζομένοις.</span> 
     </span>
    </p>
   </div>
   <div class='ocr_carea' id='block_1_63' title="bbox 292 3060 1935 3139">
    <p class='ocr_par' dir='ltr' id='par_1_63' title="bbox 292 3060 1935 3139">
     <span class='ocr_line' id='line_1_63' title="bbox 292 3060 1935 3139; baseline -0.003 -19"><span class='ocrx_word' id='word_1_458' title='bbox 292 3064 451 3120; x_wconf 75' lang='grc' dir='ltr'>εἶπεν</span> <span class='ocrx_word' id='word_1_459' title='bbox 498 3078 521 3137; x_wconf 56' lang='grc'>⁸,</span> <span class='ocrx_word' id='word_1_460' title='bbox 576 3062 736 3139; x_wconf 81' lang='grc' dir='ltr'>Πείρᾳ</span> <span class='ocrx_word' id='word_1_461' title='bbox 805 3061 983 3136; x_wconf 85' lang='grc' dir='ltr'>μαθὼν</span> <span class='ocrx_word' id='word_1_462' title='bbox 1040 3061 1091 3116; x_wconf 87' lang='grc' dir='ltr'><strong>τί</strong></span> <span class='ocrx_word' id='word_1_463' title='bbox 1161 3060 1272 3117; x_wconf 84' lang='grc' dir='ltr'>ἐστι</span> <span class='ocrx_word' id='word_1_464' title='bbox 1327 3063 1388 3117; x_wconf 86' lang='grc' dir='ltr'><strong>τὸ</strong></span> <span class='ocrx_word' id='word_1_465' title='bbox 1443 3074 1761 3139; x_wconf 78' lang='grc' dir='ltr'>πειρασμοῖς</span> <span class='ocrx_word' id='word_1_466' title='bbox 1830 3081 1935 3116; x_wconf 88' lang='grc' dir='ltr'>πε-</span> 
     </span>
    </p>
   </div>
   <div class='ocr_carea' id='block_1_64' title="bbox 291 3148 1938 3230">
    <p class='ocr_par' dir='ltr' id='par_1_64' title="bbox 291 3148 1938 3230">
     <span class='ocr_line' id='line_1_64' title="bbox 291 3148 1938 3230; baseline -0.001 -23"><span class='ocrx_word' id='word_1_467' title='bbox 291 3164 558 3230; x_wconf 76' lang='grc' dir='ltr'>ριπεσεῖν,</span> <span class='ocrx_word' id='word_1_468' title='bbox 584 3152 707 3229; x_wconf 67' lang='grc' dir='ltr'>οὐχ</span> <span class='ocrx_word' id='word_1_469' title='bbox 740 3151 812 3213; x_wconf 83' lang='grc' dir='ltr'>ὡς</span> <span class='ocrx_word' id='word_1_470' title='bbox 843 3152 972 3213; x_wconf 85' lang='grc' dir='ltr'>Θεὸς</span> <span class='ocrx_word' id='word_1_471' title='bbox 1021 3150 1202 3226; x_wconf 85' lang='grc' dir='ltr'>μόνον,</span> <span class='ocrx_word' id='word_1_472' title='bbox 1267 3148 1408 3205; x_wconf 84' lang='grc' dir='ltr'>ἀλλὰ</span> <span class='ocrx_word' id='word_1_473' title='bbox 1463 3152 1551 3206; x_wconf 85' lang='grc' dir='ltr'><strong>καὶ</strong></span> <span class='ocrx_word' id='word_1_474' title='bbox 1606 3153 1678 3213; x_wconf 85' lang='grc' dir='ltr'>ὡς</span> <span class='ocrx_word' id='word_1_475' title='bbox 1733 3150 1938 3228; x_wconf 77' lang='grc' dir='ltr'>ἅνθρω-</span> 
     </span>
    </p>
   </div>
   <div class='ocr_carea' id='block_1_65' title="bbox 289 3235 1935 3318">
    <p class='ocr_par' dir='ltr' id='par_1_65' title="bbox 289 3235 1935 3318">
     <span class='ocr_line' id='line_1_65' title="bbox 289 3235 1935 3318; baseline -0.002 -21"><span class='ocrx_word' id='word_1_476' title='bbox 289 3263 395 3304; x_wconf 83' lang='grc' dir='ltr'><strong>πος</strong></span> <span class='ocrx_word' id='word_1_477' title='bbox 425 3239 581 3318; x_wconf 73' lang='grc' dir='ltr'>πείρα</span> <span class='ocrx_word' id='word_1_478' title='bbox 609 3239 789 3315; x_wconf 85' lang='grc' dir='ltr'>μαθὼν</span> <span class='ocrx_word' id='word_1_479' title='bbox 852 3239 911 3294; x_wconf 90' lang='grc' dir='ltr'><strong>τὸ</strong></span> <span class='ocrx_word' id='word_1_480' title='bbox 967 3240 1129 3302; x_wconf 81' lang='grc' dir='ltr'>πάθος</span> <span class='ocrx_word' id='word_1_481' title='bbox 1193 3235 1446 3316; x_wconf 79' lang='grc' dir='ltr'>(δύναται,</span> <span class='ocrx_word' id='word_1_482' title='bbox 1505 3238 1762 3313; x_wconf 84' lang='grc' dir='ltr'>τουτέστι,</span> <span class='ocrx_word' id='word_1_483' title='bbox 1794 3260 1935 3318; x_wconf 35' lang='grc' dir='ltr'>πρῌο-</span> 
     </span>
    </p>
   </div>
   <div class='ocr_carea' id='block_1_66' title="bbox 290 3308 1930 3408">
    <p class='ocr_par' dir='ltr' id='par_1_66' title="bbox 290 3308 1930 3408">
     <span class='ocr_line' id='line_1_66' title="bbox 290 3308 1930 3408; baseline 0 -23"><span class='ocrx_word' id='word_1_484' title='bbox 290 3308 578 3408; x_wconf 79' lang='grc' dir='ltr'>θυμότερὸν</span> <span class='ocrx_word' id='word_1_485' title='bbox 611 3308 620 3315; x_wconf 43' lang='grc'><em>’</em></span> <span class='ocrx_word' id='word_1_486' title='bbox 650 3326 813 3407; x_wconf 79' lang='grc' dir='ltr'>ὀρέξει</span> <span class='ocrx_word' id='word_1_487' title='bbox 868 3340 1032 3408; x_wconf 75' lang='grc' dir='ltr'>χεῖρα</span> <span class='ocrx_word' id='word_1_488' title='bbox 1098 3308 1214 3391; x_wconf 78' lang='grc' dir='ltr'>τοῖς</span> <span class='ocrx_word' id='word_1_489' title='bbox 1257 3308 1671 3407; x_wconf 61' lang='grc' dir='ltr'>πειραζομένοις.</span> <span class='ocrx_word' id='word_1_490' title='bbox 1721 3308 1801 3374; x_wconf 43' lang='grc' dir='ltr'><strong>-έ</strong></span> <span class='ocrx_word' id='word_1_491' title='bbox 1836 3308 1930 3400; x_wconf 53' lang='grc' dir='ltr'><strong>ἾὶΙ,</strong></span> 
     </span>
    </p>
   </div>
   <div class='ocr_carea' id='block_1_67' title="bbox 293 3417 1934 3498">
    <p class='ocr_par' dir='ltr' id='par_1_67' title="bbox 293 3417 1934 3498">
     <span class='ocr_line' id='line_1_67' title="bbox 293 3417 1934 3498; baseline -0.001 -23"><span class='ocrx_word' id='word_1_492' title='bbox 293 3417 520 3498; x_wconf 56' lang='grc' dir='ltr'><strong>[ΦΩΊκ]</strong></span> <span class='ocrx_word' id='word_1_493' title='bbox 569 3417 794 3473; x_wconf 83' lang='grc' dir='ltr'>Δύναται</span> <span class='ocrx_word' id='word_1_494' title='bbox 841 3429 958 3481; x_wconf 77' lang='grc' dir='ltr'>τοῖς</span> <span class='ocrx_word' id='word_1_495' title='bbox 1018 3418 1411 3496; x_wconf 71' lang='grc' dir='ltr'>πειραζομένοις</span> <span class='ocrx_word' id='word_1_496' title='bbox 1452 3417 1734 3492; x_wconf 80' lang='grc' dir='ltr'>βοηθῆσαι,</span> <span class='ocrx_word' id='word_1_497' title='bbox 1770 3417 1934 3480; x_wconf 72' lang='grc' dir='ltr'>οὕτως</span> 
     </span>
    </p>
   </div>
   <div class='ocr_carea' id='block_1_68' title="bbox 288 3503 1935 3585">
    <p class='ocr_par' dir='ltr' id='par_1_68' title="bbox 288 3503 1935 3585">
     <span class='ocr_line' id='line_1_68' title="bbox 288 3503 1935 3585; baseline -0.003 -20"><span class='ocrx_word' id='word_1_498' title='bbox 288 3507 611 3576; x_wconf 81' lang='grc' dir='ltr'>ἐκληπτέον.</span> <span class='ocrx_word' id='word_1_499' title='bbox 643 3503 862 3573; x_wconf 80' lang='grc' dir='ltr'>Ἐπειδῆ</span> <span class='ocrx_word' id='word_1_500' title='bbox 928 3506 1050 3585; x_wconf 78' lang='grc' dir='ltr'>γὰρ,</span> <span class='ocrx_word' id='word_1_501' title='bbox 1122 3507 1278 3584; x_wconf 77' lang='grc' dir='ltr'>φησὶν</span> <span class='ocrx_word' id='word_1_502' title='bbox 1319 3506 1673 3584; x_wconf 76' lang='grc' dir='ltr'>ἀναμαρτήτῳ</span> <span class='ocrx_word' id='word_1_503' title='bbox 1727 3505 1935 3579; x_wconf 86' lang='grc' dir='ltr'>σώματι</span> 
     </span>
    </p>
   </div>
   <div class='ocr_carea' id='block_1_69' title="bbox 288 3592 1933 3673">
    <p class='ocr_par' dir='ltr' id='par_1_69' title="bbox 288 3592 1933 3673">
     <span class='ocr_line' id='line_1_69' title="bbox 288 3592 1933 3673; baseline -0.004 -18"><span class='ocrx_word' id='word_1_504' title='bbox 288 3602 370 3673; x_wconf 78' lang='grc' dir='ltr'><strong>τῷ</strong></span> <span class='ocrx_word' id='word_1_505' title='bbox 428 3601 738 3670; x_wconf 77' lang='grc' dir='ltr'>Δεσποτικῷ</span> <span class='ocrx_word' id='word_1_506' title='bbox 807 3592 1139 3663; x_wconf 81' lang='grc' dir='ltr'>ἐπεπήδησεν</span> <span class='ocrx_word' id='word_1_507' title='bbox 1196 3597 1224 3650; x_wconf 88' lang='lat'><strong>6</strong></span> <span class='ocrx_word' id='word_1_508' title='bbox 1282 3598 1538 3672; x_wconf 84' lang='grc' dir='ltr'>Πονηρὸς,</span> <span class='ocrx_word' id='word_1_509' title='bbox 1595 3596 1683 3650; x_wconf 79' lang='grc' dir='ltr'><strong>καὶ</strong></span> <span class='ocrx_word' id='word_1_510' title='bbox 1742 3616 1933 3673; x_wconf 87' lang='grc' dir='ltr'>πειρα-</span> 
     </span>
    </p>
   </div>
   <div class='ocr_carea' id='block_1_70' title="bbox 292 3681 1933 3763">
    <p class='ocr_par' dir='ltr' id='par_1_70' title="bbox 292 3681 1933 3763">
     <span class='ocr_line' id='line_1_70' title="bbox 292 3681 1933 3763; baseline -0.004 -20"><span class='ocrx_word' id='word_1_511' title='bbox 292 3700 458 3763; x_wconf 76' lang='grc' dir='ltr'>σμοῖς</span> <span class='ocrx_word' id='word_1_512' title='bbox 515 3681 823 3762; x_wconf 73' lang='grc' dir='ltr'>περιϐαλεῖν</span> <span class='ocrx_word' id='word_1_513' title='bbox 880 3683 1129 3761; x_wconf 71' lang='grc' dir='ltr'>ἐπειράθη</span> <span class='ocrx_word' id='word_1_514' title='bbox 1165 3698 1178 3712; x_wconf 84' lang='grc'><strong>⁸</strong></span> <span class='ocrx_word' id='word_1_515' title='bbox 1223 3681 1333 3758; x_wconf 82' lang='grc' dir='ltr'><strong>(διὰ</strong></span> <span class='ocrx_word' id='word_1_516' title='bbox 1362 3683 1461 3761; x_wconf 81' lang='grc' dir='ltr'><strong>γὰρ</strong></span> <span class='ocrx_word' id='word_1_517' title='bbox 1525 3685 1709 3763; x_wconf 77' lang='grc' dir='ltr'>ἑαυτοῦ</span> <span class='ocrx_word' id='word_1_518' title='bbox 1759 3705 1933 3761; x_wconf 88' lang='grc' dir='ltr'>προσ-</span> 
     </span>
    </p>
   </div>
   <div class='ocr_carea' id='block_1_71' title="bbox 289 3770 1932 3852">
    <p class='ocr_par' dir='ltr' id='par_1_71' title="bbox 289 3770 1932 3852">
     <span class='ocr_line' id='line_1_71' title="bbox 289 3770 1932 3852; baseline -0.007 -21"><span class='ocrx_word' id='word_1_519' title='bbox 289 3773 449 3835; x_wconf 76' lang='grc' dir='ltr'>ἐϐαλε</span> <span class='ocrx_word' id='word_1_520' title='bbox 477 3773 738 3852; x_wconf 76' lang='grc' dir='ltr'>πειράζων</span> <span class='ocrx_word' id='word_1_521' title='bbox 772 3790 787 3806; x_wconf 87' lang='grc'>⁶</span> <span class='ocrx_word' id='word_1_522' title='bbox 832 3773 920 3828; x_wconf 82' lang='grc' dir='ltr'><strong>καὶ</strong></span> <span class='ocrx_word' id='word_1_523' title='bbox 988 3772 1108 3834; x_wconf 78' lang='grc' dir='ltr'>τοὺς</span> <span class='ocrx_word' id='word_1_524' title='bbox 1162 3770 1439 3834; x_wconf 84' lang='grc' dir='ltr'>Ἰουδαίους</span> <span class='ocrx_word' id='word_1_525' title='bbox 1484 3773 1637 3833; x_wconf 74' lang='grc' dir='ltr'>αὐτὸς</span> <span class='ocrx_word' id='word_1_526' title='bbox 1679 3771 1745 3837; x_wconf 80' lang='grc' dir='ltr'><strong>ἧν</strong></span> <span class='ocrx_word' id='word_1_527' title='bbox 1775 3774 1803 3827; x_wconf 88' lang='lat'><strong>6</strong></span> <span class='ocrx_word' id='word_1_528' title='bbox 1834 3771 1932 3826; x_wconf 85' lang='grc' dir='ltr'><strong>ἆν-</strong></span> 
     </span>
    </p>
   </div>
   <div class='ocr_carea' id='block_1_72' title="bbox 289 3859 1933 3944">
    <p class='ocr_par' dir='ltr' id='par_1_72' title="bbox 289 3859 1933 3944">
     <span class='ocr_line' id='line_1_72' title="bbox 289 3859 1933 3944; baseline -0.004 -23"><span class='ocrx_word' id='word_1_529' title='bbox 289 3865 532 3944; x_wconf 84' lang='grc' dir='ltr'>ερεθίζων</span> <span class='ocrx_word' id='word_1_530' title='bbox 561 3862 632 3927; x_wconf 82' lang='grc' dir='ltr'>εἷς</span> <span class='ocrx_word' id='word_1_531' title='bbox 685 3860 787 3928; x_wconf 75' lang='grc' dir='ltr'><strong>τήν</strong></span> <span class='ocrx_word' id='word_1_532' title='bbox 854 3861 989 3918; x_wconf 83' lang='grc' dir='ltr'>κατὰ</span> <span class='ocrx_word' id='word_1_533' title='bbox 1056 3868 1149 3917; x_wconf 80' lang='grc' dir='ltr'>τοῦ</span> <span class='ocrx_word' id='word_1_534' title='bbox 1234 3859 1501 3916; x_wconf 88' lang='grc' dir='ltr'>Δεσπότου</span> <span class='ocrx_word' id='word_1_535' title='bbox 1557 3861 1859 3939; x_wconf 78' lang='grc' dir='ltr'>μιαιφονίαν</span> 
     </span>
    </p>
   </div>
   <div class='ocr_carea' id='block_1_73' title="bbox 287 3948 1935 4029">
    <p class='ocr_par' dir='ltr' id='par_1_73' title="bbox 287 3948 1935 4029">
     <span class='ocr_line' id='line_1_73' title="bbox 287 3948 1935 4029; baseline -0.004 -18"><span class='ocrx_word' id='word_1_536' title='bbox 287 3954 405 4011; x_wconf 81' lang='grc' dir='ltr'>ἐπεὶ</span> <span class='ocrx_word' id='word_1_537' title='bbox 482 3951 571 4009; x_wconf 82' lang='grc' dir='ltr'><strong>οὗν</strong></span> <span class='ocrx_word' id='word_1_538' title='bbox 641 3949 1009 4028; x_wconf 78' lang='grc' dir='ltr'>ἀναμάρτητον</span> <span class='ocrx_word' id='word_1_539' title='bbox 1064 3948 1207 4028; x_wconf 75' lang='grc' dir='ltr'>ἔχων</span> <span class='ocrx_word' id='word_1_540' title='bbox 1306 3954 1461 4024; x_wconf 85' lang='grc' dir='ltr'>σῶμα</span> <span class='ocrx_word' id='word_1_541' title='bbox 1506 3948 1790 4029; x_wconf 75' lang='grc' dir='ltr'>ἐπειράσθη</span> <span class='ocrx_word' id='word_1_542' title='bbox 1846 3950 1935 4005; x_wconf 84' lang='grc' dir='ltr'><strong>καὶ</strong></span> 
     </span>
    </p>
   </div>
   <div class='ocr_carea' id='block_1_74' title="bbox 287 4036 1934 4119">
    <p class='ocr_par' dir='ltr' id='par_1_74' title="bbox 287 4036 1934 4119">
     <span class='ocr_line' id='line_1_74' title="bbox 287 4036 1934 4119; baseline -0.004 -20"><span class='ocrx_word' id='word_1_543' title='bbox 287 4043 571 4119; x_wconf 81' lang='grc' dir='ltr'>πέπονθεν,</span> <span class='ocrx_word' id='word_1_544' title='bbox 601 4039 756 4118; x_wconf 76' lang='grc' dir='ltr'>ἰσχὺν</span> <span class='ocrx_word' id='word_1_545' title='bbox 799 4036 999 4094; x_wconf 86' lang='grc' dir='ltr'>δικαίαν</span> <span class='ocrx_word' id='word_1_546' title='bbox 1066 4038 1155 4094; x_wconf 87' lang='grc' dir='ltr'><strong>καὶ</strong></span> <span class='ocrx_word' id='word_1_547' title='bbox 1224 4036 1438 4116; x_wconf 70' lang='grc' dir='ltr'>εὔλογον</span> <span class='ocrx_word' id='word_1_548' title='bbox 1492 4037 1610 4118; x_wconf 72' lang='grc' dir='ltr'>ἔχει</span> <span class='ocrx_word' id='word_1_549' title='bbox 1666 4039 1803 4095; x_wconf 83' lang='grc' dir='ltr'>κατὰ</span> <span class='ocrx_word' id='word_1_550' title='bbox 1843 4044 1934 4094; x_wconf 77' lang='grc' dir='ltr'>τοῦ</span> 
     </span>
    </p>
   </div>
   <div class='ocr_carea' id='block_1_75' title="bbox 294 4123 1932 4208">
    <p class='ocr_par' dir='ltr' id='par_1_75' title="bbox 294 4123 1932 4208">
     <span class='ocr_line' id='line_1_75' title="bbox 294 4123 1932 4208; baseline -0.002 -21"><span class='ocrx_word' id='word_1_551' title='bbox 294 4136 557 4208; x_wconf 82' lang='grc' dir='ltr'>Πονηροῠ,</span> <span class='ocrx_word' id='word_1_552' title='bbox 590 4130 678 4185; x_wconf 84' lang='grc' dir='ltr'><strong>καὶ</strong></span> <span class='ocrx_word' id='word_1_553' title='bbox 721 4128 842 4191; x_wconf 81' lang='grc' dir='ltr'>τοὺς</span> <span class='ocrx_word' id='word_1_554' title='bbox 925 4123 1009 4206; x_wconf 73' lang='grc' dir='ltr'><strong>ὑφ’</strong></span> <span class='ocrx_word' id='word_1_555' title='bbox 1062 4127 1317 4206; x_wconf 83' lang='grc' dir='ltr'>ἁμαρτίας</span> <span class='ocrx_word' id='word_1_556' title='bbox 1382 4126 1662 4193; x_wconf 76' lang='grc' dir='ltr'>τελοῦντας</span> <span class='ocrx_word' id='word_1_557' title='bbox 1727 4128 1932 4207; x_wconf 86' lang='grc' dir='ltr'>ἀνθρώ-</span> 
     </span>
    </p>
   </div>
   <div class='ocr_carea' id='block_1_76' title="bbox 287 4215 1933 4297">
    <p class='ocr_par' dir='ltr' id='par_1_76' title="bbox 287 4215 1933 4297">
     <span class='ocr_line' id='line_1_76' title="bbox 287 4215 1933 4297; baseline -0.003 -20"><span class='ocrx_word' id='word_1_558' title='bbox 287 4241 421 4282; x_wconf 75' lang='grc' dir='ltr'>πους</span> <span class='ocrx_word' id='word_1_559' title='bbox 481 4216 799 4297; x_wconf 74' lang='grc' dir='ltr'>ἀφαρπάζειν</span> <span class='ocrx_word' id='word_1_560' title='bbox 881 4220 987 4271; x_wconf 86' lang='grc' dir='ltr'><strong>τῶν</strong></span> <span class='ocrx_word' id='word_1_561' title='bbox 1083 4215 1283 4273; x_wconf 74' lang='grc' dir='ltr'>ἐκεῖθεν</span> <span class='ocrx_word' id='word_1_562' title='bbox 1342 4215 1683 4295; x_wconf 77' lang='grc' dir='ltr'>ἐπαγομένων</span> <span class='ocrx_word' id='word_1_563' title='bbox 1739 4237 1933 4294; x_wconf 84' lang='grc' dir='ltr'>πειρα-</span> 
     </span>
    </p>
   </div>
   <div class='ocr_carea' id='block_1_77' title="bbox 287 4303 1929 4386">
    <p class='ocr_par' dir='ltr' id='par_1_77' title="bbox 287 4303 1929 4386">
     <span class='ocr_line' id='line_1_77' title="bbox 287 4303 1929 4386; baseline -0.001 -23"><span class='ocrx_word' id='word_1_564' title='bbox 287 4314 467 4386; x_wconf 83' lang='grc' dir='ltr'>σμῶν,</span> <span class='ocrx_word' id='word_1_565' title='bbox 520 4307 608 4362; x_wconf 79' lang='grc' dir='ltr'><strong>καὶ</strong></span> <span class='ocrx_word' id='word_1_566' title='bbox 663 4305 857 4381; x_wconf 78' lang='grc' dir='ltr'>βοηθὸς</span> <span class='ocrx_word' id='word_1_567' title='bbox 913 4303 1248 4361; x_wconf 84' lang='grc' dir='ltr'>καθίστασθαι</span> <span class='ocrx_word' id='word_1_568' title='bbox 1334 4318 1453 4368; x_wconf 78' lang='grc' dir='ltr'>τοῖς</span> <span class='ocrx_word' id='word_1_569' title='bbox 1509 4304 1929 4381; x_wconf 83' lang='grc' dir='ltr'>πειραζομένοις.</span> 
     </span>
    </p>
   </div>
   <div class='ocr_carea' id='block_1_78' title="bbox 1746 2963 3663 3049">
    <p class='ocr_par' dir='ltr' id='par_1_78' title="bbox 1746 2963 3663 3049">
     <span class='ocr_line' id='line_1_78' title="bbox 1746 2963 3663 3049; baseline 0.003 -24"><span class='ocrx_word' id='word_1_570' title='bbox 1746 2963 1836 3034; x_wconf 72' lang='grc' dir='ltr'>Ὠς</span> <span class='ocrx_word' id='word_1_571' title='bbox 1895 2970 1998 3038; x_wconf 78' lang='grc' dir='ltr'>εἷο</span> <span class='ocrx_word' id='word_1_572' title='bbox 2024 2968 2122 3046; x_wconf 91' lang='lat' dir='ltr'><strong>qui</strong></span> <span class='ocrx_word' id='word_1_573' title='bbox 2155 2971 2400 3033; x_wconf 92' lang='lat' dir='ltr'><strong>audiunt</strong></span> <span class='ocrx_word' id='word_1_574' title='bbox 2427 2974 2757 3049; x_wconf 82' lang='lat' dir='ltr'><strong>infantiam,</strong></span> <span class='ocrx_word' id='word_1_575' title='bbox 2792 2975 3015 3037; x_wconf 91' lang='lat' dir='ltr'><strong>dictum</strong></span> <span class='ocrx_word' id='word_1_576' title='bbox 3044 2963 3509 3046; x_wconf 85' lang='lat' dir='ltr'><strong>est.Quideuim</strong></span> <span class='ocrx_word' id='word_1_577' title='bbox 3540 2975 3663 3035; x_wconf 81' lang='lat' dir='ltr'><strong>ait?</strong></span> 
     </span>
    </p>
   </div>
   <div class='ocr_carea' id='block_1_79' title="bbox 2020 3054 3661 3143">
    <p class='ocr_par' dir='ltr' id='par_1_79' title="bbox 2020 3054 3661 3143">
     <span class='ocr_line' id='line_1_79' title="bbox 2020 3054 3661 3143; baseline 0.002 -27"><span class='ocrx_word' id='word_1_578' title='bbox 2020 3054 2103 3116; x_wconf 85' lang='lat' dir='ltr'><strong>Ex</strong></span> <span class='ocrx_word' id='word_1_579' title='bbox 2131 3059 2243 3121; x_wconf 89' lang='lat' dir='ltr'><strong>hoc</strong></span> <span class='ocrx_word' id='word_1_580' title='bbox 2272 3061 2428 3142; x_wconf 92' lang='lat' dir='ltr'><strong>quod</strong></span> <span class='ocrx_word' id='word_1_581' title='bbox 2455 3061 2568 3143; x_wconf 91' lang='lat' dir='ltr'><strong>ipsi</strong></span> <span class='ocrx_word' id='word_1_582' title='bbox 2594 3062 2837 3141; x_wconf 82' lang='lat' dir='ltr'><strong>contigit</strong></span> <span class='ocrx_word' id='word_1_583' title='bbox 2859 3083 2873 3123; x_wconf 90' lang='lat'>:</span> <span class='ocrx_word' id='word_1_584' title='bbox 2893 3064 3006 3124; x_wconf 90' lang='lat' dir='ltr'><strong>hoc</strong></span> <span class='ocrx_word' id='word_1_585' title='bbox 3043 3074 3154 3138; x_wconf 90' lang='lat' dir='ltr'><strong>est,</strong></span> <span class='ocrx_word' id='word_1_586' title='bbox 3180 3059 3661 3141; x_wconf 89' lang='lat' dir='ltr'><strong>quandoquidem</strong></span> 
     </span>
    </p>
   </div>
   <div class='ocr_carea' id='block_1_80' title="bbox 2023 3148 3664 3232">
    <p class='ocr_par' dir='ltr' id='par_1_80' title="bbox 2023 3148 3664 3232">
     <span class='ocr_line' id='line_1_80' title="bbox 2023 3148 3664 3232; baseline 0 -24"><span class='ocrx_word' id='word_1_587' title='bbox 2023 3148 2137 3226; x_wconf 89' lang='lat' dir='ltr'><strong>ipsi</strong></span> <span class='ocrx_word' id='word_1_588' title='bbox 2167 3151 2384 3211; x_wconf 88' lang='lat' dir='ltr'><strong>accidit</strong></span> <span class='ocrx_word' id='word_1_589' title='bbox 2413 3160 2474 3211; x_wconf 89' lang='lat' dir='ltr'><strong>ut</strong></span> <span class='ocrx_word' id='word_1_590' title='bbox 2502 3150 2631 3231; x_wconf 91' lang='lat' dir='ltr'><strong>ipse</strong></span> <span class='ocrx_word' id='word_1_591' title='bbox 2663 3151 2900 3232; x_wconf 86' lang='lat' dir='ltr'><strong>proprio</strong></span> <span class='ocrx_word' id='word_1_592' title='bbox 2947 3168 3201 3231; x_wconf 92' lang='lat' dir='ltr'><strong>corpore</strong></span> <span class='ocrx_word' id='word_1_593' title='bbox 3247 3156 3577 3213; x_wconf 88' lang='lat' dir='ltr'><strong>tentaretur</strong></span> <span class='ocrx_word' id='word_1_594' title='bbox 3605 3154 3664 3209; x_wconf 91' lang='lat' dir='ltr'><strong>et</strong></span> 
     </span>
    </p>
   </div>
   <div class='ocr_carea' id='block_1_81' title="bbox 2021 3236 3660 3319">
    <p class='ocr_par' dir='ltr' id='par_1_81' title="bbox 2021 3236 3660 3319">
     <span class='ocr_line' id='line_1_81' title="bbox 2021 3236 3660 3319; baseline -0.001 -21"><span class='ocrx_word' id='word_1_595' title='bbox 2021 3237 2405 3316; x_wconf 77' lang='lat' dir='ltr'><strong>afﬂigeretur,</strong></span> <span class='ocrx_word' id='word_1_596' title='bbox 2458 3240 2785 3319; x_wconf 89' lang='lat' dir='ltr'><strong>promptius</strong></span> <span class='ocrx_word' id='word_1_597' title='bbox 2841 3238 3223 3302; x_wconf 81' lang='lat' dir='ltr'><strong>auxiliabitur</strong></span> <span class='ocrx_word' id='word_1_598' title='bbox 3249 3237 3341 3299; x_wconf 88' lang='lat' dir='ltr'><strong>bis</strong></span> <span class='ocrx_word' id='word_1_599' title='bbox 3380 3238 3481 3318; x_wconf 90' lang='lat' dir='ltr'><strong>qui</strong></span> <span class='ocrx_word' id='word_1_600' title='bbox 3505 3236 3660 3298; x_wconf 87' lang='lat' dir='ltr'><strong>affli-</strong></span> 
     </span>
    </p>
   </div>
   <div class='ocr_carea' id='block_1_82' title="bbox 2020 3323 3657 3407">
    <p class='ocr_par' dir='ltr' id='par_1_82' title="bbox 2020 3323 3657 3407">
     <span class='ocr_line' id='line_1_82' title="bbox 2020 3323 3657 3407; baseline -0.002 -20"><span class='ocrx_word' id='word_1_601' title='bbox 2020 3336 2255 3405; x_wconf 84' lang='lat' dir='ltr'><strong>guntur.</strong></span> <span class='ocrx_word' id='word_1_602' title='bbox 2292 3328 2376 3389; x_wconf 89' lang='lat' dir='ltr'><strong>Ac</strong></span> <span class='ocrx_word' id='word_1_603' title='bbox 2406 3328 2457 3387; x_wconf 91' lang='lat' dir='ltr'><strong>si</strong></span> <span class='ocrx_word' id='word_1_604' title='bbox 2478 3328 2705 3389; x_wconf 88' lang='lat' dir='ltr'><strong>diceret</strong></span> <span class='ocrx_word' id='word_1_605' title='bbox 2742 3345 2755 3389; x_wconf 92' lang='lat'><strong>:</strong></span> <span class='ocrx_word' id='word_1_606' title='bbox 2802 3329 2945 3391; x_wconf 92' lang='lat' dir='ltr'><strong>Cum</strong></span> <span class='ocrx_word' id='word_1_607' title='bbox 2969 3326 3335 3407; x_wconf 85' lang='lat' dir='ltr'><strong>experientia</strong></span> <span class='ocrx_word' id='word_1_608' title='bbox 3357 3323 3657 3399; x_wconf 89' lang='lat' dir='ltr'><strong>didicerit,</strong></span> 
     </span>
    </p>
   </div>
   <div class='ocr_carea' id='block_1_83' title="bbox 2020 3412 3661 3495">
    <p class='ocr_par' dir='ltr' id='par_1_83' title="bbox 2020 3412 3661 3495">
     <span class='ocr_line' id='line_1_83' title="bbox 2020 3412 3661 3495; baseline -0.002 -20"><span class='ocrx_word' id='word_1_609' title='bbox 2020 3415 2159 3495; x_wconf 93' lang='lat' dir='ltr'><strong>quid</strong></span> <span class='ocrx_word' id='word_1_610' title='bbox 2192 3415 2268 3475; x_wconf 94' lang='lat' dir='ltr'><strong>sit</strong></span> <span class='ocrx_word' id='word_1_611' title='bbox 2288 3416 2347 3476; x_wconf 92' lang='lat' dir='ltr'><strong>in</strong></span> <span class='ocrx_word' id='word_1_612' title='bbox 2380 3417 2734 3478; x_wconf 90' lang='lat' dir='ltr'><strong>tentationes</strong></span> <span class='ocrx_word' id='word_1_613' title='bbox 2774 3425 2832 3478; x_wconf 93' lang='lat' dir='ltr'><strong>et</strong></span> <span class='ocrx_word' id='word_1_614' title='bbox 2861 3415 3215 3478; x_wconf 80' lang='lat' dir='ltr'><strong>afflictiones</strong></span> <span class='ocrx_word' id='word_1_615' title='bbox 3242 3412 3661 3475; x_wconf 80' lang='lat' dir='ltr'><strong>incidereznon</strong></span> 
     </span>
    </p>
   </div>
   <div class='ocr_carea' id='block_1_84' title="bbox 2018 3500 3657 3583">
    <p class='ocr_par' dir='ltr' id='par_1_84' title="bbox 2018 3500 3657 3583">
     <span class='ocr_line' id='line_1_84' title="bbox 2018 3500 3657 3583; baseline -0.001 -20"><span class='ocrx_word' id='word_1_616' title='bbox 2018 3503 2207 3565; x_wconf 90' lang='lat' dir='ltr'><strong>solum</strong></span> <span class='ocrx_word' id='word_1_617' title='bbox 2234 3518 2297 3566; x_wconf 72' lang='lat' dir='ltr'><strong>ut</strong></span> <span class='ocrx_word' id='word_1_618' title='bbox 2324 3504 2891 3574; x_wconf 77' lang='lat' dir='ltr'><strong>Deus,verumetiam</strong></span> <span class='ocrx_word' id='word_1_619' title='bbox 2922 3512 2990 3567; x_wconf 84' lang='lat' dir='ltr'><strong>ut</strong></span> <span class='ocrx_word' id='word_1_620' title='bbox 3009 3505 3186 3564; x_wconf 91' lang='lat' dir='ltr'><strong>homo</strong></span> <span class='ocrx_word' id='word_1_621' title='bbox 3216 3501 3318 3582; x_wconf 90' lang='lat' dir='ltr'><strong>qui</strong></span> <span class='ocrx_word' id='word_1_622' title='bbox 3347 3500 3657 3583; x_wconf 82' lang='lat' dir='ltr'><strong>experien-</strong></span> 
     </span>
    </p>
   </div>
   <div class='ocr_carea' id='block_1_85' title="bbox 2020 3589 3658 3675">
    <p class='ocr_par' dir='ltr' id='par_1_85' title="bbox 2020 3589 3658 3675">
     <span class='ocr_line' id='line_1_85' title="bbox 2020 3589 3658 3675; baseline 0.001 -23"><span class='ocrx_word' id='word_1_623' title='bbox 2020 3592 2098 3653; x_wconf 92' lang='lat' dir='ltr'><strong>tia</strong></span> <span class='ocrx_word' id='word_1_624' title='bbox 2128 3593 2393 3675; x_wconf 89' lang='lat' dir='ltr'><strong>percepit</strong></span> <span class='ocrx_word' id='word_1_625' title='bbox 2420 3593 2828 3675; x_wconf 74' lang='lat' dir='ltr'><strong>afllictiouem,</strong></span> <span class='ocrx_word' id='word_1_626' title='bbox 2864 3600 3075 3674; x_wconf 91' lang='lat' dir='ltr'><strong>potest,</strong></span> <span class='ocrx_word' id='word_1_627' title='bbox 3109 3589 3170 3651; x_wconf 90' lang='lat' dir='ltr'><strong>id</strong></span> <span class='ocrx_word' id='word_1_628' title='bbox 3184 3599 3292 3666; x_wconf 91' lang='lat' dir='ltr'><strong>est,</strong></span> <span class='ocrx_word' id='word_1_629' title='bbox 3320 3589 3658 3671; x_wconf 90' lang='lat' dir='ltr'><strong>promptius</strong></span> 
     </span>
    </p>
   </div>
   <div class='ocr_carea' id='block_1_86' title="bbox 2018 3677 3657 3762">
    <p class='ocr_par' dir='ltr' id='par_1_86' title="bbox 2018 3677 3657 3762">
     <span class='ocr_line' id='line_1_86' title="bbox 2018 3677 3657 3762; baseline -0.001 -22"><span class='ocrx_word' id='word_1_630' title='bbox 2018 3699 2257 3742; x_wconf 91' lang='lat' dir='ltr'><strong>manum</strong></span> <span class='ocrx_word' id='word_1_631' title='bbox 2300 3682 2565 3762; x_wconf 84' lang='lat' dir='ltr'><strong>porriget</strong></span> <span class='ocrx_word' id='word_1_632' title='bbox 2602 3681 2854 3743; x_wconf 86' lang='lat' dir='ltr'><strong>afflictis.</strong></span> <span class='ocrx_word' id='word_1_633' title='bbox 2906 3682 3072 3743; x_wconf 88' lang='lat' dir='ltr'><strong>Aut:</strong></span> <span class='ocrx_word' id='word_1_634' title='bbox 3101 3714 3161 3724; x_wconf 91' lang='lat'><strong>—-</strong></span> <span class='ocrx_word' id='word_1_635' title='bbox 3223 3680 3426 3741; x_wconf 88' lang='lat' dir='ltr'><strong>Potest</strong></span> <span class='ocrx_word' id='word_1_636' title='bbox 3452 3677 3526 3739; x_wconf 88' lang='lat' dir='ltr'><strong>iis</strong></span> <span class='ocrx_word' id='word_1_637' title='bbox 3554 3677 3657 3758; x_wconf 91' lang='lat' dir='ltr'><strong>qui</strong></span> 
     </span>
    </p>
   </div>
   <div class='ocr_carea' id='block_1_87' title="bbox 2016 3766 3653 3851">
    <p class='ocr_par' dir='ltr' id='par_1_87' title="bbox 2016 3766 3653 3851">
     <span class='ocr_line' id='line_1_87' title="bbox 2016 3766 3653 3851; baseline -0.002 -21"><span class='ocrx_word' id='word_1_638' title='bbox 2016 3777 2322 3832; x_wconf 90' lang='lat' dir='ltr'><strong>tentantur</strong></span> <span class='ocrx_word' id='word_1_639' title='bbox 2368 3789 2743 3851; x_wconf 84' lang='lat' dir='ltr'><strong>succurrere,</strong></span> <span class='ocrx_word' id='word_1_640' title='bbox 2792 3771 2875 3832; x_wconf 87' lang='lat' dir='ltr'><strong>ita</strong></span> <span class='ocrx_word' id='word_1_641' title='bbox 2917 3767 3330 3849; x_wconf 89' lang='lat' dir='ltr'><strong>accipiendum</strong></span> <span class='ocrx_word' id='word_1_642' title='bbox 3361 3775 3471 3830; x_wconf 89' lang='lat' dir='ltr'><strong>est.</strong></span> <span class='ocrx_word' id='word_1_643' title='bbox 3503 3766 3653 3827; x_wconf 87' lang='lat' dir='ltr'><strong>Nam</strong></span> 
     </span>
    </p>
   </div>
   <div class='ocr_carea' id='block_1_88' title="bbox 2016 3854 3654 3939">
    <p class='ocr_par' dir='ltr' id='par_1_88' title="bbox 2016 3854 3654 3939">
     <span class='ocr_line' id='line_1_88' title="bbox 2016 3854 3654 3939; baseline -0.003 -19"><span class='ocrx_word' id='word_1_644' title='bbox 2016 3862 2156 3939; x_wconf 87' lang='lat' dir='ltr'><strong>quia</strong></span> <span class='ocrx_word' id='word_1_645' title='bbox 2204 3860 2497 3938; x_wconf 89' lang='lat' dir='ltr'><strong>malignus</strong></span> <span class='ocrx_word' id='word_1_646' title='bbox 2541 3860 2641 3921; x_wconf 91' lang='lat' dir='ltr'><strong>ille</strong></span> <span class='ocrx_word' id='word_1_647' title='bbox 2674 3858 2886 3920; x_wconf 89' lang='lat' dir='ltr'><strong>insiliit</strong></span> <span class='ocrx_word' id='word_1_648' title='bbox 2913 3857 2975 3919; x_wconf 91' lang='lat' dir='ltr'><strong>in</strong></span> <span class='ocrx_word' id='word_1_649' title='bbox 3006 3874 3222 3937; x_wconf 92' lang='lat' dir='ltr'><strong>corpus</strong></span> <span class='ocrx_word' id='word_1_650' title='bbox 3276 3854 3654 3918; x_wconf 86' lang='lat' dir='ltr'><strong>Dominicum</strong></span> 
     </span>
    </p>
   </div>
   <div class='ocr_carea' id='block_1_89' title="bbox 2016 3942 3654 4030">
    <p class='ocr_par' dir='ltr' id='par_1_89' title="bbox 2016 3942 3654 4030">
     <span class='ocr_line' id='line_1_89' title="bbox 2016 3942 3654 4030; baseline -0.003 -21"><span class='ocrx_word' id='word_1_651' title='bbox 2016 3950 2171 4029; x_wconf 85' lang='lat' dir='ltr'><strong>quod</strong></span> <span class='ocrx_word' id='word_1_652' title='bbox 2213 3968 2424 4030; x_wconf 86' lang='lat' dir='ltr'><strong>expers</strong></span> <span class='ocrx_word' id='word_1_653' title='bbox 2452 3958 2579 4011; x_wconf 89' lang='lat' dir='ltr'><strong>erat</strong></span> <span class='ocrx_word' id='word_1_654' title='bbox 2598 3946 2839 4009; x_wconf 90' lang='lat' dir='ltr'><strong>omnino</strong></span> <span class='ocrx_word' id='word_1_655' title='bbox 2864 3946 3119 4029; x_wconf 84' lang='lat' dir='ltr'><strong>peccati,</strong></span> <span class='ocrx_word' id='word_1_656' title='bbox 3150 3953 3210 4009; x_wconf 89' lang='lat' dir='ltr'><strong>et</strong></span> <span class='ocrx_word' id='word_1_657' title='bbox 3235 3942 3654 4007; x_wconf 87' lang='lat' dir='ltr'><strong>tentationibus</strong></span> 
     </span>
    </p>
   </div>
   <div class='ocr_carea' id='block_1_90' title="bbox 2017 4036 3655 4118">
    <p class='ocr_par' dir='ltr' id='par_1_90' title="bbox 2017 4036 3655 4118">
     <span class='ocr_line' id='line_1_90' title="bbox 2017 4036 3655 4118; baseline -0.004 -18"><span class='ocrx_word' id='word_1_658' title='bbox 2017 4048 2074 4100; x_wconf 92' lang='lat' dir='ltr'><strong>et</strong></span> <span class='ocrx_word' id='word_1_659' title='bbox 2102 4038 2519 4101; x_wconf 89' lang='lat' dir='ltr'><strong>afflictionibus</strong></span> <span class='ocrx_word' id='word_1_660' title='bbox 2550 4036 2857 4118; x_wconf 86' lang='lat' dir='ltr'><strong>implicare</strong></span> <span class='ocrx_word' id='word_1_661' title='bbox 2887 4045 3133 4098; x_wconf 91' lang='lat' dir='ltr'><strong>conatus</strong></span> <span class='ocrx_word' id='word_1_662' title='bbox 3153 4042 3271 4097; x_wconf 88' lang='lat' dir='ltr'><strong>est:</strong></span> <span class='ocrx_word' id='word_1_663' title='bbox 3308 4052 3445 4095; x_wconf 91' lang='lat' dir='ltr'><strong>nam</strong></span> <span class='ocrx_word' id='word_1_664' title='bbox 3467 4041 3526 4094; x_wconf 92' lang='lat' dir='ltr'><strong>et</strong></span> <span class='ocrx_word' id='word_1_665' title='bbox 3549 4050 3655 4113; x_wconf 92' lang='lat' dir='ltr'><strong>per</strong></span> 
     </span>
    </p>
   </div>
   <div class='ocr_carea' id='block_1_91' title="bbox 2013 4123 3651 4206">
    <p class='ocr_par' dir='ltr' id='par_1_91' title="bbox 2013 4123 3651 4206">
     <span class='ocr_line' id='line_1_91' title="bbox 2013 4123 3651 4206; baseline -0.004 -18"><span class='ocrx_word' id='word_1_666' title='bbox 2013 4128 2273 4206; x_wconf 90' lang='lat' dir='ltr'><strong>seipsum</strong></span> <span class='ocrx_word' id='word_1_667' title='bbox 2297 4128 2931 4204; x_wconf 88' lang='lat' dir='ltr'><strong>tentandooccurrit,et</strong></span> <span class='ocrx_word' id='word_1_668' title='bbox 2953 4124 3325 4205; x_wconf 59' lang='lat' dir='ltr'><strong>Judaeosipse</strong></span> <span class='ocrx_word' id='word_1_669' title='bbox 3344 4123 3407 4183; x_wconf 91' lang='lat' dir='ltr'><strong>in</strong></span> <span class='ocrx_word' id='word_1_670' title='bbox 3428 4125 3651 4184; x_wconf 70' lang='lat' dir='ltr'><strong>caedem</strong></span> 
     </span>
    </p>
   </div>
   <div class='ocr_carea' id='block_1_92' title="bbox 2014 4210 3651 4296">
    <p class='ocr_par' dir='ltr' id='par_1_92' title="bbox 2014 4210 3651 4296">
     <span class='ocr_line' id='line_1_92' title="bbox 2014 4210 3651 4296; baseline -0.004 -18"><span class='ocrx_word' id='word_1_671' title='bbox 2014 4217 2301 4278; x_wconf 82' lang='lat' dir='ltr'><strong>adversus</strong></span> <span class='ocrx_word' id='word_1_672' title='bbox 2358 4215 2670 4276; x_wconf 91' lang='lat' dir='ltr'><strong>Dominum</strong></span> <span class='ocrx_word' id='word_1_673' title='bbox 2720 4215 3030 4277; x_wconf 89' lang='lat' dir='ltr'><strong>concitavit</strong></span> <span class='ocrx_word' id='word_1_674' title='bbox 3061 4232 3074 4277; x_wconf 94' lang='lat'><strong>:</strong></span> <span class='ocrx_word' id='word_1_675' title='bbox 3101 4214 3240 4296; x_wconf 90' lang='lat' dir='ltr'><strong>quia</strong></span> <span class='ocrx_word' id='word_1_676' title='bbox 3284 4210 3481 4290; x_wconf 82' lang='lat' dir='ltr'><strong>igitur,</strong></span> <span class='ocrx_word' id='word_1_677' title='bbox 3517 4230 3651 4272; x_wconf 90' lang='lat' dir='ltr'><strong>cum</strong></span> 
     </span>
    </p>
   </div>
   <div class='ocr_carea' id='block_1_93' title="bbox 2015 4303 3653 4385">
    <p class='ocr_par' dir='ltr' id='par_1_93' title="bbox 2015 4303 3653 4385">
     <span class='ocr_line' id='line_1_93' title="bbox 2015 4303 3653 4385; baseline -0.003 -20"><span class='ocrx_word' id='word_1_678' title='bbox 2015 4323 2236 4385; x_wconf 78' lang='lat' dir='ltr'><strong>corpus</strong></span> <span class='ocrx_word' id='word_1_679' title='bbox 2282 4303 2529 4366; x_wconf 89' lang='lat' dir='ltr'><strong>haberet</strong></span> <span class='ocrx_word' id='word_1_680' title='bbox 2568 4304 2714 4365; x_wconf 90' lang='lat' dir='ltr'><strong>nulli</strong></span> <span class='ocrx_word' id='word_1_681' title='bbox 2745 4311 2984 4384; x_wconf 77' lang='lat' dir='ltr'><strong>peccato</strong></span> <span class='ocrx_word' id='word_1_682' title='bbox 3014 4303 3360 4377; x_wconf 87' lang='lat' dir='ltr'><strong>obnoxium,</strong></span> <span class='ocrx_word' id='word_1_683' title='bbox 3394 4308 3653 4362; x_wconf 86' lang='lat' dir='ltr'><strong>tentatus</strong></span> 
     </span>
    </p>
   </div>
   <div class='ocr_carea' id='block_1_94' title="bbox 310 4388 1940 4476">
    <p class='ocr_par' dir='ltr' id='par_1_94' title="bbox 310 4391 1931 4475">
     <span class='ocr_line' id='line_1_94' title="bbox 310 4391 1931 4475; baseline 0 -26"><span class='ocrx_word' id='word_1_684' title='bbox 310 4404 359 4456; x_wconf 82' lang='grc' dir='ltr'><strong><em>Η</em></strong></span> <span class='ocrx_word' id='word_1_685' title='bbox 427 4396 528 4475; x_wconf 71' lang='grc' dir='ltr'><strong>γὰρ</strong></span> <span class='ocrx_word' id='word_1_686' title='bbox 581 4394 718 4449; x_wconf 81' lang='grc' dir='ltr'>κατὰ</span> <span class='ocrx_word' id='word_1_687' title='bbox 785 4401 877 4451; x_wconf 81' lang='grc' dir='ltr'><strong>τοῦ</strong></span> <span class='ocrx_word' id='word_1_688' title='bbox 929 4391 1299 4472; x_wconf 83' lang='grc' dir='ltr'>ἀναμαρτήτου</span> <span class='ocrx_word' id='word_1_689' title='bbox 1372 4394 1616 4470; x_wconf 86' lang='grc' dir='ltr'>σώματος</span> <span class='ocrx_word' id='word_1_690' title='bbox 1672 4394 1931 4473; x_wconf 81' lang='grc' dir='ltr'>θρασύτης</span> 
     </span>
    </p>
   </div>
   <div class='ocr_carea' id='block_1_95' title="bbox 2023 4388 3649 4476">
    <p class='ocr_par' dir='ltr' id='par_1_95' title="bbox 2023 4388 3649 4476">
     <span class='ocr_line' id='line_1_95' title="bbox 2023 4388 3649 4476; baseline -0.005 -21"><span class='ocrx_word' id='word_1_691' title='bbox 2023 4411 2083 4455; x_wconf 80' lang='lat' dir='ltr'><strong>ac</strong></span> <span class='ocrx_word' id='word_1_692' title='bbox 2114 4413 2320 4475; x_wconf 85' lang='lat' dir='ltr'><strong>passus</strong></span> <span class='ocrx_word' id='word_1_693' title='bbox 2350 4401 2438 4454; x_wconf 87' lang='lat' dir='ltr'><strong>est</strong></span> <span class='ocrx_word' id='word_1_694' title='bbox 2461 4394 2648 4471; x_wconf 88' lang='lat' dir='ltr'><strong>:juste</strong></span> <span class='ocrx_word' id='word_1_695' title='bbox 2669 4412 2736 4455; x_wconf 92' lang='lat' dir='ltr'><strong>ac</strong></span> <span class='ocrx_word' id='word_1_696' title='bbox 2768 4391 3204 4455; x_wconf 82' lang='lat' dir='ltr'><strong>rationabiliter</strong></span> <span class='ocrx_word' id='word_1_697' title='bbox 3242 4388 3649 4476; x_wconf 87' lang='lat' dir='ltr'><strong>fortitudinem</strong></span> 
     </span>
    </p>
   </div>
   <div class='ocr_carea' id='block_1_96' title="bbox 287 4475 1940 4562">
    <p class='ocr_par' dir='ltr' id='par_1_96' title="bbox 287 4479 1931 4562">
     <span class='ocr_line' id='line_1_96' title="bbox 287 4479 1931 4562; baseline -0.004 -19"><span class='ocrx_word' id='word_1_698' title='bbox 287 4494 383 4543; x_wconf 76' lang='grc' dir='ltr'>τοῦ</span> <span class='ocrx_word' id='word_1_699' title='bbox 422 4490 657 4562; x_wconf 77' lang='grc' dir='ltr'>πονηροῦ</span> <span class='ocrx_word' id='word_1_700' title='bbox 686 4480 901 4561; x_wconf 72' lang='grc' dir='ltr'>εὔλογον</span> <span class='ocrx_word' id='word_1_701' title='bbox 953 4483 1042 4536; x_wconf 84' lang='grc' dir='ltr'><strong>καὶ</strong></span> <span class='ocrx_word' id='word_1_702' title='bbox 1097 4479 1298 4538; x_wconf 83' lang='grc' dir='ltr'>δικαίαν</span> <span class='ocrx_word' id='word_1_703' title='bbox 1356 4488 1432 4556; x_wconf 85' lang='grc' dir='ltr'>τῷ</span> <span class='ocrx_word' id='word_1_704' title='bbox 1493 4482 1733 4559; x_wconf 76' lang='grc' dir='ltr'>Δεσπότῃ</span> <span class='ocrx_word' id='word_1_705' title='bbox 1789 4504 1931 4562; x_wconf 88' lang='grc' dir='ltr'>παρ-</span> 
     </span>
    </p>
   </div>
   <div class='ocr_carea' id='block_1_97' title="bbox 2023 4475 3653 4562">
    <p class='ocr_par' dir='ltr' id='par_1_97' title="bbox 2023 4475 3653 4561">
     <span class='ocr_line' id='line_1_97' title="bbox 2023 4475 3653 4561; baseline -0.005 -17"><span class='ocrx_word' id='word_1_706' title='bbox 2023 4483 2193 4544; x_wconf 85' lang='lat' dir='ltr'><strong>babet</strong></span> <span class='ocrx_word' id='word_1_707' title='bbox 2218 4482 2680 4544; x_wconf 91' lang='lat' dir='ltr'><strong>adversusitlum</strong></span> <span class='ocrx_word' id='word_1_708' title='bbox 2706 4482 3051 4561; x_wconf 86' lang='lat' dir='ltr'><strong>malignum,</strong></span> <span class='ocrx_word' id='word_1_709' title='bbox 3081 4488 3145 4541; x_wconf 94' lang='lat' dir='ltr'><strong>ut</strong></span> <span class='ocrx_word' id='word_1_710' title='bbox 3173 4478 3349 4541; x_wconf 89' lang='lat' dir='ltr'><strong>etiam</strong></span> <span class='ocrx_word' id='word_1_711' title='bbox 3379 4475 3653 4539; x_wconf 85' lang='lat' dir='ltr'><strong>homines</strong></span> 
     </span>
    </p>
   </div>
   <div class='ocr_carea' id='block_1_98' title="bbox 287 4564 1940 4655">
    <p class='ocr_par' dir='ltr' id='par_1_98' title="bbox 287 4570 1929 4655">
     <span class='ocr_line' id='line_1_98' title="bbox 287 4570 1929 4655; baseline -0.002 -23"><span class='ocrx_word' id='word_1_712' title='bbox 287 4576 452 4655; x_wconf 70' lang='grc' dir='ltr'>ἐσχεν</span> <span class='ocrx_word' id='word_1_713' title='bbox 480 4574 657 4653; x_wconf 74' lang='grc' dir='ltr'>ἰσχὺν,</span> <span class='ocrx_word' id='word_1_714' title='bbox 692 4573 763 4635; x_wconf 79' lang='grc' dir='ltr'><strong>εἰς</strong></span> <span class='ocrx_word' id='word_1_715' title='bbox 804 4572 867 4627; x_wconf 86' lang='grc' dir='ltr'><strong>τὸ</strong></span> <span class='ocrx_word' id='word_1_716' title='bbox 910 4570 1114 4649; x_wconf 82' lang='grc' dir='ltr'>ῥύεσθαι</span> <span class='ocrx_word' id='word_1_717' title='bbox 1183 4572 1307 4635; x_wconf 88' lang='grc' dir='ltr'>τοὺς</span> <span class='ocrx_word' id='word_1_718' title='bbox 1374 4573 1460 4652; x_wconf 68' lang='grc' dir='ltr'><strong>ὑφ⁶</strong></span> <span class='ocrx_word' id='word_1_719' title='bbox 1514 4573 1769 4650; x_wconf 82' lang='grc' dir='ltr'>ἁμαρτίαν</span> <span class='ocrx_word' id='word_1_720' title='bbox 1823 4579 1929 4628; x_wconf 85' lang='grc' dir='ltr'>τῶν</span> 
     </span>
    </p>
   </div>
   <div class='ocr_carea' id='block_1_99' title="bbox 2023 4564 3651 4655">
    <p class='ocr_par' dir='ltr' id='par_1_99' title="bbox 2023 4564 3651 4655">
     <span class='ocr_line' id='line_1_99' title="bbox 2023 4564 3651 4655; baseline -0.005 -23"><span class='ocrx_word' id='word_1_721' title='bbox 2023 4571 2113 4652; x_wconf 87' lang='lat' dir='ltr'><strong>qui</strong></span> <span class='ocrx_word' id='word_1_722' title='bbox 2143 4570 2251 4633; x_wconf 93' lang='lat' dir='ltr'><strong>sub</strong></span> <span class='ocrx_word' id='word_1_723' title='bbox 2295 4580 2598 4652; x_wconf 89' lang='lat' dir='ltr'><strong>peccatum</strong></span> <span class='ocrx_word' id='word_1_724' title='bbox 2634 4570 2858 4633; x_wconf 91' lang='lat' dir='ltr'><strong>redacti</strong></span> <span class='ocrx_word' id='word_1_725' title='bbox 2907 4578 3064 4646; x_wconf 88' lang='lat' dir='ltr'><strong>sunt,</strong></span> <span class='ocrx_word' id='word_1_726' title='bbox 3120 4568 3193 4631; x_wconf 88' lang='lat' dir='ltr'><strong>ab</strong></span> <span class='ocrx_word' id='word_1_727' title='bbox 3224 4564 3483 4629; x_wconf 90' lang='lat' dir='ltr'><strong>inductis</strong></span> <span class='ocrx_word' id='word_1_728' title='bbox 3509 4564 3651 4655; x_wconf 81' lang='lat' dir='ltr'><strong>inde</strong></span> 
     </span>
    </p>
   </div>
   <div class='ocr_carea' id='block_1_100' title="bbox 285 4653 1940 4741">
    <p class='ocr_par' dir='ltr' id='par_1_100' title="bbox 285 4653 1927 4741">
     <span class='ocr_line' id='line_1_100' title="bbox 285 4653 1927 4741; baseline -0.002 -21"><span class='ocrx_word' id='word_1_729' title='bbox 285 4653 493 4721; x_wconf 61' lang='grc' dir='ltr'>ἐκειθεν</span> <span class='ocrx_word' id='word_1_730' title='bbox 572 4662 903 4741; x_wconf 80' lang='grc' dir='ltr'>πειρασμῶν,</span> <span class='ocrx_word' id='word_1_731' title='bbox 979 4660 1067 4716; x_wconf 86' lang='grc' dir='ltr'><strong>καὶ</strong></span> <span class='ocrx_word' id='word_1_732' title='bbox 1136 4660 1329 4735; x_wconf 86' lang='grc' dir='ltr'>βοηθὸν</span> <span class='ocrx_word' id='word_1_733' title='bbox 1413 4660 1730 4739; x_wconf 78' lang='grc' dir='ltr'>εὒρίσκεσθαι</span> <span class='ocrx_word' id='word_1_734' title='bbox 1810 4672 1927 4726; x_wconf 74' lang='grc' dir='ltr'>τοῖς</span> 
     </span>
    </p>
   </div>
   <div class='ocr_carea' id='block_1_101' title="bbox 2023 4653 3652 4741">
    <p class='ocr_par' dir='ltr' id='par_1_101' title="bbox 2023 4653 3652 4741">
     <span class='ocr_line' id='line_1_101' title="bbox 2023 4653 3652 4741; baseline -0.006 -17"><span class='ocrx_word' id='word_1_735' title='bbox 2023 4661 2431 4724; x_wconf 72' lang='lat' dir='ltr'><strong>afflictionibus</strong></span> <span class='ocrx_word' id='word_1_736' title='bbox 2462 4660 2694 4741; x_wconf 84' lang='lat' dir='ltr'><strong>eripiat,</strong></span> <span class='ocrx_word' id='word_1_737' title='bbox 2719 4669 2779 4721; x_wconf 94' lang='lat' dir='ltr'><strong>et</strong></span> <span class='ocrx_word' id='word_1_738' title='bbox 2804 4658 3115 4721; x_wconf 84' lang='lat' dir='ltr'><strong>auxiliator</strong></span> <span class='ocrx_word' id='word_1_739' title='bbox 3144 4656 3539 4719; x_wconf 82' lang='lat' dir='ltr'><strong>constituatur</strong></span> <span class='ocrx_word' id='word_1_740' title='bbox 3559 4653 3652 4714; x_wconf 90' lang='lat' dir='ltr'><strong>his</strong></span> 
     </span>
    </p>
   </div>
   <div class='ocr_carea' id='block_1_102' title="bbox 284 4741 1940 4833">
    <p class='ocr_par' dir='ltr' id='par_1_102' title="bbox 284 4750 709 4833">
     <span class='ocr_line' id='line_1_102' title="bbox 284 4750 709 4833; baseline 0.005 -24"><span class='ocrx_word' id='word_1_741' title='bbox 284 4750 684 4833; x_wconf 81' lang='grc' dir='ltr'>πειραζομένοις</span> <span class='ocrx_word' id='word_1_742' title='bbox 693 4794 709 4811; x_wconf 91' lang='grc'><strong>.</strong></span> 
     </span>
    </p>
   </div>
   <div class='ocr_carea' id='block_1_103' title="bbox 2023 4741 3652 4833">
    <p class='ocr_par' dir='ltr' id='par_1_103' title="bbox 2023 4741 3652 4833">
     <span class='ocr_line' id='line_1_103' title="bbox 2023 4741 3652 4833; baseline -0.007 -21"><span class='ocrx_word' id='word_1_743' title='bbox 2023 4750 2114 4832; x_wconf 72' lang='lat' dir='ltr'><strong>qui</strong></span> <span class='ocrx_word' id='word_1_744' title='bbox 2139 4756 2399 4812; x_wconf 81' lang='lat' dir='ltr'><strong>tentatur</strong></span> <span class='ocrx_word' id='word_1_745' title='bbox 2441 4756 2498 4809; x_wconf 92' lang='lat' dir='ltr'><strong>et</strong></span> <span class='ocrx_word' id='word_1_746' title='bbox 2539 4750 2899 4828; x_wconf 80' lang='lat' dir='ltr'><strong>affliguntur.</strong></span> <span class='ocrx_word' id='word_1_747' title='bbox 2934 4745 3242 4828; x_wconf 86' lang='lat' dir='ltr'><strong>Siquidcm</strong></span> <span class='ocrx_word' id='word_1_748' title='bbox 3274 4742 3377 4804; x_wconf 90' lang='lat' dir='ltr'><strong>illa</strong></span> <span class='ocrx_word' id='word_1_749' title='bbox 3406 4741 3652 4833; x_wconf 81' lang='lat' dir='ltr'><strong>maligni</strong></span> 
     </span>
    </p>
   </div>
   <div class='ocr_carea' id='block_1_104' title="bbox 288 4829 3657 4919">
    <p class='ocr_par' dir='ltr' id='par_1_104' title="bbox 288 4829 3657 4919">
     <span class='ocr_line' id='line_1_104' title="bbox 288 4829 3657 4919; baseline -0.004 -15"><span class='ocrx_word' id='word_1_750' title='bbox 288 4829 544 4904; x_wconf 84' lang='lat' dir='ltr'><strong>audacia</strong></span> <span class='ocrx_word' id='word_1_751' title='bbox 571 4857 641 4901; x_wconf 90' lang='lat' dir='ltr'><strong>ac</strong></span> <span class='ocrx_word' id='word_1_752' title='bbox 699 4837 1012 4900; x_wconf 88' lang='lat' dir='ltr'><strong>temeritas</strong></span> <span class='ocrx_word' id='word_1_753' title='bbox 1070 4837 1352 4900; x_wconf 83' lang='lat' dir='ltr'><strong>adversus</strong></span> <span class='ocrx_word' id='word_1_754' title='bbox 1409 4855 1625 4919; x_wconf 89' lang='lat' dir='ltr'><strong>corpus</strong></span> <span class='ocrx_word' id='word_1_755' title='bbox 1680 4837 1829 4901; x_wconf 89' lang='lat' dir='ltr'><strong>nulli</strong></span> <span class='ocrx_word' id='word_1_756' title='bbox 1879 4829 2197 4905; x_wconf 75' lang='lat' dir='ltr'><strong>obnoxium</strong></span> <span class='ocrx_word' id='word_1_757' title='bbox 2258 4847 2520 4919; x_wconf 88' lang='lat' dir='ltr'><strong>peccato,</strong></span> <span class='ocrx_word' id='word_1_758' title='bbox 2572 4834 2983 4899; x_wconf 87' lang='lat' dir='ltr'><strong>rationabilem</strong></span> <span class='ocrx_word' id='word_1_759' title='bbox 3043 4854 3111 4897; x_wconf 90' lang='lat' dir='ltr'><strong>ac</strong></span> <span class='ocrx_word' id='word_1_760' title='bbox 3159 4836 3380 4914; x_wconf 88' lang='lat' dir='ltr'><strong>justam</strong></span> <span class='ocrx_word' id='word_1_761' title='bbox 3450 4829 3657 4919; x_wconf 87' lang='lat' dir='ltr'><strong>tribuit</strong></span> 
     </span>
    </p>
   </div>
   <div class='ocr_carea' id='block_1_105' title="bbox 280 4918 3645 5009">
    <p class='ocr_par' dir='ltr' id='par_1_105' title="bbox 280 4918 3645 5009">
     <span class='ocr_line' id='line_1_105' title="bbox 280 4918 3645 5009; baseline -0.004 -15"><span class='ocrx_word' id='word_1_762' title='bbox 280 4929 538 4994; x_wconf 88' lang='lat' dir='ltr'><strong>Domino</strong></span> <span class='ocrx_word' id='word_1_763' title='bbox 568 4927 915 5008; x_wconf 84' lang='lat' dir='ltr'><strong>potentiam.</strong></span> <span class='ocrx_word' id='word_1_764' title='bbox 946 4934 1012 4991; x_wconf 91' lang='lat' dir='ltr'><strong>ut</strong></span> <span class='ocrx_word' id='word_1_765' title='bbox 1041 4946 1144 4991; x_wconf 92' lang='lat' dir='ltr'><strong>eos</strong></span> <span class='ocrx_word' id='word_1_766' title='bbox 1172 4928 1272 5008; x_wconf 92' lang='lat' dir='ltr'><strong>qui</strong></span> <span class='ocrx_word' id='word_1_767' title='bbox 1303 4918 1539 5009; x_wconf 86' lang='lat' dir='ltr'><strong>peccato</strong></span> <span class='ocrx_word' id='word_1_768' title='bbox 1569 4926 1807 4990; x_wconf 84' lang='lat' dir='ltr'><strong>obnoxii</strong></span> <span class='ocrx_word' id='word_1_769' title='bbox 1838 4938 2008 4994; x_wconf 88' lang='lat' dir='ltr'><strong>erant</strong></span> <span class='ocrx_word' id='word_1_770' title='bbox 2066 4930 2321 5008; x_wconf 88' lang='lat' dir='ltr'><strong>eriperet</strong></span> <span class='ocrx_word' id='word_1_771' title='bbox 2379 4926 2449 4988; x_wconf 89' lang='lat' dir='ltr'><strong>ab</strong></span> <span class='ocrx_word' id='word_1_772' title='bbox 2508 4926 2927 4988; x_wconf 83' lang='lat' dir='ltr'><strong>afflictionibus</strong></span> <span class='ocrx_word' id='word_1_773' title='bbox 2984 4924 3125 4985; x_wconf 89' lang='lat' dir='ltr'><strong>inde</strong></span> <span class='ocrx_word' id='word_1_774' title='bbox 3182 4918 3645 4998; x_wconf 86' lang='lat' dir='ltr'><strong>emergentibus,</strong></span> 
     </span>
    </p>
   </div>
   <div class='ocr_carea' id='block_1_106' title="bbox 283 5014 2140 5098">
    <p class='ocr_par' dir='ltr' id='par_1_106' title="bbox 283 5014 2140 5098">
     <span class='ocr_line' id='line_1_106' title="bbox 283 5014 2140 5098; baseline -0.003 -14"><span class='ocrx_word' id='word_1_775' title='bbox 283 5028 347 5084; x_wconf 89' lang='lat' dir='ltr'><strong>et</strong></span> <span class='ocrx_word' id='word_1_776' title='bbox 372 5016 690 5082; x_wconf 81' lang='lat' dir='ltr'><strong>auxiliator</strong></span> <span class='ocrx_word' id='word_1_777' title='bbox 716 5014 1085 5080; x_wconf 89' lang='lat' dir='ltr'><strong>inveniretur</strong></span> <span class='ocrx_word' id='word_1_778' title='bbox 1112 5018 1205 5079; x_wconf 90' lang='lat' dir='ltr'><strong>his</strong></span> <span class='ocrx_word' id='word_1_779' title='bbox 1234 5016 1336 5098; x_wconf 88' lang='lat' dir='ltr'><strong>qui</strong></span> <span class='ocrx_word' id='word_1_780' title='bbox 1366 5023 1665 5079; x_wconf 83' lang='lat' dir='ltr'><strong>tentantur</strong></span> <span class='ocrx_word' id='word_1_781' title='bbox 1693 5026 1752 5078; x_wconf 90' lang='lat' dir='ltr'><strong>et</strong></span> <span class='ocrx_word' id='word_1_782' title='bbox 1779 5018 2140 5098; x_wconf 79' lang='lat' dir='ltr'><strong>affliguntur.</strong></span> 
     </span>
    </p>
   </div>
   <div class='ocr_carea' id='block_1_107' title="bbox 937 5109 1940 5183">
    <p class='ocr_par' dir='ltr' id='par_1_107' title="bbox 937 5109 1297 5183">
     <span class='ocr_line' id='line_1_107' title="bbox 937 5109 1297 5183; baseline -0.014 -3"><span class='ocrx_word' id='word_1_783' title='bbox 937 5128 1187 5183; x_wconf 79' lang='grc' dir='ltr'>ΚΕΦΑΛ.</span> <span class='ocrx_word' id='word_1_784' title='bbox 1234 5109 1297 5175; x_wconf 77' lang='grc' dir='ltr'><strong>Δ¹</strong></span> 
     </span>
    </p>
   </div>
   <div class='ocr_carea' id='block_1_108' title="bbox 2023 5109 3030 5183">
    <p class='ocr_par' dir='ltr' id='par_1_108' title="bbox 2654 5113 3030 5181">
     <span class='ocr_line' id='line_1_108' title="bbox 2654 5113 3030 5181; baseline -0.016 0"><span class='ocrx_word' id='word_1_785' title='bbox 2654 5114 2891 5181; x_wconf 88' lang='lat' dir='ltr'><strong>CAPUT</strong></span> <span class='ocrx_word' id='word_1_786' title='bbox 2933 5113 3030 5178; x_wconf 86' lang='lat' dir='ltr'><strong>IV.</strong></span> 
     </span>
    </p>
   </div>
   <div class='ocr_carea' id='block_1_109' title="bbox 286 5204 1940 5300">
    <p class='ocr_par' dir='ltr' id='par_1_109' title="bbox 286 5204 1921 5300">
     <span class='ocr_line' id='line_1_109' title="bbox 286 5204 1921 5300; baseline -0.004 -29"><span class='ocrx_word' id='word_1_787' title='bbox 286 5204 422 5272; x_wconf 68' lang='lat' dir='ltr'><strong>uOtt</strong></span> <span class='ocrx_word' id='word_1_788' title='bbox 469 5209 783 5300; x_wconf 40' lang='grc' dir='ltr'>’πιστευτέον</span> <span class='ocrx_word' id='word_1_789' title='bbox 884 5216 1100 5300; x_wconf 42' lang='lat' dir='ltr'><strong>{ptati}:</strong></span> <span class='ocrx_word' id='word_1_790' title='bbox 1154 5211 1227 5275; x_wconf 87' lang='grc' dir='ltr'>ὡς</span> <span class='ocrx_word' id='word_1_791' title='bbox 1326 5215 1515 5265; x_wconf 80' lang='grc' dir='ltr'>Μωσετ</span> <span class='ocrx_word' id='word_1_792' title='bbox 1594 5208 1921 5300; x_wconf 69' lang='grc' dir='ltr'>ἐπίστευσαν,</span> 
     </span>
    </p>
   </div>
   <div class='ocr_carea' id='block_1_110' title="bbox 2023 5204 3650 5300">
    <p class='ocr_par' dir='ltr' id='par_1_110' title="bbox 2023 5224 3650 5300">
     <span class='ocr_line' id='line_1_110' title="bbox 2023 5224 3650 5300; baseline -0.002 -12"><span class='ocrx_word' id='word_1_793' title='bbox 2023 5229 2164 5297; x_wconf 69' lang='lat' dir='ltr'><strong>Quod</strong></span> <span class='ocrx_word' id='word_1_794' title='bbox 2210 5230 2434 5288; x_wconf 75' lang='lat' dir='ltr'><strong>Christo</strong></span> <span class='ocrx_word' id='word_1_795' title='bbox 2488 5228 2818 5287; x_wconf 77' lang='lat' dir='ltr'><strong>credendum</strong></span> <span class='ocrx_word' id='word_1_796' title='bbox 2869 5230 2944 5287; x_wconf 77' lang='lat' dir='ltr'><strong>sit</strong></span> <span class='ocrx_word' id='word_1_797' title='bbox 2996 5224 3476 5300; x_wconf 62' lang='lat' dir='ltr'><strong>quemadmodum</strong></span> <span class='ocrx_word' id='word_1_798' title='bbox 3508 5226 3650 5286; x_wconf 77' lang='lat' dir='ltr'><strong>Mosi</strong></span> 
     </span>
    </p>
   </div>
   <div class='ocr_carea' id='block_1_111' title="bbox 363 5287 1940 5433">
    <p class='ocr_par' dir='ltr' id='par_1_111' title="bbox 363 5287 1923 5433">
     <span class='ocr_line' id='line_1_111' title="bbox 365 5287 1923 5370; baseline -0.003 -20"><span class='ocrx_word' id='word_1_799' title='bbox 365 5291 482 5350; x_wconf 87' lang='grc' dir='ltr'>καθ’</span> <span class='ocrx_word' id='word_1_800' title='bbox 553 5290 828 5370; x_wconf 78' lang='grc' dir='ltr'>ὑπεροχὴν</span> <span class='ocrx_word' id='word_1_801' title='bbox 912 5287 966 5345; x_wconf 77' lang='grc' dir='ltr'><strong>δὲ</strong></span> <span class='ocrx_word' id='word_1_802' title='bbox 1018 5290 1116 5356; x_wconf 73' lang='grc' dir='ltr'>τὴν</span> <span class='ocrx_word' id='word_1_803' title='bbox 1186 5298 1279 5349; x_wconf 79' lang='grc' dir='ltr'>τοῦ</span> <span class='ocrx_word' id='word_1_804' title='bbox 1344 5296 1479 5347; x_wconf 82' lang='grc' dir='ltr'>Θεοῦ</span> <span class='ocrx_word' id='word_1_805' title='bbox 1532 5290 1664 5368; x_wconf 89' lang='grc' dir='ltr'>πρὸς</span> <span class='ocrx_word' id='word_1_806' title='bbox 1721 5288 1923 5369; x_wconf 74' lang='grc' dir='ltr'>ἅνθρω-</span> 
     </span>
     <span class='ocr_line' id='line_1_112' title="bbox 363 5391 553 5433; baseline 0.011 -4"><span class='ocrx_word' id='word_1_807' title='bbox 363 5395 485 5433; x_wconf 90' lang='grc' dir='ltr'>πον.</span> <span class='ocrx_word' id='word_1_808' title='bbox 521 5391 553 5431; x_wconf 71' lang='grc' dir='ltr'><strong><em>ι</em></strong></span> 
     </span>
    </p>
   </div>
   <div class='ocr_carea' id='block_1_112' title="bbox 2023 5287 3651 5433">
    <p class='ocr_par' dir='ltr' id='par_1_112' title="bbox 2023 5287 3651 5433">
     <span class='ocr_line' id='line_1_113' title="bbox 2023 5287 3651 5373; baseline -0.002 -15"><span class='ocrx_word' id='word_1_809' title='bbox 2023 5287 2047 5297; x_wconf 68' lang='grc'><em>’</em></span> <span class='ocrx_word' id='word_1_810' title='bbox 2077 5287 2448 5367; x_wconf 71' lang='lat' dir='ltr'><strong>crediderant,</strong></span> <span class='ocrx_word' id='word_1_811' title='bbox 2482 5305 2740 5373; x_wconf 81' lang='lat' dir='ltr'><strong>tantoque</strong></span> <span class='ocrx_word' id='word_1_812' title='bbox 2767 5302 2825 5358; x_wconf 83' lang='lat' dir='ltr'><strong>id</strong></span> <span class='ocrx_word' id='word_1_813' title='bbox 2850 5287 3045 5359; x_wconf 58' lang='lat' dir='ltr'><strong>nectitis</strong></span> <span class='ocrx_word' id='word_1_814' title='bbox 3072 5302 3280 5371; x_wconf 79' lang='lat' dir='ltr'><strong>quanto</strong></span> <span class='ocrx_word' id='word_1_815' title='bbox 3317 5297 3544 5371; x_wconf 72' lang='lat' dir='ltr'><strong>dignior</strong></span> <span class='ocrx_word' id='word_1_816' title='bbox 3571 5300 3651 5357; x_wconf 76' lang='lat' dir='ltr'><strong>est</strong></span> 
     </span>
     <span class='ocr_line' id='line_1_114' title="bbox 2074 5373 2479 5433; baseline -0.002 -3"><span class='ocrx_word' id='word_1_817' title='bbox 2074 5373 2224 5433; x_wconf 83' lang='lat' dir='ltr'><strong>Deus</strong></span> <span class='ocrx_word' id='word_1_818' title='bbox 2245 5374 2479 5431; x_wconf 74' lang='lat' dir='ltr'><strong>homine.</strong></span> 
     </span>
    </p>
   </div>
   <div class='ocr_carea' id='block_1_113' title="bbox 363 5462 1940 5553">
    <p class='ocr_par' dir='ltr' id='par_1_113' title="bbox 363 5462 1919 5553">
     <span class='ocr_line' id='line_1_115' title="bbox 363 5462 1919 5553; baseline -0.003 -21"><span class='ocrx_word' id='word_1_819' title='bbox 363 5462 553 5553; x_wconf 57' lang='lat'><strong>&quot;00:9,</strong></span> <span class='ocrx_word' id='word_1_820' title='bbox 627 5469 840 5552; x_wconf 67' lang='grc' dir='ltr'>ἀδελφοὶ</span> <span class='ocrx_word' id='word_1_821' title='bbox 896 5470 1064 5553; x_wconf 79' lang='grc' dir='ltr'>ἂγιοι,</span> <span class='ocrx_word' id='word_1_822' title='bbox 1111 5471 1354 5543; x_wconf 82' lang='grc' dir='ltr'>κλήσεως</span> <span class='ocrx_word' id='word_1_823' title='bbox 1428 5471 1732 5551; x_wconf 76' lang='grc' dir='ltr'>ἐπουρανίου</span> <span class='ocrx_word' id='word_1_824' title='bbox 1789 5470 1919 5547; x_wconf 79' lang='grc' dir='ltr'>μέτ-</span> 
     </span>
    </p>
   </div>
   <div class='ocr_carea' id='block_1_114' title="bbox 2023 5462 3649 5553">
    <p class='ocr_par' dir='ltr' id='par_1_114' title="bbox 2083 5462 3649 5553">
     <span class='ocr_line' id='line_1_116' title="bbox 2083 5462 3649 5553; baseline -0.003 -23"><span class='ocrx_word' id='word_1_825' title='bbox 2083 5466 2183 5546; x_wconf 88' lang='lat' dir='ltr'><strong>IIl,</strong></span> <span class='ocrx_word' id='word_1_826' title='bbox 2209 5466 2333 5532; x_wconf 81' lang='grc'><strong>1-3.</strong></span> <span class='ocrx_word' id='word_1_827' title='bbox 2355 5466 2540 5543; x_wconf 84' lang='lat' dir='ltr'><strong>Unde,</strong></span> <span class='ocrx_word' id='word_1_828' title='bbox 2549 5466 2780 5547; x_wconf 83' lang='lat' dir='ltr'><strong>fratres</strong></span> <span class='ocrx_word' id='word_1_829' title='bbox 2799 5469 3016 5543; x_wconf 84' lang='lat' dir='ltr'><strong>sancti,</strong></span> <span class='ocrx_word' id='word_1_830' title='bbox 3040 5465 3373 5530; x_wconf 83' lang='lat' dir='ltr'><strong>vocationis</strong></span> <span class='ocrx_word' id='word_1_831' title='bbox 3393 5462 3649 5553; x_wconf 69' lang='lat' dir='ltr'><strong>catastis</strong></span> 
     </span>
    </p>
   </div>
   <div class='ocr_carea' id='block_1_115' title="bbox 277 5552 1940 5646">
    <p class='ocr_par' dir='ltr' id='par_1_115' title="bbox 277 5552 1921 5646">
     <span class='ocr_line' id='line_1_117' title="bbox 277 5552 1921 5646; baseline -0.004 -25"><span class='ocrx_word' id='word_1_832' title='bbox 277 5584 428 5646; x_wconf 82' lang='grc' dir='ltr'>οχοι,</span> <span class='ocrx_word' id='word_1_833' title='bbox 513 5552 879 5632; x_wconf 77' lang='grc' dir='ltr'>κατανοήσατε</span> <span class='ocrx_word' id='word_1_834' title='bbox 974 5562 1065 5616; x_wconf 79' lang='grc' dir='ltr'><strong>τὸν</strong></span> <span class='ocrx_word' id='word_1_835' title='bbox 1124 5558 1413 5617; x_wconf 74' lang='grc' dir='ltr'>ἀπόστολον</span> <span class='ocrx_word' id='word_1_836' title='bbox 1497 5562 1585 5618; x_wconf 83' lang='grc' dir='ltr'><strong>καὶ</strong></span> <span class='ocrx_word' id='word_1_837' title='bbox 1671 5558 1921 5640; x_wconf 78' lang='grc' dir='ltr'>ἀρχιερέα</span> 
     </span>
    </p>
   </div>
   <div class='ocr_carea' id='block_1_116' title="bbox 2023 5552 3647 5646">
    <p class='ocr_par' dir='ltr' id='par_1_116' title="bbox 2023 5552 3647 5640">
     <span class='ocr_line' id='line_1_118' title="bbox 2023 5552 3647 5640; baseline -0.003 -20"><span class='ocrx_word' id='word_1_838' title='bbox 2023 5560 2351 5640; x_wconf 74' lang='lat' dir='ltr'><strong>mrticipes,</strong></span> <span class='ocrx_word' id='word_1_839' title='bbox 2385 5556 2761 5621; x_wconf 75' lang='lat' dir='ltr'><strong>considerate</strong></span> <span class='ocrx_word' id='word_1_840' title='bbox 2796 5558 2937 5619; x_wconf 73' lang='lat'><strong>534</strong></span> <span class='ocrx_word' id='word_1_841' title='bbox 2965 5556 3296 5638; x_wconf 81' lang='lat' dir='ltr'><strong>apostolum</strong></span> <span class='ocrx_word' id='word_1_842' title='bbox 3318 5563 3374 5617; x_wconf 88' lang='lat' dir='ltr'><strong>et</strong></span> <span class='ocrx_word' id='word_1_843' title='bbox 3394 5552 3647 5637; x_wconf 77' lang='lat' dir='ltr'><strong>pontiﬁ-</strong></span> 
     </span>
    </p>
   </div>
  </div>
