4152 6216
483 334 600 399 303
1586 322 2013 397 ‘(ECUMENII
2042 317 2350 388 ’TRIGCIE
2378 316 2723 387 'EPIBCOPI
3718 318 3847 385 ’304

483 474 607 520 cem
644 456 1035 534 confessionis
1087 462 1309 516 nostra:
1346 450 1650 514 Christum
1683 450 1931 516 Iesum:
1964 457 2123 536 quod

2206 465 2304 527 τῆς
2376 458 2664 538 ὁμολογίας
2735 462 2887 535 ἡμῶν
2998 458 3201 527 Ἰησοῦν
3290 460 3546 538 Χριστὸν,
3657 455 3842 513 πιστὸν

478 544 673 625 ﬁdelis
696 544 777 607 sit
804 548 860 605 ei
887 544 995 623 qui
1010 544 1206 622 ipsum
1236 539 1909 619 [ecit,quemadmodum
1929 545 2118 608 Moses

2205 546 2326 605 ὄντα
2395 556 2473 623 τῷ
2528 570 2809 616 ποιησαντι
2864 547 3019 605 αὒτὸν
3075 551 3149 614 ὡς
3217 549 3305 605 καὶ
3336 551 3560 615 ’Μωσῆς
3629 546 3683 603 ἐν
3708 562 3713 569 ·
3736 542 3845 620 ὅλῳ

476 636 688 696 intota
716 633 891 694 domo
919 649 1050 692 sua.
1110 631 1607 717 Teutonumque
1647 630 1877 708 majore
1923 631 2116 711 gloria

2206 644 2280 712 τῷ
2336 635 2473 712 οἴκῳ
2529 636 2708 697 αὒτοῦ.
2791 635 3035 701 Πλείονος
3105 638 3205 717 γὰρ
3278 634 3433 703 δόξης
3497 635 3644 699 οὗτος
3703 634 3846 713 παρὰ

480 739 666 803 quam
684 719 885 782 'Moses
905 718 1005 780 hic
1032 718 1256 806 dignus
1275 724 1362 779 est
1390 716 1653 790 habitus,
1682 727 1912 797 quanto
1942 723 2120 798 maio-

2209 730 2404 793 Μωσῆν
2460 725 2700 806 ἠξίωται,
2758 723 2879 782 καθ’
2938 723 3065 783 ὅσον
3114 724 3337 782 πλείονα
3378 724 3543 800 τιμὴν
3585 723 3703 804 ἔχει
3756 738 3849 780 του

478 828 606 871 rem
655 806 837 869 habet
876 808 1172 867 honorem
1223 804 1278 867 is
1317 809 1426 884 qui
1474 808 1822 869 construxit
1880 808 2118 872 domum

1493 808 1822 869 :onstruwit
1880 808 2123 872 domum
2206 813 2359 870 οἴκου
2400 816 2429 871 6
2458 804 2857 878 κατασκευάσας
2887 813 3070 873 αὖτόν.
3108 836 3133 872 ι

477 916 660 978 quam
690 901 823 976 ipsa
854 897 1090 959 domus.

562 984 625 1048 Si
668 985 847 1064 igitur
895 984 1215 1064 participes
1268 1002 1337 1045 ac
1385 984 1533 1047 socii
1603 985 1744 1047 estis
1800 987 2124 1052 vocationis

2280 991 2346 1048 Εἰ
2375 990 2465 1046 οὗν
2517 990 2741 1071 μέτοχοι
2815 992 2902 1048 καὶ
2957 993 3200 1049 κοινωνοί
3267 989 3385 1048 ἔστε
3451 995 3551 1058 τῆς
3606 986 3846 1059 κλήσεως

479 1073 759 1150 cmisstis,
808 1090 938 1153 quae
982 1072 1243 1134 ibi-sunt
1292 1073 1574 1152 quaerite.
1627 1074 1904 1156 nullaque
1960 1076 2119 1139 vobis

2208 1084 2303 1147 τῆς
2334 1077 2663 1158 ἐπουρανίου,
2711 1080 2777 1137 τὰ
2838 1080 2954 1137 ἐκεῖ
3020 1087 3255 1155 ζητεῖτε,
3325 1080 3413 1136 καὶ
3468 1085 3575 1136 τῶν
3631 1077 3848 1134 ἐνταῦθα

472 1164 623 1225 ratio
645 1163 724 1224 sit
743 1180 946 1223 eorum
980 1180 1111 1242 quae
1151 1161 1245 1221 hic
1272 1170 1426 1222 sunt.
1462 1188 1489 1217 α
1517 1162 1865 1244 Apostolum
1889 1174 1946 1227 et
1970 1185 2112 1246 ροη.

2208 1166 2362 1246 λόγος
2405 1169 2533 1243 ὺμϊν
2576 1167 2712 1225 ἔστω
2755 1167 2961 1245 μηδείς.
3018 1188 3043 1224 ι
3081 1171 3182 1227 τὸν
3212 1166 3508 1225 ἀπόστολον
3536 1168 3625 1225 καὶ
3654 1166 3848 1246 ἀρχιε-

475 1252 719 1314 tiﬁcem.
761 1273 787 1311 ι
819 1250 927 1314 Ubi
951 1251 1024 1312 ad
1054 1250 1556 1330 dispensationem
1592 1253 1880 1331 pervenit,
1925 1256 2115 1317 omnia

2207 1255 2318 1334 ρέα.
2361 1278 2385 1314 1
2451 1247 2648 1314 Ἐλθὼν
2699 1259 2771 1321 εἷς
2840 1258 2940 1325 τὴν
3010 1257 3329 1333 οἰκονομίαν,
3400 1256 3610 1314 ἅπαντα
3640 1254 3847 1313 ’λοιπὸν

475 1341 763 1421 deinceps
809 1340 1058 1401 humilia
1086 1339 1383 1419 intrepide
1417 1340 1733 1421 eloquitur.
1777 1342 2115 1423 Apostolum

2210 1342 2370 1408 ἆδεῶς
2441 1347 2509 1401 τὰ
2554 1347 2778 1403 ταπεινὰ
2874 1345 3175 1427 φθέγγεται.
3252 1343 3576 1403 Ἀπόστολον
3620 1342 3675 1400 δὲ
3759 1343 3850 1399 αὖ·

476 1439 670 1491 autem
702 1429 831 1491 sive‘
859 1429 1113 1508 legatum
1140 1427 1530 1514 dicitipsum.
1564 1429 1704 1509 quia
1725 1430 1941 1493 missus
1973 1440 2064 1493 est
2091 1450 2116 1492 a

2209 1432 2294 1490 τόν
2355 1455 2510 1514 φησι,
2566 1432 2696 1514 διότι
2754 1432 3079 1491 ἀπέσταλται
3166 1434 3311 1511 παρᾶ
3364 1440 3456 1489 τοῦ
3504 1434 3707 1512 [ἰατρὸς
3776 1433 3849 1496 ὡς

477 1520 651 1581 Patre
694 1524 971 1597 tanquam
1019 1516 1220 1591 homo,
1275 1513 1677 1578 Confessionis
1737 1537 1896 1591 vero,
1960 1519 2117 1582 ﬁdei.

2208 1513 2498 1599 ἅνθρωπος.
2562 1513 2879 1601 Ὀμολογίας
2960 1521 3036 1596 δὲ,
3093 1528 3191 1590 τῆς
3258 1521 3508 1586 πίστεως,
3588 1538 3614 1580 α
3655 1523 3848 1577 Πιστὸν

477 1629 508 1669 ι
543 1607 708 1679 Quod
732 1607 926 1667 ﬁdelis
947 1607 1041 1669 sit.
1069 1629 1091 1662 υ
1122 1606 1354 1674 Fidem.
1388 1606 1605 1687 inquit,
1642 1608 1901 1669 servavit
1931 1608 2117 1672 bene-

2206 1606 2353 1670 ὅντα.
2390 1634 2418 1667 ι
2455 1612 2733 1684 Εὖνοϊκὸν,
2782 1613 2934 1691 φησὶ,
2979 1614 3153 1667 πίστιν
3201 1610 3533 1689 τετηρηκότα
3554 1616 3631 1685 τῷ
3659 1610 3843 1687 III-cpi,

474 1696 806 1777 placentem
826 1694 1002 1764 Patri,
1015 1695 1293 1774 idemque
1307 1714 1437 1755 cum
1460 1715 1528 1756 eo
1544 1696 1730 1757 sensit
1742 1697 1817 1758 de
1832 1699 2114 1759 servando

2205 1701 2293 1757 καὶ
2321 1701 2383 1757 τὸ
2411 1701 2536 1758 αὐτὸ
2564 1706 2819 1779 φρονοῦτα
2851 1700 2994 1775 αὐτῷ
3048 1702 3164 1774 περὶ
3196 1701 3282 1757 -τὸ
3348 1700 3531 1771 σώζειν
3574 1701 3664 1756 τὸν
3693 1698 3843 1760 λαόν,

476 1788 715 1867 populo.
754 1785 844 1866 Ei,
884 1785 1098 1865 inquit,
1151 1788 1248 1864 qui
1284 1785 1479 1864 ipsum
1522 1786 1661 1847 fecit
1689 1788 2027 1866 apostolum
2054 1807 2116 1851 ac

2208 1795 2292 1862 Τῷ
2339 1789 2621 1857 ποιήσαντι
2692 1788 2871 1862 αὐτὸν,
2916 1789 3099 1868 φησὶν,
3147 1786 3444 1845 ἀπόστολον
3510 1788 3599 1844 καὶ
3666 1787 3848 1867 ἀρχιε-

478 1876 843 1956 pontiﬁcem,
877 1876 987 1935 hoc
1023 1880 1134 1945 est,
1163 1873 1315 1935 Patri
1346 1894 1478 1935 suo.
1513 1874 1669 1936 Nihil
1703 1885 1899 1938 autem
1925 1878 2118 1939 admi-

2205 1876 2318 1954 ρέα,
2377 1876 2640 1957 τουτέστι,
2698 1882 2775 1951 τῷ
2842 1878 3001 1956 Πατρὶ
3057 1878 3233 1939 αὐτοῦ.
3307 1874 3465 1936 Οὐδὲν
3523 1873 3579 1932 δὲ
3630 1875 3845 1932 ἐνταῦθα

473 1963 726 2025 randum
757 1962 806 2023 si
838 1961 920 2022 ita
946 1962 1279 2041 loquantur,
1316 1962 1465 2022 facta
1492 1963 1615 2041 jam
1653 1964 1839 2025 semel
1873 1964 2113 2045 dispen~

2206 1968 2499 2041 θαυμαστὸν
2553 1968 2597 2022 εί
2639 1965 2777 2023 οὕτω
2822 1965 2988 2045 λέγει,
3043 1965 3182 2032 ἅπαξ
3237 1970 3336 2033 τῆς
3388 1967 3689 2041 οἰκονομίας
3720 1964 3846 2021 ἑπι-

475 2052 720 2114 sationis
768 2050 1089 2113 mentione.
1130 2072 1153 2103 α
1189 2050 1260 2111 Ει
1303 2052 1405 2131 qui
1460 2052 1654 2132 ipsum
1706 2053 1866 2115 fecit.
1908 2079 1931 2113 »
1970 2052 2115 2126 Quid

2202 2052 2517 2130 λαϐόμενος.
2568 2078 2597 2111 α
2631 2062 2718 2129 Τῷ
2762 2057 3045 2125 ποιήσαντι
3087 2054 3266 2114 αὐτόν.
3303 2076 3328 2112 ι
3404 2054 3465 2113 Τί
3520 2054 3842 2132 ποιήσαντις

474 2140 1029 2219 fecit?'Apostolum
1064 2158 1132 2201 ac
1164 2142 1529 2219 pontiﬁcem.
1566 2141 1690 2202 Hoc
1723 2142 1854 2203 loco
1905 2162 2022 2204 non
2047 2145 2114 2205 de

2203 2142 2496 2201 ἀπόστολον
2552 2145 2640 2201 καὶ
2696 2142 2969 2224 ἀρχιερέα,
3029 2142 3281 2200 Ἐνταῦθσ
3375 2143 3436 2200 οὔ
3491 2144 3608 2222 περὶ
3669 2140 3843 2205 οὐσίας

474 2230 799 2292 substantia
848 2229 1111 2309 loquitur
1153 2247 1347 2305 neque
1404 2230 1480 2290 de
1536 2230 1870 2301 divinitate.
1909 2232 2013 2293 sed
2045 2233 2114 2295 de

2203 2233 2383 2313 φησὶν,
2449 2229 2564 2289 οὐδὲ
2630 2233 2749 2313 περὶ
2803 2233 3076 2306 θεότητος,
3138 2229 3275 2287 ἀλλὰ
3326 2232 3444 2309 περὶ
3532 2230 3843 2305 ἀξιωμάτων

474 2319 854 2399 dignitatibus
888 2318 1188 2380 humanis.
1228 2343 1256 2374 ι
1290 2318 1803 2390 Quemadmodum
1839 2326 2030 2385 Moses
2058 2322 2114 2384 in

2202 2312 2559 2400 ἀνθρωπίνων,
2608 2340 2638 2381 (
2675 2312 2766 2384 Ὠς
2795 2322 2884 2377 καὶ
2915 2322 3110 2388 Μωσῆς
3168 2319 3223 2375 ἐν
3264 2318 3374 2395 ὅλῳ
3441 2326 3517 2394 τῷ
3572 2320 3711 2392 οἴκεε)
3740 2320 3841 2375 αὖ-

472 2418 597 2472 tota
641 2408 819 2469 domo
869 2425 995 2471 sua.
1034 2432 1061 2464 ι
1104 2406 1390 2468 Futurum
1438 2415 1528 2468 est
1576 2416 1639 2468 ut
1692 2409 1753 2470 in
1804 2428 2112 2490 progressu

2202 2416 2313 2470 τοῦ.
2363 2433 2391 2465 n
2441 2408 2633 2465 Μέλλει
2661 2409 2870 2488 προϊὼν
2894 2410 2984 2466 τὸν
3014 2408 3151 2465 κατὰ
3205 2408 3371 2487 σάρκα
3424 2409 3669 2487 Χριστὸν,
3704 2428 3842 2485 προ-

474 2506 774 2579 praeponat
818 2495 1114 2558 Christum
1154 2495 1339 2557 Mosi:
1376 2513 1581 2557 verum
1615 2498 1898 2578 quoniam
1951 2500 2012 2560 hi
2044 2501 2114 2561 ad

2202 2496 2391 2555 τιθέναι
2435 2497 2723 2571 Μωυσέως,
2753 2495 2873 2555 ἀλλ’
2918 2494 3102 2563 ἐπειδὴ
3135 2497 3179 2552 εἰ
3208 2498 3296 2553 καὶ
3322 2498 3497 2552 πιστοὶ
3535 2495 3671 2563 ἦσαν
3700 2499 3842 2552 οὗτοι

476 2606 624 2667 quos
654 2593 742 2647 est
764 2603 986 2665 sermo,
1020 2584 1130 2645 etsi
1178 2584 1387 2645 ﬁdeles
1430 2593 1622 2660 erant,
1677 2587 1995 2666 plurimum
2023 2596 2114 2651 ta-

2201 2587 2330 2665 πρὸς
2365 2584 2454 2649 οὸς
2495 2587 2524 2641 6
2543 2584 2723 2665 λόγος,
2757 2583 2997 2663 μεγάλας
3026 2585 3103 2641 ἔτι
3132 2582 3281 2649 δοξας
3312 2584 3475 2663 εἶχον
3502 2585 3620 2663 περὶ
3644 2583 3841 2639 Μωσὲ-

477 2694 614 2737 men
648 2683 706 2736 et
731 2672 930 2752 gloriae
955 2681 1011 2735 et
1040 2673 1284 2734 honoris
1315 2672 1511 2736 adhuc
1551 2675 1696 2737 Mosi
1746 2675 2113 2738 deferebant.

2202 2674 2418 2748 ως,-ἳνα
2462 2675 2539 2751 μὴ
2571 2674 2759 2738 εὐθέως
2786 2672 3153 2754 ἀποφράξωσιν
3223 2674 3394 2729 αὐτῶν
3446 2673 3512 2728 τὰ
3567 2673 3700 2748 ὦτα,
3745 2672 3842 2728 οὐκ

472 2782 549 2825 ne
599 2764 867 2844 protinus
915 2779 1053 2823 suas
1099 2760 1448 2823 obturarent
1496 2781 1689 2840 aures,
1745 2783 1863 2825 non
1921 2766 2112 2827 statim

2200 2763 2386 2827 εόθὲως
2470 2763 2743 2843 προτίθησι
2792 2765 3024 2826 Μωσέως
3078 2764 3168 2818 τὸν
3212 2762 3457 2841 Χριστὸν,
3517 2759 3652 2817 ἀλλὰ
3706 2760 3839 2823 τέως

475 2850 1080 2933 praeponitChristum
1112 2850 1393 2924 Mosi,sed
1417 2851 1655 2912 interim
1669 2861 1883 2934 aequat,
1901 2853 2115 2917 deinde

2199 2850 2390 2924 ἐξισοῖ,
2422 2852 2546 2908 εῖτα
2601 2853 2829 2931 προϊὼν·
2862 2852 3190 2930 προτίθησιν,
3234 2850 3403 2907 Οἴκον
3454 2846 3510 2905 δὲ
3560 2853 3717 2908 αὐτοῦ
3745 2851 3836 2905 τὸν

475 2941 537 3001 in
569 2956 886 3021 progressu
920 2938 1229 3019 praeponit.
1251 2937 1426 3000 Suam
1458 2947 1651 3000 autem
1684 2942 1925 3002 domum
1949 2960 2115 3006 voca-

2200 2938 2327 2996 λαὸν
2370 2937 2638 3001 ἐκάλεσεν.
2684 2942 2854 2997 Αὐτοῦ
2896 2938 2951 2995 δὲ
2991 2941 3084 2996 τὸν
3137 2937 3264 2995 λαὸν
3293 2938 3418 2995 εἶπε
3447 2947 3539 2997 τοῦ
3580 2936 3835 3012 Μωσέως,

473 3030 553 3122 vit
573 3028 860 3122 populum
888 3043 902 3088 :
934 3044 1110 3107 porro
1142 3027 1596 3122 populum‘dixit
1618 3028 1812 3122 Musis,
1838 3031 2113 3112 quoniam

2200 3026 2329 3085 διότι
2359 3030 2644 3122 προστῆκει
2693 3032 2884 3122 αὐτων,
2946 3026 3068 3087 Καὶ⁴
3096 3028 3266 3122 γὰρ-ὁ
3322 3027 3475 3122 Θεόςρ
3511 3048 3640 3108 φησι
3706 3028 3838 3105 πρὸς

470 3106 618 3200 ipsis
648 3106 958 3198 praefectus
988 3106 1305 3177 erat.Nam
1339 3124 1395 3179 et
1424 3118 1585 3179 Deus
1623 3119 1772 3180 dixit
1801 3106 1874 3181 ad
1925 3139 2060 3183 eum
2097 3140 2110 3185 :

2199 3119 2378 3194 αὐτὸν,
2401 3106 2495 3175 ϊο
2518 3116 2647 3182 λαός
2671 3139 2765 3173 σου
2793 3115 3047 3194 ⁴ἥμαρτεν.
3077 3106 3184 3174 »τ-
3196 3114 3409 3195 [ΦΩΤᾸ
3425 3106 3552 3180 «Et;
3571 3117 3657 3172 καὶ
3676 3121 3837 3171 Μωϋ-

481 3234 502 3265 ι
530 3206 800 3270 Peccavit
821 3205 1074 3286 populus
1096 3213 1233 3267 tuus
1252 3204 1338 3269 90.
1369 3205 2040 3279 »—«Quemadmodum
2062 3219 2121 3271 et

2200 3213 2299 3273 σῆς
2326 3225 2341 3241 ο
2379 3229 2407 3262 ιι
2440 3206 2578 3263 ὣστε
2634 3207 2808 3273 μάτην
2849 3202 3290 3285 διαλοιδοροῦνταί
3328 3225 3419 3279 μοι
3457 3206 3588 3283 πρὸς
3623 3205 3760 3273 ὑμᾶς
3790 3207 3838 3260 οἱ

477 3301 695 3371 Moses,
730 3320 756 3351 υ
795 3294 1011 3374 inquit.
1056 3295 1299 3356 Frustra
1345 3295 1522 3371 igitur
1562 3315 1654 3357 me
1684 3298 2117 3361 calumniantur

2200 3296 2521 3353 ἀποστασίαν
2564 3316 2632 3372 με
2660 3294 2905 3374 λέγοντες
2962 3295 3068 3350 ἀπὸ
3139 3293 3370 3358 Μωσέως
3423 3290 3706 3367 διδάσκειν,
3751 3294 3838 3349 καὶ

476 3388 635 3468 apud
670 3402 795 3459 vos,
821 3383 920 3463 qui
952 3401 1047 3443 me
1064 3382 1271 3443 dicunt
1295 3382 1732 3447 defunctionem
1764 3405 1798 3446 a
1827 3390 1990 3450 Mose
2007 3388 2116 3449 do-

2201 3388 2331 3464 πρὸς
2354 3384 2510 3441 αὖτὸν
2577 3382 2844 3459 δυσμενῶς
2875 3381 3190 3445 διακεῖσθαι,
3247 3380 3558 3449 Λεληθότως
3601 3380 3656 3437 δὲ
3710 3388 3839 3437 τοῦ-

475 3493 634 3549 cere,
661 3482 718 3535 et
747 3490 886 3552 erga
919 3472 1114 3552 ipsum
1146 3472 1392 3535 inimico
1423 3473 1701 3535 aﬁ'ectum
1735 3493 1866 3536 esse
1889 3476 2111 3539 animo.

2198 3497 2259 3531 το
2311 3476 2398 3532 καὶ
2469 3477 2528 3532 οὒ
2594 3475 2729 3531 κατὰ
2796 3472 3191 3552 προηγούμενον
3245 3469 3402 3549 λόγον
3464 3471 3685 3549 εἰσάγει,
3743 3470 3836 3525 ἵνα

478 3566 605 3627 Hoc
660 3570 857 3624 autem
908 3562 1057 3621 clam
1109 3569 1167 3621 et
1210 3580 1326 3622 non
1369 3579 1438 3622 ex
1489 3562 1789 3641 proposito
1839 3582 2117 3627 sermone

2201 3562 2400 3625 μᾶλλον
2428 3562 2606 3641 πείσῃ.
2654 3564 2726 3621 Τὸ
2783 3564 2884 3641 γὰρ
2940 3563 3013 3625 εἷς
3071 3558 3360 3638 ἀπολογίαν
3412 3559 3841 3639 παρεσκευαῳέ-

470 3651 701 3714 inducit
724 3659 792 3713 ut
819 3648 1004 3729 magis
1037 3652 1425 3729 persuadeat:
1455 3669 1591 3711 nam
1624 3651 1778 3731 quod
1813 3653 1885 3713 ad
1913 3653 2110 3716 defen-

2195 3676 2281 3710 νον
2314 3651 2515 3728 μᾶλλον
2572 3650 2830 3711 ὕποπτον.
2869 3673 2896 3705 α
2934 3649 3178 3713 Πλείονος
3222 3650 3321 3727 γὰρ
3377 3645 3533 3715 δόξης
3592 3650 3763 3713 οὗτος.
3807 3673 3835 3704 ι

470 3742 701 3803 sionem
752 3749 1018 3820 paratum
1070 3748 1179 3817 est,
1214 3738 1539 3819 suspicioni
1589 3740 1774 3819 magis
1823 3741 2110 3821 subjacet.

2198 3744 2374 3800 Εἰπὼν
2415 3741 2513 3808 τῆν
2582 3742 2714 3818 πρὸς
2773 3742 2971 3805 Μωσῆν
3030 3738 3246 3805 ἰσότητα
3310 3743 3397 3794 τοῦ
3454 3740 3699 3817 Χριστοῦ,
3745 3744 3836 3794 νῦν

481 3854 503 3887 σ
542 3828 749 3908 Majori
787 3827 973 3905 gloria
1008 3826 1105 3887 hic
1137 3827 1371 3904 dignus.
1414 3850 1437 3884 υ
1468 3826 1610 3889 Cum
1644 3828 1886 3890 dixisset
1914 3849 2115 3910 aequa-

2195 3830 2369 3911 ἠρέμα
2396 3831 2495 3897 τὴν
2523 3829 2795 3909 ὑπεροχὴν
2837 3826 3002 3907 λέγει,
3043 3850 3070 3881 α
3105 3825 3348 3890 Πλείονος
3419 3829 3591 3890 οὗτος,
3624 3844 3655 3885 ι
3705 3826 3835 3906 τες-ς

471 3917 698 3978 litatem
737 3915 956 3976 Christi
999 3915 1070 3976 ad
1117 3915 1365 3989 lilosem,
1428 3933 1584 3976 nunc
1641 3918 1919 3995 paulatim
1970 3919 2111 3980 dixit

2200 3922 2226 3976 6
2281 3920 2417 3976 κατὰ
2474 3918 2661 3997 σάρκα⁸
2708 3918 2984 3992 νοούμενος
3029 3915 3275 3994 Χριστός,
3341 3937 3369 3969 α
3432 3916 3576 3992 Παρὰ
3636 3920 3840 3982 Μωσῆν

473 4002 913 4067 excellentiam.
974 4026 1001 4057 α
1051 4000 1265 4079 Majore
1314 4002 1434 4064 hic.
1482 4027 1507 4058 »
1567 4003 1753 4075 Quis?
1795 4004 1906 4077 Qui
1949 4008 2113 4087 juxta

2198 4007 2351 4076 δόξης
2395 4007 2633 4083 ἠξίωται,
2666 4007 2783 4063 καθ’
2838 4004 2982 4078 ὅσον,
3043 4006 3193 4086 φησὶ,
3252 4002 3467 4061 πλείονα
3522 4006 3685 4080 τιμὴν
3717 4003 3834 4084 ἔχει

470 4110 709 4155 carnem
735 4090 1082 4169 intelligitur
1112 4090 1402 4152 Christus.
1444 4094 1700 4171 «Majore
1725 4094 1912 4171 gloria
1940 4114 2110 4175 quam

2201 4104 2289 4154 τοῦ
2316 4095 2491 4177 οἴκου,
2526 4099 2554 4153 6
2584 4094 2976 4159 κατασκευάσας
3024 4093 3200 4151 αὐτόν.
3253 4114 3277 4149 ι)
3336 4094 3436 4150 Νῦν
3478 4092 3577 4160 τῆν
3610 4093 3841 4159 ὑστάτην

473 4180 665 4242 Moses
722 4178 821 4239 hic
866 4178 1079 4257 dignus
1119 4187 1209 4238 est
1261 4177 1520 4253 habitus,
1554 4189 1770 4259 quanto
1828 4183 2110 4262 majorem

2197 4186 2491 4265 ὑπεροχὴν,
2522 4186 2610 4241 καὶ
2667 4184 2767 4250 ὅση
2813 4190 2942 4239 Θεοῦ
3009 4183 3142 4260 πρὸς
3185 4180 3453 4259 ἄνθρωπον
3523 4179 3697 4260 λέγει,
3749 4181 3837 4238 καί

468 4268 647 4330 habet
698 4267 985 4328 honorem
1043 4265 1094 4326 is
1175 4268 1273 4345 qui
1324 4270 1647 4330 construxit
1678 4269 1918 4330 domum
1941 4291 2108 4350 quam

2197 4297 2326 4354 φησι
2360 4291 2374 4304 '
2419 4275 2608 4338 Πιστὸς
2640 4272 2735 4347 μὲν
2774 4272 2840 4339 ἦν
2872 4276 3070 4338 Μωσῆς
3113 4269 3242 4348 ὑπὲρ
3292 4270 3463 4327 πάντα
3516 4270 3609 4326 τὸν
3657 4270 3832 4344 οἶκον,

471 4357 601 4438 ipsa
630 4357 865 4417 domus.
902 4380 929 4411 ι
963 4354 1298 4416 Extremam
1331 4373 1484 4416 nunc
1524 4356 1690 4436 ponit
1720 4359 2111 4436 praeminen-

2200 4364 2454 4435 τουτέστι,
2488 4365 2579 4419 τὸν
2642 4361 2792 4420 λαόν.
2856 4360 3005 4428 Πλὴν
3050 4360 3139 4416 καὶ
3187 4359 3344 4423 αὐτὸς
3384 4366 3477 4416 τοῦ
3546 4357 3700 4416 οἴκου
3738 4359 3840 4434 ἦν,

473 4431 613 4507 tiam
635 4444 776 4505 5δὸ
804 4454 1138 4525 quantaque
1169 4451 1262 4503 est
1291 4442 1396 4504 Dei
1431 4444 1502 4505 ad
1524 4431 1859 4522 hominem,
1896 4458 1954 4509 et
1983 4453 2060 4508 ait
2095 4472 2107 4508 ;

2200 4455 2285 4508 καὶ
2311 4459 2404 4508 τοῦ
2431 4431 2560 4507 λαοῦ
2587 4454 2693 4515 εἷς.
2744 4456 3001 4509 Τοσοῦτον
3058 4448 3147 4504 οὗν
3189 4446 3430 4512 πλείονος
3498 4445 3655 4515 δόξης
3683 4450 3712 4504 6
3736 4431 3840 4504 καέ

471 4534 695 4597 Fidelis
738 4534 977 4615 quidem
1027 4540 1154 4594 erat
1199 4535 1391 4595 Moses
1420 4551 1603 4613 super
1632 4541 1811 4594 totam
1844 4534 2109 4611 domum,

2197 4542 2263 4597 τὰ
2291 4541 2456 4619 σάρκα
2500 4541 2723 4617 Χριστὸς
2753 4538 2895 4615 παρά
2942 4540 3143 4603 Μωσῆν
3168 4534 3436 4611 ἡξίωται,,
3494 4534 3616 4593 ὅσον
3668 4537 3834 4619 εἰκὸς,

469 4625 530 4686 id
560 4633 669 4695 est,
702 4622 1007 4704 p0pulum,
1036 4621 1175 4709 ipse,
1186 4628 1393 4709 tamen
1444 4621 1622 4683 etiam
1671 4641 1739 4683 ex
1784 4622 1962 4685 domo
1992 4634 2109 4686 erat

2198 4616 2370 4709 φησὶ,
2407 4630 2497 4684 τὸν
2552 4616 2884 4707 δημιουργὸν
2920 4631 3034 4682 ’τοῦ
3104 4622 3603 4703 δημιουργήματος.
3666 4616 3837 4683 ςοιτον

467 4721 524 4775 et
576 4731 730 4776 unus
778 4730 812 4773 e
862 4710 1101 4791 populo.
1164 4708 1351 4771 Tanto
1395 4709 1590 4787 igitur
1637 4711 1907 4775 Christus
1944 4714 2107 4793 juxta

2197 4708 2316 4797 γὰρ,
2352 4718 2480 4797 φησὶ
2509 4714 2725 4773 πλείονα
2753 4714 2916 4790 τιμὴν
2945 4710 3063 4794 ἔχει
3088 4722 3209 4772 ’τοῦ
3263 4712 3418 4769 οἴκου
3446 4716 3475 4771 6
3500 4713 3836 4772 κατασκευά-

471 4820 709 4863 carnem
773 4800 995 4880 majore
1049 4797 1236 4877 gloria
1287 4797 1500 4877 dignus
1532 4807 1622 4860 est
1672 4799 1906 4862 habitus
1936 4820 2111 4883 quam

2198 4828 2292 4870 σας
2323 4805 2501 4866 αὐτόν.
2533 4804 2703 4861 Οἶκον
2726 4804 2825 4883 γὰρ
2856 4802 3094 4875 ἐνταῦθα,
3153 4802 3243 4858 τὸν
3290 4799 3422 4858 λαὸν
3444 4836 3461 4849 ν
3474 4802 3570 4858 σὺν
3598 4808 3837 4878 τῷοΜω-

469 4893 686 4967 Moses,
718 4898 961 4970 quanto,
994 4887 1206 4968 inquit.
1241 4896 1578 4968 aequumest
1601 4889 1937 4952 Creatorem
1954 4910 2109 4969 prte-

2200 4908 2282 4951 σεϊ
2314 4893 2485 4974 λέγει,
2515 4889 2700 4959 ἐπειδὴ
2729 4893 2817 4947 καὶ
2847 4894 3072 4969 Μωσῆς,
3112 4889 3199 4953 εἷς
3248 4888 3441 4957 inoo
3472 4888 3604 4947 λαοῦ
3636 4905 3840 4957 ἀποιη-

469 4980 689 5042 cellere
744 4987 1065 5041 creaturae:
1100 4995 1260 5049 nam,
1295 4985 1515 5058 quanto
1551 4978 1865 5057 maiorem,
1896 4980 2109 5062 inquit,

1376 4985 1515 5040 anto
1551 4978 1865 5057 maiorem,
1896 4980 2109 5062 inquit,
2193 4983 2290 5049 τῆς
2331 4981 2387 5038 δὲ
2414 4988 2507 5038 τοῦ
2529 4980 2682 5038 οἴκου
2710 4982 2738 5036 δ
2768 4978 3014 5059 Χριστός.

465 5068 645 5131 habet
677 5068 963 5130 honorem
994 5065 1045 5127 is
1076 5066 1178 5146 qui
1207 5066 1451 5127 domum
1478 5068 1831 5144 construxit,
1891 5089 2064 5151 quam
2090 5070 2224 5151 ipsa
2271 5070 2509 5134 domus.
2566 5066 2876 5150 Siquidem
2922 5067 3176 5128 domum
3232 5065 3357 5128 hoc
3394 5066 3525 5131 loco
3554 5066 3841 5150 populum

461 5156 739 5235 appellat,
772 5154 875 5235 qui
903 5172 1039 5216 cum
1071 5153 1230 5215 Mose
1259 5161 1424 5217 erat:
1461 5155 1941 5237 quandoquidem
1972 5167 2031 5221 et
2062 5164 2249 5223 Moses
2280 5177 2437 5223 unus
2463 5167 2589 5221 erat
2644 5175 2679 5219 e
2734 5155 2993 5238 pepulo:
3053 5161 3387 5219 exstructor
3439 5173 3576 5219 vero
3626 5157 3842 5220 domus

467 5253 593 5308 erat
621 5244 911 5306 Christus.

543 5331 643 5406 Ill,
663 5332 800 5395 4-6.
824 5333 1039 5393 Omnis
1059 5332 1223 5392 enim
1250 5329 1464 5392 domus
1491 5334 1883 5396 constituitur
1895 5334 1971 5397 ab
1993 5336 2111 5399 ali-

2277 5361 2302 5397 ι
2363 5345 2472 5403 Πᾶς
2525 5338 2626 5417 γὰρ
2679 5335 2833 5399 οἶκος
2887 5333 3329 5405 κατασκευάζεται
3403 5335 3506 5393 ὑπό
3558 5355 3725 5398 τινος.
3780 5323 3837 5391 ὀ

463 5422 807 5501 quo.Porro
836 5422 943 5501 qui
962 5418 1230 5482 condidit
1256 5420 1485 5500 omnia,
1511 5421 1672 5483 Deus
1704 5424 1902 5487 estEt
1924 5428 2103 5489 Moses

2197 5426 2245 5485 δὲ
2316 5429 2382 5485 τὰ
2476 5428 2648 5484 πάντα
2724 5424 3121 5487 κατασκευάσας
3218 5421 3372 5488 Θεός,
3469 5424 3569 5483 Καὶ
3639 5426 3837 5491 Μωσῆς

540 5588 604 5640 ευ
632 5586 825 5651 Exod.
859 5604 1027 5659 χχιιι,
1064 5588 1119 5647 7.
