4152 6216
235 368 375 449 306·
1319 391 1713 461 COMMENT.
1760 386 2128 454 IN-EPIST.
2173 393 2276 458 AD
2316 368 2545 459 HEBR.
3494 385 3612 450 306

233 520 335 595 μὲν
392 522 579 582 πιστὸς
676 520 730 578 ἄν
813 521 924 598 ὅλῳ
949 528 1029 596 τῷ
1057 521 1198 598 οἴκῳ
1255 521 1415 581 αὐτοῦ
1509 525 1582 586 ὡς
1649 523 1886 603 θεράπων

1969 521 2213 598 quidem
2238 523 2585 603 ﬁdelisfut't
2611 529 2679 588 tu
2708 528 2834 587 tota
2864 525 3033 587 domo
3061 522 3230 586 illius
3270 520 3456 584 veluti
3485 523 3609 583 mi-

232 610 310 672 εἷς
404 610 683 688 μαρτύριον
740 615 845 666 τῶν
925 610 1398 688 λαληθησομένων,
1501 614 1723 691 Χριστὸς
1797 608 1876 691 δὲ,

1967 610 2177 683 ηἰεῑεν,
2210 612 2277 673 in
2307 614 2652 676 testimonio
2681 630 2893 675 eorum
2942 630 3073 693 quae
3119 604 3377 675 dicenda
3407 615 3603 672 erant.

232 699 310 763 ὡς
378 699 522 771 Υἱὸς,
576 698 662 755 ἐπὶ
720 700 810 754 τὸν
881 701 1037 757 οἶκον
1094 705 1276 773 αὐτοῦ,
1372 704 1431 757 0-5
1509 701 1663 766 οἶκός
1719 701 1879 777 ἐσμεν

1967 697 2044 759 At
2063 698 2337 763 Christus
2353 708 2645 781 tanquam
2660 701 2860 763 Filius
2882 701 3335 764 administravit
3363 699 3611 761 domum

230 788 424 864 ἡμεῖς,
483 787 573 843 ἐάν
624 787 739 866 πὲρ
808 789 907 856 τὴν
976 787 1267 867 παρρησίαν
1360 792 1447 846 καὶ
1504 792 1564 847 τὸ
1620 791 1881 871 καύχημα

1967 786 2176 866 ipsius,
2227 792 2405 862 cuius
2460 792 2672 853 domus
2719 808 2927 853 sumus
2958 808 3092 864 nas,
3124 791 3180 851 si
3209 788 3496 867 loquendi
3527 787 3606 849 ti-

231 883 334 945 τῆς
431 875 639 941 ἐλπίδος
743 875 906 958 μέχρι
1011 876 1192 942 τέλους
1287 876 1499 954 βεϐαίαν
1581 880 1877 960 κατάσχω-

1967 876 2246 940 bertatem
2274 886 2333 941 et
2359 878 2796 959 gloriationem
2818 884 2967 960 spei,
2985 879 3063 941 ad
3083 878 3264 959 ﬁnem
3281 876 3472 955 usque
3491 877 3606 955 ﬁr-

232 989 356 1043 μιν.
396 992 424 1022 Ι

1967 983 2122 1027 mam
2160 970 2563 1030 tenuerimus.

309 1054 535 1123 Ἐπειδὴ
565 1058 721 1113 οἷκον
748 1058 839 1113 τὸν
894 1056 1020 1114 λαὸν
1080 1058 1169 1114 καὶ
1224 1058 1315 1113 τὸν
1373 1059 1571 1125 Μωσῆν
1630 1057 1876 1113 ἐκάλεσεν

2041 1055 2328 1129 Quoniam
2362 1058 2607 1121 domum
2662 1067 2976 1122 vocaverat
3023 1059 3306 1141 p0pulum
3333 1065 3392 1120 et
3419 1058 3598 1120 etiam

230 1146 466 1221 ἐνέμεινε
494 1152 564 1222 τῇ
612 1153 809 1223 τροπῇ,
880 1148 967 1203 καί
1023 1169 1152 1227 φησι
1186 1162 1202 1177 ⁹
1284 1148 1669 1226 Δημιούργημα
1737 1148 1878 1204 οὗτοί

1967 1149 2186 1222 Mosen,
2221 1150 2545 1229 permansit
2586 1149 2646 1210 in
2679 1159 2867 1231 tropo,
2904 1157 2962 1209 et
2991 1148 3073 1210 ait
3104 1167 3118 1211 :
3155 1150 3436 1210 Creatura
3464 1154 3602 1208 sunt

231 1237 330 1291 εἰσι
358 1237 447 1291 καὶ
476 1232 672 1296 δοῦλοι.
708 1236 781 1292 Οὔ
818 1235 918 1314 γὰρ
960 1233 1034 1291 ἔνι
1067 1236 1244 1309 οἶκος,
1279 1237 1321 1292 εἰ
1351 1237 1427 1310 μή
1471 1257 1519 1291 τι
1551 1236 1873 1291 κατεσκευά-

1967 1236 2223 1317 hiatque
2255 1238 2431 1299 servi.
2467 1237 2595 1299 Non
2644 1238 2803 1299 enim
2854 1238 3146 1318 contingit
3192 1254 3324 1301 esse
3356 1236 3599 1297 domum

230 1327 356 1391 σθη,
388 1324 807 1383 Κατεσκεύασται
836 1321 891 1379 δὲ
920 1325 985 1381 τὰ
1034 1324 1227 1400 πάντα,
1263 1323 1376 1400 μεθ’
1431 1326 1504 1380 ὧν
1566 1324 1657 1380 καὶ
1700 1325 1728 1380 ὀ
1781 1325 1874 1381 οῖ-

1967 1324 2072 1385 nisi
2132 1326 2353 1406 aliquid
2414 1336 2747 1389 exstruatur
2797 1346 2809 1389 :
2865 1334 3159 1388 exstructa
3214 1332 3349 1386 sunt
3404 1332 3600 1385 autem

228 1435 323 1476 κος
350 1414 457 1469 ὑπὸ
486 1422 578 1471 τοῦ
646 1419 893 1493 Χριστοῦ.
955 1402 1136 1480 υΟσην
1204 1414 1292 1469 οὖν
1336 1414 1500 1485 εἰκὸς,
1559 1415 1709 1494 φησὶ,
1756 1411 1875 1470 δια-

1967 1414 2210 1476 omniaa
2231 1402 2494 1491 Christo,
2530 1416 2683 1477 inter
2716 1435 2847 1497 quae
2875 1418 3051 1476 etiam
3084 1421 3174 1476 est
3205 1414 3333 1494 ipsa
3363 1413 3596 1474 domus.

228 1502 395 1581 φορὰν
465 1500 613 1582 ἔχειν
684 1502 914 1569 ποιητὴν
968 1503 1292 1578 ποιήματος,
1363 1504 1624 1570 τοσαύτην
1678 1503 1796 1583 ἔχει
1849 1506 1877 1559 6

1967 1502 2246 1576 Quantam
2280 1523 2416 1581 ergo
2448 1524 2680 1585 aequum
2700 1514 2788 1566 est
2808 1513 2868 1565 ut
2898 1504 3109 1565 habeat
3140 1501 3601 1583 praecellentiam

230 1593 462 1665 Χριστὸς
521 1591 651 1669 πρὶς
696 1596 917 1658 Μωσῆν.
977 1614 1002 1644 ιι
1042 1592 1138 1648 Καὶ
1193 1598 1392 1657 Μωσῆς
1448 1592 1544 1668 μὲν
1611 1593 1795 1658 πιστὸς
1823 1596 1877 1649 ἒν

1967 1592 2011 1652 is
2039 1592 2138 1672 qui
2171 1593 2437 1654 condidit
2467 1612 2647 1675 supra
2687 1613 2836 1674 opus
2867 1593 3021 1673 quod
3054 1591 3341 1663 condidit,
3380 1599 3599 1652 tantam

228 1679 342 1754 ὅλῳ
384 1684 462 1754 τῷ
504 1679 643 1754 οἴκῳ
674 1681 851 1738 αὐτοῦ.
889 1702 916 1732 »
965 1680 1102 1737 Εἶτα
1159 1684 1246 1737 καὶ
1278 1679 1445 1748 ἄλλην
1503 1680 1645 1760 λέγει
1702 1678 1880 1761 διαφο-

1967 1682 2139 1743 habet
2185 1680 2450 1744 Christus
2482 1702 2659 1765 supra
2689 1688 2916 1747 Mosen.
2953 1708 2979 1738 α
3012 1682 3085 1743 Et
3136 1688 3325 1743 Moses
3357 1681 3598 1762 quidem

228 1770 324 1848 ρὰν
355 1776 585 1848 Χριστοῦ
608 1769 698 1824 καὶ
747 1767 1002 1843 Μωσέως,
1061 1767 1141 1824 ὅτι
1199 1772 1226 1825 6
1297 1770 1392 1845 μὲν
1435 1771 1508 1833 ὡς
1579 1768 1760 1833 δοῦλος
1815 1769 1878 1837 ἦν

1967 1767 2154 1830 ﬁdelis
2199 1769 2306 1830 fuit
2352 1770 2413 1831 in
2459 1779 2575 1832 tota
2618 1772 2793 1832 domo
2852 1771 3031 1834 illius.
3088 1796 3114 1826 »
3161 1769 3390 1833 Deinde
3420 1769 3597 1830 aliam

228 1860 444 1936 πιστὸς,
476 1860 506 1913 6
533 1856 589 1913 δὲ
629 1859 701 1920 ὡς
734 1860 852 1921 Υίος
920 1859 1139 1935 γνήσιος
1176 1859 1262 1914 καὶ
1316 1859 1621 1933 ὁμοούσιος,
1659 1856 1877 1925 Ἐπειδὴ

1967 1876 2197 1938 quoque
2213 1859 2378 1939 ponit
2395 1860 2788 1922 differentiam
2810 1860 3183 1923 interMosen
3201 1858 3596 1930 etChristum,

228 1949 329 2026 γὰρ
374 1946 485 2002 ἅνω
535 1946 724 2002 πιστὸν
766 1944 984 2001 ἐκάλετε
1026 1946 1117 2001 τὸν
1171 1948 1414 2025 Χριστὸν,
1475 1948 1659 2004 πιστὸν
1690 1945 1744 2002 δὲ
1790 1948 1878 2003 καὶ

1967 1948 2112 2028 quod
2144 1948 2247 2010 ille
2277 1949 2513 2030 quidem
2552 1959 2827 2030 tanquam
2865 1968 3068 2010 servus
3102 1955 3227 2009 erat
3259 1946 3470 2019 ﬁdelis,
3505 1947 3600 2008 hic

225 2039 318 2093 τὸν
344 2040 571 2114 Μωσῆν,
616 2035 714 2101 τὴν
742 2033 989 2113 διαφορὰν
1016 2057 1108 2091 του
1150 2041 1338 2091 πιστοῦ
1395 2033 1688 2114 ἐξηγεῖται.
1729 2059 1756 2091 α
1790 2038 1875 2099 Εἰς

1967 2054 2093 2096 vero
2126 2044 2401 2118 tanquam
2432 2038 2614 2099 Filius
2641 2038 2923 2099 naturalis
2953 2035 3290 2116 etejusdem
3318 2034 3599 2095 substan-

227 2127 514 2205 μαρτύριον
562 2130 666 2181 τῶν
716 2122 1189 2200 λαληθησομένων.
1228 2146 1252 2180 ι)
1317 2125 1404 2187 Εἰς
1460 2126 1523 2180 τὸ
1564 2125 1704 2181 εἶναι
1735 2126 1874 2205 μάρ-

1967 2123 2071 2188 tiae.
2137 2124 2425 2197 Quoniam
2506 2127 2665 2188 enim
2739 2126 3013 2206 superius
3084 2124 3322 2185 ﬁdelem
3377 2123 3602 2184 vocavit

224 2236 357 2292 τυρα
426 2218 532 2268 τῶν
593 2210 931 2287 λαλουμένων
986 2212 1127 2291 παρὰ
1192 2219 1322 2269 Θεοῦ
1389 2225 1507 2292 τοῖς
1581 2211 1870 2287 Ἰουδαίοις,

1967 2212 2271 2287 Christum,
2308 2214 2540 2276 ﬁdelem
2572 2226 2772 2275 autem
2825 2222 2881 2275 et
2933 2212 3154 2283 Mosen,
3190 2219 3388 2274 narrat
3423 2212 3601 2272 diﬁ‘e-

223 2290 319 2360 ’ἵνα
348 2303 431 2378 μὴ
461 2301 515 2358 ἰν
545 2306 712 2380 καιρῷ
740 2301 958 2380 κρίσεως
1015 2290 1369 2381 ἀρτήσωνται.
1433 2290 1601 2365 ’Ἐθος
1669 2303 1767 2382 γὰρ
1796 2310 1876 2376 τῷ

1967 2301 2205 2363 tentiam
2236 2304 2294 2363 in
2328 2303 2632 2366 ﬁdelitate.
2669 2327 2690 2360 ιι
2719 2302 2783 2364 In
2815 2301 3220 2364 testimonium
3237 2318 3442 2362 eorum
3468 2319 3600 2381 qua;

226 2400 346 2467 Θεῷ
375 2393 466 2449 καὶ
507 2392 722 2470 οὒρανὸν
779 2391 866 2447 καὶ
922 2392 1025 2471 γῇλν
1094 2391 1183 2446 καὶ
1249 2391 1524 2470 φάραγγας
1593 2390 1874 2471 προσλαμ-

223 2480 405 2539 ὄάνειν
437 2482 512 2544 εἷς
540 2468 847 2559 μαρτυρίαν.
886 2502 911 2534 ιι
964 2468 1170 2538 ’Ἄκουε
1189 2468 1526 2561 γάῥ,ίφτίάὶν,
1558 2468 1761 2561 οὖρανέ,
1786 2481 1875 2537 καὶ

221 2574 495 2649 ὶνωτίζου,
516 2571 550 2637 ἡ
572 2571 669 2647 γῆ.
692 2588 723 2626 ι
753 2570 850 2626 Καὶ
878 2565 1037 2626 πάλιν
1072 2584 1085 2597 '
1127 2591 1154 2623 α
1190 2566 1496 2642 Ἀκούσατε,
1525 2569 1811 2650 φάραγγες.
1843 2590 1866 2627 ι

225 2682 345 2715 -ι
374 2659 600 2737 Χριστὸς
625 2655 680 2713 δὲ
710 2658 784 2721 ὡς
817 2657 959 2720 Υἱός.
994 2679 1019 2715 1
1056 2658 1206 2714 Εἷκαὶ
1225 2657 1324 2736 γὰρ
1341 2659 1551 2737 πιστὸς,
1570 2659 1723 2737 φησὶ,
1750 2654 1874 2735 παρ’

226 2750 358 2823 ἐμοῦ
401 2748 730 2823 ὠνόμασται,
764 2743 882 2802 ἀλλ’
940 2748 1014 2812 ὣς
1058 2747 1177 2811 Υἱὸς
1222 2745 1439 2823 γνήσιός
1508 2748 1618 2802 ἔστι
1661 2747 1870 2819 πιστὸς,

225 2840 286 2895 τὸ
317 2842 572 2916 Πατρῷον
601 2834 929 2913 ἀποπληρῶν
967 2833 1202 2910 θέλημα,
1234 2834 1439 2910 μᾶλλον
1493 2832 1548 2891 δὲ
1604 2836 1666 2891 τὸ
1696 2836 1873 2892 κοινὸν

226 2933 325 2994 τῆς
385 2927 539 3005 ἁγίας
609 2923 849 3003 Τριάδος.
916 2943 944 2982 ι
1017 2926 1092 2981 Οὗ
1169 2924 1322 2987 οἶκός
1406 2922 1565 2999 ἐσμεν
1617 2925 1802 2999 ἡμεῖς.
1841 2947 1868 2980 ι

1955 2390 2210 2452 dicenda
2239 2399 2469 2453 erant.»
2509 2391 2580 2454 Ut
2612 2391 2777 2453 testis
2808 2398 2963 2452 esset
2996 2408 3200 2452 eorum
3225 2407 3357 2469 quae
3376 2388 3604 2452 Judaais

1955 2479 2586 2551 dicerenturaDeo,ne
2615 2480 2825 2562 iudicii
2845 2492 3113 2560 tempore
3143 2479 3203 2541 id
3237 2478 3602 2541 factumesse

1956 2569 2401 2647 negarent.Deo
2427 2570 2585 2631 enim
2636 2570 2819 2632 moris
2851 2578 2940 2632 est
2962 2577 3019 2630 et
3046 2569 3258 2631 caelum
3295 2576 3352 2629 et
3381 2574 3599 2628 terram

1960 2676 2026 2719 ac
2041 2658 2222 2720 valles
2243 2657 2303 2719 in
2332 2659 2736 2721 testimonium
2776 2676 3099 2720 assumere.
3126 2682 3150 2714 α
3170 2656 3348 2731 Audi,
3380 2655 3598 2737 inquit,

1958 2746 2204 2827 ccelum,
2238 2754 2296 2809 et
2325 2748 2568 2809 auribus
2604 2748 2867 2830 percipe.
2900 2756 3060 2809 terra
3086 2747 3201 2805 εί.»
3237 2745 3309 2807 Ει
3338 2763 3598 2807 rursum:

1964 2835 2242 2908 «Audite,
2266 2837 2466 2898 valles.
2487 2853 2585 2899 1-
2614 2838 2722 2899 αΑι
2755 2836 3023 2900 Christus
3054 2844 3330 2917 tanquam
3352 2834 3601 2896 Filius.»

1956 2923 2105 2986 Nam
2137 2924 2274 2986 licet
2305 2944 2337 2986 a
2371 2944 2486 2997 me,
2512 2926 2726 3008 inquit,
2770 2926 3108 2988 nominatus
3137 2925 3213 2986 sit
3240 2923 3460 3004 ﬁdelis,
3493 2923 3599 2985 sed

229 3020 299 3074 03
368 3022 594 3096 Χριστοῦ
654 3013 810 3076 οἶκός
906 3012 1065 3088 ἐσμεν
1168 3015 1217 3070 οἱ
1301 3015 1497 3086 πιστοὶ,
1585 3013 1721 3070 κατὰ
1787 3035 1871 3089 το,

1967 3021 2231 3093 tanquam
2265 3013 2451 3075 Filius
2481 3016 2769 3077 naturalis
2800 3024 2889 3076 est
2910 3015 3125 3090 ﬁdelis,
3158 3016 3473 3076 Paternam
3497 3031 3600 3075 ex-

234 3129 257 3160 c
295 3104 598 3174 Ἐνοικήσω
625 3103 681 3160 ἐν
723 3104 927 3167 αὗτοῒς.
972 3125 994 3157 ι
1036 3135 1110 3147 -
1138 3123 1161 3157 ι
1197 3100 1325 3159 Ἐὰν
1375 3124 1474 3181 περ
1514 3102 1611 3170 τὴν
1664 3100 1871 3181 παῤῥη-

1967 3101 2126 3181 plens
2150 3102 2536 3177 voluntatem,
2573 3104 2758 3184 magis
2802 3114 3000 3166 autem
3052 3122 3181 3166 eam
3225 3121 3357 3183 quae
3384 3109 3603 3163 sanctae

226 3195 366 3255 σίαν,
409 3215 433 3249 ε
467 3193 730 3267 Ἐσόμεθα
758 3191 915 3251 αὗτοῦ
942 3192 1117 3263 οἶκος,
1192 3190 1280 3247 ἐὰν
1313 3193 1393 3268 μὴ
1428 3189 1875 3269 ἐγκαλυπτώμεθα

1967 3186 2228 3251 Trinitati
2250 3194 2583 3253 communis
2604 3201 2709 3253 est.
2726 3193 2942 3272 «Cujus
2966 3192 3179 3252 domus
3205 3209 3408 3252 sumus
3432 3209 3603 3251 uos.»

224 3282 311 3339 ἐπὶ
442 3284 516 3346 εἰς
546 3282 702 3339 αὑτὸν
731 3281 927 3354 πίστει,
985 3279 1123 3337 ἀλλὰ
1201 3282 1335 3356 μετὰ
1390 3279 1680 3359 παῤῥησίας
1738 3302 1873 3338 καυ-

1967 3279 2137 3359 Cujus
2184 3277 2401 3341 Christi
2447 3279 2659 3340 domus
2712 3299 2919 3341 sumus
2972 3279 3202 3354 ﬁdeles,
3246 3279 3396 3338 556
3436 3278 3603 3357 juxta

223 3372 478 3452 χώμεθα,
552 3371 643 3427 καὶ
699 3370 767 3427 τὰ
808 3371 1021 3450 χρηστὰ
1079 3368 1338 3445 λήψεσθαι
1394 3367 1518 3448 παρ’
1594 3371 1753 3427 αὕτοὖ
1797 3373 1872 3434 ὡς

1967 3367 2140 3429 illud:
2175 3390 2198 3423 ι
2226 3366 2580 3430 Inhabitabo
2618 3368 2678 3428 in
2730 3368 2848 3429 illis
2869 3368 2945 3427 99.
2979 3392 3001 3425 ο
3044 3403 3118 3414 —
3147 3391 3173 3423 α
3209 3366 3271 3429 Si
3317 3364 3599 3446 loquendi

226 3470 358 3519 Θεου
387 3460 708 3539 ἐλπίζωμεν,
739 3460 818 3535 μὴ
867 3458 1209 3536 σαλευόμενοι
1266 3457 1402 3534 μηδὲ
1448 3456 1774 3530 διστάζοντες
1818 3459 1872 3516 ἔν

1967 3455 2246 3519 libertate.
2282 3481 2309 3513 ι
2336 3457 2574 3518 Erimus
2599 3456 2811 3519 domus
2842 3456 3027 3537 ipsius
3059 3455 3111 3515 si
3142 3472 3259 3515 non
3291 3454 3607 3515 erubueri-

222 3571 350 3612 τινι.
1954 3564 2085 3606 mus
2117 3545 2192 3607 ob
2226 3546 2405 3607 ﬁdem
2436 3565 2566 3627 quae
2606 3545 2800 3627 ipsum
2852 3553 2962 3619 est,
3025 3542 3131 3605 sed
3185 3560 3321 3604 cum
3367 3540 3605 3612 dicendi

224 3638 507 3701 libertate
533 3635 898 3714 gloriemur:
935 3640 994 3697 et
1021 3652 1155 3715 quae
1208 3632 1358 3696 utila
1415 3639 1554 3696 sunt
1599 3631 1675 3695 ab
1732 3633 1862 3717 ipso
1911 3642 2189 3716 tanquam
2250 3652 2284 3697 a
2340 3634 2461 3697 Deo
2519 3653 2627 3696 nos
2682 3641 3036 3715 accepturos
3090 3650 3424 3714 speremus,
3489 3650 3610 3692 non

230 3726 603 3798 vacillantes,
637 3743 749 3788 nec
779 3724 841 3786 in
869 3722 1069 3805 aliquo
1096 3721 1457 3786 dubitantes.

317 3840 348 3873 ι
384 3818 480 3872 Διὸ
508 3815 682 3879 καθὼς
725 3814 867 3894 λέγει
896 3817 955 3871 τὸ
1009 3820 1222 3889 Πνεῦμα
1274 3816 1335 3870 τὸ
1388 3814 1565 3893 ἅγιον,
1633 3815 1875 3893 Σήμερον

2037 3811 2139 3888 IIl,
2188 3814 2368 3877 7-11.
2433 3813 2830 3895 Quapropter
2897 3815 3054 3877 sicut
3119 3812 3289 3875 dicit
3343 3810 3611 3891 Spiritus

234 3906 322 3963 ἐὰν
376 3910 480 3973 τῆς
536 3908 718 3984 φωνῆς
789 3907 947 3963 αὐτοῦ
1028 3902 1284 3971 ἀκούσητε
1296 3950 1314 3976 ,
1388 3904 1467 3978 μὴ
1549 3902 1877 3982 σκληρύνητε

1967 3909 2242 3964 sanctus:
2273 3902 2470 3965 Hodie
2492 3904 2547 3965 si
2564 3920 2761 3965 vocem
2780 3904 2906 3982 ejus
2933 3903 3278 3978 audieritis,
3310 3918 3386 3963 ne
3410 3899 3605 3962 obdu-

230 3996 326 4058 τὰς
382 3991 599 4072 καρδίας
651 3994 822 4068 ὑμῶν.
875 3994 949 4056 ὡς
1004 3991 1057 4048 ἐν
1127 3997 1204 4065 τῷ
1278 3999 1705 4071 παραπικρασμῷ
1771 4014 1876 4049 κα-

1967 3993 2107 4051 retis
2161 3990 2346 4051 corda
2393 3997 2612 4065 vestra,
2661 3992 2820 4053 sicut
2879 3990 3351 4054 exacerbattone
3402 3988 3469 4049 tu
3498 3989 3605 4050 die

230 4087 297 4143 τὰ
362 4087 466 4153 τὴν
533 4085 737 4164 ἡμέραν
792 4090 886 4141 τοῦ
939 4092 1233 4162 πειρασμοῦ
1283 4081 1338 4138 ἐν
1406 4089 1474 4160 τῇ
1543 4083 1746 4163 ἐρήμῳ,
1819 4082 1880 4140 οὗ

230 4174 517 4255 ἐπειρασὰν
576 4195 642 4249 με
697 4176 745 4229 0i
838 4172 1060 4252 πατέρες
1141 4170 1313 4247 ὑμῶν,
1390 4169 1742 4247 Ἐδοκίμασάν
1812 4194 1878 4248 με

227 4265 321 4320 καὶ
405 4260 553 4321 εἶδον
601 4263 669 4319 τὰ
722 4260 850 4342 ’ἔργα
929 4263 1060 4336 (μου
1125 4261 1511 4340 τεσσαράκοντα
1567 4259 1685 4327 ἔτη.
1788 4262 1881 4317 Διὸ

230 4351 586 4432 προσώρισα
613 4357 681 4427 τῇ
737 4357 893 4430 γενεᾷ
952 4350 1150 4425 εκείνη,
1210 4351 1298 4405 καὶ
1350 4363 1528 4423 εἶπον,
1572 4348 1682 4406 Ἀεὶ
1733 4348 1879 4406 πλα-

235 4448 429 4498 νῶνται
456 4446 527 4517 τῇ
552 4438 758 4519 καρδίᾳ.
820 4440 974 4497 Αὐτοὶ
1026 4437 1082 4494 δὲ
1153 4439 1247 4495 οὐκ
1303 4436 1536 4517 ἔγνωσαν
1593 4438 1688 4502 τὰς
1731 4435 1881 4501 ὁδοὺς

234 4552 364 4610 μου,
408 4531 484 4593 ὡς
526 4528 716 4605 ὤμοσα
742 4528 796 4586 ἐν
1129 4548 1231 4603 μου
1286 4528 1330 4583 εί
1385 4525 1766 4584 εἰσελεύσονται
1809 4528 1880 4592 είς

233 4619 337 4685 τὴν
363 4617 691 4675 κατάπαυσίν
720 4639 842 4692 μω,
895 4639 920 4671 ιι

320 4709 500 4766 Εἰπὼν
529 4705 612 4762 ὅτι
654 4707 765 4787 χρὴ
807 4706 874 4763 τὰ
923 4705 1135 4786 χρηστὰ
1204 4702 1428 4775 ἐλπίζειν
1455 4705 1597 4784 παρὰ
1623 4707 1717 4762 τοῦ
1747 4711 1880 4785 Χρι-

236 4803 367 4855 στοῦ
396 4804 486 4854 νῦν
513 4816 674 4873 φησιν
706 4791 787 4850 ὅτι
837 4793 897 4849 οὐ
950 4791 1032 4849 δεῖ
1086 4793 1217 4871 πρὸς
1274 4792 1370 4859 τὴν
1429 4794 1603 4850 πίστιν
1654 4793 1743 4849 καὶ
1784 4794 1883 4862 τὴν

236 4881 427 4942 ἐλπίδα
453 4884 650 4949 ταύτην
686 4880 1081 4959 ἀποσκληρῦναι
1137 4881 1235 4948 τὴν
1277 4878 1488 4960 καρδίαν
1555 4883 1733 4960 ἡμῶν,
1792 4882 1885 4940 ’ίνα

235 4975 317 5051 μὴ
364 4972 619 5047 πάθωμεν
666 4970 800 5049 ἅπερ
870 4973 918 5028 οἱ
972 4970 1026 5026 ἐν
1234 4969 1418 5049 ἐρήμῳ
1498 4970 1884 5041 ἀπιστήσαντες

236 5062 555 5120 πεπόνθασι.
590 5060 662 5117 T6
682 5057 738 5115 δὲ
807 5061 1059 5138 σήμερον,
1120 5060 1181 5116 τὸ
1231 5058 1311 5115 ἀεὶ
1364 5056 1546 5132 δηλοῖ,
1606 5060 1732 5115 ὡσεὶ
1761 5057 1883 5116 ἕλε-

237 5173 332 5230 γεν
382 5166 397 5179 ⁸
435 5138 573 5208 ιὈτε
635 5145 700 5219 δή
771 5169 899 5205 ποτε
937 5148 1023 5206 καὶ
1076 5147 1175 5213 ἕως
1232 5147 1340 5204 ἐστί
1392 5148 1454 5203 τὸ
1522 5149 1752 5227 σήμερον
1796 5149 1886 5205 ἐὰν

239 5239 507 5305 ἀκούσητε
563 5239 664 5304 τὴν
718 5239 900 5318 φωνὴν
966 5244 1060 5294 τοῦ
1155 5233 1438 5299 καλοῦντος
1501 5241 1743 5315 Χρισταῧ,
1805 5236 1884 5311 μὴ

242 5328 465 5406 σκληροὶ
507 5328 597 5383 καὶ
652 5324 884 5397 δυσήνιω
914 5325 1134 5405 γένησθε
1165 5325 1258 5388 τὰς
1326 5321 1537 5403 καρδίας
1595 5325 1667 5388 εἷς
1722 5326 1782 5380 τὸ
1813 5328 1890 5400 μὴ

241 5417 468 5473 ἀκοῦσαι
498 5415 679 5478 αὐτοῦ,
742 5437 766 5473 ι
798 5416 888 5483 Μὴ
938 5413 1289 5494 σκληρύνητε.
1326 5436 1354 5468 ι
1429 5414 1501 5471 Τὸ
1530 5414 1630 5493 γὰρ
1660 5412 1891 5492 σκληρὸν

244 5508 335 5561 καὶ
404 5502 673 5561 δύσεικτον
728 5505 818 5560 καὶ
873 5503 1138 5580 ἀκαμπὲς,
1201 5502 1330 5581 πρὸς
1385 5503 1476 5559 τὸν
1518 5500 1890 5582 διαλεγόμενίν

1961 4079 2315 4140 tentationts
2346 4080 2411 4140 in
2437 4078 2819 4154 deserto,ubt
2849 4085 3238 4142 tentaverunt
3265 4094 3360 4139 me
3390 4077 3608 4138 Patres

1959 4167 2169 4247 vestri,
2209 4166 2632 4246 probaverunt
2678 4185 2776 4230 me
2824 4176 2883 4230 et
2928 4168 3213 4231 viderunt
3261 4181 3447 4247 opera
3475 4183 3609 4229 mea

1961 4255 2371 4335 quadraginta
2401 4259 2603 4320 annis.
2641 4258 3028 4337 Quapmpter
3056 4257 3329 4337 infensus
3374 4256 3474 4333 fui
3501 4272 3610 4335 ge—

1960 4346 2268 4406 nerationi
2299 4346 2420 4422 illi,
2453 4353 2513 4409 et
2541 4345 2676 4409 diat
2706 4368 2719 4410 :
2754 4346 3009 4426 Semper
3035 4345 3102 4408 hi
3140 4351 3353 4408 errant
3384 4345 3564 4406 corde
3583 4366 3609 4415 ,-

1962 4434 2082 4512 ipsz’
2108 4450 2250 4496 vero
2281 4453 2401 4496 non
2426 4442 2833 4515 cognoverunt
2864 4442 2996 4498 vias
3023 4451 3209 4509 meas,
3236 4438 3304 4496 ut
3330 4435 3610 4511 iurarem

1964 4522 2031 4582 tu
2060 4522 2159 4584 ira
2190 4540 2326 4585 mea
2353 4525 2410 4586 si
2440 4523 2783 4587 introibant
2812 4525 2877 4586 in
2906 4525 3173 4603 requiem
3204 4540 3420 4584 meam.

2042 4702 2155 4767 Ubi
2180 4702 2328 4766 dixit
2351 4706 2507 4785 quod
2542 4711 2813 4786 oporteat
2833 4705 3000 4766 utilia
3030 4721 3319 4785 sperarea
3343 4703 3600 4779 Christo,

1966 4813 2122 4861 nunc
2151 4792 2232 4855 ait
2263 4794 2419 4875 quod
2451 4794 2521 4856 ad
2558 4793 2735 4856 ﬁdem
2760 4801 2819 4857 et
2854 4812 3024 4874 spem
3072 4793 3245 4855 istam
3276 4811 3395 4855 non
3427 4810 3611 4872 opor-

1968 4891 2084 4944 teat
2111 4882 2405 4944 abdurare
2421 4884 2600 4945 corda
2622 4891 2927 4957 nostra,ne
2946 4880 3614 4962 contingantnobisquaa

1970 4971 2342 5050 contigerunt
2389 4972 2480 5033 his
2511 4973 2610 5053 qui
2641 4972 2701 5032 in
2752 4971 2987 5034 deserto
3020 4970 3258 5033 fuerunt
3287 4970 3608 5033 increduli.

1968 5059 2158 5122 Hodie
2207 5068 2425 5135 autem,
2473 5061 2766 5140 signiﬁcat
2814 5077 3069 5140 semper,
3121 5077 3189 5120 ac
3235 5059 3285 5120 si
3336 5059 3612 5123 diceret:

1969 5145 2452 5228 Quandocunque
2483 5158 2540 5210 et
2571 5149 2724 5231 quod
2758 5149 3091 5231 appellatur
3125 5148 3253 5209 dies
3276 5148 3624 5229 hodiernus,

1972 5235 2022 5296 si
2054 5236 2358 5298 audieritis
2402 5255 2606 5301 vocem
2659 5237 2954 5319 loquentis
3001 5236 3243 5313 Christi,
3288 5257 3364 5299 ne
3393 5237 3527 5298 duri
3560 5245 3620 5300 et

1974 5326 2229 5388 etl'renes
2277 5325 2617 5388 eﬁiciamini
2662 5328 2944 5390 cordibus
2987 5328 3058 5389 ad
3104 5346 3223 5388 non
3253 5325 3616 5389 audiendum

1973 5413 2187 5493 ipsum.
2231 5437 2253 5471 ιι
2281 5413 2366 5477 Ne
2396 5413 2723 5479 obduretis.
2759 5441 2785 5471 ι)
2814 5416 3037 5478 Durum
3072 5415 3231 5478 enim
3259 5424 3346 5479 est
3376 5415 3436 5477 id
3461 5413 3619 5497 quod

1972 5520 2125 5582 aegre
2157 5502 2549 5583 obtemperat,
2584 5510 2643 5567 et
2666 5506 2825 5569 ﬂecti
2867 5523 2987 5567 non
3022 5512 3216 5587 potest
3244 5504 3318 5568 ad
3349 5523 3483 5568 cum
3514 5504 3619 5586 qui

325 5662 381 5713 ²¹
412 5661 586 5727 Deut.
618 5676 805 5736 χχιιι,
843 5667 897 5724 1.
931 5660 989 5711 Β
1018 5660 1200 5724 Levit.
1232 5678 1393 5740 xxvx,
1436 5662 1507 5726 12
1536 5685 1553 5743 ;
1587 5660 1639 5727 ll
1662 5660 1799 5727 Cor.
1827 5680 1909 5743 γι,
1947 5664 2044 5726 l6.
