4152 6216
513 436 630 501 30⁸1
1628 432 2037 497 (ΕΟΗΜΕΝΙΙ
2080 432 2157 493 TI

2243 431 2376 493 IGIE
2418 428 2757 495 EPISCOPI
3758 424 3877 494 308

512 566 1016 632 disserit.«Corda
1047 574 1292 629 vestra.»
1327 565 1565 628 Etenim
1594 563 1901 639 Israelitae,
1930 562 2147 645 inquit,

2243 585 2394 625 εστιν.
2456 584 2480 622 α
2514 566 2618 628 Τὰς
2672 561 2883 645 καρδίας
2933 566 3106 640 ὑμῶν.
3154 587 3183 619 ι
3248 564 3347 622 Καὶ
3388 563 3486 642 γὰρ
3555 566 3603 621 οἱ
3661 560 3877 645 Ἰσραη-

512 658 661 720 duro
691 655 871 719 corde
900 656 1062 733 facti,
1102 654 1603 717 exacerbaverunt
1633 664 1693 715 et
1721 652 1794 714 ad
1824 653 1972 713 iram
2005 671 2147 733 pro-

2243 656 2397 735 Πται,
2469 655 2620 734 φησὶ,
2686 652 2906 734 σκληροὶ
2954 655 3049 717 τὰς
3097 650 3307 730 καρδίας
3370 653 3666 731 γενόμενοι,
3734 676 3875 734 παρ·-

512 752 870 809 vocaverunt
904 744 1098 806 Deum
1154 744 1254 825 qui
1302 742 1448 823 ipsis
1487 741 1854 823 loquebatur.
1897 765 1924 795 α
1958 740 2023 802 In
2054 740 2149 802 die

2243 741 2511 822 ιπίκραναν
2536 745 2628 799 τὸν
2658 741 2919 800 λαλοῦντα
2950 743 3130 807 αὑτοῖς
3167 742 3319 804 Θεόν,
3359 761 3383 798 ι
3421 741 3568 799 Κατά
3598 742 3693 809 τὴν
3731 743 3874 818 ἡμέ-

512 834 877 897 tentationis.
919 857 943 893 ι
973 832 1044 895 Et
1073 832 1261 913 qualis
1309 832 1422 894 fuit
1470 832 1596 894 haec
1620 830 1989 893 exacerbatio
2020 847 2152 911 quas

2243 852 2325 906 ραν
2394 838 2488 888 τοῦ
2544 838 2858 911 πειρασμοῦ.
2897 854 2924 887 ι
2991 832 3089 889 Καὶ
3144 843 3302 895 ποῖος
3346 832 3498 893 οὗτος
3555 832 3583 886 6
3639 853 3875 910 παραπι-

513 923 576 985 in
604 923 703 985 die
725 923 877 985 facta
904 920 1022 984 est?
1042 909 1276 1002 quando
1307 920 1600 985 increduli
1630 920 1766 981 facti
1798 922 1943 992 Deo,
1966 909 2152 980 tenta-

2243 920 2471 998 κρασμός
2502 922 2530 976 6
2576 909 2712 977 κατὰ
2767 921 2863 987 τὴν
2908 919 3109 999 ἡμέραν
3179 919 3462 997 γενόμενος
3498 937 3516 993 ;
3563 909 3876 976 "(nscim-

513 1011 838 1076 banteum.
870 1037 896 1067 α
933 1009 1083 1072 Num
1114 1008 1351 1091 poterit,
1384 1009 1677 1091 inquiunt,
1711 1016 1769 1070 et
1798 1026 2010 1089 panem
2042 1007 2151 1069 da-

2243 1014 2479 1071 στοῦντες
2546 1016 2623 1084 τῷ
2652 1014 2791 1083 Θεῷ,
2824 1010 3092 1089 ἐπείραζον
3133 1008 3313 1067 αὐτόν.
3367 1030 3395 1062 ι
3443 1008 3532 1075 Μὴ
3575 1005 3873 1079 δυνήσεται,

511 1119 580 1164 re
607 1108 705 1162 aut
736 1118 945 1182 parare
994 1118 1261 1161 mensam
1311 1099 1529 1180 populo
1561 1118 1669 1160 suo
1689 1097 1797 1158 πε)
1821 1123 1846 1153 »
1874 1131 1953 1143 -
1981 1121 2004 1153 ιι
2040 1095 2154 1159 Ubi

2243 1098 2385 1176 φησὶ,
2444 1099 2532 1154 καὶ
2587 1096 2745 1177 ἧρτον
2814 1096 3011 1178 δοῦναι,
3059 1097 3094 1165 ἢ
3139 1098 3413 1174 ἑτοιμάσαι
3482 1098 3743 1176 τράπεζαν
3799 1104 3876 1172 τῷ

515 1197 891 1252 tentaverunt
921 1208 1040 1252 me.
1085 1214 1103 1245 ι
1143 1192 1224 1263 οὗ,
1249 1187 1310 1249 id
1341 1197 1456 1262 est,
1508 1188 1636 1261 ubi,
1697 1205 1913 1266 nempe
1960 1186 2021 1247 in
2051 1185 2152 1246 de-

2243 1184 2350 1259 λαῷ
2379 1188 2578 1268 αὐτοῦ,
2619 1210 2641 1243 ι
2718 1220 2794 1231 -
2831 1210 2856 1242 α
2918 1189 2992 1245 Οὗ
3032 1186 3311 1268 ἐπείρασάν
3355 1206 3445 1262 με.
3497 1208 3524 1239 ι
3591 1187 3685 1259 Οὗ,
3716 1184 3873 1267 ὅπου,

517 1286 697 1341 serto.
739 1282 860 1342 Aut
879 1256 1249 1358 051t6tpaopoii
1270 1276 1330 1337 id
1372 1256 1481 1349 est,
1518 1258 1633 1357 qua
1662 1256 1989 1338 tentatione
2016 1282 2152 1336 ten-

2243 1256 2524 1351 τουτέστιν,
2562 1256 2627 1333 ’ἐν
2698 1281 2767 1352 τῇ
2821 1275 3025 1355 ἐρήμῳ.
3093 1256 3176 1355 Ἠ,
3236 1276 3309 1333 Οὗ
3356 1256 3678 1353 *ἐπείρασανγ
3700 1256 3881 1353 πειραζ-

517 1374 788 1429 taverunt
817 1386 935 1442 me,
967 1374 1032 1428 ut
1060 1371 1119 1424 οὗ
1148 1365 1227 1427 sit
1250 1365 1535 1427 articulus
1567 1374 1623 1426 et
1666 1384 1783 1426 non
1814 1362 1930 1425 loci
1960 1362 2153 1424 mani-

2243 1372 2393 1438 σμοῦ,
2423 1362 2579 1440 ἵναῇ
2626 1366 2709 1439 τὸ,
2767 1367 2859 1440 Οὗ,
2912 1364 3116 1444 ἄρθρον,
3174 1362 3309 1420 ἀλλὰ
3353 1363 3430 1439 μὴ
3485 1364 3650 1420 τὸπου
3691 1360 3875 1431 δηλω-

514 1456 871 1519 festativum.
904 1481 931 1512 ι
958 1454 1231 1517 Infensus
1261 1472 1392 1517 sum
1424 1454 1790 1534 generationi
1822 1453 1929 1515 illi.
1969 1478 1995 1508 η
2031 1452 2157 1513 Hoc

2243 1452 2404 1511 τικόν.
2461 1472 2484 1507 ι
2520 1454 2867 1534 Προσώχθισα
2923 1458 2990 1530 τῇ
3045 1458 3200 1532 γενεᾷ
3252 1452 3450 1529 ἐκείνῃ.
3487 1474 3516 1507 π
3586 1456 3738 1533 Οῖον,
3774 1451 3878 1508 ἒπ-

516 1554 629 1620 est,
661 1545 822 1626 gravi
852 1553 911 1607 et
954 1542 1242 1606 iracundo
1283 1542 1369 1604 fui
1397 1543 1594 1604 animo
1651 1561 1791 1622 erga
1836 1542 2049 1622 ipsam,
2085 1559 2154 1602 eo

2243 1545 2420 1620 αχθῶς
2452 1540 2614 1623 ἔσχον
2643 1544 2775 1626 πρὸς
2821 1542 3008 1614 αὐτὴν,
3042 1540 3124 1598 διὰ
3152 1544 3213 1598 τὸ
3237 1541 3317 1598 ἀεὶ
3358 1541 3603 1599 ἀπιστεῖν
3640 1543 3728 1597 καὶ
3754 1563 3877 1598 πει-

516 1623 686 1716 (ιιιοιΙ
716 1651 955 1715 semper
982 1652 1016 1695 a
1045 1651 1140 1694 me
1186 1631 1570 1704 descisceret,
1624 1650 1837 1712 meque
1875 1638 2150 1692 tentaret.

2243 1631 2407 1709 ράζειν
2451 1652 2540 1706 με,
2582 1655 2602 1687 ε
2647 1623 2737 1695 (Ως
2767 1630 2953 1709 ὤμοσα
2995 1631 3050 1687 ἐν
3079 1638 3148 1709 τῇ
3192 1634 3325 1710 ὀργῇ
3350 1653 3472 1707 μου,
3528 1653 3551 1686 ι
3578 1632 3666 1694 Εἷς
3697 1640 3878 1690 τοσοῦ-

522 1748 551 1779 α
578 1722 652 1785 Ut
673 1725 939 1803 jurarem
969 1722 1033 1783 in
1059 1720 1149 1781 ira
1179 1739 1336 1782 mea.
1376 1744 1399 1778 ι)
1434 1718 1500 1780 In
1530 1726 1781 1795 tantum,
1809 1719 2155 1799 inquit,non

2243 1741 2351 1799 τον,
2395 1722 2576 1800 φησὶν,
2610 1720 2704 1778 οὒκ
2733 1720 2968 1800 ἔγνωσαν
3022 1721 3113 1785 τὰς
3171 1719 3321 1783 ὁδοὺς
3365 1742 3487 1795 μου,
3544 1718 3646 1784 ἕως
3701 1722 3761 1776 οὗ
3802 1721 3875 1784 εἷς

516 1818 918 1891 cognoverunt
948 1810 1071 1871 vias
1098 1827 1285 1888 meas,
1328 1826 1635 1891 quousque
1663 1809 1735 1870 ad
1765 1809 1879 1869 hoc
1914 1826 2007 1869 me
2058 1810 2155 1867 in-

2243 1810 2389 1866 τοῦτό
2418 1831 2485 1884 με
2541 1808 2765 1887 ἤγαγον,
2823 1810 2959 1866 ὥστε
3011 1809 3201 1884 ὀμόσαι
3271 1809 3348 1885 μὴ
3405 1807 3658 1865 εἰσελθεῖν
3690 1809 3874 1872 αὖτοὺς

516 1901 834 1975 duxerunt,
864 1909 928 1961 ut
946 1901 1208 1979 jurarem
1252 1899 1406 1979 quod
1439 1898 1765 1977 ingressuri
1803 1916 1923 1959 non
1955 1904 2155 1957 essent

2243 1897 2310 1959 εἰς
2378 1897 2475 1964 τὴν
2530 1898 2852 1955 κατάπαυσίν
2924 1920 3044 1977 μου,
3144 1896 3400 1971 τουτέστι,
3468 1897 3567 1964 τὴν
3607 1902 3709 1975 γῆν
3777 1902 3877 1960 τῆς

514 1989 578 2051 in
606 1989 877 2070 requiem
912 2007 1124 2063 meam,
1159 1989 1273 2049 hoc
1307 1996 1414 2061 est,
1451 1996 1667 2049 terram
1719 1984 2149 2067 promissionis,

2243 1984 2576 2063 ἐπαγγελίας,
2628 1986 2682 2041 ἐν
2736 1989 2773 2063 ᾗ
2829 1986 3143 2050 εἰσελθόντες
3199 1984 3423 2061 ἔμελλον
3481 1986 3585 2049 ἀπὸ
3642 1992 3747 2041 τῶν
3776 2008 3875 2042 που

514 2078 578 2141 in
602 2097 779 2159 quam
811 2096 946 2139 cum
997 2076 1252 2154 ingressi
1300 2085 1524 2150 essent,
1577 2076 1837 2137 futurum
1873 2082 1999 2136 erat
2027 2081 2153 2135 uta

2243 2073 2413 2149 λέμων
2454 2074 2826 2137 ἀναπαύεσθαι.
2882 2099 2908 2130 ι
2956 2077 3015 2133 Ei
3058 2074 3437 2131 εἰσελεύσονται
3482 2076 3552 2139 εἷς
3581 2075 3679 2142 τὴν
3704 2076 3877 2130 κατά·-

517 2168 689 2231 bellis
708 2167 1107 2249 quiescerent.
1145 2167 1283 2227 557
1314 2188 1342 2225 ι
1362 2164 1424 2229 Si
1444 2165 1770 2227 introibunt
1797 2164 1858 2225 in
1886 2162 2151 2243 requiem

2243 2186 2426 2221 παυσιν
2456 2188 2580 2241 μου.
2616 2186 2645 2225 ι
2698 2165 2846 2223 Ἀλλ’
2880 2167 3079 2224 ἐκεῖνοι
3110 2166 3204 2242 μὲν
3247 2167 3634 2235 ἀπιστήσαντες
3658 2167 3741 2222 καὶ
3762 2187 3876 2223 πει·

518 2275 730 2321 meam.
765 2281 788 2315 ι
823 2253 938 2318 Sed
968 2255 1053 2316 illi
1083 2254 1323 2334 quidem
1369 2273 1503 2316 cum
1535 2252 1829 2315 increduli
1878 2252 2149 2326 fuissent,

2243 2255 2489 2332 ράσαντες
2532 2256 2622 2311 τὸν
2646 2257 2773 2312 Θεὸν
2805 2260 2898 2334 οῷκ
2927 2255 3167 2323 εἰσῆλθον
3196 2257 3267 2318 εἰς
3302 2253 3681 2322 Παλαιστίνην.
3732 2254 3876 2321 Αὕτη

518 2365 638 2408 non
667 2352 805 2407 sunt
850 2332 1119 2422 ingressi
1161 2343 1553 2405 Palaestinam.
1584 2342 1730 2403 Nam
1764 2343 1889 2403 haec
1918 2340 2157 2420 requies

2243 2343 2338 2421 γὰρ
2375 2344 2409 2409 ἡ
2439 2345 2780 2410 κατάπαυσις.
2816 2332 2979 2419 Ἠμϊν
3008 2342 3063 2401 δὲ
3096 2346 3145 2400 τί
3172 2343 3340 2419 ἔσται,
3394 2346 3546 2424 φησὶ,
3607 2344 3684 2420 μὴ
3715 2344 3879 2411 οὔσης

519 2442 665 2497 erat.
698 2434 887 2499 Nobis
915 2444 1137 2505 autem,
1171 2431 1384 2513 inquit,
1418 2432 1558 2512 quid
1591 2431 1727 2506 erit,
1760 2448 1892 2492 cum
1926 2449 2045 2491 non
2084 2429 2157 2490 sit

2243 2429 2417 2506 ἐτέρας
2449 2434 2827 2497 καταπαύσεως
2883 2434 2967 2490 ἐπὶ
3024 2434 3147 2512 γῆς,
3217 2433 3283 2501 ἧς
3326 2431 3591 2508 μελλομεν
3662 2445 3877 2512 στερεῖ-

518 2524 634 2585 alia
659 2522 898 2604 requies
933 2521 997 2582 in
1050 2528 1228 2591 terra,
1264 2539 1377 2601 qua
1425 2520 1691 2601 privandi
1723 2538 1927 2580 sumus
1956 2518 2006 2579 si
2035 2517 2156 2579 Deo

2243 2520 2357 2573 σθαι
2424 2518 2754 2585 ἀπειθοῦντες
2812 2529 2960 2602 Θεῷ,
3024 2524 3142 2596 Ναὶ,
3202 2523 3381 2602 φησὶν,
3454 2520 3598 2577 ἔσται
3651 2523 3738 2578 καὶ
3791 2530 3880 2580 νῦν

519 2630 639 2673 non
664 2612 977 2674 credamus
993 2609 1024 2670 ιι
1046 2608 1335 2686 Profecto,
1370 2609 1472 2681 ait,
1498 2609 1675 2671 etiam
1702 2626 1859 2669 nunc
1882 2607 1996 2669 erit
2023 2624 2157 2667 vera

2243 2606 2564 2674 κατάπαυσις
2592 2611 2627 2678 ἡ
2659 2609 2912 2685 ἀληθινὴ,
2944 2611 3009 2679 ἧς
3036 2612 3195 2677 τύπος
3239 2611 3302 2678 ἦν
3358 2610 3531 2677 ἐκείνη
3561 2612 3595 2679 ἡ
3653 2609 3877 2685 παλαιὰ,

519 2700 779 2782 requies,
812 2700 984 2779 cujus
1010 2698 1112 2759 illa
1140 2705 1309 2760 vetus
1357 2705 1485 2760 erat
1532 2699 1717 2777 ﬁgura
1751 2718 1763 2759 :
1800 2704 1858 2759 et
1889 2698 1999 2757 hac
2031 2696 2156 2777 pri-

2243 2696 2327 2751 καὶ
2370 2695 2602 2777 μέλχετε
2631 2700 2828 2767 ταύτης
2867 2703 3186 2781 στερεῖσθαι,
3244 2698 3397 2779 εἴπερ
3441 2699 3757 2771 ἀπιστήσετε
3802 2705 3882 2773 τῷ

519 2790 695 2851 vandi
725 2788 888 2864 estis,
922 2786 1036 2849 nisi
1068 2787 1299 2850 Christo
1349 2786 1810 2849 credidideritis.
1853 2783 2157 2864 Siquidem

2243 2788 2472 2863 Χριστῷ.
2538 2789 2633 2845 Καὶ
2691 2789 2791 2868 γὰρ
2845 2803 2990 2869 τρεῖς
3047 2790 3145 2847 εὶσι
3199 2789 3576 2853 καταπαύσεις.
3648 2789 3751 2845 Μία
3819 2789 3882 2845 τὸ

522 2877 735 2959 triplex
784 2885 875 2939 est
919 2875 1158 2957 requies
1192 2893 1350 2939 :una
1400 2885 1490 2938 est
1543 2874 1890 2948 Sabbalum,
1942 2872 2002 2934 in
2042 2891 2157 2953 quo

2243 2869 2535 2948 Σάϐϐατόν,
2580 2876 2634 2933 έν
2662 2880 2708 2953 ᾧ
2762 2878 3089 2935 κατέπαυσεν
3119 2881 3146 2935 6
3202 2878 3330 2940 Θεός
3387 2877 3493 2934 ἀπὸ
3549 2882 3655 2933 τῶν
3709 2876 3877 2957 ἔργων

519 2965 811 3048 requievit
862 2965 1023 3029 Deus
1073 2962 1147 3027 ab
1203 2964 1484 3045 operibus
1514 2965 1675 3042 suis;
1707 2960 1991 3037 secunda,
2022 2982 2157 3044 pro-

2243 2962 2421 3026 αὐτοῦ.
2469 2965 2714 3045 Δευτέρα,
2746 2968 2781 3035 ἡ
2835 2966 3197 3046 ἐπεγγελμένη
3253 2972 3352 3035 της
3396 2965 3749 3034 Παλαιστίνης

522 3055 703 3118 missa
734 3053 1047 3120 Palestina:
1076 3061 1236 3115 terra
1268 3070 1282 3116 :
1319 3054 1513 3130 tertia,
1541 3055 1782 3117 omnino
1812 3068 1969 3127 vera,
1988 3055 2157 3134 cujus

2243 3052 2423 3130 Τρίτη,
2457 3055 2492 3122 ἡ
2524 3054 2686 3119 ὄντως
2716 3057 2805 3112 καὶ
2829 3055 3057 3132 ἀληθὴς,
3089 3058 3155 3124 ἧς
3204 3057 3368 3120 τύπος
3413 3055 3546 3125 ἦσαν
3584 3058 3634 3115 αἱ
3663 3056 3879 3134 εἰρημέ-

521 3144 653 3208 duas
683 3143 977 3227 prazdictaa
1004 3143 1191 3222 ﬁgura
1217 3151 1406 3218 erant,
1439 3142 1543 3204 ubi
1591 3144 1735 3221 fugit
1784 3148 1978 3209 omnis
2025 3148 2156 3210 luc-

2243 3163 2323 3197 ναι
2351 3140 2460 3219 δύο,
2506 3147 2541 3212 ὴ
2568 3143 2806 3221 βασιλεία
2837 3152 2941 3202 τῶν
2998 3146 3251 3226 οὖρανῶν,
3312 3144 3432 3203 ἔνθα
3485 3142 3681 3222 ἀπέδρα
3735 3152 3881 3203 πᾶσα

520 3241 637 3310 tus,
670 3233 839 3296 dolor
868 3250 940 3294 ac
968 3231 1244 3311 gemitus.
1275 3230 1399 3293 Hac
1428 3250 1591 3311 ergo,
1638 3233 1852 3315 inquit,
1888 3236 2157 3317 privandi

2243 3228 2383 3320 λύπη
2458 3234 2545 3289 καὶ
2593 3231 2747 3301 οδύνη
2806 3236 2893 3291 καὶ
2948 3235 3262 3314 στεναγμός.
3307 3241 3511 3302 Ταῦτης
3582 3233 3694 3306 οὖν,
3750 3236 3882 3314 φησὶ

518 3323 685 3397 estis,
711 3322 762 3384 si
792 3319 1029 3385 Christo
1057 3338 1177 3382 non
1208 3320 1609 3384 credideritis.

2249 3317 2471 3395 μέλλετε
2514 3326 2808 3402 στερεῖσθαι
2836 3323 3212 3395 ἀπειθήσαντες
3242 3330 3319 3399 τῷ
3351 3326 3580 3403 Χριστῷ.

598 3410 699 3486 ΙΙΙ,
739 3409 935 3474 12-15.
978 3408 1191 3483 Videte,
1227 3410 1475 3488 fratres,
1500 3429 1577 3472 ne
1593 3413 1834 3491 quando
1855 3416 1934 3479 sit
1959 3418 2026 3479 in
2046 3418 2157 3481 ati-

2330 3430 2354 3465 ι
2390 3408 2643 3483 Βλέπετε,
2698 3410 2931 3491 ἀδελφοὶ,
2966 3414 3043 3489 μὴ
3088 3433 3219 3469 ποτε
3280 3411 3425 3468 ἔσται
3468 3411 3523 3467 ἐν
3588 3433 3689 3467 τινι
3736 3412 3882 3488 ὑμῶν

518 3518 635 3581 quo
664 3506 929 3564 vestrum
950 3515 1057 3562 cor
1079 3516 1336 3578 pravum
1370 3500 1838 3578 incredulitatis,
1870 3512 1937 3566 ut
1966 3506 2157 3570 decis-

2243 3496 2422 3577 καρδία
2491 3501 2698 3579 πονηρὰ
2778 3502 3019 3567 ἀπιστίας
3115 3501 3170 3557 ἐν
3238 3509 3317 3576 τῷ
3392 3501 3686 3569 ἀποστῆναι
3774 3502 3880 3558 ἀπὸ

518 3596 615 3654 eat
638 3607 678 3653 a
709 3589 831 3652 Deo
858 3590 1116 3662 vivente;
1162 3588 1267 3650 sed
1307 3590 1711 3653 exhortemini
1757 3610 1860 3655 vos
1906 3596 2160 3660 invicem

516 3677 808 3760 quotidie,
867 3677 1060 3757 quoad
1114 3676 1463 3758 appellatur
1507 3679 1635 3741 dies
1678 3679 2009 3745 hodiernus
2038 3704 2058 3744 :
2082 3703 2161 3748 ne

517 3773 655 3849 quis
683 3784 763 3830 ea:
783 3767 949 3829 vobis
971 3766 1306 3829 obduretur
1326 3767 1673 3830 seductione
1699 3772 2137 3853 peccati.Siqui

515 3857 652 3918 dem
688 3855 1021 3936 participes
1066 3855 1214 3933 facti
1258 3873 1467 3918 sumus
1495 3857 1745 3933 Christi,
1775 3860 1833 3921 si
1858 3879 2004 3923 sane
2032 3864 2159 3924 ini-

517 3948 669 4007 tium
698 3942 1053 4006 substantia:
1081 3959 1267 4024 usque
1306 3961 1346 4005 a
1393 3945 1573 4024 ﬁnem
1618 3947 1862 4027 ﬁrmum
1890 3957 2163 4013 tenueri-

516 4038 740 4113 rimus,
765 4034 833 4095 in
860 4032 971 4095 hoc
993 4032 1149 4111 quod
1176 4034 1428 4114 dicitur,
1461 4036 1652 4097 Hodie
1698 4038 1753 4098 si
1795 4055 1997 4100 vocem
2033 4043 2164 4119 ejus

2243 3594 2373 3644 Θεοῦ
2454 3594 2671 3660 ζῶντος.
2757 3589 2924 3647 Ἀλλὰ
3005 3588 3365 3670 παρακαλεῖτε
3468 3591 3679 3654 ἑαυτοὺς
3764 3588 3881 3648 καθ’

2245 3676 2472 3744 ἑκάστην
2543 3679 2768 3760 ἡμέραν,
2826 3680 2984 3761 ἄχρις
3059 3682 3118 3737 οὗ
3212 3682 3273 3736 τὸ
3327 3681 3558 3758 σήμερον
3610 3677 3880 3755 καλεῖται,

2243 3763 2332 3821 ἵνα
2387 3766 2465 3843 μὴ
2524 3766 2818 3848 σκληρυνθῇ
2867 3769 2917 3835 ἐξ
2984 3771 3129 3845 ὑμῶν
3186 3790 3265 3833 τις
3320 3769 3498 3836 ἀπάτη
3567 3768 3662 3836 τῆς
3719 3769 3886 3848 ἆμαρ.

2242 3855 2376 3918 τίας.
2436 3856 2670 3937 Μέτοχοι
2735 3859 2834 3938 γὰρ
2884 3859 3176 3937 γεγόναμεν
3249 3864 3339 3914 τοῦ
3390 3863 3636 3936 Χριστοῦ,
3688 3857 3884 3936 ἐάνπερ

2243 3944 2343 4010 τὴν
2409 3946 2586 4026 ἀρχὴν
2668 3952 2765 4015 τῆς
2819 3948 3154 4010 ὑποστάσεως
3210 3946 3373 4026 μέχρι
3435 3944 3616 4009 τέλους
3668 3943 3883 4022 βεϐαίαν

2247 4035 2627 4116 κατάσχωμεν,
2699 4039 2755 4093 ὲν
2810 4044 2887 4112 τῷ
2940 4036 3179 4116 λέγεσθαι
3226 4051 3240 4065 ⁸
3302 4042 3546 4115 Στμερον
3631 4034 3719 4091 ἐὰν
3781 4040 3878 4103 τῆς

518 4122 862 4197 audieritis,
886 4139 961 4184 ne
989 4120 1296 4185 obduretis
1330 4123 1512 4186 corda
1534 4130 1732 4187 vestra
1754 4127 1908 4189 sicut
1932 4128 1997 4189 in
2019 4146 2157 4192 exa-

2245 4124 2423 4202 φωνῆς
2454 4124 2609 4183 αὐτοῦ
2658 4125 2940 4207 ἀκούσητε,
3000 4128 3078 4203 μὴ
3133 4124 3461 4203 σκληρύνητε
3516 4125 3610 4186 τὰς
3669 4122 3879 4202 καρδίας

515 4211 884 4275 cerbatione.

2243 4213 2387 4288 ὑμῶν
2431 4216 2504 4277 ὡς
2548 4215 2601 4271 έν
2632 4223 2708 4290 τῷ
2749 4219 3197 4296 παραπικρασμῷ.
3252 4238 3274 4269 ⁸

596 4298 889 4362 Timentis
918 4296 1163 4362 verbum
1193 4307 1321 4362 est:
1354 4300 1585 4383 Videte,
1620 4302 1833 4385 inquit,
1869 4324 1945 4368 ne
1976 4314 2031 4368 et
2056 4325 2157 4369 vos

2323 4298 2614 4368 Φοϐοὖντος
2669 4306 2730 4360 τὸ
2812 4306 2978 4383 ῥῆμα,
3080 4304 3331 4379 Βλέπετε,
3389 4305 3540 4383 φησὶ,
3653 4302 3730 4379 μὴ
3796 4304 3886 4359 καὶ

517 4397 758 4471 propter
785 4387 1263 4451 incredulitatem
1312 4406 1448 4451 vera
1478 4391 1790 4471 prlvemini
1819 4393 2023 4475 requie
2052 4413 2157 4457 re-

2243 4390 2395 4464 ὑμεῖς
2424 4388 2508 4447 διὰ
2562 4392 2661 4459 τὴν
2719 4393 2962 4451 ἀπιστίαν
3009 4397 3311 4474 στηρηθῆτε
3342 4397 3441 4460 τῆς
3483 4390 3649 4456 ὅντως
3683 4410 3700 4472 ς
3746 4389 3882 4446 ἀνα-

515 4482 615 4559 gni
632 4477 915 4542 caelorum
928 4528 941 4541 .
954 4476 1104 4541 «Cor
1116 4496 1391 4558 pravum.
1406 4503 1429 4538 η
1456 4480 1632 4542 Multa
1646 4481 1802 4542 enim
1829 4491 1966 4545 sunt
1983 4501 2157 4564 prava

2243 4479 2506 4554 παύσεως,
2579 4487 2675 4548 τῆς
2744 4481 3012 4559 βασιλείας
3101 4489 3206 4539 τῶν
3262 4487 3513 4562 οὐρανῶν.
3610 4504 3632 4535 α
3691 4477 3883 4560 Καρδία

515 4550 698 4630 corda
727 4550 1162 4629 incredulitatis
1191 4567 1314 4629 sive
1339 4567 1672 4633 incredula.
1725 4571 1832 4633 Est
1861 4550 2021 4634 enim
2056 4592 2157 4636 cor

2243 4570 2544 4654 πονηρά.)
2610 4571 2809 4630 Πολλαὶ
2878 4575 2971 4649 μέν
3032 4575 3130 4631 εἶσι
3186 4573 3389 4654 καρδίαι
3470 4571 3698 4650 πονηραὶ
3752 4571 3885 4626 ἀπι-

516 4672 764 4738 pravum
784 4654 1348 4737 incredulum,quod
1383 4675 1625 4738 pravum
1658 4667 1747 4721 est
1774 4660 1845 4722 ad
1881 4680 1998 4723 non
2025 4680 2157 4724 cre-

2243 4659 2411 4724 στίας,
2483 4649 2644 4717 ἸΙΞστι
2692 4663 2791 4742 γὰρ
2859 4662 3044 4744 καρδία
3098 4649 3305 4744 πονηρὰ
3360 4661 3629 4735 ἀπιστίας,
3691 4660 3753 4715 τὸ
3804 4660 3883 4734 μὴ

515 4745 804 4822 dendum,
838 4745 913 4808 ad
942 4745 1270 4821 avaritiam,
1324 4748 1397 4809 ad
1438 4746 1810 4811 inferendam
1851 4751 2155 4831 injuriam,

2243 4750 2502 4807 πιστεύειν
2529 4753 2687 4808 κανὸν
2749 4753 2891 4810 εἶναι
2947 4755 3007 4809 τὸ
3064 4752 3518 4834 φιλοχρηματεῖν,
3581 4752 3642 4805 τὸ
3692 4747 3880 4829 ἄρχειν

514 4835 589 4898 ad
621 4834 997 4911 ebrietatem,
1032 4836 1263 4917 aliaque
1296 4837 1639 4917 hujusmodi
1666 4839 1995 4901 innumera.
2028 4842 2157 4903 Ma—

2243 4834 2457 4917 Μρεως,
2520 4841 2579 4896 τὸ
2662 4842 3026 4923 μεθύσκεσθαι,
3070 4844 3157 4899 καὶ
3253 4842 3409 4923 μυρία
3468 4837 3625 4899 ἄλλα.
3686 4845 3885 4910 Μεῖζον

513 4924 607 5002 gis
635 4934 837 4987 autem
868 4932 927 4987 et
954 4925 1119 4988 nulla
1173 4925 1326 4988 facta
1375 4927 1842 5007 comparatione,
1878 4927 1992 4992 Cor
2017 4947 2156 5010 pra-

2243 4924 2294 4983 δὲ
2353 4930 2439 4984 καὶ
2495 4929 2840 5012 ἀσυγκρίτως,
2900 4931 3082 5011 καρδία
3141 4932 3248 4990 ἐστὶ
3322 4933 3531 5011 πονηρά
3613 4929 3881 5005 ἀπιστίας,

514 5031 651 5076 vum
682 5013 1061 5077 incredulum
1094 5021 1184 5077 est
1213 5013 1372 5096 quod
1403 5033 1436 5077 a
1461 5015 1579 5078 fide
1624 5016 1881 5080 discedit
1909 5035 2041 5098 quaa
2069 5025 2157 5095 est

2243 5018 2273 5084 ἠ
2342 5016 2672 5095 ἀφισταμένη
2743 5021 2841 5088 τῆς
2917 5021 3143 5086 πίστεως
3201 5027 3299 5090 τῆς
3369 5022 3502 5101 πρὸς
3592 5020 3683 5076 τὸν
3727 5026 3878 5081 Θεον.

515 5103 577 5163 in
606 5102 820 5167 Deum.
853 5102 1066 5166 Videte
1117 5104 1317 5184 igitur,
1350 5103 1565 5185 inquit,
1600 5124 1677 5167 ne
1716 5106 1951 5187 quando
1982 5106 2059 5167 sit
2093 5106 2157 5168 in

2243 5104 2469 5162 Βλέπετε
2514 5107 2623 5183 οὖν,
2670 5111 2820 5187 φησὶ,
2867 5111 2944 5185 μή
2993 5132 3121 5167 ποτε
3154 5109 3296 5168 ἔσται
3347 5112 3401 5167 ἕν
3442 5132 3543 5167 τινι
3572 5110 3717 5185 ὑμῶν
3747 5130 3883 5187 καρ-

513 5189 712 5280 aliquo
741 5200 1002 5256 vestrum
1035 5209 1140 5255 cor
1180 5210 1421 5273 pravum
1447 5193 1823 5257 incredulum
1845 5217 1858 5255 :
1884 5193 2157 5257 incredu-

2243 5192 2321 5250 δία
2379 5198 2587 5275 πονηρὰ
2657 5198 2929 5263 ἀπιστίας.
3018 5196 3292 5265 Ἀπιστίας
3365 5197 3421 5257 δέ
3476 5220 3643 5280 φημι,
3702 5201 3831 5279 φησὶ
3867 5215 3880 5229 '

515 5277 740 5342 litatum
764 5299 903 5344 vero
928 5282 1066 5344 dico
1096 5280 1437 5345 desciscere
1483 5301 1518 5344 a
1561 5282 1683 5347 Deo
1712 5283 1963 5348 vivente.
1995 5287 2157 5348 Bene

2243 5288 2338 5351 τῆς
2390 5284 2694 5365 ἀφιστώσης
2751 5287 2857 5344 ἀπὸ
2929 5294 3060 5345 Θεοῦ
3110 5291 3324 5368 ζῶντος.
3400 5277 3589 5352 Καλῶς
3641 5285 3697 5344 δέ
3719 5277 3881 5368 φησι,

514 5372 715 5458 autem
742 5370 856 5433 ait:
890 5370 1006 5458 Cor
1035 5386 1279 5452 pravum
1316 5370 1720 5437 incredulum.
1774 5377 1875 5438 Est
1906 5372 2067 5435 enim
2098 5379 2157 5434 et

2243 5370 2433 5451 Καρδία
2505 5376 2713 5455 πονηρά
2793 5377 3061 5442 ἀπιστίας.
3126 5367 3287 5435 ’Ἐστι
3372 5379 3473 5458 γὰρ
3527 5379 3613 5433 καὶ
3698 5367 3884 5457 καρδία

513 5472 619 5546 cor
640 5455 864 5546 bonum
892 5456 1295 5542 incredulum,
1318 5462 1486 5541 juxta
1513 5462 1660 5524 illud
1698 5484 1711 5526 :
1736 5460 1825 5524 Ne
1848 5462 2013 5527 omni
2034 5461 2157 5543 spi-

2243 5460 2409 5541 ἀγαθὴ
2466 5464 2735 5542 ἀπιστίας,
2792 5468 2866 5530 ὡς
2958 5468 3041 5546 τὸ,
3125 5488 3148 5523 ι
3212 5468 3300 5535 Μὴ
3378 5455 3646 5524 πιστεύετε
3724 5455 3883 5526 παντὶ

512 5544 657 5609 ritui
689 5545 1087 5630 credideritis,
1147 5549 1252 5612 sed
1298 5550 1545 5632 probate
1596 5551 1862 5633 spiritus,
1912 5570 2051 5614 num
2083 5569 2154 5613 ex

2243 5551 2515 5627 πνεύματι,
2585 5551 2722 5610 ἀλλὰ
2810 5544 3117 5630 δοκιμάζετε
3198 5558 3263 5615 τὰ
3318 5557 3615 5636 πνεύματα,
3704 5558 3746 5614 εί
3821 5558 3886 5617 ἐκ

589 5711 651 5766 ⁸³
676 5712 837 5780 Psal.
869 5731 1090 5793 Lxxvu,
1131 5716 1224 5781 19.
