4152 6216
245 320 381 390 309
1383 325 1775 390 COMMENT.
1822 324 1907 386 IN

2009 322 2191 385 PIST.
2239 326 2339 387 AD
2382 325 2610 387 HEBR.
3530 324 3648 387 310

253 468 398 519 Θεοῦ
446 461 586 520 ἐστιν
643 498 722 509 —
783 464 874 522 ’Ev
930 472 1007 539 τῷ
1060 462 1383 544 ἀποστῆναι,
1440 486 1469 519 ι
1529 462 1765 520 τουτέστι
1837 452 1920 511 διὰ

2009 453 2127 544 Deo
2149 452 2266 514 sint
2283 452 2584 544 94.»?58i
2608 453 2683 516 Ut
2703 452 3275 544 desciscat,»nempe
3298 474 3404 537 per
3429 456 3642 519 incre-

252 560 365 622 τῆς
423 555 691 630 ἀπιστίας,
784 556 892 613 ἀπὸ
967 562 1098 613 Θεοῦ
1165 541 1380 626 ζῶντοςξ
1455 552 1621 613 Ἀλλὰ
1663 573 1909 633 παρακα-

2009 541 2360 633 lulitatem.a
2387 542 2508 604 Deo
2529 542 2829 633 viventem
2855 541 2970 633 Sed
3003 545 3417 607 exhortemini.
3436 546 3644 608 ιᾹζάἰ-

258 643 443 707 λεῖτε.
486 663 517 704 ι
573 628 919 722 Οἰκοδομεῖτε
1015 643 1305 717 ἀλλήλους,
1378 649 1466 701 καὶ
1536 628 1907 723 προτρέπεσθε,

2009 628 2448 723 ﬁcateinvicem
2484 640 2543 723 et
2571 631 2969 723 adhortemini
3002 651 3070 693 ac
3092 633 3644 723 corrigite.«Quoad

260 736 357 790 καὶ
384 732 668 815 διορθοῦτε,
723 758 750 790 α
784 724 993 815 ιἈχρις
1040 736 1101 791 οὗ
1169 735 1229 789 τὸ
1282 735 1517 810 σήμερον
1574 730 1842 789 καλεῖται.
1879 753 1906 783 n

2009 718 2326 815 appella-tur
2347 721 2476 783 dies
2497 720 2842 783 hodiernus.
2859 719 3090 815 «_[_quue
3117 721 3188 815 ad
3214 722 3638 815 ﬁnem,_inquit,

2002 826 2137 869 nam
2170 809 2242 869 ad
2276 811 2453 870 ﬁnem
2488 827 2673 889 usque
2727 807 3062 889 appellatur
3102 810 3231 871 dies
3289 812 3638 875 hodiernus.

2003 898 2146 958 Cum
2177 896 2337 959 enim
2362 897 2629 959 dixerat:
2664 896 2852 958 Hodie
2899 897 2948 957 si
2989 917 3193 959 vocem
3225 900 3353 979 ejus
3382 902 3647 963 audieri-

2002 987 2098 1060 tis,
2124 985 2243 1048 ait:
2270 984 2666 1067 Quoadusque
2692 985 2863 1047 durat
2890 985 3036 1047 illud
3066 988 3224 1067 quod
3253 998 3493 1051 vocatur
3511 990 3642 1053 dies

2001 1075 2382 1137 hodiernum
2410 1071 2497 1137 Ne
2520 1076 2652 1156 quis
2682 1092 2750 1135 ex
2782 1073 2947 1136 vobis
2967 1074 3339 1141 induretur.»
3368 1076 3453 1140 Ne
3474 1079 3638 1155 ﬁant,

269 812 431 888 "Em;
449 812 650 894 τέλους,
713 812 918 905 φησίνζ
979 821 1107 903 ἄχρι
1178 823 1278 902 γὰρ
1327 822 1511 885 τέλους
1567 823 1630 878 τὸ
1685 822 1913 898 σήμερον

264 911 518 969 καλεῖται
588 912 807 981 Ἐπειδὴ
834 914 933 992 γὰρ
984 913 1133 992 εἶπε,
1182 913 1424 990 Σήμερον
1470 911 1561 968 ἐὰν
1583 911 1680 979 τῆς
1741 913 1919 989 φωνῆς

265 1001 432 1058 αὖτοῦ
459 1002 742 1075 ἀκούσητε,
802 989 981 1082 φησὶν,
1047 989 1255 1080 ’Ἄχρις
1315 989 1374 1056 οὗ
1428 998 1569 1055 ἐστιν
1627 998 1807 1054 ἐκεῖνο
1858 998 1919 1051 τὸ

270 1089 551 1171 εἰρημένον
580 1080 839 1171 σήμερον.
863 1113 884 1146 ι
910 1080 1037 1147 "Iv:
1055 1089 1131 1163 μὴ
1160 1087 1460 1167 σκληρυνθῇ
1491 1086 1549 1143 ἐλ
1578 1089 1726 1163 ὑμῶν
1754 1109 1860 1150 τις.
1889 1106 1911 1141 ο

275 1167 291 1187 ’
472 1179 549 1253 μὴ
603 1164 844 1256 γένηται,
901 1178 1082 1258 φησὶν,
1137 1175 1270 1255 ἅπερ
1304 1164 1445 1232 ’ἐπὶγ
1486 1182 1592 1232 τῶν
1645 1174 1918 1253 προγόνων

2009 1165 2216 1258 inquit,
2270 1183 2407 1258 quas
2446 1164 2507 1225 in
2551 1164 2769 1258 nostris
2825 1164 3148 1258 majoribus
3200 1165 3351 1228 facta
3391 1174 3549 1240 sunt,
3587 1175 3646 1229 et

272 1267 433 1339 ἡμῶν
462 1251 668 1346 γέγονε,
712 1268 800 1322 καὶ
858 1251 1103 1336 δυσήνιπ
1166 1251 1264 1320 καὶ
1313 1262 1519 1341 σκληρὰ
1570 1265 1605 1331 ἡ
1649 1251 1803 1343 χυχῆ
1832 1261 1920 1339 γέ-

2009 1252 2247 1315 effrenis
2278 1271 2346 1314 ac
2374 1251 2561 1313 durus
2606 1251 2885 1312 reddatur
2929 1252 3163 1314 animus
3207 1254 3485 1317 seductus
3538 1275 3643 1337 per

274 1342 839 1429 νηται,ήᾶπατηθεϊσα
868 1352 951 1410 διὰ
1012 1356 1110 1421 τῆς
1180 1353 1446 1431 ἀπιστίας,
1505 1357 1572 1419 ἦν
1628 1342 1715 1408 νῦν
1745 1352 1920 1428 ἀμαρ-

2009 1342 2527 1420 incredulitatem,
2588 1356 2761 1420 quam
2819 1359 2976 1401 nunc
3032 1349 3336 1420 peccatum
3391 1344 3635 1408 vocavit.

274 1444 393 1500 τίαν
444 1428 687 1523 ἐκάλεσε,
752 1464 780 1502 ι
843 1443 1079 1523 Μέτοχοι
1127 1442 1226 1520 γὰρ
1294 1428 1590 1519 γεγόναμεν
1644 1440 1735 1497 τοῦ
1791 1446 1920 1517 Χρι-

2013 1428 2694 1523 cSiquidemparticipes
2722 1428 2855 1489 facti
2877 1446 3080 1523 sumus
3108 1430 3346 1493 Christi.
3371 1456 3399 1523 in
3420 1431 3639 1509 Unum,

272 1540 424 1593 στοῦ.
462 1557 492 1589 ι
522 1518 637 1609 Ἓν,
691 1534 843 1614 φησὶ,
899 1517 1208 1609 γεγόναμεν.
1241 1517 1406 1603 ἡμεῖς
1448 1530 1535 1585 καὶ
1590 1531 1618 1585 ὁ
1662 1528 1907 1607 Χριστὸς,

2009 1524 2208 1600 inquit,
2236 1517 2374 1579 facti
2418 1534 2622 1579 sumus
2654 1535 2760 1577 nos
2792 1524 2850 1578 et
2878 1517 3168 1593 Christus,
3203 1519 3482 1597 quoniam
3514 1520 3643 1601 ipse

274 1619 461 1686 ἐπειδῆ
532 1612 715 1685 α-Βτὸςή
760 1619 967 1701 κεφαλὴ
1021 1620 1180 1693 ἡμῶν
1266 1616 1486 1684 ἠξιώσεν
1571 1621 1741 1690 εἶναι,
1826 1616 1913 1671 καὶ

2009 1622 2172 1693 :aput
2203 1622 2470 1677 nostrum
2504 1636 2634 1679 esse
2665 1619 2935 1697 dignatus
2965 1625 3075 1693 est,
3113 1634 3338 1697 nosque
3375 1612 3643 1676 membra

270 1711 419 1783 ἡμᾶς
467 1708 608 1784 μέλη
667 1713 826 1768 αὐτοῦ
881 1712 1125 1774 ποιῆσαι.
1166 1728 1188 1760 ι
1240 1703 1364 1762 Ἐάν
1422 1727 1520 1782 περ
1573 1706 1672 1772 τὴν
1738 1704 1914 1782 ἀρχὴν

2009 1720 2102 1763 sua
2122 1703 2382 1767 efﬁcere.
2398 1704 2494 1768 cSi
2516 1725 2658 1769 sane
2681 1708 3035 1787 principium
3061 1701 3644 1768 substantiae.»Prin-

269 1803 369 1863 τῆς
414 1798 775 1860 ὒποστάσεως.
814 1820 840 1851 ιυ
890 1795 1099 1875 Ἀρχὴι
1156 1795 1493 1857 ὑποστάσεως
1524 1794 1624 1861 τὴν
1653 1794 1783 1872 πρὸς
1828 1794 1917 1848 τὸν

2009 1791 2222 1871 cipium
2257 1792 2596 1857 substsntize
2626 1797 2770 1857 dicit
2815 1796 2991 1857 ﬁdem
3040 1795 3099 1856 in
3158 1795 3487 1857 Christum.
3514 1794 3642 1853 Per

269 1888 496 1965 Χριστὸν
539 1889 712 1943 πίστιν
767 1887 916 1964 φησί,
994 1881 1072 1940 Δι’
1120 1883 1279 1950 αδῦτῆς
1339 1883 1440 1960 γὰρ
1496 1880 1799 1957 ὑπέστημεν
1830 1883 1917 1937 καὶ
1941 1858 1978 1907 Β

272 1976 603 2053 γεγενήμεθα
634 1973 858 2052 μέτοχοι
886 1975 978 2029 τοῦ
1006 1978 1251 2045 Χριστοῦ.
1288 1990 1316 2029 (
1348 1970 1520 2051 Μέχρι
1551 1970 1753 2053 τέλουςἶ
1791 1994 1818 2025 ι
1846 1971 1917 2028 Τὸ

481 2061 687 2137 τέλους,
717 2051 897 2141 δηλοῖ,
929 2060 1008 2117 ὅτι
1064 2059 1397 2139 ἐναρξάμενοι
1453 2059 1612 2127 ἦσαν.
1676 2083 1703 2114 α
1741 2051 1832 2122 Ὠς
1865 2058 1917 2114 ἐν

276 2159 356 2226 τῷ
397 2157 849 2231 παραπικρασμῷ.
887 2172 911 2208 ι
946 2151 1017 2208 Τὸ
1038 2146 1346 2228 ὑπερϐατὸν,
1393 2146 1741 2224 Φοϐηθῶμεν,

365 2352 396 2385 α
453 2330 603 2391 Τινὲς
690 2329 789 2408 γὰρ
856 2328 1193 2400 ἀκούσαντες,
1294 2325 1707 2405 παρεπίκραναν,
1796 2324 1909 2381 ἀλλ’

276 2421 335 2476 οὗ
384 2418 581 2480 πάντες
655 2421 704 2474 οἱ
784 2415 1073 2483 ἐξελθόντες
1152 2413 1202 2480 ἐξ
1298 2415 1559 2494 Αἰγύπτου
1612 2413 1695 2470 διὰ
1766 2421 1914 2471 Μοϋ..

276 2508 435 2572 σέως.
521 2506 634 2564 Τίσι
705 2504 759 2562 δὲ
844 2504 1181 2585 προσώχθισε
1282 2503 1670 2580 τεσσαράκοντα
1753 2502 1910 2582 ἔτη,

192 2643 212 2665 ,
277 2596 415 2676 Οὒχὶ
470 2608 589 2659 τοῖς
644 2595 1034 2674 ἁμαρτήσασιν,
1105 2595 1179 2648 ὧν
1274 2593 1341 2648 τὰ
1391 2590 1543 2647 κῶλα
1607 2589 1791 2648 ἔπεσεν
1860 2591 1914 2647 ἐν

280 2691 347 2761 τῇ
402 2683 636 2764 ἐρήμῳ,
695 2683 807 2741 Τίσι
866 2680 920 2738 δὲ
987 2681 1164 2756 ὤμοσε
1243 2681 1319 2753 μὴ
1402 2678 1776 2738 εἰσελεύσεσθαι
1845 2682 1917 2745 εἷς

279 2776 379 2841 τὴν
447 2773 776 2830 κατάπαυσιν
833 2771 1012 2849 αὐτοῦ,
1109 2771 1157 2826 οἱ
1226 2770 1305 2844 μὴ
1382 2782 1498 2832 τοῖς
1547 2769 1911 2848 ἀπειθήσασι;

283 2864 383 2920 Καὶ
411 2860 676 2938 βλέπομεν
707 2860 788 2917 ὅτι
846 2862 941 2917 οὐκ
992 2857 1323 2929 ἠδυνήθησαν
1381 2859 1634 2914 εἰσελθεῖν
1676 2855 1765 2914 διὰ
1818 2859 1916 2925 τὴν

286 2951 555 3007 ἀπιστίαν.
592 2972 622 3005 ι

356 3040 510 3104 Τινὲς
567 3039 667 3119 γὰρ
723 3038 1039 3102 ἀκούσαντες
1097 3037 1184 3093 καὶ
1237 3036 1357 3093 τότε
1433 3038 1528 3101 τὰς
1600 3034 1916 3115 ἐπαγγελίας

275 3137 370 3187 τοῦ
428 3134 583 3198 Θεοῦ,
661 3126 839 3203 ὥσπερ
892 3128 981 3183 καὶ
1060 3127 1222 3202 ἡμεῖς
1321 3131 1411 3181 νῦν
1518 3125 1795 3201 ἀκούομεν,
1853 3130 1920 3200 τῇ

280 3217 500 3289 ἂπιστίᾳ
526 3216 917 3295 παρεπίκραναν
966 3216 1058 3272 τὸν
1102 3215 1253 3275 Θεόν.
1329 3213 1579 3273 Βούλεται
1636 3217 1735 3294 γὰρ
1803 3212 1922 3270 δεῖ·

282 3304 364 3372 ξαι
395 3307 484 3361 καὶ
552 3305 780 3367 ἐκείνους
872 3304 1051 3384 ὥσπερ
1142 3305 1355 3367 τούτους
1453 3304 1778 3384 ἀκηκοότας,
1836 3305 1922 3359 καὶ

279 3396 445 3473 μηδὲν
473 3395 865 3478 ,ᾡῳελημένους
895 3396 955 3453 ἐκ
984 3397 1151 3472 μόνης
1206 3402 1302 3463 τῆς
1330 3396 1497 3464 άκοῆς
1545 3395 1638 3464 τῆς
1687 3396 1921 3475 ἐπαγγε-

278 3485 418 3547 λίας.
467 3475 667 3561 "ll—61:5,
699 3486 849 3565 φησί,
881 3487 969 3541 καὶ
1007 3487 1163 3560 ὑμεῖς
1192 3487 1288 3541 οὐκ
1312 3483 1495 3552 ἐπειδὴ
1538 3486 1804 3553 ἀκηκόατε
1860 3488 1921 3541 τὸ

279 3577 547 3654 κήρυγμα,
577 3576 638 3631 τὸ
665 3580 769 3630 πᾶν
811 3573 1222 3654 πεπληρώκατε,
1296 3572 1385 3629 ἐὰν
1456 3574 1533 3650 μὴ
1585 3578 1674 3631 καὶ
1716 3576 1924 3631 πιστεύ-

283 3685 437 3730 σητε.
468 3664 567 3721 Καὶ
597 3665 681 3719 ὁτι
737 3663 966 3726 πίστεως
1027 3664 1201 3743 χρεία,
1273 3661 1333 3718 ἐκ
1387 3667 1492 3717 τῶν
1547 3662 1717 3719 πάλαι
1771 3663 1924 3719 ἀκου-

281 3754 485 3809 σάντων
526 3751 648 3827 μὲν,
714 3749 798 3807 διὰ
853 3749 908 3807 δὲ
954 3753 1015 3808 τὸ
1086 3751 1163 3826 μὴ
1223 3758 1496 3808 πιστεῦσαι
1552 3750 1919 3827 ἀπολομένων,

281 3843 373 3898 τὸν
417 3840 580 3918 λόγον
643 3849 945 3903 πιστοῦται,
1003 3829 1219 3917 υΩσπερ
1274 3840 1374 3920 γὰρ
1441 3839 1681 3922 ἐκείνοις,
1740 3845 1920 3921 φησὶν,

281 3930 375 3986 οὒκ
401 3929 594 4009 ἤρκεσε
623 3931 684 3986 τὸ
725 3926 1006 3995 ἀξιωθῆναι
1051 3934 1232 4009 φωνῆς
1302 3936 1428 4005 Θού,
1499 3929 1635 3986 ἀλλὰ
1694 3933 1770 4007 μὴ
1829 3955 1924 3988 πι-

282 4019 591 4081 στεύσαντες
660 4016 962 4091 ἀπώλοντο,
1020 4017 1184 4082 οὕτως
1267 4016 1383 4076 οὐδὲ
1439 4019 1569 4092 ὑμῖν
1627 4019 1833 4099 ἀρκέσει
1868 4023 1927 4076 τὸ

281 4107 543 4186 ἀκροατὰς
573 4106 811 4185 γενέσθαι
839 4112 938 4174 τῆς
1010 4107 1261 4186 πίστεως,
1320 4107 1381 4163 ἃν
1450 4108 1529 4183 μὴ
1585 4111 1672 4165 καὶ
1721 4111 1929 4166 πιστεύ-

283 4217 413 4264 σητε
460 4194 796 4275 ξεῖλικρινῶς.
883 4194 1097 4252 Μᾶλλον
1183 4192 1237 4250 δὲ
1336 4194 1478 4252 οὗτοι
1553 4199 1617 4253 τὸ
1676 4196 1928 4278 αὔταρκες

284 4284 433 4365 ἴχειν
487 4284 726 4359 ἐνόμιζον
782 4282 842 4339 ἐκ
899 4284 1059 4360 μόνον
1127 4292 1218 4342 τοῦ
1274 4283 1559 4350 ἀκηκοέναι
1631 4296 1723 4346 τοῦ
1772 4289 1904 4366 κηρύ

284 4394 509 4453 γματος.
541 4383 706 4433 Τοῦτο
746 4374 846 4452 γὰρ
874 4374 961 4430 καὶ
1013 4373 1220 4450 προϊὼν
1250 4370 1430 4443 δηλοῖ,
1493 4373 1546 4430 ἐν
1598 4380 1675 4448 τῷ
1729 4374 1924 4453 λέγειν,

287 4465 386 4521 Καὶ
456 4462 556 4541 γάρ
609 4462 767 4537 ἐσμεν
839 4460 1299 4540 εὐηγγελισμένοι,
1371 4463 1604 4542 καθάπερ
1662 4465 1925 4528 κάκεῖνοι,

1979 4266 1983 4271 ·
1994 4266 2003 4276 Α

1954 4444 1999 4494 Ι)

2001 1880 2185 1960 ipsam
2220 1882 2381 1942 enim
2426 1884 2800 1946 substitimus
2850 1892 2907 1945 et
2958 1884 3094 1945 facti
3132 1900 3338 1944 sumus
3386 1878 3641 1944 Christi-

2002 1970 2343 2051 participes.
2384 1997 2410 2027 α
2443 1972 2639 2054 Usque
2666 1974 2736 2033 ad
2761 1974 2962 2034 ﬁnem.
3004 1998 3025 2027 ι
3061 1971 3321 2033 Dicendo
3350 1985 3540 2049 usque
3560 1968 3643 2029 ad

2000 2061 2200 2140 ﬁnem.
2233 2062 2527 2140 signiﬁcat
2555 2063 2709 2142 quod
2743 2063 3109 2143 inceperant,
3143 2086 3167 2115 α
3206 2058 3370 2121 Sicut
3398 2057 3460 2117 in
3493 2074 3639 2118 exa-

2002 2150 2405 2213 cerbatione.)
2438 2151 2811 2233 Hyperbaton
2829 2160 2919 2213 est
2950 2169 2963 2214 :
2998 2168 3134 2211 nam
3166 2145 3638 2210 subaudiendum

2002 2246 2090 2299 est
2120 2239 2480 2303 Timeamus.

2078 2326 2179 2400 ΙΙΙ,
2190 2330 2213 2389 1
2226 2329 2288 2390 6-
2300 2330 2318 2391 1
2332 2328 2557 2392 9.Nam
2578 2330 2823 2409 quidam
2840 2347 2973 2392 cum
2986 2323 3642 2407 audissent,exacerba-

1998 2425 2303 2480 veruntmt
2323 2436 2444 2481 non
2469 2437 2673 2481 omnes
2682 2421 2789 2498 qui
2794 2420 3050 2500 profecti
3055 2416 3305 2491 fuerant
3317 2432 3393 2477 ea:
3406 2413 3642 2493 Egyp-

2002 2511 2061 2567 to
2076 2506 2332 2569 ductore
2349 2506 2528 2570 Mose.
2567 2506 2801 2583 Qnibus
2821 2514 3025 2569 autem
3048 2509 3318 2583 infensus
3344 2503 3466 2582 fuit
3485 2520 3640 2581 qua-

1996 2592 2285 2671 draginta
2315 2596 2527 2658 annis?
2557 2596 2773 2657 Nonne
2801 2597 2878 2658 iis
2905 2596 3010 2673 qui
3043 2601 3459 2675 peccaverunt,
3485 2608 3642 2671 quo-

1996 2699 2133 2744 rum
2144 2684 2408 2746 membra
2418 2686 2806 2747 conciderunt
2826 2686 2891 2747 in
2915 2682 3185 2747 deserto?
3196 2681 3425 2757 Quibus
3438 2688 3641 2741 autem

1998 2772 2226 2847 iuravit
2248 2790 2371 2835 non
2385 2774 2773 2852 ingressuros
2788 2792 2910 2836 esse
2925 2776 2991 2837 in
3012 2775 3284 2853 requiem
3303 2787 3502 2844 suam,
3517 2769 3643 2831 nisi

1999 2861 2079 2921 iis
2103 2864 2214 2940 qui
2244 2879 2369 2923 non
2396 2863 2786 2926 obediemnt?
2812 2864 2894 2926 Et
2922 2863 3187 2925 videmus
3215 2860 3372 2942 quod
3400 2876 3520 2921 non
3542 2875 3643 2937 po-

1999 2950 2225 3011 tuerint
2247 2950 2497 3027 ingredi
2516 2969 2743 3033 proper
2764 2952 3279 3015 incredulitatem.

2083 3038 2227 3101 Nam
2259 3040 2504 3121 quidam
2521 3060 2654 3102 cum
2678 3050 2815 3103 tunc
2837 3042 3014 3105 etiam
3047 3040 3351 3103 audissent
3375 3037 3484 3099 Dei
3508 3052 3643 3117 pro-

2005 3127 2319 3188 missiones
2348 3130 2851 3208 quemadmodum
2895 3139 2951 3192 et
2983 3149 3090 3192 nos
3142 3146 3302 3190 nunc
3345 3125 3643 3203 audimus,

2004 3215 2423 3281 incredulitate
2452 3219 2833 3281 irritaverunt
2852 3213 3641 3283 siveacerbaveruntDeum.

2006 3305 2142 3368 Vult
2172 3308 2488 3370 ostendere
2519 3308 2653 3370 illos
2682 3328 2919 3390 quoque
2948 3309 3103 3372 sicut
3134 3317 3192 3371 et
3219 3309 3334 3370 bos
3380 3303 3639 3381 audisse,

2007 3396 2274 3477 nihilque
2318 3398 2619 3478 accepisse
2665 3398 2931 3459 utilitatis
2959 3417 3029 3461 ex
3058 3416 3128 3459 eo
3161 3396 3286 3458 solo
3314 3393 3471 3475 quod
3502 3409 3645 3472 pro-

2006 3486 2350 3548 missionem
2408 3487 2724 3551 audierint.
2761 3487 2962 3567 Itaque
3011 3494 3068 3547 et
3121 3503 3223 3546 vos
3278 3482 3492 3563 inquit,
3528 3496 3647 3540 non

2006 3576 2144 3656 quia
2174 3575 2390 3638 audisti
2438 3577 2941 3658 praedicationem,
2991 3593 3167 3636 omne
3211 3571 3511 3652 negotium
3541 3586 3647 3631 ex-

2008 3666 2235 3746 plestis,
2273 3665 2388 3726 nisi
2418 3666 2597 3727 etiam
2618 3665 2896 3728 credatis.
2932 3664 3098 3737 Quod
3127 3671 3323 3725 autem
3358 3662 3508 3724 ﬁdes
3537 3678 3649 3723 ne-

2009 3754 2267 3815 cessaria
2296 3755 2392 3828 sit,
2447 3773 2516 3815 ex
2565 3755 2658 3817 his
2707 3756 2805 3834 qui
2838 3753 2977 3815 olim
3012 3753 3342 3827 audierant,
3377 3749 3483 3813 sed
3513 3748 3654 3831 quia

2010 3863 2126 3905 non
2157 3843 2536 3906 crediderant
2588 3844 2911 3924 perierunt,
2946 3859 3283 3905 sermonem
3316 3841 3650 3902 conﬁrmat.

2009 3932 2545 4013 Quemadmodum,
2578 3933 2697 3994 illis
2725 3952 2844 3994 non
2876 3935 3015 3994 satis
3041 3933 3151 3994 fuit
3177 3930 3285 3994 Dei
3312 3948 3517 3994 vocem
3547 3946 3652 3990 ac-

2011 4024 2265 4103 cepisse,
2300 4022 2403 4084 sed
2434 4041 2567 4083 cum
2605 4041 2723 4083 non
2750 4022 3169 4097 credidissent,
3207 4020 3542 4103 perierunt,
3576 4022 3659 4083 ita

2012 4130 2204 4192 neque
2260 4111 2424 4172 vobis
2475 4112 2620 4174 satis
2663 4112 2775 4174 erit
2832 4111 3132 4173 auditores
3177 4130 3314 4173 esse
3346 4111 3507 4191 ﬁdei,
3541 4109 3659 4173 nisi

2012 4200 2246 4262 sincere
2276 4200 2556 4262 credatis.
2591 4205 2708 4264 Aut
2739 4200 2932 4281 potius
2960 4200 3023 4262 hi
3054 4200 3329 4262 sufﬁcere
3380 4198 3496 4262 sibi
3524 4216 3657 4263 cre-

2012 4289 2233 4351 debant
2260 4289 2417 4370 quod
2447 4289 2638 4351 solum
2672 4290 3154 4371 praedicationem
3184 4289 3658 4364 audissent,nam

2016 4379 2127 4440 hoc
2160 4379 2338 4439 etiam
2370 4378 2430 4439 in
2473 4397 2796 4461 progressu
2843 4380 3136 4459 signiﬁcat
3186 4397 3321 4443 cum
3351 4380 3434 4440 ait
3466 4396 3479 4440 :
3514 4377 3657 4440 Ete-

2019 4467 2140 4528 nim
2172 4467 2343 4530 nobis
2362 4469 2774 4531 annuntiatum
2803 4476 2892 4530 est
2913 4467 3413 4548 quemadmodum
3435 4474 3494 4528 et
3516 4466 3658 4527 illis.

291 4575 318 4605 ι
352 4548 515 4650 Ἀλλῖ
536 4554 598 4609 ού
665 4551 875 4650 πάντες⁸
931 4553 978 4607 οἱ
1047 4548 1335 4617 ἐξελθόντες
1384 4549 1435 4616 ἐξ
1486 4553 1771 4630 Αἰγύπτου,
1813 4579 1836 4609 α
1877 4547 1920 4614 “(;

2023 4559 2152 4650 :AAt
2177 4576 2296 4650 non
2328 4576 2538 4650 omnes
2569 4563 2670 4650 qui
2701 4559 3212 4639 prolectifuerant
3239 4556 3605 4650 ex‘ngypto.
3625 4580 3654 4612 »

283 4641 384 4719 γὰρ
412 4637 593 4696 Χαλὲϐ
621 4640 708 4696 καὶ
760 4642 788 4696 ὁ
861 4637 1063 4706 Ἰησοῦς
1121 4639 1216 4696 οὒκ
1284 4639 1606 4714 ἠπίστησαν,
1679 4642 1794 4699 ὅθεν
1848 4647 1920 4700 καῖ

2018 4644 2078 4709 Si
2110 4646 2354 4727 quidem
2386 4637 2606 4710 Chaleb
2657 4637 2796 4709 559
2844 4655 2903 4709 et
2948 4649 3119 4709 .Iesus
3159 4665 3276 4709 non
3308 4646 3547 4707 fuerant
3570 4647 3666 4706 in-

282 4729 531 4798 εἰσῆλθον
575 4731 647 4794 εἷς
676 4730 775 4798 τὴν
804 4728 1210 4809 ἐπηγγελμένην
1267 4735 1394 4809 γῆν.
1460 4755 1483 4786 α
1519 4734 1630 4789 Τίσι
1675 4731 1728 4789 δὲ
1758 4757 1920 4814 προσ-

2017 4736 2269 4808 creduli,
2305 4735 2439 4797 ideo
2471 4756 2709 4817 quoque
2738 4736 2991 4815 ingressi
3022 4744 3159 4797 sunt
3188 4735 3250 4795 in
3282 4742 3499 4795 terram
3522 4752 3664 4815 pro-

280 4819 485 4898 ώχθισε
531 4837 549 4899 ;
588 4841 612 4876 ι
652 4819 798 4877 Κατὰ
826 4817 1081 4898 ἐρώτησιν
1151 4827 1327 4880 τοῦτο.
1406 4822 1542 4899 Πρὸς
1586 4822 1753 4903 τίνας,
1812 4847 1920 4903 φη-

2017 4823 2341 4885 missionis.
2385 4848 2406 4880 α
2461 4825 2684 4897 Quibus
2735 4835 2931 4887 autem
2981 4825 3248 4886 infensus
3296 4821 3458 4885 fuit?
3495 4846 3518 4880 ‹‹
3551 4821 3666 4885 Per

279 4908 386 4981 σὶν,
418 4906 582 4987 ἔσχεν
610 4906 863 4987 ἐπαχθῶς
896 4926 913 4987 ;
964 4930 988 4962 α
1025 4907 1138 4965 Τίσι
1181 4904 1237 4963 δέ
1287 4906 1465 4983 ὤμοσε
1499 4928 1515 4988 ;
1566 4933 1594 4965 »
1632 4914 1729 4970 Καὶ
1770 4919 1920 4970 τοῦτο

2009 4913 2531 4992 interrogationem
2566 4912 3014 4991 hoclegendum
3045 4912 3459 4974 est.Adversus
3490 4930 3664 4992 quos,

278 4997 479 5071 ὁμοίως
506 4997 642 5053 κατὰ
670 4995 952 5075 ἐρώτησιν.
995 5015 1021 5053 ε
1056 4996 1154 5053 Καὶ
1209 4994 1474 5072 βλέπομεν
1503 4996 1584 5054 ὅτι
1641 5000 1736 5057 οὐκ
1790 5000 1920 5069 ἠδυ-

2009 5002 2230 5084 inquit,
2259 5002 2500 5064 infenso
2531 5002 2729 5064 animo
2753 5021 2818 5063 se
2848 5000 3108 5062 habuit?
3143 5024 3166 5055 ι
3204 4999 3427 5073 Quibus
3466 5007 3666 5061 autem

278 5085 517 5153 νήθησαν
548 5081 830 5145 εἰσελθεῖν.
863 5104 893 5140 ι
949 5081 1088 5172 ,Ἰδοὺ
1146 5084 1268 5172 γὰρ,
1315 5087 1466 5165 φησὶ,
1513 5088 1612 5165 πρὸ
1642 5089 1920 5169 ὀφθαλμῶν

2009 5081 2289 5172 iuravit.»
2325 5090 2516 5153 Etiam
2548 5093 2664 5152 hoc
2691 5089 2969 5151 similiter
2985 5107 3090 5169 per
3116 5089 3666 5168 interrogationem.

280 5174 433 5247 ἡμῶν
476 5184 654 5229 κεῖται
680 5172 869 5260 τὸτῆς
937 5171 1179 5260 ἀπιστίας
1233 5170 1513 5248 ἐπιτίμιον,
1567 5173 1795 5235 Ἐκεῖνοι
1825 5179 1920 5258 γὰρ

2009 5170 2093 5245 Et
2122 5180 2392 5241 videmus
2420 5179 2576 5259 quod
2611 5197 2727 5240 non
2759 5176 3019 5260 potuerit
3060 5175 3317 5257 ingredi.
3354 5178 3530 5254 Ecce,
3565 5178 3668 5239 in-

282 5260 668 5331 ἆπιστήσαντες
727 5259 821 5317 οὒκ
901 5258 1141 5328 εἰσῆλθον
1225 5262 1297 5325 εἰς
1352 5265 1449 5330 τήν
1516 5262 1920 5344 ἐπηγγελμένην

2020 5270 2169 5353 quit,
2194 5276 2332 5332 ante
2363 5258 2566 5330 oculos
2591 5258 2829 5331 nostros
2861 5265 3050 5347 posita
3107 5274 3196 5328 est
3234 5266 3672 5330 incredulitatis

282 5353 405 5426 γῆν.
2009 5376 2213 5454 pcena.
2246 5356 2339 5454 illi
2372 5355 2532 5418 enim
2563 5374 2698 5454 cum
2727 5354 3024 5418 incrudeli
3053 5354 3301 5418 fuissent
3325 5404 3341 5433 ,
3382 5374 3501 5418 non
3532 5363 3674 5420 sunt

2006 5444 2264 5529 ingressi
2293 5447 2353 5508 in
2390 5444 2741 5526 promissam
2775 5456 3021 5507 terram.

360 5602 427 5655 ﬂ
449 5606 621 5669 Joan.
659 5624 742 5684 ιν,
782 5607 835 5673 l.
