4152 6216
416 262 527 327 3η

1050 394 1295 460 CAPUT
1338 396 1440 457 Vl.

484 489 857 554 Exhortatio
884 498 950 552 ut
979 495 1274 552 conentur
1297 489 1536 568 ingredi
1565 490 1838 569 requiem
1869 505 2001 568 qua:

928 575 1398 649 praemonstrata
1439 577 1548 631 est.

494 657 839 721 Metuamus
866 660 1057 737 igitur
1088 676 1161 719 ne
1189 658 1432 737 quando
1462 658 1753 720 derelicta
1790 657 2064 737 promis-

414 746 575 808 sione
604 747 962 808 introeundi
990 748 1056 808 in
1083 748 1347 825 requiem
1374 748 1524 828 ejus,
1558 748 1802 809 videtur
1829 745 2071 826 [aliquis

418 852 496 896 ex
523 835 686 895 vobis
716 852 838 896 esse
862 837 1222 912 frustratus.
1257 836 1501 898 Etenim
1535 837 1699 899 vobis
1728 835 2067 897 annuntia-

418 930 545 985 tum
591 929 698 992 est.
749 924 1256 1003 quemadmodum
1288 932 1345 987 et
1376 925 1521 987 illis.
1557 930 1634 987 At
1675 943 1797 988 non
1836 926 2071 1006 pro/uit

415 1011 539 1074 illis
561 1013 811 1075 auditus
834 1031 1024 1076 sermo
1050 1016 1209 1093 quod
1238 1033 1358 1076 non
1391 1024 1589 1079 essent
1627 1015 1927 1077 commisti
1955 1013 2073 1093 ﬁde

415 1100 492 1161 iis
516 1104 623 1180 qui
642 1104 1000 1166 audierant.

498 1189 641 1251 Cum
676 1190 915 1263 dicitur,
936 1192 1149 1272 inquit,
1185 1192 1378 1253 Hodie
1403 1194 1452 1255 si
1480 1210 1687 1253 vocem
1715 1192 1844 1270 ejus
1870 1190 2073 1251 audie-

418 1277 576 1359 ritis,
610 1298 686 1340 ne
719 1279 1025 1340 obduretis
1073 1281 1253 1342 corda
1306 1290 1498 1343 vestra
1546 1281 1702 1342 sicut
1733 1281 1794 1340 in
1827 1297 2071 1341 exacer-

416 1366 1101 1440 batione,timeamus.In
1136 1377 1479 1433 transcursu
1513 1380 1712 1431 autem
1742 1368 1934 1449 posuit
1960 1370 2071 1442 οὖν,

415 1455 477 1517 id
516 1465 624 1527 est,
660 1456 1013 1533 igitur.Nam
1042 1458 1180 1538 quia
1211 1460 1447 1537 longior
1498 1478 1666 1538 {equo
1703 1466 1831 1519 erat
1861 1457 2070 1531 oratio,

421 1563 496 1605 ne
519 1544 818 1607 videretur
840 1546 1135 1608 ordinatio
1164 1548 1453 1609 orationis
1476 1547 1892 1626 conjunctione
1912 1563 2075 1607 care-

417 1652 507 1705 re,
530 1633 825 1707 additobv,
855 1635 911 1696 id
947 1645 1062 1716 est,
1096 1636 1296 1715 igitur.
1343 1637 1711 1716 Timeamus,
1753 1633 1967 1715 inquit,
2000 1652 2075 1695 ne

422 1722 659 1804 quando
693 1722 993 1803 privemur
1027 1744 1094 1786 ea
1127 1745 1259 1806 quae
1288 1726 1645 1806 relinquitur
1677 1723 2076 1805 promissione

423 1811 495 1872 ad
527 1811 979 1889 ingrediendum
1011 1812 1071 1873 in
1094 1815 1360 1893 requiem
1395 1812 1863 1894 ejus.Siquidem
1886 1812 2079 1872 volen-

429 1899 589 1961 tibus
617 1900 974 1981 relinquitur
1005 1903 1321 1982 promissio
1372 1901 1756 1982 ingrediendi
1789 1901 1847 1961 in
1880 1919 2074 1961 veram

425 1988 613 2068 ipsius
642 1990 909 2069 requiem
948 2010 960 2050 :
1000 1991 1125 2051 haec
1146 1999 1340 2051 autem
1364 2000 1455 2053 est
1485 2009 1734 2067 regnum
1768 1989 2074 2052 cce-lorum.

434 2077 750 2139 «Videntur
773 2077 985 2158 aliquis
1005 2097 1076 2139 ex
1097 2079 1259 2141 vobis
1283 2099 1413 2141 esse
1432 2080 1763 2140 frustratus.
1778 2078 2082 2139 »Frustra-

428 2170 521 2226 tus
551 2183 682 2227 esse
712 2166 785 2228 ad
810 2166 1291 2244 ingrediendum.
1326 2167 1412 2230 Ne
1444 2176 1860 2246 autemsermo
1890 2166 2080 2245 gravis

424 2253 714 2336 videatur,
777 2274 896 2316 non
950 2255 1094 2316 dixit
1129 2274 1141 2318 :
1179 2256 1607 2335 Frustrabitur,
1644 2255 1750 2315 sed
1785 2252 2080 2315 Frustrari

423 2342 712 2404 videatur.
729 2344 840 2405 «At
862 2364 978 2404 non
996 2346 1346 2422 prot‘uitillis
1367 2346 1602 2406 auditus
1624 2361 1847 2404 sermo.
1863 2342 2079 2406 nVides

429 2432 585 2512 quod
634 2433 744 2493 hoc
791 2432 948 2493 dicat
993 2450 1006 2493 :
1057 2433 1214 2494 Nihil
1269 2433 1434 2494 vobis
1466 2431 1732 2514 proderit
1774 2430 2080 2493 auditores

427 2518 612 2581 fuisse
649 2520 1106 2599 praedicationis,
1142 2522 1257 2583 nisi
1299 2522 1473 2583 etiam
1507 2540 1638 2601 qum
1667 2539 1700 2581 a
1730 2519 1894 2580 vobis
1934 2518 2081 2598 ipsis

432 2617 569 2669 sunt
599 2609 998 2683 atieratis,hoc
1024 2610 1346 2684 est,ﬁdem;
1372 2610 1646 2691 quoniam
1695 2626 1886 2688 neque
1918 2606 2078 2668 anti-

440 2695 572 2778 quis
609 2697 824 2777 profuit
854 2697 1090 2759 auditus
1119 2717 1317 2760 sermo
1348 2718 1419 2760 ex
1447 2699 1666 2779 seipso.
1712 2723 1737 2752 α
1764 2696 1930 2769 Quod
1961 2715 2079 2757 non

435 2795 636 2848 essent
665 2786 962 2847 commisti
994 2785 1134 2848 ﬁde.
1186 2812 1213 2842 ››
1258 2788 1398 2847 540
1426 2786 1552 2848 Hoc
1596 2794 1709 2861 est,
1743 2784 1980 2846 admisti
2009 2784 2081 2845 ad

432 2873 768 2956 ipsam.Per
797 2876 910 2936 hoc
930 2884 1123 2937 autem
1151 2876 1425 2955 designat
1447 2874 1775 2937 indubitate
1812 2892 1862 2933 οι
1880 2874 2081 2936 edere.

436 2966 554 3025 Eos
593 2982 731 3026 vero
769 2963 872 3045 qui
900 2964 1213 3026 audierant
1259 2965 1405 3026 dicit
1428 2983 1528 3025 eos
1551 2964 1648 3045 qui
1683 2964 2077 3024 crediderant.

431 3053 524 3118 Illi
555 3072 811 3134 namque
839 3072 980 3115 vere
1011 3053 1321 3115 audierant
1342 3054 1444 3133 qui
1476 3054 1650 3115 etiam
1676 3051 2075 3114 crediderant.

1544 260 1961 326 OECUMENII
2004 260 2299 325 TRICCIE
2340 264 2676 351 EPISGOPI

2091 398 2135 448 Α
2154 420 2159 433 ι

3671 258 3790 323 312

2789 399 3040 455 ΚΕΦΑΛ.
3069 384 3152 455 E'.

2152 505 2175 541 ι
2233 484 2532 565 ,Προτροπὴ
2612 482 2897 546 σπουδάσαι
3006 485 3080 547 εἰς

2746 573 3075 630 κατάπαυσιν
3086 616 3102 633 .
3153 594 3176 629 ο

2239 681 2263 718 ιι
2321 659 2649 738 Φοϐηθίυμεν
2694 662 2781 721 οὖν
2834 664 3042 738 μήποτε
3121 660 3585 738 καταλειπομένης
3644 660 3806 737 ἐπαγ-

2155 751 2332 830 γελίας
2362 751 2617 809 εἰσελθεῖν
2673 754 2746 816 είς
2789 752 2890 808 τὴν
2921 752 3248 808 κατάπαυσιν
3306 754 3490 832 αὐτοῦ,
3549 748 3680 826 δοκῇ
3720 771 3804 813 τις

2153 839 2206 906 ἐξ
2247 842 2394 914 ὑμῶν
2421 839 2783 921 ὑστερηκέναι.
2847 842 2945 899 Καὶ
2999 842 3100 919 γὰρ
3151 839 3308 914 ἐσμεν
3364 837 3802 918 εὐηγγελισμένοι

2152 930 2383 1008 καθάπερ
2411 919 2674 993 κάκεῖνοι,
2731 919 2870 987 Ἀλλ’
2916 931 3010 986 οὒκ
3050 927 3325 1010 ὠφέλησεν
3398 931 3427 986 6
3481 927 3643 1007 λόγος
3698 929 3798 994 τῆς

2152 1018 2316 1085 ἀκοῆς
2360 1019 2613 1100 ἐκείνους,
2673 1020 2750 1095 μὴ
2787 1019 3253 1098 ,συ-(κεκραμένους
3317 1023 3386 1094 τῇ
3454 1017 3629 1074 πίστει
3676 1030 3796 1080 τοῖς

2156 1105 2471 1165 ἀκούσασιν.
2513 1130 2535 1163 ι

2236 1192 2326 1252 Ἐν
2369 1199 2446 1271 τῷ
2494 1195 2757 1275 λέγεσθαι,
2826 1198 2978 1276 φησί,
3039 1197 3281 1275 Σήμερον
3340 1193 3430 1250 ἐὰν
3484 1199 3584 1262 τῆς
3636 1198 3798 1276 φονῆς

2157 1287 2314 1343 αὖτοῦ
2375 1286 2659 1367 ἀκούσητε,
2723 1287 2800 1362 μὴ
2855 1284 3182 1364 σκληρύνητε
3228 1286 3323 1348 τὰς
3368 1283 3574 1365 καρδίας
3629 1287 3797 1361 ὑμῶν,

2157 1376 2230 1436 ὡς
2261 1373 2315 1429 ἐν
2345 1382 2422 1450 τῷ
2458 1382 2909 1455 παραπικρασμῷ,
2981 1373 3294 1457 φοϐηθῶμεν
3348 1373 3558 1436 λοιπὸν.
3605 1375 3676 1431 Τὸ
3719 1371 3800 1447 δὲ,

2160 1462 2282 1538 Οὗν,
2336 1462 2658 1543 παρέδραμε.
2720 1466 2818 1521 Διὰ
2887 1466 2987 1544 γὰρ
3050 1466 3111 1521 τὸ
3167 1465 3308 1521 εἶναι
3377 1460 3799 1543 μακραπόδοτον,

2157 1548 2248 1607 ἵνα
2279 1554 2355 1626 μὴ
2386 1550 2509 1620 δόξη
2542 1553 2899 1632 ἀσυνάρτητος
2955 1554 3097 1610 εἶναι
3140 1555 3175 1621 ἡ
3200 1550 3458 1628 σύνταξις,
3529 1553 3616 1619 τὸ,
3676 1560 3799 1630 Οὗν,

2157 1639 2378 1702 τέθεικε.
2450 1639 2800 1716 Φοϐηθῶμεν,
2869 1643 3019 1722 φησὶ,
3105 1643 3313 1716 μήποτε
3398 1638 3801 1716 καταλιμπανωι

2159 1728 2324 1803 μένης
2395 1728 2713 1808 ἐπαγγελίας
2756 1732 2829 1795 είς
2894 1732 2955 1786 τὸ
3026 1729 3280 1787 εἰσελθεῖν
3335 1731 3408 1793 εἷς
3463 1730 3564 1797 τὴν
3629 1729 3800 1786 κατά-

2157 1839 2346 1873 παυσιν
2409 1817 2566 1874 αὐτοῦ
2623 1820 3013 1897 ὑστερήσωμεν.
3088 1819 3186 1875 Καὶ
3253 1818 3353 1895 γὰρ
3401 1816 3737 1874 ὑπολείπεται
3765 1819 3800 1885 ἡ

2159 1905 2449 1984 ἐπαγγελία
2519 1913 2612 1965 106
2656 1906 2907 1964 εἰσελθεῖν
2954 1908 3027 1970 εἷς
3096 1906 3194 1973 τὴν
3262 1906 3591 1963 κατάπαυσιν
3646 1905 3803 1965 αὒτοῦ

2160 1995 2257 2062 τὴν
2317 1994 2569 2063 ἀληθινὴν
2638 1996 2757 2060 τοὺς
2808 1994 3184 2073 βουλομένους.
3246 1995 3387 2062 Αὕτη
3458 1992 3512 2050 δέ
3567 1993 3709 2050 ἐστιν
3764 1995 3801 2062 ἡ

2162 2081 2401 2160 βασιλεία
2429 2090 2535 2140 τῶν
2565 2088 2815 2163 οὐρανῶν.
2854 2108 2882 2139 α
2941 2090 3086 2161 Δοκῇ
3129 2106 3210 2146 τις
3265 2081 3316 2148 ἐξ
3371 2085 3519 2158 ὑμῶν
3573 2084 3800 2162 ὑστερη-

2161 2171 2331 2231 κέναι.
2378 2194 2399 2227 ι
2463 2163 2835 2251 ’Υστερηκέται
2908 2174 2979 2237 εἷς
3022 2174 3084 2228 τὸ
3150 2170 3424 2233 εἰσελθεῖν,
3496 2168 3803 2251 ’Λνεπαχθῆ

2161 2258 2216 2315 δὲ
2263 2261 2352 2317 τὸν
2422 2258 2583 2338 λόγον
2641 2267 2808 2317 ποιῶν
2858 2261 2953 2318 οὒκ
3020 2260 3198 2331 εἶπεν,
3261 2251 3589 2339 Ὑστερήσει,
3645 2257 3803 2340 ἀλλὰ,

2165 2354 2308 2429 ᾼοκῇ
2363 2350 2665 2428 ὑστερίζειν,
2718 2372 2745 2404 α
2795 2347 2942 2406 Ἀλλ’
2999 2351 3095 2406 οὒκ
3150 2347 3424 2429 ὠφέλησεν
3466 2350 3495 2404 6
3561 2348 3733 2426 λόγος.
3773 2371 3802 2403 ι

2165 2427 2317 2515 Ὀρᾷς
2369 2435 2450 2493 ὅτι
2491 2427 2661 2494 τοῦτο
2716 2436 2884 2516 λέγει,
2955 2437 3062 2511 ὅτι,
3122 2427 3280 2495 Οὐδὲν
3350 2439 3487 2512 ὑμᾶς
3543 2436 3808 2517 ὠφελήσει

2159 2527 2223 2582 τὸ
2294 2525 2553 2604 ἀκροατὰς
2597 2526 2835 2606 γενέσθαι
2894 2534 2985 2584 τοῦ
3051 2528 3417 2606 κηρύγματος,
3475 2526 3563 2583 ἐὰν
3593 2526 3671 2602 μὴ
3715 2527 3805 2583 καὶ

2160 2615 2225 2670 τὰ
2266 2614 2391 2695 παρ’
2462 2616 2658 2674 ἑαυτῶν
2716 2616 3068 2695 είσενέγκητε.
3128 2615 3365 2674 τουτέστι
3433 2616 3608 2672 πίστιν
3642 2615 3804 2671 ’ἐπεὶ

2164 2702 2300 2778 μηδὲ
2341 2704 2462 2768 τοὺς
2504 2703 2667 2762 πάλαι
2723 2704 2996 2786 ὠφέλησεν
3054 2708 3082 2761 6
3123 2704 3283 2783 λόγος
3325 2706 3423 2771 τῆς
3468 2703 3630 2771 ἀκοῆς
3683 2702 3800 2760 καθ’

2167 2792 2373 2853 ἑαυτόν.
2418 2813 2439 2846 ι
2477 2793 2567 2860 Μὴ
2595 2793 3048 2873 συγκεκραμένους
3105 2799 3172 2869 τῇ
3226 2793 3420 2853 πίστει.
3469 2815 3497 2847 ι
3531 2790 3800 2863 Τουτέστι,

2167 2881 2244 2957 μὴ
2275 2880 2726 2961 ἆνακεκραμένους
2755 2884 2885 2962 πρὸς
2915 2884 3103 2953 αὑτήν,
3150 2881 3245 2939 Ἐκ
3286 2879 3341 2937 δὲ
3383 2880 3589 2959 τούτου,
3613 2882 3674 2937 τὸ
3704 2881 3803 2935 ἀν-

2168 2967 2479 3033 ενδοιάστως
2522 2977 2795 3027 πιστεῦσαι
2845 2973 3145 3030 αἰνίττεται.
3191 2968 3538 3034 Ἀκούσαντας
3578 2967 3634 3025 δέ
3675 2990 3803 3048 φησι

2165 3059 2283 3120 τοὺς
2345 3059 2746 3124 πιστεύσαντας.
2801 3057 3030 3117 Ἐκεῖνοι
3084 3060 3183 3138 γὰρ
3238 3056 3400 3124 ὄντως
3456 3056 3707 3130 ἤκουσαν,
3753 3060 3800 3114 οἱ

3186 483 3284 550 τὴν
3366 478 3799 561 προδηλουμένην

430 3142 527 3206 Ait
556 3153 752 3205 autem
799 3143 873 3205 de
916 3141 1058 3204 Jesu
1103 3152 1161 3204 et
1204 3143 1446 3207 Chaleb.
1483 3143 1607 3204 Hoc
1636 3161 1773 3203 vero
1805 3149 1894 3203 est
1923 3141 2076 3222 quod

2165 3149 2249 3203 καὶ
2294 3148 2696 3211 πιστεύσαντας.
2757 3148 2911 3227 Λέγει
2953 3148 3007 3205 δὲ
3062 3150 3179 3229 περὶ
3235 3145 3411 3215 Ἰησοῦ
3466 3150 3553 3203 καὶ
3602 3143 3799 3209 Χαλέϐ,

434 3232 773 3293 dicitzNon
827 3232 981 3312 juvit
1029 3232 1269 3294 auditus
1325 3250 1521 3293 sermo
1580 3232 1896 3313 populum,
1960 3248 2076 3291 non

2165 3244 2326 3295 T0610
2354 3234 2409 3293 δέ
2438 3259 2596 3317 φησιν
2632 3254 2647 3268 ⁸
2682 3241 2789 3296 Οὔκ
2818 3237 3092 3319 ὠφέλησεν
3122 3240 3150 3294 6
3206 3236 3364 3315 λόγος
3395 3241 3493 3303 τῆς
3525 3235 3688 3302 ἀκοῆς
3715 3237 3805 3293 τὸν

434 3321 816 3383 commistum
847 3329 906 3382 et
925 3320 1104 3382 veluti
1130 3328 1663 3402 contemperatum,
1681 3320 1997 3381 admistum
2023 3326 2076 3380 et

2165 3325 2314 3406 λαὸν,
2349 3328 2425 3402 μὴ
2454 3327 2873 3406 συγκεκραμένον
2931 3330 3020 3385 καὶ
3088 3331 3203 3385 οἷον
3261 3324 3684 3405 ἀνακεκραμένον
3712 3325 3799 3381 καὶ

434 3418 493 3471 et
522 3409 752 3471 unitum
787 3427 895 3490 per
922 3409 1097 3471 ﬁdem
1132 3410 1222 3471 his
1242 3410 1343 3492 qui
1365 3409 1921 3490 audierant,nempe
1942 3410 2078 3471 lesu

434 3507 491 3561 et
521 3499 741 3562 Chaleb
773 3499 876 3580 qui
906 3498 1309 3562 crediderant.
1341 3534 1420 3545 —
1441 3497 1569 3560 Non
1592 3498 1957 3572 commistos,
1978 3496 2076 3557 in-

432 3588 684 3670 quit,his
704 3588 804 3670 qui
827 3588 1277 3663 audierant,hoc
1298 3596 1405 3666 est,
1433 3588 1526 3651 his
1549 3590 1645 3669 qui
1675 3587 2075 3649 crediderant.

434 3677 743 3751 Quomodo
762 3686 960 3739 autem
986 3685 1253 3757 poterant
1286 3678 1376 3739 his
1408 3675 1807 3758 permisceri?
1839 3674 1902 3737 In
1937 3676 2074 3749 ﬁde,

429 3766 649 3848 inquit.
684 3767 805 3827 sive
838 3785 944 3847 per
975 3764 1251 3828 ﬁdem.Si
1278 3767 1436 3827 enim
1471 3765 1866 3827 credidissent
1900 3765 1959 3825 hi
1990 3765 2078 3826 si-

432 3864 533 3917 cut
561 3864 619 3917 et
648 3855 758 3929 illi,
792 3854 855 3915 in
886 3874 1065 3915 unum
1100 3854 1301 3935 utique
1352 3856 1571 3935 pariter
1621 3855 1877 3935 provecti
1927 3854 2076 3917 fuis-

426 3942 711 4016 sent,fide
723 3943 904 4004 veluti
918 3942 1539 4024 conglutinanteipsos
1559 3950 1616 4005 et
1631 3943 2077 4006 commiscenle.

510 4032 611 4108 IV,
634 4031 759 4095 3«5.
783 4033 1116 4111 Intpoimus
1148 4034 1312 4094 enim
1334 4033 1397 4093 in
1417 4034 1684 4111 requiem
1705 4050 1811 4093 nos
1832 4034 1940 4111 qui
1955 4049 2081 4094 cre-

2161 3416 2482 3494 μεμιγμένον
2525 3418 2614 3473 καὶ
2644 3416 2915 3492 ἡνωμένον
2945 3416 2999 3473 ἐν
3027 3423 3096 3494 τῇ
3124 3416 3297 3473 πίστει
3328 3429 3445 3479 τοῖς
3488 3415 3792 3492 ἀκούσασιν,

2160 3503 2320 3582 ἤγουν
2346 3518 2464 3568 τοῖς
2494 3505 2627 3586 ἀμφὶ
2650 3508 2740 3562 τὸν
2772 3506 2974 3573 Ἰησοῦν
2999 3507 3327 3564 πιστεύσασι.
3351 3540 3430 3552 --
3458 3502 3679 3583 [ΦΩΤ.]
3713 3503 3801 3569 Μὴ

2162 3594 2635 3674 συγκεκραμένους,
2667 3594 2826 3675 φησί,
2887 3608 3006 3658 τοῖς
3035 3595 3308 3667 ἀκούσασι,
3371 3592 3627 3666 τουτέστι,
3679 3604 3798 3657 τοῖς

2162 3684 2558 3742 πεπιστευκόσι.
2608 3690 2726 3749 Πῶς
2755 3681 2809 3739 δὲ
2849 3684 2917 3752 ἧν
2974 3686 3155 3748 αὒτοῖς
3215 3686 3608 3762 ωγκραθῆναις
3640 3689 3706 3738 Εν
3735 3686 3804 3757 τῇ

2160 3773 2354 3846 πίστει,
2386 3774 2539 3852 φησὶ,
2570 3771 2804 3829 τουτέστι
2834 3770 2916 3829 διὰ
2959 3773 3210 3835 πίστεως,
3259 3773 3314 3830 Ei
3370 3772 3469 3850 γὰρ
3498 3770 3806 3826 ἐπίστευσαν

2161 3863 2301 3916 οὗτοι
2331 3859 2510 3938 ὥσπερ
2568 3860 2834 3936 κάκεῖνοι,
2898 3863 2970 3926 εἰς
3025 3860 3080 3916 ἓν
3134 3860 3196 3917 ἂν
3267 3857 3677 3932 συνηλαύνοντο,
3710 3855 3806 3924 τῆς

2162 3950 2390 4011 πίστεως
2419 3952 2537 4005 οἷον
2570 3947 2694 4006 κολ)
2706 3950 2853 4016 ώσης
2897 3950 3083 4013 αὐτοὺς
3112 3949 3201 4005 καὶ
3230 3946 3620 4026 ωγκιρνώσης.

2250 4059 2276 4094 ι)
2327 4038 2687 4119 Εἰσερχόμεθα
2728 4040 2828 4117 γὰρ
2872 4041 2943 4103 εἰς
2988 4040 3086 4106 τὴν
3115 4038 3441 4095 κατάπαυσιν
3513 4038 3560 4093 οἱ
3591 4035 3811 4091 πιστεύ-

433 4120 725 4197 didimus,
758 4121 1269 4200 quemadmodum
1319 4121 1479 4181 dixit
1514 4141 1527 4179 :
1561 4119 1735 4182 Sicut
1773 4122 1992 4197 juravi
2021 4121 2076 4180 in

2167 4148 2376 4199 σαντες,
2438 4129 2613 4192 καθὼς
2682 4127 2921 4207 εἴρηκεν,
3005 4118 3096 4193 Ὠς
3184 4128 3370 4201 ὣμοσα
3429 4123 3482 4181 ἐι
3551 4128 3620 4191 τῆ
3677 4124 3811 4203 ὀργῇ

435 4210 533 4271 ira
563 4227 719 4286 mea,
752 4210 822 4272 Si
851 4209 1193 4271 introibant
1236 4210 1302 4270 in
1357 4209 1630 4288 requiem
1677 4225 1896 4288 meum,
1949 4208 2082 4271 licet

433 4299 714 4379 operibus
758 4317 797 4358 α
824 4298 1247 4360 constitutione
1287 4296 1505 4357 mundi
1551 4297 1854 4375 perfectis.
1902 4296 2083 4360 Dixit

433 4390 596 4451 enim
635 4388 893 4469 quodam
942 4392 1007 4447 in
1051 4385 1179 4447 loco
1204 4385 1278 4448 de
1307 4386 1560 4465 septimo
1586 4385 1688 4446 die
1713 4387 1800 4448 sic
1827 4403 1844 4446 :
1871 4384 1955 4449 Et
1982 4404 2080 4449 re-

429 4478 651 4557 quievit
702 4476 863 4539 Deus
910 4476 1007 4538 die
1055 4476 1305 4555 septimo
1363 4473 1436 4536 ab
1489 4473 1765 4536 omnibus
1805 4474 2082 4553 operibus

428 4567 581 4631 suis.
606 4567 689 4627 Et
708 4567 773 4628 in
801 4567 911 4628 hoc
939 4582 1188 4627 rursum
1220 4585 1240 4625 :
1266 4562 1339 4626 Si
1369 4562 1705 4625 introibant
1728 4562 1795 4624 in
1816 4565 2078 4643 requiem

433 4673 662 4719 meam.

510 4743 942 4807 Testimonium
976 4760 1212 4824 quoque
1253 4740 1486 4803 iuduxit
1515 4759 1586 4803 ex
1617 4760 1734 4822 quo
1792 4740 1850 4802 id
1886 4741 2081 4803 mani-

435 4834 652 4898 festum
681 4832 1106 4896 faciat.Etvide
1131 4832 1431 4913 quomodo
1452 4832 1513 4893 id
1537 4831 2079 4908 astruat.0mnino,

432 4923 650 5005 inquit,
670 4940 919 4985 necesse
940 4929 1028 4984 est
1044 4929 1107 4982 ut
1121 4921 1301 5002 aliqui
1319 4919 1800 5000 ingredianturin
1812 4920 2080 5001 requiem

431 5012 562 5090 Dei,
596 5031 671 5075 ne
725 5030 872 5074 vane
920 5029 989 5073 ac
1046 5018 1269 5071 temere
1315 5009 1391 5071 sit
1445 5010 1757 5090 promissa.
1792 5007 2079 5081 Quoniam

429 5123 569 5187 ergo
601 5105 688 5167 illi
720 5124 837 5166 non
867 5111 1004 5166 sunt
1031 5102 1286 5182 ingressi
1321 5102 1559 5184 (juravit
1586 5102 1748 5164 enim
1779 5103 1941 5181 ipsos
1964 5121 2081 5163 non

426 5195 1079 5274 ingressuros)necesse
1096 5201 1186 5253 est
1205 5202 1268 5256 ut
1286 5211 1416 5267 nos,
1443 5190 1767 5253 dummodo
1794 5190 2071 5266 velimns,

430 5281 858 5361 ingrediamnr,
883 5291 943 5342 at
968 5301 1085 5342 non
1119 5282 1243 5362 jam
1288 5281 1354 5342 in
1384 5279 1748 5360 ﬁgurativam
1778 5279 2072 5360 requiem,

432 5370 538 5432 sed
565 5370 626 5430 in
655 5387 857 5430 verum
903 5388 1153 5448 regnum
1193 5369 1505 5432 castorum.
1541 5367 1885 5448 Quanquam
1915 5366 2075 5428 enim

430 5458 541 5522 ﬁlii
572 5458 809 5519 illorum
842 5457 1093 5536 ingressi
1116 5457 1235 5520 sint
1262 5460 1318 5519 in
1350 5464 1567 5519 terram
1615 5455 1990 5536 promissam,
2020 5464 2078 5517 at

426 5555 487 5612 at
534 5565 691 5611 nunc
752 5545 925 5610 aliam
971 5545 1179 5608 deﬁnit
1226 5546 1495 5628 requiem
1526 5562 1633 5626 per
1677 5543 1890 5607 David.
1923 5543 2075 5618 Quid

2167 4237 2291 4290 μου,
2368 4217 2427 4273 Ei
2499 4214 2878 4273 εἰσελεύσονται
2956 4218 3030 4279 εἷς
3122 4218 3220 4282 τὴν
3288 4212 3614 4272 κατάπαυσίν
3686 4232 3810 4288 μου,

2162 4303 2333 4359 καίτοι
2404 4311 2509 4360 τῶν
2581 4303 2749 4384 ἔργων
2807 4304 2912 4361 ἀπὸ
2983 4301 3287 4370 καταϐολῆς
3393 4301 3617 4376 κόσμου.
3656 4321 3812 4378 γενη-

2160 4388 2376 4449 θέντων.
2454 4389 2654 4470 Εἵρηκε
2711 4393 2810 4471 γὰρ
2893 4414 2994 4448 που
3070 4393 3187 4471 περὶ
3256 4394 3355 4458 τῆς
3420 4385 3671 4463 ἑϐδόμης,
3728 4385 3813 4442 06-

2162 4501 2266 4542 τως
2303 4486 2319 4512 ⁸
2356 4481 2454 4537 Καὶ
2482 4479 2807 4536 κατέπαυσεν
2857 4484 2885 4537 6
2939 4483 3068 4543 Θεὸς
3116 4479 3168 4535 ἐν
3219 4485 3288 4557 τῇ
3353 4477 3524 4556 ἁμέρᾳ
3589 4481 3658 4553 τῇ
3718 4472 3809 4531 ἐϐ-

2164 4566 2302 4645 δόμῃ
2332 4569 2438 4625 ἀπὸ
2508 4570 2722 4627 πάντων
2776 4576 2881 4626 τῶν
2941 4569 3114 4650 ἔργων
3160 4568 3339 4626 αὺτοῦ.
3397 4568 3496 4625 Καὶ
3550 4564 3604 4621 ἔν
3645 4565 3811 4639 τούτῳ

2163 4656 2349 4734 πάλιν,
2382 4660 2441 4715 Ei
2467 4656 2845 4715 εἰσελεύσονται
2878 4661 2951 4723 είς
2981 4659 3080 4725 τὴν
3107 4656 3434 4714 κατάπαυσίν
3464 4676 3566 4730 μου
3601 4668 3615 4683 ⁸
3656 4675 3680 4734 ιι

2166 4747 2264 4803 Καὶ
2325 4731 2481 4803 πόθεν
2555 4745 2736 4827 δῆλοῖ,
2810 4747 3052 4826 ἐπήγαγε
3108 4746 3206 4813 τὴν
3279 4743 3586 4823 μαρτυρίαν.
3664 4731 3815 4821 ιὈρα

2165 4835 2285 4892 οἷον
2314 4837 2720 4907 κατασκευάζει.
2786 4842 2957 4911 Πᾶσα,
3018 4836 3199 4916 φησὶν,
3254 4834 3462 4912 ἀνάγκη
3519 4833 3665 4896 τινὰς
3712 4833 3819 4886 εἱσ-

2163 4922 2337 4981 ελθετν
2368 4926 2441 4988 εἰς
2499 4926 2598 4991 τὴν
2656 4925 2982 4981 κατάπαυσιν
3053 4930 3145 4981 τοῦ
3187 4931 3338 4997 Θεοῦ,
3399 4921 3492 4977 τίνα
3563 4920 3641 4994 μὴ
3696 4919 3812 4995 μά-

2162 5034 2262 5079 την
2292 5014 2380 5069 καὶ
2437 5011 2618 5078 ἀπλῶς
2686 5019 2723 5090 ᾖ
2792 5010 3193 5091 ἐπηγγελμένη,
3269 5010 3417 5068 Ἐπεὶ
3471 5008 3560 5067 οὗν
3616 5007 3813 5064 ἐκεῖνοι

2163 5102 2255 5157 οὐκ
2339 5100 2604 5177 εἰσῆλθον,
2666 5102 2861 5178 (ὤμοσε
2905 5103 3005 5180 γὰρ
3076 5101 3152 5176 μὴ
3215 5099 3490 5172 εἰσελθεῖν,
3572 5094 3810 5176 αὖτοὺς,)

2162 5189 2369 5268 ἀνάγκη
2419 5192 2586 5265 ἡμᾶς,
2650 5191 2693 5245 εί
2749 5188 3156 5268 βουληθείημεν,
3216 5186 3471 5245 εἰσελθεῖν
3527 5183 3647 5242 ἀλλ’
3720 5187 3815 5242 οὒκ

2160 5277 2237 5335 ἔτι
2267 5281 2340 5343 εἰς
2365 5280 2465 5347 τὴν
2494 5280 2720 5347 τοπικὴν
2747 5280 3097 5352 κατάπαυσιν,
3143 5276 3261 5334 ἀλλ’
3320 5279 3390 5343 εἷς
3460 5276 3557 5342 τὴν
3614 5272 3810 5341 ἀληθι-

2159 5368 2256 5436 νὴν
2284 5370 2384 5436 τὴν
2413 5368 2683 5445 βασιλείαν
2736 5372 2842 5422 τῶν
2914 5370 3171 5446 οὐρανῶν,
3233 5367 3292 5423 Εἰ
3343 5366 3443 5445 γὰρ
3502 5364 3589 5420 καὶ
3630 5384 3659 5418 ο
3712 5364 3814 5419 υἱοὶ

2157 5458 2371 5514 ἐκείνων
2440 5456 2677 5526 εἰσῆλθον
2733 5458 2805 5521 εἷς
2866 5456 2965 5523 τὴν
3024 5454 3439 5535 ἐπηγγαλμένην
3483 5452 3609 5531 γῆν,
3674 5450 3815 5509 ἀλλὰ

2157 5547 2244 5603 καὶ
2302 5556 2389 5607 νῦν
2447 5544 2629 5624 ἑτέραν
2685 5544 2839 5624 ὁρίζει
2910 5542 2996 5602 διὰ
3054 5553 3145 5604 106
3235 5542 3404 5600 Am’td
3458 5542 3814 5604 κατάπαυσιν.
