4152 6216
312 353 434 422 313

1398 362 1797 427 COMMENT.
1841 365 1926 428 IN
1968 365 2210 428 EPIST.
2258 367 2360 428 AD
2402 366 2630 429 HEBR.

3581 360 3694 426 314

308 488 463 551 Ἐπεὶ
489 493 542 549 τί
581 493 823 570 βούλεται
882 498 1067 578 αὗτῷςῄ
1117 497 1204 568 τὸ,
1268 497 1518 575 Σήμερον
1561 496 1649 555 ἐὰν
1705 501 1804 566 τῆς
1848 519 1968 578 φω-

2055 513 2308 576 namque
2358 498 2517 559 aliud
2581 497 2690 560 sibi
2745 498 2915 562 vult:
2961 496 3170 560 Hodie
3208 497 3259 559 si
3309 515 3512 559 vocem
3566 497 3698 576 ejus

306 587 410 649 νῆς
454 584 610 639 αὑτοῦ
637 583 899 652 ἀκούσητε
933 604 949 664 ς
989 608 1018 640 α
1053 575 1144 650 Ὠς
1197 584 1384 661 ὤμοσα
1427 585 1482 650 ἐν
1524 591 1590 662 νῇ
1615 587 1748 666 ὀργῇ
1773 575 1896 662 μου.
1934 611 1962 642 ι

311 670 497 729 Καίτοι
557 671 690 740 αὕτη
749 675 1027 754 μαρτυρία,
1076 678 1137 734 οὐ
1190 682 1285 732 τοῦ
1337 677 1486 749 ἡμᾶς
1557 677 1678 739 τοὺς
1745 677 1964 733 πιστεύ-

311 782 508 824 σαντας
565 761 814 820 εἰσελθεῖν
863 766 936 826 εἰς
994 764 1093 831 τὴν
1139 765 1468 820 κατάπαυσιν
1522 772 1615 821 τοῦ
1674 773 1805 823 Θεοῦ
1854 765 1965 821 ἐστι

308 860 642 930 σημαντικὴ,
698 852 836 908 ἀλλὰ
905 861 996 912 τοῦ
1049 852 1280 918 ἐκείνους
1339 857 1417 929 μή
1476 853 1757 916 εἰσελθεῖν.
1817 851 1962 916 Ἀλλ’

309 941 477 1013 αὐτῷ,
541 943 720 1020 φησὶν,
795 947 842 1018 ᾦ
897 942 1092 1000 ἐκεῖνοι
1163 944 1259 1000 οὒκ
1318 946 1559 1011 εἰσῆλθον
1632 945 1775 1012 ἡμᾶς
1856 945 1965 1023 χρὴ

311 1028 594 1092 εἰσελθεῖν.
642 1037 804 1089 Τοῦτο
863 1033 959 1107 μὲν
1019 1033 1107 1089 οὖν
1165 1033 1374 1111 προϊὼν
1417 1032 1560 1110 λέγει
1622 1031 1963 1112 σαφέστερον.

311 1127 416 1177 Νῦν
473 1117 528 1174 δὲ
583 1121 712 1200 πρὸς
786 1122 954 1196 τούτῳ
1025 1125 1113 1178 καὶ
1183 1121 1359 1179 ἐκεῖνο
1430 1120 1567 1178 θέλει
1635 1119 1825 1195 δεῖξαι,
1884 1119 1964 1176 ὅτι

311 1207 492 1286 ὥσπερ
561 1211 595 1274 ἡ
639 1217 730 1266 τοῦ
783 1209 1060 1267 Σαϐϐάτου
1115 1211 1441 1274 κατάπαυσις
1495 1212 1555 1266 οὗ
1614 1209 1806 1266 κωλύει
1877 1211 1965 1266 καὶ

310 1293 486 1363 ἄλλην
544 1296 785 1375 λέγεσθαι
845 1300 1172 1356 κατάπαυσιν
1228 1299 1327 1366 την
1390 1303 1487 1362 τῆς
1559 1297 1965 1376 ἐπηγγελμένης

309 1385 434 1465 γῆς,
511 1385 677 1449 οὕτως
745 1385 859 1444 οὐδὲ
913 1391 947 1456 ἡ
1005 1394 1102 1456 τῆς
1158 1387 1565 1466 ἐπηγγελμένης
1621 1393 1724 1465 γῆς
1774 1387 1962 1446 κωλύει

307 1477 411 1541 τήν
481 1474 746 1550 βασιλείαν
817 1483 924 1533 τῶν
989 1477 1220 1554 οὐρανῶν
1296 1476 1535 1555 λέγεσθαι
1612 1477 1956 1535 κατάπαυσιν.

311 1566 464 1622 Ὀθεν
493 1566 580 1620 καὶ
635 1567 939 1644 προστίθησι
981 1585 993 1597 '
1047 1567 1226 1624 Καίτοι
1284 1572 1390 1623 τῶν
1429 1564 1596 1645 ἔργων
1640 1566 1748 1622 ἀπὸ
1790 1587 1960 1622 κατα-

309 1649 474 1720 ϐολῆς
516 1653 716 1728 κόσμου
745 1655 1042 1732 γενομένων
1085 1654 1136 1720 ἐξ
1193 1659 1268 1711 ὧν
1321 1655 1650 1712 ἀνεπαύσατο
1719 1658 1747 1711 6
1807 1656 1955 1716 Θεός.

308 1742 419 1798 Οὔκ
487 1741 741 1814 ἐκώλυσε,
799 1745 951 1824 φησὶ,
1024 1746 1110 1801 καὶ
1156 1744 1253 1811 τὴν
1315 1749 1418 1822 γῆν
1474 1744 1570 1810 τῆς
1614 1742 1961 1822 ἐπαγγελίας,

307 1833 638 1890 κατάπαυσιν
667 1832 952 1912 λεχθῆναι.
1008 1857 1036 1888 α
1073 1835 1170 1890 Καί
1212 1857 1292 1890 τοι
1347 1841 1452 1890 τῶν
1497 1833 1686 1912 ἔργων,
1739 1856 1766 1886 n
1827 1834 1964 1890 Εἶτα

309 1918 497 1988 ἐπειδὴ
528 1923 652 1977 εἷπε
686 1924 1040 1994 Καταπαυσιν,
1100 1923 1336 2002 (ἐλέγετο
1381 1921 1434 1978 δὲ
1488 1925 1523 1990 ἡ
1591 1929 1685 1978 τοῦ
1742 1918 1956 1977 Σαϐϐά-
1983 1919 2018 1967 Β

309 2031 405 2091 του
459 2011 833 2091 κατάπαυσις,)
891 2015 1049 2077 αὐτὸς
1132 2012 1334 2069 ἐπιλύει
1423 2013 1548 2071 αὐτὸ
1603 2011 1693 2068 καί
1747 2033 1904 2090 φησιν
1939 2027 1953 2042 ·

316 2087 472 2166 ’.Ηδη
524 2105 623 2168 τῆς
666 2087 1046 2166 καταπαύσεως
1089 2105 1194 2158 τῶν
1255 2101 1418 2181 ’ἰργων
1489 2087 1806 2179 γενομένης,
1877 2102 1965 2155 καὶ

313 2189 517 2255 ταύτην
573 2189 732 2246 καλεῖ
787 2191 1136 2272 κατάπαυσιν,
1185 2192 1282 2259 τὴν
1328 2197 1431 2269 γῆν
1471 2194 1570 2259 τῆς
1623 2188 1963 2268 ἐπαγγελίας.

318 2301 348 2331 α
385 2278 487 2336 Καὶ
529 2279 854 2337 κατέπαυσεν
884 2284 912 2338 6
943 2282 1094 2345 Θεός.
1137 2305 1160 2335 n
1211 2300 1240 2341 )
1281 2273 1454 2361 Ὀρᾷς,
1513 2281 1694 2362 φησὶν,
1759 2278 1840 2335 ὅτι
1883 2278 1970 2336 δύο

310 2368 411 2423 εἰσὶ
459 2369 869 2448 καταπαύσεις;
931 2371 1025 2446 μία
1080 2373 1116 2439 ἦ
1181 2376 1278 2438 τῆς
1335 2369 1588 2446 ἑϐδόμης,
1647 2369 1702 2424 ἐν
1835 2391 1969 2425 κατ-

311 2456 543 2512 έπαυσεν
575 2460 602 2513 6
629 2461 760 2522 Θεὸς
803 2459 912 2516 ἀπὸ
945 2463 1050 2516 τῶν
1095 2459 1262 2540 ἔργων
1319 2462 1499 2539 αὐτοὺ,
1545 2460 1632 2515 καὶ
1686 2460 1778 2534 μία
1807 2460 1840 2526 ἡ
1871 2463 1969 2524 τῆς

311 2551 440 2624 γῆς,
474 2548 592 2624 περὶ
620 2549 687 2614 ἧς
709 2570 840 2627 φησι
867 2555 956 2607 νῦν
999 2553 1027 2606 6
1074 2549 1264 2610 Δαυῖδ.
1313 2540 1530 2627 ῃΩσπερ
1574 2548 1686 2621 οὖν,
1719 2549 1902 2627 φησὶν,
1932 2549 1967 2615 ἡ

2049 586 2358 649 audieritis
2378 587 2409 648 ?
2446 609 2475 648 ε
2505 587 2670 651 Sicut
2691 588 2882 668 juravi
2940 589 2999 649 in
3031 587 3119 648 ira
3149 605 3282 649 mea
3319 612 3344 643 »
3380 585 3554 667 Atqui
3585 585 3699 646 hoc

2053 676 2456 738 testimonium
2486 697 2604 739 non
2633 679 2763 757 ejus
2795 687 2883 739 est
2911 675 3364 755 signiﬁcavitum
3404 674 3560 754 quod
3591 691 3700 734 nos

2047 764 2148 844 qui
2181 766 2549 827 credidimus
2606 767 2979 845 ingredimur
3036 766 3094 826 in
3128 765 3396 846 requiem
3428 762 3560 842 Dei,
3593 761 3698 823 sed

2047 853 2201 933 quod
2238 854 2324 914 illi
2356 874 2473 915 non
2505 855 2954 934 ingrediantur:
2984 874 3189 916 verum
3222 873 3292 915 eo
3319 851 3695 934 ipso,inquit,

2051 960 2166 1015 quo
2197 941 2282 1003 illi
2313 961 2430 1003 non
2487 953 2624 1004 sunt
2683 944 2960 1022 ingressi,
3020 950 3251 1020 oportet
3309 959 3414 1002 nos
3443 939 3694 1017 ingredi.

2049 1029 2353 1110 Siquidem
2413 1033 2524 1093 hoc
2580 1033 2636 1092 in
2673 1051 2984 1111 progressu
3038 1031 3182 1093 dicit
3211 1030 3498 1108 apertius.
3532 1027 3701 1090 Nunc

2049 1139 2186 1180 vero
2211 1130 2422 1200 praeter
2451 1123 2560 1182 hoc
2579 1123 2699 1182 vult
2724 1140 2955 1202 quoque
2977 1120 3121 1181 illud
3149 1119 3699 1197 ostendere,quum—

2047 1209 2367 1269 admodum
2428 1210 2669 1272 Sabbati
2732 1201 2971 1290 requies
3030 1229 3144 1269 non
3187 1216 3341 1269 vetat
3373 1208 3544 1269 etiam
3581 1201 3697 1266 dici

2047 1297 2220 1358 aliam
2275 1299 2542 1378 requiem
2610 1299 2918 1379 promissre
2969 1307 3163 1373 terraa,
3201 1307 3349 1355 34!
3394 1297 3476 1358 ita
3504 1313 3696 1375 neque

2049 1387 2286 1466 requies
2319 1388 2622 1467 promissa;
2677 1397 2847 1450 terrae
2903 1397 3054 1449 vetat
3113 1404 3357 1466 regnum
3410 1386 3693 1446 caelorum

2046 1475 2162 1536 dici
2194 1476 2488 1551 requiem.
2524 1475 2692 1538 Unde
2725 1477 2900 1538 etiam
2933 1475 3095 1536 addit
3132 1497 3144 1536 :
3185 1473 3696 1553 Licetoperibusa

2047 1565 2466 1625 constitutione
2498 1566 2702 1626 mundi
2758 1565 3064 1645 perfectis,
3100 1584 3131 1625 a
3161 1564 3374 1644 quibus
3404 1561 3699 1643 requievit

2047 1654 2225 1728 Deus,
2284 1653 2430 1714 nihil
2490 1655 2672 1714 vetuit
2725 1663 2942 1715 terram
3002 1672 3233 1733 quoque
3284 1648 3700 1732 promissionis

2046 1743 2329 1822 appellari
2347 1743 2613 1824 requiem
2629 1795 2640 1806 .
2657 1744 2854 1806 «Licet
2872 1743 3201 1823 operibus.»
3213 1740 3438 1802 Deinde
3453 1740 3699 1820 quiavo-

2048 1842 2278 1892 caverat
2309 1833 2575 1914 requiem
2605 1833 2940 1910 (dicebatur
2956 1841 3150 1892 autem
3177 1829 3413 1893 Sabbati
3439 1828 3693 1908 requies)

2040 1934 2171 1999 ipse
2224 1921 2369 1981 illud
2429 1921 2697 1983 dissolvit
2746 1930 2797 1982 el
2859 1921 2938 1981 ait
2974 1939 2986 1982 :
3021 1924 3148 1980 Jam
3211 1917 3420 1998 requie
3450 1933 3697 1996 operum

2041 2010 2400 2082 facta,etiam
2422 2011 2570 2071 hanc
2593 2019 2760 2071 vocat
2779 2029 2842 2071 re
2855 2009 3308 2090 quiem,terram
3327 2024 3537 2084 nempe
3566 2022 3698 2084 pro-

2049 2099 2493 2162 missionis.cEt
2516 2099 2803 2180 requievit
2829 2103 3046 2161 Deus.»
3077 2097 3279 2170 Vides,
3309 2094 3516 2176 inquit,
3539 2093 3694 2172 quod

2052 2189 2185 2250 dua:
2213 2188 2332 2248 sint
2359 2189 2596 2270 requies
2616 2189 2645 2248 ‘I
2668 2188 2794 2252 Una
2821 2188 2941 2252 diei
2963 2187 3226 2268 septimi,
3249 2187 3308 2248 in
3327 2205 3440 2265 quo
3456 2183 3698 2264 requie-

2053 2277 2132 2338 vit
2158 2277 2314 2339 Deus
2334 2277 2406 2338 ab
2439 2278 2718 2358 operibus
2745 2278 2869 2340 suis
2895 2296 2909 2340 :
2937 2287 2994 2339 et
3014 2296 3130 2337 una
3150 2284 3322 2337 terraa
3347 2273 3696 2354 promissio-

2052 2367 2165 2440 nis,
2201 2368 2275 2428 de
2303 2386 2419 2449 qua
2448 2367 2711 2448 loquitur
2742 2386 2899 2429 nunc
2931 2365 3244 2430 David.Ait
3273 2379 3446 2440 ergo:
3474 2361 3695 2435 Quem-

2052 2456 2370 2518 admodum
2406 2459 2590 2536 prima
2621 2457 2866 2538 requies
2897 2475 3016 2518 non
3061 2453 3244 2516 vetuit.
3271 2453 3414 2534 quin
3437 2452 3698 2513 secunda

2054 2554 2361 2608 vocaretur
2389 2547 2631 2627 requies
2664 2566 2677 2610 :
2715 2551 2791 2609 ita
2819 2564 3013 2628 neque
3035 2542 3300 2607 secunda
3323 2541 3540 2602 vetabit
3572 2548 3696 2628 ter-

309 2634 502 2712 πρώτη
545 2637 871 2703 κατάπαυσις
923 2638 1018 2694 οὐκ
1073 2638 1308 2697 ἐκώλυσε
1377 2637 1614 2717 δευτέραν
1683 2637 1962 2695 κατάπαυ-

2053 2635 2214 2714 tiam,
2247 2653 2462 2716 nempe
2479 2654 2724 2715 regnum
2751 2627 3064 2698 caelorum.
3088 2632 3224 2695 Haec
3247 2639 3442 2693 autem
3467 2627 3695 2709 astruit,

311 2748 397 2782 σιν
449 2727 836 2803 ὀνομασθῆναι,
909 2730 1076 2794 οὕτως
1145 2729 1260 2788 οὐδὲ
1335 2732 1370 2798 ἡ
1460 2729 1670 2806 δευτέρα
1737 2727 1962 2785 κωλύσει

2053 2724 2180 2804 quia
2194 2724 2456 2785 dicturus
2469 2734 2678 2786 estnos
2697 2723 3110 2805 posseingredi
3132 2721 3192 2783 in
3206 2724 3472 2801 requiem
3487 2717 3693 2800 ipsius.

311 2814 414 2881 τὴν
442 2816 624 2895 τρίτην
653 2818 922 2894 βασιλείαν
979 2827 1084 2877 τῶν
1142 2820 1396 2896 οὐρανῶν.
1470 2829 1642 2879 Ταῦτα
1684 2817 1738 2874 δὲ
1789 2839 1959 2873 κατα·

2053 2832 2118 2874 ne
2137 2813 2372 2874 audiat:
2401 2813 2572 2893 Atqui
2610 2813 2697 2875 illi
2736 2822 2872 2875 sunt
2895 2811 3150 2890 ingressi
3178 2829 3191 2873 τ
3223 2817 3281 2871 et
3298 2808 3532 2870 tandem
3555 2806 3700 2868 dicit

315 2904 555 2974 σκευάζει
586 2921 602 2935 ⁸
649 2906 730 2962 ὃτι
788 2906 970 2983 μέλλει
999 2907 1172 2986 λέγειν
1207 2895 1228 2940 γ’
1295 2901 1505 2984 Ἠμετς,
1549 2910 1728 2989 φησὶν,
1765 2906 1962 2986 ἔχομεν

2053 2903 2218 2964 aliam
2258 2921 2387 2964 esse
2445 2903 2736 2984 requiem.
2793 2902 2917 2973 Est,
2973 2899 3195 2989 inquit,
3221 2898 3395 2989 tertia
3435 2895 3696 2989 requies,

313 2993 574 3050 εισελθεῐν
605 2997 678 3057 εἰς
719 2997 818 3063 τὴν
849 2999 1182 3056 κατάπαυσεν
1238 3001 1417 3076 αὕτοῦ,
1464 2997 1554 3052 ’ἕνα
1613 2997 1690 3071 μὴ
1735 2995 1960 3073 ἀκούσῃ,

2053 3010 2264 3072 nempe
2312 3011 2561 3071 regnum
2613 2993 2922 3054 caelorum.
2985 2990 3057 3051 Et
3116 2987 3340 3049 ibidem
3363 3004 3603 3076 rursus,
3637 2983 3698 3046 Si

316 3083 527 3141 Καίτοι
559 3083 796 3151 εἰσῆλθον
821 3086 1038 3158 ἐκεῖνοι,
1075 3090 1162 3144 καὶ
1189 3087 1341 3152 τέλος
1388 3086 1504 3167 ἔχει
1555 3088 1614 3142 τὸ
1660 3089 1802 3142 εἴναι
1860 3081 1961 3139 ἄλ-

2053 3078 2381 3139 introibunt
2431 3080 2488 3140 in
2556 3081 2828 3160 requiem
2883 3097 3098 3141 meam.
3153 3077 3310 3167 Ecce
3360 3073 3538 3167 igitur
3567 3073 3699 3167 duae

313 3171 418 3239 λην
477 3173 824 3236 κατάπαυσιν,
904 3165 1087 3252 ”Εστι,
1165 3179 1316 3256 φησὶ,
1399 3161 1548 3255 τρίτη
1633 3177 1668 3243 ἡ
1729 3171 1965 3250 βασιλεία

2053 3169 2538 3250 requies,inquit,
2575 3189 2690 3230 una
2722 3169 2961 3249 quidem
2987 3186 3101 3248 qua
3128 3163 3415 3256 requievit
3445 3162 3601 3256 Deus
3621 3161 3698 3256 ab

316 3263 425 3316 τῶν
482 3265 734 3342 οὐρανῶν.
805 3267 902 3324 Καὶ
961 3266 1016 3321 ἐν
1097 3248 1267 3339 τούτῳ
1333 3264 1516 3339 πάλιν,
1604 3266 1661 3322 Εἰ
1732 3261 1964 3318 εἰσελεύ-

2053 3256 2354 3337 operibus,
2409 3248 2601 3319 altera
2653 3248 2792 3319 vero
2845 3257 2918 3318 de
2983 3275 3101 3337 qua
3159 3254 3309 3316 dixit
3367 3250 3546 3314 David
3585 3268 3598 3313 :
3634 3248 3697 3312 Si

317 3373 502 3408 σονται
567 3354 640 3415 εἰς
696 3353 798 3421 τὴν
847 3355 1170 3412 κατάπαυσίν
1233 3379 1356 3432 μου,
1435 3353 1565 3411 ’ἰδοὺ
1626 3353 1734 3420 οὖν,
1810 3353 1958 3431 φησὶ,

2053 3345 2377 3407 introibant
2407 3346 2467 3407 in
2497 3347 2766 3426 requiem
2801 3365 3012 3407 meam.
3486 3429 3496 3438 _
3681 3422 3694 3438 ’

317 3438 408 3496 δύο
437 3442 812 3505 καταπαύσεις.
859 3443 965 3500 Μία
995 3445 1091 3520 μὲν
1122 3443 1242 3500 ἔνθα
1282 3443 1610 3500 κατέπαυσεν
1641 3445 1668 3498 6
1701 3442 1828 3504 Θεὸς
1860 3439 1964 3495 ἀπὸ
1993 3441 2098 3492 τῶν
2131 3435 2316 3514 ἔργων,
2367 3437 2515 3515 ἑτέρα
2572 3435 2626 3491 δὲ
2667 3439 2701 3504 ἡ
2733 3436 2838 3491 ἀπὸ
2894 3441 2984 3491 τοῦ
3072 3431 3235 3492 Δαυΐδ
3317 3429 3594 3508 εἰρημένη,
3642 3429 3698 3485 Εἰ

320 3530 703 3590 εἰσελεύσονται
735 3535 809 3596 εἰς
851 3534 948 3601 τὴν
979 3535 1301 3592 κατάπαυσίν
1345 3557 1468 3610 μου.

411 3640 436 3674 ι
485 3617 634 3677 Ἐπεὶ
664 3621 753 3677 οὖν
781 3622 1122 3680 ἀπολείπεταί
1175 3647 1319 3688 τινας
1365 3623 1619 3681 εἰσελθεῖν
1674 3625 1748 3688 εἰς
1777 3622 1964 3700 αὒτὴν,

2132 3612 2228 3695 IV,
2250 3615 2426 3676 5-10.
2462 3615 2865 3693 Posteaquam
2879 3613 3071 3692 igitur
3091 3611 3248 3673 ξιιαά
3267 3607 3568 3687 reliquum
3587 3613 3694 3680 est,

321 3710 410 3765 καὶ
439 3711 489 3764 οἱ
517 3709 772 3789 πρότερον
826 3713 1274 3791 εὐαγγελισθέντες
1315 3719 1406 3773 οὒκ
1438 3712 1676 3780 εἰσῆλθον
1707 3710 1772 3768 δι’
1816 3712 1970 3768 ﬁti-

321 3802 491 3873 θειαν,
543 3799 703 3855 πάλιν
771 3802 888 3858 τινὰ
942 3803 1095 3880 ὁρίζει
1138 3802 1341 3882 ἡμέραν
1402 3803 1634 3880 σήμερον
1691 3800 1744 3856 ἐν
1807 3799 1972 3860 Δαυῖδ

322 3886 498 3966 λέγων
543 3889 678 3962 μετὰ
722 3897 972 3946 αοσοῦτον
1003 3891 1221 3971 χρόνον,
1255 3893 1430 3956 καθὼς
1459 3890 1693 3971 εἴρηται,
1727 3891 1970 3967 Σήμερον

323 3977 414 4033 ἐὰν
455 3982 554 4044 τῆς
613 3983 792 4056 φωνῆς
842 3983 997 4038 αὐτοῦ
1052 3980 1333 4061 ἀκούσητε,
1378 3981 1455 4055 μὴ
1501 3980 1830 4059 σκληρύνητε
1875 3979 1968 4042 τὰς

323 4065 535 4144 καρδίας
777 4070 834 4124 Εἰ
889 4069 989 4146 γὰρ
1040 4068 1226 4133 αὖτοὺς
1259 4067 1462 4137 Ἰησοῦς
1491 4070 1836 4135 κατέπαυσεν,
1877 4071 1970 4127 οὐκ

323 4153 387 4208 ἃν
443 4155 561 4231 περί
617 4153 784 4222 ἄλλης
854 4155 1031 4212 ἐλάλει
1091 4158 1234 4234 ματα
1289 4159 1454 4215 ταῦτα
1522 4157 1750 4236 ἡμέρας.
1823 4147 1970 4236 ’Ἄρα

321 4241 663 4299 ἀπολείπεται
718 4241 1076 4320 σαϐϐατισμὸς
1136 4255 1214 4322 τῷ
1260 4247 1374 4322 λαῷ
1430 4255 1522 4305 τοῦ
1581 4254 1732 4307 Θεοῦ.
1783 4238 1840 4304 t0
1869 4247 1968 4324 γὰρ

2052 3702 2284 3782 aliquos
2306 3704 2566 3765 introire
2586 3704 2650 3764 in
2673 3711 2896 3776 eam,et
2910 3700 3132 3782 quibus
3143 3701 3322 3780 prius
3333 3701 3450 3773 [ait
3461 3713 3702 3758 annun-

2053 3798 2268 3854 tiatum
2287 3810 2403 3853 non
2419 3793 2792 3854 introierunt
2803 3798 3051 3872 propter
3063 3787 3545 3851 incredulitatem
3555 3802 3703 3851 ,ναν-

2051 3899 2182 3942 sum
2208 3880 2523 3961 quemdam
2532 3881 2798 3960 prae/init
2821 3880 2981 3942 diem
3003 3879 3252 3942 hodiein
3270 3876 3471 3938 David
3481 3875 3704 3946 ,dicens

2044 3976 2182 4050 post
2209 3977 2449 4033 tantum
2474 3976 2781 4050 temporis,
2811 3967 3310 4051 quemadmodum
3332 3963 3563 4027 dictum
3593 3969 3701 4051 est:

2050 4058 2246 4122 Hodie
2263 4065 2319 4122 si
2334 4077 2535 4122 vocem
2575 4061 2702 4141 ejus
2729 4050 3170 4134 audieritis,ne
3191 4054 3496 4118 obduretis
3519 4050 3710 4114 corda

2050 4147 2494 4212 vestra.Namsi
2503 4155 2588 4208 eis
2603 4152 2775 4211 Iesus
2789 4153 3061 4229 requiem
3077 4146 3712 4227 prmstitissetmequa-

2056 4254 2238 4315 quam
2260 4237 2334 4299 de
2357 4237 2485 4299 alio
2503 4239 2749 4314 posthac
2768 4239 2870 4300 die
2887 4237 3120 4299 locutus
3138 4235 3353 4314 fuisset
3363 4233 3586 4309 .Itnque
3608 4246 3709 4292 re-

320 4330 572 4388 εἰσελθῶν
601 4335 674 4396 εἰς
716 4335 816 4399 τὴν
869 4334 1199 4391 κατάπαυσιν
1257 4339 1440 4407 αὐτοῦ,
1501 4337 1588 4393 καὶ
1631 4335 1756 4391 αὐτὸ
1811 4335 1968 4392 κατέ-

2057 4325 2364 4406 Iinquitur
2378 4327 3024 4407 sabbatismuspopulo
3040 4325 3339 4387 Dei.Nam
3353 4323 3456 4401 qui
3474 4322 3708 4399 ingres-

1994 4384 2041 4434 D

317 4441 516 4477 παυσεν
560 4421 666 4477 ἀπὸ
695 4427 800 4477 τῶν
829 4419 998 4501 ἔργων
1029 4427 1210 4498 αὐτοῦ,
1243 4426 1423 4503 ὥσπερ
1452 4423 1558 4480 ἀπὸ
1601 4429 1706 4478 τῶν
1749 4421 1888 4480 ἰδίων
1946 4426 1968 4479 6

2057 4433 2159 4476 sus
2180 4422 2265 4476 est
2287 4417 2353 4476 in
2401 4418 2669 4496 requiem
2696 4416 2884 4491 illius,
2909 4422 2961 4476 et
2997 4416 3123 4494 ipse
3147 4410 3442 4503 requievit
3464 4409 3539 4470 ab
3570 4424 3707 4486 ope-

318 4511 478 4574 Θεός.
514 4533 544 4565 ι

403 4596 554 4656 Ἐπεὶ
583 4599 672 4657 οὖν
723 4599 990 4677 ὀφείλουσί
1043 4621 1182 4662 τινες
1226 4601 1437 4663 πάντως
1495 4599 1750 4658 εἰσελθεῖν
1822 4599 1972 4658 ἐκεῖ·

316 4710 398 4743 νοι
441 4685 498 4742 δὲ
529 4689 624 4745 οὐκ
666 4687 906 4754 εἰσῆλθον
955 4691 1028 4752 εἰς
1085 4688 1184 4757 τήν
1240 4694 1339 4756 τῆς
1397 4689 1804 4768 ἐπηγγελμένης
1873 4697 1975 4769 γῆς

314 4776 670 4856 κατάπαοσιν,
729 4777 886 4834 πάλιν
970 4777 1139 4844 ἄλλην
1217 4777 1397 4856 τρίτην
1479 4779 1633 4856 ὁρίζει
1703 4779 1979 4835 κατάπαυ-

314 4886 398 4919 σιν
435 4881 450 4896 ⁸
544 4853 694 4942 Ἵνα,
768 4867 918 4944 φησὶ,
1007 4868 1095 4922 καὶ
1169 4853 1262 4930 εἰς⁷
1312 4867 1476 4933 αἰτην
1511 4853 1814 4922 ἐίσέλθωσί
1891 4888 1978 4922 τι-

315 4973 425 5015 νες.
501 4952 574 5009 Οὐ
629 4953 729 5030 γὰρ
781 4953 843 5009 ἂν
899 4957 944 5010 εἰ
1001 4955 1077 5030 μὴ
1134 4956 1316 5033 τρίτην
1372 4959 1499 5034 εἱχε
1569 4955 1896 5012 κατάπαυσιν
1951 4958 1978 5011 6

315 5042 471 5115 Θεὸς,
504 5040 718 5116 ἔμελλε,
779 5045 932 5122 φησὶ,
979 5043 1152 5121 λέγειν
1187 5063 1204 5079 ο
1253 5045 1498 5120 Σήμερον
1554 5043 1642 5100 ἐὰν
1702 5045 1802 5110 τῆς
1857 5066 1976 5124 φω-

318 5135 417 5197 νῆς
487 5130 646 5187 αὐτοῦ
698 5131 982 5209 ἀκούσητε,
1068 5135 1146 5208 μὴ
1225 5131 1556 5210 σκληρύνητε
1614 5133 1708 5196 τὰς
1766 5130 1976 5211 καρδίας

318 5221 492 5298 ὑμῶν,
542 5221 615 5282 ὥς
673 5221 886 5283 πάντως
941 5222 1102 5289 οὔσης
1153 5223 1559 5291 καταπαύσεως,
1623 5223 1684 5276 οὗ
1739 5219 1822 5277 δεῖ
1875 5223 1978 5278 εἰσ-

314 5308 491 5366 ελθεῖν
562 5309 684 5373 τοὺς
743 5311 822 5384 μὴ
884 5308 1271 5388 σκληρύνοντας
1341 5310 1435 5373 τάς
1491 5305 1705 5387 καρδίας
1779 5311 1970 5370 αὖτῶν,

315 5394 470 5454 Ἐπεί
498 5419 580 5453 τοι
610 5418 672 5476 γε
730 5397 1006 5476 ἀνωφελὴς
1065 5397 1126 5453 ἂν
1184 5397 1250 5464 ἧν
1293 5399 1327 5464 ἡ
1385 5397 1620 5468 ὑπακοὴ,
1683 5397 1761 5470 μὴ
1817 5395 1974 5462 οὔσης

315 5486 728 5549 καταπαύσεως.
803 5485 948 5553 Μηδὲ
1025 5485 1184 5552 οὔσης
1242 5485 1586 5561 ἀντιμισθίας.
1642 5482 1800 5548 Εἶδες
1856 5484 1970 5548 πῶς

314 5575 720 5654 κατεσκεύασας
819 5577 908 5641 Μὴ
962 5575 1316 5654 σκληρύνητε,
1375 5574 1490 5654 ἵνα,
1550 5575 1733 5652 φησὶν,
1795 5571 1967 5630 εἰσέλο

313 5665 445 5731 θητε
491 5664 566 5728 εἰς
601 5664 700 5731 τὴν
749 5663 1100 5728 διατύπωσιν.
1144 5655 1201 5723 Ὀ
1257 5664 1356 5742 γὰρ
1399 5664 1582 5740 εἰπὼν,
1633 5661 1714 5719 ὅτι
1772 5662 1970 5720 ἐκεῖνοι

2057 4503 2230 4566 ribus
2256 4506 2404 4584 suis,
2441 4505 2943 4585 quemadmodum
2967 4525 3004 4563 a
3023 4505 3151 4565 suis
3179 4501 3362 4562 Deus.

2141 4601 2301 4652 842
2337 4582 2625 4666 Quoniam
2660 4594 2838 4673 igitur
2865 4593 3043 4672 aliqui
3091 4588 3333 4651 omnino
3365 4583 3586 4647 debent
3607 4582 3704 4644 in-

2058 4681 2343 4761 gredi,illi
2363 4691 2558 4744 autem
2577 4681 2832 4762 ingressi
2863 4701 2981 4742 non
2995 4691 3126 4741 sunt
3142 4679 3200 4739 in
3217 4675 3521 4756 promissa;
3537 4680 3707 4762 term

2062 4760 2355 4850 requiem,
2387 4771 2562 4832 aliam
2617 4760 2852 4833 rursum
2905 4769 3112 4831 deﬁnit
3147 4764 3377 4827 tertiam
3412 4760 3702 4850 requiem,

2065 4867 2125 4920 ut
2151 4849 2212 4919 in
2238 4859 2449 4938 ipsam,
2481 4860 2698 4940 inquit,
2721 4860 2900 4922 etiam
2926 4857 3110 4939 aliqui
3141 4849 3708 4929 ingrediantur.Nisi

2063 4947 2221 5007 enim
2253 4946 2410 5009 Deus
2441 4948 2670 5012 tertiam
2706 4947 2954 5009 haberet
3001 4943 3301 5024 requiem,
3335 4957 3704 5020 nequaquam

2060 5035 2331 5096 dicturus
2361 5047 2486 5097 erat
2516 5055 2529 5099 :
2562 5035 2757 5099 Hodie
2784 5035 2833 5096 si
2874 5053 3078 5096 vocem
3107 5033 3238 5111 ejus
3269 5027 3596 5101 audieritis,
3634 5044 3708 5086 ne

2060 5122 2370 5185 obduretis
2394 5125 2574 5185 corda
2606 5132 2798 5185 vestra
2834 5141 2847 5184 :
2901 5125 2978 5183 ita
3011 5128 3074 5185 ut
3104 5118 3347 5181 omnino
3379 5116 3453 5177 sit
3475 5114 3711 5196 requies

2060 5212 2118 5272 in
2176 5231 2350 5292 quam
2385 5221 2658 5293 0portcat
2718 5231 2819 5274 eos
2852 5211 3108 5288 ingredi,
3139 5208 3236 5288 qui
3268 5226 3382 5268 non
3417 5204 3709 5266 obdurant

2058 5301 2238 5362 corda
2267 5319 2395 5364 sua.
2458 5301 2948 5381 Quandoquidem
3007 5298 3232 5360 inutilis
3275 5295 3520 5357 omnino
3553 5300 3709 5355 esset

2057 5389 2421 5460 obedientia,
2458 5391 2507 5451 si
2539 5409 2656 5450 non
2681 5390 3094 5470 essetrequies
3127 5405 3316 5467 neque
3349 5401 3706 5446 remunera-

2054 5479 2153 5542 tio.
2193 5476 2401 5539 Vidisti
2427 5480 2723 5560 quomodo
2755 5475 3249 5541 conﬁrmaverit?
3279 5473 3364 5538 Ne
3396 5472 3706 5536 obduretis

2053 5575 2116 5628 ut
2148 5567 2591 5648 ingrediamini,
2619 5567 2831 5648 inquit,
2855 5569 2914 5629 in
2947 5565 3240 5647 requiem.
3274 5563 3584 5640 Siquidem
3607 5561 3705 5622 di-

2051 5655 2244 5721 cendo
2274 5657 2432 5738 quod
2462 5657 2563 5739 qui
2623 5657 2992 5721 obdurarunt
3050 5673 3170 5718 non
3195 5663 3330 5718 sunt
3361 5651 3612 5736 ingressi
3646 5652 3708 5713 in
