4152 6216
334 287 459 353 317
1427 294 1820 357 COMMENT.
1870 293 1953 355 IN

2081 292 2237 353 'IST.
2286 290 2384 355 AD
2406 295 2657 357 ~HEBR.
3604 292 3720 357 318

338 429 423 498 τῷ
449 426 592 500 αῦτῷ
631 440 750 491 τοῒς
792 424 1170 507 Ἰσραηλίταις,
1239 417 1454 507 υΩσπερ
1494 428 1594 506 γὰρ
1637 429 1801 504 οῦτοι,
1836 429 1986 509 φησὶ,

2081 424 2263 505 plum.
2300 449 2327 482 ι
2363 427 2480 489 Per
2507 425 2690 502 idem,
2716 446 2851 491 cum
2872 427 3182 492 Israelitis.
3204 425 3717 501 Quemadmodum

339 514 408 569 τὸ
477 512 638 570 πλέον
706 514 988 583 ἀνύσαντες
1055 520 1152 584 τῆς
1217 516 1272 574 ἐν
1326 522 1395 594 τῇ
1467 515 1651 596 ἐρήμῳ
1706 514 1845 597 ὁδοῦ,
1907 523 1993 574 τοῦ

2081 513 2238 576 enim
2262 514 2326 577 hi
2346 534 2481 578 cum
2507 517 2794 597 majorem
2815 519 2919 580 viae
2934 527 3158 600 partem
3182 517 3244 580 in
3272 535 3472 581 eremo
3494 516 3725 578 emensi

342 602 544 666 παντὸς
580 601 824 669 ἐξέπεσον
877 602 963 661 διὰ
1014 605 1112 672 τὴν
1156 604 1428 685 ἀπιστίαν,
1487 606 1564 681 μή
1607 626 1688 669 τις
1745 602 1795 671 ἐξ
1824 606 1993 681 ὑμῶν,

2081 611 2301 680 essent,
2336 603 2410 666 ab
2434 608 2596 668 omni
2616 607 2931 669 commodo
2953 607 3295 670 exciderant
3311 623 3419 687 per
3436 603 3722 666 incredu-

343 695 500 775 φησὶ,
533 702 609 770 τῷ
651 694 760 771 ἴσῳ
800 696 981 777 τρόπῳ
1007 699 1095 758 καὶ
1136 696 1496 776 δποδείγματι,
1544 697 1680 773 μετὰ
1718 700 1993 761 τοσούτους

2081 690 2327 768 litatem,
2359 696 2501 757 344
2544 715 2621 760 ne
2677 698 2811 778 quis
2860 717 2931 761 ex
2968 696 3133 760 vobis
3186 695 3397 778 aequali
3429 693 3602 755 modo
3632 695 3725 755 vel

342 789 437 847 οῦς
465 783 743 860 ὑπέμεινεν
772 785 1005 867 ἀγῶνας,
1047 784 1212 864 πέσῃ,
1244 787 1323 863 μὴ
1375 784 1503 866 ἄχρι
1532 785 1715 852 τέλους
1745 785 1993 867 ἀνδρισά-

2081 784 2350 864 exemplo
2375 798 2506 866 post
2523 792 2682 847 tanta
2702 806 2832 868 quae
2854 786 3093 866 pertulit
3109 785 3433 849 certamina
3447 782 3721 845 concidat

347 895 537 948 μενος,
576 896 605 930 α
639 879 752 931 Ζῶν
780 875 879 955 γὰρ
909 878 936 932 ὁ
965 874 1124 954 λόγος
1153 883 1244 934 τοῦ
1276 883 1429 937 Θεοῦ.
1466 896 1495 936 ι
1532 876 1797 937 Δεικνυσιν
1826 876 1993 954 ἠρέμα

2081 888 2197 931 non
2228 889 2409 951 agens
2439 892 2626 955 usque
2658 876 2730 936 ad
2790 877 2969 937 linem
3030 875 3299 937 viriliter.
3339 897 3362 932 ι
3388 872 3608 936 Vivens
3631 879 3723 933 est

343 964 436 1020 καὶ
480 963 548 1020 τὰ
588 963 726 1020 κατᾶ
767 966 858 1021 τὸν
902 962 1116 1044 Ἰσραὴλ
1144 967 1236 1023 τὸν
1266 968 1491 1046 Χριστὸν
1519 966 1879 1046 πεποιηκότα,
1907 967 1993 1023 οὒκ

2081 959 2239 1021 enim
2296 980 2492 1026 sermo
2549 964 2680 1028 Dei.
2721 988 2744 1023 ο
2778 964 3049 1029 Ostendit
3095 965 3319 1028 sensim
3368 981 3437 1024 ea
3483 978 3719 1042 quoque

342 1050 532 1136 ᾇλλον,
579 1059 690 1111 Ζῶν
749 1054 850 1135 γάρ
903 1053 1038 1135 ἐστι,
1093 1059 1255 1135 φησί,
1302 1057 1388 1112 καὶ
1429 1058 1644 1128 ζήσεται
1688 1058 1762 1120 εἰς
1805 1057 1991 1114 αἰῶνα.

2081 1048 2373 1113 Christum
2405 1062 2463 1114 et
2487 1071 2605 1115 non
2638 1054 2815 1115 alium
2859 1064 3162 1136 operatum
3191 1053 3373 1115 fuisse
3402 1069 3533 1132 quae
3562 1050 3723 1111 circa

345 1129 475 1199 ιἸνα
502 1140 556 1197 δὲ
593 1144 672 1218 μὴ
704 1129 990 1219 νομίσωσιν
1023 1129 1393 1208 ’ἐκπίπτοντες
1450 1146 1538 1202 καὶ
1594 1145 1993 1225 παροργίζοντες

2081 1136 2230 1199 ﬁlios
2260 1138 2438 1203 Israel
2496 1129 2915 1222 contigerunt:
2951 1143 3092 1205 Nam
3127 1143 3327 1205 vivens
3358 1129 3465 1213 est,
3500 1139 3713 1219 inquit,

341 1231 435 1287 τὸν
509 1232 756 1309 Χριστὸν,
824 1238 927 1311 γῆς
989 1233 1381 1313 ἀποτυγχάνειν
1449 1234 1626 1314 ὥσπερ
1683 1238 1730 1291 οἱ
1802 1233 1989 1307 πάλαι,

2081 1234 2135 1289 et
2164 1227 2324 1291 vivet
2343 1230 2404 1292 in
2432 1233 2769 1295 saecula.Ne
2790 1242 2986 1295 autem
3012 1233 3350 1296 existiment
3369 1230 3718 1309 delinquen-

342 1317 701 1399 φοϐερώτερον
743 1335 977 1379 ποιεῖται
1032 1324 1095 1379 τὸ
1151 1323 1392 1401 πράγμα.
1457 1347 1480 1378 α
1545 1325 1643 1381 Καὶ
1693 1323 1992 1401 τομώτερος

2081 1322 2186 1392 tes,
2223 1326 2282 1378 et
2311 1319 2610 1382 irritantes
2668 1319 2988 1396 Christum,
3039 1331 3197 1384 terra
3227 1322 3418 1381 solum
3446 1314 3718 1379 frustrari

339 1406 473 1487 ῦπὲρ
518 1414 694 1465 πᾶσαν
748 1410 1022 1491 μάχαιραν
1075 1408 1341 1487 δίστομον,
1413 1436 1441 1467 ι
1507 1403 1631 1470 υινα
1687 1412 1766 1487 μὴ
1837 1411 1993 1489 λόγον

2081 1407 2577 1485 quemadmodum
2638 1418 2891 1491 veteres,
2925 1411 3253 1474 terribilius
3278 1408 3443 1471 addit
3472 1408 3713 1469 factum.

344 1495 689 1572 ἀκούσαντες,
761 1497 926 1573 μηδὲν
1023 1498 1243 1580 φοϐερὸν
1333 1503 1754 1581 ὑποπτεύσωσιν,
1838 1498 1993 1565 ἐπεξ-

2084 1517 2111 1549 α
2144 1495 2220 1556 Et
2247 1499 2674 1577 penetrabilior
2702 1500 2908 1579 quovis
2939 1502 3131 1581 gladio
3159 1498 3435 1579 utrinque
3459 1493 3723 1558 inciden-

343 1598 563 1664 ηγεῒται
592 1588 655 1644 τὸ
686 1587 980 1668 εἰρημένον,
1012 1593 1116 1646 τῶν
1166 1590 1291 1671 παρ’
1338 1592 1472 1667 ἡμῖν
1528 1589 1727 1658 δεηθεὶς
1778 1587 1992 1647 ὑποδει-

2081 1590 2158 1646 te.
2195 1610 2221 1641 ι
2258 1584 2461 1668 111(ιυὶ
2489 1607 2827 1650 sermonem
2858 1609 2976 1652 non
3026 1588 3365 1669 audiebant,
3398 1581 3723 1648 terribilius

343 1675 590 1763 γμάτων.
623 1678 697 1734 οὐ
736 1677 837 1757 γὰρ
893 1676 1067 1744 ἄλλως
1107 1678 1175 1748 ἦν
1221 1682 1516 1758 γνωσθῆναι
1549 1681 1609 1735 τὸ
1652 1678 1940 1757 λεγόμενον
1978 1759 1986 1763 _

2081 1672 2300 1763 aliquid
2360 1676 2770 1757 formidarent,
2827 1681 3107 1762 exprimit
3156 1679 3313 1760 quod
3346 1677 3571 1738 dictum
3605 1678 3715 1763 est,

345 1756 512 1841 ’Υπὲρ
579 1771 778 1846 πᾶσαν,
812 1756 815 1757 ν
848 1768 997 1847 φησὶ,
1084 1756 1356 1848 μάχαιραν
1434 1756 1737 1843 δίστομον,
1779 1788 1804 1823 0
1897 1759 1993 1825 Καὶ

2081 1761 2360 1851 adaptans
2388 1771 2658 1848 exempla
2682 1756 2813 1851 qua:
2833 1756 2985 1851 apud
3006 1789 3113 1831 nos
3134 1756 3272 1830 sunt
3297 1787 3311 1827 :
3338 1782 3531 1846 neque
3554 1760 3715 1851 enim

272 1906 273 1909 η
344 1851 706 1940 διικνούμενος
751 1856 879 1936 ἄχρι
952 1864 1211 1935 μερισμοῦ
1263 1862 1447 1937 ψυχῆς
1504 1879 1560 1913 τε
1603 1859 1691 1914 καὶ
1753 1858 1993 1933 πνεύμα-

2081 1850 2190 1912 alio
2251 1854 2425 1915 modo
2485 1849 2989 1938 posset—intelligi
3041 1858 3196 1940 quod
3226 1856 3464 1927 dicitur,
3499 1849 3715 1924 Quovis

344 1963 462 2005 τος.
517 1965 546 1996 ι
601 1933 657 2000 Ὀ
715 1943 769 2000 ἐν
791 1933 995 2023 Ἶᾶγίοις
1024 1933 1298 2025 ἠΚύριλλος
1337 1933 1404 2003 ἐν
1461 1946 1745 2027 προσφόρῳ
1812 1947 1993 2028 χωρίῳ

2081 1940 2267 2017 gladio
2300 1933 2579 2025 utrinque
2610 1933 2960 2012 incidente:
2989 1974 3016 2005 α
3051 1933 3133 2012 Ac
3162 1945 3503 2027 pertingens
3530 1955 3720 2019 υείιιιθ

346 2031 436 2086 καὶ
480 2030 646 2094 οὕτως
702 2029 909 2098 ἐδέξατο
967 2035 1051 2107 τῦ,
1119 2036 1494 2112 Διικνούμενος
1551 2032 1679 2116 ἄχρι
1736 2035 1994 2116 μερισμοῦ

345 2124 533 2200 ψυχῆς
575 2142 634 2177 τε
675 2122 763 2177 καὶ
805 2123 1103 2199 πνεύματος
1137 2143 1154 2161 ·
1207 2125 1278 2182 Τὸ
1306 2127 1425 2204 περὶ
1453 2132 1546 2182 τοῦ
1574 2132 1705 2183 Θεοῦ
1746 2128 1993 2205 κήρυγμα

343 2208 563 2310 διαιρεῖ,
608 2213 759 2290 φησὶ,
803 2213 904 2310 καὶ·
951 2214 1145 2293 μερίζει
1187 2214 1253 2310 τα
1280 2220 1381 2282 τῆς
1438 2216 1623 2310 ψυχῆς
1681 2215 1841 2310 μέρη,
1902 2212 1992 2310 δε-

344 2301 538 2367 κτικὴν
590 2307 754 2358 ποιῶν
823 2302 911 2357 καὶ
966 2302 1280 2382 χωρητικῆν
1334 2308 1441 2359 τῶν
1497 2303 1855 2380 ἀκουομένων.
1937 2301 1992 2361 Ἠ

344 2387 425 2445 ὅτι
456 2390 546 2446 καὶ
575 2389 745 2447 ανῖιτῶν
772 2394 1124 2473 καθικνεῖται,
1166 2393 1316 2473 φησὶ,
1376 2399 1482 2449 τῶν
1538 2393 1863 2473 ἀσωμάτων,
1907 2389 1994 2450 καὶ

346 2479 534 2560 ψυχὴν
575 2477 815 2551 κολάζει.
862 2487 953 2563 ’,Η
1011 2480 1091 2537 ὅτι
1150 2483 1408 2562 μερισμὸν
1464 2482 1737 2563 ἐργάζεται
1808 2488 1993 2563 ψυχῆς

344 2558 463 2625 καί*
486 2569 808 2645 πνεύματος.
860 2558 938 2628 υΟ
995 2569 1105 2627 ἐστι
1162 2558 1403 2651 φοϐερόν.
1458 2558 1547 2617 4⁷
1577 2558 1831 2637 ”Αλλως.ν
1886 2558 1996 2649 r01-

347 2659 787 2736 KOI’MENIOI‘.]
821 2668 931 2727 Τὴν
973 2659 1026 2716 ἐν
1057 2672 1173 2725 τοτς
1206 2660 1547 2741 Εὖαγγελίοις
1606 2659 1995 2739 ἂπειλουμένην

347 2744 664 2827 διχοτομίαν
723 2751 772 2805 οἰ
841 2748 1068 2830 Πατέρες
1139 2749 1418 2831 ἐξέδωκαν,
1490 2751 1589 2820 τὴν
1644 2750 1847 2808 τελείαν
1901 2757 1995 2808 τοῦ

349 2836 500 2915 ἁγίου
569 2837 872 2912 Πνεύματος
945 2838 1343 2918 ἐματάλειψιν.
1421 2833 1682 2919 Ἠγοῦμαι
1761 2839 1851 2897 οῦν
1907 2850 1994 2899 νῦν

347 2933 503 2984 τοῦτο
572 2926 832 3005 εἰρῆσθαι,
892 2925 974 2982 ὅτι
1034 2929 1313 3007 χωρισμὸν
1389 2928 1660 3006 ἐργάζεται
1701 2933 1791 2983 τοῦ
1847 2925 1995 3005 ἇγίου

347 3014 676 3095 Πνεύματος,
709 3015 797 3071 καὶ
838 3014 1139 3094 ἀφαιρεῖται
1187 3018 1312 3075 αὒτὸ
1353 3017 1459 3073 ἀπὸ
1501 3021 1600 3083 τῆς
1659 3020 1862 3096 ψυχῆς.
1923 3016 1997 3071 Οῦ

2075 2028 2146 2089 ad
2176 2028 2528 2094 divisionem
2560 2037 2776 2098 anima:
2824 2037 2999 2099 simul
3032 2055 3098 2098 ac
3134 2035 3377 2117 spiritus
3436 2057 3463 2088 »
3504 2032 3719 2094 Beatus

2078 2118 2346 2198 Cyrillusl
2372 2130 2539 2185 certo
2568 2127 2823 2205 quodam
2881 2127 3011 2189 loco
3067 2126 3150 2187 ita
3204 2141 3438 2206 quoque
3490 2117 3720 2200 accepit

2076 2205 2424 2288 Pertingens
2467 2230 2653 2293 usque
2697 2215 2769 2276 ad
2825 2215 3183 2279 divisionem
3214 2205 3427 2275 animae
3456 2208 3631 2272 simul
3652 2208 3722 2269 ac

2076 2295 2318 2376 spiritus
2346 2316 2360 2360 :
2390 2298 2757 2385 Praedicatio,
2794 2304 3007 2386 inquit,
3042 2304 3116 2367 de
3149 2305 3268 2367 Deo
3299 2300 3587 2363 dividitac
3617 2315 3715 2359 se-

2078 2394 2242 2465 parat
2270 2387 2483 2451 animaa
2513 2400 2729 2471 partes,
2763 2395 3021 2476 amplam
3046 2413 3175 2457 eam
3194 2391 3455 2454 reddens
3471 2395 3530 2449 et
3548 2404 3719 2466 capa-

2078 2491 2205 2536 cem
2266 2494 2470 2539 eorum
2531 2499 2663 2561 quae
2716 2482 3056 2545 audiuntur.
3118 2484 3234 2546 Aut
3289 2479 3445 2562 quod
3489 2477 3561 2539 ad
3593 2476 3722 2556 ipsa

2077 2580 2315 2644 quoque
2344 2565 2692 2649 incorporea
2742 2574 3063 2652 pertingat,
3097 2579 3154 2635 et
3196 2569 3454 2633 animam
3491 2565 3718 2649 puniat,

2076 2659 2179 2714 aut
2208 2653 2366 2742 quod
2402 2655 2754 2720 divisionem
2808 2670 3087 2742 operetur
3117 2660 3331 2722 anima;
3353 2675 3422 2719 ac
3453 2653 3716 2736 spiritus,

2076 2741 2235 2821 quod
2265 2744 2639 2807 tremendum
2689 2756 2800 2823 est,
2834 2741 2911 2794 4—
2959 2750 3084 2813 alio
3121 2748 3316 2811 modo.
3352 2742 3718 2808 Divisionem

2077 2848 2251 2910 quam
2272 2832 2586 2913 Evangelia
2604 2837 3493 2917 comminantur,intellexerunt
3515 2835 3717 2893 Patres

2078 2918 2398 2998 perfectam
2460 2921 2715 3006 Spiritus
2762 2928 2952 2991 sancti
2981 2926 3406 2993 desertionem.
3442 2919 3716 2985 Arbitror

2075 3006 2254 3086 igitur
2293 3010 2407 3073 hoc
2436 3030 2595 3075 nunc
2623 3015 2844 3079 dictum
2881 3037 3035 3095 esse,
3079 3016 3235 3100 quod
3281 3011 3719 3100 separationem

346 3084 675 3181 γενομένους
700 3084 1098 3162 πάντέλοιπὸν
1155 3104 1339 3181 ἕψεται
1409 3106 1477 3162 τὰ
1532 3084 1813 3183 ἀγαθαί.»
1877 3101 1992 3182 Ἀρ-

2081 3084 2357 3188 operetur
2383 3100 2638 3180 Spiritus
2685 3106 2894 3187 sancti,
2927 3084 3246 3188 ipsumque
3275 3084 3363 3165 τίδ’
3378 3098 3575 3163 anima
3605 3113 3718 3188 ano

351 3197 469 3267 μῶν
510 3213 570 3248 τε
627 3194 715 3249 καὶ
745 3191 980 3268 μυελῶν.
1031 3216 1056 3252 ο
1120 3196 1295 3252 Εἰπὼν
1338 3195 1404 3250 τὰ
1447 3192 1722 3269 ἀσώματα,
1754 3192 1877 3249 εῦπε
1906 3193 1993 3248 καὶ

350 3282 417 3339 τὰ
471 3282 769 3356 σωματικά.
836 3305 864 3337 κ
927 3285 1025 3341 Καὶ
1076 3284 1308 3363 κριτικὸς
1382 3283 1737 3358 ἐνθυμήσεων,
1788 3303 1811 3338 ι
1866 3290 1992 3337 Δια·-

349 3383 528 3450 κρτναι
600 3372 689 3427 καὶ
755 3370 1034 3451 ἀνακρῖναι
1089 3374 1288 3453 ἰσχύων
1353 3374 1443 3431 καὶ
1496 3372 1590 3435 τὰς
1660 3370 1990 3446 ἐνθυμήσεις,

349 3461 533 3540 φησὶν,
592 3460 750 3524 αὐτὰς
805 3463 891 3517 καὶ
952 3462 1049 3525 τὰς
1103 3461 1324 3543 ἀφανεῖς
1393 3460 1588 3527 ἐννοίας
1663 3465 1764 3527 τῆς
1858 3481 1993 3538 καρ-

2074 3183 2247 3257 ferat,
2280 3205 2395 3267 quo
2427 3188 2579 3252 facto
2609 3195 2809 3256 omnia
2823 3183 3105 3276 deinceps
3125 3183 3449 3274 sequentur
3470 3199 3529 3249 et
3548 3184 3718 3247 aufe-

2074 3283 2282 3366 rentur
2312 3277 2487 3342 bona.
2527 3301 2557 3341 ‹
2584 3283 3105 3366 Compagnumque
3135 3292 3194 3346 et
3231 3280 3661 3366 medullarum:
3686 3297 3711 3332 ο

2075 3361 2575 3452 incorporea
2626 3361 2895 3448 dixisset,
2952 3361 3126 3436 etiam
3156 3387 3442 3452 corporea
3492 3364 3715 3429 retulit.

2087 3474 2105 3509 ι
2141 3451 2212 3513 Et
2266 3453 2555 3518 discretor
2604 3460 3052 3538 cogitationum.
3088 3486 3115 3517 ι
3149 3451 3501 3523 Discernere
3530 3473 3600 3516 ac
3630 3452 3722 3515 di-

349 3548 485 3613 δίας.
571 3576 593 3606 ι
654 3552 752 3608 Καὶ
808 3551 903 3608 οὐκ
960 3549 1070 3608 ἔστι
1122 3540 1289 3615 κτίσις
1338 3552 1544 3631 ἀφανὴς
1599 3548 1824 3607 ἐνώπιον
1893 3548 1993 3603 αὒ-

2081 3540 2340 3631 iudicare
2363 3552 2571 3623 potens
2599 3548 2761 3629 ipsas
2787 3568 3027 3631 quoque
3055 3548 3441 3630 cogitationes
3467 3556 3527 3608 et
3563 3542 3717 3605 invi-

349 3646 465 3698 τοῦ.
507 3661 530 3697 ι
567 3638 628 3698 Τί
669 3637 724 3695 δὲ
779 3638 948 3720 λέγω,
1008 3641 1189 3721 φησὶν,
1250 3628 1601 3720 ἀώρῶπους,
1662 3636 1790 3698 Οὐδὲ
1854 3634 1993 3704 ἄλλη

2081 3628 2282 3692 sibiles
2311 3633 2509 3695 θοι-ὼε
2542 3628 2864 3701 ηοιὶιίειε.ἀ
2892 3628 3015 3702 Nec
3035 3628 3270 3701 est‘ulla
3290 3644 3560 3699 creatura
3589 3650 3721 3714 quae

350 3730 450 3805 μὲν
492 3733 582 3789 οὖν
624 3730 791 3794 κτίσις
833 3728 1101 3789 διαλαθεῖν
1141 3730 1177 3799 ἢ
1230 3727 1482 3811 κρυϐῆναι
1537 3729 1712 3809 ἰσχύει
1767 3728 1876 3784 ἀπὸ
1903 3732 1993 3783 τοῦ

2082 3735 2199 3811 non
2230 3721 2540 3811 manifesta
2569 3724 2724 3789 sitin
2741 3737 3068 3809 conspectu
3090 3728 3251 3790 illius
3285 3752 3311 3783 υ
3345 3724 3499 3799 Quid
3522 3731 3719 3785 autem

349 3819 649 3895 ἀκοιμήτου
705 3818 901 3876 ἐκείνω
957 3805 1277 3900 ὀφθαλμοῦί
1307 3818 1406 3876 κᾶν
1460 3805 1740 3897 ἀγγέλους,
1814 3817 1993 3896 φησὶν,

2081 3805 2215 3900 dico
2245 3809 2538 3886 homines,
2590 3814 2832 3897 inquit?
2883 3805 3007 3881 Nec
3064 3818 3181 3881 alia
3210 3816 3429 3899 quaevis
3456 3820 3726 3877 creatura

348 3908 541 3989 εἴπῃς,
578 3907 676 3965 κᾶν
720 3896 1029 3989 Χερουϐεὶμ,
1079 3908 1177 3965 κᾶν
1228 3896 1519 3990 Σεραφείμ,
1550 3896 1555 3897 ν
1581 3929 1605 3962 ι
1667 3896 1845 3966 Πάντα
1896 3927 1993 3984 γυ-

2081 3896 2268 3990 latere
2298 3910 2397 3962 aut
2443 3896 2725 3968 occultari
2757 3916 2948 3989 potest
2976 3908 3048 3971 ab
3093 3909 3192 3971 illo
3224 3896 3491 3988 pervigili
3520 3903 3718 3978 οειιΙο,

351 3996 480 4072 μνά.
525 3987 569 4052 ⁷ι
638 3987 804 4056 Οὖδὲν
861 3998 994 4075 ἐστι,
1052 4000 1232 4077 φησὶν,
1293 3987 1322 4053 ὃ
1382 3987 1564 4054 λαθεῖν
1634 3994 1843 4053 δύναται
1900 3994 1993 4061 τὴν

2081 3987 2207 4078 sive
2235 3993 2474 4070 angelos
2505 3994 2694 4070 dicas,
2715 3987 2841 4061 sive
2860 3998 3203 4078 Cherubim,
3230 3987 3356 4059 sive
3386 3993 3720 4075 Seraphim.

349 4084 647 4154 ἐποπτικὴν
700 4084 915 4162 δύναμιν
969 4074 1076 4147 τοῦ*
1113 4094 1357 4166 Χριστοῦ.
1417 4088 1595 4142 Πάντα
1646 4084 1819 4164 γυμνὰ
1872 4090 1993 4162 παρ’

2088 4099 2115 4131 α
2150 4074 2363 4170 omnia
2390 4081 2568 4170 nuda.
2597 4105 2627 4145 ιο
2666 4083 2823 4149 Nihil
2858 4097 2948 4150 est
2978 4087 3131 4170 quod
3163 4074 3349 4149 latere
3379 4074 3566 4167 possit
3592 4082 3722 4145 ins-

352 4174 516 4249 αῦτῷ,
575 4176 665 4231 καὶ
716 4173 882 4232 οὐδενὶ
961 4174 1367 4254 προκαλύμματι
1442 4174 1478 4241 ἢ
1534 4173 1849 4254 προσωπείῳ
1915 4195 1993 4237 τις

2082 4166 2371 4257 pectivam
2429 4167 2649 4236 Christi
2710 4166 3057 4257 potentiam.
3121 4173 3332 4239 Omnia
3381 4166 3541 4237 nuda
3587 4176 3726 4235 sunt

350 4263 536 4320 ἑαυτὸν
586 4261 885 4340 ὑποκλέψαι
939 4262 1150 4322 δύναται
1232 4272 1338 4321 τῶν
1422 4262 1705 4344 ὀφθαλμῶν
1758 4262 1991 4318 ἐκείνων.

2081 4256 2232 4336 apud
2284 4258 2503 4348 ipsum,
2565 4256 2851 4348 nulloque
2917 4274 3260 4347 legumento
3318 4273 3416 4326 aut
3474 4279 3728 4344 persona

350 4351 831 4433 Τετραχηλισμένα
899 4351 955 4410 δέ
1024 4377 1156 4435 φησι
1225 4355 1290 4411 τὰ
1372 4342 1565 4432 γυμνὰ,
1638 4351 1742 4408 ἀπὸ
1825 4371 1993 4427 μετα-

2081 4352 2269 4424 potest
2291 4347 2587 4429 quispiam
2639 4342 2901 4435 seipsum
2928 4342 3227 4417 occultare
3257 4351 3329 4414 ab
3362 4342 3487 4412 illis
3508 4349 3720 4412 oculis.

348 4449 514 4522 φορᾶς
570 4448 678 4499 τῶν
733 4440 1011 4523 προϐάτων
1065 4445 1172 4500 τῶν
1223 4442 1285 4500 ἐκ
1338 4449 1432 4500 τοῦ
1491 4438 1766 4521 τραχήλω
1818 4438 1993 4518 ἠρτη-

2081 4435 2539 4523 τετραχηλισμένα
2585 4450 2781 4504 autem
2837 4444 2980 4505 dicit
3036 4443 3214 4516 nuda,
3266 4460 3302 4503 a
3377 4438 3724 4518 metaphora

349 4530 527 4607 μένων
568 4532 656 4588 καὶ
714 4522 1138 4609 γεγυμνωμένων
1190 4535 1294 4598 τῆς
1349 4528 1525 4608 δορᾶς·
1591 4536 1636 4585 Η
1690 4529 1752 4584 τὸ
1795 4537 1993 4608 Τετρα-

2081 4522 2217 4584 545
2260 4524 2455 4589 ovium
2507 4548 2636 4610 qua:
2666 4549 2702 4593 a
2757 4532 2910 4594 collo
2943 4533 3255 4593 excoriatm
3312 4547 3357 4589 SI
3385 4535 3447 4589 nt
3478 4534 3536 4587 et
3569 4524 3724 4606 pelle

349 4619 683 4700 χηλισμένα,
715 4620 830 4677 ἀντὶ
874 4626 965 4676 τοῦ
1011 4619 1167 4677 Κάτω
1212 4619 1497 4697 κύπτοντα,
1569 4618 1657 4673 καὶ
1704 4617 1796 4673 τὸν
1864 4617 1993 4696 τρά-

2081 4612 2331 4679 nudata.
2416 4618 2532 4680 Aut
2563 4621 3023 4702 τετραχηλισμένα
3065 4621 3177 4682 hoc
3249 4625 3361 4698 est,
3440 4615 3720 4676 deorsum

353 4707 534 4788 χηλον
563 4707 915 4782 ἐπικλίνοντα,
950 4706 1033 4765 διὰ
1060 4709 1121 4765 τὸ
1152 4709 1230 4785 μὴ
1258 4709 1462 4788 ἰσχύειν
1512 4706 1742 4764 ἀτενίσαι
1771 4705 1838 4782 τῇ
1874 4703 1993 4783 δόξῃ

2081 4706 2518 4783 prospectantia
2546 4717 2604 4769 et
2635 4710 2787 4771 collo
2817 4709 3120 4783 inclinata,
3155 4726 3227 4770 eo
3261 4705 3415 4787 quod
3441 4722 3559 4766 non
3588 4720 3725 4788 pose

348 4787 528 4873 ἐκείνη
555 4807 647 4857 τοῦ
699 4804 922 4877 Χριστοῦ
970 4799 1059 4855 καὶ
1103 4804 1235 4855 Θεοῦ
1287 4787 1435 4873 ὑμῶν
1478 4795 1673 4865 Ἰησοῦ.
1712 4813 1743 4853 ι
1774 4795 1909 4874 Πρὸς
1941 4794 1993 4850 ὃν

2081 4791 2198 4855 sint
2225 4792 2286 4856 in
2309 4795 2469 4858 illam
2493 4797 2808 4862 intendere
2829 4799 3076 4880 gloriam
3098 4796 3315 4877 iudicis
3333 4801 3391 4856 et
3408 4792 3515 4856 Dei
3539 4787 3728 4853 nostri

347 4887 478 4962 ὑμῖν
505 4888 534 4942 ὁ
565 4885 748 4965 λόγος.
781 4910 809 4943 ι
871 4887 1043 4963 Αῦτῷ,
1089 4888 1270 4968 φησὶν,
1331 4887 1530 4968 ἔχομεν
1571 4883 1745 4942 δοῦναι
1793 4883 1993 4948 εὐθύνας

2081 4884 2219 4947 Jesu
2252 4886 2493 4949 Christi.
2530 4912 2557 4943 α
2592 4889 2681 4951 Ad
2713 4908 2888 4971 quem
2923 4888 3095 4951 nobis
3144 4895 3232 4948 est
3260 4904 3479 4948 sermo.
3519 4908 3545 4938 ι
3575 4880 3718 4963 Ipsi,

345 4980 456 5032 τῶν
484 4976 897 5056 πεπραγμένων,
928 4978 1015 5033 καὶ
1046 4979 1176 5051 πρὸς
1195 4979 1350 5035 αὐτὸν
1373 4976 1571 5058 ἔχομεν
1595 4976 1695 5042 τὴν
1711 4971 1993 5051 ἀπολογίαν

2082 4973 2298 5057 inquit,
2330 4975 2624 5040 debemus
2660 4987 2929 5041 actorum
2985 4977 3241 5041 reddere
3296 4973 3613 5047 rationem,
3667 4980 3725 5034 et

342 5066 478 5146 πρὸς
510 5064 568 5121 ὃν
598 5067 685 5122 καὶ
714 5068 743 5123 ὁ
775 5064 957 5144 λόγος.

2082 5062 2235 5144 apud
2269 5063 2463 5145 ipsum
2492 5067 2858 5149 respondere
2887 5066 3197 5141 debemus,
3230 5064 3303 5128 ad
3334 5081 3509 5145 quem
3543 5060 3721 5125 etiam

2079 5170 2281 5214 setmo
2313 5151 2483 5215 nobis
2513 5164 2620 5217 sst.

2158 5230 2257 5308 IV,
2283 5234 2391 5297 14-
2407 5240 2420 5292 I
2436 5236 2495 5297 6.
2521 5236 2725 5299 Haben
2735 5244 2819 5300 tes
2842 5238 3034 5318 igitur
3046 5235 3385 5316 pontiﬁcem
3403 5248 3721 5312 magnum,

2081 5328 2195 5404 qui
2209 5326 2558 5401 penetravit
2577 5326 2753 5388 malos
2776 5325 2981 5388 Jesum
3009 5324 3232 5388 Filium
3258 5324 3393 5395 Dei,
3417 5331 3727 5385 teneamus

2075 5411 2544 5494 professionem.
2594 5417 2729 5478 Non
2766 5418 2923 5478 enim
2948 5414 3240 5478 habemus
3255 5412 3598 5494 pontiﬁcem
3621 5412 3727 5492 qui

2080 5504 3144 5587 nonpossitcompatiinﬁrmliatibus
3158 5502 3725 5572 nostris.sedtenta-

2079 5598 2207 5655 tum
2224 5595 2740 5674 peromniajuxta
2752 5593 3220 5659 m’mz‘litudinem
3232 5593 3451 5673 absque
3455 5596 3723 5675 peccato.

437 5265 461 5299 ι
523 5232 793 5324 ’Ἔχοντες
840 5244 927 5301 οὗν
972 5244 1224 5326 ἀρχιερέα
1269 5243 1437 5323 μέγαν
1479 5239 1820 5309 διεληλυθότα
1874 5239 1997 5301 τοὺς

347 5333 623 5413 οῦρανοῦς,
680 5330 887 5401 Ἰησοῦν
966 5335 1056 5390 τὸν
1126 5335 1247 5390 Υἱὸν
1318 5342 1412 5393 τοῦ
1497 5338 1649 5405 Θεοῦ,
1721 5330 1997 5407 κρατῶμεν

346 5421 443 5490 τῆς
500 5420 814 5502 ὁμολογίας.
876 5424 950 5480 Ού
1006 5423 1106 5502 γὰρ
1159 5421 1360 5503 ἔχομεν
1422 5418 1672 5501 ἀρχιερέα
1741 5418 1819 5496 μὴ
1901 5414 1995 5473 δυ-

347 5510 573 5586 νάμενον
697 5510 1037 5587 συμπαθῆσαι
1146 5524 1269 5575 ταῖς
1392 5509 1692 5572 ἀσθενιιαις
1814 5507 1991 5583 ἡμῶν,

350 5598 731 5679 πεπειραμένον
779 5598 834 5657 δὲ
892 5600 1027 5661 κατὰ
1082 5600 1254 5658 πάντα
1325 5599 1442 5657 καθ’
1503 5596 1800 5674 ὁμοιότητα
1868 5616 1993 5676 χω-
