  <div class='ocr_page' id='page_1' title='image "/cluster/home/n/w/nwhite01/storage/ocr_20150623/119/hvd.32044073502494/168.png"; bbox 0 0 4152 6216; ppageno 0'>
   <div class='ocr_carea' id='block_1_1' title="bbox 301 307 3678 386">
    <p class='ocr_par' dir='ltr' id='par_1_1' title="bbox 301 307 3678 386">
     <span class='ocr_line' id='line_1_1' title="bbox 301 307 3678 386; baseline -0.005 0"><span class='ocrx_word' id='word_1_1' title='bbox 301 318 419 386; x_wconf 69' lang='grc'><strong><em>321</em></strong></span> <span class='ocrx_word' id='word_1_2' title='bbox 1405 314 1833 382; x_wconf 62' lang='grc' dir='ltr'><strong><em>εωΗΕΝΤ.</em></strong></span> <span class='ocrx_word' id='word_1_3' title='bbox 1873 307 2246 376; x_wconf 54' lang='grc' dir='ltr'><strong><em>ΙΝΞΒΡΙΞΒΤ.</em></strong></span> <span class='ocrx_word' id='word_1_4' title='bbox 2293 312 2397 374; x_wconf 82' lang='lat' dir='ltr'><strong>AD</strong></span> <span class='ocrx_word' id='word_1_5' title='bbox 2438 311 2666 375; x_wconf 84' lang='lat' dir='ltr'><strong><em>HEBR.</em></strong></span> <span class='ocrx_word' id='word_1_6' title='bbox 3529 313 3678 382; x_wconf 74' lang='lat'><strong><em>.322</em></strong></span> 
     </span>
    </p>
   </div>
   <div class='ocr_carea' id='block_1_2' title="bbox 349 441 1958 534">
    <p class='ocr_par' dir='ltr' id='par_1_2' title="bbox 349 447 1958 534">
     <span class='ocr_line' id='line_1_2' title="bbox 349 447 1958 534; baseline -0.006 -22"><span class='ocrx_word' id='word_1_7' title='bbox 349 487 360 494; x_wconf 92' lang='lat'><strong>-</strong></span> <span class='ocrx_word' id='word_1_8' title='bbox 380 480 411 512; x_wconf 75' lang='grc' dir='ltr'><strong><em>α</em></strong></span> <span class='ocrx_word' id='word_1_9' title='bbox 441 462 583 520; x_wconf 69' lang='grc' dir='ltr'><strong><em>³Πᾶς</em></strong></span> <span class='ocrx_word' id='word_1_10' title='bbox 755 453 1032 534; x_wconf 77' lang='grc' dir='ltr'>ἀρχιερεὺς</span> <span class='ocrx_word' id='word_1_11' title='bbox 1075 451 1130 517; x_wconf 76' lang='grc' dir='ltr'><strong><em>ιε</em></strong></span> <span class='ocrx_word' id='word_1_12' title='bbox 1185 451 1474 532; x_wconf 73' lang='grc' dir='ltr'>ἀνθρώπων</span> <span class='ocrx_word' id='word_1_13' title='bbox 1507 447 1958 525; x_wconf 59' lang='grc' dir='ltr'>-λαμςανόμενοςᾼ</span> 
     </span>
    </p>
   </div>
   <div class='ocr_carea' id='block_1_3' title="bbox 2042 441 3675 534">
    <p class='ocr_par' dir='ltr' id='par_1_3' title="bbox 2116 441 3675 534">
     <span class='ocr_line' id='line_1_3' title="bbox 2116 441 3675 534; baseline 0.004 -29"><span class='ocrx_word' id='word_1_14' title='bbox 2116 441 2184 519; x_wconf 92' lang='lat' dir='ltr'><strong><em>V,</em></strong></span> <span class='ocrx_word' id='word_1_15' title='bbox 2229 445 2358 534; x_wconf 9' lang='lat'><strong>17-6.</strong></span> <span class='ocrx_word' id='word_1_16' title='bbox 2385 444 2606 506; x_wconf 84' lang='lat' dir='ltr'><strong><em>Omnis</em></strong></span> <span class='ocrx_word' id='word_1_17' title='bbox 2616 449 2788 534; x_wconf 75' lang='lat' dir='ltr'><strong><em>enim</em></strong></span> <span class='ocrx_word' id='word_1_18' title='bbox 2803 445 3081 534; x_wconf 78' lang='lat' dir='ltr'><strong><em>ponti/ea:</em></strong></span> <span class='ocrx_word' id='word_1_19' title='bbox 3103 445 3216 525; x_wconf 84' lang='lat' dir='ltr'><strong><em>qui</em></strong></span> <span class='ocrx_word' id='word_1_20' title='bbox 3227 464 3312 507; x_wconf 64' lang='lat' dir='ltr'><strong><em>ea;</em></strong></span> <span class='ocrx_word' id='word_1_21' title='bbox 3335 448 3675 512; x_wconf 74' lang='lat' dir='ltr'><strong><em>hominibus</em></strong></span> 
     </span>
    </p>
   </div>
   <div class='ocr_carea' id='block_1_4' title="bbox 285 531 1958 625">
    <p class='ocr_par' dir='ltr' id='par_1_4' title="bbox 285 531 1944 625">
     <span class='ocr_line' id='line_1_4' title="bbox 285 531 1944 625; baseline -0.007 -23"><span class='ocrx_word' id='word_1_22' title='bbox 285 547 422 625; x_wconf 74' lang='grc' dir='ltr'>ὑπὲρ</span> <span class='ocrx_word' id='word_1_23' title='bbox 515 531 1175 622; x_wconf 28' lang='grc' dir='ltr'>ἀνθρώπων-*καθίσταται</span> <span class='ocrx_word' id='word_1_24' title='bbox 1253 531 1320 601; x_wconf 70' lang='grc' dir='ltr'>τὰ</span> <span class='ocrx_word' id='word_1_25' title='bbox 1401 541 1534 618; x_wconf 90' lang='grc' dir='ltr'>πρὸς</span> <span class='ocrx_word' id='word_1_26' title='bbox 1618 539 1709 594; x_wconf 80' lang='grc' dir='ltr'><strong><em>τὸν</em></strong></span> <span class='ocrx_word' id='word_1_27' title='bbox 1793 537 1944 625; x_wconf 89' lang='grc' dir='ltr'>Θεὸν,</span> 
     </span>
    </p>
   </div>
   <div class='ocr_carea' id='block_1_5' title="bbox 2042 531 3677 625">
    <p class='ocr_par' dir='ltr' id='par_1_5' title="bbox 2042 531 3677 625">
     <span class='ocr_line' id='line_1_5' title="bbox 2042 531 3677 625; baseline 0.004 -32"><span class='ocrx_word' id='word_1_28' title='bbox 2042 533 2388 625; x_wconf 75' lang='lat' dir='ltr'><strong><em>assumitur,</em></strong></span> <span class='ocrx_word' id='word_1_29' title='bbox 2444 550 2554 610; x_wconf 81' lang='lat' dir='ltr'><strong><em>pro</em></strong></span> <span class='ocrx_word' id='word_1_30' title='bbox 2604 531 2952 625; x_wconf 71' lang='lat' dir='ltr'><strong><em>hominibus</em></strong></span> <span class='ocrx_word' id='word_1_31' title='bbox 3023 534 3409 625; x_wconf 76' lang='lat' dir='ltr'><strong><em>constituitur</em></strong></span> <span class='ocrx_word' id='word_1_32' title='bbox 3463 538 3529 597; x_wconf 83' lang='lat' dir='ltr'><strong><em>in</em></strong></span> <span class='ocrx_word' id='word_1_33' title='bbox 3583 537 3677 599; x_wconf 82' lang='lat' dir='ltr'><strong><em>his</em></strong></span> 
     </span>
    </p>
   </div>
   <div class='ocr_carea' id='block_1_6' title="bbox 285 621 1958 712">
    <p class='ocr_par' dir='ltr' id='par_1_6' title="bbox 285 621 1949 712">
     <span class='ocr_line' id='line_1_6' title="bbox 285 621 1949 712; baseline -0.007 -22"><span class='ocrx_word' id='word_1_34' title='bbox 285 621 722 712; x_wconf 56' lang='grc' dir='ltr'>ἳνα-προσφέρῃ</span> <span class='ocrx_word' id='word_1_35' title='bbox 792 629 932 710; x_wconf 77' lang='grc' dir='ltr'><strong><em>δῶρά</em></strong></span> <span class='ocrx_word' id='word_1_36' title='bbox 1001 651 1058 686; x_wconf 87' lang='grc' dir='ltr'><strong><em>τε</em></strong></span> <span class='ocrx_word' id='word_1_37' title='bbox 1125 631 1213 686; x_wconf 83' lang='grc' dir='ltr'><strong><em>καὶ</em></strong></span> <span class='ocrx_word' id='word_1_38' title='bbox 1267 629 1445 690; x_wconf 85' lang='grc' dir='ltr'>θυσίας</span> <span class='ocrx_word' id='word_1_39' title='bbox 1494 629 1624 706; x_wconf 78' lang='grc' dir='ltr'>ὑπὲρ</span> <span class='ocrx_word' id='word_1_40' title='bbox 1677 624 1949 705; x_wconf 78' lang='grc' dir='ltr'>ἁμαρτιῶν</span> 
     </span>
    </p>
   </div>
   <div class='ocr_carea' id='block_1_7' title="bbox 2042 621 3674 712">
    <p class='ocr_par' dir='ltr' id='par_1_7' title="bbox 2042 621 3674 712">
     <span class='ocr_line' id='line_1_7' title="bbox 2042 621 3674 712; baseline 0.005 -31"><span class='ocrx_word' id='word_1_41' title='bbox 2042 637 2168 700; x_wconf 75' lang='lat' dir='ltr'><strong><em>quae</em></strong></span> <span class='ocrx_word' id='word_1_42' title='bbox 2199 621 2277 682; x_wconf 86' lang='lat' dir='ltr'><strong><em>ad</em></strong></span> <span class='ocrx_word' id='word_1_43' title='bbox 2313 623 2504 683; x_wconf 80' lang='lat' dir='ltr'><strong><em>Deum</em></strong></span> <span class='ocrx_word' id='word_1_44' title='bbox 2561 629 2731 712; x_wconf 76' lang='lat' dir='ltr'><strong><em>sunt,</em></strong></span> <span class='ocrx_word' id='word_1_45' title='bbox 2761 629 2832 682; x_wconf 82' lang='lat' dir='ltr'><strong><em>ut</em></strong></span> <span class='ocrx_word' id='word_1_46' title='bbox 2864 621 3076 712; x_wconf 56' lang='grc' dir='ltr'>θητεῖαι</span> <span class='ocrx_word' id='word_1_47' title='bbox 3125 623 3380 685; x_wconf 83' lang='lat' dir='ltr'><strong><em>donaria</em></strong></span> <span class='ocrx_word' id='word_1_48' title='bbox 3409 633 3466 686; x_wconf 88' lang='lat' dir='ltr'><strong><em>et</em></strong></span> <span class='ocrx_word' id='word_1_49' title='bbox 3493 626 3674 689; x_wconf 78' lang='lat' dir='ltr'><strong><em>uicti-</em></strong></span> 
     </span>
    </p>
   </div>
   <div class='ocr_carea' id='block_1_8' title="bbox 294 712 1950 801">
    <p class='ocr_par' dir='ltr' id='par_1_8' title="bbox 294 712 1950 801">
     <span class='ocr_line' id='line_1_8' title="bbox 294 712 1950 801; baseline -0.006 -22"><span class='ocrx_word' id='word_1_50' title='bbox 294 725 672 801; x_wconf 65' lang='grc' dir='ltr'>μετριοπαθεῖν</span> <span class='ocrx_word' id='word_1_51' title='bbox 769 717 1052 795; x_wconf 83' lang='grc' dir='ltr'>δυνάμενος</span> <span class='ocrx_word' id='word_1_52' title='bbox 1111 731 1246 782; x_wconf 75' lang='grc' dir='ltr'><strong><em>-τοῖς</em></strong></span> <span class='ocrx_word' id='word_1_53' title='bbox 1319 718 1563 796; x_wconf 77' lang='grc' dir='ltr'>ἀγνοοῦσι</span> <span class='ocrx_word' id='word_1_54' title='bbox 1649 717 1736 771; x_wconf 79' lang='grc' dir='ltr'><strong><em>καὶ</em></strong></span> <span class='ocrx_word' id='word_1_55' title='bbox 1804 712 1950 770; x_wconf 82' lang='grc' dir='ltr'>πλα-</span> 
     </span>
    </p>
   </div>
   <div class='ocr_carea' id='block_1_9' title="bbox 291 802 1952 887">
    <p class='ocr_par' dir='ltr' id='par_1_9' title="bbox 291 802 1952 887">
     <span class='ocr_line' id='line_1_9' title="bbox 291 802 1952 887; baseline -0.008 -17"><span class='ocrx_word' id='word_1_56' title='bbox 291 811 582 887; x_wconf 52' lang='grc' dir='ltr'>νωμένοις.</span> <span class='ocrx_word' id='word_1_57' title='bbox 667 807 814 867; x_wconf 83' lang='grc' dir='ltr'>Ἐπεὶ</span> <span class='ocrx_word' id='word_1_58' title='bbox 897 809 985 865; x_wconf 87' lang='grc' dir='ltr'><strong><em>καὶ</em></strong></span> <span class='ocrx_word' id='word_1_59' title='bbox 1065 810 1220 870; x_wconf 71' lang='grc' dir='ltr'>αὐτὸς</span> <span class='ocrx_word' id='word_1_60' title='bbox 1302 808 1590 886; x_wconf 79' lang='grc' dir='ltr'>περίκειται</span> <span class='ocrx_word' id='word_1_61' title='bbox 1663 802 1952 864; x_wconf 83' lang='grc' dir='ltr'>ἀσθένειαν,</span> 
     </span>
    </p>
   </div>
   <div class='ocr_carea' id='block_1_10' title="bbox 295 891 1956 978">
    <p class='ocr_par' dir='ltr' id='par_1_10' title="bbox 295 891 1956 978">
     <span class='ocr_line' id='line_1_10' title="bbox 295 891 1956 978; baseline -0.007 -20"><span class='ocrx_word' id='word_1_62' title='bbox 295 902 400 960; x_wconf 78' lang='grc' dir='ltr'><strong><em>Καὶ</em></strong></span> <span class='ocrx_word' id='word_1_63' title='bbox 431 898 528 956; x_wconf 68' lang='grc' dir='ltr'>διὰ</span> <span class='ocrx_word' id='word_1_64' title='bbox 569 899 766 966; x_wconf 79' lang='grc' dir='ltr'>ταύτην</span> <span class='ocrx_word' id='word_1_65' title='bbox 820 897 1039 978; x_wconf 75' lang='grc' dir='ltr'>ὀφείλει,</span> <span class='ocrx_word' id='word_1_66' title='bbox 1105 897 1446 976; x_wconf 76' lang='grc' dir='ltr'>καθὼς-περὶ</span> <span class='ocrx_word' id='word_1_67' title='bbox 1499 900 1591 951; x_wconf 83' lang='lat'><strong><em>106</em></strong></span> <span class='ocrx_word' id='word_1_68' title='bbox 1647 891 1798 972; x_wconf 82' lang='grc' dir='ltr'>λαοῦ,</span> <span class='ocrx_word' id='word_1_69' title='bbox 1860 891 1956 948; x_wconf 69' lang='grc' dir='ltr'>οὕ-</span> 
     </span>
    </p>
   </div>
   <div class='ocr_carea' id='block_1_11' title="bbox 292 980 1950 1066">
    <p class='ocr_par' dir='ltr' id='par_1_11' title="bbox 292 980 1950 1066">
     <span class='ocr_line' id='line_1_11' title="bbox 292 980 1950 1066; baseline -0.004 -21"><span class='ocrx_word' id='word_1_70' title='bbox 292 1010 402 1053; x_wconf 85' lang='grc' dir='ltr'><strong><em>τως</em></strong></span> <span class='ocrx_word' id='word_1_71' title='bbox 474 989 564 1044; x_wconf 86' lang='grc' dir='ltr'><strong><em>καὶ</em></strong></span> <span class='ocrx_word' id='word_1_72' title='bbox 631 988 748 1064; x_wconf 84' lang='grc' dir='ltr'>περὶ</span> <span class='ocrx_word' id='word_1_73' title='bbox 803 987 993 1042; x_wconf 77' lang='grc' dir='ltr'>ἑαυτοῦ</span> <span class='ocrx_word' id='word_1_74' title='bbox 1058 985 1370 1066; x_wconf 74' lang='grc' dir='ltr'>προσφέρειν</span> <span class='ocrx_word' id='word_1_75' title='bbox 1437 983 1566 1061; x_wconf 74' lang='grc' dir='ltr'>ὑπὲρ</span> <span class='ocrx_word' id='word_1_76' title='bbox 1657 980 1950 1060; x_wconf 79' lang='grc' dir='ltr'>ἁμαρτιῶν.</span> 
     </span>
    </p>
   </div>
   <div class='ocr_carea' id='block_1_12' title="bbox 277 1068 1952 1156">
    <p class='ocr_par' dir='ltr' id='par_1_12' title="bbox 277 1068 1952 1156">
     <span class='ocr_line' id='line_1_12' title="bbox 277 1068 1952 1156; baseline -0.007 -22"><span class='ocrx_word' id='word_1_77' title='bbox 277 1079 398 1134; x_wconf 80' lang='grc' dir='ltr'>-Καὶ</span> <span class='ocrx_word' id='word_1_78' title='bbox 451 1081 561 1156; x_wconf 74' lang='grc' dir='ltr'><strong><em>οὐχ</em></strong></span> <span class='ocrx_word' id='word_1_79' title='bbox 601 1077 772 1148; x_wconf 77' lang='grc' dir='ltr'>ἑαυτῷ</span> <span class='ocrx_word' id='word_1_80' title='bbox 827 1097 907 1138; x_wconf 92' lang='grc' dir='ltr'><strong><em>τις</em></strong></span> <span class='ocrx_word' id='word_1_81' title='bbox 951 1071 1208 1149; x_wconf 71' lang='grc' dir='ltr'>λαμϐάνει</span> <span class='ocrx_word' id='word_1_82' title='bbox 1259 1074 1360 1140; x_wconf 74' lang='grc' dir='ltr'>τὴν</span> <span class='ocrx_word' id='word_1_83' title='bbox 1413 1071 1601 1146; x_wconf 77' lang='grc' dir='ltr'>τιμὴν,</span> <span class='ocrx_word' id='word_1_84' title='bbox 1667 1068 1805 1126; x_wconf 77' lang='grc' dir='ltr'>ἀλλὰ</span> <span class='ocrx_word' id='word_1_85' title='bbox 1847 1090 1952 1124; x_wconf 88' lang='grc' dir='ltr'>κα·-</span> 
     </span>
    </p>
   </div>
   <div class='ocr_carea' id='block_1_13' title="bbox 295 1156 1954 1241">
    <p class='ocr_par' dir='ltr' id='par_1_13' title="bbox 295 1156 1954 1241">
     <span class='ocr_line' id='line_1_13' title="bbox 295 1156 1954 1241; baseline -0.006 -21"><span class='ocrx_word' id='word_1_86' title='bbox 295 1163 554 1240; x_wconf 61' lang='grc' dir='ltr'>λοόμανος</span> <span class='ocrx_word' id='word_1_87' title='bbox 595 1164 726 1241; x_wconf 76' lang='grc' dir='ltr'>ὑπὲρ</span> <span class='ocrx_word' id='word_1_88' title='bbox 767 1170 861 1219; x_wconf 80' lang='grc' dir='ltr'><strong><em>τοῦ</em></strong></span> <span class='ocrx_word' id='word_1_89' title='bbox 918 1165 1073 1233; x_wconf 79' lang='grc' dir='ltr'>Θεοῦ,</span> <span class='ocrx_word' id='word_1_90' title='bbox 1120 1163 1350 1240; x_wconf 69' lang='grc' dir='ltr'>καθάπερ</span> <span class='ocrx_word' id='word_1_91' title='bbox 1399 1162 1486 1216; x_wconf 79' lang='grc' dir='ltr'><strong><em>καὶ</em></strong></span> <span class='ocrx_word' id='word_1_92' title='bbox 1515 1159 1744 1237; x_wconf 83' lang='grc' dir='ltr'>Ἀαρών.</span> <span class='ocrx_word' id='word_1_93' title='bbox 1777 1156 1954 1222; x_wconf 69' lang='grc' dir='ltr'>Οὕτως</span> 
     </span>
    </p>
   </div>
   <div class='ocr_carea' id='block_1_14' title="bbox 271 1244 1951 1331">
    <p class='ocr_par' dir='ltr' id='par_1_14' title="bbox 271 1244 1951 1331">
     <span class='ocr_line' id='line_1_14' title="bbox 271 1244 1951 1331; baseline -0.007 -20"><span class='ocrx_word' id='word_1_94' title='bbox 271 1256 382 1310; x_wconf 83' lang='grc' dir='ltr'>·καὶ</span> <span class='ocrx_word' id='word_1_95' title='bbox 438 1257 468 1310; x_wconf 93' lang='lat'><strong><em>6</em></strong></span> <span class='ocrx_word' id='word_1_96' title='bbox 503 1281 510 1292; x_wconf 57' lang='grc' dir='ltr'>ι·</span> <span class='ocrx_word' id='word_1_97' title='bbox 526 1255 776 1331; x_wconf 77' lang='grc' dir='ltr'>Χριστὸς,</span> <span class='ocrx_word' id='word_1_98' title='bbox 849 1251 946 1309; x_wconf 75' lang='grc' dir='ltr'>οὐκ</span> <span class='ocrx_word' id='word_1_99' title='bbox 1007 1252 1191 1310; x_wconf 76' lang='grc' dir='ltr'>ἑαυτὸν</span> <span class='ocrx_word' id='word_1_100' title='bbox 1235 1248 1443 1316; x_wconf 71' lang='grc' dir='ltr'>ἑδόξασε</span> <span class='ocrx_word' id='word_1_101' title='bbox 1499 1247 1790 1327; x_wconf 73' lang='grc' dir='ltr'><strong><em>γενηθῆναι</em></strong></span> <span class='ocrx_word' id='word_1_102' title='bbox 1851 1244 1951 1325; x_wconf 68' lang='grc' dir='ltr'><strong><em>ἁρ-</em></strong></span> 
     </span>
    </p>
   </div>
   <div class='ocr_carea' id='block_1_15' title="bbox 290 1334 1948 1422">
    <p class='ocr_par' dir='ltr' id='par_1_15' title="bbox 290 1334 1948 1422">
     <span class='ocr_line' id='line_1_15' title="bbox 290 1334 1948 1422; baseline -0.005 -24"><span class='ocrx_word' id='word_1_103' title='bbox 290 1342 513 1422; x_wconf 82' lang='grc' dir='ltr'>χιερέα,</span> <span class='ocrx_word' id='word_1_104' title='bbox 535 1363 539 1366; x_wconf 94' lang='grc'><strong>·</strong></span> <span class='ocrx_word' id='word_1_105' title='bbox 561 1341 678 1397; x_wconf 82' lang='grc' dir='ltr'>ἀλλ’</span> <span class='ocrx_word' id='word_1_106' title='bbox 749 1343 778 1396; x_wconf 94' lang='lat'><strong><em>6</em></strong></span> <span class='ocrx_word' id='word_1_107' title='bbox 839 1339 1078 1411; x_wconf 83' lang='grc' dir='ltr'>λαλήσας</span> <span class='ocrx_word' id='word_1_108' title='bbox 1137 1341 1268 1419; x_wconf 83' lang='grc' dir='ltr'>πρὸς</span> <span class='ocrx_word' id='word_1_109' title='bbox 1319 1340 1498 1418; x_wconf 67' lang='grc' dir='ltr'>αὐτὸν,</span> <span class='ocrx_word' id='word_1_110' title='bbox 1560 1337 1676 1402; x_wconf 79' lang='grc' dir='ltr'>Υἱός</span> <span class='ocrx_word' id='word_1_111' title='bbox 1736 1357 1836 1410; x_wconf 90' lang='grc' dir='ltr'><strong><em>μου</em></strong></span> <span class='ocrx_word' id='word_1_112' title='bbox 1894 1334 1948 1390; x_wconf 74' lang='grc' dir='ltr'>εἷ</span> 
     </span>
    </p>
   </div>
   <div class='ocr_carea' id='block_1_16' title="bbox 276 1421 1949 1508">
    <p class='ocr_par' dir='ltr' id='par_1_16' title="bbox 276 1421 1949 1508">
     <span class='ocr_line' id='line_1_16' title="bbox 276 1421 1949 1508; baseline -0.005 -22"><span class='ocrx_word' id='word_1_113' title='bbox 276 1421 387 1506; x_wconf 43' lang='grc' dir='ltr'><strong><em>λὺ,</em></strong></span> <span class='ocrx_word' id='word_1_114' title='bbox 421 1431 530 1508; x_wconf 78' lang='grc' dir='ltr'>ἐγὼ</span> <span class='ocrx_word' id='word_1_115' title='bbox 565 1432 797 1507; x_wconf 76' lang='grc' dir='ltr'><strong><em>σήμερον</em></strong></span> <span class='ocrx_word' id='word_1_116' title='bbox 853 1429 1148 1506; x_wconf 82' lang='grc' dir='ltr'>γεγέννηκά</span> <span class='ocrx_word' id='word_1_117' title='bbox 1204 1450 1285 1489; x_wconf 92' lang='grc' dir='ltr'>σε.</span> <span class='ocrx_word' id='word_1_118' title='bbox 1345 1428 1526 1489; x_wconf 80' lang='grc' dir='ltr'>Καθὼς</span> <span class='ocrx_word' id='word_1_119' title='bbox 1573 1427 1660 1482; x_wconf 84' lang='grc' dir='ltr'>καὶ</span> <span class='ocrx_word' id='word_1_120' title='bbox 1719 1425 1772 1479; x_wconf 77' lang='grc' dir='ltr'>ἐν</span> <span class='ocrx_word' id='word_1_121' title='bbox 1826 1421 1949 1479; x_wconf 80' lang='grc' dir='ltr'>ἐτέ-</span> 
     </span>
    </p>
   </div>
   <div class='ocr_carea' id='block_1_17' title="bbox 299 1510 1950 1597">
    <p class='ocr_par' dir='ltr' id='par_1_17' title="bbox 299 1510 1950 1597">
     <span class='ocr_line' id='line_1_17' title="bbox 299 1510 1950 1597; baseline -0.005 -22"><span class='ocrx_word' id='word_1_122' title='bbox 299 1542 380 1597; x_wconf 63' lang='lat' dir='ltr'><strong><em>pq»</em></strong></span> <span class='ocrx_word' id='word_1_123' title='bbox 425 1518 569 1596; x_wconf 79' lang='grc' dir='ltr'>λέγει</span> <span class='ocrx_word' id='word_1_124' title='bbox 603 1538 616 1550; x_wconf 91' lang='grc'><strong>·</strong></span> <span class='ocrx_word' id='word_1_125' title='bbox 666 1520 739 1574; x_wconf 81' lang='grc' dir='ltr'>Σὺ</span> <span class='ocrx_word' id='word_1_126' title='bbox 775 1519 941 1597; x_wconf 77' lang='grc' dir='ltr'>ἱερεὺς</span> <span class='ocrx_word' id='word_1_127' title='bbox 998 1519 1072 1580; x_wconf 86' lang='grc' dir='ltr'><strong><em>εἱς</em></strong></span> <span class='ocrx_word' id='word_1_128' title='bbox 1114 1519 1205 1574; x_wconf 91' lang='grc' dir='ltr'><strong><em>τὸν</em></strong></span> <span class='ocrx_word' id='word_1_129' title='bbox 1260 1517 1425 1572; x_wconf 82' lang='grc' dir='ltr'>αἱῶνα</span> <span class='ocrx_word' id='word_1_130' title='bbox 1463 1515 1600 1572; x_wconf 75' lang='grc' dir='ltr'>κατὰ</span> <span class='ocrx_word' id='word_1_131' title='bbox 1651 1513 1750 1581; x_wconf 70' lang='grc' dir='ltr'>τὴν</span> <span class='ocrx_word' id='word_1_132' title='bbox 1807 1510 1950 1576; x_wconf 79' lang='grc' dir='ltr'>τάξιν</span> 
     </span>
    </p>
   </div>
   <div class='ocr_carea' id='block_1_18' title="bbox 299 1607 724 1687">
    <p class='ocr_par' dir='ltr' id='par_1_18' title="bbox 299 1607 724 1687">
     <span class='ocr_line' id='line_1_18' title="bbox 299 1607 724 1687; baseline -0.002 -23"><span class='ocrx_word' id='word_1_133' title='bbox 299 1607 660 1687; x_wconf 74' lang='grc' dir='ltr'>Μελχισεδέκ.</span> <span class='ocrx_word' id='word_1_134' title='bbox 700 1629 724 1663; x_wconf 73' lang='grc' dir='ltr'>ι</span> 
     </span>
    </p>
   </div>
   <div class='ocr_carea' id='block_1_19' title="bbox 2011 710 3674 795">
    <p class='ocr_par' dir='ltr' id='par_1_19' title="bbox 2011 710 3674 795">
     <span class='ocr_line' id='line_1_19' title="bbox 2011 710 3674 795; baseline 0.004 -25"><span class='ocrx_word' id='word_1_135' title='bbox 2011 727 2168 770; x_wconf 82' lang='lat' dir='ltr'><strong><em>mos</em></strong></span> <span class='ocrx_word' id='word_1_136' title='bbox 2193 727 2309 788; x_wconf 85' lang='lat' dir='ltr'><strong><em>pro</em></strong></span> <span class='ocrx_word' id='word_1_137' title='bbox 2359 711 2638 788; x_wconf 78' lang='lat' dir='ltr'><strong><em>peccatis,</em></strong></span> <span class='ocrx_word' id='word_1_138' title='bbox 2671 730 2773 789; x_wconf 73' lang='lat' dir='ltr'><strong><em>qui</em></strong></span> <span class='ocrx_word' id='word_1_139' title='bbox 2802 710 3114 790; x_wconf 70' lang='lat' dir='ltr'><strong><em>placibili:</em></strong></span> <span class='ocrx_word' id='word_1_140' title='bbox 3139 728 3264 773; x_wconf 84' lang='lat' dir='ltr'><strong><em>esse</em></strong></span> <span class='ocrx_word' id='word_1_141' title='bbox 3288 715 3478 790; x_wconf 81' lang='lat' dir='ltr'><strong><em>possit</em></strong></span> <span class='ocrx_word' id='word_1_142' title='bbox 3501 715 3674 795; x_wconf 76' lang='lat' dir='ltr'><strong><em>igno-</em></strong></span> 
     </span>
    </p>
   </div>
   <div class='ocr_carea' id='block_1_20' title="bbox 2036 797 3680 884">
    <p class='ocr_par' dir='ltr' id='par_1_20' title="bbox 2036 797 3680 884">
     <span class='ocr_line' id='line_1_20' title="bbox 2036 797 3680 884; baseline 0.005 -26"><span class='ocrx_word' id='word_1_143' title='bbox 2036 797 2312 859; x_wconf 86' lang='lat' dir='ltr'><strong><em>rantibus</em></strong></span> <span class='ocrx_word' id='word_1_144' title='bbox 2367 807 2423 859; x_wconf 88' lang='lat' dir='ltr'><strong><em>et</em></strong></span> <span class='ocrx_word' id='word_1_145' title='bbox 2477 797 2854 873; x_wconf 69' lang='lat' dir='ltr'><strong><em>errantibus,</em></strong></span> <span class='ocrx_word' id='word_1_146' title='bbox 2916 799 3413 879; x_wconf 84' lang='lat' dir='ltr'><strong><em>quandoquidem</em></strong></span> <span class='ocrx_word' id='word_1_147' title='bbox 3461 811 3522 863; x_wconf 91' lang='lat' dir='ltr'><strong><em>et</em></strong></span> <span class='ocrx_word' id='word_1_148' title='bbox 3553 805 3680 884; x_wconf 71' lang='lat' dir='ltr'><strong><em>ipse</em></strong></span> 
     </span>
    </p>
   </div>
   <div class='ocr_carea' id='block_1_21' title="bbox 2037 885 3676 967">
    <p class='ocr_par' dir='ltr' id='par_1_21' title="bbox 2037 885 3676 967">
     <span class='ocr_line' id='line_1_21' title="bbox 2037 885 3676 967; baseline 0.005 -21"><span class='ocrx_word' id='word_1_149' title='bbox 2037 888 2450 948; x_wconf 74' lang='lat' dir='ltr'><strong><em>circumdatus</em></strong></span> <span class='ocrx_word' id='word_1_150' title='bbox 2477 896 2560 948; x_wconf 84' lang='lat' dir='ltr'><strong><em>est</em></strong></span> <span class='ocrx_word' id='word_1_151' title='bbox 2590 887 2968 966; x_wconf 78' lang='lat' dir='ltr'><strong><em>inﬁrmitate.</em></strong></span> <span class='ocrx_word' id='word_1_152' title='bbox 2998 885 3082 949; x_wconf 83' lang='lat' dir='ltr'><strong><em>Et</em></strong></span> <span class='ocrx_word' id='word_1_153' title='bbox 3107 898 3358 967; x_wconf 81' lang='lat' dir='ltr'><strong><em>propter</em></strong></span> <span class='ocrx_word' id='word_1_154' title='bbox 3377 889 3536 953; x_wconf 82' lang='lat' dir='ltr'><strong><em>hanc</em></strong></span> <span class='ocrx_word' id='word_1_155' title='bbox 3563 894 3676 954; x_wconf 89' lang='lat' dir='ltr'><strong><em>de-</em></strong></span> 
     </span>
    </p>
   </div>
   <div class='ocr_carea' id='block_1_22' title="bbox 2042 973 3677 1061">
    <p class='ocr_par' dir='ltr' id='par_1_22' title="bbox 2042 973 3677 1061">
     <span class='ocr_line' id='line_1_22' title="bbox 2042 973 3677 1061; baseline 0.006 -26"><span class='ocrx_word' id='word_1_156' title='bbox 2042 973 2153 1044; x_wconf 86' lang='lat' dir='ltr'><strong><em>bet,</em></strong></span> <span class='ocrx_word' id='word_1_157' title='bbox 2188 975 2688 1054; x_wconf 82' lang='lat' dir='ltr'><strong><em>quemadmodum</em></strong></span> <span class='ocrx_word' id='word_1_158' title='bbox 2735 993 2846 1055; x_wconf 84' lang='lat' dir='ltr'><strong><em>pro</em></strong></span> <span class='ocrx_word' id='word_1_159' title='bbox 2873 983 3120 1056; x_wconf 82' lang='lat' dir='ltr'><strong><em>poputo,</em></strong></span> <span class='ocrx_word' id='word_1_160' title='bbox 3154 978 3241 1038; x_wconf 89' lang='lat' dir='ltr'><strong><em>ita</em></strong></span> <span class='ocrx_word' id='word_1_161' title='bbox 3269 985 3324 1038; x_wconf 88' lang='lat' dir='ltr'><strong><em>et</em></strong></span> <span class='ocrx_word' id='word_1_162' title='bbox 3353 995 3461 1058; x_wconf 84' lang='lat' dir='ltr'><strong><em>pro</em></strong></span> <span class='ocrx_word' id='word_1_163' title='bbox 3487 982 3677 1061; x_wconf 80' lang='lat' dir='ltr'><strong><em>seipso</em></strong></span> 
     </span>
    </p>
   </div>
   <div class='ocr_carea' id='block_1_23' title="bbox 2035 1063 3680 1147">
    <p class='ocr_par' dir='ltr' id='par_1_23' title="bbox 2035 1063 3680 1147">
     <span class='ocr_line' id='line_1_23' title="bbox 2035 1063 3680 1147; baseline 0.004 -23"><span class='ocrx_word' id='word_1_164' title='bbox 2035 1063 2248 1141; x_wconf 71' lang='lat' dir='ltr'><strong><em>o/Tcrre</em></strong></span> <span class='ocrx_word' id='word_1_165' title='bbox 2275 1083 2386 1143; x_wconf 84' lang='lat' dir='ltr'><strong><em>pro</em></strong></span> <span class='ocrx_word' id='word_1_166' title='bbox 2409 1065 2690 1143; x_wconf 88' lang='lat' dir='ltr'><strong><em>peccatis.</em></strong></span> <span class='ocrx_word' id='word_1_167' title='bbox 2721 1065 2801 1126; x_wconf 87' lang='lat' dir='ltr'><strong><em>Et</em></strong></span> <span class='ocrx_word' id='word_1_168' title='bbox 2824 1081 3002 1126; x_wconf 80' lang='lat' dir='ltr'><strong><em>nemo</em></strong></span> <span class='ocrx_word' id='word_1_169' title='bbox 3027 1065 3270 1144; x_wconf 82' lang='lat' dir='ltr'><strong><em>sibiipsi</em></strong></span> <span class='ocrx_word' id='word_1_170' title='bbox 3294 1076 3550 1147; x_wconf 73' lang='lat' dir='ltr'><strong><em>usurpat</em></strong></span> <span class='ocrx_word' id='word_1_171' title='bbox 3581 1073 3680 1132; x_wconf 72' lang='lat' dir='ltr'><strong><em>lto-</em></strong></span> 
     </span>
    </p>
   </div>
   <div class='ocr_carea' id='block_1_24' title="bbox 2034 1152 3673 1231">
    <p class='ocr_par' dir='ltr' id='par_1_24' title="bbox 2034 1152 3673 1231">
     <span class='ocr_line' id='line_1_24' title="bbox 2034 1152 3673 1231; baseline 0.008 -20"><span class='ocrx_word' id='word_1_172' title='bbox 2034 1169 2262 1226; x_wconf 84' lang='lat' dir='ltr'><strong><em>uorem,</em></strong></span> <span class='ocrx_word' id='word_1_173' title='bbox 2321 1155 2428 1214; x_wconf 77' lang='lat' dir='ltr'><strong><em>sed</em></strong></span> <span class='ocrx_word' id='word_1_174' title='bbox 2480 1154 2583 1231; x_wconf 88' lang='lat' dir='ltr'><strong><em>qui</em></strong></span> <span class='ocrx_word' id='word_1_175' title='bbox 2639 1160 2890 1214; x_wconf 81' lang='lat' dir='ltr'><strong><em>vocatur</em></strong></span> <span class='ocrx_word' id='word_1_176' title='bbox 2931 1171 2969 1214; x_wconf 88' lang='grc' dir='ltr'><strong><em>ιι</em></strong></span> <span class='ocrx_word' id='word_1_177' title='bbox 3006 1152 3152 1227; x_wconf 70' lang='lat' dir='ltr'><strong><em>Der,</em></strong></span> <span class='ocrx_word' id='word_1_178' title='bbox 3177 1156 3331 1216; x_wconf 79' lang='lat' dir='ltr'><strong><em>sicut</em></strong></span> <span class='ocrx_word' id='word_1_179' title='bbox 3360 1163 3415 1217; x_wconf 88' lang='lat' dir='ltr'><strong><em>et</em></strong></span> <span class='ocrx_word' id='word_1_180' title='bbox 3447 1163 3673 1225; x_wconf 74' lang='lat' dir='ltr'><strong><em>Aaron.</em></strong></span> 
     </span>
    </p>
   </div>
   <div class='ocr_carea' id='block_1_25' title="bbox 2034 1239 3677 1323">
    <p class='ocr_par' dir='ltr' id='par_1_25' title="bbox 2034 1239 3677 1323">
     <span class='ocr_line' id='line_1_25' title="bbox 2034 1239 3677 1323; baseline 0.005 -21"><span class='ocrx_word' id='word_1_181' title='bbox 2034 1239 2128 1302; x_wconf 88' lang='lat' dir='ltr'><strong><em>Ita</em></strong></span> <span class='ocrx_word' id='word_1_182' title='bbox 2156 1249 2209 1302; x_wconf 93' lang='lat' dir='ltr'><strong><em>et</em></strong></span> <span class='ocrx_word' id='word_1_183' title='bbox 2244 1242 2520 1303; x_wconf 72' lang='lat' dir='ltr'><strong><em>Christus</em></strong></span> <span class='ocrx_word' id='word_1_184' title='bbox 2576 1259 2699 1302; x_wconf 82' lang='lat' dir='ltr'><strong><em>non</em></strong></span> <span class='ocrx_word' id='word_1_185' title='bbox 2750 1243 3142 1321; x_wconf 70' lang='lat' dir='ltr'><strong><em>semetipsum</em></strong></span> <span class='ocrx_word' id='word_1_186' title='bbox 3193 1241 3562 1323; x_wconf 80' lang='lat' dir='ltr'><strong><em>gloriﬁcavit</em></strong></span> <span class='ocrx_word' id='word_1_187' title='bbox 3593 1257 3677 1311; x_wconf 89' lang='lat' dir='ltr'><strong><em>.ut</em></strong></span> 
     </span>
    </p>
   </div>
   <div class='ocr_carea' id='block_1_26' title="bbox 2029 1329 3680 1409">
    <p class='ocr_par' dir='ltr' id='par_1_26' title="bbox 2029 1329 3680 1409">
     <span class='ocr_line' id='line_1_26' title="bbox 2029 1329 3680 1409; baseline 0.004 -19"><span class='ocrx_word' id='word_1_188' title='bbox 2029 1329 2315 1408; x_wconf 75' lang='lat' dir='ltr'><strong><em>pontifex</em></strong></span> <span class='ocrx_word' id='word_1_189' title='bbox 2339 1331 2508 1409; x_wconf 83' lang='lat' dir='ltr'><strong><em>ﬁeret</em></strong></span> <span class='ocrx_word' id='word_1_190' title='bbox 2539 1349 2558 1390; x_wconf 92' lang='lat'><strong><em>:</em></strong></span> <span class='ocrx_word' id='word_1_191' title='bbox 2587 1331 2690 1392; x_wconf 77' lang='lat' dir='ltr'><strong><em>sed</em></strong></span> <span class='ocrx_word' id='word_1_192' title='bbox 2724 1330 2775 1390; x_wconf 85' lang='lat' dir='ltr'><strong><em>is</em></strong></span> <span class='ocrx_word' id='word_1_193' title='bbox 2803 1329 2912 1407; x_wconf 86' lang='lat' dir='ltr'><strong><em>qui</em></strong></span> <span class='ocrx_word' id='word_1_194' title='bbox 2941 1330 3190 1393; x_wconf 74' lang='lat' dir='ltr'><strong><em>dixerat</em></strong></span> <span class='ocrx_word' id='word_1_195' title='bbox 3229 1331 3324 1394; x_wconf 84' lang='lat' dir='ltr'><strong><em>illi</em></strong></span> <span class='ocrx_word' id='word_1_196' title='bbox 3356 1355 3374 1396; x_wconf 93' lang='lat'><em>:</em></span> <span class='ocrx_word' id='word_1_197' title='bbox 3407 1335 3544 1395; x_wconf 71' lang='lat'><strong><em>347</em></strong></span> <span class='ocrx_word' id='word_1_198' title='bbox 3578 1340 3680 1398; x_wconf 79' lang='lat' dir='ltr'><strong><em>Fi-</em></strong></span> 
     </span>
    </p>
   </div>
   <div class='ocr_carea' id='block_1_27' title="bbox 2035 1416 3681 1498">
    <p class='ocr_par' dir='ltr' id='par_1_27' title="bbox 2035 1416 3681 1498">
     <span class='ocr_line' id='line_1_27' title="bbox 2035 1416 3681 1498; baseline 0.007 -21"><span class='ocrx_word' id='word_1_199' title='bbox 2035 1416 2154 1479; x_wconf 77' lang='lat' dir='ltr'><strong><em>lius</em></strong></span> <span class='ocrx_word' id='word_1_200' title='bbox 2183 1436 2349 1480; x_wconf 86' lang='lat' dir='ltr'><strong><em>meus</em></strong></span> <span class='ocrx_word' id='word_1_201' title='bbox 2376 1436 2437 1480; x_wconf 86' lang='lat' dir='ltr'><strong><em>es</em></strong></span> <span class='ocrx_word' id='word_1_202' title='bbox 2465 1427 2552 1498; x_wconf 83' lang='lat' dir='ltr'><strong><em>tu,</em></strong></span> <span class='ocrx_word' id='word_1_203' title='bbox 2585 1436 2696 1497; x_wconf 87' lang='lat' dir='ltr'><strong><em>ego</em></strong></span> <span class='ocrx_word' id='word_1_204' title='bbox 2724 1417 2904 1480; x_wconf 85' lang='lat' dir='ltr'><strong><em>hodie</em></strong></span> <span class='ocrx_word' id='word_1_205' title='bbox 2932 1421 3119 1498; x_wconf 86' lang='lat' dir='ltr'><strong><em>genui</em></strong></span> <span class='ocrx_word' id='word_1_206' title='bbox 3155 1427 3233 1482; x_wconf 86' lang='lat' dir='ltr'><strong><em>te.</em></strong></span> <span class='ocrx_word' id='word_1_207' title='bbox 3265 1424 3421 1485; x_wconf 80' lang='lat' dir='ltr'><strong><em>sicut</em></strong></span> <span class='ocrx_word' id='word_1_208' title='bbox 3455 1431 3513 1486; x_wconf 87' lang='lat' dir='ltr'><strong><em>et</em></strong></span> <span class='ocrx_word' id='word_1_209' title='bbox 3531 1424 3681 1488; x_wconf 82' lang='lat' dir='ltr'><strong><em>alibi</em></strong></span> 
     </span>
    </p>
   </div>
   <div class='ocr_carea' id='block_1_28' title="bbox 2034 1506 3680 1576">
    <p class='ocr_par' dir='ltr' id='par_1_28' title="bbox 2034 1506 3680 1576">
     <span class='ocr_line' id='line_1_28' title="bbox 2034 1506 3680 1576; baseline 0.005 -9"><span class='ocrx_word' id='word_1_210' title='bbox 2034 1506 2184 1567; x_wconf 88' lang='lat' dir='ltr'><strong><em>dicit</em></strong></span> <span class='ocrx_word' id='word_1_211' title='bbox 2216 1527 2232 1565; x_wconf 92' lang='lat'><em>:</em></span> <span class='ocrx_word' id='word_1_212' title='bbox 2275 1507 2354 1568; x_wconf 86' lang='lat' dir='ltr'><strong><em>Tu</em></strong></span> <span class='ocrx_word' id='word_1_213' title='bbox 2387 1526 2446 1568; x_wconf 83' lang='lat' dir='ltr'><strong><em>es</em></strong></span> <span class='ocrx_word' id='word_1_214' title='bbox 2475 1507 2760 1569; x_wconf 87' lang='lat' dir='ltr'><strong><em>sacevdos</em></strong></span> <span class='ocrx_word' id='word_1_215' title='bbox 2789 1509 3181 1571; x_wconf 70' lang='lat' dir='ltr'><strong><em>iumentum</em></strong></span> <span class='ocrx_word' id='word_1_216' title='bbox 3209 1512 3538 1574; x_wconf 82' lang='lat' dir='ltr'><strong><em>secundum</em></strong></span> <span class='ocrx_word' id='word_1_217' title='bbox 3571 1531 3680 1576; x_wconf 81' lang='lat' dir='ltr'><strong><em>or-</em></strong></span> 
     </span>
    </p>
   </div>
   <div class='ocr_carea' id='block_1_29' title="bbox 2034 1595 2724 1658">
    <p class='ocr_par' dir='ltr' id='par_1_29' title="bbox 2034 1595 2724 1658">
     <span class='ocr_line' id='line_1_29' title="bbox 2034 1595 2724 1658; baseline 0.004 -3"><span class='ocrx_word' id='word_1_218' title='bbox 2034 1595 2241 1657; x_wconf 82' lang='lat' dir='ltr'><strong><em>dinem</em></strong></span> <span class='ocrx_word' id='word_1_219' title='bbox 2273 1595 2724 1658; x_wconf 64' lang='lat' dir='ltr'><strong><em>Melchisedech.</em></strong></span> 
     </span>
    </p>
   </div>
   <div class='ocr_carea' id='block_1_30' title="bbox 377 1683 1958 1780">
    <p class='ocr_par' dir='ltr' id='par_1_30' title="bbox 377 1683 1958 1776">
     <span class='ocr_line' id='line_1_30' title="bbox 377 1683 1958 1776; baseline 0.02 -24"><span class='ocrx_word' id='word_1_220' title='bbox 377 1683 527 1753; x_wconf 72' lang='grc' dir='ltr'>Θέλει</span> <span class='ocrx_word' id='word_1_221' title='bbox 559 1699 779 1752; x_wconf 69' lang='grc' dir='ltr'>ενταῦθα</span> <span class='ocrx_word' id='word_1_222' title='bbox 807 1693 997 1772; x_wconf 78' lang='grc' dir='ltr'>δεῖξαι,</span> <span class='ocrx_word' id='word_1_223' title='bbox 1038 1693 1118 1752; x_wconf 79' lang='grc' dir='ltr'><strong><em>ὅτι</em></strong></span> <span class='ocrx_word' id='word_1_224' title='bbox 1153 1695 1344 1769; x_wconf 68' lang='grc' dir='ltr'><strong><em>μείζων</em></strong></span> <span class='ocrx_word' id='word_1_225' title='bbox 1373 1695 1407 1761; x_wconf 74' lang='grc' dir='ltr'><strong>ἦ</strong></span> <span class='ocrx_word' id='word_1_226' title='bbox 1438 1692 1545 1750; x_wconf 71' lang='grc' dir='ltr'>Νέα</span> <span class='ocrx_word' id='word_1_227' title='bbox 1579 1693 1818 1761; x_wconf 58' lang='grc' dir='ltr'>Διπθήκη</span> <span class='ocrx_word' id='word_1_228' title='bbox 1849 1695 1958 1776; x_wconf 48' lang='lat' dir='ltr'><strong><em>ﬁli:</em></strong></span> 
     </span>
    </p>
   </div>
   <div class='ocr_carea' id='block_1_31' title="bbox 2042 1683 3682 1780">
    <p class='ocr_par' dir='ltr' id='par_1_31' title="bbox 2062 1683 3682 1780">
     <span class='ocr_line' id='line_1_31' title="bbox 2062 1683 3682 1780; baseline 0.006 -36"><span class='ocrx_word' id='word_1_229' title='bbox 2062 1771 2072 1780; x_wconf 74' lang='lat'><strong>_</strong></span> <span class='ocrx_word' id='word_1_230' title='bbox 2101 1683 3381 1780; x_wconf 73' lang='lat' dir='ltr'><strong><em>Vulthic_ostendere,NovumTestamentum</em></strong></span> <span class='ocrx_word' id='word_1_231' title='bbox 3399 1700 3682 1770; x_wconf 64' lang='lat' dir='ltr'><strong><em>praestan-</em></strong></span> 
     </span>
    </p>
   </div>
   <div class='ocr_carea' id='block_1_32' title="bbox 298 1771 1958 1859">
    <p class='ocr_par' dir='ltr' id='par_1_32' title="bbox 298 1780 1950 1859">
     <span class='ocr_line' id='line_1_32' title="bbox 298 1780 1950 1859; baseline -0.005 -16"><span class='ocrx_word' id='word_1_232' title='bbox 298 1785 562 1848; x_wconf 81' lang='grc' dir='ltr'>Παλαιᾶς.</span> <span class='ocrx_word' id='word_1_233' title='bbox 597 1784 704 1842; x_wconf 68' lang='grc' dir='ltr'><strong><em>Καὶ</em></strong></span> <span class='ocrx_word' id='word_1_234' title='bbox 751 1792 906 1842; x_wconf 81' lang='grc' dir='ltr'>τοῦτο</span> <span class='ocrx_word' id='word_1_235' title='bbox 949 1798 1096 1840; x_wconf 76' lang='grc' dir='ltr'>ποιεῖ</span> <span class='ocrx_word' id='word_1_236' title='bbox 1138 1785 1294 1853; x_wconf 85' lang='grc' dir='ltr'>τέως,</span> <span class='ocrx_word' id='word_1_237' title='bbox 1351 1785 1424 1848; x_wconf 85' lang='grc' dir='ltr'>ὡς</span> <span class='ocrx_word' id='word_1_238' title='bbox 1479 1783 1585 1838; x_wconf 82' lang='grc' dir='ltr'>ἀπὸ</span> <span class='ocrx_word' id='word_1_239' title='bbox 1625 1788 1731 1838; x_wconf 79' lang='grc' dir='ltr'><strong><em>τῶν</em></strong></span> <span class='ocrx_word' id='word_1_240' title='bbox 1772 1780 1950 1859; x_wconf 83' lang='grc' dir='ltr'>ἱερέων</span> 
     </span>
    </p>
   </div>
   <div class='ocr_carea' id='block_1_33' title="bbox 2042 1771 3680 1859">
    <p class='ocr_par' dir='ltr' id='par_1_33' title="bbox 2042 1771 3680 1842">
     <span class='ocr_line' id='line_1_33' title="bbox 2042 1771 3680 1842; baseline 0.007 -12"><span class='ocrx_word' id='word_1_241' title='bbox 2042 1771 2149 1832; x_wconf 78' lang='lat' dir='ltr'><strong><em>tius</em></strong></span> <span class='ocrx_word' id='word_1_242' title='bbox 2179 1790 2312 1833; x_wconf 89' lang='lat' dir='ltr'><strong><em>esse</em></strong></span> <span class='ocrx_word' id='word_1_243' title='bbox 2345 1771 2544 1833; x_wconf 89' lang='lat' dir='ltr'><strong><em>Veteri</em></strong></span> <span class='ocrx_word' id='word_1_244' title='bbox 2569 1791 2584 1830; x_wconf 88' lang='lat'><strong>:</strong></span> <span class='ocrx_word' id='word_1_245' title='bbox 2605 1779 2665 1833; x_wconf 90' lang='lat' dir='ltr'><strong><em>et</em></strong></span> <span class='ocrx_word' id='word_1_246' title='bbox 2685 1773 2797 1833; x_wconf 92' lang='lat' dir='ltr'><strong><em>hoc</em></strong></span> <span class='ocrx_word' id='word_1_247' title='bbox 2829 1773 3071 1835; x_wconf 86' lang='lat' dir='ltr'><strong><em>interim</em></strong></span> <span class='ocrx_word' id='word_1_248' title='bbox 3100 1774 3680 1842; x_wconf 82' lang='lat' dir='ltr'><strong><em>facit.velutinducta</em></strong></span> 
     </span>
    </p>
   </div>
   <div class='ocr_carea' id='block_1_34' title="bbox 297 1862 1952 1952">
    <p class='ocr_par' dir='ltr' id='par_1_34' title="bbox 297 1862 1952 1952">
     <span class='ocr_line' id='line_1_34' title="bbox 297 1862 1952 1952; baseline -0.004 -22"><span class='ocrx_word' id='word_1_249' title='bbox 297 1876 402 1942; x_wconf 75' lang='grc' dir='ltr'><strong><em>τὴν</em></strong></span> <span class='ocrx_word' id='word_1_250' title='bbox 449 1874 694 1952; x_wconf 77' lang='grc' dir='ltr'>σύκρισιν</span> <span class='ocrx_word' id='word_1_251' title='bbox 749 1874 991 1951; x_wconf 73' lang='grc' dir='ltr'>εἰσάγων,</span> <span class='ocrx_word' id='word_1_252' title='bbox 1060 1862 1190 1930; x_wconf 75' lang='lat' dir='ltr'><strong><em>U0-:t.</em></strong></span> <span class='ocrx_word' id='word_1_253' title='bbox 1244 1873 1420 1938; x_wconf 66' lang='grc' dir='ltr'>εκείνη</span> <span class='ocrx_word' id='word_1_254' title='bbox 1478 1872 1599 1950; x_wconf 77' lang='grc' dir='ltr'>μὲν,</span> <span class='ocrx_word' id='word_1_255' title='bbox 1654 1869 1952 1946; x_wconf 75' lang='grc' dir='ltr'><strong><em>ἀνθρώπους</em></strong></span> 
     </span>
    </p>
   </div>
   <div class='ocr_carea' id='block_1_35' title="bbox 300 1958 1953 2043">
    <p class='ocr_par' dir='ltr' id='par_1_35' title="bbox 300 1958 1953 2043">
     <span class='ocr_line' id='line_1_35' title="bbox 300 1958 1953 2043; baseline -0.005 -24"><span class='ocrx_word' id='word_1_256' title='bbox 300 1964 464 2043; x_wconf 76' lang='grc' dir='ltr'>εἶχεν</span> <span class='ocrx_word' id='word_1_257' title='bbox 494 1962 686 2040; x_wconf 81' lang='grc' dir='ltr'>ἱερέας,</span> <span class='ocrx_word' id='word_1_258' title='bbox 720 1960 852 2028; x_wconf 75' lang='grc' dir='ltr'>αὕτη</span> <span class='ocrx_word' id='word_1_259' title='bbox 883 1960 938 2017; x_wconf 82' lang='grc' dir='ltr'><strong><em>δὲ</em></strong></span> <span class='ocrx_word' id='word_1_260' title='bbox 992 1963 1082 2018; x_wconf 88' lang='grc' dir='ltr'><strong><em>τὸν</em></strong></span> <span class='ocrx_word' id='word_1_261' title='bbox 1131 1962 1378 2041; x_wconf 82' lang='grc' dir='ltr'>Χριστόν.</span> <span class='ocrx_word' id='word_1_262' title='bbox 1443 1984 1470 2014; x_wconf 79' lang='grc' dir='ltr'><strong><em>σ</em></strong></span> <span class='ocrx_word' id='word_1_263' title='bbox 1530 1959 1616 2024; x_wconf 80' lang='grc' dir='ltr'><strong><em>Ἐξ</em></strong></span> <span class='ocrx_word' id='word_1_264' title='bbox 1669 1958 1953 2033; x_wconf 78' lang='grc' dir='ltr'>ἀνθρώπων</span> 
     </span>
    </p>
   </div>
   <div class='ocr_carea' id='block_1_36' title="bbox 299 2044 1953 2128">
    <p class='ocr_par' dir='ltr' id='par_1_36' title="bbox 299 2044 1953 2128">
     <span class='ocr_line' id='line_1_36' title="bbox 299 2044 1953 2128; baseline -0.004 -21"><span class='ocrx_word' id='word_1_265' title='bbox 299 2049 729 2126; x_wconf 77' lang='grc' dir='ltr'>λαμϐανόμενον.</span> <span class='ocrx_word' id='word_1_266' title='bbox 783 2073 808 2107; x_wconf 75' lang='grc' dir='ltr'>ι)</span> <span class='ocrx_word' id='word_1_267' title='bbox 872 2051 1154 2124; x_wconf 86' lang='grc' dir='ltr'>Τουτέστι,</span> <span class='ocrx_word' id='word_1_268' title='bbox 1212 2048 1663 2128; x_wconf 81' lang='grc' dir='ltr'>προϐαλλόμενον.</span> <span class='ocrx_word' id='word_1_269' title='bbox 1714 2049 1769 2103; x_wconf 79' lang='grc' dir='ltr'><strong><em>Εἰ</em></strong></span> <span class='ocrx_word' id='word_1_270' title='bbox 1825 2044 1882 2101; x_wconf 80' lang='grc' dir='ltr'><strong><em>δὲ</em></strong></span> <span class='ocrx_word' id='word_1_271' title='bbox 1926 2048 1953 2101; x_wconf 86' lang='lat'><strong><em>6</em></strong></span> 
     </span>
    </p>
   </div>
   <div class='ocr_carea' id='block_1_37' title="bbox 301 2135 1950 2217">
    <p class='ocr_par' dir='ltr' id='par_1_37' title="bbox 301 2135 1950 2217">
     <span class='ocr_line' id='line_1_37' title="bbox 301 2135 1950 2217; baseline -0.002 -23"><span class='ocrx_word' id='word_1_272' title='bbox 301 2139 355 2204; x_wconf 77' lang='grc' dir='ltr'><strong><em>ἐξ</em></strong></span> <span class='ocrx_word' id='word_1_273' title='bbox 409 2139 697 2217; x_wconf 82' lang='grc' dir='ltr'>ἀνθρώπων</span> <span class='ocrx_word' id='word_1_274' title='bbox 755 2135 1152 2213; x_wconf 78' lang='grc' dir='ltr'>λαμϐανόμενος</span> <span class='ocrx_word' id='word_1_275' title='bbox 1212 2141 1559 2217; x_wconf 78' lang='grc' dir='ltr'>μετριοπαθεϊ</span> <span class='ocrx_word' id='word_1_276' title='bbox 1630 2149 1744 2198; x_wconf 76' lang='grc' dir='ltr'>τοῖς</span> <span class='ocrx_word' id='word_1_277' title='bbox 1789 2135 1950 2213; x_wconf 81' lang='grc' dir='ltr'>ἁγνο-</span> 
     </span>
    </p>
   </div>
   <div class='ocr_carea' id='block_1_38' title="bbox 297 2225 1956 2302">
    <p class='ocr_par' dir='ltr' id='par_1_38' title="bbox 297 2225 1956 2302">
     <span class='ocr_line' id='line_1_38' title="bbox 297 2225 1956 2302; baseline -0.003 -20"><span class='ocrx_word' id='word_1_278' title='bbox 297 2233 412 2282; x_wconf 75' lang='grc' dir='ltr'>οῠσι</span> <span class='ocrx_word' id='word_1_279' title='bbox 469 2227 556 2281; x_wconf 83' lang='grc' dir='ltr'><strong><em>καὶ</em></strong></span> <span class='ocrx_word' id='word_1_280' title='bbox 623 2225 1012 2301; x_wconf 81' lang='grc' dir='ltr'>πλανωμένοις,</span> <span class='ocrx_word' id='word_1_281' title='bbox 1075 2227 1228 2300; x_wconf 85' lang='grc' dir='ltr'>πόσῳ</span> <span class='ocrx_word' id='word_1_282' title='bbox 1313 2225 1514 2302; x_wconf 81' lang='grc' dir='ltr'>μᾶλλον</span> <span class='ocrx_word' id='word_1_283' title='bbox 1591 2227 1618 2280; x_wconf 90' lang='lat'><strong><em>6</em></strong></span> <span class='ocrx_word' id='word_1_284' title='bbox 1691 2225 1824 2299; x_wconf 71' lang='grc' dir='ltr'>μετὰ</span> <span class='ocrx_word' id='word_1_285' title='bbox 1864 2229 1956 2279; x_wconf 81' lang='grc' dir='ltr'>τοῦ</span> 
     </span>
    </p>
   </div>
   <div class='ocr_carea' id='block_1_39' title="bbox 286 2313 1956 2393">
    <p class='ocr_par' dir='ltr' id='par_1_39' title="bbox 286 2313 1956 2393">
     <span class='ocr_line' id='line_1_39' title="bbox 286 2313 1956 2393; baseline -0.001 -26"><span class='ocrx_word' id='word_1_286' title='bbox 286 2315 575 2393; x_wconf 69' lang='grc' dir='ltr'>,ἄνθρωπος</span> <span class='ocrx_word' id='word_1_287' title='bbox 650 2315 792 2371; x_wconf 78' lang='grc' dir='ltr'>εἶναι</span> <span class='ocrx_word' id='word_1_288' title='bbox 878 2317 967 2371; x_wconf 89' lang='grc' dir='ltr'><strong><em>καὶ</em></strong></span> <span class='ocrx_word' id='word_1_289' title='bbox 1039 2318 1168 2380; x_wconf 82' lang='grc' dir='ltr'>Θεὸς</span> <span class='ocrx_word' id='word_1_290' title='bbox 1239 2315 1312 2372; x_wconf 81' lang='grc' dir='ltr'>ὢν</span> <span class='ocrx_word' id='word_1_291' title='bbox 1387 2315 1798 2390; x_wconf 79' lang='grc' dir='ltr'>μετριοπαθήσει</span> <span class='ocrx_word' id='word_1_292' title='bbox 1868 2313 1956 2367; x_wconf 87' lang='grc' dir='ltr'><strong><em>καὶ</em></strong></span> 
     </span>
    </p>
   </div>
   <div class='ocr_carea' id='block_1_40' title="bbox 303 2398 1954 2483">
    <p class='ocr_par' dir='ltr' id='par_1_40' title="bbox 303 2398 1954 2483">
     <span class='ocr_line' id='line_1_40' title="bbox 303 2398 1954 2483; baseline -0.002 -25"><span class='ocrx_word' id='word_1_293' title='bbox 303 2417 472 2483; x_wconf 75' lang='grc' dir='ltr'>χεῖρα</span> <span class='ocrx_word' id='word_1_294' title='bbox 530 2403 692 2482; x_wconf 78' lang='grc' dir='ltr'>ὀρέξει</span> <span class='ocrx_word' id='word_1_295' title='bbox 735 2417 853 2466; x_wconf 74' lang='grc' dir='ltr'>τοῖς</span> <span class='ocrx_word' id='word_1_296' title='bbox 897 2404 1142 2482; x_wconf 73' lang='grc' dir='ltr'>ἀγνοοῦσι</span> <span class='ocrx_word' id='word_1_297' title='bbox 1174 2405 1261 2459; x_wconf 82' lang='grc' dir='ltr'><strong><em>καὶ</em></strong></span> <span class='ocrx_word' id='word_1_298' title='bbox 1317 2402 1684 2477; x_wconf 75' lang='grc' dir='ltr'>πλανωμένοις</span> <span class='ocrx_word' id='word_1_299' title='bbox 1721 2421 1737 2480; x_wconf 80' lang='grc'>;</span> <span class='ocrx_word' id='word_1_300' title='bbox 1807 2402 1865 2457; x_wconf 76' lang='lat' dir='ltr'><strong><em>Ei</em></strong></span> <span class='ocrx_word' id='word_1_301' title='bbox 1907 2398 1954 2454; x_wconf 79' lang='grc' dir='ltr'><strong><em>δ’</em></strong></span> 
     </span>
    </p>
   </div>
   <div class='ocr_carea' id='block_1_41' title="bbox 299 2490 1954 2570">
    <p class='ocr_par' dir='ltr' id='par_1_41' title="bbox 299 2490 1954 2570">
     <span class='ocr_line' id='line_1_41' title="bbox 299 2490 1954 2570; baseline -0.002 -22"><span class='ocrx_word' id='word_1_302' title='bbox 299 2492 472 2556; x_wconf 67' lang='grc' dir='ltr'>οὕτως</span> <span class='ocrx_word' id='word_1_303' title='bbox 543 2493 780 2565; x_wconf 76' lang='grc' dir='ltr'>νοηθείη,</span> <span class='ocrx_word' id='word_1_304' title='bbox 847 2494 934 2548; x_wconf 82' lang='grc' dir='ltr'><strong><em>καὶ</em></strong></span> <span class='ocrx_word' id='word_1_305' title='bbox 989 2496 1070 2564; x_wconf 82' lang='grc' dir='ltr'><strong><em>τὸ,</em></strong></span> <span class='ocrx_word' id='word_1_306' title='bbox 1132 2490 1564 2570; x_wconf 80' lang='grc' dir='ltr'>Λαμϐανόμενος,</span> <span class='ocrx_word' id='word_1_307' title='bbox 1625 2491 1954 2568; x_wconf 78' lang='grc' dir='ltr'>ἑτοιμότερον</span> 
     </span>
    </p>
   </div>
   <div class='ocr_carea' id='block_1_42' title="bbox 297 2579 1952 2660">
    <p class='ocr_par' dir='ltr' id='par_1_42' title="bbox 297 2579 1952 2660">
     <span class='ocr_line' id='line_1_42' title="bbox 297 2579 1952 2660; baseline -0.002 -24"><span class='ocrx_word' id='word_1_308' title='bbox 297 2580 691 2660; x_wconf 61' lang='grc' dir='ltr'>έκληῳθήσεται</span> <span class='ocrx_word' id='word_1_309' title='bbox 752 2580 864 2638; x_wconf 75' lang='grc' dir='ltr'>ἀντὶ</span> <span class='ocrx_word' id='word_1_310' title='bbox 905 2588 1020 2660; x_wconf 81' lang='grc' dir='ltr'>τοῦ,</span> <span class='ocrx_word' id='word_1_311' title='bbox 1081 2581 1512 2660; x_wconf 75' lang='grc' dir='ltr'>Ἀφοριζόμενος.</span> <span class='ocrx_word' id='word_1_312' title='bbox 1565 2583 1658 2644; x_wconf 83' lang='grc' dir='ltr'><strong><em>Εἷς</em></strong></span> <span class='ocrx_word' id='word_1_313' title='bbox 1713 2579 1786 2635; x_wconf 84' lang='grc' dir='ltr'>ὢν</span> <span class='ocrx_word' id='word_1_314' title='bbox 1848 2583 1952 2634; x_wconf 85' lang='grc' dir='ltr'>τῶν</span> 
     </span>
    </p>
   </div>
   <div class='ocr_carea' id='block_1_43' title="bbox 301 2666 1950 2751">
    <p class='ocr_par' dir='ltr' id='par_1_43' title="bbox 301 2666 1950 2751">
     <span class='ocr_line' id='line_1_43' title="bbox 301 2666 1950 2751; baseline 0 -27"><span class='ocrx_word' id='word_1_315' title='bbox 301 2670 616 2751; x_wconf 63' lang='grc' dir='ltr'>ἀνθρώπων,</span> <span class='ocrx_word' id='word_1_316' title='bbox 692 2671 781 2726; x_wconf 86' lang='grc' dir='ltr'><strong><em>καὶ</em></strong></span> <span class='ocrx_word' id='word_1_317' title='bbox 848 2669 901 2734; x_wconf 72' lang='grc' dir='ltr'>ἒξ</span> <span class='ocrx_word' id='word_1_318' title='bbox 955 2674 1126 2728; x_wconf 70' lang='grc' dir='ltr'>αὐτῶν</span> <span class='ocrx_word' id='word_1_319' title='bbox 1193 2672 1264 2734; x_wconf 80' lang='grc' dir='ltr'><strong><em>είς</em></strong></span> <span class='ocrx_word' id='word_1_320' title='bbox 1320 2669 1457 2748; x_wconf 87' lang='grc' dir='ltr'>ἱερέα</span> <span class='ocrx_word' id='word_1_321' title='bbox 1530 2666 1950 2746; x_wconf 74' lang='grc' dir='ltr'>λαμϐανόμενος,</span> 
     </span>
    </p>
   </div>
   <div class='ocr_carea' id='block_1_44' title="bbox 303 2749 1954 2837">
    <p class='ocr_par' dir='ltr' id='par_1_44' title="bbox 303 2749 1954 2837">
     <span class='ocr_line' id='line_1_44' title="bbox 303 2749 1954 2837; baseline -0.001 -23"><span class='ocrx_word' id='word_1_322' title='bbox 303 2760 487 2837; x_wconf 75' lang='grc' dir='ltr'>φησίν.</span> <span class='ocrx_word' id='word_1_323' title='bbox 561 2749 610 2812; x_wconf 25' lang='grc'><strong><em>«⁷</em></strong></span> <span class='ocrx_word' id='word_1_324' title='bbox 650 2749 809 2836; x_wconf 68' lang='grc' dir='ltr'><strong><em>Ὑπῖρ</em></strong></span> <span class='ocrx_word' id='word_1_325' title='bbox 865 2759 1149 2836; x_wconf 80' lang='grc' dir='ltr'>ἀνθρώπων</span> <span class='ocrx_word' id='word_1_326' title='bbox 1205 2759 1508 2815; x_wconf 77' lang='grc' dir='ltr'>καθίσταται</span> <span class='ocrx_word' id='word_1_327' title='bbox 1565 2760 1638 2821; x_wconf 81' lang='grc' dir='ltr'>εἷς</span> <span class='ocrx_word' id='word_1_328' title='bbox 1705 2759 1770 2812; x_wconf 77' lang='grc' dir='ltr'><strong><em>τὰ</em></strong></span> <span class='ocrx_word' id='word_1_329' title='bbox 1825 2759 1954 2836; x_wconf 88' lang='grc' dir='ltr'>πρὸς</span> 
     </span>
    </p>
   </div>
   <div class='ocr_carea' id='block_1_45' title="bbox 2035 1861 3676 1947">
    <p class='ocr_par' dir='ltr' id='par_1_45' title="bbox 2035 1861 3676 1947">
     <span class='ocr_line' id='line_1_45' title="bbox 2035 1861 3676 1947; baseline 0.006 -28"><span class='ocrx_word' id='word_1_330' title='bbox 2035 1879 2069 1920; x_wconf 89' lang='lat' dir='ltr'><strong><em>a</em></strong></span> <span class='ocrx_word' id='word_1_331' title='bbox 2095 1861 2505 1923; x_wconf 74' lang='lat' dir='ltr'><strong><em>sacerdotibus</em></strong></span> <span class='ocrx_word' id='word_1_332' title='bbox 2535 1863 3000 1941; x_wconf 75' lang='lat' dir='ltr'><strong><em>comparatione,</em></strong></span> <span class='ocrx_word' id='word_1_333' title='bbox 3051 1863 3206 1942; x_wconf 88' lang='lat' dir='ltr'><strong><em>quod</em></strong></span> <span class='ocrx_word' id='word_1_334' title='bbox 3257 1864 3404 1925; x_wconf 92' lang='lat' dir='ltr'><strong><em>illud</em></strong></span> <span class='ocrx_word' id='word_1_335' title='bbox 3437 1866 3676 1947; x_wconf 87' lang='lat' dir='ltr'><strong><em>quidem</em></strong></span> 
     </span>
    </p>
   </div>
   <div class='ocr_carea' id='block_1_46' title="bbox 2038 1947 3677 2024">
    <p class='ocr_par' dir='ltr' id='par_1_46' title="bbox 2038 1947 3677 2024">
     <span class='ocr_line' id='line_1_46' title="bbox 2038 1947 3677 2024; baseline 0.007 -17"><span class='ocrx_word' id='word_1_336' title='bbox 2038 1948 2312 2010; x_wconf 85' lang='lat' dir='ltr'><strong><em>homines</em></strong></span> <span class='ocrx_word' id='word_1_337' title='bbox 2344 1947 2546 2009; x_wconf 77' lang='lat' dir='ltr'><strong><em>habuit</em></strong></span> <span class='ocrx_word' id='word_1_338' title='bbox 2567 1949 2947 2024; x_wconf 86' lang='lat' dir='ltr'><strong><em>sacerdotes,</em></strong></span> <span class='ocrx_word' id='word_1_339' title='bbox 2985 1952 3099 2014; x_wconf 92' lang='lat' dir='ltr'><strong><em>hoc</em></strong></span> <span class='ocrx_word' id='word_1_340' title='bbox 3128 1959 3321 2012; x_wconf 86' lang='lat' dir='ltr'><strong><em>autem</em></strong></span> <span class='ocrx_word' id='word_1_341' title='bbox 3357 1952 3677 2019; x_wconf 84' lang='lat' dir='ltr'><strong><em>Christum.</em></strong></span> 
     </span>
    </p>
   </div>
   <div class='ocr_carea' id='block_1_47' title="bbox 2044 2037 3683 2120">
    <p class='ocr_par' dir='ltr' id='par_1_47' title="bbox 2044 2037 3683 2120">
     <span class='ocr_line' id='line_1_47' title="bbox 2044 2037 3683 2120; baseline 0.006 -24"><span class='ocrx_word' id='word_1_342' title='bbox 2044 2062 2071 2092; x_wconf 75' lang='grc' dir='ltr'>ι</span> <span class='ocrx_word' id='word_1_343' title='bbox 2100 2037 2210 2108; x_wconf 88' lang='lat' dir='ltr'><strong><em>Qui</em></strong></span> <span class='ocrx_word' id='word_1_344' title='bbox 2241 2057 2308 2098; x_wconf 82' lang='lat' dir='ltr'><strong><em>ex</em></strong></span> <span class='ocrx_word' id='word_1_345' title='bbox 2342 2037 2686 2098; x_wconf 91' lang='lat' dir='ltr'><strong><em>hominibus</em></strong></span> <span class='ocrx_word' id='word_1_346' title='bbox 2708 2039 3048 2099; x_wconf 86' lang='lat' dir='ltr'><strong><em>assumitur.</em></strong></span> <span class='ocrx_word' id='word_1_347' title='bbox 3079 2063 3105 2093; x_wconf 72' lang='grc' dir='ltr'><strong><em>ι</em></strong></span> <span class='ocrx_word' id='word_1_348' title='bbox 3123 2037 3249 2100; x_wconf 87' lang='lat' dir='ltr'><strong><em>Hoc</em></strong></span> <span class='ocrx_word' id='word_1_349' title='bbox 3271 2052 3356 2101; x_wconf 88' lang='lat' dir='ltr'><strong><em>est</em></strong></span> <span class='ocrx_word' id='word_1_350' title='bbox 3366 2088 3384 2117; x_wconf 89' lang='lat'><strong><em>,</em></strong></span> <span class='ocrx_word' id='word_1_351' title='bbox 3410 2042 3683 2120; x_wconf 80' lang='lat' dir='ltr'><strong><em>designa-</em></strong></span> 
     </span>
    </p>
   </div>
   <div class='ocr_carea' id='block_1_48' title="bbox 2041 2124 3680 2206">
    <p class='ocr_par' dir='ltr' id='par_1_48' title="bbox 2041 2124 3680 2206">
     <span class='ocr_line' id='line_1_48' title="bbox 2041 2124 3680 2206; baseline 0.005 -21"><span class='ocrx_word' id='word_1_352' title='bbox 2041 2138 2138 2186; x_wconf 89' lang='lat' dir='ltr'><strong><em>tur</em></strong></span> <span class='ocrx_word' id='word_1_353' title='bbox 2161 2136 2220 2187; x_wconf 89' lang='lat' dir='ltr'><strong><em>et</em></strong></span> <span class='ocrx_word' id='word_1_354' title='bbox 2251 2135 2508 2188; x_wconf 82' lang='lat' dir='ltr'><strong><em>creatur.</em></strong></span> <span class='ocrx_word' id='word_1_355' title='bbox 2545 2124 2604 2188; x_wconf 97' lang='lat' dir='ltr'><strong><em>Si</em></strong></span> <span class='ocrx_word' id='word_1_356' title='bbox 2633 2135 2828 2186; x_wconf 90' lang='lat' dir='ltr'><strong><em>autem</em></strong></span> <span class='ocrx_word' id='word_1_357' title='bbox 2861 2125 2912 2187; x_wconf 88' lang='lat' dir='ltr'><strong><em>is</em></strong></span> <span class='ocrx_word' id='word_1_358' title='bbox 2943 2126 3043 2206; x_wconf 91' lang='lat' dir='ltr'><strong><em>qui</em></strong></span> <span class='ocrx_word' id='word_1_359' title='bbox 3069 2145 3136 2187; x_wconf 82' lang='lat' dir='ltr'><strong><em>ex</em></strong></span> <span class='ocrx_word' id='word_1_360' title='bbox 3155 2127 3498 2190; x_wconf 88' lang='lat' dir='ltr'><strong><em>hominibus</em></strong></span> <span class='ocrx_word' id='word_1_361' title='bbox 3516 2150 3680 2194; x_wconf 85' lang='lat' dir='ltr'><strong><em>assu-</em></strong></span> 
     </span>
    </p>
   </div>
   <div class='ocr_carea' id='block_1_49' title="bbox 2039 2215 3675 2295">
    <p class='ocr_par' dir='ltr' id='par_1_49' title="bbox 2039 2215 3675 2295">
     <span class='ocr_line' id='line_1_49' title="bbox 2039 2215 3675 2295; baseline 0.006 -21"><span class='ocrx_word' id='word_1_362' title='bbox 2039 2215 2247 2295; x_wconf 81' lang='lat' dir='ltr'><strong><em>mitur,</em></strong></span> <span class='ocrx_word' id='word_1_363' title='bbox 2283 2216 2574 2295; x_wconf 81' lang='lat' dir='ltr'><strong><em>placibilis</em></strong></span> <span class='ocrx_word' id='word_1_364' title='bbox 2606 2225 2695 2275; x_wconf 91' lang='lat' dir='ltr'><strong><em>est</em></strong></span> <span class='ocrx_word' id='word_1_365' title='bbox 2743 2215 3178 2292; x_wconf 80' lang='lat' dir='ltr'><strong><em>ignorantibus</em></strong></span> <span class='ocrx_word' id='word_1_366' title='bbox 3209 2227 3266 2278; x_wconf 92' lang='lat' dir='ltr'><strong><em>et</em></strong></span> <span class='ocrx_word' id='word_1_367' title='bbox 3297 2221 3675 2284; x_wconf 84' lang='lat' dir='ltr'><strong><em>errantibus:</em></strong></span> 
     </span>
    </p>
   </div>
   <div class='ocr_carea' id='block_1_50' title="bbox 2038 2304 3678 2384">
    <p class='ocr_par' dir='ltr' id='par_1_50' title="bbox 2038 2304 3678 2384">
     <span class='ocr_line' id='line_1_50' title="bbox 2038 2304 3678 2384; baseline 0.004 -20"><span class='ocrx_word' id='word_1_368' title='bbox 2038 2313 2256 2384; x_wconf 88' lang='lat' dir='ltr'><strong><em>quanto</em></strong></span> <span class='ocrx_word' id='word_1_369' title='bbox 2292 2304 2474 2383; x_wconf 84' lang='lat' dir='ltr'><strong><em>magis</em></strong></span> <span class='ocrx_word' id='word_1_370' title='bbox 2532 2304 2585 2366; x_wconf 89' lang='lat' dir='ltr'><strong><em>is</em></strong></span> <span class='ocrx_word' id='word_1_371' title='bbox 2642 2304 2743 2384; x_wconf 87' lang='lat' dir='ltr'><strong><em>qui</em></strong></span> <span class='ocrx_word' id='word_1_372' title='bbox 2775 2313 2833 2366; x_wconf 90' lang='lat' dir='ltr'><strong><em>et</em></strong></span> <span class='ocrx_word' id='word_1_373' title='bbox 2865 2305 3042 2365; x_wconf 89' lang='lat' dir='ltr'><strong><em>homo</em></strong></span> <span class='ocrx_word' id='word_1_374' title='bbox 3073 2304 3251 2366; x_wconf 87' lang='lat' dir='ltr'><strong><em>simul</em></strong></span> <span class='ocrx_word' id='word_1_375' title='bbox 3296 2317 3386 2368; x_wconf 91' lang='lat' dir='ltr'><strong><em>est</em></strong></span> <span class='ocrx_word' id='word_1_376' title='bbox 3415 2316 3472 2369; x_wconf 90' lang='lat' dir='ltr'><strong><em>et</em></strong></span> <span class='ocrx_word' id='word_1_377' title='bbox 3501 2308 3678 2382; x_wconf 89' lang='lat' dir='ltr'><strong><em>Deus,</em></strong></span> 
     </span>
    </p>
   </div>
   <div class='ocr_carea' id='block_1_51' title="bbox 2039 2392 3682 2475">
    <p class='ocr_par' dir='ltr' id='par_1_51' title="bbox 2039 2392 3682 2475">
     <span class='ocr_line' id='line_1_51' title="bbox 2039 2392 3682 2475; baseline 0.006 -23"><span class='ocrx_word' id='word_1_378' title='bbox 2039 2392 2332 2473; x_wconf 89' lang='lat' dir='ltr'><strong><em>placibilis</em></strong></span> <span class='ocrx_word' id='word_1_379' title='bbox 2355 2395 2489 2468; x_wconf 90' lang='lat' dir='ltr'><strong><em>erit,</em></strong></span> <span class='ocrx_word' id='word_1_380' title='bbox 2520 2412 2879 2474; x_wconf 88' lang='lat' dir='ltr'><strong><em>manumque</em></strong></span> <span class='ocrx_word' id='word_1_381' title='bbox 2908 2394 3169 2474; x_wconf 79' lang='lat' dir='ltr'><strong><em>porriget</em></strong></span> <span class='ocrx_word' id='word_1_382' title='bbox 3187 2395 3600 2475; x_wconf 83' lang='lat' dir='ltr'><strong><em>ignorantibus</em></strong></span> <span class='ocrx_word' id='word_1_383' title='bbox 3620 2409 3682 2462; x_wconf 84' lang='lat' dir='ltr'><strong><em>et</em></strong></span> 
     </span>
    </p>
   </div>
   <div class='ocr_carea' id='block_1_52' title="bbox 2038 2481 3684 2567">
    <p class='ocr_par' dir='ltr' id='par_1_52' title="bbox 2038 2481 3684 2567">
     <span class='ocr_line' id='line_1_52' title="bbox 2038 2481 3684 2567; baseline 0.004 -23"><span class='ocrx_word' id='word_1_384' title='bbox 2038 2481 2374 2544; x_wconf 88' lang='lat' dir='ltr'><strong><em>errantibus</em></strong></span> <span class='ocrx_word' id='word_1_385' title='bbox 2395 2481 2424 2540; x_wconf 89' lang='lat'><strong>?</strong></span> <span class='ocrx_word' id='word_1_386' title='bbox 2447 2482 2614 2553; x_wconf 82' lang='lat' dir='ltr'><strong><em>Quod</em></strong></span> <span class='ocrx_word' id='word_1_387' title='bbox 2640 2481 2690 2542; x_wconf 92' lang='lat' dir='ltr'><strong><em>si</em></strong></span> <span class='ocrx_word' id='word_1_388' title='bbox 2716 2493 2795 2543; x_wconf 81' lang='lat' dir='ltr'><strong><em>ita</em></strong></span> <span class='ocrx_word' id='word_1_389' title='bbox 2817 2483 3202 2562; x_wconf 71' lang='lat' dir='ltr'><strong><em>intelligatur,</em></strong></span> <span class='ocrx_word' id='word_1_390' title='bbox 3227 2487 3557 2567; x_wconf 88' lang='lat' dir='ltr'><strong><em>promptius</em></strong></span> <span class='ocrx_word' id='word_1_391' title='bbox 3569 2487 3684 2551; x_wconf 89' lang='lat' dir='ltr'><strong><em>erit</em></strong></span> 
     </span>
    </p>
   </div>
   <div class='ocr_carea' id='block_1_53' title="bbox 2035 2571 3686 2651">
    <p class='ocr_par' dir='ltr' id='par_1_53' title="bbox 2035 2571 3686 2651">
     <span class='ocr_line' id='line_1_53' title="bbox 2035 2571 3686 2651; baseline 0.005 -19"><span class='ocrx_word' id='word_1_392' title='bbox 2035 2571 2378 2647; x_wconf 86' lang='lat' dir='ltr'><strong><em>ut,-Assumi</em></strong></span> <span class='ocrx_word' id='word_1_393' title='bbox 2401 2572 2668 2651; x_wconf 87' lang='lat' dir='ltr'><strong><em>capiatur</em></strong></span> <span class='ocrx_word' id='word_1_394' title='bbox 2705 2590 2810 2651; x_wconf 88' lang='lat' dir='ltr'><strong><em>pro</em></strong></span> <span class='ocrx_word' id='word_1_395' title='bbox 2835 2571 3321 2651; x_wconf 74' lang='lat' dir='ltr'><strong><em>Segregari.Gnm</em></strong></span> <span class='ocrx_word' id='word_1_396' title='bbox 3356 2595 3508 2636; x_wconf 91' lang='lat' dir='ltr'><strong><em>unus</em></strong></span> <span class='ocrx_word' id='word_1_397' title='bbox 3527 2587 3686 2640; x_wconf 85' lang='lat' dir='ltr'><strong><em>esset</em></strong></span> 
     </span>
    </p>
   </div>
   <div class='ocr_carea' id='block_1_54' title="bbox 2038 2660 3679 2744">
    <p class='ocr_par' dir='ltr' id='par_1_54' title="bbox 2038 2660 3679 2744">
     <span class='ocr_line' id='line_1_54' title="bbox 2038 2660 3679 2744; baseline 0.005 -24"><span class='ocrx_word' id='word_1_398' title='bbox 2038 2661 2373 2739; x_wconf 84' lang='lat' dir='ltr'><strong><em>hominum,</em></strong></span> <span class='ocrx_word' id='word_1_399' title='bbox 2411 2678 2479 2720; x_wconf 84' lang='lat' dir='ltr'><strong><em>ex</em></strong></span> <span class='ocrx_word' id='word_1_400' title='bbox 2514 2660 2654 2739; x_wconf 69' lang='lat' dir='ltr'><strong><em>ipsis</em></strong></span> <span class='ocrx_word' id='word_1_401' title='bbox 2693 2661 2752 2720; x_wconf 90' lang='lat' dir='ltr'><strong><em>in</em></strong></span> <span class='ocrx_word' id='word_1_402' title='bbox 2782 2660 3149 2722; x_wconf 87' lang='lat' dir='ltr'><strong><em>sacerdotem</em></strong></span> <span class='ocrx_word' id='word_1_403' title='bbox 3181 2672 3517 2744; x_wconf 88' lang='lat' dir='ltr'><strong><em>assumptus</em></strong></span> <span class='ocrx_word' id='word_1_404' title='bbox 3569 2678 3679 2730; x_wconf 92' lang='lat' dir='ltr'><strong><em>est.</em></strong></span> 
     </span>
    </p>
   </div>
   <div class='ocr_carea' id='block_1_55' title="bbox 2044 2748 3680 2830">
    <p class='ocr_par' dir='ltr' id='par_1_55' title="bbox 2044 2748 3680 2830">
     <span class='ocr_line' id='line_1_55' title="bbox 2044 2748 3680 2830; baseline 0.007 -26"><span class='ocrx_word' id='word_1_405' title='bbox 2044 2773 2071 2804; x_wconf 80' lang='grc' dir='ltr'><strong><em>α</em></strong></span> <span class='ocrx_word' id='word_1_406' title='bbox 2110 2751 2221 2810; x_wconf 77' lang='lat' dir='ltr'><strong><em>Pro</em></strong></span> <span class='ocrx_word' id='word_1_407' title='bbox 2254 2748 2597 2810; x_wconf 86' lang='lat' dir='ltr'><strong><em>hominibus</em></strong></span> <span class='ocrx_word' id='word_1_408' title='bbox 2627 2749 3002 2810; x_wconf 77' lang='lat' dir='ltr'><strong><em>Constituitur</em></strong></span> <span class='ocrx_word' id='word_1_409' title='bbox 3030 2749 3089 2808; x_wconf 88' lang='lat' dir='ltr'><strong><em>in</em></strong></span> <span class='ocrx_word' id='word_1_410' title='bbox 3128 2749 3223 2811; x_wconf 85' lang='lat' dir='ltr'><strong><em>his</em></strong></span> <span class='ocrx_word' id='word_1_411' title='bbox 3248 2770 3378 2830; x_wconf 66' lang='lat' dir='ltr'><strong><em>qua;</em></strong></span> <span class='ocrx_word' id='word_1_412' title='bbox 3397 2755 3468 2813; x_wconf 88' lang='lat' dir='ltr'><strong><em>ad</em></strong></span> <span class='ocrx_word' id='word_1_413' title='bbox 3495 2755 3680 2816; x_wconf 89' lang='lat' dir='ltr'><strong><em>Deum</em></strong></span> 
     </span>
    </p>
   </div>
   <div class='ocr_carea' id='block_1_56' title="bbox 297 2837 1958 2925">
    <p class='ocr_par' dir='ltr' id='par_1_56' title="bbox 297 2843 1954 2925">
     <span class='ocr_line' id='line_1_56' title="bbox 297 2843 1954 2925; baseline -0.002 -23"><span class='ocrx_word' id='word_1_414' title='bbox 297 2848 394 2902; x_wconf 84' lang='grc' dir='ltr'><strong><em>τὸν</em></strong></span> <span class='ocrx_word' id='word_1_415' title='bbox 440 2847 596 2908; x_wconf 84' lang='grc' dir='ltr'>Θεόν.</span> <span class='ocrx_word' id='word_1_416' title='bbox 668 2870 690 2902; x_wconf 77' lang='grc' dir='ltr'>ι</span> <span class='ocrx_word' id='word_1_417' title='bbox 763 2846 849 2911; x_wconf 79' lang='grc' dir='ltr'><strong><em>Ἐξ</em></strong></span> <span class='ocrx_word' id='word_1_418' title='bbox 906 2847 1219 2924; x_wconf 81' lang='grc' dir='ltr'>ἀνθρώπων,</span> <span class='ocrx_word' id='word_1_419' title='bbox 1291 2849 1440 2925; x_wconf 83' lang='grc' dir='ltr'>φησὶ,</span> <span class='ocrx_word' id='word_1_420' title='bbox 1526 2843 1954 2922; x_wconf 80' lang='grc' dir='ltr'>προϐαλλόμενος</span> 
     </span>
    </p>
   </div>
   <div class='ocr_carea' id='block_1_57' title="bbox 2042 2837 3683 2925">
    <p class='ocr_par' dir='ltr' id='par_1_57' title="bbox 2042 2837 3683 2925">
     <span class='ocr_line' id='line_1_57' title="bbox 2042 2837 3683 2925; baseline 0.004 -25"><span class='ocrx_word' id='word_1_421' title='bbox 2042 2847 2198 2900; x_wconf 90' lang='lat' dir='ltr'><strong><em>sunt.</em></strong></span> <span class='ocrx_word' id='word_1_422' title='bbox 2241 2864 2267 2894; x_wconf 80' lang='grc'><em>»</em></span> <span class='ocrx_word' id='word_1_423' title='bbox 2302 2837 2381 2898; x_wconf 83' lang='lat' dir='ltr'><strong>Ex</strong></span> <span class='ocrx_word' id='word_1_424' title='bbox 2419 2838 2783 2912; x_wconf 89' lang='lat' dir='ltr'><strong><em>hominibus,</em></strong></span> <span class='ocrx_word' id='word_1_425' title='bbox 2819 2840 3033 2920; x_wconf 86' lang='lat' dir='ltr'><strong><em>inquit,</em></strong></span> <span class='ocrx_word' id='word_1_426' title='bbox 3075 2850 3330 2915; x_wconf 89' lang='lat' dir='ltr'><strong><em>creatus,</em></strong></span> <span class='ocrx_word' id='word_1_427' title='bbox 3359 2861 3466 2922; x_wconf 90' lang='lat' dir='ltr'><strong><em>pro</em></strong></span> <span class='ocrx_word' id='word_1_428' title='bbox 3489 2845 3560 2904; x_wconf 87' lang='lat' dir='ltr'><strong><em>iis</em></strong></span> <span class='ocrx_word' id='word_1_429' title='bbox 3580 2846 3683 2925; x_wconf 88' lang='lat' dir='ltr'><strong><em>qui</em></strong></span> 
     </span>
    </p>
   </div>
   <div class='ocr_carea' id='block_1_58' title="bbox 300 2927 1958 3015">
    <p class='ocr_par' dir='ltr' id='par_1_58' title="bbox 300 2933 1955 3015">
     <span class='ocr_line' id='line_1_58' title="bbox 300 2933 1955 3015; baseline -0.002 -23"><span class='ocrx_word' id='word_1_430' title='bbox 300 2937 433 3015; x_wconf 63' lang='grc' dir='ltr'>ὑπὲρ</span> <span class='ocrx_word' id='word_1_431' title='bbox 460 2941 568 2992; x_wconf 79' lang='grc' dir='ltr'><strong><em>τῶν</em></strong></span> <span class='ocrx_word' id='word_1_432' title='bbox 623 2934 1070 3014; x_wconf 72' lang='grc' dir='ltr'>προϐαλλομένων</span> <span class='ocrx_word' id='word_1_433' title='bbox 1127 2936 1414 3013; x_wconf 78' lang='grc' dir='ltr'>ἀνθρώπων</span> <span class='ocrx_word' id='word_1_434' title='bbox 1466 2935 1666 3012; x_wconf 83' lang='grc' dir='ltr'>γίνεται</span> <span class='ocrx_word' id='word_1_435' title='bbox 1740 2933 1793 2988; x_wconf 80' lang='grc' dir='ltr'>ἐν</span> <span class='ocrx_word' id='word_1_436' title='bbox 1836 2935 1955 2997; x_wconf 79' lang='grc' dir='ltr'>τοῖς</span> 
     </span>
    </p>
   </div>
   <div class='ocr_carea' id='block_1_59' title="bbox 2042 2927 3681 3015">
    <p class='ocr_par' dir='ltr' id='par_1_59' title="bbox 2042 2927 3681 3011">
     <span class='ocr_line' id='line_1_59' title="bbox 2042 2927 3681 3011; baseline 0.004 -24"><span class='ocrx_word' id='word_1_437' title='bbox 2042 2928 2232 3006; x_wconf 91' lang='lat' dir='ltr'><strong><em>ipsum</em></strong></span> <span class='ocrx_word' id='word_1_438' title='bbox 2265 2936 2543 2988; x_wconf 85' lang='lat' dir='ltr'><strong><em>crearunt</em></strong></span> <span class='ocrx_word' id='word_1_439' title='bbox 2574 2927 2914 2988; x_wconf 87' lang='lat' dir='ltr'><strong><em>hominibus</em></strong></span> <span class='ocrx_word' id='word_1_440' title='bbox 2943 2927 3312 3002; x_wconf 89' lang='lat' dir='ltr'><strong><em>statuitur,in</em></strong></span> <span class='ocrx_word' id='word_1_441' title='bbox 3333 2929 3426 2991; x_wconf 88' lang='lat' dir='ltr'><strong><em>his</em></strong></span> <span class='ocrx_word' id='word_1_442' title='bbox 3447 2950 3579 3011; x_wconf 67' lang='lat' dir='ltr'><strong><em>quae</em></strong></span> <span class='ocrx_word' id='word_1_443' title='bbox 3607 2933 3681 2994; x_wconf 89' lang='lat' dir='ltr'><strong><em>ad</em></strong></span> 
     </span>
    </p>
   </div>
   <div class='ocr_carea' id='block_1_60' title="bbox 305 3014 1958 3102">
    <p class='ocr_par' dir='ltr' id='par_1_60' title="bbox 305 3014 1954 3102">
     <span class='ocr_line' id='line_1_60' title="bbox 305 3014 1954 3102; baseline 0 -24"><span class='ocrx_word' id='word_1_444' title='bbox 305 3014 412 3086; x_wconf 80' lang='grc' dir='ltr'>εἷς</span> <span class='ocrx_word' id='word_1_445' title='bbox 453 3026 583 3080; x_wconf 85' lang='grc' dir='ltr'>Θεὸν</span> <span class='ocrx_word' id='word_1_446' title='bbox 671 3023 924 3093; x_wconf 74' lang='grc' dir='ltr'>ἀνήκουσι</span> <span class='ocrx_word' id='word_1_447' title='bbox 1013 3025 1311 3102; x_wconf 74' lang='grc' dir='ltr'>πράγμασι.</span> <span class='ocrx_word' id='word_1_448' title='bbox 1387 3030 1522 3080; x_wconf 80' lang='grc' dir='ltr'>Ποῖα</span> <span class='ocrx_word' id='word_1_449' title='bbox 1594 3021 1648 3078; x_wconf 81' lang='grc' dir='ltr'><strong><em>δὲ</em></strong></span> <span class='ocrx_word' id='word_1_450' title='bbox 1733 3024 1797 3078; x_wconf 70' lang='grc' dir='ltr'><strong><em>τα</em></strong></span> <span class='ocrx_word' id='word_1_451' title='bbox 1865 3024 1954 3102; x_wconf 76' lang='grc' dir='ltr'>εἷς</span> 
     </span>
    </p>
   </div>
   <div class='ocr_carea' id='block_1_61' title="bbox 2042 3014 3680 3102">
    <p class='ocr_par' dir='ltr' id='par_1_61' title="bbox 2042 3014 3680 3096">
     <span class='ocr_line' id='line_1_61' title="bbox 2042 3014 3680 3096; baseline 0.004 -20"><span class='ocrx_word' id='word_1_452' title='bbox 2042 3016 2223 3076; x_wconf 89' lang='lat' dir='ltr'><strong><em>Deum</em></strong></span> <span class='ocrx_word' id='word_1_453' title='bbox 2255 3017 2576 3096; x_wconf 88' lang='lat' dir='ltr'><strong><em>pertinent.</em></strong></span> <span class='ocrx_word' id='word_1_454' title='bbox 2610 3014 2888 3086; x_wconf 67' lang='lat' dir='ltr'><strong><em>Quaenam</em></strong></span> <span class='ocrx_word' id='word_1_455' title='bbox 2923 3015 3040 3076; x_wconf 88' lang='lat' dir='ltr'><strong><em>sint</em></strong></span> <span class='ocrx_word' id='word_1_456' title='bbox 3065 3025 3258 3078; x_wconf 90' lang='lat' dir='ltr'><strong><em>autem</em></strong></span> <span class='ocrx_word' id='word_1_457' title='bbox 3283 3036 3380 3079; x_wconf 90' lang='lat' dir='ltr'><strong><em>res</em></strong></span> <span class='ocrx_word' id='word_1_458' title='bbox 3401 3021 3472 3080; x_wconf 90' lang='lat' dir='ltr'><strong><em>ad</em></strong></span> <span class='ocrx_word' id='word_1_459' title='bbox 3497 3023 3680 3083; x_wconf 84' lang='lat' dir='ltr'><strong><em>Deum</em></strong></span> 
     </span>
    </p>
   </div>
   <div class='ocr_carea' id='block_1_62' title="bbox 307 3100 1958 3192">
    <p class='ocr_par' dir='ltr' id='par_1_62' title="bbox 307 3100 1958 3192">
     <span class='ocr_line' id='line_1_62' title="bbox 307 3100 1958 3192; baseline -0.002 -23"><span class='ocrx_word' id='word_1_460' title='bbox 307 3114 438 3169; x_wconf 88' lang='grc' dir='ltr'>Θεὸν</span> <span class='ocrx_word' id='word_1_461' title='bbox 522 3113 790 3181; x_wconf 74' lang='grc' dir='ltr'>ἀνήκοντα</span> <span class='ocrx_word' id='word_1_462' title='bbox 892 3100 1199 3192; x_wconf 80' lang='grc' dir='ltr'>πράγματα,</span> <span class='ocrx_word' id='word_1_463' title='bbox 1310 3114 1464 3177; x_wconf 68' lang='grc' dir='ltr'>αὐτὸς</span> <span class='ocrx_word' id='word_1_464' title='bbox 1569 3113 1748 3192; x_wconf 70' lang='grc' dir='ltr'>φησὶν,</span> <span class='ocrx_word' id='word_1_465' title='bbox 1837 3100 1958 3167; x_wconf 73' lang='grc' dir='ltr'><strong><em>υινα</em></strong></span> 
     </span>
    </p>
   </div>
   <div class='ocr_carea' id='block_1_63' title="bbox 2042 3100 3687 3192">
    <p class='ocr_par' dir='ltr' id='par_1_63' title="bbox 2046 3103 3687 3185">
     <span class='ocr_line' id='line_1_63' title="bbox 2046 3103 3687 3185; baseline 0.003 -19"><span class='ocrx_word' id='word_1_466' title='bbox 2046 3105 2432 3184; x_wconf 88' lang='lat' dir='ltr'><strong><em>pertinentes,</em></strong></span> <span class='ocrx_word' id='word_1_467' title='bbox 2465 3106 2594 3185; x_wconf 92' lang='lat' dir='ltr'><strong><em>ipse</em></strong></span> <span class='ocrx_word' id='word_1_468' title='bbox 2623 3105 2767 3165; x_wconf 88' lang='lat' dir='ltr'><strong><em>dicit</em></strong></span> <span class='ocrx_word' id='word_1_469' title='bbox 2800 3125 2813 3164; x_wconf 93' lang='lat'>:</span> <span class='ocrx_word' id='word_1_470' title='bbox 2855 3103 2925 3166; x_wconf 93' lang='lat' dir='ltr'><strong><em>Ut</em></strong></span> <span class='ocrx_word' id='word_1_471' title='bbox 2948 3105 3153 3166; x_wconf 68' lang='lat' dir='ltr'><strong><em>oﬂ‘erat</em></strong></span> <span class='ocrx_word' id='word_1_472' title='bbox 3171 3106 3416 3169; x_wconf 87' lang='lat' dir='ltr'><strong><em>donaria</em></strong></span> <span class='ocrx_word' id='word_1_473' title='bbox 3436 3118 3494 3170; x_wconf 91' lang='lat' dir='ltr'><strong><em>et</em></strong></span> <span class='ocrx_word' id='word_1_474' title='bbox 3515 3111 3687 3172; x_wconf 82' lang='lat' dir='ltr'><strong><em>victi-</em></strong></span> 
     </span>
    </p>
   </div>
   <div class='ocr_carea' id='block_1_64' title="bbox 304 3192 1958 3280">
    <p class='ocr_par' dir='ltr' id='par_1_64' title="bbox 304 3197 1958 3280">
     <span class='ocr_line' id='line_1_64' title="bbox 304 3197 1958 3280; baseline -0.002 -23"><span class='ocrx_word' id='word_1_475' title='bbox 304 3199 580 3280; x_wconf 74' lang='grc' dir='ltr'>προσφέρῃ</span> <span class='ocrx_word' id='word_1_476' title='bbox 645 3197 784 3275; x_wconf 81' lang='grc' dir='ltr'>δῶρα</span> <span class='ocrx_word' id='word_1_477' title='bbox 863 3203 950 3256; x_wconf 83' lang='grc' dir='ltr'>καὶ</span> <span class='ocrx_word' id='word_1_478' title='bbox 1025 3201 1203 3263; x_wconf 79' lang='grc' dir='ltr'>θυσίας</span> <span class='ocrx_word' id='word_1_479' title='bbox 1271 3202 1411 3280; x_wconf 34' lang='grc' dir='ltr'>ὑπὲρ-</span> <span class='ocrx_word' id='word_1_480' title='bbox 1478 3206 1585 3255; x_wconf 79' lang='grc' dir='ltr'>τῶν</span> <span class='ocrx_word' id='word_1_481' title='bbox 1665 3207 1756 3256; x_wconf 81' lang='grc' dir='ltr'>τοῦ</span> <span class='ocrx_word' id='word_1_482' title='bbox 1832 3198 1958 3254; x_wconf 80' lang='grc' dir='ltr'>λαοῦ</span> 
     </span>
    </p>
   </div>
   <div class='ocr_carea' id='block_1_65' title="bbox 2042 3192 3686 3280">
    <p class='ocr_par' dir='ltr' id='par_1_65' title="bbox 2044 3192 3686 3274">
     <span class='ocr_line' id='line_1_65' title="bbox 2044 3192 3686 3274; baseline 0.005 -20"><span class='ocrx_word' id='word_1_483' title='bbox 2044 3213 2169 3254; x_wconf 89' lang='lat' dir='ltr'><strong><em>mas</em></strong></span> <span class='ocrx_word' id='word_1_484' title='bbox 2194 3212 2298 3274; x_wconf 92' lang='lat' dir='ltr'><strong><em>pro</em></strong></span> <span class='ocrx_word' id='word_1_485' title='bbox 2325 3193 2582 3274; x_wconf 88' lang='lat' dir='ltr'><strong><em>peccatis</em></strong></span> <span class='ocrx_word' id='word_1_486' title='bbox 2613 3194 2814 3273; x_wconf 88' lang='lat' dir='ltr'><strong><em>p0pu|i</em></strong></span> <span class='ocrx_word' id='word_1_487' title='bbox 2863 3219 2887 3248; x_wconf 75' lang='grc' dir='ltr'><strong><em>α</em></strong></span> <span class='ocrx_word' id='word_1_488' title='bbox 2935 3192 3247 3254; x_wconf 80' lang='lat' dir='ltr'><strong><em>Placabilis</em></strong></span> <span class='ocrx_word' id='word_1_489' title='bbox 3295 3215 3451 3260; x_wconf 85' lang='lat' dir='ltr'><strong><em>esse.</em></strong></span> <span class='ocrx_word' id='word_1_490' title='bbox 3490 3223 3512 3256; x_wconf 71' lang='grc' dir='ltr'><strong>υ</strong></span> <span class='ocrx_word' id='word_1_491' title='bbox 3552 3201 3686 3263; x_wconf 85' lang='lat' dir='ltr'><strong><em>Sive</em></strong></span> 
     </span>
    </p>
   </div>
   <div class='ocr_carea' id='block_1_66' title="bbox 309 3276 1958 3368">
    <p class='ocr_par' dir='ltr' id='par_1_66' title="bbox 309 3276 1954 3367">
     <span class='ocr_line' id='line_1_66' title="bbox 309 3276 1954 3367; baseline 0.001 -25"><span class='ocrx_word' id='word_1_492' title='bbox 309 3276 730 3367; x_wconf 72' lang='grc' dir='ltr'>ἁμαρτημάτων.</span> <span class='ocrx_word' id='word_1_493' title='bbox 773 3309 795 3344; x_wconf 74' lang='grc' dir='ltr'><strong><em>ε</em></strong></span> <span class='ocrx_word' id='word_1_494' title='bbox 832 3291 1244 3366; x_wconf 79' lang='grc' dir='ltr'>Μετριοπαθεϊν.</span> <span class='ocrx_word' id='word_1_495' title='bbox 1295 3312 1322 3342; x_wconf 72' lang='grc' dir='ltr'><strong><em>ι</em></strong></span> <span class='ocrx_word' id='word_1_496' title='bbox 1375 3276 1585 3365; x_wconf 74' lang='grc' dir='ltr'>’Ήγουν</span> <span class='ocrx_word' id='word_1_497' title='bbox 1637 3289 1954 3362; x_wconf 75' lang='grc' dir='ltr'>συμπαθεῖν.</span> 
     </span>
    </p>
   </div>
   <div class='ocr_carea' id='block_1_67' title="bbox 2042 3276 3684 3368">
    <p class='ocr_par' dir='ltr' id='par_1_67' title="bbox 2042 3281 3684 3368">
     <span class='ocr_line' id='line_1_67' title="bbox 2042 3281 3684 3368; baseline 0.004 -25"><span class='ocrx_word' id='word_1_498' title='bbox 2042 3301 2221 3344; x_wconf 88' lang='lat' dir='ltr'><strong><em>sensu</em></strong></span> <span class='ocrx_word' id='word_1_499' title='bbox 2255 3283 2431 3343; x_wconf 81' lang='lat' dir='ltr'><strong><em>afﬁci.</em></strong></span> <span class='ocrx_word' id='word_1_500' title='bbox 2475 3308 2501 3336; x_wconf 73' lang='grc' dir='ltr'><strong><em>α</em></strong></span> <span class='ocrx_word' id='word_1_501' title='bbox 2524 3281 2592 3342; x_wconf 89' lang='grc' dir='ltr'>Ει</span> <span class='ocrx_word' id='word_1_502' title='bbox 2625 3281 2986 3361; x_wconf 84' lang='lat' dir='ltr'><strong><em>errantibus,</em></strong></span> <span class='ocrx_word' id='word_1_503' title='bbox 3014 3305 3036 3339; x_wconf 74' lang='grc' dir='ltr'><strong><em>υ</em></strong></span> <span class='ocrx_word' id='word_1_504' title='bbox 3067 3283 3188 3344; x_wconf 90' lang='lat' dir='ltr'><strong><em>sive</em></strong></span> <span class='ocrx_word' id='word_1_505' title='bbox 3211 3285 3474 3348; x_wconf 85' lang='lat' dir='ltr'><strong><em>seductis</em></strong></span> <span class='ocrx_word' id='word_1_506' title='bbox 3495 3306 3562 3348; x_wconf 83' lang='lat' dir='ltr'><strong><em>ex</em></strong></span> <span class='ocrx_word' id='word_1_507' title='bbox 3587 3307 3684 3368; x_wconf 88' lang='lat' dir='ltr'><strong><em>po-</em></strong></span> 
     </span>
    </p>
   </div>
   <div class='ocr_carea' id='block_1_68' title="bbox 310 3371 1958 3456">
    <p class='ocr_par' dir='ltr' id='par_1_68' title="bbox 310 3375 1954 3456">
     <span class='ocr_line' id='line_1_68' title="bbox 310 3375 1954 3456; baseline -0.001 -24"><span class='ocrx_word' id='word_1_508' title='bbox 310 3401 341 3432; x_wconf 77' lang='grc' dir='ltr'><strong><em>α</em></strong></span> <span class='ocrx_word' id='word_1_509' title='bbox 401 3379 500 3435; x_wconf 76' lang='grc' dir='ltr'>Καὶ</span> <span class='ocrx_word' id='word_1_510' title='bbox 558 3375 954 3456; x_wconf 84' lang='grc' dir='ltr'>πλανωμένοις,</span> <span class='ocrx_word' id='word_1_511' title='bbox 1017 3401 1040 3431; x_wconf 78' lang='lat' dir='ltr'><strong><em>n</em></strong></span> <span class='ocrx_word' id='word_1_512' title='bbox 1101 3376 1160 3432; x_wconf 80' lang='grc' dir='ltr'>ἐκ</span> <span class='ocrx_word' id='word_1_513' title='bbox 1201 3384 1292 3432; x_wconf 87' lang='lat'><strong><em>106</em></strong></span> <span class='ocrx_word' id='word_1_514' title='bbox 1347 3375 1498 3433; x_wconf 78' lang='grc' dir='ltr'>λαοῦ.</span> <span class='ocrx_word' id='word_1_515' title='bbox 1577 3398 1599 3430; x_wconf 73' lang='grc' dir='ltr'>ιε</span> <span class='ocrx_word' id='word_1_516' title='bbox 1663 3377 1954 3453; x_wconf 86' lang='grc' dir='ltr'>Περίκειται</span> 
     </span>
    </p>
   </div>
   <div class='ocr_carea' id='block_1_69' title="bbox 2042 3371 3686 3456">
    <p class='ocr_par' dir='ltr' id='par_1_69' title="bbox 2044 3371 3686 3451">
     <span class='ocr_line' id='line_1_69' title="bbox 2044 3371 3686 3451; baseline 0.004 -19"><span class='ocrx_word' id='word_1_517' title='bbox 2044 3372 2204 3451; x_wconf 90' lang='lat' dir='ltr'><strong><em>pulo.</em></strong></span> <span class='ocrx_word' id='word_1_518' title='bbox 2247 3398 2272 3427; x_wconf 83' lang='grc' dir='ltr'><strong><em>α</em></strong></span> <span class='ocrx_word' id='word_1_519' title='bbox 2303 3371 2716 3434; x_wconf 79' lang='lat' dir='ltr'><strong><em>Circumdatus</em></strong></span> <span class='ocrx_word' id='word_1_520' title='bbox 2738 3382 2824 3431; x_wconf 91' lang='lat' dir='ltr'><strong><em>est</em></strong></span> <span class='ocrx_word' id='word_1_521' title='bbox 2846 3371 3203 3434; x_wconf 75' lang='lat' dir='ltr'><strong><em>inﬁrmitate.</em></strong></span> <span class='ocrx_word' id='word_1_522' title='bbox 3231 3393 3259 3431; x_wconf 83' lang='grc'>›</span> <span class='ocrx_word' id='word_1_523' title='bbox 3295 3372 3358 3433; x_wconf 82' lang='lat' dir='ltr'><strong><em>In</em></strong></span> <span class='ocrx_word' id='word_1_524' title='bbox 3389 3376 3501 3436; x_wconf 91' lang='lat' dir='ltr'><strong><em>hoc</em></strong></span> <span class='ocrx_word' id='word_1_525' title='bbox 3523 3379 3686 3438; x_wconf 88' lang='lat' dir='ltr'><strong><em>enim</em></strong></span> 
     </span>
    </p>
   </div>
   <div class='ocr_carea' id='block_1_70' title="bbox 305 3460 1958 3546">
    <p class='ocr_par' dir='ltr' id='par_1_70' title="bbox 305 3464 1955 3546">
     <span class='ocr_line' id='line_1_70' title="bbox 305 3464 1955 3546; baseline -0.001 -25"><span class='ocrx_word' id='word_1_526' title='bbox 305 3467 603 3527; x_wconf 80' lang='grc' dir='ltr'>ἀσθένειαν.</span> <span class='ocrx_word' id='word_1_527' title='bbox 680 3467 852 3522; x_wconf 81' lang='grc' dir='ltr'>Μόνον</span> <span class='ocrx_word' id='word_1_528' title='bbox 909 3468 1009 3545; x_wconf 77' lang='grc' dir='ltr'>γὰρ</span> <span class='ocrx_word' id='word_1_529' title='bbox 1067 3467 1234 3539; x_wconf 81' lang='grc' dir='ltr'>τούτῳ</span> <span class='ocrx_word' id='word_1_530' title='bbox 1303 3465 1530 3546; x_wconf 67' lang='grc' dir='ltr'>διαφέρει</span> <span class='ocrx_word' id='word_1_531' title='bbox 1589 3472 1681 3522; x_wconf 80' lang='grc' dir='ltr'>τοῦ</span> <span class='ocrx_word' id='word_1_532' title='bbox 1736 3464 1864 3524; x_wconf 82' lang='grc' dir='ltr'>λαοῦ</span> <span class='ocrx_word' id='word_1_533' title='bbox 1927 3467 1955 3520; x_wconf 98' lang='lat'><strong><em>6</em></strong></span> 
     </span>
    </p>
   </div>
   <div class='ocr_carea' id='block_1_71' title="bbox 2042 3460 3681 3546">
    <p class='ocr_par' dir='ltr' id='par_1_71' title="bbox 2042 3460 3681 3545">
     <span class='ocr_line' id='line_1_71' title="bbox 2042 3460 3681 3545; baseline 0.004 -25"><span class='ocrx_word' id='word_1_534' title='bbox 2042 3461 2165 3521; x_wconf 91' lang='lat' dir='ltr'><strong><em>solo</em></strong></span> <span class='ocrx_word' id='word_1_535' title='bbox 2198 3462 2396 3523; x_wconf 76' lang='lat' dir='ltr'><strong><em>ditIert</em></strong></span> <span class='ocrx_word' id='word_1_536' title='bbox 2440 3481 2508 3521; x_wconf 87' lang='lat' dir='ltr'><strong><em>ac</em></strong></span> <span class='ocrx_word' id='word_1_537' title='bbox 2566 3460 2944 3540; x_wconf 65' lang='lat' dir='ltr'><strong><em>prmStantior</em></strong></span> <span class='ocrx_word' id='word_1_538' title='bbox 3002 3470 3089 3519; x_wconf 89' lang='lat' dir='ltr'><strong><em>est</em></strong></span> <span class='ocrx_word' id='word_1_539' title='bbox 3131 3463 3412 3524; x_wconf 87' lang='lat' dir='ltr'><strong><em>sacerdos</em></strong></span> <span class='ocrx_word' id='word_1_540' title='bbox 3445 3466 3681 3545; x_wconf 88' lang='lat' dir='ltr'><strong><em>populo,</em></strong></span> 
     </span>
    </p>
   </div>
   <div class='ocr_carea' id='block_1_72' title="bbox 305 3548 1958 3635">
    <p class='ocr_par' dir='ltr' id='par_1_72' title="bbox 305 3556 1954 3635">
     <span class='ocr_line' id='line_1_72' title="bbox 305 3556 1954 3635; baseline -0.001 -23"><span class='ocrx_word' id='word_1_541' title='bbox 305 3559 471 3635; x_wconf 85' lang='grc' dir='ltr'>ἱερεὺς</span> <span class='ocrx_word' id='word_1_542' title='bbox 526 3556 579 3612; x_wconf 74' lang='grc' dir='ltr'><strong><em>έν</em></strong></span> <span class='ocrx_word' id='word_1_543' title='bbox 638 3564 715 3630; x_wconf 83' lang='grc' dir='ltr'>τῷ</span> <span class='ocrx_word' id='word_1_544' title='bbox 788 3561 1167 3634; x_wconf 76' lang='grc' dir='ltr'>μετριοπαθεῖν</span> <span class='ocrx_word' id='word_1_545' title='bbox 1251 3559 1339 3612; x_wconf 86' lang='grc' dir='ltr'><strong><em>καὶ</em></strong></span> <span class='ocrx_word' id='word_1_546' title='bbox 1410 3557 1786 3634; x_wconf 84' lang='grc' dir='ltr'>συγγινώσκειν</span> <span class='ocrx_word' id='word_1_547' title='bbox 1839 3569 1954 3618; x_wconf 74' lang='grc' dir='ltr'>τοῖς</span> 
     </span>
    </p>
   </div>
   <div class='ocr_carea' id='block_1_73' title="bbox 2042 3548 3687 3635">
    <p class='ocr_par' dir='ltr' id='par_1_73' title="bbox 2042 3548 3687 3631">
     <span class='ocr_line' id='line_1_73' title="bbox 2042 3548 3687 3631; baseline 0.002 -21"><span class='ocrx_word' id='word_1_548' title='bbox 2042 3550 2194 3629; x_wconf 91' lang='lat' dir='ltr'><strong><em>quod</em></strong></span> <span class='ocrx_word' id='word_1_549' title='bbox 2221 3550 2530 3630; x_wconf 86' lang='lat' dir='ltr'><strong><em>placabilis</em></strong></span> <span class='ocrx_word' id='word_1_550' title='bbox 2551 3549 2624 3609; x_wconf 88' lang='lat' dir='ltr'><strong><em>sit</em></strong></span> <span class='ocrx_word' id='word_1_551' title='bbox 2641 3558 2702 3610; x_wconf 90' lang='lat' dir='ltr'><strong><em>et</em></strong></span> <span class='ocrx_word' id='word_1_552' title='bbox 2731 3548 2994 3625; x_wconf 83' lang='lat' dir='ltr'><strong><em>ignoscat</em></strong></span> <span class='ocrx_word' id='word_1_553' title='bbox 3023 3549 3353 3610; x_wconf 86' lang='lat' dir='ltr'><strong><em>errantibus</em></strong></span> <span class='ocrx_word' id='word_1_554' title='bbox 3375 3597 3388 3611; x_wconf 90' lang='lat'><strong><em>.</em></strong></span> <span class='ocrx_word' id='word_1_555' title='bbox 3413 3553 3687 3631; x_wconf 86' lang='lat' dir='ltr'><strong><em>quando-</em></strong></span> 
     </span>
    </p>
   </div>
   <div class='ocr_carea' id='block_1_74' title="bbox 303 3639 1958 3724">
    <p class='ocr_par' dir='ltr' id='par_1_74' title="bbox 303 3645 1958 3724">
     <span class='ocr_line' id='line_1_74' title="bbox 303 3645 1958 3724; baseline -0.001 -23"><span class='ocrx_word' id='word_1_556' title='bbox 303 3645 704 3720; x_wconf 84' lang='grc' dir='ltr'>πλανωμένοις,</span> <span class='ocrx_word' id='word_1_557' title='bbox 806 3645 918 3700; x_wconf 78' lang='grc' dir='ltr'>ἐπεὶ</span> <span class='ocrx_word' id='word_1_558' title='bbox 995 3647 1083 3701; x_wconf 81' lang='grc' dir='ltr'><strong><em>καὶ</em></strong></span> <span class='ocrx_word' id='word_1_559' title='bbox 1166 3647 1347 3718; x_wconf 79' lang='grc' dir='ltr'>αὐτὸς,</span> <span class='ocrx_word' id='word_1_560' title='bbox 1426 3647 1578 3724; x_wconf 75' lang='grc' dir='ltr'>φησὶ,</span> <span class='ocrx_word' id='word_1_561' title='bbox 1663 3645 1958 3724; x_wconf 79' lang='grc' dir='ltr'>περίκειται</span> 
     </span>
    </p>
   </div>
   <div class='ocr_carea' id='block_1_75' title="bbox 2042 3639 3682 3724">
    <p class='ocr_par' dir='ltr' id='par_1_75' title="bbox 2045 3639 3682 3720">
     <span class='ocr_line' id='line_1_75' title="bbox 2045 3639 3682 3720; baseline 0.002 -20"><span class='ocrx_word' id='word_1_562' title='bbox 2045 3641 2283 3720; x_wconf 84' lang='lat' dir='ltr'><strong><em>quidem</em></strong></span> <span class='ocrx_word' id='word_1_563' title='bbox 2313 3649 2370 3701; x_wconf 91' lang='lat' dir='ltr'><strong><em>et</em></strong></span> <span class='ocrx_word' id='word_1_564' title='bbox 2399 3639 3179 3719; x_wconf 82' lang='lat' dir='ltr'><strong><em>ipse,inqutt,circumdatus</em></strong></span> <span class='ocrx_word' id='word_1_565' title='bbox 3215 3652 3301 3699; x_wconf 86' lang='lat' dir='ltr'><strong><em>est</em></strong></span> <span class='ocrx_word' id='word_1_566' title='bbox 3320 3641 3682 3718; x_wconf 83' lang='lat' dir='ltr'><strong><em>inﬁrmitate,</em></strong></span> 
     </span>
    </p>
   </div>
   <div class='ocr_carea' id='block_1_76' title="bbox 303 3726 1958 3813">
    <p class='ocr_par' dir='ltr' id='par_1_76' title="bbox 303 3733 1958 3813">
     <span class='ocr_line' id='line_1_76' title="bbox 303 3733 1958 3813; baseline -0.002 -23"><span class='ocrx_word' id='word_1_567' title='bbox 303 3734 604 3808; x_wconf 82' lang='grc' dir='ltr'>ἀσθένειαν,</span> <span class='ocrx_word' id='word_1_568' title='bbox 667 3734 960 3806; x_wconf 84' lang='grc' dir='ltr'>τουτέστιν,</span> <span class='ocrx_word' id='word_1_569' title='bbox 1008 3736 1288 3813; x_wconf 78' lang='grc' dir='ltr'>ἁμαρτίας,</span> <span class='ocrx_word' id='word_1_570' title='bbox 1349 3733 1385 3800; x_wconf 73' lang='grc' dir='ltr'><strong>ἢ</strong></span> <span class='ocrx_word' id='word_1_571' title='bbox 1442 3734 1644 3808; x_wconf 80' lang='grc' dir='ltr'>θλίψεις</span> <span class='ocrx_word' id='word_1_572' title='bbox 1690 3736 1779 3790; x_wconf 83' lang='grc' dir='ltr'><strong><em>καὶ</em></strong></span> <span class='ocrx_word' id='word_1_573' title='bbox 1836 3756 1958 3790; x_wconf 87' lang='grc' dir='ltr'>πει-</span> 
     </span>
    </p>
   </div>
   <div class='ocr_carea' id='block_1_77' title="bbox 2042 3726 3687 3813">
    <p class='ocr_par' dir='ltr' id='par_1_77' title="bbox 2046 3726 3687 3810">
     <span class='ocr_line' id='line_1_77' title="bbox 2046 3726 3687 3810; baseline 0.002 -21"><span class='ocrx_word' id='word_1_574' title='bbox 2046 3731 2159 3790; x_wconf 90' lang='lat' dir='ltr'><strong><em>hoc</em></strong></span> <span class='ocrx_word' id='word_1_575' title='bbox 2191 3737 2300 3800; x_wconf 85' lang='lat' dir='ltr'><strong><em>est,</em></strong></span> <span class='ocrx_word' id='word_1_576' title='bbox 2337 3729 2594 3808; x_wconf 87' lang='lat' dir='ltr'><strong><em>peccatis</em></strong></span> <span class='ocrx_word' id='word_1_577' title='bbox 2620 3735 2719 3787; x_wconf 87' lang='lat' dir='ltr'><strong><em>aut</em></strong></span> <span class='ocrx_word' id='word_1_578' title='bbox 2743 3726 3187 3791; x_wconf 81' lang='lat' dir='ltr'><strong><em>afﬂictionibus.</em></strong></span> <span class='ocrx_word' id='word_1_579' title='bbox 3215 3727 3329 3790; x_wconf 87' lang='lat' dir='ltr'><strong><em>Sed</em></strong></span> <span class='ocrx_word' id='word_1_580' title='bbox 3362 3734 3517 3810; x_wconf 88' lang='lat' dir='ltr'><strong><em>quod</em></strong></span> <span class='ocrx_word' id='word_1_581' title='bbox 3541 3733 3687 3794; x_wconf 90' lang='lat' dir='ltr'><strong><em>sub-</em></strong></span> 
     </span>
    </p>
   </div>
   <div class='ocr_carea' id='block_1_78' title="bbox 308 3817 1958 3901">
    <p class='ocr_par' dir='ltr' id='par_1_78' title="bbox 308 3821 1958 3901">
     <span class='ocr_line' id='line_1_78' title="bbox 308 3821 1958 3901; baseline -0.001 -23"><span class='ocrx_word' id='word_1_582' title='bbox 308 3823 564 3900; x_wconf 81' lang='grc' dir='ltr'>ρασμούς,</span> <span class='ocrx_word' id='word_1_583' title='bbox 627 3821 792 3878; x_wconf 76' lang='grc' dir='ltr'>Ἀλλὰ</span> <span class='ocrx_word' id='word_1_584' title='bbox 847 3825 927 3893; x_wconf 89' lang='grc' dir='ltr'><strong><em>τὸ,</em></strong></span> <span class='ocrx_word' id='word_1_585' title='bbox 991 3824 1114 3901; x_wconf 85' lang='grc' dir='ltr'>Περὶ</span> <span class='ocrx_word' id='word_1_586' title='bbox 1168 3824 1460 3900; x_wconf 80' lang='grc' dir='ltr'>ἁμαρτιῶν,</span> <span class='ocrx_word' id='word_1_587' title='bbox 1523 3824 1705 3892; x_wconf 79' lang='grc' dir='ltr'>εἰπὼν,</span> <span class='ocrx_word' id='word_1_588' title='bbox 1781 3827 1958 3901; x_wconf 76' lang='grc' dir='ltr'>σαφῶς</span> 
     </span>
    </p>
   </div>
   <div class='ocr_carea' id='block_1_79' title="bbox 2042 3817 3686 3901">
    <p class='ocr_par' dir='ltr' id='par_1_79' title="bbox 2045 3817 3686 3901">
     <span class='ocr_line' id='line_1_79' title="bbox 2045 3817 3686 3901; baseline 0.004 -24"><span class='ocrx_word' id='word_1_589' title='bbox 2045 3818 2203 3878; x_wconf 87' lang='lat' dir='ltr'><strong><em>ditur</em></strong></span> <span class='ocrx_word' id='word_1_590' title='bbox 2244 3817 2401 3879; x_wconf 89' lang='lat' dir='ltr'><strong><em>:Pro</em></strong></span> <span class='ocrx_word' id='word_1_591' title='bbox 2451 3817 2726 3896; x_wconf 83' lang='lat' dir='ltr'><strong><em>peccatis,</em></strong></span> <span class='ocrx_word' id='word_1_592' title='bbox 2785 3817 3096 3876; x_wconf 84' lang='lat' dir='ltr'><strong><em>manifeste</em></strong></span> <span class='ocrx_word' id='word_1_593' title='bbox 3158 3817 3506 3896; x_wconf 74' lang='lat' dir='ltr'><strong><em>signiﬁcavit</em></strong></span> <span class='ocrx_word' id='word_1_594' title='bbox 3529 3821 3686 3901; x_wconf 87' lang='lat' dir='ltr'><strong><em>quod</em></strong></span> 
     </span>
    </p>
   </div>
   <div class='ocr_carea' id='block_1_80' title="bbox 307 3905 1958 3990">
    <p class='ocr_par' dir='ltr' id='par_1_80' title="bbox 307 3909 1958 3990">
     <span class='ocr_line' id='line_1_80' title="bbox 307 3909 1958 3990; baseline -0.001 -24"><span class='ocrx_word' id='word_1_595' title='bbox 307 3909 577 3980; x_wconf 72' lang='grc' dir='ltr'>ἐδήλωσεν</span> <span class='ocrx_word' id='word_1_596' title='bbox 675 3911 755 3967; x_wconf 79' lang='grc' dir='ltr'><strong><em>ὅτι</em></strong></span> <span class='ocrx_word' id='word_1_597' title='bbox 839 3911 1110 3968; x_wconf 75' lang='grc' dir='ltr'>ἀσθένειαν</span> <span class='ocrx_word' id='word_1_598' title='bbox 1190 3913 1288 3967; x_wconf 52' lang='grc' dir='ltr'><strong><em>τὸν</em></strong></span> <span class='ocrx_word' id='word_1_599' title='bbox 1365 3912 1620 3990; x_wconf 81' lang='grc' dir='ltr'>ἁμαρτίαν</span> <span class='ocrx_word' id='word_1_600' title='bbox 1687 3911 1958 3972; x_wconf 73' lang='grc' dir='ltr'>ὶκάλεσεν,</span> 
     </span>
    </p>
   </div>
   <div class='ocr_carea' id='block_1_81' title="bbox 2042 3905 3691 3990">
    <p class='ocr_par' dir='ltr' id='par_1_81' title="bbox 2048 3905 3691 3990">
     <span class='ocr_line' id='line_1_81' title="bbox 2048 3905 3691 3990; baseline 0.004 -24"><span class='ocrx_word' id='word_1_601' title='bbox 2048 3907 2451 3967; x_wconf 83' lang='lat' dir='ltr'><strong><em>inﬁrmitatem</em></strong></span> <span class='ocrx_word' id='word_1_602' title='bbox 2511 3905 2806 3965; x_wconf 74' lang='lat' dir='ltr'><strong><em>v:.caverit</em></strong></span> <span class='ocrx_word' id='word_1_603' title='bbox 2860 3913 3189 3984; x_wconf 90' lang='lat' dir='ltr'><strong><em>peccatum.</em></strong></span> <span class='ocrx_word' id='word_1_604' title='bbox 3251 3933 3275 3962; x_wconf 76' lang='grc' dir='ltr'><strong><em>α</em></strong></span> <span class='ocrx_word' id='word_1_605' title='bbox 3333 3910 3404 3970; x_wconf 84' lang='lat' dir='ltr'><strong><em>Et</em></strong></span> <span class='ocrx_word' id='word_1_606' title='bbox 3450 3921 3691 3990; x_wconf 85' lang='lat' dir='ltr'><strong><em>propter</em></strong></span> 
     </span>
    </p>
   </div>
   <div class='ocr_carea' id='block_1_82' title="bbox 317 3993 1958 4080">
    <p class='ocr_par' dir='ltr' id='par_1_82' title="bbox 317 3997 1958 4080">
     <span class='ocr_line' id='line_1_82' title="bbox 317 3997 1958 4080; baseline 0.001 -26"><span class='ocrx_word' id='word_1_607' title='bbox 317 4023 346 4054; x_wconf 78' lang='grc' dir='ltr'><strong><em>α</em></strong></span> <span class='ocrx_word' id='word_1_608' title='bbox 413 4002 510 4058; x_wconf 80' lang='grc' dir='ltr'>Καὶ</span> <span class='ocrx_word' id='word_1_609' title='bbox 540 3997 625 4054; x_wconf 77' lang='grc' dir='ltr'><strong><em>διὰ</em></strong></span> <span class='ocrx_word' id='word_1_610' title='bbox 652 4001 846 4066; x_wconf 80' lang='grc' dir='ltr'>ταύτην</span> <span class='ocrx_word' id='word_1_611' title='bbox 875 4000 1094 4080; x_wconf 68' lang='grc' dir='ltr'>ὀφείλει,</span> <span class='ocrx_word' id='word_1_612' title='bbox 1133 4025 1160 4054; x_wconf 74' lang='grc' dir='ltr'>ι»</span> <span class='ocrx_word' id='word_1_613' title='bbox 1197 3997 1421 4067; x_wconf 79' lang='grc' dir='ltr'>Ἐπειδὴ</span> <span class='ocrx_word' id='word_1_614' title='bbox 1472 4003 1560 4056; x_wconf 85' lang='grc' dir='ltr'><strong><em>καὶ</em></strong></span> <span class='ocrx_word' id='word_1_615' title='bbox 1615 4002 1789 4073; x_wconf 73' lang='grc' dir='ltr'>αὐτὸς,</span> <span class='ocrx_word' id='word_1_616' title='bbox 1850 4023 1958 4078; x_wconf 76' lang='grc' dir='ltr'>φη-</span> 
     </span>
    </p>
   </div>
   <div class='ocr_carea' id='block_1_83' title="bbox 2042 3993 3692 4080">
    <p class='ocr_par' dir='ltr' id='par_1_83' title="bbox 2049 3993 3692 4077">
     <span class='ocr_line' id='line_1_83' title="bbox 2049 3993 3692 4077; baseline 0.002 -22"><span class='ocrx_word' id='word_1_617' title='bbox 2049 3997 2198 4056; x_wconf 88' lang='lat' dir='ltr'><strong><em>hanc</em></strong></span> <span class='ocrx_word' id='word_1_618' title='bbox 2218 3996 2417 4057; x_wconf 83' lang='lat' dir='ltr'><strong><em>debet.</em></strong></span> <span class='ocrx_word' id='word_1_619' title='bbox 2458 4020 2479 4050; x_wconf 82' lang='grc' dir='ltr'><strong><em>ιι</em></strong></span> <span class='ocrx_word' id='word_1_620' title='bbox 2519 3993 2809 4066; x_wconf 88' lang='lat' dir='ltr'><strong><em>Quoniam</em></strong></span> <span class='ocrx_word' id='word_1_621' title='bbox 2842 4003 2901 4055; x_wconf 90' lang='lat' dir='ltr'><strong><em>et</em></strong></span> <span class='ocrx_word' id='word_1_622' title='bbox 2928 3995 3080 4074; x_wconf 87' lang='lat' dir='ltr'><strong><em>ipse,</em></strong></span> <span class='ocrx_word' id='word_1_623' title='bbox 3113 3995 3320 4075; x_wconf 90' lang='lat' dir='ltr'><strong><em>inquit,</em></strong></span> <span class='ocrx_word' id='word_1_624' title='bbox 3345 4007 3583 4077; x_wconf 87' lang='lat' dir='ltr'><strong><em>peccato</em></strong></span> <span class='ocrx_word' id='word_1_625' title='bbox 3602 4007 3692 4060; x_wconf 88' lang='lat' dir='ltr'><strong><em>est</em></strong></span> 
     </span>
    </p>
   </div>
   <div class='ocr_carea' id='block_1_84' title="bbox 308 4082 1958 4169">
    <p class='ocr_par' dir='ltr' id='par_1_84' title="bbox 308 4088 1958 4169">
     <span class='ocr_line' id='line_1_84' title="bbox 308 4088 1958 4169; baseline -0.001 -26"><span class='ocrx_word' id='word_1_626' title='bbox 308 4091 413 4161; x_wconf 86' lang='grc' dir='ltr'>σὶν,</span> <span class='ocrx_word' id='word_1_627' title='bbox 474 4089 574 4145; x_wconf 72' lang='grc' dir='ltr'>ὑπὸ</span> <span class='ocrx_word' id='word_1_628' title='bbox 627 4090 882 4168; x_wconf 82' lang='grc' dir='ltr'>ἁμαρτίας</span> <span class='ocrx_word' id='word_1_629' title='bbox 939 4090 1069 4166; x_wconf 74' lang='grc' dir='ltr'>ἐστὶ,</span> <span class='ocrx_word' id='word_1_630' title='bbox 1128 4091 1214 4145; x_wconf 85' lang='grc' dir='ltr'><strong><em>καὶ</em></strong></span> <span class='ocrx_word' id='word_1_631' title='bbox 1257 4088 1452 4169; x_wconf 72' lang='grc' dir='ltr'>ὀφείλει</span> <span class='ocrx_word' id='word_1_632' title='bbox 1510 4090 1608 4156; x_wconf 72' lang='grc' dir='ltr'><strong><em>τὴν</em></strong></span> <span class='ocrx_word' id='word_1_633' title='bbox 1665 4090 1958 4168; x_wconf 75' lang='grc' dir='ltr'>προσφορὰν</span> 
     </span>
    </p>
   </div>
   <div class='ocr_carea' id='block_1_85' title="bbox 2042 4082 3689 4169">
    <p class='ocr_par' dir='ltr' id='par_1_85' title="bbox 2049 4082 3689 4168">
     <span class='ocr_line' id='line_1_85' title="bbox 2049 4082 3689 4168; baseline 0.004 -24"><span class='ocrx_word' id='word_1_634' title='bbox 2049 4085 2362 4160; x_wconf 86' lang='lat' dir='ltr'><strong><em>obnoxius,</em></strong></span> <span class='ocrx_word' id='word_1_635' title='bbox 2399 4084 2577 4144; x_wconf 89' lang='lat' dir='ltr'><strong><em>debet</em></strong></span> <span class='ocrx_word' id='word_1_636' title='bbox 2625 4103 2860 4144; x_wconf 87' lang='lat' dir='ltr'><strong><em>omnem</em></strong></span> <span class='ocrx_word' id='word_1_637' title='bbox 2893 4082 3089 4144; x_wconf 82' lang='lat' dir='ltr'><strong><em>facere</em></strong></span> <span class='ocrx_word' id='word_1_638' title='bbox 3113 4084 3470 4148; x_wconf 87' lang='lat' dir='ltr'><strong><em>oblationem</em></strong></span> <span class='ocrx_word' id='word_1_639' title='bbox 3501 4098 3560 4150; x_wconf 88' lang='lat' dir='ltr'><strong><em>et</em></strong></span> <span class='ocrx_word' id='word_1_640' title='bbox 3585 4106 3689 4168; x_wconf 91' lang='lat' dir='ltr'><strong><em>pro</em></strong></span> 
     </span>
    </p>
   </div>
   <div class='ocr_carea' id='block_1_86' title="bbox 307 4171 1958 4257">
    <p class='ocr_par' dir='ltr' id='par_1_86' title="bbox 307 4175 1958 4257">
     <span class='ocr_line' id='line_1_86' title="bbox 307 4175 1958 4257; baseline -0.001 -25"><span class='ocrx_word' id='word_1_641' title='bbox 307 4176 495 4244; x_wconf 79' lang='grc' dir='ltr'>κοινὴν</span> <span class='ocrx_word' id='word_1_642' title='bbox 524 4181 788 4234; x_wconf 80' lang='grc' dir='ltr'>ποιεῖσθαι</span> <span class='ocrx_word' id='word_1_643' title='bbox 817 4179 946 4257; x_wconf 76' lang='grc' dir='ltr'>ὑπέρ</span> <span class='ocrx_word' id='word_1_644' title='bbox 977 4200 1034 4234; x_wconf 87' lang='grc' dir='ltr'><strong><em>τε</em></strong></span> <span class='ocrx_word' id='word_1_645' title='bbox 1090 4184 1194 4234; x_wconf 87' lang='grc' dir='ltr'>τῶν</span> <span class='ocrx_word' id='word_1_646' title='bbox 1238 4176 1378 4234; x_wconf 79' lang='grc' dir='ltr'>ἰδίων</span> <span class='ocrx_word' id='word_1_647' title='bbox 1423 4179 1510 4233; x_wconf 83' lang='grc' dir='ltr'>καὶ</span> <span class='ocrx_word' id='word_1_648' title='bbox 1567 4181 1672 4249; x_wconf 84' lang='grc' dir='ltr'>τῷν</span> <span class='ocrx_word' id='word_1_649' title='bbox 1703 4185 1794 4232; x_wconf 81' lang='grc' dir='ltr'>τοῦ</span> <span class='ocrx_word' id='word_1_650' title='bbox 1837 4175 1958 4232; x_wconf 70' lang='grc' dir='ltr'>λαου</span> 
     </span>
    </p>
   </div>
   <div class='ocr_carea' id='block_1_87' title="bbox 2042 4171 3686 4257">
    <p class='ocr_par' dir='ltr' id='par_1_87' title="bbox 2050 4171 3686 4257">
     <span class='ocr_line' id='line_1_87' title="bbox 2050 4171 3686 4257; baseline 0 -24"><span class='ocrx_word' id='word_1_651' title='bbox 2050 4175 2173 4233; x_wconf 88' lang='lat' dir='ltr'><strong><em>suis</em></strong></span> <span class='ocrx_word' id='word_1_652' title='bbox 2205 4183 2261 4233; x_wconf 79' lang='lat' dir='ltr'><strong><em>et</em></strong></span> <span class='ocrx_word' id='word_1_653' title='bbox 2293 4193 2396 4254; x_wconf 91' lang='lat' dir='ltr'><strong><em>pro</em></strong></span> <span class='ocrx_word' id='word_1_654' title='bbox 2418 4172 2617 4254; x_wconf 88' lang='lat' dir='ltr'><strong><em>p0puli</em></strong></span> <span class='ocrx_word' id='word_1_655' title='bbox 2645 4175 2922 4252; x_wconf 83' lang='lat' dir='ltr'><strong><em>peccatis.</em></strong></span> <span class='ocrx_word' id='word_1_656' title='bbox 2955 4171 3216 4235; x_wconf 75' lang='lat' dir='ltr'><strong><em>«Otierre</em></strong></span> <span class='ocrx_word' id='word_1_657' title='bbox 3235 4194 3338 4254; x_wconf 91' lang='lat' dir='ltr'><strong><em>pro</em></strong></span> <span class='ocrx_word' id='word_1_658' title='bbox 3372 4180 3686 4257; x_wconf 79' lang='lat' dir='ltr'><strong><em>peccatis.»</em></strong></span> 
     </span>
    </p>
   </div>
   <div class='ocr_carea' id='block_1_88' title="bbox 312 4261 1958 4347">
    <p class='ocr_par' dir='ltr' id='par_1_88' title="bbox 312 4265 1958 4347">
     <span class='ocr_line' id='line_1_88' title="bbox 312 4265 1958 4347; baseline 0.001 -28"><span class='ocrx_word' id='word_1_659' title='bbox 312 4267 741 4345; x_wconf 77' lang='grc' dir='ltr'>ἁμαρτημάτων.</span> <span class='ocrx_word' id='word_1_660' title='bbox 816 4267 1130 4347; x_wconf 75' lang='grc' dir='ltr'>Προσφέρειν</span> <span class='ocrx_word' id='word_1_661' title='bbox 1199 4267 1328 4346; x_wconf 77' lang='grc' dir='ltr'>ὑπὲρ</span> <span class='ocrx_word' id='word_1_662' title='bbox 1400 4269 1694 4344; x_wconf 83' lang='grc' dir='ltr'>ἁμαρτιῶν,</span> <span class='ocrx_word' id='word_1_663' title='bbox 1770 4288 1792 4320; x_wconf 71' lang='grc' dir='ltr'><strong><em>ι</em></strong></span> <span class='ocrx_word' id='word_1_664' title='bbox 1856 4265 1958 4331; x_wconf 71' lang='grc' dir='ltr'>Τὴν</span> 
     </span>
    </p>
   </div>
   <div class='ocr_carea' id='block_1_89' title="bbox 2042 4261 3696 4347">
    <p class='ocr_par' dir='ltr' id='par_1_89' title="bbox 2052 4261 3696 4347">
     <span class='ocr_line' id='line_1_89' title="bbox 2052 4261 3696 4347; baseline 0.003 -24"><span class='ocrx_word' id='word_1_665' title='bbox 2052 4263 2340 4336; x_wconf 80' lang='lat' dir='ltr'><strong><em>Hostiam,</em></strong></span> <span class='ocrx_word' id='word_1_666' title='bbox 2373 4261 2585 4342; x_wconf 86' lang='lat' dir='ltr'><strong><em>inquit,</em></strong></span> <span class='ocrx_word' id='word_1_667' title='bbox 2625 4282 2728 4342; x_wconf 92' lang='lat' dir='ltr'><strong><em>pro</em></strong></span> <span class='ocrx_word' id='word_1_668' title='bbox 2765 4264 3039 4341; x_wconf 90' lang='lat' dir='ltr'><strong><em>peccatis.</em></strong></span> <span class='ocrx_word' id='word_1_669' title='bbox 3084 4288 3104 4320; x_wconf 76' lang='grc' dir='ltr'><strong><em>ι</em></strong></span> <span class='ocrx_word' id='word_1_670' title='bbox 3157 4268 3228 4326; x_wconf 83' lang='grc' dir='ltr'><strong><em>Ει</em></strong></span> <span class='ocrx_word' id='word_1_671' title='bbox 3258 4283 3434 4326; x_wconf 90' lang='lat' dir='ltr'><strong><em>nemo</em></strong></span> <span class='ocrx_word' id='word_1_672' title='bbox 3461 4266 3696 4347; x_wconf 86' lang='lat' dir='ltr'><strong><em>sibiipsi</em></strong></span> 
     </span>
    </p>
   </div>
   <div class='ocr_carea' id='block_1_90' title="bbox 308 4350 1958 4436">
    <p class='ocr_par' dir='ltr' id='par_1_90' title="bbox 308 4355 1958 4436">
     <span class='ocr_line' id='line_1_90' title="bbox 308 4355 1958 4436; baseline 0 -28"><span class='ocrx_word' id='word_1_673' title='bbox 308 4355 429 4432; x_wconf 73' lang='grc' dir='ltr'>περὶ</span> <span class='ocrx_word' id='word_1_674' title='bbox 472 4355 768 4436; x_wconf 47' lang='grc' dir='ltr'>ἁμαρτιῶν,</span> <span class='ocrx_word' id='word_1_675' title='bbox 815 4358 964 4435; x_wconf 75' lang='grc' dir='ltr'>φησὶ,</span> <span class='ocrx_word' id='word_1_676' title='bbox 1023 4357 1223 4418; x_wconf 85' lang='grc' dir='ltr'>θυσίαν,</span> <span class='ocrx_word' id='word_1_677' title='bbox 1278 4378 1301 4411; x_wconf 77' lang='grc' dir='ltr'>ι</span> <span class='ocrx_word' id='word_1_678' title='bbox 1363 4358 1463 4413; x_wconf 84' lang='grc' dir='ltr'>Καὶ</span> <span class='ocrx_word' id='word_1_679' title='bbox 1507 4359 1610 4434; x_wconf 72' lang='grc' dir='ltr'>οὐχ</span> <span class='ocrx_word' id='word_1_680' title='bbox 1666 4356 1836 4427; x_wconf 80' lang='grc' dir='ltr'>ἑαυτῷ</span> <span class='ocrx_word' id='word_1_681' title='bbox 1885 4376 1958 4417; x_wconf 84' lang='grc' dir='ltr'><strong><em>τις</em></strong></span> 
     </span>
    </p>
   </div>
   <div class='ocr_carea' id='block_1_91' title="bbox 2042 4350 3695 4436">
    <p class='ocr_par' dir='ltr' id='par_1_91' title="bbox 2052 4350 3695 4436">
     <span class='ocr_line' id='line_1_91' title="bbox 2052 4350 3695 4436; baseline 0.004 -26"><span class='ocrx_word' id='word_1_682' title='bbox 2052 4361 2315 4430; x_wconf 69' lang='lat' dir='ltr'><strong><em>usurpat.</em></strong></span> <span class='ocrx_word' id='word_1_683' title='bbox 2344 4372 2372 4410; x_wconf 75' lang='lat'>»</span> <span class='ocrx_word' id='word_1_684' title='bbox 2409 4350 2582 4410; x_wconf 87' lang='lat' dir='ltr'><strong><em>Aliud</em></strong></span> <span class='ocrx_word' id='word_1_685' title='bbox 2641 4352 2805 4428; x_wconf 88' lang='lat' dir='ltr'><strong><em>ponit</em></strong></span> <span class='ocrx_word' id='word_1_686' title='bbox 2837 4351 3162 4413; x_wconf 81' lang='lat' dir='ltr'><strong><em>sacerdotis</em></strong></span> <span class='ocrx_word' id='word_1_687' title='bbox 3190 4352 3506 4429; x_wconf 83' lang='lat' dir='ltr'><strong><em>indicium,</em></strong></span> <span class='ocrx_word' id='word_1_688' title='bbox 3536 4355 3695 4436; x_wconf 90' lang='lat' dir='ltr'><strong><em>quod</em></strong></span> 
     </span>
    </p>
   </div>
   <div class='ocr_carea' id='block_1_92' title="bbox 313 4433 1966 4522">
    <p class='ocr_par' dir='ltr' id='par_1_92' title="bbox 313 4433 1966 4522">
     <span class='ocr_line' id='line_1_92' title="bbox 313 4433 1966 4522; baseline -0.002 -20"><span class='ocrx_word' id='word_1_689' title='bbox 313 4439 600 4517; x_wconf 65' lang='grc' dir='ltr'>λαμϐάνει.</span> <span class='ocrx_word' id='word_1_690' title='bbox 635 4466 664 4498; x_wconf 70' lang='grc' dir='ltr'><strong><em>ι</em></strong></span> <span class='ocrx_word' id='word_1_691' title='bbox 702 4433 930 4520; x_wconf 62' lang='grc' dir='ltr'>’Ἕτερον</span> <span class='ocrx_word' id='word_1_692' title='bbox 979 4443 1123 4522; x_wconf 88' lang='grc' dir='ltr'>λέγει</span> <span class='ocrx_word' id='word_1_693' title='bbox 1181 4444 1456 4522; x_wconf 85' lang='grc' dir='ltr'>γνώρισμα</span> <span class='ocrx_word' id='word_1_694' title='bbox 1512 4433 1712 4522; x_wconf 80' lang='grc' dir='ltr'>ἱερέως,</span> <span class='ocrx_word' id='word_1_695' title='bbox 1773 4444 1834 4498; x_wconf 87' lang='grc' dir='ltr'><strong><em>τὸ</em></strong></span> <span class='ocrx_word' id='word_1_696' title='bbox 1890 4442 1966 4516; x_wconf 78' lang='grc' dir='ltr'><strong><em>μὴ</em></strong></span> 
     </span>
    </p>
   </div>
   <div class='ocr_carea' id='block_1_93' title="bbox 311 4529 1963 4611">
    <p class='ocr_par' dir='ltr' id='par_1_93' title="bbox 311 4529 1963 4611">
     <span class='ocr_line' id='line_1_93' title="bbox 311 4529 1963 4611; baseline -0.001 -25"><span class='ocrx_word' id='word_1_697' title='bbox 311 4529 779 4611; x_wconf 63' lang='grc' dir='ltr'>έαυτῷνέκπηδᾷν</span> <span class='ocrx_word' id='word_1_698' title='bbox 866 4535 995 4611; x_wconf 83' lang='grc' dir='ltr'>πρὸς</span> <span class='ocrx_word' id='word_1_699' title='bbox 1063 4533 1161 4600; x_wconf 80' lang='grc' dir='ltr'><strong><em>τὴν</em></strong></span> <span class='ocrx_word' id='word_1_700' title='bbox 1231 4537 1328 4599; x_wconf 76' lang='grc' dir='ltr'><strong><em>τῆς</em></strong></span> <span class='ocrx_word' id='word_1_701' title='bbox 1410 4532 1696 4610; x_wconf 80' lang='grc' dir='ltr'>ἱερωσύνης</span> <span class='ocrx_word' id='word_1_702' title='bbox 1778 4532 1963 4605; x_wconf 71' lang='grc' dir='ltr'>τιμήν,</span> 
     </span>
    </p>
   </div>
   <div class='ocr_carea' id='block_1_94' title="bbox 321 4607 1971 4698">
    <p class='ocr_par' dir='ltr' id='par_1_94' title="bbox 321 4607 1971 4698">
     <span class='ocr_line' id='line_1_94' title="bbox 321 4607 1971 4698; baseline -0.001 -22"><span class='ocrx_word' id='word_1_703' title='bbox 321 4607 505 4698; x_wconf 65' lang='lat'><strong>&quot;011:9</strong></span> <span class='ocrx_word' id='word_1_704' title='bbox 543 4621 632 4675; x_wconf 79' lang='grc' dir='ltr'><strong><em>καὶ</em></strong></span> <span class='ocrx_word' id='word_1_705' title='bbox 699 4621 1058 4694; x_wconf 78' lang='grc' dir='ltr'>αἰνιττόμενος</span> <span class='ocrx_word' id='word_1_706' title='bbox 1116 4620 1242 4678; x_wconf 70' lang='grc' dir='ltr'>εἶπε</span> <span class='ocrx_word' id='word_1_707' title='bbox 1286 4621 1406 4683; x_wconf 81' lang='grc' dir='ltr'>τοὺς</span> <span class='ocrx_word' id='word_1_708' title='bbox 1464 4619 1633 4698; x_wconf 83' lang='grc' dir='ltr'>ἱερέας</span> <span class='ocrx_word' id='word_1_709' title='bbox 1674 4619 1794 4683; x_wconf 82' lang='grc' dir='ltr'>τοὺς</span> <span class='ocrx_word' id='word_1_710' title='bbox 1850 4619 1971 4675; x_wconf 84' lang='grc' dir='ltr'>τότε</span> 
     </span>
    </p>
   </div>
   <div class='ocr_carea' id='block_1_95' title="bbox 314 4704 1971 4787">
    <p class='ocr_par' dir='ltr' id='par_1_95' title="bbox 314 4704 1971 4787">
     <span class='ocr_line' id='line_1_95' title="bbox 314 4704 1971 4787; baseline -0.002 -22"><span class='ocrx_word' id='word_1_711' title='bbox 314 4713 424 4765; x_wconf 64' lang='grc' dir='ltr'>τῶν</span> <span class='ocrx_word' id='word_1_712' title='bbox 469 4705 752 4784; x_wconf 69' lang='grc' dir='ltr'>Ἰουδαίων,</span> <span class='ocrx_word' id='word_1_713' title='bbox 802 4710 882 4784; x_wconf 77' lang='grc' dir='ltr'><strong><em>μὴ</em></strong></span> <span class='ocrx_word' id='word_1_714' title='bbox 927 4709 1080 4773; x_wconf 80' lang='grc' dir='ltr'>ὄντας</span> <span class='ocrx_word' id='word_1_715' title='bbox 1136 4716 1207 4787; x_wconf 82' lang='grc' dir='ltr'><strong><em>τῇ</em></strong></span> <span class='ocrx_word' id='word_1_716' title='bbox 1263 4707 1478 4783; x_wconf 79' lang='grc' dir='ltr'>δυνάμει</span> <span class='ocrx_word' id='word_1_717' title='bbox 1521 4708 1713 4787; x_wconf 80' lang='grc' dir='ltr'>ἱερέας,</span> <span class='ocrx_word' id='word_1_718' title='bbox 1786 4704 1869 4764; x_wconf 78' lang='grc' dir='ltr'>διὰ</span> <span class='ocrx_word' id='word_1_719' title='bbox 1909 4708 1971 4763; x_wconf 88' lang='grc' dir='ltr'><strong><em>τὸ</em></strong></span> 
     </span>
    </p>
   </div>
   <div class='ocr_carea' id='block_1_96' title="bbox 317 4794 1972 4875">
    <p class='ocr_par' dir='ltr' id='par_1_96' title="bbox 317 4794 1972 4875">
     <span class='ocr_line' id='line_1_96' title="bbox 317 4794 1972 4875; baseline 0.001 -23"><span class='ocrx_word' id='word_1_720' title='bbox 317 4795 503 4858; x_wconf 66' lang='grc' dir='ltr'>αὐτοὺς</span> <span class='ocrx_word' id='word_1_721' title='bbox 569 4794 830 4867; x_wconf 63' lang='grc' dir='ltr'>ἕπιπηδᾷν</span> <span class='ocrx_word' id='word_1_722' title='bbox 880 4799 968 4854; x_wconf 81' lang='grc' dir='ltr'>καὶ</span> <span class='ocrx_word' id='word_1_723' title='bbox 1051 4796 1210 4855; x_wconf 78' lang='grc' dir='ltr'>ὤνιον</span> <span class='ocrx_word' id='word_1_724' title='bbox 1259 4795 1611 4863; x_wconf 81' lang='grc' dir='ltr'>πεποιηκέναι</span> <span class='ocrx_word' id='word_1_725' title='bbox 1669 4796 1766 4862; x_wconf 75' lang='grc' dir='ltr'>τὴν</span> <span class='ocrx_word' id='word_1_726' title='bbox 1823 4799 1972 4875; x_wconf 85' lang='grc' dir='ltr'>ἱερω-</span> 
     </span>
    </p>
   </div>
   <div class='ocr_carea' id='block_1_97' title="bbox 316 4882 1970 4965">
    <p class='ocr_par' dir='ltr' id='par_1_97' title="bbox 316 4882 1970 4965">
     <span class='ocr_line' id='line_1_97' title="bbox 316 4882 1970 4965; baseline 0.001 -26"><span class='ocrx_word' id='word_1_727' title='bbox 316 4884 503 4949; x_wconf 83' lang='grc' dir='ltr'>σύνην.</span> <span class='ocrx_word' id='word_1_728' title='bbox 560 4905 582 4938; x_wconf 73' lang='grc' dir='ltr'><strong><em>ε</em></strong></span> <span class='ocrx_word' id='word_1_729' title='bbox 622 4885 866 4964; x_wconf 75' lang='grc' dir='ltr'>Καθάπερ</span> <span class='ocrx_word' id='word_1_730' title='bbox 907 4887 995 4943; x_wconf 87' lang='grc' dir='ltr'><strong><em>καὶ</em></strong></span> <span class='ocrx_word' id='word_1_731' title='bbox 1047 4885 1276 4965; x_wconf 80' lang='grc' dir='ltr'>Ἀαρὼν,</span> <span class='ocrx_word' id='word_1_732' title='bbox 1340 4907 1368 4938; x_wconf 71' lang='grc' dir='ltr'>ι»</span> <span class='ocrx_word' id='word_1_733' title='bbox 1421 4882 1703 4962; x_wconf 66' lang='grc' dir='ltr'>Πολλαχώ</span> <span class='ocrx_word' id='word_1_734' title='bbox 1773 4885 1873 4962; x_wconf 81' lang='grc' dir='ltr'>γὰρ</span> <span class='ocrx_word' id='word_1_735' title='bbox 1943 4885 1970 4940; x_wconf 90' lang='lat'><strong><em>6</em></strong></span> 
     </span>
    </p>
   </div>
   <div class='ocr_carea' id='block_1_98' title="bbox 319 4968 1970 5052">
    <p class='ocr_par' dir='ltr' id='par_1_98' title="bbox 319 4968 1970 5052">
     <span class='ocr_line' id='line_1_98' title="bbox 319 4968 1970 5052; baseline 0.001 -25"><span class='ocrx_word' id='word_1_736' title='bbox 319 4968 525 5047; x_wconf 76' lang='grc' dir='ltr'>’Λαρὼν</span> <span class='ocrx_word' id='word_1_737' title='bbox 566 4973 948 5052; x_wconf 68' lang='grc' dir='ltr'>ἱχειροαονήθη</span> <span class='ocrx_word' id='word_1_738' title='bbox 987 4976 1091 5032; x_wconf 69' lang='grc' dir='ltr'><strong><em>ὑπὸ</em></strong></span> <span class='ocrx_word' id='word_1_739' title='bbox 1135 4982 1288 5047; x_wconf 81' lang='grc' dir='ltr'>Θεοῦ,</span> <span class='ocrx_word' id='word_1_740' title='bbox 1333 4972 1422 5030; x_wconf 65' lang='grc' dir='ltr'>ἐπί</span> <span class='ocrx_word' id='word_1_741' title='bbox 1475 4993 1534 5029; x_wconf 90' lang='grc' dir='ltr'><strong><em>τε</em></strong></span> <span class='ocrx_word' id='word_1_742' title='bbox 1583 4993 1681 5039; x_wconf 87' lang='grc' dir='ltr'><strong><em>της</em></strong></span> <span class='ocrx_word' id='word_1_743' title='bbox 1728 4969 1970 5046; x_wconf 87' lang='grc' dir='ltr'>βλαστη-</span> 
     </span>
    </p>
   </div>
   <div class='ocr_carea' id='block_1_99' title="bbox 318 5057 1969 5142">
    <p class='ocr_par' dir='ltr' id='par_1_99' title="bbox 318 5057 1969 5142">
     <span class='ocr_line' id='line_1_99' title="bbox 318 5057 1969 5142; baseline 0.001 -26"><span class='ocrx_word' id='word_1_744' title='bbox 318 5061 489 5128; x_wconf 75' lang='grc' dir='ltr'>σάσης</span> <span class='ocrx_word' id='word_1_745' title='bbox 545 5057 757 5142; x_wconf 73' lang='grc' dir='ltr'>ῥάϐδου,</span> <span class='ocrx_word' id='word_1_746' title='bbox 821 5064 908 5120; x_wconf 80' lang='grc' dir='ltr'>καὶ</span> <span class='ocrx_word' id='word_1_747' title='bbox 957 5062 1050 5120; x_wconf 71' lang='grc' dir='ltr'><strong><em>ἐπὶ</em></strong></span> <span class='ocrx_word' id='word_1_748' title='bbox 1089 5069 1200 5120; x_wconf 44' lang='grc' dir='ltr'>’τοῦ</span> <span class='ocrx_word' id='word_1_749' title='bbox 1253 5065 1414 5142; x_wconf 85' lang='grc' dir='ltr'>πυρὸς</span> <span class='ocrx_word' id='word_1_750' title='bbox 1467 5069 1562 5120; x_wconf 87' lang='lat'><strong><em>106</em></strong></span> <span class='ocrx_word' id='word_1_751' title='bbox 1600 5059 1969 5126; x_wconf 73' lang='grc' dir='ltr'>ἀναλώσαντος</span> 
     </span>
    </p>
   </div>
   <div class='ocr_carea' id='block_1_100' title="bbox 319 5147 1967 5232">
    <p class='ocr_par' dir='ltr' id='par_1_100' title="bbox 319 5147 1967 5232">
     <span class='ocr_line' id='line_1_100' title="bbox 319 5147 1967 5232; baseline 0.001 -27"><span class='ocrx_word' id='word_1_752' title='bbox 319 5150 441 5214; x_wconf 76' lang='grc' dir='ltr'>τοὺς</span> <span class='ocrx_word' id='word_1_753' title='bbox 493 5147 863 5215; x_wconf 70' lang='grc' dir='ltr'>έπιπηδῶντας</span> <span class='ocrx_word' id='word_1_754' title='bbox 906 5158 974 5228; x_wconf 78' lang='grc' dir='ltr'><strong><em>τῇ</em></strong></span> <span class='ocrx_word' id='word_1_755' title='bbox 1019 5152 1297 5232; x_wconf 73' lang='grc' dir='ltr'>ἱερωσύνη.</span> <span class='ocrx_word' id='word_1_756' title='bbox 1330 5170 1361 5211; x_wconf 74' lang='lat'><strong>)</strong></span> <span class='ocrx_word' id='word_1_757' title='bbox 1399 5149 1576 5212; x_wconf 75' lang='grc' dir='ltr'>Οὕτως</span> <span class='ocrx_word' id='word_1_758' title='bbox 1621 5151 1708 5206; x_wconf 86' lang='grc' dir='ltr'><strong><em>καὶ</em></strong></span> <span class='ocrx_word' id='word_1_759' title='bbox 1750 5151 1778 5206; x_wconf 91' lang='lat'><strong><em>6</em></strong></span> <span class='ocrx_word' id='word_1_760' title='bbox 1835 5157 1967 5230; x_wconf 79' lang='grc' dir='ltr'>Χρι-</span> 
     </span>
    </p>
   </div>
   <div class='ocr_carea' id='block_1_101' title="bbox 325 5237 1971 5319">
    <p class='ocr_par' dir='ltr' id='par_1_101' title="bbox 325 5237 1971 5319">
     <span class='ocr_line' id='line_1_101' title="bbox 325 5237 1971 5319; baseline 0.001 -25"><span class='ocrx_word' id='word_1_761' title='bbox 325 5239 450 5301; x_wconf 88' lang='grc' dir='ltr'>στὸς</span> <span class='ocrx_word' id='word_1_762' title='bbox 481 5239 585 5317; x_wconf 74' lang='grc' dir='ltr'>οὐχ</span> <span class='ocrx_word' id='word_1_763' title='bbox 628 5238 815 5295; x_wconf 74' lang='grc' dir='ltr'>ἑαυτὸν</span> <span class='ocrx_word' id='word_1_764' title='bbox 857 5237 1064 5306; x_wconf 76' lang='grc' dir='ltr'>έδόξασε</span> <span class='ocrx_word' id='word_1_765' title='bbox 1094 5244 1380 5319; x_wconf 75' lang='grc' dir='ltr'>γενηθῆναι</span> <span class='ocrx_word' id='word_1_766' title='bbox 1423 5238 1700 5318; x_wconf 80' lang='grc' dir='ltr'>ἀρχιερέα.</span> <span class='ocrx_word' id='word_1_767' title='bbox 1746 5262 1768 5294; x_wconf 73' lang='grc' dir='ltr'><strong><em>ι</em></strong></span> <span class='ocrx_word' id='word_1_768' title='bbox 1828 5241 1971 5305; x_wconf 80' lang='grc' dir='ltr'>Τέως</span> 
     </span>
    </p>
   </div>
   <div class='ocr_carea' id='block_1_102' title="bbox 324 5325 1974 5408">
    <p class='ocr_par' dir='ltr' id='par_1_102' title="bbox 324 5325 1974 5408">
     <span class='ocr_line' id='line_1_102' title="bbox 324 5325 1974 5408; baseline -0.001 -24"><span class='ocrx_word' id='word_1_769' title='bbox 324 5327 412 5384; x_wconf 74' lang='grc' dir='ltr'><strong><em>καὶ</em></strong></span> <span class='ocrx_word' id='word_1_770' title='bbox 468 5325 625 5382; x_wconf 76' lang='grc' dir='ltr'>τοῦτό</span> <span class='ocrx_word' id='word_1_771' title='bbox 668 5348 828 5406; x_wconf 71' lang='grc' dir='ltr'>φησιν</span> <span class='ocrx_word' id='word_1_772' title='bbox 865 5343 883 5361; x_wconf 83' lang='grc'><strong><em>⁸</em></strong></span> <span class='ocrx_word' id='word_1_773' title='bbox 930 5334 1141 5407; x_wconf 82' lang='grc' dir='ltr'>Πρῶτος</span> <span class='ocrx_word' id='word_1_774' title='bbox 1184 5328 1459 5408; x_wconf 80' lang='grc' dir='ltr'>ἀρχιερεὺς</span> <span class='ocrx_word' id='word_1_775' title='bbox 1503 5329 1532 5383; x_wconf 92' lang='lat'><strong><em>6</em></strong></span> <span class='ocrx_word' id='word_1_776' title='bbox 1597 5329 1847 5406; x_wconf 82' lang='grc' dir='ltr'>Χριστὸς,</span> <span class='ocrx_word' id='word_1_777' title='bbox 1894 5326 1974 5385; x_wconf 76' lang='grc' dir='ltr'>ὅτι</span> 
     </span>
    </p>
   </div>
   <div class='ocr_carea' id='block_1_103' title="bbox 324 5411 1973 5496">
    <p class='ocr_par' dir='ltr' id='par_1_103' title="bbox 324 5411 1973 5496">
     <span class='ocr_line' id='line_1_103' title="bbox 324 5411 1973 5496; baseline 0.002 -26"><span class='ocrx_word' id='word_1_778' title='bbox 324 5413 403 5488; x_wconf 76' lang='grc' dir='ltr'>μὴ</span> <span class='ocrx_word' id='word_1_779' title='bbox 458 5411 550 5494; x_wconf 72' lang='grc' dir='ltr'><strong><em>ἀφ’</em></strong></span> <span class='ocrx_word' id='word_1_780' title='bbox 607 5415 792 5476; x_wconf 74' lang='grc' dir='ltr'>ἑαυτοῦ</span> <span class='ocrx_word' id='word_1_781' title='bbox 845 5417 918 5483; x_wconf 73' lang='grc' dir='ltr'><strong><em>εἰς</em></strong></span> <span class='ocrx_word' id='word_1_782' title='bbox 984 5417 1085 5485; x_wconf 74' lang='grc' dir='ltr'><strong><em>την</em></strong></span> <span class='ocrx_word' id='word_1_783' title='bbox 1141 5416 1426 5496; x_wconf 75' lang='grc' dir='ltr'>ἱερωσύνην</span> <span class='ocrx_word' id='word_1_784' title='bbox 1500 5413 1760 5491; x_wconf 75' lang='grc' dir='ltr'>εἰσῆλθεν,</span> <span class='ocrx_word' id='word_1_785' title='bbox 1851 5415 1973 5473; x_wconf 84' lang='grc' dir='ltr'>ἀλλ’</span> 
     </span>
    </p>
   </div>
   <div class='ocr_carea' id='block_1_104' title="bbox 2053 4438 3693 4519">
    <p class='ocr_par' dir='ltr' id='par_1_104' title="bbox 2053 4438 3693 4519">
     <span class='ocr_line' id='line_1_104' title="bbox 2053 4438 3693 4519; baseline 0.004 -21"><span class='ocrx_word' id='word_1_786' title='bbox 2053 4457 2168 4499; x_wconf 91' lang='lat' dir='ltr'><strong><em>non</em></strong></span> <span class='ocrx_word' id='word_1_787' title='bbox 2205 4457 2308 4518; x_wconf 89' lang='lat' dir='ltr'><strong><em>per</em></strong></span> <span class='ocrx_word' id='word_1_788' title='bbox 2328 4438 2594 4519; x_wconf 82' lang='lat' dir='ltr'><strong><em>seipsum</em></strong></span> <span class='ocrx_word' id='word_1_789' title='bbox 2625 4438 2852 4499; x_wconf 87' lang='lat' dir='ltr'><strong><em>assiliat</em></strong></span> <span class='ocrx_word' id='word_1_790' title='bbox 2880 4439 3012 4519; x_wconf 91' lang='lat' dir='ltr'><strong><em>quis</em></strong></span> <span class='ocrx_word' id='word_1_791' title='bbox 3055 4443 3126 4501; x_wconf 87' lang='lat' dir='ltr'><strong><em>ad</em></strong></span> <span class='ocrx_word' id='word_1_792' title='bbox 3159 4443 3472 4504; x_wconf 84' lang='lat' dir='ltr'><strong><em>sacerdotii</em></strong></span> <span class='ocrx_word' id='word_1_793' title='bbox 3500 4445 3693 4505; x_wconf 90' lang='lat' dir='ltr'><strong><em>hono-</em></strong></span> 
     </span>
    </p>
   </div>
   <div class='ocr_carea' id='block_1_105' title="bbox 2053 4527 3697 4610">
    <p class='ocr_par' dir='ltr' id='par_1_105' title="bbox 2053 4527 3697 4610">
     <span class='ocr_line' id='line_1_105' title="bbox 2053 4527 3697 4610; baseline 0.004 -22"><span class='ocrx_word' id='word_1_794' title='bbox 2053 4547 2203 4590; x_wconf 90' lang='lat' dir='ltr'><strong><em>rem.</em></strong></span> <span class='ocrx_word' id='word_1_795' title='bbox 2241 4527 2410 4600; x_wconf 85' lang='lat' dir='ltr'><strong><em>Quod</em></strong></span> <span class='ocrx_word' id='word_1_796' title='bbox 2438 4529 2670 4604; x_wconf 89' lang='lat' dir='ltr'><strong><em>dicens,</em></strong></span> <span class='ocrx_word' id='word_1_797' title='bbox 2704 4527 2900 4590; x_wconf 85' lang='lat' dir='ltr'><strong><em>innuit</em></strong></span> <span class='ocrx_word' id='word_1_798' title='bbox 2930 4547 3162 4610; x_wconf 90' lang='lat' dir='ltr'><strong><em>quoque</em></strong></span> <span class='ocrx_word' id='word_1_799' title='bbox 3209 4535 3548 4594; x_wconf 89' lang='lat' dir='ltr'><strong><em>sacerdotes</em></strong></span> <span class='ocrx_word' id='word_1_800' title='bbox 3589 4534 3697 4597; x_wconf 86' lang='lat' dir='ltr'><strong><em>Ju-</em></strong></span> 
     </span>
    </p>
   </div>
   <div class='ocr_carea' id='block_1_106' title="bbox 2039 4617 3692 4699">
    <p class='ocr_par' dir='ltr' id='par_1_106' title="bbox 2039 4617 3692 4699">
     <span class='ocr_line' id='line_1_106' title="bbox 2039 4617 3692 4699; baseline 0.004 -22"><span class='ocrx_word' id='word_1_801' title='bbox 2039 4617 2315 4678; x_wconf 73' lang='lat' dir='ltr'><strong><em>-dteorum</em></strong></span> <span class='ocrx_word' id='word_1_802' title='bbox 2331 4618 2434 4698; x_wconf 91' lang='lat' dir='ltr'><strong><em>qui</em></strong></span> <span class='ocrx_word' id='word_1_803' title='bbox 2459 4627 2598 4679; x_wconf 89' lang='lat' dir='ltr'><strong><em>tunc</em></strong></span> <span class='ocrx_word' id='word_1_804' title='bbox 2615 4627 2930 4693; x_wconf 89' lang='lat' dir='ltr'><strong><em>erant,non</em></strong></span> <span class='ocrx_word' id='word_1_805' title='bbox 2952 4634 3084 4679; x_wconf 88' lang='lat' dir='ltr'><strong><em>esse</em></strong></span> <span class='ocrx_word' id='word_1_806' title='bbox 3104 4619 3312 4681; x_wconf 74' lang='lat' dir='ltr'><strong><em>virtute</em></strong></span> <span class='ocrx_word' id='word_1_807' title='bbox 3329 4623 3692 4699; x_wconf 84' lang='lat' dir='ltr'><strong><em>sacerdotes,</em></strong></span> 
     </span>
    </p>
   </div>
   <div class='ocr_carea' id='block_1_107' title="bbox 2054 4706 3691 4787">
    <p class='ocr_par' dir='ltr' id='par_1_107' title="bbox 2054 4706 3691 4787">
     <span class='ocr_line' id='line_1_107' title="bbox 2054 4706 3691 4787; baseline 0.004 -19"><span class='ocrx_word' id='word_1_808' title='bbox 2054 4725 2126 4768; x_wconf 85' lang='lat' dir='ltr'><strong><em>eo</em></strong></span> <span class='ocrx_word' id='word_1_809' title='bbox 2151 4710 2310 4787; x_wconf 88' lang='lat' dir='ltr'><strong><em>quod</em></strong></span> <span class='ocrx_word' id='word_1_810' title='bbox 2335 4707 2640 4768; x_wconf 83' lang='lat' dir='ltr'><strong><em>assilirent</em></strong></span> <span class='ocrx_word' id='word_1_811' title='bbox 2662 4706 2939 4769; x_wconf 82' lang='lat' dir='ltr'><strong><em>etvenale</em></strong></span> <span class='ocrx_word' id='word_1_812' title='bbox 2961 4706 3255 4769; x_wconf 83' lang='lat' dir='ltr'><strong><em>haberent</em></strong></span> <span class='ocrx_word' id='word_1_813' title='bbox 3269 4711 3691 4775; x_wconf 86' lang='lat' dir='ltr'><strong><em>sacerdotium.</em></strong></span> 
     </span>
    </p>
   </div>
   <div class='ocr_carea' id='block_1_108' title="bbox 2060 4793 3697 4876">
    <p class='ocr_par' dir='ltr' id='par_1_108' title="bbox 2060 4793 3697 4876">
     <span class='ocr_line' id='line_1_108' title="bbox 2060 4793 3697 4876; baseline 0.005 -22"><span class='ocrx_word' id='word_1_814' title='bbox 2060 4793 2260 4856; x_wconf 65' lang='lat' dir='ltr'><strong><em>iSicut</em></strong></span> <span class='ocrx_word' id='word_1_815' title='bbox 2291 4804 2350 4857; x_wconf 92' lang='lat' dir='ltr'><strong><em>et</em></strong></span> <span class='ocrx_word' id='word_1_816' title='bbox 2369 4795 2632 4858; x_wconf 68' lang='lat' dir='ltr'><strong><em>Aaron.»</em></strong></span> <span class='ocrx_word' id='word_1_817' title='bbox 2665 4795 3034 4876; x_wconf 86' lang='lat' dir='ltr'><strong><em>Frequenter</em></strong></span> <span class='ocrx_word' id='word_1_818' title='bbox 3061 4797 3218 4858; x_wconf 90' lang='lat' dir='ltr'><strong><em>enim</em></strong></span> <span class='ocrx_word' id='word_1_819' title='bbox 3250 4801 3449 4860; x_wconf 81' lang='lat' dir='ltr'><strong><em>Aaron</em></strong></span> <span class='ocrx_word' id='word_1_820' title='bbox 3472 4801 3697 4862; x_wconf 88' lang='lat' dir='ltr'><strong><em>electus</em></strong></span> 
     </span>
    </p>
   </div>
   <div class='ocr_carea' id='block_1_109' title="bbox 2053 4883 3697 4968">
    <p class='ocr_par' dir='ltr' id='par_1_109' title="bbox 2053 4883 3697 4968">
     <span class='ocr_line' id='line_1_109' title="bbox 2053 4883 3697 4968; baseline 0.004 -23"><span class='ocrx_word' id='word_1_821' title='bbox 2053 4893 2144 4945; x_wconf 88' lang='lat' dir='ltr'><strong><em>est</em></strong></span> <span class='ocrx_word' id='word_1_822' title='bbox 2173 4901 2205 4945; x_wconf 92' lang='lat' dir='ltr'><strong><em>a</em></strong></span> <span class='ocrx_word' id='word_1_823' title='bbox 2234 4883 2449 4959; x_wconf 87' lang='lat' dir='ltr'><strong><em>De0,et</em></strong></span> <span class='ocrx_word' id='word_1_824' title='bbox 2472 4902 2575 4964; x_wconf 90' lang='lat' dir='ltr'><strong><em>per</em></strong></span> <span class='ocrx_word' id='word_1_825' title='bbox 2595 4884 2812 4964; x_wconf 82' lang='lat' dir='ltr'><strong><em>virgam</em></strong></span> <span class='ocrx_word' id='word_1_826' title='bbox 2831 4903 2963 4965; x_wconf 63' lang='lat' dir='ltr'><strong><em>qua;</em></strong></span> <span class='ocrx_word' id='word_1_827' title='bbox 2978 4886 3257 4962; x_wconf 85' lang='lat' dir='ltr'><strong><em>fronduit,</em></strong></span> <span class='ocrx_word' id='word_1_828' title='bbox 3287 4895 3348 4950; x_wconf 87' lang='lat' dir='ltr'><strong><em>et</em></strong></span> <span class='ocrx_word' id='word_1_829' title='bbox 3371 4907 3478 4968; x_wconf 89' lang='lat' dir='ltr'><strong><em>per</em></strong></span> <span class='ocrx_word' id='word_1_830' title='bbox 3497 4888 3697 4967; x_wconf 80' lang='lat' dir='ltr'><strong><em>ignem</em></strong></span> 
     </span>
    </p>
   </div>
   <div class='ocr_carea' id='block_1_110' title="bbox 2055 4973 3696 5054">
    <p class='ocr_par' dir='ltr' id='par_1_110' title="bbox 2055 4973 3696 5054">
     <span class='ocr_line' id='line_1_110' title="bbox 2055 4973 3696 5054; baseline 0.005 -20"><span class='ocrx_word' id='word_1_831' title='bbox 2055 4973 2156 5054; x_wconf 89' lang='lat' dir='ltr'><strong><em>qui</em></strong></span> <span class='ocrx_word' id='word_1_832' title='bbox 2185 4973 2554 5053; x_wconf 89' lang='lat' dir='ltr'><strong><em>consumpsit</em></strong></span> <span class='ocrx_word' id='word_1_833' title='bbox 2613 4991 2715 5034; x_wconf 89' lang='lat' dir='ltr'><strong><em>eos</em></strong></span> <span class='ocrx_word' id='word_1_834' title='bbox 2772 4976 2871 5054; x_wconf 87' lang='lat' dir='ltr'><strong><em>qui</em></strong></span> <span class='ocrx_word' id='word_1_835' title='bbox 2920 4973 3261 5036; x_wconf 82' lang='lat' dir='ltr'><strong><em>assiiiebant</em></strong></span> <span class='ocrx_word' id='word_1_836' title='bbox 3309 4978 3379 5037; x_wconf 89' lang='lat' dir='ltr'><strong><em>ad</em></strong></span> <span class='ocrx_word' id='word_1_837' title='bbox 3411 4980 3696 5042; x_wconf 87' lang='lat' dir='ltr'><strong><em>sacerdo-</em></strong></span> 
     </span>
    </p>
   </div>
   <div class='ocr_carea' id='block_1_111' title="bbox 2049 5061 3697 5144">
    <p class='ocr_par' dir='ltr' id='par_1_111' title="bbox 2049 5061 3697 5144">
     <span class='ocr_line' id='line_1_111' title="bbox 2049 5061 3697 5144; baseline 0.005 -22"><span class='ocrx_word' id='word_1_838' title='bbox 2049 5062 2228 5125; x_wconf 85' lang='lat' dir='ltr'><strong><em>tium.</em></strong></span> <span class='ocrx_word' id='word_1_839' title='bbox 2265 5061 2384 5123; x_wconf 69' lang='lat' dir='ltr'><strong><em>clta</em></strong></span> <span class='ocrx_word' id='word_1_840' title='bbox 2412 5071 2471 5123; x_wconf 91' lang='lat' dir='ltr'><strong><em>et</em></strong></span> <span class='ocrx_word' id='word_1_841' title='bbox 2494 5061 2758 5126; x_wconf 86' lang='lat' dir='ltr'><strong><em>Christus</em></strong></span> <span class='ocrx_word' id='word_1_842' title='bbox 2788 5081 2908 5122; x_wconf 88' lang='lat' dir='ltr'><strong><em>non</em></strong></span> <span class='ocrx_word' id='word_1_843' title='bbox 2937 5062 3321 5140; x_wconf 82' lang='lat' dir='ltr'><strong><em>semetipsum</em></strong></span> <span class='ocrx_word' id='word_1_844' title='bbox 3347 5066 3697 5144; x_wconf 80' lang='lat' dir='ltr'><strong><em>gloriﬁcavit</em></strong></span> 
     </span>
    </p>
   </div>
   <div class='ocr_carea' id='block_1_112' title="bbox 2055 5150 3699 5232">
    <p class='ocr_par' dir='ltr' id='par_1_112' title="bbox 2055 5150 3699 5232">
     <span class='ocr_line' id='line_1_112' title="bbox 2055 5150 3699 5232; baseline 0.004 -20"><span class='ocrx_word' id='word_1_845' title='bbox 2055 5159 2119 5212; x_wconf 90' lang='lat' dir='ltr'><strong><em>ut</em></strong></span> <span class='ocrx_word' id='word_1_846' title='bbox 2140 5151 2398 5232; x_wconf 80' lang='lat' dir='ltr'><strong><em>pontifex</em></strong></span> <span class='ocrx_word' id='word_1_847' title='bbox 2424 5152 2610 5212; x_wconf 84' lang='lat' dir='ltr'><strong><em>ﬁeret.</em></strong></span> <span class='ocrx_word' id='word_1_848' title='bbox 2643 5174 2666 5207; x_wconf 77' lang='grc' dir='ltr'>»ι</span> <span class='ocrx_word' id='word_1_849' title='bbox 2695 5150 2935 5213; x_wconf 89' lang='lat' dir='ltr'><strong><em>Interim</em></strong></span> <span class='ocrx_word' id='word_1_850' title='bbox 2957 5151 3070 5213; x_wconf 91' lang='lat' dir='ltr'><strong><em>hoc</em></strong></span> <span class='ocrx_word' id='word_1_851' title='bbox 3093 5151 3269 5213; x_wconf 89' lang='lat' dir='ltr'><strong><em>etiam</em></strong></span> <span class='ocrx_word' id='word_1_852' title='bbox 3287 5153 3368 5215; x_wconf 90' lang='lat' dir='ltr'><strong><em>ait</em></strong></span> <span class='ocrx_word' id='word_1_853' title='bbox 3391 5178 3406 5217; x_wconf 84' lang='lat'><strong>;</strong></span> <span class='ocrx_word' id='word_1_854' title='bbox 3434 5156 3699 5218; x_wconf 81' lang='lat' dir='ltr'><strong><em>Christus</em></strong></span> 
     </span>
    </p>
   </div>
   <div class='ocr_carea' id='block_1_113' title="bbox 2057 5237 3700 5326">
    <p class='ocr_par' dir='ltr' id='par_1_113' title="bbox 2057 5237 3700 5326">
     <span class='ocr_line' id='line_1_113' title="bbox 2057 5237 3700 5326; baseline 0.004 -24"><span class='ocrx_word' id='word_1_855' title='bbox 2057 5257 2326 5302; x_wconf 89' lang='lat' dir='ltr'><strong><em>summus</em></strong></span> <span class='ocrx_word' id='word_1_856' title='bbox 2354 5238 2614 5318; x_wconf 74' lang='lat' dir='ltr'><strong><em>pontifex</em></strong></span> <span class='ocrx_word' id='word_1_857' title='bbox 2647 5246 2757 5314; x_wconf 83' lang='lat' dir='ltr'><strong><em>est,</em></strong></span> <span class='ocrx_word' id='word_1_858' title='bbox 2814 5247 2974 5300; x_wconf 64' lang='lat'><strong><em>845</em></strong></span> <span class='ocrx_word' id='word_1_859' title='bbox 3001 5237 3139 5320; x_wconf 89' lang='lat' dir='ltr'><strong><em>quia</em></strong></span> <span class='ocrx_word' id='word_1_860' title='bbox 3170 5259 3287 5302; x_wconf 92' lang='lat' dir='ltr'><strong><em>non</em></strong></span> <span class='ocrx_word' id='word_1_861' title='bbox 3315 5261 3349 5304; x_wconf 90' lang='lat' dir='ltr'><strong><em>a</em></strong></span> <span class='ocrx_word' id='word_1_862' title='bbox 3397 5243 3592 5326; x_wconf 88' lang='lat' dir='ltr'><strong><em>seipso</em></strong></span> <span class='ocrx_word' id='word_1_863' title='bbox 3623 5245 3700 5308; x_wconf 87' lang='lat' dir='ltr'><strong><em>ad</em></strong></span> 
     </span>
    </p>
   </div>
   <div class='ocr_carea' id='block_1_114' title="bbox 2055 5326 3700 5397">
    <p class='ocr_par' dir='ltr' id='par_1_114' title="bbox 2055 5326 3700 5397">
     <span class='ocr_line' id='line_1_114' title="bbox 2055 5326 3700 5397; baseline 0.003 -5"><span class='ocrx_word' id='word_1_864' title='bbox 2055 5327 2458 5392; x_wconf 86' lang='lat' dir='ltr'><strong><em>sacerdottum</em></strong></span> <span class='ocrx_word' id='word_1_865' title='bbox 2488 5326 2762 5396; x_wconf 74' lang='lat' dir='ltr'><strong><em>accessit,</em></strong></span> <span class='ocrx_word' id='word_1_866' title='bbox 2798 5328 2902 5389; x_wconf 90' lang='lat' dir='ltr'><strong><em>sed</em></strong></span> <span class='ocrx_word' id='word_1_867' title='bbox 2935 5347 2969 5390; x_wconf 91' lang='lat' dir='ltr'><strong><em>a</em></strong></span> <span class='ocrx_word' id='word_1_868' title='bbox 3000 5334 3168 5391; x_wconf 76' lang='lat' dir='ltr'><strong><em>Patre</em></strong></span> <span class='ocrx_word' id='word_1_869' title='bbox 3196 5331 3420 5394; x_wconf 86' lang='lat' dir='ltr'><strong><em>electus</em></strong></span> <span class='ocrx_word' id='word_1_870' title='bbox 3445 5343 3556 5397; x_wconf 89' lang='lat' dir='ltr'><strong><em>est.</em></strong></span> <span class='ocrx_word' id='word_1_871' title='bbox 3584 5337 3700 5397; x_wconf 82' lang='lat' dir='ltr'><strong><em>Ma-</em></strong></span> 
     </span>
    </p>
   </div>
   <div class='ocr_carea' id='block_1_115' title="bbox 2059 5414 3699 5500">
    <p class='ocr_par' dir='ltr' id='par_1_115' title="bbox 2059 5414 3699 5500">
     <span class='ocr_line' id='line_1_115' title="bbox 2059 5414 3699 5500; baseline 0.004 -21"><span class='ocrx_word' id='word_1_872' title='bbox 2059 5415 2290 5480; x_wconf 81' lang='lat' dir='ltr'><strong><em>nifestis</em></strong></span> <span class='ocrx_word' id='word_1_873' title='bbox 2318 5415 2516 5495; x_wconf 86' lang='lat' dir='ltr'><strong><em>itaque</em></strong></span> <span class='ocrx_word' id='word_1_874' title='bbox 2541 5414 2737 5476; x_wconf 80' lang='lat' dir='ltr'><strong><em>verbis</em></strong></span> <span class='ocrx_word' id='word_1_875' title='bbox 2759 5416 3081 5478; x_wconf 85' lang='lat' dir='ltr'><strong><em>ostendens</em></strong></span> <span class='ocrx_word' id='word_1_876' title='bbox 3110 5417 3306 5500; x_wconf 90' lang='lat' dir='ltr'><strong><em>ipsum</em></strong></span> <span class='ocrx_word' id='word_1_877' title='bbox 3335 5437 3466 5484; x_wconf 74' lang='lat' dir='ltr'><strong><em>esse</em></strong></span> <span class='ocrx_word' id='word_1_878' title='bbox 3495 5441 3699 5486; x_wconf 82' lang='lat' dir='ltr'><strong><em>sacer-</em></strong></span> 
     </span>
    </p>
   </div>
   <div class='ocr_carea' id='block_1_116' title="bbox 327 5502 1958 5594">
    <p class='ocr_par' dir='ltr' id='par_1_116' title="bbox 327 5502 1958 5587">
     <span class='ocr_line' id='line_1_116' title="bbox 327 5502 1958 5587; baseline 0.002 -29"><span class='ocrx_word' id='word_1_879' title='bbox 327 5502 430 5558; x_wconf 78' lang='grc' dir='ltr'>ἀπὸ</span> <span class='ocrx_word' id='word_1_880' title='bbox 495 5513 592 5561; x_wconf 81' lang='lat'><strong><em>106</em></strong></span> <span class='ocrx_word' id='word_1_881' title='bbox 648 5507 850 5584; x_wconf 83' lang='grc' dir='ltr'>Πατρὸς</span> <span class='ocrx_word' id='word_1_882' title='bbox 919 5505 1451 5587; x_wconf 70' lang='grc' dir='ltr'>κεχειροτονημένος.</span> <span class='ocrx_word' id='word_1_883' title='bbox 1541 5505 1803 5561; x_wconf 81' lang='grc' dir='ltr'>Δεικνύων</span> <span class='ocrx_word' id='word_1_884' title='bbox 1887 5505 1958 5562; x_wconf 58' lang='grc' dir='ltr'><strong><em>οὖα</em></strong></span> 
     </span>
    </p>
   </div>
   <div class='ocr_carea' id='block_1_117' title="bbox 2042 5502 3700 5594">
    <p class='ocr_par' dir='ltr' id='par_1_117' title="bbox 2059 5502 3700 5594">
     <span class='ocr_line' id='line_1_117' title="bbox 2059 5502 3700 5594; baseline 0.005 -26"><span class='ocrx_word' id='word_1_885' title='bbox 2059 5507 2258 5569; x_wconf 88' lang='lat' dir='ltr'><strong><em>dotem</em></strong></span> <span class='ocrx_word' id='word_1_886' title='bbox 2284 5503 2454 5584; x_wconf 80' lang='lat' dir='ltr'><strong><em>juxta</em></strong></span> <span class='ocrx_word' id='word_1_887' title='bbox 2471 5558 2488 5594; x_wconf 84' lang='lat'><strong><em>_.</em></strong></span> <span class='ocrx_word' id='word_1_888' title='bbox 2503 5502 2878 5594; x_wconf 76' lang='lat' dir='ltr'><strong><em>sacerdotum</em></strong></span> <span class='ocrx_word' id='word_1_889' title='bbox 2911 5509 3428 5594; x_wconf 81' lang='lat' dir='ltr'><strong><em>consuetudinem,</em></strong></span> <span class='ocrx_word' id='word_1_890' title='bbox 3463 5511 3524 5574; x_wconf 90' lang='lat' dir='ltr'><strong><em>in</em></strong></span> <span class='ocrx_word' id='word_1_891' title='bbox 3550 5513 3700 5576; x_wconf 90' lang='lat' dir='ltr'><strong><em>reli-</em></strong></span> 
     </span>
    </p>
   </div>
   <div class='ocr_carea' id='block_1_118' title="bbox 328 5589 1958 5682">
    <p class='ocr_par' dir='ltr' id='par_1_118' title="bbox 328 5589 1958 5670">
     <span class='ocr_line' id='line_1_118' title="bbox 328 5589 1958 5670; baseline 0.003 -24"><span class='ocrx_word' id='word_1_892' title='bbox 328 5589 379 5647; x_wconf 75' lang='grc' dir='ltr'><strong><em>ιν</em></strong></span> <span class='ocrx_word' id='word_1_893' title='bbox 420 5605 668 5670; x_wconf 69' lang='grc' dir='ltr'>φανεραῖς</span> <span class='ocrx_word' id='word_1_894' title='bbox 739 5591 1015 5670; x_wconf 75' lang='grc' dir='ltr'>ιδιώμασιν</span> <span class='ocrx_word' id='word_1_895' title='bbox 1071 5594 1196 5652; x_wconf 72' lang='grc' dir='ltr'>ὄντα</span> <span class='ocrx_word' id='word_1_896' title='bbox 1260 5595 1413 5651; x_wconf 76' lang='grc' dir='ltr'>αὐτὸν</span> <span class='ocrx_word' id='word_1_897' title='bbox 1481 5591 1621 5669; x_wconf 77' lang='grc' dir='ltr'>ἱερέα</span> <span class='ocrx_word' id='word_1_898' title='bbox 1675 5593 1809 5650; x_wconf 82' lang='grc' dir='ltr'>κατὰ</span> <span class='ocrx_word' id='word_1_899' title='bbox 1879 5596 1958 5661; x_wconf 69' lang='grc' dir='ltr'><strong>τήε</strong></span> 
     </span>
    </p>
   </div>
   <div class='ocr_carea' id='block_1_119' title="bbox 2042 5589 3702 5682">
    <p class='ocr_par' dir='ltr' id='par_1_119' title="bbox 2059 5589 3702 5682">
     <span class='ocr_line' id='line_1_119' title="bbox 2059 5589 3702 5682; baseline 0.007 -28"><span class='ocrx_word' id='word_1_900' title='bbox 2059 5597 2194 5673; x_wconf 84' lang='lat' dir='ltr'><strong><em>quis</em></strong></span> <span class='ocrx_word' id='word_1_901' title='bbox 2224 5591 2752 5674; x_wconf 63' lang='lat' dir='ltr'><strong><em>praeponitillum,</em></strong></span> <span class='ocrx_word' id='word_1_902' title='bbox 2793 5603 3091 5672; x_wconf 79' lang='lat' dir='ltr'><strong><em>quantum</em></strong></span> <span class='ocrx_word' id='word_1_903' title='bbox 3146 5596 3331 5682; x_wconf 76' lang='lat' dir='ltr'><strong><em>Deus-</em></strong></span> <span class='ocrx_word' id='word_1_904' title='bbox 3359 5589 3702 5666; x_wconf 82' lang='lat' dir='ltr'><strong><em>hominibus</em></strong></span> 
     </span>
    </p>
   </div>
  </div>
