4152 6216
465 276 586 344 323

1585 278 1997 345 (ECUMENII
2040 273 2337 340 TRICCE
2380 277 2715 343 EPISCOPI

3730 274 3851 346 324

468 413 764 476 excelsior
794 433 925 476 esse
959 414 1186 477 debuit.
1236 441 1263 471 α
1297 414 1414 476 Sed
1468 413 1518 474 is
1550 412 1651 494 qui
1683 412 1915 474 dixerat
1946 409 2052 471 illi.

2172 417 2306 467 ,τῶν
2334 412 2514 492 ἱερέων
2544 412 2840 491 συνήθειαν,
2872 410 2927 467 ὲν
2968 424 3086 477 τοῖς
3125 409 3306 474 ἄλλοις
3363 412 3671 491 ὑπερτίθησι
3725 412 3850 466 καθ-

473 503 619 564 Cum
655 502 787 578 hoc,
825 503 1041 586 inquit,
1073 505 1158 565 illi
1190 504 1420 566 diceret
1451 505 1628 575 Dcus,
1657 500 1878 563 creavit
1923 499 2116 580 ipsum

468 593 863 654 sacerdotem.
925 617 952 648 α
985 593 1152 656 Sicut
1210 599 1268 653 et
1321 589 1465 652 alibi
1497 589 1660 650 dicit.
1703 613 1726 645 υ
1764 586 2115 668 Conjunctio

465 682 576 756 καί,
625 679 683 742 id
716 689 826 756 est,
848 688 924 752 et.
947 680 1347 761 interponitur
1381 687 1654 759 tanquam
1683 677 1756 738 ad
1781 675 2115 739 enarratio-

469 769 561 830 nis
588 769 1092 831 consecutionem.
1122 768 1498 831 «Secundum
1518 766 1786 828 ordinem
1810 767 1858 825 Μ
1869 765 2120 826 elchise-

466 857 598 920 dec.
657 884 684 913 ι»
742 856 850 919 Hic
911 858 1138 938 primus
1181 857 1438 919 hostiam
1497 855 1627 916 sine
1679 853 1966 933 sanguine
1994 853 2115 913 Deo

465 945 699 1021 obtulit,
728 965 944 1027 nempe
975 965 1186 1027 panem
1213 956 1269 1007 et
1297 946 1608 1007 vinum.—
1633 943 1747 1005 Aut
1770 943 1908 1023 quia
1937 943 2113 1003 etiam

467 1033 735 1097 Christus
797 1036 926 1097 sine
974 1037 1260 1115 sanguine
1316 1035 1558 1097 costiam
1617 1032 1848 1100 obtulit.
1893 1029 2114 1092 deinde

465 1125 837 1204 postmodum
870 1143 1039 1186 suum
1070 1124 1255 1204 ipsius
1287 1124 1461 1185 etiam
1496 1141 1710 1201 corpus
1746 1143 1758 1183 :
1799 1129 2114 1201 propterea

467 1230 606 1291 ergo
636 1220 772 1292 apte
803 1213 1026 1274 dictum
1085 1224 1174 1275 est
1222 1212 1516 1275 Christum
1557 1230 1688 1272 esse
1741 1210 2109 1272 sacerdotem

462 1302 794 1363 secundum
826 1302 1099 1363 ordindm
1129 1297 1820 1371 Melchisedech—Quia
1843 1317 1956 1359 non
1980 1297 2111 1359 oleo

465 1399 677 1451 unctus
706 1399 796 1450 est
825 1390 1265 1453 Melchisedech
1313 1390 1386 1451 ad
1439 1388 1854 1468 sacerdotium,
1896 1405 2108 1467 quem-

463 1480 781 1540 admodum
815 1483 1036 1550 Aaron,
1070 1488 1132 1543 et
1166 1482 1305 1562 quia
1341 1501 1454 1541 non
1515 1479 1727 1540 obtulit
1759 1478 1977 1538 hostias
2007 1495 2111 1558 per

465 1568 834 1647 sanguinem,
861 1578 920 1629 et
949 1570 1084 1650 quia
1115 1568 1376 1648 gentium
1409 1569 1689 1630 sacerdos
1714 1576 1859 1641 erat,
1889 1576 1945 1627 et
1974 1565 2111 1646 quia

2199 501 2319 557 ὁσον
2361 500 2640 581 ὑπερέχειν
2695 500 2886 580 ὤφειλε
2945 502 3073 581 Θεὸς
3143 500 3452 580 ἀνθρώπων.
3521 525 3546 556 ιι
3607 495 3756 556 Ἀλλ’
3813 498 3842 552 6

2199 579 2469 659 λαλήσας
2504 579 2633 669 πρὸς
2703 579 2882 648 αὒτόν.
2947 612 2972 644 υ
3039 579 3096 648 Ὀ
3137 579 3313 664 τοῦτο,
3365 587 3554 668 φησίν,
3615 586 3840 667 εἰρηκὼς

2199 679 2328 754 πρὸς
2359 680 2514 734 αῦτὸν
2545 678 2695 752 Θεὸς,
2730 676 3134 757 ἐχειροτόνησεν
3191 678 3345 734 αὐτὸν
3392 678 3552 757 ἱερέα.
3608 699 3630 732 ι
3697 678 3839 732 Καθ-

2200 767 2272 830 ὼς
2321 768 2410 822 καί
2451 766 2504 821 ἐν
2548 766 2710 846 ἑτέρῳ
2767 765 2933 845 λέγει,
2998 787 3022 823 ο
3085 768 3181 846 Τὸ,
3235 767 3354 845 Καί,
3414 768 3487 829 ὡς
3541 767 3672 845 πρὸς
3741 763 3838 830 τὴν

2198 854 2507 912 ἀκολουθίαν
2533 861 2632 922 τῆς
2693 847 3004 935 Ἐρμηνείας
3059 853 3400 934 παρέλκεται,
3454 878 3481 909 α
3537 855 3684 912 Κατὰ
3738 852 3837 909 τὸν

2196 943 2337 1008 τάξιν
2369 942 2720 1024 Μελχισεδέκ.
2785 968 2812 998 ι
2876 946 3038 1007 Οὗτος
3097 949 3306 1023 πρῶτος
3363 943 3683 1018 ἀναίμακτον
3736 944 3831 997 θυ-

2197 1033 2308 1112 σίαν
2339 1035 2666 1112 προσήνεγκε
2695 1040 2770 1108 τῷ
2799 1039 2934 1111 Θεῷ,
2969 1032 3120 1110 ἄρτον
3153 1034 3240 1089 καὶ
3287 1033 3457 1095 οἶνον,
3505 1065 3584 1075 -
3616 1028 3829 1109 ίΦΩΤ.]

2202 1103 2257 1178 ’.Η
2289 1103 2391 1180 ὅτι·
2411 1126 2498 1180 καὶ
2529 1127 2557 1180 6
2587 1103 2820 1202 ’Χριστὸς
2865 1103 3187 1198 ἀναίμακτον
3241 1124 3414 1178 θυσίαν
3446 1123 3828 1201 προσήνεγκεν,

2193 1211 2296 1269 εἶθ’
2351 1212 2562 1292 ὕστερον
2631 1214 2718 1269 καὶ
2771 1214 2832 1268 τὸ
2888 1213 3070 1267 ἑαυτοῦ
3125 1217 3304 1286 σῶμα.
3379 1211 3476 1268 Διὰ
3531 1216 3682 1266 τοῦτο
3745 1208 3832 1265 οὖν

2192 1301 2465 1380 ἀναλόγως
2498 1301 2708 1381 εἴρηται
2749 1300 2888 1380 ἱερέα
2930 1302 3072 1357 εἶναι
3119 1303 3207 1357 τὸν
3253 1303 3498 1380 Χριστὸν,
3557 1300 3693 1355 κατὰ
3735 1298 3832 1365 τὴν

2190 1389 2334 1456 τάξιν
2374 1379 2728 1470 Μελχισεδὲκ.
2767 1379 2833 1433 4
2884 1389 3158 1468 [ἈΘΑΝ
3195 1379 3323 1447 ’Ότι
3355 1391 3414 1446 06
3442 1386 3508 1444 δι’
3554 1387 3727 1444 ἐλαίου
3757 1388 3829 1451 εἰς

2191 1480 2473 1552 ἱερωσύνην
2532 1479 2750 1559 ἐχρίσθη
2801 1481 2828 1535 6
2888 1476 3238 1558 Μελχισεδὲκ,
3302 1481 3374 1541 ὡς
3441 1479 3667 1556 Ἀαρὼν,
3742 1477 3830 1533 καὶ

2191 1568 2270 1623 ὅτι
2303 1573 2360 1628 οὗ
2388 1570 2480 1633 τὰς
2510 1567 2576 1624 δι’
2607 1569 2839 1643 αἱμάτων
2869 1571 3175 1647 προσήγαγε
3203 1570 3404 1640 θυσίας,
3450 1567 3542 1622 καὶ
3588 1565 3672 1621 ὅτι
3724 1571 3829 1621 τῶν

463 1675 571 1736 per
600 1676 812 1738 panem
850 1666 908 1719 et
933 1658 1129 1718 vinum
1159 1658 1458 1719 benedixit
1486 1657 1890 1746 Abraham.+
1908 1655 2087 1746 Signi-

2193 1657 2350 1715 ἐθνῶν
2379 1659 2448 1726 ἦν
2490 1659 2788 1739 ἀρχιερεὺς,
2835 1661 2921 1715 καὶ
2967 1657 3047 1714 ὅτι
3097 1656 3166 1713 δι’
3209 1656 3364 1737 ἄρτου
3415 1659 3503 1714 καὶ
3547 1656 3692 1714 οἴνου
3721 1657 3825 1722 ηὖ-

462 1748 594 1807 ﬁcat
643 1765 863 1822 sermo,
899 1748 1056 1823 quod
1094 1747 1232 1808 licet
1261 1746 1529 1809 Christus
1551 1766 1668 1806 non
1693 1745 1978 1806 obtulerit
2009 1744 2087 1804 in-

2189 1746 2388 1826 λόγηγε
2417 1750 2508 1804 τὸν
2552 1745 2813 1826 Ἀϐράαμ.
2846 1747 3474 1824 ——[01KorMENlor.]
3531 1744 3825 1812 Δηλοῦντος

463 1843 768 1896 cruentam
801 1836 1050 1897 hostiam
1093 1835 1408 1915 (siquidem
1459 1854 1631 1897 suum
1678 1834 1863 1914 ipsius
1893 1850 2107 1913 corpus

461 1922 986 2003 obtulit),attamen
1007 1925 1108 2004 qui
1125 1923 1197 1985 ab
1244 1925 1372 2005 ipso
1403 1925 1723 2002 fungentur
1749 1921 2100 1993 sacerdotio,

461 2029 712 2092 quorum
742 2011 894 2073 Deus
923 2013 1179 2093 pontifex
1211 2031 1341 2074 esse
1372 2013 1643 2091 dignatus
1672 2019 1781 2087 est,
1813 2010 1944 2071 sine
1965 2028 2104 2070 san-

459 2099 634 2176 guine
667 2101 949 2162 oﬁ‘errent
983 2122 996 2160 :
1033 2120 1168 2161 nam
1201 2102 1313 2162 hoc
1343 2101 1634 2180 signiﬁcat
1666 2098 1768 2161 :lu
1789 2107 2099 2160 aeternum.

459 2190 668 2270 Neque
697 2189 855 2250 enim
883 2189 958 2251 de
979 2208 1046 2250 ea
1072 2208 1203 2270 quae
1233 2193 1416 2251 semel
1448 2208 1483 2250 a
1511 2189 1633 2249 Deo
1666 2189 1814 2248 facta
1836 2197 1924 2248 est
1943 2187 2103 2247 obla-

460 2278 542 2338 tio
569 2287 626 2339 et
656 2277 848 2339 hostia
871 2278 1114 2340 dixisset
1148 2301 1160 2341 :
1196 2277 1260 2339 In
1290 2287 1574 2340 aeternum
1601 2297 1616 2353 ;
1649 2277 1752 2337 sed
1775 2275 2101 2354 respiciens

458 2367 532 2430 ad
547 2377 866 2447 praesentes
895 2367 1218 2442 sacriﬁcos,
1253 2385 1360 2448 per
1397 2385 1547 2446 quos
1577 2365 1804 2427 medios
1835 2364 2101 2427 Christus

455 2455 750 2517 sacriﬁcat
800 2464 858 2516 et
915 2456 1324 2517 sacriﬁcatur:
1359 2456 1458 2536 qui
1512 2455 1688 2516 etiam
1747 2454 1807 2513 in
1859 2452 2102 2532 mystica

454 2560 622 2605 cinna
652 2543 894 2606 modum
927 2543 1046 2605 illis
1077 2543 1315 2606 tradidit
1345 2542 1683 2622 hujusmodi
1711 2541 2012 2603 sacriﬁcii.

537 2722 603 2794 V,
625 2721 697 2783 7-
713 2725 730 2780 Ι
744 2723 805 2782 Ο.
833 2721 949 2795 Qui
970 2723 1035 2782 in
1051 2720 1266 2783 diebus
1286 2721 1486 2782 carnis
1499 2737 1647 2800 sum,
1673 2737 1806 2782 cum
1823 2725 1877 2780 et
1885 2735 2095 2798 preca-

453 2813 642 2871 tiones
692 2815 749 2871 et
776 2808 1244 2888 supplicationes
1297 2809 1460 2888 apud
1488 2808 1665 2869 illum
1714 2808 1819 2887 qui
1864 2815 2096 2884 poterat

452 2902 652 2976 ipsum
684 2915 721 2958 a
752 2904 942 2959 morte
978 2914 1219 2959 servare
1247 2915 1381 2960 cum
1412 2898 1674 2959 clamore
1705 2895 1905 2958 valido
1928 2904 1983 2958 et
2007 2895 2095 2956 la-

451 2986 678 3065 cr-ymis
699 2983 1094 3059 oblulisset,et
1137 2985 1460 3048 exauditus
1479 2995 1628 3047 esset
1647 3001 1764 3065 pro
1783 3003 1894 3046 sua
1913 3002 2088 3046 reve-

2188 1847 2280 1894 τοῦ
2337 1835 2519 1915 λόγου,
2575 1837 2655 1892 ὅτι
2701 1839 2744 1892 εἰ
2800 1837 2877 1912 μὴ
2935 1837 3089 1900 αὐτὸς
3146 1838 3173 1891 6
3231 1837 3452 1914 Χριστὸς
3505 1833 3824 1908 ἀναίμακτον

2186 1927 2494 2004 προσήγαγε
2523 1927 2723 2000 θυσίαν,
2762 1925 3093 2004 (προσήγαγε
3142 1925 3241 2004 γὰρ
3284 1926 3345 1980 τὸ
3402 1926 3586 1981 ἑαυτοῦ
3617 1919 3820 2000 σῶμα,)

2187 2013 2305 2070 ἀλλ’
2339 2014 2392 2070 οῗ
2428 2035 2484 2092 γε
2535 2014 2628 2070 ἀπ’
2677 2014 2832 2070 αὐτοῦ
2887 2016 3047 2091 ἱερεῖς
3102 2015 3177 2067 ὧν
3236 2015 3362 2073 Θεὸς
3421 2013 3507 2068 καὶ
3549 2011 3822 2090 ἀρχιερεὺς

2186 2102 2326 2166 ἀξιοῖ
2394 2103 2534 2158 εἶναι
2620 2102 2939 2177 ἀναίμακτον
3023 2103 3377 2180 προσοίσουσι,
3465 2107 3628 2159 Τοῦτ)
3723 2099 3821 2175 γὰρ

2185 2188 2368 2266 δηλοῖ,
2417 2193 2499 2265 τὸ,
2535 2193 2621 2254 Εἰς
2665 2193 2754 2249 τὸν
2808 2193 2991 2248 αἰῶνα.
3053 2195 3126 2249 O6
3179 2191 3278 2268 γὰρ
3332 2191 3429 2258 τὴν
3499 2191 3628 2268 πρὸς
3685 2184 3820 2250 ἅπαξ

2183 2281 2470 2357 γενομένην
2499 2283 2600 2337 ὑπὸ
2630 2289 2760 2339 Θεοῦ
2802 2281 2979 2337 θυσίαν
3021 2279 3115 2334 καῖ
3157 2280 3453 2359 προσφορὰν
3519 2277 3673 2334 εἶπεν
3731 2275 3814 2354 ἂν,

2182 2371 2255 2433 εἰς
2297 2372 2388 2426 τὸν
2417 2372 2599 2445 αἰῶνα,
2651 2369 2768 2425 ἀλλ’
2817 2370 3025 2448 ἀφορῶν
3055 2369 3126 2434 εἰς
3159 2369 3280 2431 τοὺς
3311 2375 3398 2425 νῦν
3427 2367 3721 2447 ἱερουργοὺς
3750 2361 3815 2418 δι’

2179 2463 2252 2515 ῶν
2298 2459 2473 2533 μέτων
2502 2461 2729 2537 Χριστὸς
2786 2461 3046 2537 ἱερουργετ
3087 2459 3174 2514 καὶ
3219 2461 3587 2537 ἱερουργεῖται,
3647 2457 3676 2510 6
3730 2454 3817 2508 καὶ

2180 2546 2439 2627 παραδοὺς
2478 2550 2658 2613 αὐτοῖς
2689 2547 2741 2604 ἐν
2770 2554 2848 2622 τῷ
2876 2553 3113 2622 μυστικῷ
3142 2545 3335 2621 δείπτῳ
3361 2549 3452 2602 τὸν
3495 2545 3688 2625 τρόπον
3716 2547 3815 2609 τῆς

2179 2637 2427 2717 τοιαύτης
2471 2637 2783 2717 ἱεροῦργίας.

2267 2744 2296 2785 ε
2325 2711 2416 2790 "Oc
2447 2711 2666 2790 €31-11th
2719 2725 2940 2804 ἡμέραις
2996 2732 3092 2793 τῆς
3135 2726 3327 2805 σαρκὸς
3385 2727 3563 2802 αὐτοῦ,
3607 2719 3810 2792 δεήσεις

2177 2837 2233 2870 τε
2303 2816 2389 2872 καὶ
2443 2817 2704 2895 ἱκετηρίας
2773 2817 2903 2895 πρὸς
2973 2817 3062 2872 τὸν
3130 2813 3410 2890 δυνάμενον
3470 2812 3653 2882 σώζειν
3710 2816 3807 2870 a6-

2176 2907 2266 2960 16v
2322 2904 2380 2960 ἐκ
2452 2905 2673 2964 θανάτου
2759 2906 2892 2980 μετὰ
2973 2910 3207 2983 κραυγῆς
3277 2905 3498 2981 ἰσχυρᾶς
3555 2901 3643 2956 καὶ
3708 2899 3805 2956 δα-

2175 2994 2344 3072 κρύων
2427 2991 2780 3072 προσενέγκας
2885 2995 2971 3048 καὶ
3071 2992 3420 3053 εἰσακουσθεὶς
3523 2988 3626 3044 ἀπὸ
3709 2995 3805 3056 τῆς

450 3073 1156 3153 νειιιὶα,ίαιηεί.ςίιῖϊιριιε
1175 3075 1548 3151 erat,didiu‘t
1591 3092 1665 3136 ea:
1683 3074 1778 3136 his
1805 3078 2468 3156 ᾳιιωραε-οεὺλαϐείας,
2529 3083 2715 3161 καίπερ
2771 3080 2842 3138 ὢν
2901 3082 3042 3154 Υἱὸς,
3106 3080 3294 3156 ἔμαθεν
3348 3076 3436 3158 ἀφ’
3497 3079 3571 3133 ὧν
3624 3076 3805 3150 ἔπαθε,

443 3180 544 3224 sus
567 3169 652 3224 est
699 3161 1151 3224 obedientiam:
1194 3180 1264 3225 ac
1295 3164 1597 3244 perjectus
1640 3163 1933 3236 redditus,
1967 3165 2087 3240 fuit

441 3250 720 3313 omnibus
749 3256 857 3330 qui
885 3251 1003 3312 sibi
1031 3251 1348 3314 obdierunt
1371 3269 1556 3312 causa
1585 3250 1802 3314 salutis
1820 3259 2081 3331 retentae,

438 3342 902 3419 cegnominatus
934 3358 970 3402 α
999 3339 1120 3403 Deo
1147 3341 1432 3422 ponti/em
1449 3340 1776 3403 secundum
1807 3342 2081 3404 ordinem

438 3428 559 3493 Mel
565 3428 849 3492 chz'sedec.

529 3515 671 3590 «Qui
691 3518 752 3578 in
785 3517 997 3580 diebus
1019 3519 1217 3582 carnis
1247 3539 1427 3582 sme.»
1452 3517 1580 3580 Non
1604 3527 1916 3600 propterea
1936 3519 2082 3582 dixit

440 3605 566 3667 dies
596 3607 812 3682 carnis,
849 3608 1062 3687 quibus
1079 3608 1367 3670 Dominus
1386 3627 1565 3689 super
1587 3616 1800 3670 terram
1829 3609 2078 3670 visibili-

441 3701 530 3755 ter
559 3696 797 3764 vivecat,
825 3696 992 3775 quasi
1025 3715 1180 3758 nunc
1212 3716 1448 3760 carnem
1483 3698 1668 3777 ipsam
1701 3697 2073 3778 reliquisset:

436 3783 647 3847 Absit!
683 3768 858 3844 habet
911 3785 1071 3845 enim
1121 3804 1248 3846 eam
1300 3768 1633 3866 quanquam
1663 3768 2078 3866 incorruptibii

441 3875 558 3935 lem
596 3889 609 3932 :
638 3872 778 3931 549
808 3873 909 3932 sed
943 3873 1073 3933 dies
1103 3874 1248 3935 dicit
1277 3875 1490 3950 carnis,
1527 3876 1637 3934 hoc
1670 3874 1925 3948 est,dies
1943 3878 2078 3957 qui-

438 3959 550 4022 bus
578 3960 692 4019 vita
723 3975 829 4020 sua
858 3978 987 4039 qua;
1018 3971 1143 4023 erat
1167 3962 1226 4022 in
1260 3981 1437 4024 carne
1467 3963 1610 4023 vixit

523 4072 548 4102 α
584 4048 961 4109 Precationes
1016 4058 1070 4110 et
1128 4051 1608 4130 supplicationes.
1647 4072 1675 4112 ι
1709 4051 1836 4114 Non
1882 4055 2070 4116 solum

435 4138 806 4217 precationes
861 4145 919 4196 et
975 4139 1459 4218 supplicationes,
1521 4143 1902 4203 verumetiam
1938 4162 2073 4204 eum

435 4224 696 4286 clamore
759 4231 815 4284 et
866 4223 1138 4306 lacrymis
1207 4227 1440 4289 obtulit.
1491 4231 1616 4291 Hoc
1671 4239 1868 4291 autem
1927 4232 2074 4293 dixit

2168 3171 2265 3236 τὴν
2337 3171 2596 3240 ὑπακοήν.
2685 3171 2783 3228 Καὶ
2850 3169 3161 3248 τελειωθεὶς,
3236 3167 3444 3246 ἐγένετο
3524 3179 3640 3232 τοῖς
3709 3168 3804 3223 ὑπ-

2167 3260 2443 3316 ακούουσιν
2472 3259 2614 3334 αὒτῷ
2643 3266 2801 3315 πᾶσιν
2833 3257 3002 3316 οῗτιος
3059 3260 3320 3336 σωτηρίας
3351 3257 3581 3335 αἰωνίου,
3612 3277 3806 3334 προσα-

2163 3351 2417 3428 γορευθεὶς
2446 3350 2546 3406 ὑπὸ
2588 3359 2680 3408 τοῦ
2709 3356 2838 3406 Θεοῦ
2867 3349 3164 3429 ἀρχιερεὺς,
3197 3348 3333 3404 κατὰ
3361 3345 3459 3413 τὴν
3484 3345 3627 3411 τάξιν
3654 3343 3802 3401 Μελ-

2163 3436 2399 3519 χισεδέκ.
2450 3462 2478 3494 ι

2250 3551 2273 3582 ιι
2310 3512 2402 3591 "Oc
2434 3527 2488 3583 ἓν
2516 3542 2636 3591 ταῖς
2660 3527 2880 3606 ἡμέραις
2910 3531 3007 3594 τῆς
3040 3527 3229 3606 σαρκὸς
3261 3525 3442 3587 αὐτοῦ,
3503 3546 3524 3577 n
3592 3522 3664 3581 Οὔ
3718 3521 3802 3579 διὰ

2163 3625 2316 3676 τοῦτο
2373 3617 2527 3674 εἶπεν
2583 3617 2784 3696 ἡμέρας
2829 3617 3042 3694 σαρκὸς,
3101 3615 3194 3679 τὰς
3252 3613 3376 3669 ὅταν
3418 3613 3483 3680 ἦν
3528 3615 3555 3668 6
3616 3613 3798 3692 Κύριος

2163 3705 2248 3761 ἐπὶ
2314 3706 2423 3782 γῆς
2470 3705 2749 3778 αἰσθητῶς,
2809 3705 2881 3767 ὡς
2957 3710 3043 3759 νῦν
3114 3701 3435 3776 ἀποθεμένου
3492 3702 3648 3756 αὗτοῦ
3703 3700 3804 3766 τὴν

2163 3781 2351 3873 σάρκα,
2414 3781 2680 3872 ’Ἄπαγεέ
2730 3793 2845 3872 ἔχει
2889 3793 2987 3870 γὰρ
3044 3791 3228 3863 αὐτὴν,
3277 3792 3319 3845 εἰ
3373 3792 3459 3845 καὶ
3513 3787 3795 3868 ἄφθαρτον,

2161 3881 2311 3938 Ἀλλ’
2355 3882 2554 3961 ἡμέρας
2610 3883 2738 3961 φησί
2795 3882 3008 3959 σαρκὸς,
3054 3884 3170 3936 οἷον
3229 3879 3321 3942 τὰς
3367 3876 3419 3934 ἐν
3461 3881 3527 3950 τῇ
3573 3879 3796 3951 σαρκικῇ

2157 3978 2270 4048 ζωῇ
2301 3970 2455 4027 αὐτοῦ
2483 3969 2684 4049 ἡμέρας
2695 4016 2707 4031 .

2247 4079 2274 4119 (
2305 4061 2522 4129 Δεήσεις
2563 4061 2650 4116 καὶ
2679 4058 2966 4137 ἱκετηρίας.
3019 4081 3043 4112 n
3107 4059 3177 4115 06
3232 4055 3392 4131 μόνον
3447 4052 3650 4124 δεήσεις
3703 4053 3790 4108 καὶ

2155 4149 2444 4228 ἱκετηρίας,
2502 4146 2638 4203 ἀλλὰ
2708 4149 2792 4204 καὶ
2878 4149 3012 4223 μετὰ
3086 4149 3320 4226 κραυγῆς
3392 4144 3476 4199 καὶ
3558 4139 3788 4218 δακρύων

2152 4237 2462 4316 προσέφερε.
2515 4243 2678 4292 Τοῦτο
2732 4234 2786 4290 δὲ
2843 4232 3268 4314 συγκαταϐαίνων
3319 4234 3498 4296 αὐτοῖς
3569 4232 3598 4286 6
3643 4230 3788 4284 Παῦ-

433 4313 648 4375 Paulus
700 4330 832 4374 sese
869 4313 940 4374 ad
973 4323 1214 4395 captura
1245 4316 1481 4380 illorum
1514 4318 1904 4383 demittenda.
1948 4346 1974 4374 α
2000 4319 2071 4382 Et

2172 4339 2243 4388 ιος
2271 4326 2417 4384 εἷπε.
2459 4346 2483 4380 σ
2537 4327 2634 4382 Καὶ
2662 4326 3027 4397 εἰσακουσθείς,
3061 4347 3088 4379 ι
3137 4329 3414 4392 Τοσοῦτον,
3463 4320 3643 4400 φησὶν,
3676 4320 3789 4374 εἰσ-

431 4401 742 4463 exauditus
764 4410 920 4463 esset
956 4427 978 4460 ν
1013 4401 1078 4464 In
1111 4412 1336 4467 tantum
1359 4407 1790 4481 exauditusest,
1811 4415 1872 4468 ut
1892 4409 2067 4471 etiam

428 4489 755 4552 resurrexit
790 4507 804 4552 :
838 4491 951 4552 hoc
978 4500 1175 4554 autem
1208 4494 1354 4556 dixtt
1385 4503 1625 4576 propter
1674 4495 2067 4560 imbecillata-

429 4583 549 4667 tem
581 4578 936 4654 auditorum,
993 4580 1093 4660 qui
1155 4584 1526 4662 magniﬁcam
1571 4589 1646 4646 de
1675 4585 1903 4648 Christo
1931 4587 2067 4667 opi-

426 4666 667 4727 nionem
700 4667 963 4729 nondum
996 4681 1413 4752 conceperant.
1458 4695 1481 4730 (ι
1524 4677 1632 4735 Pro
1660 4691 1765 4735 sua
1790 4666 2068 4737 reveren-

428 4753 529 4815 tia.
574 4778 597 4811 ›
633 4754 762 4818 Non
794 4765 1038 4833 tantum,
1073 4759 1286 4840 inquit,
1322 4780 1393 4823 ex
1421 4762 1602 4841 gratia
1627 4761 1812 4824 Patris
1829 4763 2066 4827 auditus

429 4851 517 4904 est
537 4854 820 4924 quantum
846 4845 920 4906 ob
945 4847 1241 4927 propriam
1265 4851 1878 4914 reverantiam.Tanta
1902 4854 2061 4914 enim

429 4940 559 5022 erat
613 4933 800 5022 ipsius
857 4935 1212 5011 reverentia,
1272 4935 1487 5018 inquit,
1539 4949 1602 5000 ut
1630 4939 1801 5002 Pater
1825 4960 2062 5022 quoque

2151 4415 2410 4494 ηκούσθη,
2477 4412 2557 4471 ὅτι
2611 4416 2698 4471 καὶ
2755 4414 2974 4480 ἀνέστη.
3033 4421 3196 4470 Τοῦτο
3253 4408 3307 4465 δὲ
3368 4410 3494 4465 εἶπε
3552 4406 3637 4464 διὰ
3690 4407 3788 4474 τὴν

2149 4501 2418 4560 ἀσθένειαν
2476 4509 2581 4560 τῶν
2650 4503 2968 4575 ἀκουόντων,
3041 4499 3184 4557 οὔπω
3258 4496 3493 4576 μεγάλας
3551 4495 3788 4576 ἑχόντων

2149 4593 2266 4669 περὶ
2308 4599 2530 4670 Χριστοῦ
2571 4589 2743 4658 δόξας.
2797 4615 2820 4646 ιι
2858 4589 2990 4648 Ἀπὸ
3029 4595 3127 4656 τῆς
3171 4584 3465 4650 εὗλαϐείας.
3516 4608 3539 4642 ο
3589 4584 3662 4643 O6
3690 4606 3784 4641 10-

2149 4689 2353 4754 σοῦτον,
2385 4681 2534 4759 φησὶ,
2568 4681 2750 4759 χάριτι
2780 4689 2870 4738 τοῦ
2901 4679 3124 4757 Πατρὸς,
3183 4674 3303 4732 ὅσον
3334 4675 3439 4730 ἀπὸ
3467 4675 3561 4742 τῆς
3590 4673 3784 4736 οἰκείας

2147 4766 2416 4832 εὐλαϐείας
2469 4769 2724 4836 ἠκούσθη.
2785 4769 3024 4834 Τοσαύτη
3086 4767 3185 4844 γὰρ
3241 4765 3306 4832 ἧν
3358 4765 3539 4838 αὐτοῦ,
3596 4764 3776 4842 φησὶν,

2145 4858 2180 4925 ἡ
2214 4855 2473 4931 εὐλάϐεια,
2508 4857 2586 4915 ὅτι
2644 4859 2732 4914 καὶ
2784 4855 2976 4924 ἠδέσθη
3019 4855 3173 4912 αὐτὸν
3217 4857 3246 4910 6
3303 4854 3506 4931 Πατήρ.
3567 4858 3682 4910 Τῶν
3725 4849 3780 4906 δὲ

2458 4906 2473 4938 θ

2144 4953 2401 5003 ταπεινῶν
2445 4950 2641 5003 τούτων
2671 4948 2920 5025 ῥημάτων
2949 4943 3038 5002 δύο
3067 4941 3216 5000 αἴτια
3248 4959 3260 4972 ⁸
3326 4941 3356 5008 ἥ
3402 4962 3458 4997 τε
3501 4939 3646 5020 σὰρξ,
3691 4941 3779 4996 καὶ

422 5018 632 5110 ipsum,
651 5020 829 5082 fuerit
881 5023 1191 5110 reveritus.
1252 5026 1473 5087 Horum
1504 5039 1702 5090 autem
1743 5018 2056 5092 verborum

2172 5036 2442 5103 ιάσθένεια
2470 5043 2574 5092 τῶν
2604 5018 2919 5092 ἀκουόντων.
2991 5055 3014 5089 α
3071 5033 3267 5110 Καίπερ
3322 5031 3395 5088 ὢν
3441 5018 3582 5104 Υἱὸς,
3645 5028 3778 5106 ἔμα-

425 5108 738 5204 humilium
765 5109 982 5204 duplex
1007 5120 1098 5174 est
1128 5132 1328 5192 causa,
1360 5133 1494 5178 caro
1529 5136 1743 5198 nempe
1774 5125 1831 5179 et
1860 5119 2057 5182 imbe-

2172 5145 2224 5180 εν
2279 5124 2368 5204 ἀφ’
2412 5128 2486 5180 ῶν
2543 5123 2719 5182 ἔπαθε.
2790 5146 2814 5180 υ
2872 5132 3151 5194 Τοσοῦτον,
3212 5121 3390 5199 φησὶν,
3456 5120 3772 5194 ὑπήκουσεν,

427 5194 640 5283 cillitas
664 5197 1021 5260 auditorum.
1061 5225 1086 5256 α
1114 5201 1371 5266 Tametsi
1394 5205 1575 5268 Filius
1601 5194 1960 5283 erat,didicit
1989 5229 2055 5271 ex

422 5282 515 5381 his
537 5301 669 5381 quae.
682 5303 901 5381 passus
928 5295 1039 5381 est.
1080 5313 1102 5348 ι
1139 5293 1329 5381 Adeo,
1365 5293 1579 5376 inquit,
1625 5282 1911 5358 obediens
1952 5283 2062 5361 fuit

424 5368 699 5470 (obedivit
725 5383 921 5437 autem
947 5375 1097 5438 sicut
1125 5379 1298 5470 decet
1331 5368 1538 5444 Filium
1566 5368 1780 5463 Patri,)
1811 5394 1872 5446 ut
1893 5397 2058 5468 post-

419 5477 594 5539 quam
627 5469 965 5523 incarnatus
1022 5473 1132 5541 est,
1167 5469 1341 5531 etiam
1387 5490 1625 5534 crucem
1683 5474 1758 5536 ad
1807 5486 2056 5540 mortem

416 5546 782 5613 sustinuerit.
810 5549 1275 5641 {Didicitautem
1299 5576 1368 5621 ex
1391 5559 1483 5622 his
1502 5580 1634 5643 quae
1659 5581 1862 5643 passus
1878 5574 1986 5629 est.
2024 5589 2050 5628 ι

2142 5211 2432 5291 (ὑπήκουσε
2461 5211 2539 5290 δὲ,
2587 5215 2659 5277 ὡς
2709 5212 2896 5292 πρέπει
2956 5213 3072 5268 Υἱὸν
3127 5212 3329 5289 Πατρὶ,)
3391 5207 3471 5265 ὅτι
3529 5208 3663 5283 μετὰ
3715 5209 3776 5262 τὸ

2141 5301 2556 5379 ἔνανθρωπῆσαι,
2586 5304 2673 5358 καὶ
2743 5301 2962 5380 σταυρὸν
3033 5301 3144 5380 καί,
3187 5300 3406 5356 θάνατον
3475 5297 3772 5373 ὑπέμεινεν.

2147 5414 2175 5445 ε
2214 5377 2453 5464 ’Ἑμαθεν
2483 5389 2538 5446 δὲ
2581 5391 2668 5470 ἀφ’
2699 5393 2771 5446 ὧν
2803 5377 3012 5451 ἔπαθεν,
3054 5411 3075 5444 ο
3110 5377 3270 5458 ’ᾘδει
3315 5389 3435 5464 μὲν.
3467 5388 3618 5466 φησὶ,
3650 5385 3776 5448 τίςὸ

2140 5480 2380 5554 θάνατος,
2415 5481 2544 5544 Θεὸς
2575 5479 2670 5541 ὤν.
2700 5480 2760 5538 Τί
2787 5480 2886 5558 γὰρ
2915 5477 3105 5544 λέληθε
3135 5478 3263 5534 Θεόν
3287 5496 3304 5557 ς
3339 5474 3504 5533 Ἀλλὰ
3522 5475 3610 5532 καὶ
3632 5473 3683 5538 ἐξ
3701 5476 3775 5530 ὧν

2141 5568 2351 5648 ἔπαθεν,
2383 5567 2590 5644 ἔμαθεν,
2639 5569 2712 5627 O6
2740 5569 2919 5646 μόνον,
2950 5567 3102 5650 φησί,
3131 5567 3259 5622 καθὸ
3305 5565 3369 5633 ἦν
3428 5566 3578 5637 Θεὸς,
3639 5560 3774 5620 ἀλλὰ
