4152 6216
382 259 527 329 .325

1524 274 1923 340 COMMENT.
1970 271 2053 339 IN
2096 274 2340 340 EPIST.
2388 278 2489 340 AD
2530 271 2760 342 HEBR.

3668 274 3792 348 326

403 400 508 492 καὶ.
695 398 762 468 ἧν
794 398 1089 492 ἅνθρωπος,
1132 408 1286 486 πείρᾳ
1334 408 1513 482 μαθὼν
1557 410 1650 466 τὸν
1692 408 1936 471 θάνατον.
1975 442 2035 455 -

2134 406 2386 471 Noverat
2414 408 2657 491 quidem
2689 409 2831 492 quid
2863 416 3218 487 essetmom,
3242 429 3379 474 cum
3399 409 3557 475 Deus
3578 420 3736 475 esset
3767 430 3783 477 :

406 476 612 548 "A110.
651 476 1014 570 [¢QT.]'A60
1040 476 1283 565 ζητεῖται
1316 476 1546 572 μάλιστα
1576 495 1812 571 ἐνταῦθα,
1847 498 1902 556 ἓν
1932 497 2052 574 μὲν,

401 581 519 640 πῶς
547 598 732 667 ιρησιν,
784 576 863 635 ὅτι
908 582 1245 664 εἰσηκούσθη,
1290 585 1461 642 καίτοι
1504 588 1658 652 αὐτὸς
1703 588 1801 663 μὲν
1851 587 2052 667 παρελ-

399 667 518 758 θεῖν
544 665 719 758 ἐδεῖτο
773 670 866 725 τὸν
920 670 1162 748 θάνατον,
1219 675 1248 730 6
1299 671 1354 730 δὲ
1397 674 1456 730 οὔ
1496 675 1756 755 παρῆλθε.
1806 679 1905 736 Καὶ
1931 665 2056 758 -γὰρ

401 753 708 845 ἐσταυρώθη
738 759 826 815 καὶ
853 758 1102 824 ἀπέθανε,
1152 763 1401 843 Δεύτερον
1449 761 1527 845 δὲ,
1572 753 1678 822 ἆπὸ
1707 766 1862 830 ποίας
1892 753 2053 822 ειῖιλαλι

401 840 548 907 ϐείας
612 846 1006 934 εἰσακωσθῆναι
1078 851 1233 908 αὒτόν
1291 840 1440 933 ιρησι,
1512 840 1633 912 ⁷Καὶ
1700 855 1894 934 τρίτον,
1968 858 2048 931 τὸ,

404 934 605 1022 tul-nep
674 932 746 991 ὢν
805 937 945 1022 Υἱὸς,
1017 938 1116 995 τίνι
1187 932 1525 1022 συναπτέονς
1585 949 1666 1017 τῷ
1722 932 2049 1011 Εἰσηκοόσθη

400 1020 508 1113 ἀπὸ
536 1026 637 1113 τῆς
668 1021 953 1093 εὐλαϐείας,
1015 1026 1051 1095 ἢ
1093 1042 1210 1091 τοῖς
1262 1029 1471 1109 ἐφεξῆς,
1511 1020 1606 1087 ἵνα
1656 1029 1714 1106 ᾗ,
1752 1033 1947 1113 Καίπερ
1974 1031 2048 1090 ὢν

401 1111 546 1202 Υἱὸς,
604 1110 796 1187 ἔμαθεν
838 1113 928 1195 ἀφ’
998 1118 1072 1173 ὧν
1131 1115 1289 1175 ἔπαθε
1336 1120 1434 1187 τὴν
1487 1120 1751 1191 ὑπακοήν,
1816 1110 2049 1202 Διαφορὰ

396 1198 500 1277 γὰρ
555 1202 754 1258 τούτων
796 1205 856 1260 οὐ
915 1203 1093 1283 ὀλίγη,
1156 1205 1322 1266 ’ΔΑλα
1380 1210 1512 1287 πρὸς
1570 1209 1668 1284 μὲν
1721 1211 1782 1265 τὸ
1840 1198 2047 1289 πρῶτὸν

398 1309 593 1367 φαμεν,
644 1290 725 1349 ὅτι
770 1295 864 1349 οὐκ
912 1293 981 1361 ἦν
1030 1296 1064 1362 ἡ
1109 1292 1288 1363 δέησις
1331 1297 1448 1371 μία,
1507 1295 1644 1354 ἀλλὰ
1697 1295 1857 1366 διπλῆ
1912 1320 1992 1362 τις
2026 1317 2040 1331 ·

393 1379 430 1444 ἡ
493 1380 590 1454 μὲν
660 1381 1054 1459 παραιτουμένη
1096 1385 1187 1442 τὸν
1243 1385 1486 1459 θάνατον,
1547 1388 1580 1455 ἡ
1625 1385 1679 1442 δὲ
1737 1388 2042 1465 αἰτουμένη,

402 1468 501 1525 Καὶ
529 1469 629 1547 γάρ
659 1493 821 1550 φησιν
861 1471 916 1529 ἐν
957 1478 1025 1549 τῇ
1074 1473 1205 1541 αὒτῆ
1238 1474 1375 1554 εὒχῇ
1402 1477 1489 1533 καὶ
1518 1474 1694 1546 δεήσει
1731 1493 1745 1507 ⁶
1812 1498 1836 1533 α
1895 1476 2043 1546 Πλὴν

395 1556 478 1630 μὴ
516 1558 576 1613 τὸ
628 1558 756 1634 ἐμὸν
809 1559 1038 1637 θέλημα,
1099 1561 1237 1619 ἀλλὰ
1288 1565 1348 1619 τὸ
1405 1566 1499 1620 σὺν
1554 1565 1802 1643 γενέσθω.
1854 1590 1882 1622 ω
1947 1568 2043 1625 Καὶ

393 1654 553 1704 τοῦτο
582 1648 899 1728 σαφέστερον
928 1646 1104 1717 δηλῶν
1158 1654 1187 1707 6
1245 1651 1519 1723 Ἰωάννης,
1565 1656 1724 1735 φησὶν
1782 1656 2037 1713 αἰτεῖσθαι

2138 497 2280 578 quid
2314 499 2475 561 enim
2500 501 2686 563 Deum
2711 499 2895 562 latere
2945 503 3177 581 potest?
3196 498 3470 561 Attamen
3489 499 3698 563 didicit
3716 521 3788 564 ex

2139 587 2231 649 his
2252 606 2382 668 quae
2413 607 2619 669 passus
2652 587 2895 651 est.Non
2919 589 3108 650 solum
3154 601 3445 669 quatenus
3460 586 3615 650 Deus
3637 598 3783 671 erat,

2136 676 2520 738 verumetiam
2554 684 2843 758 quatenus
2866 684 2991 739 erat
3017 676 3593 757 homo,experientia
3621 675 3781 738 didi-

2137 766 2217 825 cit
2242 774 2514 827 mortem.
2539 802 2600 812 —
2618 765 2755 827 Alio
2776 766 2974 828 modo.
3001 766 3125 828 Duo
3144 763 3381 844 quidem
3403 762 3501 826 hic
3532 764 3786 827 maxime

2137 862 2481 934 quaeruntur
2519 873 2532 917 :
2568 874 2749 917 unum
2785 855 3053 935 quidem,
3094 851 3391 934 quomodo
3441 850 3595 915 dicat
3626 852 3783 933 quod

2135 942 2445 1003 exauditus
2476 942 2573 1006 sit.
2617 942 2796 1024 Atqui
2829 942 3037 1004 orabat
3064 950 3129 1002 ut
3163 947 3413 1002 mortem
3453 941 3730 1003 evaderet
3763 960 3778 1005 :

2133 1028 2260 1108 ipse
2290 1038 2486 1093 autem
2520 1049 2637 1092 non
2669 1035 2873 1106 evasit,
2905 1050 3038 1092 nam
3068 1029 3387 1091 cruciﬁxus
3417 1036 3584 1090 estet
3615 1048 3776 1091 mor-

2132 1123 2286 1180 tuus.
2321 1119 2590 1182 Alterum
2623 1138 2784 1195 vero,
2821 1138 2926 1200 pro
2957 1138 3071 1199 qua
3102 1116 3434 1180 reverentia
3460 1116 3618 1177 dicat
3637 1135 3773 1179 eum

2129 1206 2492 1271 exauditum.
2546 1207 2619 1271 Et
2679 1206 2942 1278 tertium,
2995 1207 3087 1268 cui
3141 1204 3619 1285 conjungendum
3659 1213 3768 1283 est,

2129 1292 2390 1357 Tametsi
2414 1296 2596 1358 Filius
2617 1306 2745 1359 erat
2765 1315 2779 1359 :
2806 1316 2878 1357 an
2904 1293 3770 1377 praecedentibus,puta,Exan-

2129 1383 2285 1445 ditus
2316 1392 2403 1447 est
2433 1404 2538 1466 pro
2572 1405 2678 1448 sua
2734 1385 3077 1449 reverentia
3111 1404 3125 1445 :
3163 1402 3238 1445 an
3269 1380 3676 1462 sequentibus,
3706 1392 3770 1445 ut

2124 1479 2427 1535 snsensus
2452 1492 2465 1536 :
2490 1473 2751 1537 Tametsi
2787 1475 2969 1538 Filius
3012 1477 3158 1550 erat,
3184 1470 3397 1535 dtdicit
3426 1488 3495 1530 ex
3528 1469 3620 1531 his
3643 1489 3774 1551 qum

2124 1579 2331 1640 passus
2362 1572 2452 1625 est
2473 1563 2872 1625 obedientiam
2912 1584 2925 1627 :
2962 1571 3051 1625 est
3081 1561 3241 1624 enim
3274 1556 3587 1621 diversitas
3616 1559 3773 1623 inter

2124 1649 2236 1710 ista
2265 1670 2380 1712 non
2407 1670 2603 1731 parva.
2628 1652 2847 1715 Verum
2873 1652 2946 1713 ad
2974 1651 3229 1733 primum
3258 1650 3499 1731 quidem
3517 1646 3771 1724 dicimus

391 1736 486 1790 τὸν
520 1738 640 1792 Υἱὸν
681 1735 928 1818 λέγοντα,
989 1763 1016 1794 ιι
1066 1740 1258 1820 Πάτερ,
1329 1738 1544 1807 δόξασόν
1600 1765 1693 1800 σου
1746 1746 1837 1800 τὸν
1894 1746 2033 1821 Υἱὸν,

2123 1739 2525 1814 precationem
2561 1760 2677 1802 non
2736 1741 3067 1822 simplicem
3099 1738 3306 1819 fuisse,
3353 1739 3458 1801 sed
3488 1743 3768 1822 quodam-

391 1823 489 1880 ἵνα
530 1826 618 1882 καὶ
647 1828 675 1882 6
707 1828 827 1893 Υἱός
857 1849 949 1885 σου
995 1826 1187 1905 δοξάσῃ
1241 1851 1325 1904 σε,
1377 1852 1401 1888 ι
1477 1829 1626 1897 δόξαν
1664 1835 1759 1913 ,τὸν
1819 1836 2037 1913 σταυρὸν

389 1915 482 1969 καὶ
511 1917 605 1970 τὸν
633 1916 854 1971 θάνατον
883 1918 956 1981 ὡς
1021 1915 1197 1984 δηλῶν
1254 1919 1597 1993 ὀνομάζοντα.
1657 1912 1671 1933 ²
1695 1930 1835 1979 Ωστε
1860 1912 2037 1987 καλῶς

392 2024 556 2091 φησιν
584 2006 612 2059 6
640 2007 783 2069 θεῖος
832 2004 1061 2079 Παῦλος,
1116 2008 1467 2076 Εἷσηκούσθη.
1530 2010 1602 2068 Τὸ
1657 2008 1734 2091 δὲ,
1779 2009 1915 2067 Ἀπὸ
1944 2012 2039 2079 τῆς

394 2089 688 2167 εὐλαϐείας,
723 2092 880 2173 ἐγγὺς
923 2095 1140 2174 γέγονεν
1189 2096 1249 2153 ἐκ
1303 2100 1408 2154 τῶν
1466 2089 1753 2177 εἰρημένων
1810 2108 1901 2157 τοῦ
1944 2123 2038 2156 σε-

390 2182 725 2260 σαφηνίσθαι.
765 2184 867 2239 Δύο
908 2185 1009 2264 γὰρ
1060 2184 1259 2266 ἔφημεν
1301 2187 1557 2257 αἰτήσεις,
1618 2190 1714 2257 τὴν
1768 2190 1866 2265 μὲν
1908 2212 2040 2255 παρ-

393 2271 657 2338 αιτήσεως
712 2278 805 2328 τοῦ
872 2274 1118 2353 θανάτου,
1203 2276 1300 2343 τὴν
1382 2274 1436 2332 δε
1520 2279 1981 2355 αυγκατανεύσεως
2018 2295 2032 2311 ⁸

389 2356 523 2436 ὅπερ
550 2358 616 2426 ἧν
645 2362 719 2424 ὡς
767 2360 975 2429 ἀληθῶς
1036 2361 1241 2430 πολλῆς
1284 2362 1555 2429 εὐλαϐείας
1586 2382 1602 2398 ⁸
1667 2365 1813 2435 Πλὴν
1868 2368 1946 2443 μὴ
1974 2369 2035 2424 τὸ

388 2447 521 2524 ἐμὸν
587 2447 817 2525 θέλημα,
880 2450 1009 2508 ma
1083 2454 1144 2509 τὸ
1204 2453 1317 2516 σόν,
1379 2456 1694 2522 Εἷσηκοῦσθν
1763 2457 1931 2513 τοίνυν
2005 2459 2033 2513 6

390 2539 642 2613 Χριστὸς,
700 2539 794 2594 οὒκ
843 2540 949 2597 ἀπὸ
1002 2543 1101 2608 τῆς
1144 2544 1539 2621 παραιτήσεως,
1592 2543 1730 2600 ἀλλὰ
1785 2546 1891 2601 ἀπὸ
1933 2551 2031 2613 τῆς

387 2623 683 2702 εὐλαϐείας,
715 2628 1002 2710 τουτέστιν,
1061 2630 1234 2698 ἐκείνη
1293 2632 1327 2700 ἢ
1381 2631 1596 2699 α’ἷτησις
1640 2637 1799 2693 αὐτοῦ
1852 2632 2028 2716 ἐξέϐη,

385 2716 509 2794 οὐχὶ
537 2717 573 2783 ἡ
604 2717 739 2773 κατὰ
765 2718 864 2785 τὴν
892 2719 1230 2798 παραίτησιν,
1274 2719 1394 2776 ἀλλ’
1436 2724 1470 2789 ἡ
1516 2724 1652 2778 κατὰ
1710 2724 1808 2791 τὴν
1868 2723 2029 2781 εὐλά-

385 2799 557 2866 ϐειαν,
635 2806 727 2862 Διό
797 2830 953 2888 φησι,
1026 2811 1126 2867 Καὶ
1198 2808 1510 2885 τελειωθεὶς,
1597 2813 1863 2888 τουτέστι,
1949 2813 2033 2870 διὰ

388 2894 719 2969 παθημάτων
772 2862 859 2952 καὶ
915 2862 1137 2978 ἐταυροῦ
1192 2901 1279 2956 καὶ
1346 2862 1567 2957 θανάτου
1637 2862 1863 2967 τέλειος⁷
1893 2905 2030 2979 ἡμῖν

2121 1828 2298 1888 modo
2329 1828 2666 1908 duplicem:
2702 1847 2819 1892 una
2868 1828 3108 1910 quidem
3143 1827 3455 1891 devitando
3488 1840 3763 1913 mortem,

2120 1917 2307 1977 altera
2342 1933 2483 1978 vero
2518 1917 2846 1998 expetendo
2906 1925 3181 1978 mortem.
3216 1915 3314 1978 Ait
3342 1918 3502 1979 enim
3542 1919 3605 1981 in
3636 1921 3768 2002 ipsa

2124 2004 2393 2066 oratione
2420 2014 2477 2066 et
2508 2007 2845 2085 precatione
2879 2022 2892 2067 :
2963 2028 2985 2062 α
3015 2004 3289 2066 Attamen
3320 2024 3439 2066 non
3471 2025 3603 2072 mea
3648 2030 3754 2072 vo-

2121 2090 2342 2167 luntas,
2365 2094 2469 2155 sed
2503 2103 2598 2156 tua
2619 2093 2853 2157 ﬁat96n
2893 2093 2962 2155 Et
2989 2094 3103 2154 hoc
3136 2091 3503 2156 manifestius
3531 2098 3762 2177 signiﬁ-

2123 2198 2263 2242 cans
2286 2184 2569 2264 Joannes,
2601 2184 2681 2244 ait
2709 2181 2923 2244 Filium
2954 2180 3228 2262 petiisse:
3276 2183 3484 2244 «Pater
3502 2184 3764 2262 gloriﬁca

2119 2267 2335 2331 Filium
2368 2278 2558 2347 tuum,
2616 2282 2679 2333 ut
2740 2282 2798 2333 et
2824 2271 3008 2333 Filius
3040 2277 3172 2331 tuus
3203 2269 3494 2350 gloriﬁcet
3522 2280 3579 2335 te
3608 2274 3690 2336 27.
3730 2303 3756 2334 ι

2120 2366 2394 2439 tanquam
2427 2360 2766 2439 signiﬁcans
2788 2359 3130 2422 nominasse
3159 2375 3395 2420 crucem
3417 2377 3486 2420 ac
3508 2372 3758 2427 mortem

2117 2446 2393 2527 gloriam.
2420 2449 2601 2511 Recte
2632 2450 2829 2530 itaque
2853 2448 2933 2509 ait
2961 2448 3130 2508 divus
3159 2445 3413 2508 Paulus:
3442 2447 3760 2515 Exauditus

2114 2542 2225 2598 est.
2262 2535 2429 2607 Quod
2462 2545 2655 2600 autem
2688 2538 2925 2599 dicitur.
2955 2540 3063 2597 Pro
3089 2552 3194 2596 sua
3221 2536 3578 2618 reverentia,
3611 2558 3757 2619 pro-

2115 2625 2431 2705 pemodum
2484 2645 2554 2688 ex
2581 2627 2673 2689 his
2698 2643 2833 2708 quae
2873 2626 2998 2706 jam
3047 2624 3203 2686 dicta
3231 2632 3367 2685 sunt
3396 2625 3758 2691 declaratum

2117 2720 2227 2777 est.
2260 2715 2401 2776 550
2430 2716 2585 2779 Duas
2642 2716 2802 2778 enim
2848 2716 3102 2777 diximus
3162 2713 3527 2794 petitiones:
3581 2736 3757 2778 unam

2116 2805 2357 2884 quidem
2388 2825 2504 2887 qua
2534 2806 2817 2868 devitaret
2849 2812 3123 2874 mortem,
3156 2802 3404 2866 alteram
3458 2821 3594 2865 vero
3644 2825 3760 2886 qua

2113 2903 2469 2975 acceptaret.
2504 2894 2639 2957 Haec
2671 2893 2910 2975 quidem
2946 2909 3171 2971 magna;
3211 2908 3421 2953 revera
3463 2903 3631 2954 erant
3662 2914 3752 2958 re-

387 2980 749 3061 ἐπιγνωσθεὶς,
822 2988 909 3043 καὶ
990 2988 1120 3067 ὑπὲρ
1190 2987 1347 3068 λόγον
1416 2989 1610 3068 ἀγαθὸς
1692 2992 1779 3048 καὶ
1835 2991 2027 3073 φιλάν-

2120 2982 2413 3057 νετεηιὶω,
2451 3002 2566 3073 qua
2594 2984 2829 3073 dicebat
2862 2982 3186 3073 :Attamen
3217 2998 3374 3073 non‘
3384 2997 3520 3073 mea
3541 2982 3753 3046 volun-

386 3073 617 3149 θρωπος,
688 3080 853 3131 Τοῦτο
921 3073 976 3131 δὲ
1033 3078 1119 3132 καὶ
1174 3076 1370 3139 ἄνωθεν
1439 3078 1700 3149 ὑπεδήλου
1736 3101 1749 3116 ·
1821 3080 2027 3151 δεήσεις

385 3157 558 3239 λέγων
587 3163 674 3218 καὶ
697 3165 984 3244 ἱκετηρίας,
1030 3166 1091 3220 τὸ
1134 3162 1346 3222 διπλοῦν
1403 3167 1498 3235 τῆς
1540 3169 1798 3238 αἰτήσεως
1854 3172 2025 3225 αἰνιτ-

381 3248 625 3325 τόμενος.
703 3251 843 3338 Εἶτα
922 3254 1010 3310 καὶ
1079 3250 1282 3324 δεήσεις
1352 3256 1512 3312 εἰπὼν
1588 3258 1675 3312 καὶ
1731 3260 2020 3338 ἱκετηρίας,

385 3338 482 3394 οὒκ
524 3337 790 3419 ἐπήγαγεν
825 3332 982 3421 ’Υπὲρ
1024 3352 1117 3402 τοῦ
1143 3342 1427 3423 παρελθεῖν
1454 3347 1545 3401 τὸν
1588 3346 1830 3427 θάνατον,
1885 3332 2024 3404 ἆλλᾶ

382 3428 522 3506 Πρὸς
551 3430 643 3485 τὸν
670 3427 952 3506 δυνάμενον
999 3432 1183 3503 σώζειν
1229 3433 1384 3489 αὐτὸν
1426 3433 1487 3490 ἐκ
1540 3435 1783 3506 Gavi—:09,
1846 3435 2023 3500 καλῶς

379 3517 469 3573 καὶ
497 3518 781 3599 πανσόφως
810 3520 964 3578 10510
990 3523 1252 3600 προσθεὶς,
1311 3521 1401 3580 ἵνα
1455 3523 1581 3580 ὅταν
1631 3524 1813 3602 ἐννοῇς
1870 3525 2021 3583 αότὸν

381 3608 763 3683 σταυρούμενον
830 3611 918 3667 καὶ
985 3613 1337 3692 θαπτόμενον,
1422 3614 1500 3689 μὴ
1597 3612 1852 3690 ἀδυναμίᾳ
1931 3621 2025 3671 τοῦ

383 3698 589 3772 Πατρὸς
653 3697 811 3754 αὐτὸν
853 3699 1007 3757 τοῦτο
1072 3706 1289 3779 νομίσῃς
1344 3703 1829 3779 ὑπομεμενηκέναι,
1903 3702 2021 3760 ἀλλ’

380 3781 463 3874 ὅτι
491 3786 665 3841 κοίνὸν
704 3786 912 3863 θέλημα
969 3789 1035 3857 ἧν
1076 3792 1137 3846 τὸ
1192 3798 1355 3848 ταῦτα
1414 3796 1603 3849 παθεῖν
1650 3795 1741 3849 τὸν
1800 3796 2025 3874 Χριστὸν

379 3873 509 3953 ὑπὲρ
564 3877 663 3943 τῆς
731 3884 824 3932 του
878 3877 1081 3953 κόσμου
1135 3880 1421 3959 σωτηρίας,
1485 3882 1706 3939 Δύναται
1758 3881 1812 3938 δὲ
1867 3891 2024 3941 τοῦτο

2112 3078 2219 3152 tas,
2254 3073 2359 3134 sed
2392 3068 2499 3134 tua’
2516 3074 2636 3136 tiat.
2671 3071 3002 3133 Exauditus
3043 3076 3131 3131 est
3164 3086 3304 3150 ergo
3335 3069 3605 3132 Christus
3634 3092 3752 3136 non

2109 3177 2180 3221 ex
2205 3179 2273 3221 ea
2303 3170 2465 3243 parte
2495 3180 2611 3242 qua
2643 3160 2990 3241 refugiebat,
3026 3158 3131 3220 sed
3182 3177 3297 3240 qua
3321 3158 3702 3224 reverebatur
3735 3186 3749 3229 :

2106 3246 2220 3310 hoc
2243 3261 2356 3331 est,
2391 3250 2490 3311 illa
2515 3250 2721 3329 petitio
2755 3249 2940 3330 ipsius
2962 3247 3207 3326 contigit
3228 3267 3345 3310 non
3370 3269 3500 3330 qua:
3520 3251 3749 3315 devita-

2108 3336 2353 3413 tionem,
2389 3339 2493 3401 sed
2543 3358 2674 3421 qua;
2722 3337 3113 3401 reverentiam
3154 3341 3575 3404 concernebat.
3609 3342 3750 3404 Ideo

2106 3425 2228 3487 ait:
2257 3428 2341 3489 Ac
2374 3428 2675 3510 perfectus
2704 3425 2975 3489 redditus
3014 3443 3027 3487 :
3064 3427 3175 3487 hoc
3206 3434 3315 3501 est,
3353 3446 3460 3507 per
3480 3429 3749 3492 afﬂictio—

2107 3534 2215 3578 nes
2240 3527 2298 3578 et
2326 3536 2562 3579 crucem
2592 3535 2661 3578 ac
2693 3524 2942 3577 mortem
2975 3516 3269 3596 perfectus
3298 3533 3332 3576 a
3353 3515 3523 3578 nobis
3548 3520 3747 3597 cogni-

2109 3614 2202 3667 tus
2224 3615 2281 3668 et
2310 3624 2489 3686 supra
2520 3607 2761 3667 modum
2792 3607 2985 3666 bonus
3029 3622 3095 3665 ac
3127 3604 3445 3669 humanus.
3479 3604 3607 3667 Hoc
3634 3625 3743 3669 au-

2108 3703 2225 3756 tem
2242 3694 2512 3776 superius
2530 3713 2765 3776 quoque
2784 3692 3299 3768 indicavit,dicens
3323 3714 3336 3756 :
3363 3695 3748 3757 Precationes

2106 3793 2165 3846 et
2194 3784 2674 3866 supplicationes,
2712 3784 3055 3864 petitionem
3078 3801 3377 3863 geminam
3402 3782 3740 3864 designans.

2104 3875 2401 3937 Praeterea
2430 3877 2605 3937 etiam
2638 3893 2775 3936 cum
2806 3872 3047 3934 dixisset
3079 3890 3093 3935 :
3120 3871 3505 3936 Precationes
3528 3882 3585 3936 et
3603 3892 3744 3955 snp-

378 3962 616 4052 εἰρῆσθαι
643 3965 731 4021 καὶ
759 3962 843 4020 διὰ
905 3966 1003 4033 τὴν
1043 3967 1346 4029 ἀνάστασιν.
1409 3969 1695 4051 Πολλαχοῦ
1750 3973 1850 4052 γὰρ
1916 3995 2018 4030 τα-

2120 3963 2475 4038 )licationes,
2520 3983 2638 4025 non
2694 3963 2857 4026 addit
2899 3961 3030 4052 :Ad
3064 3961 3431 4023 evadendum
3464 3971 3740 4038 mortem,

376 4051 658 4141 πειτότερα
712 4055 739 4110 6
789 4056 931 4117 θεῖος
989 4054 1192 4122 Παῦλος
1232 4050 1630 4140 φθεγγόμενος,
1666 4063 1759 4118 τὸν
1811 4050 2019 4141 Πατέρα

2120 4054 2228 4130 sed,
2249 4053 2419 4134 Apud
2444 4053 2610 4114 illum
2632 4052 2731 4134 qui
2757 4059 2985 4133 poterat
3002 4050 3195 4131 ipsum
3215 4068 3249 4111 a
3263 4059 3461 4141 morte
3479 4069 3736 4114 servare.

375 4142 536 4221 φησὶν
618 4140 907 4212 ἀναστῆσαι
1000 4146 1092 4201 τὸν
1196 4152 1416 4225 Χριστόν
1518 4139 1847 4221 ’Λναστήσας
1931 4139 2018 4207 οὗν

2120 4142 2456 4224 ξόιιυθνεειο
2477 4142 2796 4206 admodum
2817 4142 3192 4221 etsapienter
3205 4139 3374 4201 addit
3394 4160 3406 4201 :
3429 4141 3739 4221 utquando

377 4229 557 4306 αὖτὸν,
591 4229 837 4309 ἰῤῥύσατο
866 4237 1022 4295 αὐτὸν
1079 4235 1139 4293 ἐκ
1192 4237 1284 4295 τοῦ
1337 4238 1558 4295 θανάτου
1611 4240 1699 4296 καὶ
1741 4236 2011 4301 διέσωσεν.

2124 4232 2469 4295 ntellexeris
2490 4231 2685 4311 ipsum
2711 4228 3060 4293 cruciﬁxum
3076 4246 3145 4290 ac
3166 4227 3489 4308 sepultum,
3524 4246 3598 4291 ne
3621 4231 3739 4292 Pa-

376 4313 528 4373 ’Δλλ’
572 4318 737 4385 οὕτως
785 4323 885 4398 μὲν
931 4323 1046 4382 κατ’
1096 4325 1236 4401 ὲμῆν
1290 4326 1510 4405 γνώμην
1564 4335 1753 4387 ταῦτα.
1811 4329 1883 4385 Τὸ
1934 4325 2011 4403 δὲ,

2122 4319 2205 4381 ris
2233 4319 2586 4399 impotentia
2615 4320 2873 4399 idipsum
2901 4316 3202 4379 existimes
3232 4334 3368 4405 eum
3400 4318 3737 4396 pertulisse,

378 4407 578 4498 Ealnep
635 4379 735 4498 ον’
780 4379 924 4489 hac,
968 4379 1052 4469 ζ’(
1104 4379 1204 4478 ’ἐξ
1221 4379 1227 4382 ⁷
1255 4379 1753 4495 atridae..."
1779 4379 2011 4498 ansa;

2120 4379 2205 4471 led
2239 4379 2756 4490 quodcommunis
2776 4414 2899 4470 erat
2931 4406 3289 4498 veluntas,nt
3316 4379 3583 4467 Christus

372 4492 618 4583 (ξπειρος
646 4494 703 4554 δὲ
756 4499 792 4568 ἡ
848 4501 1036 4559 τούτου
1089 4508 1287 4583 χρῆσις
1343 4511 1421 4579 τῷ
1461 4492 1718 4583 θεσπεσίῳ
1769 4492 2017 4581 Παύλῳ)

2120 4516 2205 4559 iro
2232 4498 2438 4561 mundi
2469 4498 2657 4560 salute
2708 4503 3024 4577 pateretur.
3061 4496 3258 4555 Potest
3286 4500 3486 4583 aut_em
3512 4502 3595 4555 .et
3625 4495 3738 4557 hoc

371 4578 623 4672 ᾅϐίαστος
652 4584 715 4644 ἂν
762 4589 798 4657 ἡ
840 4587 1010 4648 ἔννοια
1073 4578 1370 4672 προαχθείη
1427 4596 1545 4650 οἷον
1576 4612 1590 4627 ⁸
1632 4578 1725 4657 ⁸ὀς
1783 4593 1836 4651 ἓν
1893 4578 2016 4657 τάϊξ

2120 4586 2322 4649 lictum
2356 4606 2488 4650 esse
2518 4596 2759 4668 propter
2813 4583 3337 4672 resurrectionem.
3370 4580 3738 4672 Frequenter

370 4669 598 4748 ἡμέραις
625 4676 726 4743 τῆς
751 4680 943 4758 σαρκὸς
994 4668 1173 4761 αὐτου,
1218 4668 1420 4761 ’καίπερ
1477 4679 1551 4738 ὢν
1607 4684 1751 4758 Υἱὸς,
1809 4679 2014 4753 δεήσεις

2120 4676 2258 4738 enim
2293 4676 2609 4738 humiliora
2637 4675 2888 4755 loquens
2916 4672 3084 4734 divus
3110 4671 3355 4761 Paulus,
3390 4668 3470 4730 ait
3498 4673 3734 4761 Patrem

374 4761 463 4816 καὶ
514 4764 802 4843 ἱκετηρίας,
863 4769 949 4823 καὶ
1026 4758 1170 4843 ἑξῆς,
1257 4758 1514 4847 τουτέστι,
1572 4770 1757 4849 καίπερ
1813 4770 2011 4850 προνό-

2120 4766 2491 4829 ’esurrexisse
2522 4765 2845 4828 Christum.
2878 4760 3257 4850 Resuscitans
3291 4758 3489 4850 itaque
3512 4758 3730 4839 ipsum,

372 4870 494 4939 μιον
525 4838 951 4933 μέγιστον-ἒχων
994 4858 1068 4920 ὡς
1113 4838 1257 4933 Υἱὸς,
1315 4861 1376 4916 τὸ
1417 4838 1584 4939 χωρὶς
1637 4838 1869 4929 δεήσεως
1922 4838 2015 4915 ξιαὶ

2120 4880 2126 4915 l
2157 4862 2347 4917 morte
2377 4854 2648 4916 liberavit
2674 4872 2741 4915 ac
2763 4850 3035 4914 servavit.
3076 4849 3299 4939 Ethice
3328 4847 3570 4939 quidem
3602 4866 3734 4939 meo

372 4938 633 5008 αἰτήσεως
662 4939 1034 5021 αὒταδεσπότῳ
1075 4947 1264 5025 γνώμῃ
1319 4936 1519 5005 πάντα
1545 4960 1725 5006 ποιεῖν
1785 4949 1819 5005 ἃ
1862 4950 1949 5005 καὶ
1979 4950 2008 5005 6

2120 4942 2314 5005 ndicio
2347 4943 2426 5005 ita
2450 4962 2512 5005 se
2546 4941 2746 5004 habet.
2770 4939 2937 5014 Quod
2961 4947 3158 5001 autem
3186 4936 3446 5000 dicitur:
3474 4936 3734 4998 Tametsi

373 5027 551 5117 Πατὴρ
607 5042 774 5106 ποιεῖ,
821 5030 967 5107 ὅμως
997 5032 1180 5103 ἐπειδὴ
1226 5036 1281 5091 ἐν
1310 5036 1527 5117 ἡμέραις
1555 5036 1621 5105 ἦν
1663 5036 1759 5105 τῆς
1788 5038 1999 5116 σαρκὸς,

2120 5032 2277 5095 l‘ilius
2308 5030 2518 5105 erat,si
2542 5030 2681 5109 quis
2704 5049 2810 5112 per
2851 5027 3215 5111 hyperbaton
3248 5025 3498 5117 accipiat
3525 5028 3731 5117 (porro

371 5111 577 5186 δεήσεις
634 5121 723 5176 καὶ
779 5124 1042 5203 ἱκετηρίας
1110 5111 1425 5206 προσέφερεξ
1515 5127 1739 5183 Δύναται
1794 5111 1865 5183 δὲ’
1916 5129 2005 5185 καὶ

2120 5121 2267 5202 ιυῙιιε
2296 5138 2439 5182 usus
2482 5120 2615 5180 divo
2644 5111 2825 5181 Paulo
2850 5119 3131 5199 frequens
3160 5114 3297 5196 est),
3352 5113 3526 5206 hujus
3554 5113 3731 5175 intel-

368 5206 503 5296 κατὰ
557 5206 864 5270 ἀκολουθίαν
918 5215 993 5276 ὡς
1056 5213 1174 5294 ἔχει
1255 5204 1451 5281 τάξεως
1506 5218 1823 5296 συναφθῆναι
1902 5223 2002 5292 τῷ,

2120 5219 2278 5272 ectus
2303 5209 2528 5290 absque
2556 5207 2677 5270 ulla
2717 5208 2997 5270 violentia
3044 5204 3556 5296 deducetur,_boc
3590 5210 3678 5264 est
3712 5223 3726 5261 :

369 5294 469 5349 Καὶ
526 5296 874 5367 εἰσακουσθεὶς
915 5300 1024 5359 ἀπὸ
1063 5292 1163 5369 τῆς
1206 5301 1498 5376 εὐλαϐείας,
1556 5292 1697 5379 οἷον,
1756 5305 2009 5372 Εἷσηκού-

2120 5299 2202 5373 lui
2226 5300 2287 5361 in
2311 5298 2524 5360 diebus
2556 5299 2753 5360 carnis
2795 5296 3177 5379 sum,tametsi
3200 5300 3329 5356 erat
3346 5292 3551 5370 Filius,
3588 5309 3731 5373 pre-

366 5383 487 5457 σθη,
520 5388 671 5464 φησὶ,
730 5388 917 5469 καίπερ
972 5389 1046 5448 ὢν
1106 5393 1249 5466 Υἱὸς,
1309 5392 1398 5448 καὶ
1453 5391 1531 5468 μὴ
1577 5388 1821 5469 δεόμενος
1891 5395 2002 5451 εἱσ-

2120 5390 2355 5453 :ationes
2383 5406 2453 5451 ac
2510 5387 2997 5471 supplicationes,
3057 5396 3208 5468 ete.,
3242 5383 3354 5447 hoc
3385 5389 3496 5462 est,
3527 5380 3731 5456 Quan-

440 5538 502 5590 ’θ
524 5524 731 5608 Matth.
763 5562 921 5630 τινι,
957 5550 1078 5625 39;
1107 5552 1243 5614 Luc.
1281 5568 1402 5628 xvr,
1425 5551 1527 5615 42.
1559 5550 1803 5617 "Joan.
1835 5568 1979 5629 xvu,
2010 5558 2068 5615 1.
