4152 6216
419 350 563 419 ’331

1584 323 1996 424 CECUMENII
2039 357 2334 422 Talem:
2371 359 2703 426 EPISCOPI

534 495 631 573 Vl,
668 497 784 560 1-5.
822 497 1204 577 Quapropter
1258 495 1475 556 omisso
1522 510 1800 556 sermone
1822 493 1992 555 initii
2020 490 2159 554 adA

458 586 791 660 Christum,
814 585 892 646 ad
916 582 1344 664 perfectionem
1365 583 1688 659 feramur:
1714 599 1835 644 non
1856 598 2079 643 rursun

2187 579 2271 637 ἐπὶ
2328 582 2426 649 τὴν
2495 582 2805 652 τελειότητα
2875 585 3172 665 φερώμεθα,

443 674 751 755 jacientes
803 673 1267 751 fundamentum
1314 672 1680 751 pandentia:
1721 669 1795 732 ab
1826 669 2079 749 operibu

2182 667 2637 748 καταϐαλλόμενοι
2720 675 3023 749 μετανοίας,

3715 350 3833 422 332

2266 513 2291 548 α
2330 495 2423 549 Διὸ
2468 494 2680 575 ἀφέντες
2724 498 2815 554 τὸν
2856 501 2956 564 τῆς
3014 497 3191 577 ἀρχῆς
3246 503 3338 553 τοῦ
3394 501 3618 574 Χριστοῦ
3641 491 3823 570 λόγον,

3279 585 3316 654 ἢ
3377 583 3536 642 πάλιν
3583 580 3825 658 θεμέλιον

3119 674 3232 731 ’ἀπὸ
3336 678 3532 750 νεκρῶν
3629 668 3822 749 ἔργων,

451 763 710 826 mortuis
738 770 795 824 et
820 762 962 841 ﬁdei
990 764 1056 820 in
1087 760 1300 836 Deum,
1329 760 1778 839 baptismatum,
1811 760 2079 821 doctrina

2183 760 2268 814 καὶ
2324 760 2547 824 πίστεως
2604 761 2689 818 ἐπὶ
2759 763 2911 841 Θεὸν,
3001 764 3335 839 βαπτισμῶν,
3396 760 3638 840 διδάχῆς,
3698 757 3820 814 ἑπι-

452 870 527 915 ac
556 868 852 914 manuum
879 849 1283 928 impositionis
1301 854 1357 911 et
1375 850 2079 910 resurrectionismortuo

2182 846 2371 911 Θέσεώς
2454 868 2511 904 τε
2577 855 2796 929 χειρῶν,

451 958 590 1002 rum
619 938 927 1018 acjudicii
957 939 1187 1000 oetemi.
1221 938 1422 1016 Atque
1451 938 1517 998 id
1544 938 1842 1015 faciemus
1868 942 1925 999 si
1953 937 2094 1017 qui-

449 1029 586 1091 dem
607 1027 960 1108 permiserit
992 1028 1170 1089 Deus.

531 1116 678 1180 Cum
707 1116 768 1177 in
799 1115 1205 1195 superioribus
1227 1123 1492 1177 vocasset
1520 1114 1751 1176 initium
1783 1132 2092 1177 sermones

454 1206 530 1268 de
558 1205 773 1269 Christi
806 1204 1193 1281 humanitate,
1238 1204 1660 1284 perfectionem
1692 1222 1830 1265 vero
1862 1222 1963 1265 eos
1991 1203 2091 1285 qui

447 1293 523 1357 de
552 1294 857 1356 divinitate
914 1302 1134 1367 essent,
1195 1311 1271 1353 ne
1323 1294 1385 1354 hi
1416 1293 1793 1375 impatienter
1821 1293 2093 1354 dolerent

448 1385 616 1465 quasi
646 1383 871 1462 indigni
906 1381 1356 1462 perfectioribus
1386 1382 1783 1456 sermonibus,
1816 1382 2088 1461 aggredi-

449 1480 547 1535 tur
581 1473 758 1535 etiam
790 1473 986 1552 eloqui
1019 1471 1737 1553 perfectiores.E|oquitur
1758 1481 1950 1533 autem
1972 1489 2088 1536 non

450 1579 523 1623 eo
545 1560 724 1623 modo
756 1580 872 1643 quo
903 1561 1067 1641 prius
1094 1560 1320 1623 vocavit
1349 1560 1641 1640 perfectos
1677 1581 1690 1620 :
1718 1580 1910 1641 neque
1928 1561 2087 1622 enim

450 1650 659 1713 audire
689 1657 979 1732 poterant,
1013 1650 1115 1712 sed
1164 1649 1278 1710 alio
1328 1650 1503 1710 modo
1535 1658 1724 1711 astute
1746 1650 2091 1730 aggreditur

447 1759 810 1813 sermonem,
841 1758 1056 1801 vocans
1086 1738 1329 1819 quidem
1362 1738 1718 1819 principium
1774 1738 2083 1820 baptisma,

2882 850 3216 913 ἀναστάσεώς
3299 872 3357 906 τε
3428 854 3645 928 νεκρῶν,
3735 847 3822 902 καὶ

2179 936 2429 1014 κρίματος
2458 938 2687 1001 αἰωνίου,
2714 938 2812 996 Καὶ
2838 946 2991 995 τοῦτο
3006 940 3319 1016 ποιήσομεν,
3347 938 3537 1016 ἐάνπερ
3557 934 3821 1013 ἐπιτρέπει

2178 1025 2205 1079 ὁ
2249 1024 2400 1089 Θεός.
2441 1047 2465 1083 l

2258 1101 2414 1168 ’Ὰνω
2471 1115 2632 1171 εἰπὼν
2688 1115 2867 1196 ἀρχὴν
2922 1116 3042 1182 τοὺς
3111 1117 3227 1197 περὶ
3270 1115 3674 1196 ἀνθρωπότητος
3726 1120 3819 1169 τοῦ

2176 1200 2361 1279 Κυρίου
2411 1199 2622 1280 λόγους,
2690 1202 3003 1270 τελειότητα
3056 1202 3111 1260 δὲ
3194 1204 3313 1268 τοὺς
3369 1205 3486 1283 περὶ
3540 1202 3816 1272 θεότητος,

2171 1286 2262 1343 ’ίνα
2292 1290 2368 1364 μὴ
2397 1287 2733 1365 ἀδημονῶσιν
2762 1295 2925 1367 οὗτοι,
2987 1295 3062 1358 ὡς
3110 1294 3187 1369 μὴ
3217 1292 3508 1367 ἀξιούμενοι
3568 1296 3676 1348 τῶν
3720 1313 3814 1347 τε-

2172 1375 2447 1457 λειοτὲρων
2496 1377 2689 1458 λόγων,
2736 1380 2909 1459 λέγειν
2951 1383 3071 1447 τοὺς
3112 1381 3343 1447 τελείους
3399 1387 3673 1461 πειρᾶται,
3720 1380 3819 1436 Λέ-

2172 1487 2253 1544 γει
2296 1465 2377 1548 δὲ,
2422 1466 2523 1548 οὐχ
2564 1471 2639 1533 ὡς
2670 1468 2777 1525 ἅνω
2806 1469 3035 1534 τελείους
3063 1470 3335 1544 ὶκάλεσεν,
3392 1472 3470 1543 (οὐ
3495 1472 3595 1547 γὰρ
3622 1468 3815 1548 ἴσχυον

2168 1556 2415 1632 ἀκοῦσαι)
2447 1577 2465 1595 ·
2538 1557 2659 1615 ἀλλ’
2704 1559 2894 1638 ἑτέρως
2947 1559 3211 1635 μεθοδεύει
3253 1562 3343 1617 τὸν
3413 1557 3595 1639 λόγον,
3639 1558 3816 1639 ἀρχὴν

2170 1645 2263 1720 μὲν
2293 1647 2354 1701 τὸ
2382 1647 2657 1723 βάπτισμα
2686 1648 2889 1728 καλῶν,
2923 1651 3011 1706 καὶ
3041 1650 3139 1716 τὴν
3169 1650 3223 1706 ἐν
3253 1654 3395 1723 αὒτῷ
3454 1649 3561 1704 τῶν
3616 1654 3815 1727 χειρῶν

2169 1733 2402 1791 ἐπίθεσιν
2431 1737 2519 1792 καὶ
2548 1735 2812 1818 σφραγῖδα
2846 1754 2860 1768 ⁹
2919 1736 3228 1806 τελειότητα
3284 1737 3361 1817 δὲ,
3423 1738 3524 1805 τὴν
3548 1734 3615 1792 δι’
3648 1736 3813 1816 ἔργων

446 1829 648 1891 354m
678 1846 959 1892 manuum
993 1826 1435 1907 impositionem
1455 1846 1523 1888 ac
1545 1826 1936 1905 signaculum,
1961 1847 2079 1909 qua

2172 1821 2502 1903 φιλοσοφίαν.
2550 1827 2899 1903 Παρακατιὼν
2945 1824 3000 1883 δὲ
3056 1828 3371 1908 σαφέστερον
3441 1824 3584 1903 λέγει
3644 1827 3721 1889 τίς
3778 1826 3813 1892 ἡ

442 1919 505 1979 in
535 1938 604 1981 eo
661 1926 844 1979 sunt:
905 1916 1330 1997 perfectionem
1380 1935 1544 1995 vero,
1597 1916 1924 1977 doctrinam
1982 1935 2089 1997 per

441 2024 644 2089 opera.
675 2009 739 2067 In
764 2024 1078 2087 progressu
1107 2014 1305 2066 autem
1362 2003 1731 2066 manifestius
1761 2005 1903 2065 dicit
1931 2006 2089 2085 quod

443 2094 522 2159 sit
552 2096 785 2157 initium
816 2094 878 2156 in
905 2095 998 2156 bis
1056 2094 1156 2174 qui
1189 2092 1366 2156 modo
1407 2094 1678 2175 credunt,
1714 2102 1772 2156 et
1801 2113 1932 2175 qua:
1961 2113 2092 2175 per-

443 2183 538 2246 fec
547 2184 625 2245 tio
637 2183 1012 2247 .Consecutio
1026 2182 1414 2244 ordinationis
1429 2182 1664 2246 litterae:
1675 2182 2095 2264 «Quapropter

446 2273 668 2336 omisso
701 2290 980 2334 sermone
1002 2272 1124 2334 sive
1149 2272 1425 2351 dogmate
1443 2273 1573 2333 initi
1595 2273 1665 2333 ad
1689 2270 1987 2334 Chrlstum
2017 2272 2088 2334 ad

445 2360 875 2442 perfectionem
929 2364 1220 2443 feramur;
1255 2368 1432 2442 atque
1462 2361 1518 2423 id
1552 2361 1837 2423 faciemus
1868 2360 1917 2422 si
1952 2362 2090 2441 qui-

448 2451 583 2513 dem
615 2450 956 2532 promiserit
977 2450 1633 2514 Deus—«Sermonem
1656 2450 1808 2511 initii
1834 2452 1903 2512 ad
1927 2451 2090 2513 Chri-

423 2547 625 2623 stum.
669 2565 690 2596 ι
727 2539 913 2612 Quem
946 2558 1284 2601 sermonem
1309 2540 1340 2597 ‘I
1386 2539 1733 2603 Sermonem
1778 2540 2087 2614 doctrinae,

438 2629 595 2710 quod
628 2637 900 2710 oporteat
929 2629 1377 2691 fundamentum
1405 2630 1608 2709 jacere
1633 2629 1993 2710 poenitentia:
2012 2628 2086 2689 ab

439 2718 724 2799 Operibus
749 2717 1031 2780 mortuis:
1059 2736 1395 2779 sermonem
1419 2718 1702 2780 doctrinm
1722 2716 1878 2798 quod
1902 2736 2085 2797 opor-

432 2807 809 2869 teatcredere
825 2807 1433 2868 inDeumzsermonem
1450 2806 1734 2869 doctrinae
1744 2808 1899 2887 quod
1918 2824 2088 2886 opor-

433 2903 553 2960 teat
569 2896 1218 2978 baptizari:sermonem
1234 2896 1523 2958 doctrina:
1534 2896 1687 2976 quod
1704 2903 1968 2976 oporteat
1987 2895 2082 2956 di-

436 3003 624 3066 gnum
655 3004 719 3048 se
743 3004 952 3066 gerere
974 2983 1194 3065 Spiritu
1208 2993 1782 3047 sanctozsermonem
1802 2983 2088 3045 doctrinae

2172 1911 2317 1991 ἀρχὴ
2348 1915 2433 1968 επὶ
2460 1920 2564 1970 τῶν
2595 1910 2708 1993 ἄρτι
2738 1917 3114 1990 πιστευόντων,
3173 1918 3260 1972 καὶ
3317 1916 3395 1978 τίς
3437 1916 3472 1983 ἡ
3515 1912 3809 1981 τελειότηςο

2173 2002 2244 2055 Τὸ
2274 2000 2558 2059 ἀκόλουθον
2601 2004 2698 2069 τῆς
2730 2003 3042 2068 συντάξεως,
3081 2037 3153 2049 -
3208 1999 3413 2084 [ΦΩΤ.]
3475 2005 3568 2059 Διὸ
3597 2002 3815 2082 ἀφέντες

2174 2090 2263 2145 τὸν
2305 2095 2404 2157 τῆς
2438 2091 2612 2170 ἀρχῆς
2640 2098 2731 2148 τοῦ
2761 2099 2984 2170 Χριστοῦ
3013 2091 3313 2171 δογμάτων,
3344 2091 3431 2148 ἒπὶ
3486 2092 3584 2157 τὴν
3613 2089 3816 2147 τελειόο

2174 2199 2310 2243 τητα
2352 2180 2646 2258 φερώμεθα.
2700 2182 2796 2238 Καὶ
2858 2188 3011 2239 τοῦτο
3066 2183 3382 2257 ποιήσομεν,
3445 2178 3635 2258 ἐνάπερ
3689 2179 3811 2236 ἐπι-

2172 2266 2338 2344 τρέπῃ
2369 2270 2397 2323 ὁ
2429 2268 2581 2332 Θεός.
2613 2302 2689 2314 --
2724 2268 2880 2348 [ΤΟΥ
2910 2268 3177 2349 ΑΥΤΟΥ.]
3215 2294 3241 2325 α
3293 2276 3395 2327 Τοῦ
3451 2275 3673 2349 Χριστοῦ
3713 2267 3812 2325 λό-

2174 2377 2289 2430 γον.
2330 2376 2353 2411 n
2388 2357 2556 2412 Ποῖον
2586 2355 2745 2436 λόγον
2776 2376 2792 2437 ;
2841 2360 2942 2416 Τὸν
2973 2357 3128 2436 λόγον
3159 2364 3258 2426 τῆς
3302 2356 3547 2438 διδαχῆς,
3581 2365 3673 2415 τοῦ
3701 2356 3812 2414 δεῖν

2171 2441 2520 2500 καταϐάλλειν
2560 2445 2804 2521 θεμέλιον
2861 2449 3141 2522 μετανοίας
3198 2448 3304 2504 ἀπὸ
3347 2454 3541 2526 νεκρῶν
3597 2446 3760 2525 ἔργων
3793 2462 3807 2475 ⁶

2168 2532 2260 2585 τὸν
2287 2529 2447 2609 λόγον
2475 2538 2573 2600 τῆς
2603 2531 2853 2613 διδαχῆς,
2911 2543 3003 2593 τοῦ
3045 2533 3157 2591 δεῖν
3212 2536 3480 2593 πιστεύειν
3518 2534 3603 2592 ἐπὶ
3634 2535 3760 2591 Θεόν
3794 2554 3811 2572 ο

2171 2621 2259 2676 τὸν
2302 2619 2461 2699 λόγον
2502 2627 2600 2688 τῆς
2644 2620 2898 2703 διδαχῆς,
2956 2631 3047 2681 τοῦ
3097 2622 3209 2681 δεῖν
3250 2626 3601 2702 βαπτισθῆναι
3632 2658 3656 2670 -
3719 2626 3811 2681 τὸν

2170 2710 2326 2788 λόγον
2369 2717 2467 2779 τῆς
2517 2710 2767 2794 διδαχῆς,
2839 2715 2930 2771 τοῦ
2984 2714 3096 2772 δεῖν
3152 2715 3442 2781 ἀξιωθῆναι
3511 2716 3809 2790 Πνεύματος

2170 2800 2317 2877 ἁγίου
2353 2816 2366 2830 ⁸
2439 2802 2531 2856 τὸν
2585 2800 2744 2880 λόγον
2799 2807 2900 2869 τῆς
2957 2800 3204 2883 διδαχῆς,
3253 2802 3332 2859 ὅτι
3388 2802 3694 2876 ἀνάστασις,
3727 2801 3808 2857 ὅτι

2170 2884 2314 2944 ἔσται
2342 2895 2531 2969 κρίσις.
2593 2887 2727 2947 Ἀπὸ
2781 2900 2958 2950 κοινοῦ
3013 2892 3113 2970 γὰρ
3153 2893 3289 2949 κατά
3344 2892 3578 2970 πάντων,
3637 2892 3724 2947 καὶ
3780 2893 3810 2946 ὁ

2168 2975 2325 3056 λόγος
2368 2980 2454 3035 καὶ
2501 2981 2536 3047 ἡ
2578 2978 2797 3061 διδαχή,
2833 3015 2909 3027 -
2942 2982 3087 3059 [ΤΟΥ
3116 2981 3390 3061 ΑΥΤΟΥ]
3455 3004 3484 3037 α
3532 2979 3652 3038 Ἐπὶ
3710 2982 3810 3048 τὴν

432 3064 590 3155 quod
608 3064 804 3137 futura
828 3064 1282 3135 sitresurrectio
1304 3091 1371 3134 ac
1398 3072 1690 3152 judicium
1725 3074 2079 3136 Acommuni

2169 3064 2501 3165 τελειότητα,
2540 3090 2564 3125 ι
2620 3070 2794 3126 Εἰπὼν
2836 3069 3028 3150 ἀφετνα
3084 3072 3175 3127 τὸν
3216 3072 3333 3150 περὶ
3389 3076 3611 3149 Χριστοῦ
3652 3091 3809 3125 στοι-

440 3163 601 3226 enim
656 3163 964 3226 intellectu
995 3170 1312 3224 sumuntur
1340 3162 1413 3222 ad
1444 3161 1676 3240 singula
1695 3169 1751 3223 et
1781 3164 1989 3225 Sermo
2018 3166 2079 3223 et

2170 3154 2379 3233 χειώδη
2423 3158 2509 3213 καὶ
2537 3157 2713 3237 ἀρχῆς
2742 3158 3007 3239 ἀπέχοντα
3035 3157 3179 3225 τάξιν
3228 3158 3388 3238 λόγον
3429 3161 3516 3216 καὶ
3572 3158 3656 3215 ἐπὶ
3709 3158 3806 3225 τὴν

435 3252 738 3315 Doctrina.
771 3288 852 3297 —
890 3252 982 3315 Ad
1000 3251 1464 3333 perfectionem.
1500 3275 1522 3308 υ
1560 3250 1705 3313 Cum
1740 3251 1985 3313 dixisset
2014 3271 2079 3312 se

2164 3241 2471 3333 τελειότητα
2525 3245 2792 3326 φέρεσθαι,
2853 3251 2956 3327 οὐχ
3027 3246 3208 3314 ἁπλῶς
3271 3269 3400 3327 φησι
3470 3248 3569 3315 τὴν
3617 3247 3806 3324 κυρίως

427 3342 769 3422 relinquere
800 3330 1227 3405 elementarem
1259 3341 1334 3403 de
1362 3338 1597 3403 Chrism
1629 3358 1989 3414 sermonem,
2018 3352 2076 3404 et

2164 3330 2489 3408 τελειότητα,
2535 3332 2653 3390 ἀλλ’
2698 3337 2887 3391 ὡσανεὶ
2914 3335 3013 3403 τὴν
3043 3334 3234 3410 μεταξὺ
3265 3341 3361 3403 τῆς
3406 3335 3804 3415 στοιχειώσεώς

435 3431 537 3513 qui
568 3420 724 3493 initii
753 3432 1024 3494 ordinem
1054 3431 1338 3504 continet,
1371 3429 1630 3510 ferrique
1656 3429 1727 3491 ad
1755 3429 2070 3509 perfectio-

2164 3441 2212 3474 τε
2258 3426 2365 3479 τῶν
2410 3420 2603 3513 λογίων
2645 3430 2737 3479 τοῦ
2779 3431 2933 3500 Θεοῦ,
2994 3426 3082 3481 καὶ
3142 3424 3335 3500 μεταξὺ
3390 3429 3489 3492 τῆς
3549 3425 3804 3480 ἀνωτάτω

428 3500 718 3596 nem,non
743 3520 1095 3602 simpliciter
1115 3539 1181 3582 ac
1199 3500 1437 3600 proprie
1459 3500 1601 3591 dicit
1625 3500 2071 3599 perfectionem,

2164 3507 2511 3602 τελειότητος.
2551 3500 2712 3602 "Fiam
2768 3514 2866 3588 μὲν
2920 3515 3021 3594 γὰρ
3074 3528 3325 3594 στοιχεῖα
3379 3513 3557 3594 ἀρχῆς
3608 3511 3803 3591 λογίων

426 3610 532 3674 sed
554 3611 735 3672 veluti
758 3599 1015 3672 mediam
1040 3599 1569 3671 interierassiorem
1597 3607 2072 3669 informationem

2164 3606 2309 3670 Θεοῦ,
2342 3599 2407 3654 τὰ
2434 3599 2786 3666 ἀποτάξασθαι
2815 3606 2893 3677 τῴ
2941 3609 3151 3675 Σατανᾷ
3207 3604 3293 3659 καὶ
3334 3615 3453 3666 τοῖς
3498 3601 3670 3681 ἔργοις
3699 3601 3800 3657 αὒ-

427 3699 802 3781 eloquiorum
837 3699 942 3760 Dei
974 3706 1031 3760 et
1054 3717 1393 3778 supremam
1429 3696 2075 3778 perfectionemSiqui-

425 3787 565 3849 dem
590 3786 887 3848 elementa
917 3786 1067 3847 initii
1106 3785 1474 3866 eloquiorum
1497 3784 1605 3846 Dei
1621 3792 1758 3845 sunt
1779 3784 2074 3846 abrenun-

422 3875 575 3938 tiare
604 3877 837 3939 Satanae
855 3874 1253 3955 omnibusque
1275 3875 1403 3953 ejus
1424 3873 1989 3955 operibus,credere
2011 3873 2070 3934 in

419 3962 949 4044 Deum,baptizari,
970 3963 1245 4043 accipere
1276 3962 1563 4043 Spiritum
1591 3971 1882 4038 sanctum,
1916 3961 2071 4024 scire

418 4060 727 4113 mortuoru
738 4051 1296 4112 mresurrectionem
1309 4050 1650 4130 ,accredere
1664 4050 1926 4111 futurum
1941 4068 2072 4111 esse

416 4139 715 4219 judicium
729 4139 887 4202 .Hazc
903 4138 1144 4219 quidem
1160 4139 1456 4200 elementa
1468 4144 1605 4199 sunt
1618 4137 1767 4198 initii
1800 4137 2072 4218 eloquio-

414 4227 883 4291 rumDei.Porro
902 4227 1194 4288 elementa
1206 4226 1760 4307 eloquiorumDeiet
1780 4244 1894 4286 non
1919 4226 2073 4310 initii

2154 3696 2267 3761 τοῦ,
2313 3690 2373 3744 τὸ
2414 3696 2689 3747 πιστεῦσαι
2732 3690 2818 3748 ἐπὶ
2861 3694 3013 3762 Θεὸν,
3072 3693 3135 3748 τὸ
3191 3691 3558 3769 βαπτισθῆναι,
3605 3692 3670 3747 τὸ
3697 3689 3790 3747 λα-

2154 3772 2269 3831 ϐεῖν
2299 3783 2510 3835 Πνεῦμα
2539 3778 2712 3859 ἅγιον,
2770 3782 2832 3836 τὸ
2893 3780 3079 3838 εὶδέναι
3124 3784 3319 3861 νεκρῶν
3375 3780 3682 3859 ἀνάστασιν,
3739 3781 3801 3835 τὸ

2152 3867 2414 3922 πιστεύειν
2456 3865 2535 3923 ὅτι
2569 3867 2714 3924 ἔσται
2743 3871 2934 3949 κρίσις.
2995 3876 3171 3927 Ταῦτα
3200 3870 3296 3945 μὲν
3340 3881 3589 3949 στοιχεῖα
3621 3868 3799 3949 ἀρχῆς

2152 3952 2346 4031 λογίων
2378 3963 2531 4019 Θεου.
2567 3964 2829 4038 Στοιχεῖα
2856 3956 2910 4014 δὲ
2940 3957 3134 4037 λογίων
3192 3965 3343 4033 Θεοῦ,
3402 3959 3491 4013 καὶ
3549 3960 3642 4016 οὒκ
3697 3956 3799 4036 ἀρ-

2156 4047 2265 4121 χῆς
2296 4041 2487 4121 λογίων
2514 4052 2666 4117 Θεοῦ,
2700 4048 2762 4102 τὸ
2792 4044 2977 4103 εἰδέναι
3007 4046 3087 4104 ὅτι
3130 4045 3317 4104 ἔπαθεν
3374 4045 3502 4125 ὑπὲρ
3556 4047 3712 4121 ἡμῶν
3768 4047 3798 4101 ὁ

2158 4133 2401 4207 Χριστὸς,
2435 4131 2515 4188 ὅτι
2546 4132 2765 4191 ἀνέλαϐε
2797 4135 2888 4200 τὰς
2947 4136 3202 4217 ἁμαρτίας
3257 4137 3433 4214 ἡμῶν⁸
3488 4132 3568 4190 ὅτι
3612 4156 3795 4201 σωτη-

2157 4218 2267 4296 ρίαν
2312 4221 2448 4294 ἡμῖν
2504 4222 2804 4299 εἰργάσατο,
2865 4222 2943 4280 ὅτι
3015 4224 3291 4305 ἀρχιερεὺς
3345 4225 3500 4298 ἡμῶν
3556 4221 3797 4301 γέγονεν,

418 4316 789 4398 eloquiorum
817 4315 922 4377 Dei
938 4325 1095 4393 sunt,
1116 4316 1268 4377 scire
1284 4305 1437 4396 quod
1457 4333 1560 4395 pro
1581 4315 1752 4376 nobis
1771 4332 1977 4395 passus
2000 4305 2076 4390 εἰῇ

2164 4305 2238 4361 ὅτι
2270 4307 2453 4364 ἑαυτὸν
2495 4312 2851 4391 προσήνεγκεν
2888 4313 3017 4393 ὑπὲρ
3072 4315 3247 4388 ἡμῶν,
3293 4313 3381 4368 καὶ
3433 4308 3489 4366 εἴ
3540 4332 3590 4366 τι
3619 4332 3794 4388 παρα-

418 4394 876 4486 Cbristus,quod
898 4405 1225 4485 susceperit
1247 4394 1486 4485 peccata
1509 4394 1891 4482 nostra.quod
1911 4403 2064 4464 salu-

2164 4394 2403 4465 πλήσιον.
2437 4396 2717 4467 Τελειότης
2746 4399 2801 4457 δὲ
2853 4409 2946 4459 τοῦ
2999 4403 3096 4478 μὲν
3153 4401 3505 4467 ἀποτάξασθαι
3547 4406 3625 4474 τῷ
3679 4406 3796 4458 Σα-

425 4503 544 4559 tem
578 4493 751 4556 nobis
772 4502 1050 4575 operatus
1081 4493 1341 4574 sit,quod
1374 4493 1637 4573 pontifex
1671 4491 1848 4553 nobis
1877 4491 2063 4552 factus

2164 4491 2295 4557 τανᾷ,
2329 4487 2562 4551 καὶτοῖς
2604 4490 2791 4546 τούτου
2843 4491 3168 4571 συστοίχοις,
3231 4493 3265 4559 ἡ
3316 4489 3370 4546 ἐν
3421 4502 3544 4552 ταῖς
3575 4489 3794 4568 ἀρεταῖς

419 4584 518 4660 sit,
555 4583 711 4665 quod
732 4584 995 4664 seipsum
1021 4582 1302 4645 obtulerit
1328 4601 1431 4664 pro
1456 4582 1717 4657 nobis,et
1738 4580 1787 4642 si
1804 4579 1943 4661 quid
1968 4580 2061 4642 bis

411 4673 588 4736 affine
613 4682 720 4734 est.
752 4671 1042 4733 Perfectio
1073 4690 1211 4733 vero
1245 4672 1374 4750 ejus
1404 4672 1558 4752 quod
1579 4678 1666 4731 est
1686 4667 2059 4731 renuntiasse

413 4761 643 4825 Satanae
665 4762 912 4842 ejusque
935 4760 1431 4834 eonsortibus,est
1448 4759 1736 4841 promotio
1754 4759 1814 4819 in
1836 4758 2058 4820 virtuti-

410 4849 867 4925 bus,tolerantia
883 4849 1267 4911 afflictionum
1284 4858 1341 4911 et
1358 4848 1836 4931 persecutionum
1849 4864 1918 4908 ac
1937 4855 2060 4908 ten—

409 4937 1022 5018 tationum.Suprema
1043 4946 1239 5000 autem
1260 4939 1539 5020 perfectio
1564 4946 1651 4999 est
1674 4944 1873 4998 exacta
1897 4954 2059 4997 com-

406 5028 747 5109 prehensio,
812 5035 874 5089 et
934 5036 1151 5109 quanta
1212 5027 1444 5090 homini
1503 5024 1803 5107 possibilis
1836 5033 1946 5099 est,
1983 5023 2057 5085 de

406 5117 628 5180 Christi
654 5116 970 5193 theologia.
1000 5117 1260 5179 Primum
1281 5116 1787 5196 igiturcredentes
1807 5112 2059 5194 baptiza-

407 5223 562 5282 mur,
593 5204 812 5266 deinde
844 5206 1221 5285 agnoscimus
1258 5215 1477 5287 quanta
1507 5224 1615 5286 pro
1652 5202 1825 5264 nobis
1855 5219 2060 5283 passus

410 5293 487 5354 sit
510 5291 782 5355 Christus
805 5313 877 5354 ac
906 5294 1117 5356 fecerit
1135 5296 1301 5375 juxta
1320 5293 1766 5369 humanitatem,
1792 5298 2056 5372 postmo-

411 5379 550 5441 dum
607 5381 931 5443 virtutibus
984 5383 1348 5466 perﬁcimur,
1397 5384 1610 5446 exinde
1641 5380 1820 5444 etiam
1850 5377 2058 5458 cogni-

420 5470 610 5548 tione,
645 5488 779 5548 quze
811 5472 1141 5533 secundum
1176 5472 1432 5534 diVinam
1465 5481 1551 5533 est
1569 5471 1881 5533 scientiam
1901 5466 2060 5546 digni
2106 5548 2109 5549 ν

415 5555 758 5621 reddimur.
795 5557 954 5619 «Non
978 5578 1215 5620 rursum
1231 5561 1523 5640 jacientes
1549 5561 2057 5621 fundamentum.»

408 5643 542 5711 Non
573 5662 811 5709 rursum
845 5646 1004 5710 aliud
1028 5648 1323 5729 jacientes
1355 5649 1830 5721 fundamentum,
1881 5645 2063 5709 veluti

2143 4582 2410 4653 προκοπὴ,
2444 4577 2477 4644 ἡ
2507 4578 2611 4633 τῶν
2639 4577 2866 4654 θλίψεων
2897 4582 2983 4637 καὶ
3032 4579 3281 4659 διωγμῶν
3341 4580 3430 4636 καὶ
3485 4584 3795 4657 πειρασμῶν

2140 4664 2406 4739 ὑπομονή,
2454 4662 2735 4734 Τελειότης
2779 4665 2833 4724 δὲ
2863 4668 2898 4736 ἡ
2930 4668 3185 4727 ἀνωτάτω
3221 4670 3256 4737 ἡ
3286 4669 3404 4748 περὶ
3458 4672 3556 4737 τῆς
3615 4666 3798 4724 θεολοο

2140 4752 2256 4829 γίας
2288 4759 2532 4834 Χριστοῦ,
2593 4755 2816 4813 καθόσον
2867 4756 3004 4813 ἐστὶν
3048 4756 3309 4836 ἀνθρώπῳ
3364 4753 3578 4812 δυνατὸν
3634 4754 3790 4834 ἀκρι-

2140 4840 2239 4910 ϐὴς
2310 4844 2634 4921 κατάληψις.
2713 4854 2927 4928 Πρῶτον
2998 4848 3084 4906 οὖν
3142 4848 3479 4910 πιστεύοννες
3533 4846 3791 4923 βαπτιζό-

2140 4936 2294 5012 μεθα,
2340 4933 2464 4989 εἶτα
2506 4932 2919 5013 ἐπιγινήσκομεν
2962 4934 3060 4992 ὅσα
3100 4936 3231 5015 ὑπὲρ
3288 4937 3441 5011 ἡμῶν
3491 4936 3519 4990 ὁ
3569 4934 3792 5012 Χριστὸς

2140 5019 2296 5077 ἔπαθέ
2328 5043 2384 5077 τε
2413 5024 2500 5078 καὶ
2543 5021 2760 5091 ἐποίησε
2789 5025 2927 5081 κατά
2969 5027 3031 5082 τὸ
3077 5023 3482 5103 ἐνανθρώπινον,
3516 5022 3639 5079 εἶτα
3667 5034 3789 5085 ταῖς

2140 5109 2353 5186 ἀρεταῖς
2396 5109 2757 5189 τελειούμεθα,
2836 5111 3018 5170 ἔπειτα
3072 5115 3160 5170 καὶ
3221 5113 3319 5180 τῆς
3376 5112 3620 5191 γνώσεως
3690 5115 3789 5178 τῆς

2139 5199 2276 5253 κατὰ
2302 5198 2400 5265 τὴν
2441 5199 2716 5280 θεολογίαν
2745 5199 3047 5279 ἀξιούμεθα.
3083 5221 3114 5261 )
3152 5202 3240 5269 Μὴ
3269 5199 3427 5258 πάλιν
3456 5198 3720 5277 θεμέλιον.
3751 5220 3777 5256 ι

2144 5291 2229 5357 Μὴ
2273 5291 2440 5348 πάλιν
2470 5291 2646 5373 ἕτερον
2679 5294 2921 5371 θεμέλιον
2949 5293 3425 5370 κατάϐαλλόμενοι,
3461 5297 3602 5373 οἷον,
3632 5294 3785 5372 φησὶ,

2141 5378 2578 5456 καταϐαλλόμεθα
2621 5382 2674 5439 ἐν
2732 5390 2810 5459 τῷ
2868 5384 3226 5461 βαπτίζεσθαι,
3295 5381 3586 5458 τουτέστιν,
3644 5381 3788 5437 ἀπο-

2142 5473 2313 5547 ταγῆς
2361 5474 2466 5524 τῶν
2496 5468 2663 5549 ἔργων
2706 5482 2798 5531 τοῦ
2839 5478 3072 5532 Σατανᾶ.
3109 5461 3293 5537 ΗΑπαξ
3322 5473 3444 5552 γὰρ,
3484 5472 3636 5552 φησὶ,
3681 5490 3786 5546 με-

2146 5558 2500 5627 τανοήσαντες
2532 5557 2617 5615 ἐπ’
2646 5562 2830 5626 αὐτοῖς
2876 5559 3287 5637 ἐϐαπτίσθημεν,
3329 5563 3415 5617 καὶ
3461 5563 3556 5619 οὐκ
3584 5559 3656 5616 ἔτι
3702 5557 3789 5618 δεῖ

2143 5652 2310 5704 ταῦτα
2338 5645 2390 5712 ἐξ
2419 5649 2670 5729 ὑπαρχῆς
2713 5663 2913 5714 ποιεῖν.
2950 5672 2978 5707 ο
