4152 6216
230 311 349 383 333

1327 327 1722 392 COMMENT.
1769 328 1853 391 IN
1897 327 2140 391 EPIST.
2186 328 2286 393 AD
2331 326 2559 392 HEBR.

3502 326 3623 394 334

224 450 476 544 jacimus
505 453 648 544 dum
679 454 1067 539 baptizamur,
1101 456 1243 520 555
1284 459 1400 520 hoc
1451 467 1562 534 est,
1603 459 2064 523 renuntiattonis
2107 479 2353 542 operum
2411 461 2662 526 Satanae.
2709 460 2908 524 Semel
2958 461 3141 539 enim,
3196 460 3409 544 inquit,
3463 460 3619 524 resi-

235 538 520 631 piscendo
548 543 622 606 ab
652 538 804 628 ipsis
831 546 1110 629 baptizati
1140 555 1201 610 et
1229 547 1412 610 abluti
1438 566 1664 622 sumus,
1698 567 1810 611 nec
1839 548 2094 629 amplius
2122 538 2355 631 oportet
2378 551 2505 613 haec
2536 551 2608 612 ab
2643 550 2885 614 exordio
2914 551 3136 614 facere.

315 630 652 721 [l‘_EbINAA.]
708 656 732 691 ι
780 636 905 694 Μεθ’
935 636 1227 715 ὁπερϐατου
1277 636 1332 693 δὲ
1374 639 1409 705 ἡ
1460 638 1607 716 ρῆσίς
1638 637 1768 700 ἐστι.
1803 640 1875 697 Τὸ

2039 630 2183 701 Cum
2217 639 2537 721 hyperbato
2561 646 2762 702 autem
2795 648 2886 703 est
2907 658 3130 704 sermo.
3152 638 3301 701 Nam
3330 639 3406 702 ad
3435 658 3616 704 omne

238 718 334 799 γὰρ
363 718 620 802 διδαχῆς,
651 727 783 805 πρὸς
838 726 978 784 ἅπαν
1022 724 1105 786 διὰ
1150 725 1314 803 μέσου
1354 728 1416 782 τὸ
1472 728 1884 806 παρεγκείμενον

235 806 566 875 ἀποδίδοται.
600 815 701 871 Καὶ
730 813 838 872 ἔστι
880 817 1016 873 κατὰ
1058 817 1149 872 τὸν
1205 822 1322 873 νοῦν
1367 815 1553 882 αὐτῆς,
1588 814 1722 882 αῦτη
1756 837 1883 871 συν-

236 898 373 966 θήκη
410 914 424 928 ⁸
502 901 592 969 Μὴ
635 901 795 959 πάλιν
836 902 1079 978 θεμέλιον
1131 901 1586 980 καταϐαλλόμενοι
1631 902 1882 983 διδαχῆς,

232 983 334 1041 εἶθ’
363 986 537 1053 οὕτως
594 992 660 1049 τὰ
701 990 817 1049 καθ’
870 991 989 1061 ἑξῆς
1035 992 1089 1051 ἐν
1149 993 1503 1071 ἀπαριθμήσει
1559 992 1880 1068 δηλούμενα,

230 1077 348 1154 περῖ
376 1079 453 1132 ὧν
496 1083 597 1146 τῆς
628 1077 854 1160 διδαχῆς
907 1084 953 1138 οἱ
994 1080 1250 1157 θεμέλιοι.
1302 1080 1554 1138 Βούλεται
1594 1080 1650 1138 δὲ
1688 1083 1879 1154 εἰπεῖν,

222 1162 298 1219 ὅτι
329 1173 459 1229 Τοῖς
499 1174 589 1225 νῦν
649 1174 860 1248 πρῶτον
917 1176 1189 1249 προσιοῦσι
1245 1177 1316 1247 τῇ
1373 1170 1570 1250 πίστει,
1628 1170 1726 1237 τὴν
1766 1161 1884 1247 περῖ

227 1253 426 1309 τούτων
495 1253 830 1315 διδασκαλίαν
889 1259 1044 1315 οἱονεὶ
1117 1258 1360 1335 θεμέλιον
1441 1256 1885 1339 προκαταϐαλλό-

232 1345 386 1417 μεθα,
422 1358 705 1419 μετανοεῖν
734 1347 832 1422 μὲν
874 1346 969 1402 ἰπο
1011 1349 1118 1403 των
1164 1354 1484 1426 νεκροποιῶν
1516 1346 1680 1427 ἔργων
1738 1346 1883 1403 εἰκό-

237 1452 341 1493 τως
389 1439 603 1510 πρῶτον
643 1435 827 1498 αὐτοὺς
882 1436 1320 1516 προτρεπόμενοι,
1386 1446 1767 1513 μετανοοῦντας
1830 1433 1885 1490 δὲ

236 1521 501 1577 πιστεύειν
556 1522 640 1580 ἐπὶ
691 1525 781 1581 τὸν
839 1526 969 1581 Θεὸν
1026 1526 1368 1590 πιστεύοντας
1424 1524 1478 1581 δὲ
1521 1525 1883 1603 βαπτίζεσθαι,

241 1610 657 1686 βαπτιζομένους
686 1610 743 1668 δὲ
800 1619 868 1690 τῇ
925 1620 1029 1670 τῶν
1086 1617 1360 1694 ἱερατικῶν
1417 1621 1615 1693 χειρῶν
1669 1614 1890 1691 ὑπάγειν

240 1698 454 1763 ἑαυτοὺς
513 1699 741 1757 ἐπιθέσει
817 1704 948 1782 πρὸς
1016 1704 1293 1779 μετουσίαν
1359 1713 1452 1761 τοῦ
1520 1703 1823 1777 Πνεύματος
1870 1717 1883 1731 ⁸

238 1786 420 1843 τούτου
452 1785 507 1843 δὲ
552 1789 950 1870 μετασχόντας,
1000 1792 1116 1870 περὶ
1153 1793 1252 1857 τῆς
1301 1790 1362 1847 ἐκ
1416 1793 1611 1869 νεκρῶν
1653 1791 1888 1847 ἀναστά-

1966 724 2025 788 id
2058 727 2219 806 quod
2250 728 2312 789 in
2344 728 2540 791 medio
2566 728 2978 811 interpositum
3001 737 3091 791 est
3108 728 3367 791 refertur
3383 729 3613 793 doctri-

1965 832 2081 890 nae,
2116 823 2173 878 et
2197 824 2285 878 est
2308 818 2475 898 juxta
2503 817 2689 898 ipsius
2712 814 3079 879 intellectum
3112 819 3240 880 haec
3268 817 3565 881 ordinatio
3599 839 3614 881 :

1964 901 2094 966 Non
2122 924 2358 968 rursum
2386 906 2682 986 jacientes
2738 905 3185 968 fundamentum
3219 905 3525 990 doctrinae,
3561 918 3619 971 et

1966 991 2047 1054 ita
2075 994 2148 1054 de
2179 994 2414 1057 caeteris
2439 1013 2574 1073 qua;
2603 1002 3042 1075 consequenter
3058 995 3465 1057 enumerando
3486 1016 3613 1059 ma-

1967 1082 2341 1157 nifestantur,
2367 1083 2443 1146 de
2464 1103 2715 1165 quorum
2739 1084 3012 1146 doctrina
3046 1092 3183 1146 sunt
3202 1084 3610 1150 fundamenta.

1964 1172 2100 1232 Vult
2132 1181 2327 1234 autem
2385 1172 2587 1235 dicere
2641 1172 2799 1255 quod
2851 1191 3008 1235 nunc
3038 1173 3295 1254 primum
3326 1173 3399 1236 ad
3430 1175 3609 1239 fidem

1965 1260 2409 1333 accedentibus,
2458 1263 2666 1324 harum
2717 1280 2914 1323 rerum
2971 1261 3301 1324 doctrinam
3335 1270 3612 1345 tanquam

1968 1348 2418 1413 fundamentum
2449 1349 2836 1432 proponimus
2872 1370 2886 1411 :
2920 1349 3132 1412 mcrito
3162 1350 3324 1431 ipsos
3353 1351 3613 1433 primum

1964 1438 2372 1520 adhortantes,
2404 1447 2467 1500 ut
2496 1459 2529 1500 a
2560 1438 2882 1501 mortiferis
2923 1438 3208 1520 operibus
3236 1439 3611 1522 resipiscant,

1968 1525 2392 1607 resipiscentes
2450 1534 2643 1589 autem
2685 1527 2746 1588 in
2771 1528 2963 1590 Deum
2996 1526 3264 1601 credant,
3295 1528 3615 1594 credentes

1969 1633 2109 1676 vero
2142 1615 2532 1697 baptizenfur,
2586 1615 2863 1697 baptizati
2911 1624 3108 1678 autem
3166 1616 3394 1697 seipsos
3420 1617 3615 1698 subji-

1972 1703 2130 1766 ciant
2153 1703 2518 1785 impositioni
2549 1722 2832 1766 manuum
2863 1704 3238 1766 sacerdotum
3272 1705 3346 1766 ad
3367 1707 3615 1787 partici-

1976 1792 2270 1873 pationem
2302 1793 2557 1874 Spiritus
2587 1814 2598 1853 :
2633 1811 2809 1873 porro
2829 1793 3004 1872 hujus
3025 1791 3163 1856 facti
3192 1793 3617 1875 participes,de
3686 1817 3692 1823 ’

240 1895 373 1938 τεως
419 1876 612 1951 μηκέτι
642 1875 968 1953 διαπιστεῖν,
1027 1879 1489 1956 ἀναστησομένους
1532 1878 1587 1935 δὲ
1643 1880 1732 1936 καὶ
1788 1878 1885 1934 αῦ-

1976 1882 2409 1943 resurrectione
2468 1901 2533 1943 ex
2572 1881 2821 1943 mortnis
2851 1880 3138 1959 deinceps
3163 1899 3283 1943 non
3309 1883 3612 1960 vacillent,

238 1966 311 2028 θις
398 1962 859 2042 ἀναϐιωσομένους
953 1966 1157 2024 ἔσεσθαι
1253 1969 1421 2047 κρίσιν
1506 1966 1691 2023 εἰδέναι
1702 2016 1715 2042 ,
1802 1968 1888 2023 καὶ

1976 1968 2073 2029 ubi
2102 1978 2295 2030 autem
2330 1970 2769 2032 resurrexerint
2817 1987 3173 2050 rursumque
3201 1969 3276 2030 ad
3305 1969 3481 2033 vitam
3512 1986 3619 2033 re-’

240 2049 460 2121 διηνεκῆ
533 2055 620 2110 καὶ
674 2052 877 2113 δικαίαν
947 2058 1021 2112 ὧν
1091 2055 1309 2112 ἐνταῦθα
1357 2052 1715 2132 βεϐιώκαμεν,
1791 2056 1890 2123 τὴν

240 2138 503 2197 ἀντίδοσιν
531 2143 851 2221 περιμένειν,
894 2165 918 2201 σ
956 2146 1055 2201 Καὶ
1109 2145 1336 2207 πίστεως
1394 2144 1480 2201 ἐπὶ
1524 2145 1675 2208 Θεόν,
1730 2168 1758 2199 ιι
1819 2146 1892 2201 Οὐ

394 2227 479 2287 δεῖ
535 2238 623 2287 νῦν
680 2231 857 2311 ὥσπερ
898 2230 950 2298 ἐξ
992 2234 1243 2313 ὑπαρχῆς
1288 2235 1549 2290 πιστεύειν
1607 2233 1691 2290 ἐπὶ
1734 2232 1887 2295 Θεόν,

242 2306 394 2385 ’Ἠδη
457 2320 557 2398 γὰρ
619 2306 958 2377 ἐπιστεύσατε
1015 2306 1231 2402 διδαξῆ.
1299 2313 1361 2378 Ἢ
1433 2320 1667 2387 σύνταξις
1724 2321 1889 2382 οὕτως

239 2406 371 2469 ἐστί,
424 2410 518 2464 Διὸ
570 2408 789 2489 ἀφέντες
845 2411 935 2466 τὸν
992 2415 1091 2477 τῆς
1149 2409 1324 2491 ἀρχῆς
1390 2418 1481 2467 τοῦ
1539 2412 1670 2467 Θεοῦ
1707 2409 1886 2490 λόγον,

235 2502 405 2553 Ποῖον
446 2494 512 2563 δὴ
554 2506 737 2555 τοῦτον
773 2518 790 2579 ;
850 2500 950 2556 Τὸν
992 2503 1096 2555 τῶν
1153 2500 1491 2576 βαπτισμῶν,
1520 2500 1607 2555 ταὶ
1637 2497 1886 2579 διδαχῆς,

234 2586 324 2640 καὶ
366 2584 661 2655 ἐπιθήσεως
690 2594 796 2643 τῶν
827 2594 1023 2667 χειρῶν
1055 2586 1145 2668 (δι’
1172 2590 1270 2666 ὧν,
1314 2590 1378 2644 τὸ
1422 2594 1659 2663 Πνεῦμα,
1705 2589 1889 2669 φησὶν,

239 2673 496 2754 ἐλάϐετε),
528 2677 616 2731 καὶ
685 2682 784 2744 τῆς
840 2678 944 2734 τῶν
1005 2683 1203 2757 νεκρῶν
1245 2677 1606 2757 ἀναστάσεως,
1660 2677 1749 2733 καὶ
1802 2685 1893 2735 τοῦ

236 2763 497 2840 κρίματος
526 2771 622 2821 τοῦ
648 2764 882 2838 ἀίωνίου,
942 2766 1027 2822 ἐπὶ
1070 2766 1170 2833 τὴν
1224 2763 1534 2832 τελειότητα
1592 2764 1888 2845 φερώμεθα.

241 2852 315 2908 0'3
356 2848 445 2907 δεῖ
484 2852 608 2932 γὰρ,
667 2855 848 2933 φησὶν,
894 2855 975 2911 ἀεὶ
1024 2856 1090 2912 τὰ
1146 2855 1275 2911 αὐτὰ
1332 2852 1573 2932 λέγεσθαι
1608 2870 1622 2883 ⁸
1682 2852 1893 2932 εἴρηται

238 2940 342 3017 γὰρ
370 2938 510 3005 ἅπαξ
559 2943 648 2998 καὶ
697 2941 979 3020 γεγένηται
1016 2962 1029 2975 °
1106 2942 1242 3000 ἀλλὰ
1269 2938 1275 2944 “
1301 2941 1409 3018 δεῖ,
1466 2943 1616 3024 φησὶ,
1682 2943 1769 3000 καὶ
1826 2942 1893 2997 τὰ

240 3025 372 3106 παρ’
401 3029 548 3104 ὑμῶν
598 3030 1040 3111 συνεισφέρεσθαι,
1096 3031 1357 3111 τουτέστι,
1411 3032 1660 3111 χρηστὴν
1727 3028 1890 3087 πολι-

238 3118 407 3190 τείαν,
441 3119 530 3173 καὶ
556 3123 656 3186 τῆς
699 3120 925 3183 πίστεως
956 3121 1122 3185 ἀξίαν,
1157 3120 1299 3187 Αὕτη
1357 3121 1457 3199 γὰρ
1511 3122 1545 3188 ἦ
1591 3118 1887 3190 τελειότης,

1972 2056 2412 2132 dierint,sciant
2441 2058 2702 2119 futurum
2725 2076 2859 2120 esse
2869 2056 3184 2137 judicium,
3202 2065 3261 2119 et
3276 2058 3615 2121 continuam

1966 2145 2311 2226 justamque
2342 2165 2694 2228 permanere
2726 2164 2934 2209 eorum
2964 2164 3094 2227 qua;
3134 2146 3195 2207 in
3218 2147 3329 2208 hac
3349 2147 3466 2209 vita
3486 2148 3616 2227 egi-

1976 2252 2106 2294 mus
2133 2233 2612 2297 retributionem.
2683 2259 2706 2291 ιι
2747 2234 2815 2295 Ει
2845 2233 2983 2297 ﬁdei
3039 2233 3100 2294 in
3160 2236 3375 2299 Deum.
3419 2258 3442 2294 ι
3491 2234 3623 2297 Non

1974 2321 2134 2384 enim
2166 2341 2314 2403 opus
2343 2335 2434 2385 est
2455 2322 2727 2385 doctrina
2765 2322 3033 2385 credenti
3050 2322 3112 2384 in
3132 2324 3319 2384 Deum
3341 2324 3625 2404 quemad-

1974 2410 2217 2472 modnm
2249 2411 2322 2474 ab
2352 2413 2619 2487 exordio,
2621 2412 2746 2492 jam
2766 2411 2926 2473 enim
2948 2411 3236 2473 doctrinm
3252 2412 3615 2489 credidistis,

1974 2496 2281 2562 Ordinatio
2338 2501 2469 2564 talis
2500 2509 2590 2562 est
2623 2518 2635 2563 :
2671 2499 3043 2581 Quapropter
3089 2499 3309 2562 omisso
3341 2518 3620 2565 sermone

1972 2588 2127 2649 initii
2157 2590 2228 2651 ad
2249 2589 2460 2665 Deum,
2486 2590 2622 2669 quis
2645 2600 2846 2650 autem
2871 2596 2959 2650 est
2982 2588 3082 2650 ille
3101 2587 3132 2647 ?
3153 2586 3265 2661 Qui
3285 2589 3362 2650 de
3391 2588 3619 2672 baptis-

1975 2677 2147 2739 matis
2194 2686 2281 2739 est
2312 2686 2371 2740 et
2401 2679 2475 2740 de
2507 2676 2780 2739 doctrina
2827 2694 2897 2739 ac
2925 2676 3309 2757 impositione
3337 2695 3622 2741 manuum

1979 2765 2112 2847 (per
2140 2785 2283 2846 quas
2341 2765 2649 2847 Spiritum,
2713 2766 2926 2847 inquit,
2958 2765 3300 2846 accepistis)
3329 2772 3388 2827 et
3413 2784 3621 2829 resur-

1974 2853 2240 2916 rectione
2261 2873 2332 2916 ex
2369 2854 2617 2916 mortuis
2634 2873 2701 2916 ac
2715 2862 2936 2916 aeterno
2952 2853 3285 2934 judicio,ad
3309 2855 3622 2935 perfectio-

1975 2960 2110 3003 nem
2142 2943 2427 3006 feramur.
2462 2941 2665 3023 Neque
2696 2943 2855 3005 enim
2908 2960 3148 3023 semper
3176 2943 3385 3005 eadem
3417 2944 3622 3008 dicere

1974 3038 2226 3111 oportet,
2260 3049 2399 3093 nam
2419 3031 2602 3095 semel
2653 3031 2809 3093 dicta
2828 3049 2898 3092 ac
2921 3030 3072 3093 facta
3097 3038 3275 3094 sunt:
3309 3032 3414 3094 sed
3440 3051 3621 3115 opor-

1974 3124 2059 3178 tet
2092 3118 2272 3180 etiam
2301 3136 2370 3180 ea
2399 3136 2527 3198 qua:
2556 3136 2590 3179 a
2619 3117 2785 3180 vobis
2806 3117 3135 3180 suntsimul
3155 3118 3624 3203 adferri,nempe

237 3207 303 3262 τὸ
334 3203 639 3284 ἀμφιδέξιον
664 3208 806 3265 εἶναι
834 3210 934 3276 τὴν
975 3209 1189 3289 ἀρετὴν,
1222 3210 1347 3265 ὡσεὶ
1390 3207 1541 3286 ἔλεγε
1575 3224 1589 3239 ⁸
1624 3209 1845 3283 Νήψατε
1870 3223 1882 3236 ’

1976 3203 2192 3268 bonam
2228 3208 2763 3283 conversationem,
2798 3206 3055 3287 ﬁdeique
3090 3206 3462 3286 dignitatem.
3485 3209 3623 3274 Haec

235 3297 336 3351 οὔκ
362 3292 440 3351 ἔνι
490 3296 590 3374 γὰρ
639 3302 796 3368 ζῆσαι
840 3298 1105 3375 ῥᾳθύμως,
1168 3299 1255 3354 καὶ
1295 3296 1454 3354 πάλιν
1509 3298 1886 3373 βαπτισθῆναι,

235 3384 329 3437 καὶ
356 3379 427 3437 δι’
473 3382 754 3465 ἐπιθέσεως
786 3391 984 3465 χειρῶν
1013 3383 1197 3441 λαϐεῖν
1236 3387 1539 3462 Πνεύματος
1567 3386 1715 3463 ἁγίου
1762 3386 1888 3441 ἐπι-

237 3469 508 3550 φοίτησιν,
546 3495 573 3527 ι
614 3461 927 3532 "Audi-4-
961 3461 1495 3553 [orxomsmom
1518 3461 1731 3531 Μᾶλλον
1747 3476 1889 3533 οὗτοι

234 3556 643 3640 ἰουδαϊκώτερον
673 3569 1005 3642 φρονοῦντες,
1038 3559 1123 3618 διὰ
1149 3564 1211 3618 τὸ
1240 3560 1513 3641 διαφόρους
1541 3564 1627 3619 καὶ
1658 3561 1888 3627 πολλοὺς

236 3646 294 3702 ἒν
337 3654 417 3721 τῷ
456 3649 606 3724 νόμῳ
648 3649 789 3706 εἶναι
833 3652 1185 3729 βαπτισμοὺς,
1231 3647 1517 3717 ἠϐούλοντο
1572 3652 1660 3706 καὶ
1687 3652 1749 3706 τὸ
1790 3656 1889 3718 τῆς

237 3735 362 3799 νέας
419 3736 720 3813 βάπτισμα,
776 3741 838 3794 τὸ
914 3739 1012 3806 τὴν
1080 3737 1478 3817 γαλιγγενεσίαν
1536 3736 1886 3817 δωρούμενον,

235 3823 500 3890 πολλάκις
580 3828 941 3903 βαπτίζεσθαι,
1019 3826 1103 3883 διὰ
1169 3829 1231 3883 τὸ
1300 3827 1534 3908 ἀφέσεως
1620 3827 1887 3907 ἁμαρτιῶν

235 3912 504 3979 πολλάκις
576 3914 747 3972 θέλειν
814 3915 1099 3999 ἀξιοῦσθαι,
1152 3939 1179 3971 α
1228 3914 1544 3981 Ἐπιθέσεως
1601 3923 1704 3973 τῶν
1762 3939 1889 3997 χει-

232 4009 365 4082 ρῶν.
417 4027 449 4060 ι
511 4006 628 4062 Τῶν
672 4003 726 4061 ἐν
775 4012 853 4080 τῷ
908 4005 1229 4082 βαπτίσματι
1288 4005 1604 4083 γινομένων.
1672 4012 1719 4062 Η
1775 4004 1895 4063 ἔνθα

233 4092 556 4158 ἐπιτιθέντες
597 4107 792 4173 χεῖρας
833 4097 879 4151 οἱ
937 4092 1223 4151 ἀπόστολοι
1266 4096 1328 4151 τὸ
1370 4101 1581 4170 Πνεῦμα
1638 4092 1916 4170 ὲδίδοσαν,·

236 4180 373 4259 ὅπερ
403 4184 491 4237 καὶ
520 4183 549 4237 ὁ
577 4183 759 4258 Σίμων
787 4182 943 4241 ὤνιον
974 4185 1176 4255 ὲζήτει,
1219 4202 1243 4239 ι
1281 4185 1379 4240 Καὶ
1406 4191 1561 4241 τοῦτο
1576 4185 1890 4254 ποιήσομεν,

244 4292 271 4327 ι
312 4276 480 4328 Ποῖον
514 4286 531 4346 ;
564 4272 627 4327 τὸ
657 4272 742 4329 ἐπὶ
769 4271 1082 4339 τελειότητα
1110 4272 1377 4353 φέρεσθαι,
1435 4294 1458 4329 ιι
1513 4271 1738 4350 Ἐάνπερ
1769 4272 1891 4329 ἐπι-

237 4356 415 4437 τρέπῃ
445 4360 474 4413 ὁ
504 4358 658 4422 Θεός.
692 4379 722 4418 )
759 4362 830 4419 Τὸ
859 4361 948 4419 ἑὼ
978 4382 1098 4440 περ,
1131 4363 1192 4418 οὐ
1217 4360 1348 4438 πρὸς
1370 4359 1523 4418 τοῦτό
1548 4359 1685 4418 ἐστιν
1708 4361 1779 4424 ὡς
1802 4365 1896 4417 τοῦ

241 4453 380 4503 Θεοῦ
422 4446 481 4503 οὔ
521 4448 739 4512 πάντως
797 4448 1194 4528 ἐπιτρέποντος,
1256 4447 1545 4528 (ἐπιτρέπει
1601 4448 1701 4527 γὰρ
1756 4447 1837 4504 ἀεὶ
1866 4450 1894 4504 ὁ

1972 3313 2233 3376 namque
2263 3296 2551 3376 perfectio
2584 3303 2698 3365 est,
2725 3295 2881 3376 quod
2913 3296 3098 3358 virtus
3127 3296 3499 3361 ambidextra
3514 3298 3615 3362 sit:

1973 3400 2041 3445 ac
2066 3382 2115 3443 si
2174 3383 2451 3446 diceret:
2492 3383 2763 3462 Vigilate,
2816 3402 3009 3463 neque
3060 3382 3220 3444 enim
3274 3383 3501 3446 licitum
3533 3394 3624 3447 est

1971 3478 2038 3533 ut
2068 3472 2117 3532 si
2147 3473 2409 3551 segniter
2437 3471 2615 3546 vivas,
2649 3489 2884 3533 rursum
2912 3469 3250 3550 baptizcris,
3282 3479 3341 3532 et
3364 3490 3473 3552 per
3500 3492 3621 3535 ma-

1972 3579 2155 3622 nuum
2178 3560 2258 3621 im
2265 3561 2618 3641 positionem
2641 3559 2896 3640 accipias
2914 3558 3171 3640 Spiritus
3192 3562 3385 3624 sancti
3401 3580 3620 3642 super-

1969 3649 2333 3712 ventionem.
2375 3685 2445 3695 -
2476 3649 2693 3712 Aliud.
2753 3647 2826 3709 Hi
2882 3666 3017 3709 cum
3040 3647 3283 3728 judaice
3314 3649 3624 3731 plusquam

1972 3757 2204 3820 aequum
2233 3746 2359 3799 erat
2387 3738 2609 3802 curiosi
2635 3745 2855 3813 essent,
2885 3736 3167 3817 quoniam
3188 3737 3348 3800 varia
3369 3748 3537 3801 erant
3564 3740 3628 3801 in

1971 3827 2103 3906 lege
2135 3826 2506 3908 baptismata,
2562 3825 2835 3888 volebant
2886 3844 3050 3888 novae
3078 3845 3313 3909 quoque
3335 3826 3484 3908 legis
3513 3828 3625 3891 ba-

1976 3915 2251 3995 ptismate
2284 3914 2440 3995 quod
2471 3914 2983 3994 regenerationem
3014 3914 3263 3990 confert,
3284 3915 3628 3997 frequenter

1973 4002 2281 4084 baptizari,
2316 4023 2386 4065 eo
2415 4005 2571 4085 quod
2598 4004 2945 4084 frequenter
2964 4002 3185 4065 vellent
3205 4004 3624 4067 remissionem

1975 4095 2668 4177 peccatorumnccipere.
2704 4096 2826 4157 «Ac
2845 4111 3127 4156 manuum
3159 4091 3623 4175 impositionis.»

1975 4186 2118 4246 556
2145 4184 2352 4257 Qualia
2381 4184 2443 4245 in
2467 4184 2817 4265 baptismate
2839 4183 3083 4245 ﬁebant.
3117 4182 3235 4245 Aut
3263 4184 3401 4265 quia
3427 4185 3628 4267 impo-

1978 4273 2106 4335 sitis
2138 4272 2409 4334 manibus
2438 4273 2695 4353 apostoli
2743 4272 3028 4354 Spiritum
3079 4281 3348 4335 sanctum
3379 4272 3624 4350 dabant,

1942 4414 1945 4417 .
1978 4361 2134 4442 quod
2165 4362 2346 4423 etiam
2377 4359 2581 4423 Simon
2630 4362 2834 4424 venale
2884 4360 2997 4423 sibi
3030 4379 3161 4423 esse
3197 4362 3450 4425 volebat.
3489 4385 3513 4421 α
3548 4364 3625 4425 Ει

1977 4449 2088 4512 hoc
2117 4449 2424 4513 faciemus.
2458 4474 2485 4505 »
2522 4450 2813 4523 Quidnam
2837 4450 3103 4530 ?Nempe
3133 4448 3277 4510 ferri
3295 4450 3367 4511 ad
3386 4450 3620 4531 perfec-

242 4536 378 4598 Θεὸς
408 4535 475 4591 τὰ
502 4534 641 4592 καλὰ
669 4538 758 4594 καὶ
784 4536 1013 4617 τέλεια),
1059 4536 1175 4593 ἀλλ’
1232 4539 1306 4602 ὡς
1368 4536 1480 4601 ἔθος
1523 4538 1658 4613 ἡμῖν
1688 4534 1887 4615 λέγειν,

1976 4539 2219 4602 tionem.
2259 4564 2277 4594 α
2322 4539 2629 4620 Siquidem
2659 4538 2996 4620 permiserit
3023 4538 3203 4601 Deus.
3232 4563 3260 4594 »
3317 4539 3485 4612 Quod
3515 4539 3619 4615 ait,

239 4631 377 4680 Θεοῦ
415 4623 657 4690 θέλοντος
690 4623 808 4683 τόδε
851 4628 1173 4702 ποιήσομεν,

1972 4627 2303 4710 Siquidem,
2341 4646 2459 4689 non
2490 4627 2716 4690 idcirco
2771 4626 2988 4688 dicitur
3032 4625 3205 4707 quasi
3234 4645 3353 4688 non
3382 4627 3626 4691 omnino

235 4710 402 4774 Deus
431 4713 804 4795 permitteret
834 4732 849 4778 :
886 4732 1127 4797 semper
1149 4713 1308 4777 euim
1325 4711 1611 4795 permittit
1640 4715 1802 4778 Deus
1828 4714 1987 4779 bona
2015 4735 2083 4780 ac
2113 4718 2374 4799 perfecta
2414 4738 2427 4781 :
2462 4716 2566 4779 sed
2597 4716 2754 4798 quod
2785 4714 2958 4777 nobis
2988 4714 3171 4777 moris
3198 4713 3274 4777 sit
3299 4716 3379 4776 ita
3408 4716 3571 4795 loqui
3603 4733 3619 4779 :

234 4800 368 4864 Deo
398 4800 634 4865 volente
659 4802 742 4865 ita
769 4803 1075 4866 faciemus.

334 4915 362 4946 ι
395 4888 674 4950 Ἀδύνατον
745 4895 847 4975 γὰρ
888 4894 1011 4959 τοὺς
1054 4891 1191 4959 ἅπαξ
1247 4891 1623 4972 φωτισθέντας,
1695 4914 1893 4971 γευσα-

237 4979 439 5055 μένους
481 4999 539 5034 τε
607 4979 708 5047 τῆς
762 4980 962 5062 δωρεᾶς
1018 4986 1119 5049 τῆς
1176 4980 1502 5059 ἐπουρανίου,
1574 4982 1662 5037 καὶ
1729 4982 1895 5057 μετό-

238 5089 383 5149 χους
440 5068 755 5147 γενηθέντας
815 5072 1120 5145 [ινεύματος
1164 5068 1335 5147 ἁγίου,
1395 5069 1483 5125 καὶ
1524 5067 1686 5125 καλὸν
1716 5092 1904 5149 γευσα-

240 5156 439 5234 μένους
469 5163 600 5212 Θεοῦ
627 5155 796 5234 ῥῆμα,
828 5155 1070 5234 δυνάμεις
1100 5177 1159 5214 τε
1207 5154 1493 5232 μέλλοντος
1540 5159 1753 5235 αἰῶνος,
1810 5157 1902 5214 καὶ

238 5244 677 5324 παραπεσόντας,
711 5247 870 5307 πάλιν
900 5247 1246 5317 ἀνακαινίζειν
1290 5245 1362 5308 εἷς
1393 5244 1697 5321 μετάνοιαν,
1730 5246 1899 5302 ἀνασ-

238 5340 567 5414 ταυροῦντας
596 5334 809 5402 ἑαυτοῖς
839 5338 930 5392 τὸν
963 5336 1081 5392 Υἱὸν
1109 5339 1202 5392 τοῦ
1224 5333 1376 5413 Θεοῦ,
1408 5334 1497 5390 καὶ
1538 5332 1902 5413 παραδειγμα-

239 5423 515 5495 τίζοντας.

338 5532 365 5568 ι
396 5509 682 5569 Ἀδύνατον
712 5514 832 5595 γάρ.
872 5537 900 5570 »
935 5511 1044 5571 Οὐκ
1073 5510 1198 5569 εἷπε
1231 5509 1520 5590 Δυσχερὲς,
1546 5508 1665 5567 ἀλλ’
1687 5508 1906 5569 Ἀδύνα-

242 5623 369 5663 τον.
409 5626 433 5656 u
494 5603 847 5677 Γευσαμὲνους
893 5625 948 5660 τε
993 5605 1091 5668 τῆς
1147 5598 1366 5681 δωρεᾶς.
1429 5620 1464 5659 ι
1509 5603 1615 5668 Τῆς
1668 5600 1903 5681 ἀφέσεως

1346 5910 1393 5929 ...Ι

2064 4894 2189 4972 VII,
2242 4898 2381 4960 4-6.
2404 4897 2563 4960 Nam
2588 4896 2726 4976 fieri
2782 4912 2902 4957 non
2931 4900 3148 4975 potest,
3181 4901 3273 4974 ut,
3304 4894 3411 4972 qui
3442 4896 3632 4957 semet

1982 4985 2209 5061 fuerint
2231 4986 2595 5064 illuminati,
2620 4987 3128 5065 gustaverintque
3156 4984 3381 5044 donum
3405 4981 3636 5046 caleste

1983 5083 2037 5138 et
2058 5077 2385 5157 participes
2414 5075 2831 5155 fuctiﬁfuerz‘nt
2862 5074 3131 5153 Spiritus
3159 5074 3379 5149 sancti,
3417 5079 3633 5152 gusta-

1983 5165 2297 5243 verintque
2345 5164 2568 5227 bonum
2596 5162 2717 5226 Dei
2744 5162 3014 5235 verbum,
3046 5177 3118 5223 ac
3142 5160 3399 5224 virtutes
3425 5162 3635 5239 futuri

1980 5252 2210 5328 saeculi,
2270 5259 2325 5315 si
2374 5250 2802 5333 prolabuntur,
2863 5250 3059 5312 denuo
3116 5257 3484 5311 renoventur
3524 5267 3638 5330 per

1978 5344 2394 5418 paenitentiam
2430 5362 2442 5400 :
2488 5357 2738 5402 rursum
2773 5340 3190 5417 crueiﬁgentes
3238 5338 3638 5419 sibimetipsis

1980 5429 2213 5492 Filium
2243 5431 2357 5493 Dei
2386 5438 2442 5493 et
2469 5430 2733 5492 ostentui
2762 5435 3139 5509 exponentes.

2069 5542 2095 5573 α
2136 5516 2506 5600 impossibile
2537 5515 2699 5579 enim
2731 5525 2880 5580 est.»
2902 5517 3035 5580 Non
3055 5514 3204 5579 dixit
3220 5513 3636 5599 Difﬁcile,sed,

1985 5601 2381 5687 lmpossibile.
2419 5605 2946 5689 «bustaverintque
2963 5605 3210 5668 donum.
3240 5628 3262 5663 ι
3300 5604 3632 5667 Remissio-
