  <div class='ocr_page' id='page_1' title='image "/cluster/home/n/w/nwhite01/storage/ocr_20150623/119/hvd.32044073502494/175.png"; bbox 0 0 4152 6216; ppageno 0'>
   <div class='ocr_carea' id='block_1_1' title="bbox 451 314 603 401">
    <p class='ocr_par' dir='ltr' id='par_1_1' title="bbox 451 314 603 401">
     <span class='ocr_line' id='line_1_1' title="bbox 451 314 603 401; baseline 0.059 -13"><span class='ocrx_word' id='word_1_1' title='bbox 451 314 571 393; x_wconf 79' lang='lat'><strong>335</strong></span> <span class='ocrx_word' id='word_1_2' title='bbox 600 394 603 401; x_wconf 29' lang='grc'><strong><em>«</em></strong></span> 
     </span>
    </p>
   </div>
   <div class='ocr_carea' id='block_1_2' title="bbox 1565 310 2697 395">
    <p class='ocr_par' dir='ltr' id='par_1_2' title="bbox 1565 310 2697 395">
     <span class='ocr_line' id='line_1_2' title="bbox 1565 310 2697 395; baseline 0.007 -10"><span class='ocrx_word' id='word_1_3' title='bbox 1565 317 1977 393; x_wconf 66' lang='lat' dir='ltr'><strong>OEGUMENII</strong></span> <span class='ocrx_word' id='word_1_4' title='bbox 2025 311 2325 390; x_wconf 57' lang='lat' dir='ltr'><strong>TRIGCA‘t</strong></span> <span class='ocrx_word' id='word_1_5' title='bbox 2358 310 2697 395; x_wconf 65' lang='lat' dir='ltr'><strong>EPISCOPI</strong></span> 
     </span>
    </p>
   </div>
   <div class='ocr_carea' id='block_1_3' title="bbox 3706 306 3828 379">
    <p class='ocr_par' dir='ltr' id='par_1_3' title="bbox 3706 306 3828 379">
     <span class='ocr_line' id='line_1_3' title="bbox 3706 306 3828 379; baseline 0.033 -4"><span class='ocrx_word' id='word_1_6' title='bbox 3706 306 3828 379; x_wconf 77' lang='lat'><strong>336</strong></span> 
     </span>
    </p>
   </div>
   <div class='ocr_carea' id='block_1_4' title="bbox 440 444 2088 537">
    <p class='ocr_par' dir='ltr' id='par_1_4' title="bbox 440 450 2088 537">
     <span class='ocr_line' id='line_1_4' title="bbox 440 450 2088 537; baseline -0.003 -20"><span class='ocrx_word' id='word_1_7' title='bbox 440 455 535 517; x_wconf 91' lang='lat' dir='ltr'><strong>nis</strong></span> <span class='ocrx_word' id='word_1_8' title='bbox 564 462 950 537; x_wconf 80' lang='lat' dir='ltr'><strong>peccatorum</strong></span> <span class='ocrx_word' id='word_1_9' title='bbox 980 473 1110 537; x_wconf 69' lang='lat' dir='ltr'><strong>quae</strong></span> <span class='ocrx_word' id='word_1_10' title='bbox 1167 453 1231 514; x_wconf 84' lang='lat' dir='ltr'><strong>ﬁt</strong></span> <span class='ocrx_word' id='word_1_11' title='bbox 1281 453 1343 515; x_wconf 92' lang='lat' dir='ltr'><strong>in</strong></span> <span class='ocrx_word' id='word_1_12' title='bbox 1373 451 1751 534; x_wconf 76' lang='lat' dir='ltr'><strong>baptismate.</strong></span> <span class='ocrx_word' id='word_1_13' title='bbox 1786 450 2088 533; x_wconf 85' lang='lat' dir='ltr'><strong>Siquidem</strong></span> 
     </span>
    </p>
   </div>
   <div class='ocr_carea' id='block_1_5' title="bbox 2172 444 3827 537">
    <p class='ocr_par' dir='ltr' id='par_1_5' title="bbox 2177 444 3827 537">
     <span class='ocr_line' id='line_1_5' title="bbox 2177 444 3827 537; baseline -0.001 -31"><span class='ocrx_word' id='word_1_14' title='bbox 2177 453 2284 515; x_wconf 74' lang='grc' dir='ltr'>τῶν</span> <span class='ocrx_word' id='word_1_15' title='bbox 2310 449 2603 537; x_wconf 70' lang='grc' dir='ltr'>ἁμαρτιῶν,</span> <span class='ocrx_word' id='word_1_16' title='bbox 2647 453 2746 519; x_wconf 80' lang='grc' dir='ltr'>τῆς</span> <span class='ocrx_word' id='word_1_17' title='bbox 2775 448 2830 513; x_wconf 80' lang='grc' dir='ltr'>ἐν</span> <span class='ocrx_word' id='word_1_18' title='bbox 2871 449 2949 524; x_wconf 79' lang='grc' dir='ltr'><strong>τῷ</strong></span> <span class='ocrx_word' id='word_1_19' title='bbox 2989 449 3313 526; x_wconf 76' lang='grc' dir='ltr'>βαπτίσματι</span> <span class='ocrx_word' id='word_1_20' title='bbox 3348 464 3364 481; x_wconf 84' lang='grc'><em>’</em></span> <span class='ocrx_word' id='word_1_21' title='bbox 3419 447 3550 516; x_wconf 72' lang='grc' dir='ltr'>οὕτη</span> <span class='ocrx_word' id='word_1_22' title='bbox 3578 448 3679 528; x_wconf 75' lang='grc' dir='ltr'>γὰρ</span> <span class='ocrx_word' id='word_1_23' title='bbox 3707 444 3827 537; x_wconf 64' lang='grc' dir='ltr'><strong>δω-</strong></span> 
     </span>
    </p>
   </div>
   <div class='ocr_carea' id='block_1_6' title="bbox 454 541 2095 622">
    <p class='ocr_par' dir='ltr' id='par_1_6' title="bbox 454 541 2095 622">
     <span class='ocr_line' id='line_1_6' title="bbox 454 541 2095 622; baseline -0.007 -16"><span class='ocrx_word' id='word_1_24' title='bbox 454 544 568 606; x_wconf 89' lang='lat' dir='ltr'><strong>boc</strong></span> <span class='ocrx_word' id='word_1_25' title='bbox 598 544 818 606; x_wconf 88' lang='lat' dir='ltr'><strong>donum</strong></span> <span class='ocrx_word' id='word_1_26' title='bbox 852 544 1093 609; x_wconf 86' lang='lat' dir='ltr'><strong>coeleste</strong></span> <span class='ocrx_word' id='word_1_27' title='bbox 1124 551 1236 605; x_wconf 90' lang='lat' dir='ltr'><strong>est.</strong></span> <span class='ocrx_word' id='word_1_28' title='bbox 1279 563 1301 598; x_wconf 74' lang='grc' dir='ltr'><strong><em>α</em></strong></span> <span class='ocrx_word' id='word_1_29' title='bbox 1339 545 1410 609; x_wconf 88' lang='lat' dir='ltr'><strong>Et</strong></span> <span class='ocrx_word' id='word_1_30' title='bbox 1442 541 1763 622; x_wconf 80' lang='lat' dir='ltr'><strong>participes</strong></span> <span class='ocrx_word' id='word_1_31' title='bbox 1800 541 1933 609; x_wconf 77' lang='lat' dir='ltr'><strong>facti</strong></span> <span class='ocrx_word' id='word_1_32' title='bbox 1964 541 2095 606; x_wconf 55' lang='lat' dir='ltr'><strong>fue.</strong></span> 
     </span>
    </p>
   </div>
   <div class='ocr_carea' id='block_1_7' title="bbox 443 629 2092 713">
    <p class='ocr_par' dir='ltr' id='par_1_7' title="bbox 443 629 2092 713">
     <span class='ocr_line' id='line_1_7' title="bbox 443 629 2092 713; baseline -0.002 -20"><span class='ocrx_word' id='word_1_33' title='bbox 443 630 838 713; x_wconf 86' lang='lat' dir='ltr'><strong>rintSpiritus</strong></span> <span class='ocrx_word' id='word_1_34' title='bbox 863 631 1073 693; x_wconf 79' lang='lat' dir='ltr'><strong>sancti.</strong></span> <span class='ocrx_word' id='word_1_35' title='bbox 1109 656 1134 687; x_wconf 76' lang='grc' dir='ltr'>ιο</span> <span class='ocrx_word' id='word_1_36' title='bbox 1172 629 1285 692; x_wconf 89' lang='lat' dir='ltr'><strong>Per</strong></span> <span class='ocrx_word' id='word_1_37' title='bbox 1310 648 1590 693; x_wconf 89' lang='lat' dir='ltr'><strong>manuum</strong></span> <span class='ocrx_word' id='word_1_38' title='bbox 1624 630 2092 710; x_wconf 87' lang='lat' dir='ltr'><strong>impositionem,</strong></span> 
     </span>
    </p>
   </div>
   <div class='ocr_carea' id='block_1_8' title="bbox 446 717 2096 801">
    <p class='ocr_par' dir='ltr' id='par_1_8' title="bbox 446 717 2096 801">
     <span class='ocr_line' id='line_1_8' title="bbox 446 717 2096 801; baseline -0.002 -19"><span class='ocrx_word' id='word_1_39' title='bbox 446 722 599 783; x_wconf 85' lang='lat' dir='ltr'><strong>sicut</strong></span> <span class='ocrx_word' id='word_1_40' title='bbox 618 721 763 784; x_wconf 85' lang='lat' dir='ltr'><strong>dixit</strong></span> <span class='ocrx_word' id='word_1_41' title='bbox 790 719 1088 801; x_wconf 81' lang='lat' dir='ltr'><strong>superius.</strong></span> <span class='ocrx_word' id='word_1_42' title='bbox 1131 740 1154 777; x_wconf 73' lang='grc' dir='ltr'>(ι</span> <span class='ocrx_word' id='word_1_43' title='bbox 1203 718 1701 799; x_wconf 87' lang='lat' dir='ltr'><strong>Gustaverintque</strong></span> <span class='ocrx_word' id='word_1_44' title='bbox 1735 718 1957 783; x_wconf 87' lang='lat' dir='ltr'><strong>bonum</strong></span> <span class='ocrx_word' id='word_1_45' title='bbox 1987 717 2096 780; x_wconf 90' lang='lat' dir='ltr'><strong>Dei</strong></span> 
     </span>
    </p>
   </div>
   <div class='ocr_carea' id='block_1_9' title="bbox 444 807 2097 890">
    <p class='ocr_par' dir='ltr' id='par_1_9' title="bbox 444 807 2097 890">
     <span class='ocr_line' id='line_1_9' title="bbox 444 807 2097 890; baseline -0.002 -20"><span class='ocrx_word' id='word_1_46' title='bbox 444 810 710 872; x_wconf 84' lang='lat' dir='ltr'><strong>verbum.</strong></span> <span class='ocrx_word' id='word_1_47' title='bbox 753 834 779 866; x_wconf 70' lang='grc' dir='ltr'><strong><em>ι</em></strong></span> <span class='ocrx_word' id='word_1_48' title='bbox 816 807 1157 871; x_wconf 87' lang='lat' dir='ltr'><strong>Doctrinam</strong></span> <span class='ocrx_word' id='word_1_49' title='bbox 1190 808 1267 876; x_wconf 86' lang='lat' dir='ltr'><strong>de</strong></span> <span class='ocrx_word' id='word_1_50' title='bbox 1296 807 1528 881; x_wconf 82' lang='lat' dir='ltr'><strong>Christo</strong></span> <span class='ocrx_word' id='word_1_51' title='bbox 1594 833 1620 867; x_wconf 76' lang='grc' dir='ltr'><strong>α</strong></span> <span class='ocrx_word' id='word_1_52' title='bbox 1659 808 1745 870; x_wconf 89' lang='lat' dir='ltr'><strong>Ac</strong></span> <span class='ocrx_word' id='word_1_53' title='bbox 1776 815 2097 890; x_wconf 70' lang='lat' dir='ltr'><strong>potestates</strong></span> 
     </span>
    </p>
   </div>
   <div class='ocr_carea' id='block_1_10' title="bbox 444 895 2095 971">
    <p class='ocr_par' dir='ltr' id='par_1_10' title="bbox 444 895 2095 971">
     <span class='ocr_line' id='line_1_10' title="bbox 444 895 2095 971; baseline -0.001 -12"><span class='ocrx_word' id='word_1_54' title='bbox 444 897 627 960; x_wconf 78' lang='lat' dir='ltr'><strong>futuri</strong></span> <span class='ocrx_word' id='word_1_55' title='bbox 679 897 901 963; x_wconf 78' lang='lat' dir='ltr'><strong>saeculi.</strong></span> <span class='ocrx_word' id='word_1_56' title='bbox 941 921 967 957; x_wconf 79' lang='lat'><strong><em>»</em></strong></span> <span class='ocrx_word' id='word_1_57' title='bbox 1001 895 1171 968; x_wconf 84' lang='lat' dir='ltr'><strong>Quod</strong></span> <span class='ocrx_word' id='word_1_58' title='bbox 1205 915 1413 961; x_wconf 87' lang='lat' dir='ltr'><strong>omnes</strong></span> <span class='ocrx_word' id='word_1_59' title='bbox 1453 897 1741 965; x_wconf 86' lang='lat' dir='ltr'><strong>rationem</strong></span> <span class='ocrx_word' id='word_1_60' title='bbox 1774 896 2095 971; x_wconf 85' lang='lat' dir='ltr'><strong>reddemus</strong></span> 
     </span>
    </p>
   </div>
   <div class='ocr_carea' id='block_1_11' title="bbox 442 985 2093 1068">
    <p class='ocr_par' dir='ltr' id='par_1_11' title="bbox 442 985 2093 1068">
     <span class='ocr_line' id='line_1_11' title="bbox 442 985 2093 1068; baseline -0.001 -20"><span class='ocrx_word' id='word_1_61' title='bbox 442 1005 646 1049; x_wconf 91' lang='lat' dir='ltr'><strong>eorum</strong></span> <span class='ocrx_word' id='word_1_62' title='bbox 672 1004 805 1068; x_wconf 76' lang='lat' dir='ltr'><strong>quae</strong></span> <span class='ocrx_word' id='word_1_63' title='bbox 827 985 1054 1065; x_wconf 82' lang='lat' dir='ltr'><strong>egimus</strong></span> <span class='ocrx_word' id='word_1_64' title='bbox 1080 1004 1094 1048; x_wconf 92' lang='lat'>:</span> <span class='ocrx_word' id='word_1_65' title='bbox 1122 986 1398 1067; x_wconf 87' lang='lat' dir='ltr'><strong>quodque</strong></span> <span class='ocrx_word' id='word_1_66' title='bbox 1423 994 1546 1047; x_wconf 91' lang='lat' dir='ltr'><strong>tum</strong></span> <span class='ocrx_word' id='word_1_67' title='bbox 1576 985 1932 1067; x_wconf 86' lang='lat' dir='ltr'><strong>supplicium</strong></span> <span class='ocrx_word' id='word_1_68' title='bbox 1968 992 2093 1047; x_wconf 91' lang='lat' dir='ltr'><strong>tum</strong></span> 
     </span>
    </p>
   </div>
   <div class='ocr_carea' id='block_1_12' title="bbox 440 1074 2089 1157">
    <p class='ocr_par' dir='ltr' id='par_1_12' title="bbox 440 1074 2089 1157">
     <span class='ocr_line' id='line_1_12' title="bbox 440 1074 2089 1157; baseline -0.002 -19"><span class='ocrx_word' id='word_1_69' title='bbox 440 1075 680 1157; x_wconf 82' lang='lat' dir='ltr'><strong>requies</strong></span> <span class='ocrx_word' id='word_1_70' title='bbox 709 1075 840 1145; x_wconf 86' lang='lat' dir='ltr'><strong>sine</strong></span> <span class='ocrx_word' id='word_1_71' title='bbox 870 1074 984 1139; x_wconf 83' lang='lat' dir='ltr'><strong>ﬁne</strong></span> <span class='ocrx_word' id='word_1_72' title='bbox 1015 1074 1267 1147; x_wconf 87' lang='lat' dir='ltr'><strong>durabit.</strong></span> <span class='ocrx_word' id='word_1_73' title='bbox 1302 1074 1448 1137; x_wconf 88' lang='lat' dir='ltr'><strong>Nam</strong></span> <span class='ocrx_word' id='word_1_74' title='bbox 1497 1074 1619 1137; x_wconf 67' lang='lat' dir='ltr'><strong>haec</strong></span> <span class='ocrx_word' id='word_1_75' title='bbox 1644 1084 1782 1136; x_wconf 91' lang='lat' dir='ltr'><strong>sunt</strong></span> <span class='ocrx_word' id='word_1_76' title='bbox 1808 1081 2089 1156; x_wconf 85' lang='lat' dir='ltr'><strong>potestas,</strong></span> 
     </span>
    </p>
   </div>
   <div class='ocr_carea' id='block_1_13' title="bbox 446 1162 2091 1244">
    <p class='ocr_par' dir='ltr' id='par_1_13' title="bbox 446 1162 2091 1244">
     <span class='ocr_line' id='line_1_13' title="bbox 446 1162 2091 1244; baseline -0.002 -17"><span class='ocrx_word' id='word_1_77' title='bbox 446 1174 503 1227; x_wconf 92' lang='lat' dir='ltr'><strong>et</strong></span> <span class='ocrx_word' id='word_1_78' title='bbox 526 1165 587 1226; x_wconf 93' lang='lat' dir='ltr'><strong>in</strong></span> <span class='ocrx_word' id='word_1_79' title='bbox 609 1164 702 1226; x_wconf 91' lang='lat' dir='ltr'><strong>his</strong></span> <span class='ocrx_word' id='word_1_80' title='bbox 719 1170 808 1226; x_wconf 89' lang='lat' dir='ltr'><strong>est</strong></span> <span class='ocrx_word' id='word_1_81' title='bbox 829 1171 1083 1244; x_wconf 73' lang='lat' dir='ltr'><strong>potestas</strong></span> <span class='ocrx_word' id='word_1_82' title='bbox 1104 1162 1287 1226; x_wconf 84' lang='lat' dir='ltr'><strong>futuri</strong></span> <span class='ocrx_word' id='word_1_83' title='bbox 1310 1163 1533 1229; x_wconf 66' lang='lat' dir='ltr'><strong>saeculi.</strong></span> <span class='ocrx_word' id='word_1_84' title='bbox 1560 1168 1675 1227; x_wconf 83' lang='lat' dir='ltr'><strong>Aut</strong></span> <span class='ocrx_word' id='word_1_85' title='bbox 1694 1162 2091 1224; x_wconf 87' lang='lat' dir='ltr'><strong>arrhabonem</strong></span> 
     </span>
    </p>
   </div>
   <div class='ocr_carea' id='block_1_14' title="bbox 447 1251 2091 1329">
    <p class='ocr_par' dir='ltr' id='par_1_14' title="bbox 447 1251 2091 1329">
     <span class='ocr_line' id='line_1_14' title="bbox 447 1251 2091 1329; baseline -0.001 -13"><span class='ocrx_word' id='word_1_86' title='bbox 447 1254 630 1317; x_wconf 84' lang='lat' dir='ltr'><strong>futuri</strong></span> <span class='ocrx_word' id='word_1_87' title='bbox 661 1252 882 1329; x_wconf 62' lang='lat' dir='ltr'><strong>saeculi,</strong></span> <span class='ocrx_word' id='word_1_88' title='bbox 918 1253 1032 1314; x_wconf 88' lang='lat' dir='ltr'><strong>hoc</strong></span> <span class='ocrx_word' id='word_1_89' title='bbox 1049 1260 1162 1328; x_wconf 87' lang='lat' dir='ltr'><strong>est,</strong></span> <span class='ocrx_word' id='word_1_90' title='bbox 1191 1253 1371 1315; x_wconf 85' lang='lat' dir='ltr'><strong>ﬁdem</strong></span> <span class='ocrx_word' id='word_1_91' title='bbox 1392 1253 1454 1313; x_wconf 91' lang='lat' dir='ltr'><strong>in</strong></span> <span class='ocrx_word' id='word_1_92' title='bbox 1477 1252 1801 1315; x_wconf 85' lang='lat' dir='ltr'><strong>Christum.</strong></span> <span class='ocrx_word' id='word_1_93' title='bbox 1832 1286 1912 1297; x_wconf 95' lang='lat'><strong>—</strong></span> <span class='ocrx_word' id='word_1_94' title='bbox 1946 1271 1974 1308; x_wconf 73' lang='grc' dir='ltr'>οι</span> <span class='ocrx_word' id='word_1_95' title='bbox 2007 1251 2091 1313; x_wconf 88' lang='lat' dir='ltr'><strong>Ac</strong></span> 
     </span>
    </p>
   </div>
   <div class='ocr_carea' id='block_1_15' title="bbox 445 1340 2092 1426">
    <p class='ocr_par' dir='ltr' id='par_1_15' title="bbox 445 1340 2092 1426">
     <span class='ocr_line' id='line_1_15' title="bbox 445 1340 2092 1426; baseline -0.003 -20"><span class='ocrx_word' id='word_1_96' title='bbox 445 1351 773 1426; x_wconf 86' lang='lat' dir='ltr'><strong>potestates</strong></span> <span class='ocrx_word' id='word_1_97' title='bbox 801 1341 981 1413; x_wconf 81' lang='lat' dir='ltr'><strong>futuri</strong></span> <span class='ocrx_word' id='word_1_98' title='bbox 1014 1341 1239 1404; x_wconf 71' lang='lat' dir='ltr'><strong>saeculi.</strong></span> <span class='ocrx_word' id='word_1_99' title='bbox 1279 1364 1301 1400; x_wconf 70' lang='grc' dir='ltr'><em>υ</em></span> <span class='ocrx_word' id='word_1_100' title='bbox 1344 1344 1469 1407; x_wconf 87' lang='lat' dir='ltr'><strong>Hoc</strong></span> <span class='ocrx_word' id='word_1_101' title='bbox 1500 1349 1608 1415; x_wconf 90' lang='lat' dir='ltr'><strong>est,</strong></span> <span class='ocrx_word' id='word_1_102' title='bbox 1644 1340 1742 1421; x_wconf 91' lang='lat' dir='ltr'><strong>qui</strong></span> <span class='ocrx_word' id='word_1_103' title='bbox 1773 1340 2092 1402; x_wconf 90' lang='lat' dir='ltr'><strong>didicerint</strong></span> 
     </span>
    </p>
   </div>
   <div class='ocr_carea' id='block_1_16' title="bbox 2180 536 3823 618">
    <p class='ocr_par' dir='ltr' id='par_1_16' title="bbox 2180 536 3823 618">
     <span class='ocr_line' id='line_1_16' title="bbox 2180 536 3823 618; baseline -0.005 -19"><span class='ocrx_word' id='word_1_104' title='bbox 2180 538 2271 617; x_wconf 80' lang='grc' dir='ltr'>ρεὰ</span> <span class='ocrx_word' id='word_1_105' title='bbox 2321 536 2648 618; x_wconf 78' lang='grc' dir='ltr'>ἐπουράνιος.</span> <span class='ocrx_word' id='word_1_106' title='bbox 2712 561 2736 607; x_wconf 63' lang='grc' dir='ltr'><strong>ς</strong></span> <span class='ocrx_word' id='word_1_107' title='bbox 2795 539 2894 599; x_wconf 73' lang='grc' dir='ltr'>Καὶ</span> <span class='ocrx_word' id='word_1_108' title='bbox 2961 537 3225 618; x_wconf 77' lang='grc' dir='ltr'>μετόχους</span> <span class='ocrx_word' id='word_1_109' title='bbox 3282 537 3594 616; x_wconf 67' lang='grc' dir='ltr'><strong>γενηθέντας</strong></span> <span class='ocrx_word' id='word_1_110' title='bbox 3651 536 3823 592; x_wconf 78' lang='grc' dir='ltr'>Πνεύ-</span> 
     </span>
    </p>
   </div>
   <div class='ocr_carea' id='block_1_17' title="bbox 2180 623 3824 707">
    <p class='ocr_par' dir='ltr' id='par_1_17' title="bbox 2180 623 3824 707">
     <span class='ocr_line' id='line_1_17' title="bbox 2180 623 3824 707; baseline -0.001 -25"><span class='ocrx_word' id='word_1_111' title='bbox 2180 648 2343 703; x_wconf 78' lang='grc' dir='ltr'>ματος</span> <span class='ocrx_word' id='word_1_112' title='bbox 2375 626 2541 706; x_wconf 82' lang='grc' dir='ltr'>ἁγίου.</span> <span class='ocrx_word' id='word_1_113' title='bbox 2589 646 2620 686; x_wconf 70' lang='grc' dir='ltr'><strong><em>ι</em></strong></span> <span class='ocrx_word' id='word_1_114' title='bbox 2684 632 2763 703; x_wconf 73' lang='grc' dir='ltr'><strong>Τῇ</strong></span> <span class='ocrx_word' id='word_1_115' title='bbox 2814 626 3040 683; x_wconf 80' lang='grc' dir='ltr'>ἐπιθέσει</span> <span class='ocrx_word' id='word_1_116' title='bbox 3082 627 3189 684; x_wconf 78' lang='grc' dir='ltr'><strong>τῶν</strong></span> <span class='ocrx_word' id='word_1_117' title='bbox 3243 633 3469 707; x_wconf 82' lang='grc' dir='ltr'>χειρῶν,</span> <span class='ocrx_word' id='word_1_118' title='bbox 3512 626 3685 690; x_wconf 83' lang='grc' dir='ltr'>καθὼς</span> <span class='ocrx_word' id='word_1_119' title='bbox 3715 623 3824 680; x_wconf 76' lang='grc' dir='ltr'><strong>ἄνω</strong></span> 
     </span>
    </p>
   </div>
   <div class='ocr_carea' id='block_1_18' title="bbox 2177 711 3823 794">
    <p class='ocr_par' dir='ltr' id='par_1_18' title="bbox 2177 711 3823 794">
     <span class='ocr_line' id='line_1_18' title="bbox 2177 711 3823 794; baseline 0 -24"><span class='ocrx_word' id='word_1_120' title='bbox 2177 714 2327 794; x_wconf 79' lang='grc' dir='ltr'>φησί,</span> <span class='ocrx_word' id='word_1_121' title='bbox 2382 738 2405 771; x_wconf 76' lang='grc' dir='ltr'>ι</span> <span class='ocrx_word' id='word_1_122' title='bbox 2455 716 2553 777; x_wconf 84' lang='grc' dir='ltr'>Καὶ</span> <span class='ocrx_word' id='word_1_123' title='bbox 2593 716 2755 772; x_wconf 83' lang='grc' dir='ltr'>καλὸν</span> <span class='ocrx_word' id='word_1_124' title='bbox 2811 713 3162 792; x_wconf 77' lang='grc' dir='ltr'><strong>γευσαμένους</strong></span> <span class='ocrx_word' id='word_1_125' title='bbox 3219 721 3350 772; x_wconf 81' lang='grc' dir='ltr'>Θεοῦ</span> <span class='ocrx_word' id='word_1_126' title='bbox 3405 714 3571 793; x_wconf 77' lang='grc' dir='ltr'>ῥῆμα.</span> <span class='ocrx_word' id='word_1_127' title='bbox 3623 736 3650 770; x_wconf 69' lang='grc' dir='ltr'><strong><em>ι</em></strong></span> <span class='ocrx_word' id='word_1_128' title='bbox 3712 711 3823 779; x_wconf 80' lang='grc' dir='ltr'><strong>Τὴν</strong></span> 
     </span>
    </p>
   </div>
   <div class='ocr_carea' id='block_1_19' title="bbox 2176 800 3822 882">
    <p class='ocr_par' dir='ltr' id='par_1_19' title="bbox 2176 800 3822 882">
     <span class='ocr_line' id='line_1_19' title="bbox 2176 800 3822 882; baseline -0.001 -24"><span class='ocrx_word' id='word_1_129' title='bbox 2176 805 2296 881; x_wconf 86' lang='grc' dir='ltr'>περὶ</span> <span class='ocrx_word' id='word_1_130' title='bbox 2323 810 2413 860; x_wconf 80' lang='grc' dir='ltr'>νοῦ</span> <span class='ocrx_word' id='word_1_131' title='bbox 2442 809 2667 882; x_wconf 75' lang='grc' dir='ltr'>Χριστοῦ</span> <span class='ocrx_word' id='word_1_132' title='bbox 2694 800 3049 863; x_wconf 80' lang='grc' dir='ltr'>διδασκαλίαν.</span> <span class='ocrx_word' id='word_1_133' title='bbox 3091 826 3118 858; x_wconf 76' lang='grc' dir='ltr'><strong>(ί</strong></span> <span class='ocrx_word' id='word_1_134' title='bbox 3178 804 3434 879; x_wconf 76' lang='grc' dir='ltr'><strong>Δυνάμεις</strong></span> <span class='ocrx_word' id='word_1_135' title='bbox 3478 825 3534 860; x_wconf 91' lang='grc' dir='ltr'><strong>τε</strong></span> <span class='ocrx_word' id='word_1_136' title='bbox 3589 800 3822 879; x_wconf 86' lang='grc' dir='ltr'>μέλλον-</span> 
     </span>
    </p>
   </div>
   <div class='ocr_carea' id='block_1_20' title="bbox 2175 880 3822 971">
    <p class='ocr_par' dir='ltr' id='par_1_20' title="bbox 2175 880 3822 971">
     <span class='ocr_line' id='line_1_20' title="bbox 2175 880 3822 971; baseline -0.001 -25"><span class='ocrx_word' id='word_1_137' title='bbox 2175 880 2265 971; x_wconf 80' lang='grc' dir='ltr'><strong>τος</strong></span> <span class='ocrx_word' id='word_1_138' title='bbox 2293 880 2503 955; x_wconf 58' lang='grc' dir='ltr'>αἷῶνοςξ</span> <span class='ocrx_word' id='word_1_139' title='bbox 2539 880 2670 949; x_wconf 56' lang='grc' dir='ltr'><strong>ζὈτι</strong></span> <span class='ocrx_word' id='word_1_140' title='bbox 2700 891 2895 955; x_wconf 62' lang='grc' dir='ltr'>πάντες</span> <span class='ocrx_word' id='word_1_141' title='bbox 2925 888 3164 968; x_wconf 81' lang='grc' dir='ltr'>δώσομεν</span> <span class='ocrx_word' id='word_1_142' title='bbox 3200 890 3376 970; x_wconf 84' lang='grc' dir='ltr'>λόγων</span> <span class='ocrx_word' id='word_1_143' title='bbox 3418 897 3523 948; x_wconf 86' lang='grc' dir='ltr'><strong>τῶν</strong></span> <span class='ocrx_word' id='word_1_144' title='bbox 3553 887 3822 967; x_wconf 78' lang='grc' dir='ltr'>βεϐιωμέ-</span> 
     </span>
    </p>
   </div>
   <div class='ocr_carea' id='block_1_21' title="bbox 2175 978 3821 1057">
    <p class='ocr_par' dir='ltr' id='par_1_21' title="bbox 2175 978 3821 1057">
     <span class='ocr_line' id='line_1_21' title="bbox 2175 978 3821 1057; baseline -0.001 -22"><span class='ocrx_word' id='word_1_145' title='bbox 2175 1003 2303 1057; x_wconf 71' lang='grc' dir='ltr'>νων,</span> <span class='ocrx_word' id='word_1_146' title='bbox 2334 983 2420 1039; x_wconf 87' lang='grc' dir='ltr'>καὶ</span> <span class='ocrx_word' id='word_1_147' title='bbox 2449 980 2529 1038; x_wconf 82' lang='grc' dir='ltr'><strong>ὅτι</strong></span> <span class='ocrx_word' id='word_1_148' title='bbox 2563 979 2594 1048; x_wconf 67' lang='grc' dir='ltr'>ἥ</span> <span class='ocrx_word' id='word_1_149' title='bbox 2621 1002 2681 1038; x_wconf 85' lang='grc' dir='ltr'><strong>τε</strong></span> <span class='ocrx_word' id='word_1_150' title='bbox 2708 979 2933 1045; x_wconf 87' lang='grc' dir='ltr'>κόλασις</span> <span class='ocrx_word' id='word_1_151' title='bbox 2961 983 3050 1038; x_wconf 84' lang='grc' dir='ltr'>καὶ</span> <span class='ocrx_word' id='word_1_152' title='bbox 3076 983 3111 1050; x_wconf 84' lang='grc' dir='ltr'><strong>ἡ</strong></span> <span class='ocrx_word' id='word_1_153' title='bbox 3135 981 3424 1045; x_wconf 78' lang='grc' dir='ltr'>ἀνάπαυσις</span> <span class='ocrx_word' id='word_1_154' title='bbox 3448 978 3821 1046; x_wconf 83' lang='grc' dir='ltr'>ἀτελεύτητος.</span> 
     </span>
    </p>
   </div>
   <div class='ocr_carea' id='block_1_22' title="bbox 2175 1066 3819 1150">
    <p class='ocr_par' dir='ltr' id='par_1_22' title="bbox 2175 1066 3819 1150">
     <span class='ocr_line' id='line_1_22' title="bbox 2175 1066 3819 1150; baseline -0.004 -22"><span class='ocrx_word' id='word_1_155' title='bbox 2175 1077 2349 1128; x_wconf 79' lang='grc' dir='ltr'>Ταῦτα</span> <span class='ocrx_word' id='word_1_156' title='bbox 2378 1072 2476 1150; x_wconf 72' lang='grc' dir='ltr'>γὰρ</span> <span class='ocrx_word' id='word_1_157' title='bbox 2520 1071 2607 1127; x_wconf 84' lang='grc' dir='ltr'><strong>καὶ</strong></span> <span class='ocrx_word' id='word_1_158' title='bbox 2654 1069 2707 1126; x_wconf 78' lang='grc' dir='ltr'>ἐν</span> <span class='ocrx_word' id='word_1_159' title='bbox 2748 1072 2951 1137; x_wconf 82' lang='grc' dir='ltr'><strong>τούτοις</strong></span> <span class='ocrx_word' id='word_1_160' title='bbox 3022 1071 3057 1139; x_wconf 76' lang='grc' dir='ltr'>ἡ</span> <span class='ocrx_word' id='word_1_161' title='bbox 3113 1068 3328 1146; x_wconf 80' lang='grc' dir='ltr'>δύναμις</span> <span class='ocrx_word' id='word_1_162' title='bbox 3383 1078 3477 1129; x_wconf 77' lang='grc' dir='ltr'>τοῦ</span> <span class='ocrx_word' id='word_1_163' title='bbox 3531 1066 3819 1143; x_wconf 84' lang='grc' dir='ltr'>μέλλοντος</span> 
     </span>
    </p>
   </div>
   <div class='ocr_carea' id='block_1_23' title="bbox 2174 1157 3816 1238">
    <p class='ocr_par' dir='ltr' id='par_1_23' title="bbox 2174 1157 3816 1238">
     <span class='ocr_line' id='line_1_23' title="bbox 2174 1157 3816 1238; baseline -0.001 -24"><span class='ocrx_word' id='word_1_164' title='bbox 2174 1160 2383 1224; x_wconf 79' lang='grc' dir='ltr'>αἰῶνος.</span> <span class='ocrx_word' id='word_1_165' title='bbox 2449 1167 2493 1217; x_wconf 82' lang='grc' dir='ltr'><strong><em>Η</em></strong></span> <span class='ocrx_word' id='word_1_166' title='bbox 2523 1158 2604 1217; x_wconf 75' lang='grc' dir='ltr'><strong>ὅτι</strong></span> <span class='ocrx_word' id='word_1_167' title='bbox 2644 1161 2736 1216; x_wconf 79' lang='grc' dir='ltr'>τὸν</span> <span class='ocrx_word' id='word_1_168' title='bbox 2777 1157 3050 1238; x_wconf 72' lang='grc' dir='ltr'>ἀρραϐῶνα</span> <span class='ocrx_word' id='word_1_169' title='bbox 3106 1169 3197 1220; x_wconf 81' lang='grc' dir='ltr'>τοῦ</span> <span class='ocrx_word' id='word_1_170' title='bbox 3251 1157 3539 1236; x_wconf 80' lang='grc' dir='ltr'>μελλόντος</span> <span class='ocrx_word' id='word_1_171' title='bbox 3600 1159 3816 1237; x_wconf 78' lang='grc' dir='ltr'>αἰῶνος,</span> 
     </span>
    </p>
   </div>
   <div class='ocr_carea' id='block_1_24' title="bbox 2170 1249 3820 1329">
    <p class='ocr_par' dir='ltr' id='par_1_24' title="bbox 2170 1249 3820 1329">
     <span class='ocr_line' id='line_1_24' title="bbox 2170 1249 3820 1329; baseline -0.002 -25"><span class='ocrx_word' id='word_1_172' title='bbox 2170 1249 2429 1325; x_wconf 75' lang='grc' dir='ltr'><strong>τουτέστι,</strong></span> <span class='ocrx_word' id='word_1_173' title='bbox 2462 1250 2560 1317; x_wconf 74' lang='grc' dir='ltr'><strong>τὴν</strong></span> <span class='ocrx_word' id='word_1_174' title='bbox 2605 1251 2678 1313; x_wconf 76' lang='grc' dir='ltr'><strong>εἰς</strong></span> <span class='ocrx_word' id='word_1_175' title='bbox 2708 1251 2928 1329; x_wconf 81' lang='grc' dir='ltr'>Χριστὸν</span> <span class='ocrx_word' id='word_1_176' title='bbox 2959 1252 3155 1309; x_wconf 87' lang='grc' dir='ltr'>πίστιν.</span> <span class='ocrx_word' id='word_1_177' title='bbox 3219 1283 3294 1295; x_wconf 94' lang='lat'><strong>—</strong></span> <span class='ocrx_word' id='word_1_178' title='bbox 3352 1272 3380 1313; x_wconf 67' lang='grc' dir='ltr'><strong>α</strong></span> <span class='ocrx_word' id='word_1_179' title='bbox 3445 1249 3702 1323; x_wconf 80' lang='grc' dir='ltr'>Δυνάμεις</span> <span class='ocrx_word' id='word_1_180' title='bbox 3761 1267 3820 1302; x_wconf 89' lang='grc' dir='ltr'><strong>τε</strong></span> 
     </span>
    </p>
   </div>
   <div class='ocr_carea' id='block_1_25' title="bbox 2172 1334 3818 1416">
    <p class='ocr_par' dir='ltr' id='par_1_25' title="bbox 2172 1334 3818 1416">
     <span class='ocr_line' id='line_1_25' title="bbox 2172 1334 3818 1416; baseline -0.002 -23"><span class='ocrx_word' id='word_1_181' title='bbox 2172 1336 2457 1412; x_wconf 83' lang='grc' dir='ltr'>μέλλοντος</span> <span class='ocrx_word' id='word_1_182' title='bbox 2488 1340 2699 1401; x_wconf 80' lang='grc' dir='ltr'>αἰῶνος.</span> <span class='ocrx_word' id='word_1_183' title='bbox 2739 1361 2762 1395; x_wconf 79' lang='grc' dir='ltr'><strong>ε</strong></span> <span class='ocrx_word' id='word_1_184' title='bbox 2813 1336 3030 1416; x_wconf 52' lang='grc' dir='ltr'><strong>[Φεὶΐλ</strong></span> <span class='ocrx_word' id='word_1_185' title='bbox 3088 1337 3231 1395; x_wconf 80' lang='grc' dir='ltr'>Ἀντὶ</span> <span class='ocrx_word' id='word_1_186' title='bbox 3275 1345 3390 1410; x_wconf 77' lang='grc' dir='ltr'>τοῦ,</span> <span class='ocrx_word' id='word_1_187' title='bbox 3436 1338 3469 1393; x_wconf 81' lang='grc' dir='ltr'>ἃ</span> <span class='ocrx_word' id='word_1_188' title='bbox 3522 1334 3731 1394; x_wconf 81' lang='grc' dir='ltr'>δύναται</span> <span class='ocrx_word' id='word_1_189' title='bbox 3789 1336 3818 1390; x_wconf 83' lang='grc' dir='ltr'>ὁ</span> 
     </span>
    </p>
   </div>
   <div class='ocr_carea' id='block_1_26' title="bbox 441 1424 2088 1514">
    <p class='ocr_par' dir='ltr' id='par_1_26' title="bbox 441 1424 2087 1514">
     <span class='ocr_line' id='line_1_26' title="bbox 441 1424 2087 1514; baseline -0.002 -20"><span class='ocrx_word' id='word_1_190' title='bbox 441 1424 574 1514; x_wconf 74' lang='lat' dir='ltr'><strong>quae</strong></span> <span class='ocrx_word' id='word_1_191' title='bbox 602 1430 791 1512; x_wconf 89' lang='lat' dir='ltr'><strong>possit</strong></span> <span class='ocrx_word' id='word_1_192' title='bbox 848 1430 1107 1490; x_wconf 90' lang='lat' dir='ltr'><strong>futurum</strong></span> <span class='ocrx_word' id='word_1_193' title='bbox 1162 1430 1443 1514; x_wconf 74' lang='lat' dir='ltr'><strong>saeculum</strong></span> <span class='ocrx_word' id='word_1_194' title='bbox 1483 1451 1496 1489; x_wconf 90' lang='lat'><strong>:</strong></span> <span class='ocrx_word' id='word_1_195' title='bbox 1531 1449 1563 1490; x_wconf 91' lang='lat' dir='ltr'><strong>a</strong></span> <span class='ocrx_word' id='word_1_196' title='bbox 1593 1430 1893 1491; x_wconf 90' lang='lat' dir='ltr'><strong>communi</strong></span> <span class='ocrx_word' id='word_1_197' title='bbox 1928 1430 2087 1491; x_wconf 92' lang='lat' dir='ltr'><strong>enim</strong></span> 
     </span>
    </p>
   </div>
   <div class='ocr_carea' id='block_1_27' title="bbox 2172 1424 3815 1514">
    <p class='ocr_par' dir='ltr' id='par_1_27' title="bbox 2172 1424 3815 1507">
     <span class='ocr_line' id='line_1_27' title="bbox 2172 1424 3815 1507; baseline -0.001 -25"><span class='ocrx_word' id='word_1_198' title='bbox 2172 1424 2379 1501; x_wconf 81' lang='grc' dir='ltr'>μέλλων</span> <span class='ocrx_word' id='word_1_199' title='bbox 2430 1428 2555 1484; x_wconf 70' lang='grc' dir='ltr'>αἰὼν</span> <span class='ocrx_word' id='word_1_200' title='bbox 2603 1427 2948 1503; x_wconf 80' lang='grc' dir='ltr'>ἐκμαθόντας.</span> <span class='ocrx_word' id='word_1_201' title='bbox 2994 1429 3065 1486; x_wconf 76' lang='grc' dir='ltr'><strong>Τὸ</strong></span> <span class='ocrx_word' id='word_1_202' title='bbox 3123 1428 3223 1507; x_wconf 83' lang='grc' dir='ltr'>γὰρ</span> <span class='ocrx_word' id='word_1_203' title='bbox 3277 1426 3651 1506; x_wconf 67' lang='grc' dir='ltr'><strong>γευσαμένους,</strong></span> <span class='ocrx_word' id='word_1_204' title='bbox 3708 1424 3815 1480; x_wconf 78' lang='grc' dir='ltr'><strong>ἀπὸ</strong></span> 
     </span>
    </p>
   </div>
   <div class='ocr_carea' id='block_1_28' title="bbox 440 1512 2088 1600">
    <p class='ocr_par' dir='ltr' id='par_1_28' title="bbox 440 1512 2088 1600">
     <span class='ocr_line' id='line_1_28' title="bbox 440 1512 2088 1600; baseline -0.001 -18"><span class='ocrx_word' id='word_1_205' title='bbox 440 1512 750 1585; x_wconf 80' lang='lat' dir='ltr'><strong>intellectu</strong></span> <span class='ocrx_word' id='word_1_206' title='bbox 786 1518 1185 1599; x_wconf 87' lang='lat' dir='ltr'><strong>supplendum</strong></span> <span class='ocrx_word' id='word_1_207' title='bbox 1214 1512 1325 1593; x_wconf 81' lang='lat' dir='ltr'><strong>est,</strong></span> <span class='ocrx_word' id='word_1_208' title='bbox 1361 1517 1756 1599; x_wconf 81' lang='lat' dir='ltr'><strong>Gttstaverint,</strong></span> <span class='ocrx_word' id='word_1_209' title='bbox 1790 1518 1946 1600; x_wconf 91' lang='lat' dir='ltr'><strong>quod</strong></span> <span class='ocrx_word' id='word_1_210' title='bbox 1978 1526 2088 1580; x_wconf 89' lang='lat' dir='ltr'><strong>tro-</strong></span> 
     </span>
    </p>
   </div>
   <div class='ocr_carea' id='block_1_29' title="bbox 2172 1512 3817 1600">
    <p class='ocr_par' dir='ltr' id='par_1_29' title="bbox 2172 1514 3817 1597">
     <span class='ocr_line' id='line_1_29' title="bbox 2172 1514 3817 1597; baseline -0.001 -27"><span class='ocrx_word' id='word_1_211' title='bbox 2172 1522 2371 1597; x_wconf 75' lang='grc' dir='ltr'>κοινοῦ,</span> <span class='ocrx_word' id='word_1_212' title='bbox 2416 1514 2543 1595; x_wconf 81' lang='grc' dir='ltr'>ὅπερ</span> <span class='ocrx_word' id='word_1_213' title='bbox 2572 1522 2836 1594; x_wconf 82' lang='grc' dir='ltr'><strong>τροπικῶς</strong></span> <span class='ocrx_word' id='word_1_214' title='bbox 2879 1514 3160 1589; x_wconf 81' lang='grc' dir='ltr'>εἴληπται,</span> <span class='ocrx_word' id='word_1_215' title='bbox 3207 1529 3498 1594; x_wconf 78' lang='grc' dir='ltr'>σημαῖνον,</span> <span class='ocrx_word' id='word_1_216' title='bbox 3555 1516 3638 1589; x_wconf 83' lang='grc' dir='ltr'><strong>τὸ,</strong></span> <span class='ocrx_word' id='word_1_217' title='bbox 3703 1519 3817 1569; x_wconf 76' lang='grc' dir='ltr'><strong>Μα-</strong></span> 
     </span>
    </p>
   </div>
   <div class='ocr_carea' id='block_1_30' title="bbox 441 1602 2088 1692">
    <p class='ocr_par' dir='ltr' id='par_1_30' title="bbox 441 1606 2088 1692">
     <span class='ocr_line' id='line_1_30' title="bbox 441 1606 2088 1692; baseline -0.001 -22"><span class='ocrx_word' id='word_1_218' title='bbox 441 1610 573 1692; x_wconf 88' lang='lat' dir='ltr'><strong>pice</strong></span> <span class='ocrx_word' id='word_1_219' title='bbox 642 1607 929 1689; x_wconf 82' lang='lat' dir='ltr'><strong>accipitur</strong></span> <span class='ocrx_word' id='word_1_220' title='bbox 985 1615 1044 1668; x_wconf 91' lang='lat' dir='ltr'><strong>et</strong></span> <span class='ocrx_word' id='word_1_221' title='bbox 1099 1608 1415 1688; x_wconf 80' lang='lat' dir='ltr'><strong>signiﬁcat,</strong></span> <span class='ocrx_word' id='word_1_222' title='bbox 1482 1606 1588 1681; x_wconf 85' lang='lat' dir='ltr'><strong>Qui</strong></span> <span class='ocrx_word' id='word_1_223' title='bbox 1621 1607 1959 1681; x_wconf 89' lang='lat' dir='ltr'><strong>didicerint,</strong></span> <span class='ocrx_word' id='word_1_224' title='bbox 1991 1607 2088 1688; x_wconf 88' lang='lat' dir='ltr'><strong>qui</strong></span> 
     </span>
    </p>
   </div>
   <div class='ocr_carea' id='block_1_31' title="bbox 2172 1602 3812 1692">
    <p class='ocr_par' dir='ltr' id='par_1_31' title="bbox 2172 1602 3812 1692">
     <span class='ocr_line' id='line_1_31' title="bbox 2172 1602 3812 1692; baseline -0.002 -32"><span class='ocrx_word' id='word_1_225' title='bbox 2172 1603 2379 1679; x_wconf 83' lang='grc' dir='ltr'>θόντας,</span> <span class='ocrx_word' id='word_1_226' title='bbox 2413 1604 2840 1684; x_wconf 78' lang='grc' dir='ltr'>κατηχηθέντας.</span> <span class='ocrx_word' id='word_1_227' title='bbox 2888 1606 2947 1662; x_wconf 90' lang='grc' dir='ltr'>Τί</span> <span class='ocrx_word' id='word_1_228' title='bbox 2989 1603 3043 1660; x_wconf 76' lang='grc' dir='ltr'><strong>δὲ</strong></span> <span class='ocrx_word' id='word_1_229' title='bbox 3086 1602 3301 1662; x_wconf 80' lang='grc' dir='ltr'>δύναται</span> <span class='ocrx_word' id='word_1_230' title='bbox 3361 1607 3389 1661; x_wconf 79' lang='grc' dir='ltr'>ὁ</span> <span class='ocrx_word' id='word_1_231' title='bbox 3418 1602 3627 1692; x_wconf 67' lang='grc' dir='ltr'>μέλλων</span> <span class='ocrx_word' id='word_1_232' title='bbox 3659 1603 3812 1677; x_wconf 74' lang='grc' dir='ltr'>αἰὼν,</span> 
     </span>
    </p>
   </div>
   <div class='ocr_carea' id='block_1_32' title="bbox 442 1682 2088 1778">
    <p class='ocr_par' dir='ltr' id='par_1_32' title="bbox 442 1682 2087 1773">
     <span class='ocr_line' id='line_1_32' title="bbox 442 1682 2087 1773; baseline -0.001 -15"><span class='ocrx_word' id='word_1_233' title='bbox 442 1682 717 1760; x_wconf 79' lang='lat' dir='ltr'><strong>instructi</strong></span> <span class='ocrx_word' id='word_1_234' title='bbox 750 1682 991 1757; x_wconf 81' lang='lat' dir='ltr'><strong>fuerint.</strong></span> <span class='ocrx_word' id='word_1_235' title='bbox 1027 1682 1192 1767; x_wconf 78' lang='lat' dir='ltr'><strong>Quod</strong></span> <span class='ocrx_word' id='word_1_236' title='bbox 1224 1704 1418 1756; x_wconf 89' lang='lat' dir='ltr'><strong>autem</strong></span> <span class='ocrx_word' id='word_1_237' title='bbox 1471 1702 1660 1773; x_wconf 82' lang='lat' dir='ltr'><strong>potest</strong></span> <span class='ocrx_word' id='word_1_238' title='bbox 1694 1695 1951 1757; x_wconf 83' lang='lat' dir='ltr'><strong>futurum</strong></span> <span class='ocrx_word' id='word_1_239' title='bbox 1988 1682 2087 1756; x_wconf 63' lang='grc' dir='ltr'><strong>δὀ-</strong></span> 
     </span>
    </p>
   </div>
   <div class='ocr_carea' id='block_1_33' title="bbox 2172 1682 3813 1778">
    <p class='ocr_par' dir='ltr' id='par_1_33' title="bbox 2172 1682 3813 1774">
     <span class='ocr_line' id='line_1_33' title="bbox 2172 1682 3813 1774; baseline -0.003 -24"><span class='ocrx_word' id='word_1_240' title='bbox 2172 1695 2259 1750; x_wconf 86' lang='grc' dir='ltr'><strong>καὶ</strong></span> <span class='ocrx_word' id='word_1_241' title='bbox 2288 1694 2336 1750; x_wconf 89' lang='grc' dir='ltr'><strong>τί</strong></span> <span class='ocrx_word' id='word_1_242' title='bbox 2364 1693 2505 1750; x_wconf 78' lang='grc' dir='ltr'>ἐστιν</span> <span class='ocrx_word' id='word_1_243' title='bbox 2534 1682 2691 1753; x_wconf 66' lang='grc' dir='ltr'><strong>αὖτοῦ</strong></span> <span class='ocrx_word' id='word_1_244' title='bbox 2743 1696 2778 1762; x_wconf 79' lang='grc' dir='ltr'><strong>ἡ</strong></span> <span class='ocrx_word' id='word_1_245' title='bbox 2833 1694 2987 1774; x_wconf 81' lang='grc' dir='ltr'>χρεία</span> <span class='ocrx_word' id='word_1_246' title='bbox 3042 1694 3139 1750; x_wconf 62' lang='grc' dir='ltr'><strong>καὶ</strong></span> <span class='ocrx_word' id='word_1_247' title='bbox 3187 1696 3249 1750; x_wconf 81' lang='grc' dir='ltr'>τὸ</span> <span class='ocrx_word' id='word_1_248' title='bbox 3306 1691 3507 1774; x_wconf 70' lang='grc' dir='ltr'>ἔργον,</span> <span class='ocrx_word' id='word_1_249' title='bbox 3570 1682 3701 1750; x_wconf 68' lang='grc' dir='ltr'><strong>υΟτι</strong></span> <span class='ocrx_word' id='word_1_250' title='bbox 3758 1690 3813 1746; x_wconf 79' lang='grc' dir='ltr'>ἐν</span> 
     </span>
    </p>
   </div>
   <div class='ocr_carea' id='block_1_34' title="bbox 442 1780 2088 1865">
    <p class='ocr_par' dir='ltr' id='par_1_34' title="bbox 442 1782 2088 1865">
     <span class='ocr_line' id='line_1_34' title="bbox 442 1782 2088 1865; baseline -0.002 -17"><span class='ocrx_word' id='word_1_251' title='bbox 442 1788 637 1849; x_wconf 92' lang='lat' dir='ltr'><strong>culum</strong></span> <span class='ocrx_word' id='word_1_252' title='bbox 662 1784 693 1844; x_wconf 84' lang='lat'><strong>‘?</strong></span> <span class='ocrx_word' id='word_1_253' title='bbox 715 1793 773 1847; x_wconf 93' lang='lat' dir='ltr'><strong>et</strong></span> <span class='ocrx_word' id='word_1_254' title='bbox 802 1802 932 1865; x_wconf 67' lang='lat' dir='ltr'><strong>qua:</strong></span> <span class='ocrx_word' id='word_1_255' title='bbox 984 1791 1073 1844; x_wconf 92' lang='lat' dir='ltr'><strong>est</strong></span> <span class='ocrx_word' id='word_1_256' title='bbox 1108 1784 1236 1862; x_wconf 88' lang='lat' dir='ltr'><strong>ejus</strong></span> <span class='ocrx_word' id='word_1_257' title='bbox 1257 1783 1579 1845; x_wconf 87' lang='lat' dir='ltr'><strong>necessitas</strong></span> <span class='ocrx_word' id='word_1_258' title='bbox 1609 1792 1845 1864; x_wconf 89' lang='lat' dir='ltr'><strong>etopus</strong></span> <span class='ocrx_word' id='word_1_259' title='bbox 1864 1782 1895 1842; x_wconf 87' lang='lat'><strong>?</strong></span> <span class='ocrx_word' id='word_1_260' title='bbox 1922 1782 2088 1856; x_wconf 84' lang='lat' dir='ltr'><strong>Quod</strong></span> 
     </span>
    </p>
   </div>
   <div class='ocr_carea' id='block_1_35' title="bbox 2172 1780 3813 1865">
    <p class='ocr_par' dir='ltr' id='par_1_35' title="bbox 2172 1780 3813 1862">
     <span class='ocr_line' id='line_1_35' title="bbox 2172 1780 3813 1862; baseline -0.003 -21"><span class='ocrx_word' id='word_1_261' title='bbox 2172 1784 2312 1858; x_wconf 75' lang='grc' dir='ltr'><strong>αὖτῷ</strong></span> <span class='ocrx_word' id='word_1_262' title='bbox 2352 1783 2574 1848; x_wconf 83' lang='grc' dir='ltr'>ἕκαστος</span> <span class='ocrx_word' id='word_1_263' title='bbox 2616 1787 2690 1839; x_wconf 83' lang='grc' dir='ltr'>ὧν</span> <span class='ocrx_word' id='word_1_264' title='bbox 2731 1781 2919 1862; x_wconf 77' lang='grc' dir='ltr'>ἔπραξε</span> <span class='ocrx_word' id='word_1_265' title='bbox 2960 1782 3058 1851; x_wconf 68' lang='grc' dir='ltr'>τὴν</span> <span class='ocrx_word' id='word_1_266' title='bbox 3128 1781 3363 1859; x_wconf 76' lang='grc' dir='ltr'>ἀμοιϐὴν</span> <span class='ocrx_word' id='word_1_267' title='bbox 3413 1782 3658 1862; x_wconf 78' lang='grc' dir='ltr'>εὑρίσκει,</span> <span class='ocrx_word' id='word_1_268' title='bbox 3732 1780 3813 1837; x_wconf 76' lang='grc' dir='ltr'>ὅτι</span> 
     </span>
    </p>
   </div>
   <div class='ocr_carea' id='block_1_36' title="bbox 441 1866 2088 1953">
    <p class='ocr_par' dir='ltr' id='par_1_36' title="bbox 441 1871 2087 1953">
     <span class='ocr_line' id='line_1_36' title="bbox 441 1871 2087 1953; baseline -0.002 -17"><span class='ocrx_word' id='word_1_269' title='bbox 441 1874 501 1936; x_wconf 92' lang='lat' dir='ltr'><strong>in</strong></span> <span class='ocrx_word' id='word_1_270' title='bbox 537 1893 607 1941; x_wconf 82' lang='lat' dir='ltr'><strong>eo</strong></span> <span class='ocrx_word' id='word_1_271' title='bbox 628 1873 858 1941; x_wconf 80' lang='lat' dir='ltr'><strong>invenit</strong></span> <span class='ocrx_word' id='word_1_272' title='bbox 875 1873 1128 1953; x_wconf 90' lang='lat' dir='ltr'><strong>quisque</strong></span> <span class='ocrx_word' id='word_1_273' title='bbox 1145 1871 1410 1933; x_wconf 90' lang='lat' dir='ltr'><strong>omnium</strong></span> <span class='ocrx_word' id='word_1_274' title='bbox 1433 1890 1562 1952; x_wconf 76' lang='lat' dir='ltr'><strong>quae</strong></span> <span class='ocrx_word' id='word_1_275' title='bbox 1584 1871 1723 1933; x_wconf 82' lang='lat' dir='ltr'><strong>fecit</strong></span> <span class='ocrx_word' id='word_1_276' title='bbox 1742 1871 2087 1933; x_wconf 89' lang='lat' dir='ltr'><strong>retributio-</strong></span> 
     </span>
    </p>
   </div>
   <div class='ocr_carea' id='block_1_37' title="bbox 2172 1866 3812 1953">
    <p class='ocr_par' dir='ltr' id='par_1_37' title="bbox 2172 1866 3812 1952">
     <span class='ocr_line' id='line_1_37' title="bbox 2172 1866 3812 1952; baseline 0.004 -25"><span class='ocrx_word' id='word_1_277' title='bbox 2172 1876 2264 1931; x_wconf 65' lang='grc' dir='ltr'>οὐκ</span> <span class='ocrx_word' id='word_1_278' title='bbox 2292 1872 2408 1952; x_wconf 73' lang='grc' dir='ltr'>ἔχει</span> <span class='ocrx_word' id='word_1_279' title='bbox 2435 1872 2587 1937; x_wconf 81' lang='grc' dir='ltr'>τέλος</span> <span class='ocrx_word' id='word_1_280' title='bbox 2630 1870 2745 1929; x_wconf 69' lang='grc' dir='ltr'>οὔτε</span> <span class='ocrx_word' id='word_1_281' title='bbox 2774 1875 2808 1941; x_wconf 70' lang='grc' dir='ltr'><strong>ἡ</strong></span> <span class='ocrx_word' id='word_1_282' title='bbox 2838 1873 3065 1952; x_wconf 82' lang='grc' dir='ltr'>τιμωρία</span> <span class='ocrx_word' id='word_1_283' title='bbox 3104 1874 3139 1941; x_wconf 76' lang='grc' dir='ltr'><strong>ἡ</strong></span> <span class='ocrx_word' id='word_1_284' title='bbox 3169 1873 3224 1932; x_wconf 72' lang='grc' dir='ltr'>ἐν</span> <span class='ocrx_word' id='word_1_285' title='bbox 3265 1866 3429 1947; x_wconf 57' lang='grc' dir='ltr'>αὐτῷ,</span> <span class='ocrx_word' id='word_1_286' title='bbox 3466 1870 3581 1933; x_wconf 67' lang='grc' dir='ltr'>οὕτε</span> <span class='ocrx_word' id='word_1_287' title='bbox 3634 1872 3669 1938; x_wconf 78' lang='grc' dir='ltr'><strong>ἣ</strong></span> <span class='ocrx_word' id='word_1_288' title='bbox 3719 1871 3812 1926; x_wconf 73' lang='grc' dir='ltr'><strong>εὖ·</strong></span> 
     </span>
    </p>
   </div>
   <div class='ocr_carea' id='block_1_38' title="bbox 441 1958 2088 2041">
    <p class='ocr_par' dir='ltr' id='par_1_38' title="bbox 441 1960 2088 2041">
     <span class='ocr_line' id='line_1_38' title="bbox 441 1960 2088 2041; baseline -0.002 -16"><span class='ocrx_word' id='word_1_289' title='bbox 441 1982 581 2025; x_wconf 89' lang='lat' dir='ltr'><strong>nem</strong></span> <span class='ocrx_word' id='word_1_290' title='bbox 615 1983 630 2025; x_wconf 89' lang='lat'><strong>:</strong></span> <span class='ocrx_word' id='word_1_291' title='bbox 667 1962 821 2041; x_wconf 89' lang='lat' dir='ltr'><strong>quod</strong></span> <span class='ocrx_word' id='word_1_292' title='bbox 853 1961 913 2023; x_wconf 90' lang='lat' dir='ltr'><strong>in</strong></span> <span class='ocrx_word' id='word_1_293' title='bbox 946 1981 1015 2025; x_wconf 86' lang='lat' dir='ltr'><strong>eo</strong></span> <span class='ocrx_word' id='word_1_294' title='bbox 1058 1962 1235 2022; x_wconf 85' lang='lat' dir='ltr'><strong>ﬁnem</strong></span> <span class='ocrx_word' id='word_1_295' title='bbox 1265 1980 1384 2023; x_wconf 68' lang='lat' dir='ltr'><strong>non</strong></span> <span class='ocrx_word' id='word_1_296' title='bbox 1403 1960 1614 2030; x_wconf 85' lang='lat' dir='ltr'><strong>habeat</strong></span> <span class='ocrx_word' id='word_1_297' title='bbox 1642 1979 1834 2041; x_wconf 90' lang='lat' dir='ltr'><strong>neque</strong></span> <span class='ocrx_word' id='word_1_298' title='bbox 1856 1962 2088 2041; x_wconf 88' lang='lat' dir='ltr'><strong>suppli-</strong></span> 
     </span>
    </p>
   </div>
   <div class='ocr_carea' id='block_1_39' title="bbox 2172 1958 3814 2041">
    <p class='ocr_par' dir='ltr' id='par_1_39' title="bbox 2172 1958 3814 2038">
     <span class='ocr_line' id='line_1_39' title="bbox 2172 1958 3814 2038; baseline -0.002 -22"><span class='ocrx_word' id='word_1_299' title='bbox 2172 1958 2433 2037; x_wconf 80' lang='grc' dir='ltr'>δαιμονία,</span> <span class='ocrx_word' id='word_1_300' title='bbox 2480 1959 2560 2017; x_wconf 81' lang='grc' dir='ltr'><strong>ὅτι</strong></span> <span class='ocrx_word' id='word_1_301' title='bbox 2589 1961 2708 2018; x_wconf 88' lang='grc' dir='ltr'>τότε</span> <span class='ocrx_word' id='word_1_302' title='bbox 2743 1959 2942 2037; x_wconf 81' lang='grc' dir='ltr'>μᾶλλον</span> <span class='ocrx_word' id='word_1_303' title='bbox 2997 1961 3059 2017; x_wconf 88' lang='grc' dir='ltr'><strong>τό</strong></span> <span class='ocrx_word' id='word_1_304' title='bbox 3099 1982 3159 2018; x_wconf 82' lang='grc' dir='ltr'><strong>τε</strong></span> <span class='ocrx_word' id='word_1_305' title='bbox 3214 1959 3477 2028; x_wconf 79' lang='grc' dir='ltr'>ἀλάθητον</span> <span class='ocrx_word' id='word_1_306' title='bbox 3516 1966 3608 2016; x_wconf 79' lang='grc' dir='ltr'>τοῦ</span> <span class='ocrx_word' id='word_1_307' title='bbox 3635 1964 3814 2038; x_wconf 86' lang='grc' dir='ltr'>κριτοῦ</span> 
     </span>
    </p>
   </div>
   <div class='ocr_carea' id='block_1_40' title="bbox 445 2047 2088 2132">
    <p class='ocr_par' dir='ltr' id='par_1_40' title="bbox 445 2049 2083 2132">
     <span class='ocr_line' id='line_1_40' title="bbox 445 2049 2083 2132; baseline -0.004 -17"><span class='ocrx_word' id='word_1_308' title='bbox 445 2053 602 2123; x_wconf 84' lang='lat' dir='ltr'><strong>cium</strong></span> <span class='ocrx_word' id='word_1_309' title='bbox 637 2070 831 2132; x_wconf 87' lang='lat' dir='ltr'><strong>neque</strong></span> <span class='ocrx_word' id='word_1_310' title='bbox 854 2050 1129 2123; x_wconf 82' lang='lat' dir='ltr'><strong>felicitas,</strong></span> <span class='ocrx_word' id='word_1_311' title='bbox 1166 2050 1323 2131; x_wconf 92' lang='lat' dir='ltr'><strong>quod</strong></span> <span class='ocrx_word' id='word_1_312' title='bbox 1364 2058 1501 2111; x_wconf 90' lang='lat' dir='ltr'><strong>tunc</strong></span> <span class='ocrx_word' id='word_1_313' title='bbox 1528 2050 1711 2129; x_wconf 84' lang='lat' dir='ltr'><strong>magis</strong></span> <span class='ocrx_word' id='word_1_314' title='bbox 1742 2049 2083 2111; x_wconf 49' lang='lat' dir='ltr'><strong>manifestae</strong></span> 
     </span>
    </p>
   </div>
   <div class='ocr_carea' id='block_1_41' title="bbox 2172 2047 3813 2132">
    <p class='ocr_par' dir='ltr' id='par_1_41' title="bbox 2172 2047 3813 2130">
     <span class='ocr_line' id='line_1_41' title="bbox 2172 2047 3813 2130; baseline -0.002 -23"><span class='ocrx_word' id='word_1_315' title='bbox 2172 2051 2261 2107; x_wconf 81' lang='grc' dir='ltr'><strong>καὶ</strong></span> <span class='ocrx_word' id='word_1_316' title='bbox 2286 2052 2349 2106; x_wconf 83' lang='grc' dir='ltr'>τὸ</span> <span class='ocrx_word' id='word_1_317' title='bbox 2376 2047 2572 2109; x_wconf 83' lang='grc' dir='ltr'>δίκαιον</span> <span class='ocrx_word' id='word_1_318' title='bbox 2602 2050 3048 2130; x_wconf 72' lang='grc' dir='ltr'>φανερωθήσεται,</span> <span class='ocrx_word' id='word_1_319' title='bbox 3089 2051 3177 2111; x_wconf 78' lang='grc' dir='ltr'><strong>καὶ</strong></span> <span class='ocrx_word' id='word_1_320' title='bbox 3232 2048 3405 2109; x_wconf 81' lang='grc' dir='ltr'>πολλὰ</span> <span class='ocrx_word' id='word_1_321' title='bbox 3447 2049 3620 2129; x_wconf 81' lang='grc' dir='ltr'>ἔτερα.</span> <span class='ocrx_word' id='word_1_322' title='bbox 3680 2048 3813 2111; x_wconf 82' lang='grc' dir='ltr'>τοὺς</span> 
     </span>
    </p>
   </div>
   <div class='ocr_carea' id='block_1_42' title="bbox 445 2136 2088 2225">
    <p class='ocr_par' dir='ltr' id='par_1_42' title="bbox 445 2139 2088 2225">
     <span class='ocr_line' id='line_1_42' title="bbox 445 2139 2088 2225; baseline -0.003 -21"><span class='ocrx_word' id='word_1_323' title='bbox 445 2141 605 2213; x_wconf 84' lang='lat' dir='ltr'><strong>bitur</strong></span> <span class='ocrx_word' id='word_1_324' title='bbox 631 2140 787 2225; x_wconf 89' lang='lat' dir='ltr'><strong>quod</strong></span> <span class='ocrx_word' id='word_1_325' title='bbox 848 2139 995 2201; x_wconf 92' lang='lat' dir='ltr'><strong>nihil</strong></span> <span class='ocrx_word' id='word_1_326' title='bbox 1038 2139 1305 2220; x_wconf 85' lang='lat' dir='ltr'><strong>judicem</strong></span> <span class='ocrx_word' id='word_1_327' title='bbox 1336 2139 1531 2214; x_wconf 85' lang='lat' dir='ltr'><strong>lateat,</strong></span> <span class='ocrx_word' id='word_1_328' title='bbox 1568 2140 1814 2220; x_wconf 83' lang='lat' dir='ltr'><strong>ejusque</strong></span> <span class='ocrx_word' id='word_1_329' title='bbox 1837 2139 2088 2220; x_wconf 82' lang='lat' dir='ltr'><strong>justitia,</strong></span> 
     </span>
    </p>
   </div>
   <div class='ocr_carea' id='block_1_43' title="bbox 2172 2136 3814 2225">
    <p class='ocr_par' dir='ltr' id='par_1_43' title="bbox 2175 2136 3814 2219">
     <span class='ocr_line' id='line_1_43' title="bbox 2175 2136 3814 2219; baseline -0.002 -24"><span class='ocrx_word' id='word_1_330' title='bbox 2175 2139 2261 2195; x_wconf 79' lang='grc' dir='ltr'>οὖν</span> <span class='ocrx_word' id='word_1_331' title='bbox 2290 2140 2425 2215; x_wconf 80' lang='grc' dir='ltr'>μετὰ</span> <span class='ocrx_word' id='word_1_332' title='bbox 2465 2144 2571 2195; x_wconf 80' lang='grc' dir='ltr'>τῶν</span> <span class='ocrx_word' id='word_1_333' title='bbox 2600 2136 2775 2195; x_wconf 82' lang='grc' dir='ltr'>ἄλλων</span> <span class='ocrx_word' id='word_1_334' title='bbox 2816 2139 2904 2199; x_wconf 80' lang='grc' dir='ltr'><strong>καὶ</strong></span> <span class='ocrx_word' id='word_1_335' title='bbox 2931 2147 3097 2197; x_wconf 83' lang='grc' dir='ltr'>ταῦτα</span> <span class='ocrx_word' id='word_1_336' title='bbox 3125 2138 3410 2213; x_wconf 76' lang='grc' dir='ltr'>μαθόντας,</span> <span class='ocrx_word' id='word_1_337' title='bbox 3450 2138 3632 2219; x_wconf 78' lang='grc' dir='ltr'>φησὶν,</span> <span class='ocrx_word' id='word_1_338' title='bbox 3692 2136 3814 2193; x_wconf 79' lang='grc' dir='ltr'>εἶτα</span> 
     </span>
    </p>
   </div>
   <div class='ocr_carea' id='block_1_44' title="bbox 447 2224 2088 2311">
    <p class='ocr_par' dir='ltr' id='par_1_44' title="bbox 447 2227 2088 2311">
     <span class='ocr_line' id='line_1_44' title="bbox 447 2227 2088 2311; baseline -0.001 -19"><span class='ocrx_word' id='word_1_339' title='bbox 447 2231 751 2311; x_wconf 91' lang='lat' dir='ltr'><strong>multaque</strong></span> <span class='ocrx_word' id='word_1_340' title='bbox 805 2228 942 2297; x_wconf 80' lang='lat' dir='ltr'><strong>alia.</strong></span> <span class='ocrx_word' id='word_1_341' title='bbox 1003 2227 1122 2290; x_wconf 91' lang='lat' dir='ltr'><strong>Eos</strong></span> <span class='ocrx_word' id='word_1_342' title='bbox 1169 2246 1314 2308; x_wconf 83' lang='lat' dir='ltr'><strong>ergo</strong></span> <span class='ocrx_word' id='word_1_343' title='bbox 1365 2227 1467 2308; x_wconf 92' lang='lat' dir='ltr'><strong>qui</strong></span> <span class='ocrx_word' id='word_1_344' title='bbox 1524 2228 1651 2290; x_wconf 74' lang='lat' dir='ltr'><strong>haec</strong></span> <span class='ocrx_word' id='word_1_345' title='bbox 1698 2248 1834 2291; x_wconf 89' lang='lat' dir='ltr'><strong>cum</strong></span> <span class='ocrx_word' id='word_1_346' title='bbox 1864 2228 2088 2291; x_wconf 62' lang='lat' dir='ltr'><strong>casteris</strong></span> 
     </span>
    </p>
   </div>
   <div class='ocr_carea' id='block_1_45' title="bbox 2172 2224 3853 2311">
    <p class='ocr_par' dir='ltr' id='par_1_45' title="bbox 2173 2224 3853 2311">
     <span class='ocr_line' id='line_1_45' title="bbox 2173 2224 3853 2311; baseline -0.003 -27"><span class='ocrx_word' id='word_1_347' title='bbox 2173 2227 2597 2311; x_wconf 72' lang='grc' dir='ltr'>παραπεσόντας,</span> <span class='ocrx_word' id='word_1_348' title='bbox 2657 2224 2928 2301; x_wconf 80' lang='grc' dir='ltr'>ἀδύνατον,</span> <span class='ocrx_word' id='word_1_349' title='bbox 2972 2229 3061 2283; x_wconf 86' lang='grc' dir='ltr'>καὶ</span> <span class='ocrx_word' id='word_1_350' title='bbox 3102 2225 3248 2294; x_wconf 75' lang='grc' dir='ltr'><strong>ἑξῆς.</strong></span> <span class='ocrx_word' id='word_1_351' title='bbox 3327 2247 3351 2284; x_wconf 72' lang='grc' dir='ltr'><strong>α</strong></span> <span class='ocrx_word' id='word_1_352' title='bbox 3413 2228 3513 2285; x_wconf 79' lang='grc' dir='ltr'>Καὶ</span> <span class='ocrx_word' id='word_1_353' title='bbox 3566 2245 3853 2305; x_wconf 83' lang='grc' dir='ltr'>παραπε-.</span> 
     </span>
    </p>
   </div>
   <div class='ocr_carea' id='block_1_46' title="bbox 445 2306 2088 2398">
    <p class='ocr_par' dir='ltr' id='par_1_46' title="bbox 445 2306 2088 2398">
     <span class='ocr_line' id='line_1_46' title="bbox 445 2306 2088 2398; baseline -0.002 -17"><span class='ocrx_word' id='word_1_354' title='bbox 445 2306 813 2391; x_wconf 82' lang='lat' dir='ltr'><strong>enumeratis</strong></span> <span class='ocrx_word' id='word_1_355' title='bbox 840 2316 1024 2380; x_wconf 90' lang='lat' dir='ltr'><strong>rebns</strong></span> <span class='ocrx_word' id='word_1_356' title='bbox 1055 2306 1416 2392; x_wconf 77' lang='lat' dir='ltr'><strong>didicerunt,</strong></span> <span class='ocrx_word' id='word_1_357' title='bbox 1450 2316 1657 2398; x_wconf 84' lang='lat' dir='ltr'><strong>inquit,</strong></span> <span class='ocrx_word' id='word_1_358' title='bbox 1701 2316 1919 2381; x_wconf 90' lang='lat' dir='ltr'><strong>deinde</strong></span> <span class='ocrx_word' id='word_1_359' title='bbox 1952 2336 2088 2398; x_wconf 84' lang='lat' dir='ltr'><strong>pro-</strong></span> 
     </span>
    </p>
   </div>
   <div class='ocr_carea' id='block_1_47' title="bbox 2172 2306 3811 2398">
    <p class='ocr_par' dir='ltr' id='par_1_47' title="bbox 2175 2306 3811 2385">
     <span class='ocr_line' id='line_1_47' title="bbox 2175 2306 3811 2385; baseline -0.002 -13"><span class='ocrx_word' id='word_1_360' title='bbox 2175 2338 2381 2385; x_wconf 84' lang='grc' dir='ltr'>σοντας.</span> <span class='ocrx_word' id='word_1_361' title='bbox 2423 2340 2447 2372; x_wconf 73' lang='grc' dir='ltr'><strong>υ</strong></span> <span class='ocrx_word' id='word_1_362' title='bbox 2485 2306 2739 2377; x_wconf 62' lang='lat' dir='ltr'><strong>“Anam:</strong></span> <span class='ocrx_word' id='word_1_363' title='bbox 2766 2325 2930 2375; x_wconf 80' lang='grc' dir='ltr'>ταῦτα</span> <span class='ocrx_word' id='word_1_364' title='bbox 2984 2313 3347 2381; x_wconf 80' lang='grc' dir='ltr'>ἀπολέσαντας</span> <span class='ocrx_word' id='word_1_365' title='bbox 3405 2317 3494 2377; x_wconf 83' lang='grc' dir='ltr'><strong>καὶ</strong></span> <span class='ocrx_word' id='word_1_366' title='bbox 3550 2313 3811 2371; x_wconf 79' lang='grc' dir='ltr'>ἐκπεσόν-</span> 
     </span>
    </p>
   </div>
   <div class='ocr_carea' id='block_1_48' title="bbox 442 2403 2088 2490">
    <p class='ocr_par' dir='ltr' id='par_1_48' title="bbox 442 2405 2088 2490">
     <span class='ocr_line' id='line_1_48' title="bbox 442 2405 2088 2490; baseline -0.003 -19"><span class='ocrx_word' id='word_1_367' title='bbox 442 2411 588 2490; x_wconf 81' lang='lat' dir='ltr'><strong>lapsi</strong></span> <span class='ocrx_word' id='word_1_368' title='bbox 649 2415 809 2488; x_wconf 82' lang='lat' dir='ltr'><strong>sunt,</strong></span> <span class='ocrx_word' id='word_1_369' title='bbox 869 2405 1238 2487; x_wconf 86' lang='lat' dir='ltr'><strong>impossibile</strong></span> <span class='ocrx_word' id='word_1_370' title='bbox 1298 2414 1409 2486; x_wconf 88' lang='lat' dir='ltr'><strong>est,</strong></span> <span class='ocrx_word' id='word_1_371' title='bbox 1463 2413 1575 2466; x_wconf 91' lang='lat' dir='ltr'><strong>etc.</strong></span> <span class='ocrx_word' id='word_1_372' title='bbox 1652 2405 1777 2468; x_wconf 77' lang='lat' dir='ltr'><strong>«Et</strong></span> <span class='ocrx_word' id='word_1_373' title='bbox 1832 2406 2088 2484; x_wconf 86' lang='lat' dir='ltr'><strong>prolapsi</strong></span> 
     </span>
    </p>
   </div>
   <div class='ocr_carea' id='block_1_49' title="bbox 2172 2403 3813 2490">
    <p class='ocr_par' dir='ltr' id='par_1_49' title="bbox 2172 2403 3813 2480">
     <span class='ocr_line' id='line_1_49' title="bbox 2172 2403 3813 2480; baseline 0.001 -18"><span class='ocrx_word' id='word_1_374' title='bbox 2172 2428 2267 2471; x_wconf 88' lang='grc' dir='ltr'><strong>τας</strong></span> <span class='ocrx_word' id='word_1_375' title='bbox 2312 2404 2470 2463; x_wconf 78' lang='grc' dir='ltr'>πάλιν</span> <span class='ocrx_word' id='word_1_376' title='bbox 2499 2405 2844 2476; x_wconf 80' lang='grc' dir='ltr'>ἀνακαινίζειν</span> <span class='ocrx_word' id='word_1_377' title='bbox 2873 2406 2945 2469; x_wconf 75' lang='grc' dir='ltr'>εἷς</span> <span class='ocrx_word' id='word_1_378' title='bbox 2990 2404 3293 2480; x_wconf 87' lang='grc' dir='ltr'>μετάνοιαν,</span> <span class='ocrx_word' id='word_1_379' title='bbox 3352 2403 3602 2467; x_wconf 72' lang='grc' dir='ltr'>ἀδύνατον</span> <span class='ocrx_word' id='word_1_380' title='bbox 3632 2409 3813 2463; x_wconf 76' lang='grc' dir='ltr'>τοῦτο.</span> 
     </span>
    </p>
   </div>
   <div class='ocr_carea' id='block_1_50' title="bbox 441 2492 2088 2575">
    <p class='ocr_par' dir='ltr' id='par_1_50' title="bbox 441 2495 2087 2575">
     <span class='ocr_line' id='line_1_50' title="bbox 441 2495 2087 2575; baseline -0.002 -16"><span class='ocrx_word' id='word_1_381' title='bbox 441 2506 599 2561; x_wconf 89' lang='lat' dir='ltr'><strong>sunt.</strong></span> <span class='ocrx_word' id='word_1_382' title='bbox 633 2522 661 2557; x_wconf 75' lang='grc' dir='ltr'><strong><em>ι</em></strong></span> <span class='ocrx_word' id='word_1_383' title='bbox 698 2496 806 2569; x_wconf 88' lang='lat' dir='ltr'><strong>Qui</strong></span> <span class='ocrx_word' id='word_1_384' title='bbox 842 2495 1039 2557; x_wconf 84' lang='lat' dir='ltr'><strong>omnia</strong></span> <span class='ocrx_word' id='word_1_385' title='bbox 1069 2496 1195 2558; x_wconf 67' lang='lat' dir='ltr'><strong>haec</strong></span> <span class='ocrx_word' id='word_1_386' title='bbox 1220 2495 1608 2575; x_wconf 88' lang='lat' dir='ltr'><strong>perdiderunt</strong></span> <span class='ocrx_word' id='word_1_387' title='bbox 1628 2504 1686 2557; x_wconf 94' lang='lat' dir='ltr'><strong>et</strong></span> <span class='ocrx_word' id='word_1_388' title='bbox 1718 2495 2087 2570; x_wconf 83' lang='lat' dir='ltr'><strong>exciderunt,</strong></span> 
     </span>
    </p>
   </div>
   <div class='ocr_carea' id='block_1_51' title="bbox 2172 2492 3811 2575">
    <p class='ocr_par' dir='ltr' id='par_1_51' title="bbox 2174 2492 3811 2575">
     <span class='ocr_line' id='line_1_51' title="bbox 2174 2492 3811 2575; baseline -0.002 -23"><span class='ocrx_word' id='word_1_389' title='bbox 2174 2497 2233 2553; x_wconf 87' lang='grc' dir='ltr'>Τί</span> <span class='ocrx_word' id='word_1_390' title='bbox 2261 2495 2348 2561; x_wconf 62' lang='grc' dir='ltr'>οὖν</span> <span class='ocrx_word' id='word_1_391' title='bbox 2379 2514 2397 2575; x_wconf 67' lang='grc' dir='ltr'><strong>ς</strong></span> <span class='ocrx_word' id='word_1_392' title='bbox 2428 2492 2636 2563; x_wconf 66' lang='grc' dir='ltr'>ξξέϐαλε</span> <span class='ocrx_word' id='word_1_393' title='bbox 2664 2494 2764 2562; x_wconf 73' lang='grc' dir='ltr'>τὴν</span> <span class='ocrx_word' id='word_1_394' title='bbox 2793 2494 3073 2570; x_wconf 80' lang='grc' dir='ltr'>μετάνοιαν</span> <span class='ocrx_word' id='word_1_395' title='bbox 3104 2513 3120 2573; x_wconf 70' lang='grc' dir='ltr'><strong>ς</strong></span> <span class='ocrx_word' id='word_1_396' title='bbox 3182 2494 3271 2560; x_wconf 77' lang='grc' dir='ltr'><strong>Μὴ</strong></span> <span class='ocrx_word' id='word_1_397' title='bbox 3327 2494 3563 2574; x_wconf 78' lang='grc' dir='ltr'>γένοιτο,</span> <span class='ocrx_word' id='word_1_398' title='bbox 3621 2492 3811 2572; x_wconf 70' lang='grc' dir='ltr'>(οὕτως</span> 
     </span>
    </p>
   </div>
   <div class='ocr_carea' id='block_1_52' title="bbox 442 2582 2086 2664">
    <p class='ocr_par' dir='ltr' id='par_1_52' title="bbox 442 2582 2086 2664">
     <span class='ocr_line' id='line_1_52' title="bbox 442 2582 2086 2664; baseline -0.002 -17"><span class='ocrx_word' id='word_1_399' title='bbox 442 2594 505 2647; x_wconf 90' lang='lat' dir='ltr'><strong>ut</strong></span> <span class='ocrx_word' id='word_1_400' title='bbox 522 2587 718 2648; x_wconf 90' lang='lat' dir='ltr'><strong>denuo</strong></span> <span class='ocrx_word' id='word_1_401' title='bbox 737 2603 914 2646; x_wconf 70' lang='lat' dir='ltr'><strong>renov</strong></span> <span class='ocrx_word' id='word_1_402' title='bbox 927 2592 1102 2651; x_wconf 87' lang='lat' dir='ltr'><strong>entur</strong></span> <span class='ocrx_word' id='word_1_403' title='bbox 1115 2602 1222 2664; x_wconf 88' lang='lat' dir='ltr'><strong>per</strong></span> <span class='ocrx_word' id='word_1_404' title='bbox 1233 2582 1671 2664; x_wconf 80' lang='lat' dir='ltr'><strong>pcenitentiam?</strong></span> <span class='ocrx_word' id='word_1_405' title='bbox 1685 2583 2086 2664; x_wconf 40' lang='lat' dir='ltr'><strong>hocimpossi’</strong></span> 
     </span>
    </p>
   </div>
   <div class='ocr_carea' id='block_1_53' title="bbox 443 2672 2092 2755">
    <p class='ocr_par' dir='ltr' id='par_1_53' title="bbox 443 2672 2092 2755">
     <span class='ocr_line' id='line_1_53' title="bbox 443 2672 2092 2755; baseline 0.002 -19"><span class='ocrx_word' id='word_1_406' title='bbox 443 2674 563 2736; x_wconf 90' lang='lat' dir='ltr'><strong>bile</strong></span> <span class='ocrx_word' id='word_1_407' title='bbox 628 2684 738 2741; x_wconf 79' lang='lat' dir='ltr'><strong>est.</strong></span> <span class='ocrx_word' id='word_1_408' title='bbox 805 2673 956 2746; x_wconf 87' lang='lat' dir='ltr'><strong>Quid</strong></span> <span class='ocrx_word' id='word_1_409' title='bbox 1021 2673 1235 2752; x_wconf 82' lang='lat' dir='ltr'><strong>igitur!</strong></span> <span class='ocrx_word' id='word_1_410' title='bbox 1288 2672 1590 2753; x_wconf 84' lang='lat' dir='ltr'><strong>abjecitne</strong></span> <span class='ocrx_word' id='word_1_411' title='bbox 1640 2673 2092 2755; x_wconf 71' lang='lat' dir='ltr'><strong>paenitentiam?</strong></span> 
     </span>
    </p>
   </div>
   <div class='ocr_carea' id='block_1_54' title="bbox 445 2761 2092 2843">
    <p class='ocr_par' dir='ltr' id='par_1_54' title="bbox 445 2761 2092 2843">
     <span class='ocr_line' id='line_1_54' title="bbox 445 2761 2092 2843; baseline -0.001 -17"><span class='ocrx_word' id='word_1_412' title='bbox 445 2763 617 2826; x_wconf 84' lang='lat' dir='ltr'><strong>Absit</strong></span> <span class='ocrx_word' id='word_1_413' title='bbox 676 2761 1176 2843; x_wconf 89' lang='lat' dir='ltr'><strong>quemadmodum</strong></span> <span class='ocrx_word' id='word_1_414' title='bbox 1236 2761 1413 2827; x_wconf 86' lang='lat' dir='ltr'><strong>habet</strong></span> <span class='ocrx_word' id='word_1_415' title='bbox 1455 2762 1623 2824; x_wconf 91' lang='lat' dir='ltr'><strong>divus</strong></span> <span class='ocrx_word' id='word_1_416' title='bbox 1677 2763 1814 2822; x_wconf 75' lang='grc'><strong>557</strong></span> <span class='ocrx_word' id='word_1_417' title='bbox 1841 2762 2092 2843; x_wconf 79' lang='lat' dir='ltr'><strong>Cyrillus</strong></span> 
     </span>
    </p>
   </div>
   <div class='ocr_carea' id='block_1_55' title="bbox 444 2849 2092 2931">
    <p class='ocr_par' dir='ltr' id='par_1_55' title="bbox 444 2849 2092 2931">
     <span class='ocr_line' id='line_1_55' title="bbox 444 2849 2092 2931; baseline -0.001 -17"><span class='ocrx_word' id='word_1_418' title='bbox 444 2858 611 2914; x_wconf 82' lang='lat' dir='ltr'><strong>sexto</strong></span> <span class='ocrx_word' id='word_1_419' title='bbox 641 2849 941 2915; x_wconf 85' lang='lat' dir='ltr'><strong>volumine</strong></span> <span class='ocrx_word' id='word_1_420' title='bbox 970 2851 1249 2912; x_wconf 82' lang='lat' dir='ltr'><strong>secundae</strong></span> <span class='ocrx_word' id='word_1_421' title='bbox 1283 2849 1465 2930; x_wconf 87' lang='lat' dir='ltr'><strong>partis</strong></span> <span class='ocrx_word' id='word_1_422' title='bbox 1495 2850 1726 2914; x_wconf 71' lang='lat' dir='ltr'><strong>Latrioz</strong></span> <span class='ocrx_word' id='word_1_423' title='bbox 1759 2868 1893 2931; x_wconf 81' lang='lat' dir='ltr'><strong>quae</strong></span> <span class='ocrx_word' id='word_1_424' title='bbox 1909 2859 1997 2913; x_wconf 76' lang='lat' dir='ltr'><strong>est</strong></span> <span class='ocrx_word' id='word_1_425' title='bbox 2025 2852 2092 2915; x_wconf 81' lang='lat' dir='ltr'><strong>in</strong></span> 
     </span>
    </p>
   </div>
   <div class='ocr_carea' id='block_1_56' title="bbox 441 2938 2092 3022">
    <p class='ocr_par' dir='ltr' id='par_1_56' title="bbox 441 2938 2092 3022">
     <span class='ocr_line' id='line_1_56' title="bbox 441 2938 2092 3022; baseline -0.002 -18"><span class='ocrx_word' id='word_1_426' title='bbox 441 2942 664 3022; x_wconf 80' lang='lat' dir='ltr'><strong>spiritu</strong></span> <span class='ocrx_word' id='word_1_427' title='bbox 693 2948 748 3003; x_wconf 81' lang='lat' dir='ltr'><strong>et</strong></span> <span class='ocrx_word' id='word_1_428' title='bbox 778 2940 1069 3005; x_wconf 78' lang='lat' dir='ltr'><strong>veritate:</strong></span> <span class='ocrx_word' id='word_1_429' title='bbox 1107 2938 1210 2999; x_wconf 90' lang='lat' dir='ltr'><strong>sed</strong></span> <span class='ocrx_word' id='word_1_430' title='bbox 1254 2938 1664 3018; x_wconf 87' lang='lat' dir='ltr'><strong>poenitentiam</strong></span> <span class='ocrx_word' id='word_1_431' title='bbox 1715 2949 1953 3020; x_wconf 71' lang='lat' dir='ltr'><strong>quaeest</strong></span> <span class='ocrx_word' id='word_1_432' title='bbox 1982 2958 2092 3021; x_wconf 89' lang='lat' dir='ltr'><strong>per</strong></span> 
     </span>
    </p>
   </div>
   <div class='ocr_carea' id='block_1_57' title="bbox 443 3026 2086 3110">
    <p class='ocr_par' dir='ltr' id='par_1_57' title="bbox 443 3026 2086 3110">
     <span class='ocr_line' id='line_1_57' title="bbox 443 3026 2086 3110; baseline 0.001 -20"><span class='ocrx_word' id='word_1_433' title='bbox 443 3029 830 3109; x_wconf 89' lang='lat' dir='ltr'><strong>baptismum.</strong></span> <span class='ocrx_word' id='word_1_434' title='bbox 860 3030 1108 3108; x_wconf 82' lang='lat' dir='ltr'><strong>Oportet</strong></span> <span class='ocrx_word' id='word_1_435' title='bbox 1139 3026 1297 3089; x_wconf 91' lang='lat' dir='ltr'><strong>enim</strong></span> <span class='ocrx_word' id='word_1_436' title='bbox 1320 3028 1575 3105; x_wconf 90' lang='lat' dir='ltr'><strong>primum</strong></span> <span class='ocrx_word' id='word_1_437' title='bbox 1597 3029 1937 3108; x_wconf 81' lang='lat' dir='ltr'><strong>praecedere</strong></span> <span class='ocrx_word' id='word_1_438' title='bbox 1960 3046 2086 3110; x_wconf 65' lang='lat' dir='ltr'><strong>pae-</strong></span> 
     </span>
    </p>
   </div>
   <div class='ocr_carea' id='block_1_58' title="bbox 448 3115 2085 3198">
    <p class='ocr_par' dir='ltr' id='par_1_58' title="bbox 448 3115 2085 3198">
     <span class='ocr_line' id='line_1_58' title="bbox 448 3115 2085 3198; baseline -0.002 -18"><span class='ocrx_word' id='word_1_439' title='bbox 448 3116 761 3180; x_wconf 88' lang='lat' dir='ltr'><strong>nitentiam</strong></span> <span class='ocrx_word' id='word_1_440' title='bbox 792 3135 860 3197; x_wconf 87' lang='lat' dir='ltr'><strong>ac</strong></span> <span class='ocrx_word' id='word_1_441' title='bbox 886 3115 1391 3178; x_wconf 88' lang='lat' dir='ltr'><strong>renuntiationem</strong></span> <span class='ocrx_word' id='word_1_442' title='bbox 1425 3134 1732 3196; x_wconf 90' lang='lat' dir='ltr'><strong>pravarum</strong></span> <span class='ocrx_word' id='word_1_443' title='bbox 1765 3118 2085 3198; x_wconf 82' lang='lat' dir='ltr'><strong>actionum,</strong></span> 
     </span>
    </p>
   </div>
   <div class='ocr_carea' id='block_1_59' title="bbox 445 3205 2093 3288">
    <p class='ocr_par' dir='ltr' id='par_1_59' title="bbox 445 3205 2093 3288">
     <span class='ocr_line' id='line_1_59' title="bbox 445 3205 2093 3288; baseline 0 -20"><span class='ocrx_word' id='word_1_444' title='bbox 445 3215 505 3269; x_wconf 90' lang='lat' dir='ltr'><strong>et</strong></span> <span class='ocrx_word' id='word_1_445' title='bbox 533 3208 615 3269; x_wconf 89' lang='lat' dir='ltr'><strong>ita</strong></span> <span class='ocrx_word' id='word_1_446' title='bbox 646 3206 952 3287; x_wconf 88' lang='lat' dir='ltr'><strong>baptizari.</strong></span> <span class='ocrx_word' id='word_1_447' title='bbox 986 3205 1150 3266; x_wconf 90' lang='lat' dir='ltr'><strong>lllam</strong></span> <span class='ocrx_word' id='word_1_448' title='bbox 1196 3205 1392 3286; x_wconf 91' lang='lat' dir='ltr'><strong>itaque</strong></span> <span class='ocrx_word' id='word_1_449' title='bbox 1427 3206 1829 3284; x_wconf 63' lang='lat' dir='ltr'><strong>paenitentiam</strong></span> <span class='ocrx_word' id='word_1_450' title='bbox 1858 3206 1935 3268; x_wconf 89' lang='lat' dir='ltr'><strong>ait</strong></span> <span class='ocrx_word' id='word_1_451' title='bbox 1963 3225 2093 3288; x_wconf 59' lang='lat' dir='ltr'><strong>quae</strong></span> 
     </span>
    </p>
   </div>
   <div class='ocr_carea' id='block_1_60' title="bbox 451 3295 2090 3378">
    <p class='ocr_par' dir='ltr' id='par_1_60' title="bbox 451 3295 2090 3378">
     <span class='ocr_line' id='line_1_60' title="bbox 451 3295 2090 3378; baseline 0 -20"><span class='ocrx_word' id='word_1_452' title='bbox 451 3297 511 3358; x_wconf 89' lang='lat' dir='ltr'><strong>in</strong></span> <span class='ocrx_word' id='word_1_453' title='bbox 548 3295 903 3377; x_wconf 87' lang='lat' dir='ltr'><strong>baptismate</strong></span> <span class='ocrx_word' id='word_1_454' title='bbox 961 3302 1051 3359; x_wconf 83' lang='lat' dir='ltr'><strong>est</strong></span> <span class='ocrx_word' id='word_1_455' title='bbox 1088 3315 1101 3354; x_wconf 91' lang='lat'><strong>:</strong></span> <span class='ocrx_word' id='word_1_456' title='bbox 1158 3295 1316 3358; x_wconf 89' lang='lat' dir='ltr'><strong>unde</strong></span> <span class='ocrx_word' id='word_1_457' title='bbox 1347 3304 1405 3357; x_wconf 91' lang='lat' dir='ltr'><strong>et</strong></span> <span class='ocrx_word' id='word_1_458' title='bbox 1432 3297 1703 3361; x_wconf 80' lang='lat' dir='ltr'><strong>renovari</strong></span> <span class='ocrx_word' id='word_1_459' title='bbox 1733 3297 1900 3371; x_wconf 84' lang='lat' dir='ltr'><strong>dixit,</strong></span> <span class='ocrx_word' id='word_1_460' title='bbox 1934 3296 2090 3378; x_wconf 90' lang='lat' dir='ltr'><strong>quod</strong></span> 
     </span>
    </p>
   </div>
   <div class='ocr_carea' id='block_1_61' title="bbox 2173 2578 3814 2662">
    <p class='ocr_par' dir='ltr' id='par_1_61' title="bbox 2173 2578 3814 2662">
     <span class='ocr_line' id='line_1_61' title="bbox 2173 2578 3814 2662; baseline -0.002 -23"><span class='ocrx_word' id='word_1_461' title='bbox 2173 2585 2201 2639; x_wconf 84' lang='grc' dir='ltr'>ὁ</span> <span class='ocrx_word' id='word_1_462' title='bbox 2231 2582 2283 2639; x_wconf 78' lang='grc' dir='ltr'>ἐν</span> <span class='ocrx_word' id='word_1_463' title='bbox 2312 2583 2458 2661; x_wconf 85' lang='grc' dir='ltr'>ἁγίος</span> <span class='ocrx_word' id='word_1_464' title='bbox 2503 2580 2757 2662; x_wconf 79' lang='grc' dir='ltr'>Κύριλλος</span> <span class='ocrx_word' id='word_1_465' title='bbox 2813 2581 2865 2639; x_wconf 83' lang='grc' dir='ltr'>ἐν</span> <span class='ocrx_word' id='word_1_466' title='bbox 2922 2579 3109 2658; x_wconf 79' lang='grc' dir='ltr'>βιϐλίῳ</span> <span class='ocrx_word' id='word_1_467' title='bbox 3150 2580 3290 2655; x_wconf 71' lang='grc' dir='ltr'>ἕκτῳ</span> <span class='ocrx_word' id='word_1_468' title='bbox 3342 2587 3441 2649; x_wconf 83' lang='grc' dir='ltr'>τῆς</span> <span class='ocrx_word' id='word_1_469' title='bbox 3608 2581 3703 2648; x_wconf 78' lang='grc' dir='ltr'>τῆς</span> <span class='ocrx_word' id='word_1_470' title='bbox 3759 2578 3814 2635; x_wconf 77' lang='grc' dir='ltr'>ἐν</span> 
     </span>
    </p>
   </div>
   <div class='ocr_carea' id='block_1_62' title="bbox 2172 2668 3811 2749">
    <p class='ocr_par' dir='ltr' id='par_1_62' title="bbox 2172 2668 3811 2749">
     <span class='ocr_line' id='line_1_62' title="bbox 2172 2668 3811 2749; baseline -0.002 -21"><span class='ocrx_word' id='word_1_471' title='bbox 2172 2672 2401 2748; x_wconf 77' lang='grc' dir='ltr'>πνύματι</span> <span class='ocrx_word' id='word_1_472' title='bbox 2443 2672 2530 2728; x_wconf 87' lang='grc' dir='ltr'><strong>καὶ</strong></span> <span class='ocrx_word' id='word_1_473' title='bbox 2566 2670 2783 2743; x_wconf 71' lang='grc' dir='ltr'>ἀληθείᾳ</span> <span class='ocrx_word' id='word_1_474' title='bbox 2823 2669 3088 2749; x_wconf 83' lang='grc' dir='ltr'>λατρείας)</span> <span class='ocrx_word' id='word_1_475' title='bbox 3141 2668 3278 2733; x_wconf 78' lang='grc' dir='ltr'>ἀλλὰ</span> <span class='ocrx_word' id='word_1_476' title='bbox 3333 2671 3428 2739; x_wconf 76' lang='grc' dir='ltr'><strong>τὴν</strong></span> <span class='ocrx_word' id='word_1_477' title='bbox 3487 2669 3571 2729; x_wconf 80' lang='grc' dir='ltr'><strong>διὰ</strong></span> <span class='ocrx_word' id='word_1_478' title='bbox 3625 2670 3811 2726; x_wconf 83' lang='grc' dir='ltr'>ϐαπτί-</span> 
     </span>
    </p>
   </div>
   <div class='ocr_carea' id='block_1_63' title="bbox 2175 2758 3813 2840">
    <p class='ocr_par' dir='ltr' id='par_1_63' title="bbox 2175 2758 3813 2840">
     <span class='ocr_line' id='line_1_63' title="bbox 2175 2758 3813 2840; baseline -0.002 -22"><span class='ocrx_word' id='word_1_479' title='bbox 2175 2784 2374 2837; x_wconf 83' lang='grc' dir='ltr'>σματος</span> <span class='ocrx_word' id='word_1_480' title='bbox 2404 2760 2707 2837; x_wconf 69' lang='grc' dir='ltr'>μετάιοιαν.</span> <span class='ocrx_word' id='word_1_481' title='bbox 2746 2768 2842 2817; x_wconf 91' lang='grc' dir='ltr'><strong>Δεῖ</strong></span> <span class='ocrx_word' id='word_1_482' title='bbox 2869 2761 2973 2838; x_wconf 83' lang='grc' dir='ltr'><strong>γὰρ</strong></span> <span class='ocrx_word' id='word_1_483' title='bbox 3020 2765 3230 2840; x_wconf 82' lang='grc' dir='ltr'>πρῶτον</span> <span class='ocrx_word' id='word_1_484' title='bbox 3283 2761 3582 2837; x_wconf 62' lang='grc' dir='ltr'>ἡγήσασθαι</span> <span class='ocrx_word' id='word_1_485' title='bbox 3641 2758 3813 2835; x_wconf 76' lang='grc' dir='ltr'>μετά-</span> 
     </span>
    </p>
   </div>
   <div class='ocr_carea' id='block_1_64' title="bbox 2173 2846 3814 2927">
    <p class='ocr_par' dir='ltr' id='par_1_64' title="bbox 2173 2846 3814 2927">
     <span class='ocr_line' id='line_1_64' title="bbox 2173 2846 3814 2927; baseline -0.002 -21"><span class='ocrx_word' id='word_1_486' title='bbox 2173 2872 2319 2907; x_wconf 90' lang='grc' dir='ltr'>νοιαν</span> <span class='ocrx_word' id='word_1_487' title='bbox 2346 2852 2435 2907; x_wconf 82' lang='grc' dir='ltr'><strong>καὶ</strong></span> <span class='ocrx_word' id='word_1_488' title='bbox 2462 2847 2712 2915; x_wconf 78' lang='grc' dir='ltr'>ἀπόταξιν</span> <span class='ocrx_word' id='word_1_489' title='bbox 2736 2855 2842 2905; x_wconf 83' lang='grc' dir='ltr'><strong>τῶν</strong></span> <span class='ocrx_word' id='word_1_490' title='bbox 2882 2854 3129 2927; x_wconf 83' lang='grc' dir='ltr'>πονηρῶν</span> <span class='ocrx_word' id='word_1_491' title='bbox 3185 2847 3444 2927; x_wconf 77' lang='grc' dir='ltr'>πράξεων,</span> <span class='ocrx_word' id='word_1_492' title='bbox 3502 2848 3590 2905; x_wconf 82' lang='grc' dir='ltr'><strong>καὶ</strong></span> <span class='ocrx_word' id='word_1_493' title='bbox 3646 2846 3814 2912; x_wconf 72' lang='grc' dir='ltr'>οὕτως</span> 
     </span>
    </p>
   </div>
   <div class='ocr_carea' id='block_1_65' title="bbox 2173 2935 3813 3017">
    <p class='ocr_par' dir='ltr' id='par_1_65' title="bbox 2173 2935 3813 3017">
     <span class='ocr_line' id='line_1_65' title="bbox 2173 2935 3813 3017; baseline -0.002 -22"><span class='ocrx_word' id='word_1_494' title='bbox 2173 2940 2552 3015; x_wconf 77' lang='grc' dir='ltr'>βαπτισθῆναι,</span> <span class='ocrx_word' id='word_1_495' title='bbox 2608 2935 2847 3004; x_wconf 83' lang='grc' dir='ltr'>Ἐκείνην</span> <span class='ocrx_word' id='word_1_496' title='bbox 2876 2936 2971 2994; x_wconf 79' lang='grc' dir='ltr'>οὖν</span> <span class='ocrx_word' id='word_1_497' title='bbox 3021 2938 3175 3017; x_wconf 78' lang='grc' dir='ltr'>φησὶ,</span> <span class='ocrx_word' id='word_1_498' title='bbox 3219 2937 3316 3004; x_wconf 77' lang='grc' dir='ltr'><strong>τὴν</strong></span> <span class='ocrx_word' id='word_1_499' title='bbox 3374 2937 3430 2992; x_wconf 74' lang='grc' dir='ltr'>ἐν</span> <span class='ocrx_word' id='word_1_500' title='bbox 3486 2943 3562 3011; x_wconf 79' lang='grc' dir='ltr'>τῷ</span> <span class='ocrx_word' id='word_1_501' title='bbox 3617 2935 3813 3014; x_wconf 89' lang='grc' dir='ltr'>βαπτί-</span> 
     </span>
    </p>
   </div>
   <div class='ocr_carea' id='block_1_66' title="bbox 2173 3023 3813 3103">
    <p class='ocr_par' dir='ltr' id='par_1_66' title="bbox 2173 3023 3813 3103">
     <span class='ocr_line' id='line_1_66' title="bbox 2173 3023 3813 3103; baseline -0.001 -21"><span class='ocrx_word' id='word_1_502' title='bbox 2173 3049 2335 3103; x_wconf 90' lang='grc' dir='ltr'>σματι</span> <span class='ocrx_word' id='word_1_503' title='bbox 2379 3027 2684 3103; x_wconf 84' lang='grc' dir='ltr'>μετάνοιαν,</span> <span class='ocrx_word' id='word_1_504' title='bbox 2732 3025 2848 3082; x_wconf 76' lang='grc' dir='ltr'>ὅθεν</span> <span class='ocrx_word' id='word_1_505' title='bbox 2890 3027 2978 3087; x_wconf 89' lang='grc' dir='ltr'><strong>καὶ</strong></span> <span class='ocrx_word' id='word_1_506' title='bbox 3018 3025 3193 3099; x_wconf 77' lang='grc' dir='ltr'>εἶπεν,</span> <span class='ocrx_word' id='word_1_507' title='bbox 3249 3024 3626 3097; x_wconf 80' lang='grc' dir='ltr'>Ἀνακαινίζειν</span> <span class='ocrx_word' id='word_1_508' title='bbox 3683 3023 3813 3103; x_wconf 80' lang='grc' dir='ltr'>ὅπερ</span> 
     </span>
    </p>
   </div>
   <div class='ocr_carea' id='block_1_67' title="bbox 2174 3114 3813 3198">
    <p class='ocr_par' dir='ltr' id='par_1_67' title="bbox 2174 3114 3813 3198">
     <span class='ocr_line' id='line_1_67' title="bbox 2174 3114 3813 3198; baseline -0.002 -26"><span class='ocrx_word' id='word_1_509' title='bbox 2174 3115 2309 3173; x_wconf 76' lang='grc' dir='ltr'>ἴδιον</span> <span class='ocrx_word' id='word_1_510' title='bbox 2335 3118 2718 3198; x_wconf 76' lang='grc' dir='ltr'>βαπτίσματος,</span> <span class='ocrx_word' id='word_1_511' title='bbox 2749 3118 2837 3173; x_wconf 83' lang='grc' dir='ltr'>καὶ</span> <span class='ocrx_word' id='word_1_512' title='bbox 2862 3114 3361 3196; x_wconf 79' lang='grc' dir='ltr'>Ἀνασταυροῦντας,</span> <span class='ocrx_word' id='word_1_513' title='bbox 3394 3114 3525 3192; x_wconf 85' lang='grc' dir='ltr'>ὅπερ</span> <span class='ocrx_word' id='word_1_514' title='bbox 3551 3116 3639 3173; x_wconf 85' lang='grc' dir='ltr'><strong>καὶ</strong></span> <span class='ocrx_word' id='word_1_515' title='bbox 3658 3120 3813 3171; x_wconf 79' lang='grc' dir='ltr'>τοῦτο</span> 
     </span>
    </p>
   </div>
   <div class='ocr_carea' id='block_1_68' title="bbox 2172 3203 3813 3284">
    <p class='ocr_par' dir='ltr' id='par_1_68' title="bbox 2172 3203 3813 3284">
     <span class='ocr_line' id='line_1_68' title="bbox 2172 3203 3813 3284; baseline -0.004 -20"><span class='ocrx_word' id='word_1_516' title='bbox 2172 3206 2532 3284; x_wconf 80' lang='grc' dir='ltr'>βαπτίσματος</span> <span class='ocrx_word' id='word_1_517' title='bbox 2556 3203 2714 3269; x_wconf 76' lang='grc' dir='ltr'>ἴδιον,</span> <span class='ocrx_word' id='word_1_518' title='bbox 2760 3207 2820 3263; x_wconf 82' lang='grc' dir='ltr'><strong>Οἱ</strong></span> <span class='ocrx_word' id='word_1_519' title='bbox 2848 3204 2947 3283; x_wconf 82' lang='grc' dir='ltr'>γὰρ</span> <span class='ocrx_word' id='word_1_520' title='bbox 2978 3204 3373 3280; x_wconf 82' lang='grc' dir='ltr'>βαπτιζόμενοι,</span> <span class='ocrx_word' id='word_1_521' title='bbox 3408 3210 3813 3283; x_wconf 80' lang='grc' dir='ltr'>συσταυροῦνται</span> 
     </span>
    </p>
   </div>
   <div class='ocr_carea' id='block_1_69' title="bbox 2173 3287 3811 3373">
    <p class='ocr_par' dir='ltr' id='par_1_69' title="bbox 2173 3287 3811 3373">
     <span class='ocr_line' id='line_1_69' title="bbox 2173 3287 3811 3373; baseline -0.003 -21"><span class='ocrx_word' id='word_1_522' title='bbox 2173 3303 2248 3371; x_wconf 84' lang='grc' dir='ltr'>τῷ</span> <span class='ocrx_word' id='word_1_523' title='bbox 2292 3297 2480 3373; x_wconf 81' lang='grc' dir='ltr'>Κυρίῳ.</span> <span class='ocrx_word' id='word_1_524' title='bbox 2520 3287 2577 3353; x_wconf 76' lang='grc' dir='ltr'><strong>Ὀ</strong></span> <span class='ocrx_word' id='word_1_525' title='bbox 2621 3294 2710 3351; x_wconf 76' lang='grc' dir='ltr'>οὖν</span> <span class='ocrx_word' id='word_1_526' title='bbox 2734 3292 2899 3352; x_wconf 85' lang='grc' dir='ltr'>πάλιν</span> <span class='ocrx_word' id='word_1_527' title='bbox 2926 3291 3011 3349; x_wconf 81' lang='grc' dir='ltr'>διὰ</span> <span class='ocrx_word' id='word_1_528' title='bbox 3036 3293 3399 3369; x_wconf 84' lang='grc' dir='ltr'>βαπτίσματος</span> <span class='ocrx_word' id='word_1_529' title='bbox 3442 3292 3679 3373; x_wconf 82' lang='grc' dir='ltr'>δευτέρου</span> <span class='ocrx_word' id='word_1_530' title='bbox 3705 3313 3811 3368; x_wconf 56' lang='grc' dir='ltr'><strong>μεῳ</strong></span> 
     </span>
    </p>
   </div>
   <div class='ocr_carea' id='block_1_70' title="bbox 2174 3382 3812 3463">
    <p class='ocr_par' dir='ltr' id='par_1_70' title="bbox 2174 3382 3812 3463">
     <span class='ocr_line' id='line_1_70' title="bbox 2174 3382 3812 3463; baseline -0.003 -22"><span class='ocrx_word' id='word_1_531' title='bbox 2174 3397 2385 3442; x_wconf 83' lang='grc' dir='ltr'>τανοεῖν</span> <span class='ocrx_word' id='word_1_532' title='bbox 2411 3382 2600 3459; x_wconf 84' lang='grc' dir='ltr'>θέλων,</span> <span class='ocrx_word' id='word_1_533' title='bbox 2617 3382 2927 3461; x_wconf 80' lang='grc' dir='ltr'>ἐνασταυροῖ</span> <span class='ocrx_word' id='word_1_534' title='bbox 2949 3383 3038 3440; x_wconf 82' lang='grc' dir='ltr'>τὸν</span> <span class='ocrx_word' id='word_1_535' title='bbox 3068 3383 3290 3460; x_wconf 83' lang='grc' dir='ltr'>Χριστὸν</span> <span class='ocrx_word' id='word_1_536' title='bbox 3316 3387 3393 3455; x_wconf 82' lang='grc' dir='ltr'>τῷ</span> <span class='ocrx_word' id='word_1_537' title='bbox 3408 3384 3812 3463; x_wconf 78' lang='grc' dir='ltr'>συσταυροῦσθαι</span> 
     </span>
    </p>
   </div>
   <div class='ocr_carea' id='block_1_71' title="bbox 2172 3496 2335 3548">
    <p class='ocr_par' dir='ltr' id='par_1_71' title="bbox 2172 3496 2335 3548">
     <span class='ocr_line' id='line_1_71' title="bbox 2172 3496 2335 3548; baseline 0.025 -18"><span class='ocrx_word' id='word_1_538' title='bbox 2172 3496 2335 3548; x_wconf 71' lang='grc' dir='ltr'>αυτψ.</span> 
     </span>
    </p>
   </div>
   <div class='ocr_carea' id='block_1_72' title="bbox 443 3382 2090 3468">
    <p class='ocr_par' dir='ltr' id='par_1_72' title="bbox 443 3382 2090 3468">
     <span class='ocr_line' id='line_1_72' title="bbox 443 3382 2090 3468; baseline 0 -20"><span class='ocrx_word' id='word_1_539' title='bbox 443 3387 752 3468; x_wconf 83' lang='lat' dir='ltr'><strong>proprium</strong></span> <span class='ocrx_word' id='word_1_540' title='bbox 805 3394 896 3446; x_wconf 92' lang='lat' dir='ltr'><strong>est</strong></span> <span class='ocrx_word' id='word_1_541' title='bbox 947 3382 1335 3464; x_wconf 80' lang='lat' dir='ltr'><strong>baptismatis,</strong></span> <span class='ocrx_word' id='word_1_542' title='bbox 1402 3391 1480 3459; x_wconf 92' lang='lat' dir='ltr'><strong>et,</strong></span> <span class='ocrx_word' id='word_1_543' title='bbox 1533 3386 1785 3446; x_wconf 90' lang='lat' dir='ltr'><strong>Rursum</strong></span> <span class='ocrx_word' id='word_1_544' title='bbox 1848 3386 2090 3448; x_wconf 86' lang='lat' dir='ltr'><strong>cruciﬁ-</strong></span> 
     </span>
    </p>
   </div>
   <div class='ocr_carea' id='block_1_73' title="bbox 441 3472 2093 3557">
    <p class='ocr_par' dir='ltr' id='par_1_73' title="bbox 441 3472 2093 3557">
     <span class='ocr_line' id='line_1_73' title="bbox 441 3472 2093 3557; baseline -0.001 -18"><span class='ocrx_word' id='word_1_545' title='bbox 441 3484 670 3557; x_wconf 80' lang='lat' dir='ltr'><strong>gentes,</strong></span> <span class='ocrx_word' id='word_1_546' title='bbox 704 3474 862 3555; x_wconf 91' lang='lat' dir='ltr'><strong>quod</strong></span> <span class='ocrx_word' id='word_1_547' title='bbox 894 3480 953 3545; x_wconf 81' lang='lat' dir='ltr'><strong>et</strong></span> <span class='ocrx_word' id='word_1_548' title='bbox 982 3473 1092 3534; x_wconf 91' lang='lat' dir='ltr'><strong>hoc</strong></span> <span class='ocrx_word' id='word_1_549' title='bbox 1117 3472 1422 3554; x_wconf 88' lang='lat' dir='ltr'><strong>proprium</strong></span> <span class='ocrx_word' id='word_1_550' title='bbox 1444 3482 1532 3533; x_wconf 90' lang='lat' dir='ltr'><strong>est</strong></span> <span class='ocrx_word' id='word_1_551' title='bbox 1564 3473 1956 3554; x_wconf 88' lang='lat' dir='ltr'><strong>baptismatis.</strong></span> <span class='ocrx_word' id='word_1_552' title='bbox 1977 3474 2093 3549; x_wconf 88' lang='lat' dir='ltr'><strong>Qui</strong></span> 
     </span>
    </p>
   </div>
   <div class='ocr_carea' id='block_1_74' title="bbox 438 3560 2088 3644">
    <p class='ocr_par' dir='ltr' id='par_1_74' title="bbox 438 3560 2088 3644">
     <span class='ocr_line' id='line_1_74' title="bbox 438 3560 2088 3644; baseline 0 -16"><span class='ocrx_word' id='word_1_553' title='bbox 438 3565 600 3628; x_wconf 90' lang='lat' dir='ltr'><strong>enim</strong></span> <span class='ocrx_word' id='word_1_554' title='bbox 634 3564 1023 3644; x_wconf 77' lang='lat' dir='ltr'><strong>baptizantur,</strong></span> <span class='ocrx_word' id='word_1_555' title='bbox 1055 3581 1174 3626; x_wconf 89' lang='lat' dir='ltr'><strong>una</strong></span> <span class='ocrx_word' id='word_1_556' title='bbox 1206 3580 1339 3623; x_wconf 88' lang='lat' dir='ltr'><strong>cum</strong></span> <span class='ocrx_word' id='word_1_557' title='bbox 1364 3560 1614 3623; x_wconf 92' lang='lat' dir='ltr'><strong>Domino</strong></span> <span class='ocrx_word' id='word_1_558' title='bbox 1640 3563 2088 3643; x_wconf 82' lang='lat' dir='ltr'><strong>cruciﬁguntur.</strong></span> 
     </span>
    </p>
   </div>
   <div class='ocr_carea' id='block_1_75' title="bbox 436 3649 3810 3735">
    <p class='ocr_par' dir='ltr' id='par_1_75' title="bbox 436 3649 3810 3735">
     <span class='ocr_line' id='line_1_75' title="bbox 436 3649 3810 3735; baseline -0.001 -19"><span class='ocrx_word' id='word_1_559' title='bbox 436 3654 547 3728; x_wconf 91' lang='lat' dir='ltr'><strong>Qui</strong></span> <span class='ocrx_word' id='word_1_560' title='bbox 578 3654 759 3734; x_wconf 81' lang='lat' dir='ltr'><strong>igitur</strong></span> <span class='ocrx_word' id='word_1_561' title='bbox 787 3671 1022 3717; x_wconf 87' lang='lat' dir='ltr'><strong>rursum</strong></span> <span class='ocrx_word' id='word_1_562' title='bbox 1054 3652 1176 3714; x_wconf 85' lang='lat' dir='ltr'><strong>vult</strong></span> <span class='ocrx_word' id='word_1_563' title='bbox 1207 3670 1310 3731; x_wconf 92' lang='lat' dir='ltr'><strong>per</strong></span> <span class='ocrx_word' id='word_1_564' title='bbox 1341 3650 1591 3714; x_wconf 91' lang='lat' dir='ltr'><strong>alterum</strong></span> <span class='ocrx_word' id='word_1_565' title='bbox 1623 3650 1913 3733; x_wconf 88' lang='lat' dir='ltr'><strong>baptisma</strong></span> <span class='ocrx_word' id='word_1_566' title='bbox 1944 3657 2255 3735; x_wconf 57' lang='lat' dir='ltr'><strong>poenitere,</strong></span> <span class='ocrx_word' id='word_1_567' title='bbox 2287 3649 2586 3713; x_wconf 89' lang='lat' dir='ltr'><strong>Christum</strong></span> <span class='ocrx_word' id='word_1_568' title='bbox 2618 3667 2856 3712; x_wconf 89' lang='lat' dir='ltr'><strong>rursum</strong></span> <span class='ocrx_word' id='word_1_569' title='bbox 2899 3649 3210 3731; x_wconf 79' lang='lat' dir='ltr'><strong>cruciﬁgit,</strong></span> <span class='ocrx_word' id='word_1_570' title='bbox 3245 3669 3316 3714; x_wconf 93' lang='lat' dir='ltr'><strong>eo</strong></span> <span class='ocrx_word' id='word_1_571' title='bbox 3346 3649 3504 3732; x_wconf 87' lang='lat' dir='ltr'><strong>quod</strong></span> <span class='ocrx_word' id='word_1_572' title='bbox 3530 3666 3647 3713; x_wconf 88' lang='lat' dir='ltr'><strong>una</strong></span> <span class='ocrx_word' id='word_1_573' title='bbox 3675 3666 3810 3712; x_wconf 88' lang='lat' dir='ltr'><strong>cum</strong></span> 
     </span>
    </p>
   </div>
   <div class='ocr_carea' id='block_1_76' title="bbox 433 3742 990 3825">
    <p class='ocr_par' dir='ltr' id='par_1_76' title="bbox 433 3742 990 3825">
     <span class='ocr_line' id='line_1_76' title="bbox 433 3742 990 3825; baseline -0.007 -20"><span class='ocrx_word' id='word_1_574' title='bbox 433 3744 562 3825; x_wconf 91' lang='lat' dir='ltr'><strong>ipso</strong></span> <span class='ocrx_word' id='word_1_575' title='bbox 595 3742 990 3821; x_wconf 72' lang='lat' dir='ltr'><strong>cruciﬁgatur.</strong></span> 
     </span>
    </p>
   </div>
   <div class='ocr_carea' id='block_1_77' title="bbox 523 3829 2088 3911">
    <p class='ocr_par' dir='ltr' id='par_1_77' title="bbox 523 3829 2079 3911">
     <span class='ocr_line' id='line_1_77' title="bbox 523 3829 2079 3911; baseline 0.006 -22"><span class='ocrx_word' id='word_1_576' title='bbox 523 3831 816 3893; x_wconf 75' lang='lat' dir='ltr'><strong>«Rursum</strong></span> <span class='ocrx_word' id='word_1_577' title='bbox 834 3830 1249 3909; x_wconf 82' lang='lat' dir='ltr'><strong>cruciﬁgentes</strong></span> <span class='ocrx_word' id='word_1_578' title='bbox 1261 3829 1650 3911; x_wconf 88' lang='lat' dir='ltr'><strong>sibimetipsis</strong></span> <span class='ocrx_word' id='word_1_579' title='bbox 1666 3830 1882 3894; x_wconf 90' lang='lat' dir='ltr'><strong>Filium</strong></span> <span class='ocrx_word' id='word_1_580' title='bbox 1907 3833 2079 3900; x_wconf 59' lang='lat' dir='ltr'><strong>DeiJ,</strong></span> 
     </span>
    </p>
   </div>
   <div class='ocr_carea' id='block_1_78' title="bbox 2172 3829 3805 3911">
    <p class='ocr_par' dir='ltr' id='par_1_78' title="bbox 2250 3829 3805 3910">
     <span class='ocr_line' id='line_1_78' title="bbox 2250 3829 3805 3910; baseline -0.004 -20"><span class='ocrx_word' id='word_1_581' title='bbox 2250 3855 2273 3890; x_wconf 71' lang='grc' dir='ltr'><strong>α</strong></span> <span class='ocrx_word' id='word_1_582' title='bbox 2325 3830 2802 3910; x_wconf 81' lang='grc' dir='ltr'>Ἀνασταυροῠντας</span> <span class='ocrx_word' id='word_1_583' title='bbox 2861 3831 3074 3896; x_wconf 77' lang='grc' dir='ltr'>ἑαυτοῖς</span> <span class='ocrx_word' id='word_1_584' title='bbox 3128 3832 3223 3889; x_wconf 82' lang='grc' dir='ltr'><strong>τὸν</strong></span> <span class='ocrx_word' id='word_1_585' title='bbox 3263 3832 3382 3888; x_wconf 81' lang='grc' dir='ltr'>Υἱὸν</span> <span class='ocrx_word' id='word_1_586' title='bbox 3438 3829 3530 3887; x_wconf 72' lang='grc' dir='ltr'><strong>τοῦ</strong></span> <span class='ocrx_word' id='word_1_587' title='bbox 3571 3830 3724 3890; x_wconf 79' lang='grc' dir='ltr'><strong>Θεοῦ.</strong></span> <span class='ocrx_word' id='word_1_588' title='bbox 3777 3852 3805 3884; x_wconf 71' lang='grc' dir='ltr'><strong>ν</strong></span> 
     </span>
    </p>
   </div>
   <div class='ocr_carea' id='block_1_79' title="bbox 438 3917 2088 4002">
    <p class='ocr_par' dir='ltr' id='par_1_79' title="bbox 438 3917 2077 4001">
     <span class='ocr_line' id='line_1_79' title="bbox 438 3917 2077 4001; baseline 0.003 -21"><span class='ocrx_word' id='word_1_589' title='bbox 438 3919 593 3992; x_wconf 80' lang='lat' dir='ltr'><strong>Quid</strong></span> <span class='ocrx_word' id='word_1_590' title='bbox 624 3927 714 3985; x_wconf 87' lang='lat' dir='ltr'><strong>est</strong></span> <span class='ocrx_word' id='word_1_591' title='bbox 770 3940 783 3977; x_wconf 90' lang='lat'><strong>:</strong></span> <span class='ocrx_word' id='word_1_592' title='bbox 818 3917 1075 3987; x_wconf 80' lang='lat' dir='ltr'><strong>Rursum</strong></span> <span class='ocrx_word' id='word_1_593' title='bbox 1114 3918 1530 3997; x_wconf 82' lang='lat' dir='ltr'><strong>cruciﬁgentes</strong></span> <span class='ocrx_word' id='word_1_594' title='bbox 1560 3919 1946 4001; x_wconf 89' lang='lat' dir='ltr'><strong>sibimetipsis</strong></span> <span class='ocrx_word' id='word_1_595' title='bbox 1974 3922 2077 3984; x_wconf 89' lang='lat' dir='ltr'><strong>Fi-</strong></span> 
     </span>
    </p>
   </div>
   <div class='ocr_carea' id='block_1_80' title="bbox 2172 3917 3811 4002">
    <p class='ocr_par' dir='ltr' id='par_1_80' title="bbox 2172 3918 3811 4002">
     <span class='ocr_line' id='line_1_80' title="bbox 2172 3918 3811 4002; baseline -0.004 -22"><span class='ocrx_word' id='word_1_596' title='bbox 2172 3924 2221 3980; x_wconf 86' lang='grc' dir='ltr'>Γί</span> <span class='ocrx_word' id='word_1_597' title='bbox 2290 3921 2455 4002; x_wconf 76' lang='grc' dir='ltr'>ἐστιν,</span> <span class='ocrx_word' id='word_1_598' title='bbox 2517 3918 2998 3999; x_wconf 82' lang='grc' dir='ltr'>Ἀνασταυροῦντας</span> <span class='ocrx_word' id='word_1_599' title='bbox 3082 3920 3294 4002; x_wconf 67' lang='grc' dir='ltr'>ἑαυτοῖς</span> <span class='ocrx_word' id='word_1_600' title='bbox 3354 3921 3446 3976; x_wconf 81' lang='grc' dir='ltr'><strong>τὸν</strong></span> <span class='ocrx_word' id='word_1_601' title='bbox 3516 3921 3635 3975; x_wconf 79' lang='grc' dir='ltr'>Υἰὸν</span> <span class='ocrx_word' id='word_1_602' title='bbox 3715 3927 3811 3978; x_wconf 79' lang='grc' dir='ltr'>τοῦ</span> 
     </span>
    </p>
   </div>
   <div class='ocr_carea' id='block_1_81' title="bbox 439 3994 2088 4091">
    <p class='ocr_par' dir='ltr' id='par_1_81' title="bbox 439 3994 2078 4089">
     <span class='ocr_line' id='line_1_81' title="bbox 439 3994 2078 4089; baseline 0.002 -20"><span class='ocrx_word' id='word_1_603' title='bbox 439 4008 583 4081; x_wconf 78' lang='lat' dir='ltr'><strong>lium</strong></span> <span class='ocrx_word' id='word_1_604' title='bbox 615 4006 727 4075; x_wconf 80' lang='lat' dir='ltr'><strong>Dei</strong></span> <span class='ocrx_word' id='word_1_605' title='bbox 758 4015 818 4067; x_wconf 92' lang='lat' dir='ltr'><strong>et</strong></span> <span class='ocrx_word' id='word_1_606' title='bbox 848 4007 1105 4069; x_wconf 88' lang='lat' dir='ltr'><strong>ostentui</strong></span> <span class='ocrx_word' id='word_1_607' title='bbox 1142 3994 1505 4086; x_wconf 79' lang='lat' dir='ltr'><strong>exponentes</strong></span> <span class='ocrx_word' id='word_1_608' title='bbox 1524 4008 1555 4068; x_wconf 85' lang='lat'><strong>?</strong></span> <span class='ocrx_word' id='word_1_609' title='bbox 1577 4008 1664 4069; x_wconf 88' lang='lat' dir='ltr'><strong>Ab</strong></span> <span class='ocrx_word' id='word_1_610' title='bbox 1688 3994 1913 4089; x_wconf 55' lang='lat' dir='ltr'><strong>integro</strong></span> <span class='ocrx_word' id='word_1_611' title='bbox 1929 4011 2078 4073; x_wconf 89' lang='lat' dir='ltr'><strong>sibi-</strong></span> 
     </span>
    </p>
   </div>
   <div class='ocr_carea' id='block_1_82' title="bbox 2172 3994 3812 4091">
    <p class='ocr_par' dir='ltr' id='par_1_82' title="bbox 2172 3994 3812 4091">
     <span class='ocr_line' id='line_1_82' title="bbox 2172 3994 3812 4091; baseline -0.003 -22"><span class='ocrx_word' id='word_1_612' title='bbox 2172 4019 2292 4070; x_wconf 72' lang='grc' dir='ltr'>θεοῦ</span> <span class='ocrx_word' id='word_1_613' title='bbox 2321 4014 2407 4069; x_wconf 86' lang='grc' dir='ltr'>καὶ</span> <span class='ocrx_word' id='word_1_614' title='bbox 2434 3994 3000 4090; x_wconf 76' lang='grc' dir='ltr'>παραδειγματίζοντας</span> <span class='ocrx_word' id='word_1_615' title='bbox 3031 4029 3048 4091; x_wconf 82' lang='grc'>;</span> <span class='ocrx_word' id='word_1_616' title='bbox 3109 3994 3375 4087; x_wconf 53' lang='lat' dir='ltr'><strong>&quot;iumen,</strong></span> <span class='ocrx_word' id='word_1_617' title='bbox 3448 4009 3598 4089; x_wconf 74' lang='grc' dir='ltr'>φησὶ,</span> <span class='ocrx_word' id='word_1_618' title='bbox 3644 4029 3812 4065; x_wconf 89' lang='grc' dir='ltr'>σταυ-</span> 
     </span>
    </p>
   </div>
   <div class='ocr_carea' id='block_1_83' title="bbox 441 4094 2088 4180">
    <p class='ocr_par' dir='ltr' id='par_1_83' title="bbox 441 4094 2078 4177">
     <span class='ocr_line' id='line_1_83' title="bbox 441 4094 2078 4177; baseline 0.003 -20"><span class='ocrx_word' id='word_1_619' title='bbox 441 4095 711 4177; x_wconf 88' lang='lat' dir='ltr'><strong>metipsis</strong></span> <span class='ocrx_word' id='word_1_620' title='bbox 725 4094 1140 4169; x_wconf 76' lang='lat' dir='ltr'><strong>cruciﬁgentes</strong></span> <span class='ocrx_word' id='word_1_621' title='bbox 1152 4102 1209 4155; x_wconf 91' lang='lat' dir='ltr'><strong>et</strong></span> <span class='ocrx_word' id='word_1_622' title='bbox 1222 4094 1861 4175; x_wconf 76' lang='lat' dir='ltr'><strong>pudefacientesQuod</strong></span> <span class='ocrx_word' id='word_1_623' title='bbox 1878 4109 2078 4162; x_wconf 88' lang='lat' dir='ltr'><strong>autem</strong></span> 
     </span>
    </p>
   </div>
   <div class='ocr_carea' id='block_1_84' title="bbox 2172 4094 3809 4180">
    <p class='ocr_par' dir='ltr' id='par_1_84' title="bbox 2172 4095 3809 4180">
     <span class='ocr_line' id='line_1_84' title="bbox 2172 4095 3809 4180; baseline -0.004 -22"><span class='ocrx_word' id='word_1_624' title='bbox 2172 4110 2382 4179; x_wconf 83' lang='grc' dir='ltr'>ροῦντας</span> <span class='ocrx_word' id='word_1_625' title='bbox 2463 4101 2672 4165; x_wconf 78' lang='grc' dir='ltr'>ἑαυτοῖς</span> <span class='ocrx_word' id='word_1_626' title='bbox 2718 4099 2826 4180; x_wconf 13' lang='grc' dir='ltr'>,καὶ</span> <span class='ocrx_word' id='word_1_627' title='bbox 2880 4100 3350 4180; x_wconf 81' lang='grc' dir='ltr'>καταισχύνοντας.</span> <span class='ocrx_word' id='word_1_628' title='bbox 3432 4107 3472 4156; x_wconf 92' lang='lat'>0</span> <span class='ocrx_word' id='word_1_629' title='bbox 3537 4095 3593 4154; x_wconf 74' lang='grc' dir='ltr'><strong>δὲ</strong></span> <span class='ocrx_word' id='word_1_630' title='bbox 3663 4096 3809 4177; x_wconf 82' lang='grc' dir='ltr'>λέγει</span> 
     </span>
    </p>
   </div>
   <div class='ocr_carea' id='block_1_85' title="bbox 438 4178 2088 4268">
    <p class='ocr_par' dir='ltr' id='par_1_85' title="bbox 438 4182 2084 4264">
     <span class='ocr_line' id='line_1_85' title="bbox 438 4182 2084 4264; baseline 0.002 -16"><span class='ocrx_word' id='word_1_631' title='bbox 438 4186 581 4254; x_wconf 83' lang='lat' dir='ltr'><strong>dicit</strong></span> <span class='ocrx_word' id='word_1_632' title='bbox 598 4184 713 4249; x_wconf 85' lang='lat' dir='ltr'><strong>tale</strong></span> <span class='ocrx_word' id='word_1_633' title='bbox 738 4182 1041 4264; x_wconf 91' lang='lat' dir='ltr'><strong>quippiam</strong></span> <span class='ocrx_word' id='word_1_634' title='bbox 1066 4191 1156 4246; x_wconf 89' lang='lat' dir='ltr'><strong>est</strong></span> <span class='ocrx_word' id='word_1_635' title='bbox 1179 4201 1191 4245; x_wconf 90' lang='lat'><strong>:</strong></span> <span class='ocrx_word' id='word_1_636' title='bbox 1219 4185 1416 4246; x_wconf 89' lang='lat' dir='ltr'><strong>Semel</strong></span> <span class='ocrx_word' id='word_1_637' title='bbox 1442 4186 1761 4248; x_wconf 82' lang='lat' dir='ltr'><strong>cruciﬁxus</strong></span> <span class='ocrx_word' id='word_1_638' title='bbox 1799 4196 1885 4250; x_wconf 90' lang='lat' dir='ltr'><strong>est</strong></span> <span class='ocrx_word' id='word_1_639' title='bbox 1908 4188 2084 4252; x_wconf 85' lang='lat' dir='ltr'><strong>Chri-</strong></span> 
     </span>
    </p>
   </div>
   <div class='ocr_carea' id='block_1_86' title="bbox 2172 4178 3813 4268">
    <p class='ocr_par' dir='ltr' id='par_1_86' title="bbox 2172 4178 3813 4268">
     <span class='ocr_line' id='line_1_86' title="bbox 2172 4178 3813 4268; baseline -0.002 -21"><span class='ocrx_word' id='word_1_640' title='bbox 2172 4178 2400 4249; x_wconf 78' lang='grc' dir='ltr'>τοιοῦτόν</span> <span class='ocrx_word' id='word_1_641' title='bbox 2456 4188 2595 4247; x_wconf 79' lang='grc' dir='ltr'>ἐστιν</span> <span class='ocrx_word' id='word_1_642' title='bbox 2630 4207 2647 4223; x_wconf 90' lang='grc'><strong>·</strong></span> <span class='ocrx_word' id='word_1_643' title='bbox 2714 4178 2898 4253; x_wconf 65' lang='grc' dir='ltr'>’Ὰπαξ</span> <span class='ocrx_word' id='word_1_644' title='bbox 2955 4178 3257 4268; x_wconf 74' lang='grc' dir='ltr'>ἐσταυρώθη</span> <span class='ocrx_word' id='word_1_645' title='bbox 3310 4190 3341 4245; x_wconf 83' lang='grc' dir='ltr'>ὁ</span> <span class='ocrx_word' id='word_1_646' title='bbox 3412 4194 3657 4267; x_wconf 79' lang='grc' dir='ltr'>Χριστὸς,</span> <span class='ocrx_word' id='word_1_647' title='bbox 3719 4187 3813 4243; x_wconf 78' lang='grc' dir='ltr'>καὶ</span> 
     </span>
    </p>
   </div>
   <div class='ocr_carea' id='block_1_87' title="bbox 438 4272 2088 4373">
    <p class='ocr_par' dir='ltr' id='par_1_87' title="bbox 438 4272 2084 4354">
     <span class='ocr_line' id='line_1_87' title="bbox 438 4272 2084 4354; baseline 0.001 -19"><span class='ocrx_word' id='word_1_648' title='bbox 438 4282 587 4348; x_wconf 85' lang='lat' dir='ltr'><strong>stus,</strong></span> <span class='ocrx_word' id='word_1_649' title='bbox 623 4280 680 4335; x_wconf 91' lang='lat' dir='ltr'><strong>et</strong></span> <span class='ocrx_word' id='word_1_650' title='bbox 709 4290 817 4333; x_wconf 91' lang='lat' dir='ltr'><strong>nos</strong></span> <span class='ocrx_word' id='word_1_651' title='bbox 863 4272 1050 4334; x_wconf 89' lang='lat' dir='ltr'><strong>semel</strong></span> <span class='ocrx_word' id='word_1_652' title='bbox 1096 4291 1212 4333; x_wconf 88' lang='lat' dir='ltr'><strong>una</strong></span> <span class='ocrx_word' id='word_1_653' title='bbox 1257 4291 1390 4335; x_wconf 86' lang='lat' dir='ltr'><strong>cum</strong></span> <span class='ocrx_word' id='word_1_654' title='bbox 1423 4273 1552 4354; x_wconf 91' lang='lat' dir='ltr'><strong>ipso</strong></span> <span class='ocrx_word' id='word_1_655' title='bbox 1586 4275 1851 4342; x_wconf 82' lang='lat' dir='ltr'><strong>cruciﬁxi</strong></span> <span class='ocrx_word' id='word_1_656' title='bbox 1881 4296 2084 4340; x_wconf 88' lang='lat' dir='ltr'><strong>sumus</strong></span> 
     </span>
    </p>
   </div>
   <div class='ocr_carea' id='block_1_88' title="bbox 2172 4272 3808 4373">
    <p class='ocr_par' dir='ltr' id='par_1_88' title="bbox 2172 4274 3808 4373">
     <span class='ocr_line' id='line_1_88' title="bbox 2172 4274 3808 4373; baseline -0.001 -40"><span class='ocrx_word' id='word_1_657' title='bbox 2172 4280 2329 4353; x_wconf 72' lang='grc' dir='ltr'>ἡμεῖς</span> <span class='ocrx_word' id='word_1_658' title='bbox 2398 4275 2537 4373; x_wconf 62' lang='grc' dir='ltr'>ἅπαξ</span> <span class='ocrx_word' id='word_1_659' title='bbox 2606 4276 2748 4351; x_wconf 78' lang='grc' dir='ltr'><strong>αὖτῷ</strong></span> <span class='ocrx_word' id='word_1_660' title='bbox 2815 4280 3261 4356; x_wconf 77' lang='grc' dir='ltr'>αυσταυρωθῶμεν</span> <span class='ocrx_word' id='word_1_661' title='bbox 3313 4274 3401 4333; x_wconf 78' lang='grc' dir='ltr'>διὰ.</span> <span class='ocrx_word' id='word_1_662' title='bbox 3439 4284 3531 4334; x_wconf 77' lang='grc' dir='ltr'>τοῦ</span> <span class='ocrx_word' id='word_1_663' title='bbox 3610 4277 3808 4353; x_wconf 80' lang='grc' dir='ltr'>βαπτί-</span> 
     </span>
    </p>
   </div>
   <div class='ocr_carea' id='block_1_89' title="bbox 438 4356 2088 4447">
    <p class='ocr_par' dir='ltr' id='par_1_89' title="bbox 438 4361 2088 4444">
     <span class='ocr_line' id='line_1_89' title="bbox 438 4361 2088 4444; baseline 0.003 -19"><span class='ocrx_word' id='word_1_664' title='bbox 438 4381 546 4444; x_wconf 90' lang='lat' dir='ltr'><strong>per</strong></span> <span class='ocrx_word' id='word_1_665' title='bbox 601 4361 937 4443; x_wconf 88' lang='lat' dir='ltr'><strong>baptisma:</strong></span> <span class='ocrx_word' id='word_1_666' title='bbox 995 4361 1096 4443; x_wconf 92' lang='lat' dir='ltr'><strong>qui</strong></span> <span class='ocrx_word' id='word_1_667' title='bbox 1149 4380 1286 4439; x_wconf 80' lang='lat' dir='ltr'><strong>ergo</strong></span> <span class='ocrx_word' id='word_1_668' title='bbox 1344 4362 1622 4442; x_wconf 85' lang='lat' dir='ltr'><strong>opinatur</strong></span> <span class='ocrx_word' id='word_1_669' title='bbox 1670 4363 1920 4429; x_wconf 88' lang='lat' dir='ltr'><strong>alterum</strong></span> <span class='ocrx_word' id='word_1_670' title='bbox 1954 4384 2088 4430; x_wconf 87' lang='lat' dir='ltr'><strong>esse</strong></span> 
     </span>
    </p>
   </div>
   <div class='ocr_carea' id='block_1_90' title="bbox 2172 4356 3809 4447">
    <p class='ocr_par' dir='ltr' id='par_1_90' title="bbox 2172 4356 3809 4447">
     <span class='ocr_line' id='line_1_90' title="bbox 2172 4356 3809 4447; baseline 0.001 -26"><span class='ocrx_word' id='word_1_671' title='bbox 2172 4388 2392 4441; x_wconf 81' lang='grc' dir='ltr'>σματος.</span> <span class='ocrx_word' id='word_1_672' title='bbox 2467 4356 2525 4423; x_wconf 64' lang='grc' dir='ltr'>Ὀ</span> <span class='ocrx_word' id='word_1_673' title='bbox 2594 4365 2785 4447; x_wconf 82' lang='grc' dir='ltr'>τοίνυν,</span> <span class='ocrx_word' id='word_1_674' title='bbox 2845 4368 3026 4446; x_wconf 67' lang='grc' dir='ltr'>φησὶν,</span> <span class='ocrx_word' id='word_1_675' title='bbox 3075 4366 3314 4442; x_wconf 77' lang='grc' dir='ltr'>οἰόμενος</span> <span class='ocrx_word' id='word_1_676' title='bbox 3371 4365 3515 4423; x_wconf 71' lang='grc' dir='ltr'>εἷναι</span> <span class='ocrx_word' id='word_1_677' title='bbox 3572 4363 3809 4446; x_wconf 79' lang='grc' dir='ltr'>δεύτερον</span> 
     </span>
    </p>
   </div>
   <div class='ocr_carea' id='block_1_91' title="bbox 438 4450 2088 4536">
    <p class='ocr_par' dir='ltr' id='par_1_91' title="bbox 438 4450 2085 4533">
     <span class='ocr_line' id='line_1_91' title="bbox 438 4450 2085 4533; baseline 0.001 -21"><span class='ocrx_word' id='word_1_678' title='bbox 438 4451 752 4533; x_wconf 86' lang='lat' dir='ltr'><strong>baptisma,</strong></span> <span class='ocrx_word' id='word_1_679' title='bbox 789 4459 1072 4530; x_wconf 91' lang='lat' dir='ltr'><strong>quantum</strong></span> <span class='ocrx_word' id='word_1_680' title='bbox 1105 4451 1166 4512; x_wconf 92' lang='lat' dir='ltr'><strong>in</strong></span> <span class='ocrx_word' id='word_1_681' title='bbox 1194 4450 1325 4530; x_wconf 87' lang='lat' dir='ltr'><strong>ipso</strong></span> <span class='ocrx_word' id='word_1_682' title='bbox 1357 4457 1474 4524; x_wconf 71' lang='lat' dir='ltr'><strong>est,</strong></span> <span class='ocrx_word' id='word_1_683' title='bbox 1505 4450 1578 4512; x_wconf 90' lang='lat' dir='ltr'><strong>ab</strong></span> <span class='ocrx_word' id='word_1_684' title='bbox 1610 4451 1842 4531; x_wconf 80' lang='lat' dir='ltr'><strong>integro</strong></span> <span class='ocrx_word' id='word_1_685' title='bbox 1878 4453 2085 4516; x_wconf 58' lang='lat' dir='ltr'><strong>Domi-</strong></span> 
     </span>
    </p>
   </div>
   <div class='ocr_carea' id='block_1_92' title="bbox 2172 4450 3807 4536">
    <p class='ocr_par' dir='ltr' id='par_1_92' title="bbox 2172 4452 3807 4536">
     <span class='ocr_line' id='line_1_92' title="bbox 2172 4452 3807 4536; baseline 0.001 -25"><span class='ocrx_word' id='word_1_686' title='bbox 2172 4456 2455 4532; x_wconf 74' lang='grc' dir='ltr'>βάπτισμα,</span> <span class='ocrx_word' id='word_1_687' title='bbox 2490 4452 2611 4511; x_wconf 72' lang='grc' dir='ltr'>ὅσον</span> <span class='ocrx_word' id='word_1_688' title='bbox 2652 4456 2715 4511; x_wconf 80' lang='grc' dir='ltr'>τὸ</span> <span class='ocrx_word' id='word_1_689' title='bbox 2761 4454 2882 4511; x_wconf 84' lang='grc' dir='ltr'>κατ’</span> <span class='ocrx_word' id='word_1_690' title='bbox 2937 4453 3119 4536; x_wconf 61' lang='grc' dir='ltr'>αὐτὸν,</span> <span class='ocrx_word' id='word_1_691' title='bbox 3177 4452 3371 4511; x_wconf 77' lang='grc' dir='ltr'>ἄνωθεν</span> <span class='ocrx_word' id='word_1_692' title='bbox 3427 4468 3646 4535; x_wconf 83' lang='grc' dir='ltr'>σταυροῖ</span> <span class='ocrx_word' id='word_1_693' title='bbox 3712 4458 3807 4513; x_wconf 79' lang='grc' dir='ltr'><strong>τὸν</strong></span> 
     </span>
    </p>
   </div>
   <div class='ocr_carea' id='block_1_93' title="bbox 437 4539 2088 4624">
    <p class='ocr_par' dir='ltr' id='par_1_93' title="bbox 437 4539 2085 4622">
     <span class='ocr_line' id='line_1_93' title="bbox 437 4539 2085 4622; baseline 0.001 -19"><span class='ocrx_word' id='word_1_694' title='bbox 437 4561 580 4605; x_wconf 92' lang='lat' dir='ltr'><strong>num</strong></span> <span class='ocrx_word' id='word_1_695' title='bbox 601 4540 911 4619; x_wconf 84' lang='lat' dir='ltr'><strong>cruciﬁgit.</strong></span> <span class='ocrx_word' id='word_1_696' title='bbox 950 4539 1101 4612; x_wconf 87' lang='lat' dir='ltr'><strong>Quid</strong></span> <span class='ocrx_word' id='word_1_697' title='bbox 1146 4541 1302 4602; x_wconf 90' lang='lat' dir='ltr'><strong>enim</strong></span> <span class='ocrx_word' id='word_1_698' title='bbox 1326 4540 1484 4607; x_wconf 89' lang='lat' dir='ltr'><strong>aliud</strong></span> <span class='ocrx_word' id='word_1_699' title='bbox 1510 4540 1648 4609; x_wconf 83' lang='lat' dir='ltr'><strong>facit</strong></span> <span class='ocrx_word' id='word_1_700' title='bbox 1673 4541 1770 4622; x_wconf 88' lang='lat' dir='ltr'><strong>qui</strong></span> <span class='ocrx_word' id='word_1_701' title='bbox 1818 4543 2085 4607; x_wconf 83' lang='lat' dir='ltr'><strong>secundo</strong></span> 
     </span>
    </p>
   </div>
   <div class='ocr_carea' id='block_1_94' title="bbox 2172 4539 3809 4624">
    <p class='ocr_par' dir='ltr' id='par_1_94' title="bbox 2172 4540 3809 4624">
     <span class='ocr_line' id='line_1_94' title="bbox 2172 4540 3809 4624; baseline 0.002 -26"><span class='ocrx_word' id='word_1_702' title='bbox 2172 4542 2376 4622; x_wconf 56' lang='grc' dir='ltr'>Κύριον,</span> <span class='ocrx_word' id='word_1_703' title='bbox 2427 4546 2489 4601; x_wconf 87' lang='grc' dir='ltr'>Τί</span> <span class='ocrx_word' id='word_1_704' title='bbox 2527 4544 2627 4624; x_wconf 75' lang='grc' dir='ltr'>γὰρ</span> <span class='ocrx_word' id='word_1_705' title='bbox 2682 4542 2858 4623; x_wconf 74' lang='grc' dir='ltr'>ἕτερον</span> <span class='ocrx_word' id='word_1_706' title='bbox 2912 4556 3062 4601; x_wconf 83' lang='grc' dir='ltr'>ποιεῖ</span> <span class='ocrx_word' id='word_1_707' title='bbox 3130 4546 3158 4600; x_wconf 88' lang='grc' dir='ltr'>ὁ</span> <span class='ocrx_word' id='word_1_708' title='bbox 3218 4540 3455 4624; x_wconf 80' lang='grc' dir='ltr'>δεύτερον</span> <span class='ocrx_word' id='word_1_709' title='bbox 3512 4542 3665 4620; x_wconf 70' lang='grc' dir='ltr'>αὐτῷ</span> <span class='ocrx_word' id='word_1_710' title='bbox 3723 4542 3809 4602; x_wconf 76' lang='grc' dir='ltr'><strong>διὰ</strong></span> 
     </span>
    </p>
   </div>
   <div class='ocr_carea' id='block_1_95' title="bbox 436 4628 2080 4712">
    <p class='ocr_par' dir='ltr' id='par_1_95' title="bbox 436 4628 2080 4712">
     <span class='ocr_line' id='line_1_95' title="bbox 436 4628 2080 4712; baseline 0 -18"><span class='ocrx_word' id='word_1_711' title='bbox 436 4629 758 4694; x_wconf 85' lang='lat' dir='ltr'><strong>arbitratur</strong></span> <span class='ocrx_word' id='word_1_712' title='bbox 815 4647 922 4709; x_wconf 90' lang='lat' dir='ltr'><strong>per</strong></span> <span class='ocrx_word' id='word_1_713' title='bbox 980 4628 1272 4709; x_wconf 83' lang='lat' dir='ltr'><strong>baptisma</strong></span> <span class='ocrx_word' id='word_1_714' title='bbox 1319 4646 1453 4691; x_wconf 88' lang='lat' dir='ltr'><strong>cum</strong></span> <span class='ocrx_word' id='word_1_715' title='bbox 1489 4648 1559 4693; x_wconf 92' lang='lat' dir='ltr'><strong>eo</strong></span> <span class='ocrx_word' id='word_1_716' title='bbox 1590 4630 1857 4710; x_wconf 84' lang='lat' dir='ltr'><strong>cruciﬁgi</strong></span> <span class='ocrx_word' id='word_1_717' title='bbox 1884 4649 2080 4712; x_wconf 91' lang='lat' dir='ltr'><strong>posse,</strong></span> 
     </span>
    </p>
   </div>
   <div class='ocr_carea' id='block_1_96' title="bbox 437 4717 2087 4801">
    <p class='ocr_par' dir='ltr' id='par_1_96' title="bbox 437 4717 2087 4801">
     <span class='ocr_line' id='line_1_96' title="bbox 437 4717 2087 4801; baseline 0.001 -21"><span class='ocrx_word' id='word_1_718' title='bbox 437 4738 618 4801; x_wconf 91' lang='lat' dir='ltr'><strong>quam</strong></span> <span class='ocrx_word' id='word_1_719' title='bbox 649 4718 806 4799; x_wconf 91' lang='lat' dir='ltr'><strong>quod</strong></span> <span class='ocrx_word' id='word_1_720' title='bbox 836 4717 1031 4797; x_wconf 90' lang='lat' dir='ltr'><strong>ipsum</strong></span> <span class='ocrx_word' id='word_1_721' title='bbox 1059 4735 1293 4797; x_wconf 85' lang='lat' dir='ltr'><strong>quoque</strong></span> <span class='ocrx_word' id='word_1_722' title='bbox 1326 4717 1619 4785; x_wconf 88' lang='lat' dir='ltr'><strong>existimat</strong></span> <span class='ocrx_word' id='word_1_723' title='bbox 1649 4718 1915 4781; x_wconf 91' lang='lat' dir='ltr'><strong>secundo</strong></span> <span class='ocrx_word' id='word_1_724' title='bbox 1946 4738 2087 4782; x_wconf 90' lang='lat' dir='ltr'><strong>cru-</strong></span> 
     </span>
    </p>
   </div>
   <div class='ocr_carea' id='block_1_97' title="bbox 437 4805 2088 4889">
    <p class='ocr_par' dir='ltr' id='par_1_97' title="bbox 437 4805 2088 4889">
     <span class='ocr_line' id='line_1_97' title="bbox 437 4805 2088 4889; baseline 0.001 -20"><span class='ocrx_word' id='word_1_725' title='bbox 437 4808 593 4887; x_wconf 85' lang='lat' dir='ltr'><strong>ciﬁgi</strong></span> <span class='ocrx_word' id='word_1_726' title='bbox 619 4826 727 4888; x_wconf 85' lang='lat' dir='ltr'><strong>per</strong></span> <span class='ocrx_word' id='word_1_727' title='bbox 748 4825 820 4869; x_wconf 89' lang='lat' dir='ltr'><strong>ea</strong></span> <span class='ocrx_word' id='word_1_728' title='bbox 840 4825 969 4888; x_wconf 67' lang='lat' dir='ltr'><strong>quae</strong></span> <span class='ocrx_word' id='word_1_729' title='bbox 990 4805 1177 4868; x_wconf 84' lang='lat' dir='ltr'><strong>facit?</strong></span> <span class='ocrx_word' id='word_1_730' title='bbox 1208 4805 1481 4870; x_wconf 90' lang='lat' dir='ltr'><strong>Secundo</strong></span> <span class='ocrx_word' id='word_1_731' title='bbox 1513 4816 1709 4868; x_wconf 89' lang='lat' dir='ltr'><strong>autem</strong></span> <span class='ocrx_word' id='word_1_732' title='bbox 1739 4808 2088 4889; x_wconf 86' lang='lat' dir='ltr'><strong>cruciﬁgere</strong></span> 
     </span>
    </p>
   </div>
   <div class='ocr_carea' id='block_1_98' title="bbox 436 4895 2085 4978">
    <p class='ocr_par' dir='ltr' id='par_1_98' title="bbox 436 4895 2085 4978">
     <span class='ocr_line' id='line_1_98' title="bbox 436 4895 2085 4978; baseline -0.001 -17"><span class='ocrx_word' id='word_1_733' title='bbox 436 4897 733 4962; x_wconf 85' lang='lat' dir='ltr'><strong>Christum</strong></span> <span class='ocrx_word' id='word_1_734' title='bbox 783 4905 1068 4977; x_wconf 89' lang='lat' dir='ltr'><strong>quantum</strong></span> <span class='ocrx_word' id='word_1_735' title='bbox 1094 4895 1156 4956; x_wconf 92' lang='lat' dir='ltr'><strong>in</strong></span> <span class='ocrx_word' id='word_1_736' title='bbox 1180 4914 1251 4958; x_wconf 94' lang='lat' dir='ltr'><strong>eo</strong></span> <span class='ocrx_word' id='word_1_737' title='bbox 1290 4903 1397 4971; x_wconf 91' lang='lat' dir='ltr'><strong>est,</strong></span> <span class='ocrx_word' id='word_1_738' title='bbox 1433 4896 1581 4958; x_wconf 91' lang='lat' dir='ltr'><strong>nihil</strong></span> <span class='ocrx_word' id='word_1_739' title='bbox 1611 4896 1769 4958; x_wconf 88' lang='lat' dir='ltr'><strong>aliud</strong></span> <span class='ocrx_word' id='word_1_740' title='bbox 1794 4906 1881 4958; x_wconf 90' lang='lat' dir='ltr'><strong>est</strong></span> <span class='ocrx_word' id='word_1_741' title='bbox 1910 4916 2085 4978; x_wconf 90' lang='lat' dir='ltr'><strong>quam</strong></span> 
     </span>
    </p>
   </div>
   <div class='ocr_carea' id='block_1_99' title="bbox 434 4984 2084 5066">
    <p class='ocr_par' dir='ltr' id='par_1_99' title="bbox 434 4984 2084 5066">
     <span class='ocr_line' id='line_1_99' title="bbox 434 4984 2084 5066; baseline -0.001 -18"><span class='ocrx_word' id='word_1_742' title='bbox 434 4986 699 5049; x_wconf 88' lang='lat' dir='ltr'><strong>ostentui</strong></span> <span class='ocrx_word' id='word_1_743' title='bbox 717 5003 1015 5066; x_wconf 85' lang='lat' dir='ltr'><strong>exponere</strong></span> <span class='ocrx_word' id='word_1_744' title='bbox 1040 4984 1231 5064; x_wconf 87' lang='lat' dir='ltr'><strong>ipsum</strong></span> <span class='ocrx_word' id='word_1_745' title='bbox 1258 4992 1316 5046; x_wconf 90' lang='lat' dir='ltr'><strong>et</strong></span> <span class='ocrx_word' id='word_1_746' title='bbox 1340 4984 1692 5065; x_wconf 82' lang='lat' dir='ltr'><strong>pudefacere</strong></span> <span class='ocrx_word' id='word_1_747' title='bbox 1712 4985 2084 5066; x_wconf 90' lang='lat' dir='ltr'><strong>ipsum.Nam</strong></span> 
     </span>
    </p>
   </div>
   <div class='ocr_carea' id='block_1_100' title="bbox 443 5073 2088 5157">
    <p class='ocr_par' dir='ltr' id='par_1_100' title="bbox 443 5073 2088 5157">
     <span class='ocr_line' id='line_1_100' title="bbox 443 5073 2088 5157; baseline -0.001 -20"><span class='ocrx_word' id='word_1_748' title='bbox 443 5084 755 5157; x_wconf 89' lang='lat' dir='ltr'><strong>postquam</strong></span> <span class='ocrx_word' id='word_1_749' title='bbox 805 5075 994 5136; x_wconf 91' lang='lat' dir='ltr'><strong>semel</strong></span> <span class='ocrx_word' id='word_1_750' title='bbox 1047 5073 1360 5135; x_wconf 83' lang='lat' dir='ltr'><strong>cruciﬁxus</strong></span> <span class='ocrx_word' id='word_1_751' title='bbox 1390 5081 1496 5134; x_wconf 90' lang='lat' dir='ltr'><strong>est.</strong></span> <span class='ocrx_word' id='word_1_752' title='bbox 1535 5073 1887 5135; x_wconf 89' lang='lat' dir='ltr'><strong>immortalis</strong></span> <span class='ocrx_word' id='word_1_753' title='bbox 1917 5073 2088 5136; x_wconf 84' lang='lat' dir='ltr'><strong>dein-</strong></span> 
     </span>
    </p>
   </div>
   <div class='ocr_carea' id='block_1_101' title="bbox 434 5162 2087 5244">
    <p class='ocr_par' dir='ltr' id='par_1_101' title="bbox 434 5162 2087 5244">
     <span class='ocr_line' id='line_1_101' title="bbox 434 5162 2087 5244; baseline -0.002 -17"><span class='ocrx_word' id='word_1_754' title='bbox 434 5182 576 5244; x_wconf 90' lang='lat' dir='ltr'><strong>ceps</strong></span> <span class='ocrx_word' id='word_1_755' title='bbox 604 5164 850 5226; x_wconf 77' lang='lat' dir='ltr'><strong>atfectus</strong></span> <span class='ocrx_word' id='word_1_756' title='bbox 876 5171 970 5225; x_wconf 91' lang='lat' dir='ltr'><strong>est</strong></span> <span class='ocrx_word' id='word_1_757' title='bbox 994 5181 1007 5225; x_wconf 92' lang='lat'>:</span> <span class='ocrx_word' id='word_1_758' title='bbox 1030 5162 1128 5244; x_wconf 91' lang='lat' dir='ltr'><strong>qui</strong></span> <span class='ocrx_word' id='word_1_759' title='bbox 1150 5181 1289 5226; x_wconf 88' lang='lat' dir='ltr'><strong>vero</strong></span> <span class='ocrx_word' id='word_1_760' title='bbox 1324 5180 1558 5229; x_wconf 86' lang='lat' dir='ltr'><strong>rursum</strong></span> <span class='ocrx_word' id='word_1_761' title='bbox 1589 5163 2087 5243; x_wconf 82' lang='lat' dir='ltr'><strong>cruciﬁgit,men-</strong></span> 
     </span>
    </p>
   </div>
   <div class='ocr_carea' id='block_1_102' title="bbox 435 5252 2089 5335">
    <p class='ocr_par' dir='ltr' id='par_1_102' title="bbox 435 5252 2089 5335">
     <span class='ocr_line' id='line_1_102' title="bbox 435 5252 2089 5335; baseline 0.001 -21"><span class='ocrx_word' id='word_1_762' title='bbox 435 5252 668 5315; x_wconf 92' lang='lat' dir='ltr'><strong>dacium</strong></span> <span class='ocrx_word' id='word_1_763' title='bbox 729 5253 868 5315; x_wconf 83' lang='lat' dir='ltr'><strong>facit</strong></span> <span class='ocrx_word' id='word_1_764' title='bbox 923 5253 1144 5333; x_wconf 87' lang='lat' dir='ltr'><strong>ipsum,</strong></span> <span class='ocrx_word' id='word_1_765' title='bbox 1203 5252 1359 5333; x_wconf 94' lang='lat' dir='ltr'><strong>quod</strong></span> <span class='ocrx_word' id='word_1_766' title='bbox 1418 5252 1705 5332; x_wconf 84' lang='lat' dir='ltr'><strong>pudorem</strong></span> <span class='ocrx_word' id='word_1_767' title='bbox 1755 5253 1869 5335; x_wconf 92' lang='lat' dir='ltr'><strong>ipsi</strong></span> <span class='ocrx_word' id='word_1_768' title='bbox 1897 5253 2089 5316; x_wconf 83' lang='lat' dir='ltr'><strong>adfert</strong></span> 
     </span>
    </p>
   </div>
   <div class='ocr_carea' id='block_1_103' title="bbox 436 5340 2079 5422">
    <p class='ocr_par' dir='ltr' id='par_1_103' title="bbox 436 5340 2079 5422">
     <span class='ocr_line' id='line_1_103' title="bbox 436 5340 2079 5422; baseline -0.001 -20"><span class='ocrx_word' id='word_1_769' title='bbox 436 5349 712 5421; x_wconf 89' lang='lat' dir='ltr'><strong>tanquam</strong></span> <span class='ocrx_word' id='word_1_770' title='bbox 742 5340 989 5404; x_wconf 87' lang='lat' dir='ltr'><strong>mentito</strong></span> <span class='ocrx_word' id='word_1_771' title='bbox 1052 5341 1208 5422; x_wconf 92' lang='lat' dir='ltr'><strong>quod</strong></span> <span class='ocrx_word' id='word_1_772' title='bbox 1246 5342 1433 5403; x_wconf 91' lang='lat' dir='ltr'><strong>semel</strong></span> <span class='ocrx_word' id='word_1_773' title='bbox 1464 5349 1687 5403; x_wconf 89' lang='lat' dir='ltr'><strong>tantum</strong></span> <span class='ocrx_word' id='word_1_774' title='bbox 1721 5350 2079 5404; x_wconf 90' lang='lat' dir='ltr'><strong>moreretur.</strong></span> 
     </span>
    </p>
   </div>
   <div class='ocr_carea' id='block_1_104' title="bbox 436 5428 2081 5510">
    <p class='ocr_par' dir='ltr' id='par_1_104' title="bbox 436 5428 2081 5510">
     <span class='ocr_line' id='line_1_104' title="bbox 436 5428 2081 5510; baseline 0.002 -20"><span class='ocrx_word' id='word_1_775' title='bbox 436 5428 578 5490; x_wconf 77' lang='lat' dir='ltr'><strong>Alio</strong></span> <span class='ocrx_word' id='word_1_776' title='bbox 628 5429 822 5491; x_wconf 86' lang='lat' dir='ltr'><strong>modo.</strong></span> <span class='ocrx_word' id='word_1_777' title='bbox 859 5428 1011 5500; x_wconf 91' lang='lat' dir='ltr'><strong>Quid</strong></span> <span class='ocrx_word' id='word_1_778' title='bbox 1044 5437 1171 5491; x_wconf 89' lang='lat' dir='ltr'><strong>est:</strong></span> <span class='ocrx_word' id='word_1_779' title='bbox 1208 5428 1466 5492; x_wconf 83' lang='lat' dir='ltr'><strong>Rursum</strong></span> <span class='ocrx_word' id='word_1_780' title='bbox 1501 5430 1966 5510; x_wconf 80' lang='lat' dir='ltr'><strong>cruciﬁgentes?</strong></span> <span class='ocrx_word' id='word_1_781' title='bbox 1994 5433 2081 5494; x_wconf 91' lang='lat' dir='ltr'><strong>Ad</strong></span> 
     </span>
    </p>
   </div>
   <div class='ocr_carea' id='block_1_105' title="bbox 437 5515 2080 5601">
    <p class='ocr_par' dir='ltr' id='par_1_105' title="bbox 437 5515 2080 5601">
     <span class='ocr_line' id='line_1_105' title="bbox 437 5515 2080 5601; baseline 0.002 -23"><span class='ocrx_word' id='word_1_782' title='bbox 437 5515 764 5578; x_wconf 88' lang='lat' dir='ltr'><strong>secundum</strong></span> <span class='ocrx_word' id='word_1_783' title='bbox 823 5517 1268 5579; x_wconf 83' lang='lat' dir='ltr'><strong>cruciﬁxionem</strong></span> <span class='ocrx_word' id='word_1_784' title='bbox 1297 5526 1352 5580; x_wconf 91' lang='lat' dir='ltr'><strong>et</strong></span> <span class='ocrx_word' id='word_1_785' title='bbox 1386 5520 1709 5582; x_wconf 91' lang='lat' dir='ltr'><strong>secundam</strong></span> <span class='ocrx_word' id='word_1_786' title='bbox 1746 5520 2080 5601; x_wconf 88' lang='lat' dir='ltr'><strong>passionem</strong></span> 
     </span>
    </p>
   </div>
   <div class='ocr_carea' id='block_1_106' title="bbox 436 5606 2082 5689">
    <p class='ocr_par' dir='ltr' id='par_1_106' title="bbox 436 5606 2082 5689">
     <span class='ocr_line' id='line_1_106' title="bbox 436 5606 2082 5689; baseline 0.002 -22"><span class='ocrx_word' id='word_1_787' title='bbox 436 5606 630 5689; x_wconf 87' lang='lat' dir='ltr'><strong>ipsum</strong></span> <span class='ocrx_word' id='word_1_788' title='bbox 657 5613 936 5667; x_wconf 86' lang='lat' dir='ltr'><strong>vocantes</strong></span> <span class='ocrx_word' id='word_1_789' title='bbox 973 5627 986 5669; x_wconf 91' lang='lat'><strong>:</strong></span> <span class='ocrx_word' id='word_1_790' title='bbox 1023 5606 1319 5686; x_wconf 86' lang='lat' dir='ltr'><strong>siquidem</strong></span> <span class='ocrx_word' id='word_1_791' title='bbox 1354 5609 1485 5670; x_wconf 88' lang='lat' dir='ltr'><strong>talis</strong></span> <span class='ocrx_word' id='word_1_792' title='bbox 1524 5608 1871 5689; x_wconf 67' lang='lat' dir='ltr'><strong>paenitentia</strong></span> <span class='ocrx_word' id='word_1_793' title='bbox 1888 5616 1947 5671; x_wconf 92' lang='lat' dir='ltr'><strong>et</strong></span> <span class='ocrx_word' id='word_1_794' title='bbox 1972 5627 2082 5689; x_wconf 89' lang='lat' dir='ltr'><strong>pe-</strong></span> 
     </span>
    </p>
   </div>
   <div class='ocr_carea' id='block_1_107' title="bbox 2164 4631 3810 4712">
    <p class='ocr_par' dir='ltr' id='par_1_107' title="bbox 2164 4631 3810 4712">
     <span class='ocr_line' id='line_1_107' title="bbox 2164 4631 3810 4712; baseline 0.002 -25"><span class='ocrx_word' id='word_1_795' title='bbox 2164 4638 2259 4688; x_wconf 81' lang='grc' dir='ltr'><strong>τοῦ</strong></span> <span class='ocrx_word' id='word_1_796' title='bbox 2288 4631 2653 4709; x_wconf 86' lang='grc' dir='ltr'>βαπτίσματος</span> <span class='ocrx_word' id='word_1_797' title='bbox 2711 4635 3113 4712; x_wconf 59' lang='grc' dir='ltr'>συσταυροὺσθαι</span> <span class='ocrx_word' id='word_1_798' title='bbox 3169 4632 3416 4712; x_wconf 80' lang='grc' dir='ltr'>νομίζων,</span> <span class='ocrx_word' id='word_1_799' title='bbox 3490 4632 3527 4701; x_wconf 68' lang='grc' dir='ltr'>ἢ</span> <span class='ocrx_word' id='word_1_800' title='bbox 3584 4632 3665 4690; x_wconf 77' lang='grc' dir='ltr'>ὅτι</span> <span class='ocrx_word' id='word_1_801' title='bbox 3721 4636 3810 4691; x_wconf 77' lang='grc' dir='ltr'><strong>καὶ</strong></span> 
     </span>
    </p>
   </div>
   <div class='ocr_carea' id='block_1_108' title="bbox 2169 4719 3809 4805">
    <p class='ocr_par' dir='ltr' id='par_1_108' title="bbox 2169 4719 3809 4805">
     <span class='ocr_line' id='line_1_108' title="bbox 2169 4719 3809 4805; baseline 0.001 -27"><span class='ocrx_word' id='word_1_802' title='bbox 2169 4719 2325 4785; x_wconf 66' lang='grc' dir='ltr'>αἰπὺν</span> <span class='ocrx_word' id='word_1_803' title='bbox 2366 4723 2583 4800; x_wconf 78' lang='grc' dir='ltr'>ἡγεῖται</span> <span class='ocrx_word' id='word_1_804' title='bbox 2624 4720 2863 4802; x_wconf 73' lang='grc' dir='ltr'>δεύτερον</span> <span class='ocrx_word' id='word_1_805' title='bbox 2925 4720 3300 4801; x_wconf 70' lang='grc' dir='ltr'>ἐσταυρῶσθαι,</span> <span class='ocrx_word' id='word_1_806' title='bbox 3358 4719 3426 4778; x_wconf 81' lang='grc' dir='ltr'>δι’</span> <span class='ocrx_word' id='word_1_807' title='bbox 3481 4725 3555 4779; x_wconf 78' lang='grc' dir='ltr'>ὧν</span> <span class='ocrx_word' id='word_1_808' title='bbox 3610 4736 3809 4805; x_wconf 67' lang='lat' dir='ltr'><strong>motat;</strong></span> 
     </span>
    </p>
   </div>
   <div class='ocr_carea' id='block_1_109' title="bbox 2175 4809 3817 4890">
    <p class='ocr_par' dir='ltr' id='par_1_109' title="bbox 2175 4809 3817 4890">
     <span class='ocr_line' id='line_1_109' title="bbox 2175 4809 3817 4890; baseline 0.004 -24"><span class='ocrx_word' id='word_1_809' title='bbox 2175 4811 2229 4866; x_wconf 81' lang='grc' dir='ltr'>τὸ</span> <span class='ocrx_word' id='word_1_810' title='bbox 2285 4809 2340 4866; x_wconf 80' lang='grc' dir='ltr'><strong>δὲ</strong></span> <span class='ocrx_word' id='word_1_811' title='bbox 2410 4809 2645 4889; x_wconf 82' lang='grc' dir='ltr'>δεύτερον</span> <span class='ocrx_word' id='word_1_812' title='bbox 2697 4832 2991 4890; x_wconf 77' lang='grc' dir='ltr'>σταυρουν,</span> <span class='ocrx_word' id='word_1_813' title='bbox 3043 4812 3172 4889; x_wconf 78' lang='grc' dir='ltr'>φησὶ</span> <span class='ocrx_word' id='word_1_814' title='bbox 3253 4812 3344 4869; x_wconf 65' lang='grc' dir='ltr'>τὸν</span> <span class='ocrx_word' id='word_1_815' title='bbox 3423 4814 3667 4890; x_wconf 71' lang='grc' dir='ltr'>Χριστὸν,</span> <span class='ocrx_word' id='word_1_816' title='bbox 3752 4817 3817 4872; x_wconf 81' lang='grc' dir='ltr'>τὸ</span> 
     </span>
    </p>
   </div>
   <div class='ocr_carea' id='block_1_110' title="bbox 2168 4898 3815 4981">
    <p class='ocr_par' dir='ltr' id='par_1_110' title="bbox 2168 4898 3815 4981">
     <span class='ocr_line' id='line_1_110' title="bbox 2168 4898 3815 4981; baseline 0.003 -26"><span class='ocrx_word' id='word_1_817' title='bbox 2168 4898 2295 4958; x_wconf 78' lang='grc' dir='ltr'>ὅσον</span> <span class='ocrx_word' id='word_1_818' title='bbox 2317 4902 2445 4968; x_wconf 79' lang='grc' dir='ltr'>ἧκεν</span> <span class='ocrx_word' id='word_1_819' title='bbox 2504 4902 2575 4965; x_wconf 75' lang='grc' dir='ltr'><strong>εἰς</strong></span> <span class='ocrx_word' id='word_1_820' title='bbox 2634 4900 2812 4975; x_wconf 69' lang='grc' dir='ltr'>αὐτὸν,</span> <span class='ocrx_word' id='word_1_821' title='bbox 2873 4898 3019 4959; x_wconf 67' lang='grc' dir='ltr'>οὐδὲν</span> <span class='ocrx_word' id='word_1_822' title='bbox 3060 4899 3235 4981; x_wconf 75' lang='grc' dir='ltr'>ἕτερόν</span> <span class='ocrx_word' id='word_1_823' title='bbox 3290 4900 3430 4981; x_wconf 65' lang='grc' dir='ltr'>ἐστιν</span> <span class='ocrx_word' id='word_1_824' title='bbox 3470 4901 3506 4971; x_wconf 74' lang='grc' dir='ltr'><strong>ἢ</strong></span> <span class='ocrx_word' id='word_1_825' title='bbox 3558 4900 3815 4981; x_wconf 81' lang='grc' dir='ltr'>παραδει-</span> 
     </span>
    </p>
   </div>
   <div class='ocr_carea' id='block_1_111' title="bbox 2171 4980 3811 5070">
    <p class='ocr_par' dir='ltr' id='par_1_111' title="bbox 2171 4980 3811 5070">
     <span class='ocr_line' id='line_1_111' title="bbox 2171 4980 3811 5070; baseline 0.001 -21"><span class='ocrx_word' id='word_1_826' title='bbox 2171 4989 2422 5067; x_wconf 84' lang='grc' dir='ltr'>γματίσαι</span> <span class='ocrx_word' id='word_1_827' title='bbox 2480 4990 2636 5048; x_wconf 71' lang='grc' dir='ltr'>αὐτὸν</span> <span class='ocrx_word' id='word_1_828' title='bbox 2692 4991 2779 5047; x_wconf 88' lang='grc' dir='ltr'><strong>καὶ</strong></span> <span class='ocrx_word' id='word_1_829' title='bbox 2824 4980 3195 5070; x_wconf 80' lang='grc' dir='ltr'>καθαισχύναι.</span> <span class='ocrx_word' id='word_1_830' title='bbox 3230 4980 3446 5070; x_wconf 13' lang='lat' dir='ltr'><strong>rum-r15</strong></span> <span class='ocrx_word' id='word_1_831' title='bbox 3502 4993 3603 5070; x_wconf 80' lang='grc' dir='ltr'>γὰρ</span> <span class='ocrx_word' id='word_1_832' title='bbox 3636 4980 3811 5050; x_wconf 78' lang='grc' dir='ltr'>σταυ-</span> 
     </span>
    </p>
   </div>
   <div class='ocr_carea' id='block_1_112' title="bbox 2172 5069 3808 5163">
    <p class='ocr_par' dir='ltr' id='par_1_112' title="bbox 2172 5069 3808 5163">
     <span class='ocr_line' id='line_1_112' title="bbox 2172 5069 3808 5163; baseline 0.002 -28"><span class='ocrx_word' id='word_1_833' title='bbox 2172 5082 2377 5159; x_wconf 85' lang='grc' dir='ltr'>ρωθεὶς,</span> <span class='ocrx_word' id='word_1_834' title='bbox 2448 5078 2704 5143; x_wconf 79' lang='grc' dir='ltr'>ἀθάνατός</span> <span class='ocrx_word' id='word_1_835' title='bbox 2775 5077 2884 5135; x_wconf 80' lang='grc' dir='ltr'>ἐστι</span> <span class='ocrx_word' id='word_1_836' title='bbox 2948 5069 3157 5141; x_wconf 85' lang='grc' dir='ltr'>λοιπόν.</span> <span class='ocrx_word' id='word_1_837' title='bbox 3224 5069 3280 5137; x_wconf 66' lang='grc' dir='ltr'>Ὀ</span> <span class='ocrx_word' id='word_1_838' title='bbox 3336 5078 3395 5135; x_wconf 79' lang='grc' dir='ltr'><strong>δὲ</strong></span> <span class='ocrx_word' id='word_1_839' title='bbox 3445 5069 3808 5163; x_wconf 77' lang='grc' dir='ltr'>ἀνασταυρῶν,</span> 
     </span>
    </p>
   </div>
   <div class='ocr_carea' id='block_1_113' title="bbox 2170 5167 3813 5251">
    <p class='ocr_par' dir='ltr' id='par_1_113' title="bbox 2170 5167 3813 5251">
     <span class='ocr_line' id='line_1_113' title="bbox 2170 5167 3813 5251; baseline 0.002 -28"><span class='ocrx_word' id='word_1_840' title='bbox 2170 5167 2358 5243; x_wconf 80' lang='grc' dir='ltr'>ψεῦδος</span> <span class='ocrx_word' id='word_1_841' title='bbox 2415 5175 2570 5226; x_wconf 77' lang='grc' dir='ltr'>τοῦτο</span> <span class='ocrx_word' id='word_1_842' title='bbox 2629 5181 2794 5242; x_wconf 83' lang='grc' dir='ltr'>ποιεῖ,</span> <span class='ocrx_word' id='word_1_843' title='bbox 2855 5168 2984 5248; x_wconf 83' lang='grc' dir='ltr'>ὅπερ</span> <span class='ocrx_word' id='word_1_844' title='bbox 3040 5169 3509 5251; x_wconf 37' lang='grc' dir='ltr'>αἰσχύνηνμαῦτῷ</span> <span class='ocrx_word' id='word_1_845' title='bbox 3541 5170 3683 5251; x_wconf 75' lang='grc' dir='ltr'>φέρει</span> <span class='ocrx_word' id='word_1_846' title='bbox 3737 5173 3813 5236; x_wconf 80' lang='grc' dir='ltr'><strong>ὡς</strong></span> 
     </span>
    </p>
   </div>
   <div class='ocr_carea' id='block_1_114' title="bbox 2170 5246 3816 5340">
    <p class='ocr_par' dir='ltr' id='par_1_114' title="bbox 2170 5246 3816 5340">
     <span class='ocr_line' id='line_1_114' title="bbox 2170 5246 3816 5340; baseline 0.002 -27"><span class='ocrx_word' id='word_1_847' title='bbox 2170 5257 2486 5333; x_wconf 81' lang='grc' dir='ltr'>ψευσαμένῳ</span> <span class='ocrx_word' id='word_1_848' title='bbox 2524 5259 2586 5314; x_wconf 78' lang='grc' dir='ltr'>τὸ</span> <span class='ocrx_word' id='word_1_849' title='bbox 2614 5256 2749 5324; x_wconf 75' lang='grc' dir='ltr'>ἅπαξ</span> <span class='ocrx_word' id='word_1_850' title='bbox 2778 5246 3068 5315; x_wconf 82' lang='grc' dir='ltr'>ἀποθανεῖν</span> <span class='ocrx_word' id='word_1_851' title='bbox 3098 5246 3284 5333; x_wconf 63' lang='grc' dir='ltr'>μόνον,</span> <span class='ocrx_word' id='word_1_852' title='bbox 3321 5246 3567 5325; x_wconf 56' lang='grc' dir='ltr'>’Άλλωςξ</span> <span class='ocrx_word' id='word_1_853' title='bbox 3600 5246 3816 5340; x_wconf 81' lang='grc' dir='ltr'><strong>[ΦΩΤ,]</strong></span> 
     </span>
    </p>
   </div>
   <div class='ocr_carea' id='block_1_115' title="bbox 2168 5345 3813 5429">
    <p class='ocr_par' dir='ltr' id='par_1_115' title="bbox 2168 5345 3813 5429">
     <span class='ocr_line' id='line_1_115' title="bbox 2168 5345 3813 5429; baseline 0.001 -25"><span class='ocrx_word' id='word_1_854' title='bbox 2168 5347 2228 5405; x_wconf 88' lang='grc' dir='ltr'>Τί</span> <span class='ocrx_word' id='word_1_855' title='bbox 2309 5345 2448 5403; x_wconf 84' lang='grc' dir='ltr'>ἐστιν</span> <span class='ocrx_word' id='word_1_856' title='bbox 2548 5346 3011 5427; x_wconf 71' lang='grc' dir='ltr'>ἀναστορΟὐνταςς</span> <span class='ocrx_word' id='word_1_857' title='bbox 3114 5346 3199 5403; x_wconf 82' lang='grc' dir='ltr'>ἐπὶ</span> <span class='ocrx_word' id='word_1_858' title='bbox 3302 5345 3543 5429; x_wconf 83' lang='grc' dir='ltr'>δευτέραν</span> <span class='ocrx_word' id='word_1_859' title='bbox 3646 5350 3813 5406; x_wconf 83' lang='grc' dir='ltr'>σταύ-</span> 
     </span>
    </p>
   </div>
   <div class='ocr_carea' id='block_1_116' title="bbox 2167 5433 3811 5517">
    <p class='ocr_par' dir='ltr' id='par_1_116' title="bbox 2167 5433 3811 5517">
     <span class='ocr_line' id='line_1_116' title="bbox 2167 5433 3811 5517; baseline 0.002 -25"><span class='ocrx_word' id='word_1_860' title='bbox 2167 5458 2327 5514; x_wconf 88' lang='grc' dir='ltr'>ρωσιν</span> <span class='ocrx_word' id='word_1_861' title='bbox 2357 5436 2444 5491; x_wconf 86' lang='grc' dir='ltr'><strong>καὶ</strong></span> <span class='ocrx_word' id='word_1_862' title='bbox 2475 5433 2711 5513; x_wconf 81' lang='grc' dir='ltr'>δεύτερον</span> <span class='ocrx_word' id='word_1_863' title='bbox 2765 5435 2927 5498; x_wconf 84' lang='grc' dir='ltr'>πάθος</span> <span class='ocrx_word' id='word_1_864' title='bbox 2988 5433 3282 5501; x_wconf 82' lang='grc' dir='ltr'>καλοῦνσας</span> <span class='ocrx_word' id='word_1_865' title='bbox 3338 5436 3515 5514; x_wconf 77' lang='grc' dir='ltr'>αὐτὸν,</span> <span class='ocrx_word' id='word_1_866' title='bbox 3564 5435 3718 5517; x_wconf 70' lang='grc' dir='ltr'>εἴπερ</span> <span class='ocrx_word' id='word_1_867' title='bbox 3775 5439 3811 5507; x_wconf 82' lang='grc' dir='ltr'><strong>ἡ</strong></span> 
     </span>
    </p>
   </div>
   <div class='ocr_carea' id='block_1_117' title="bbox 2166 5521 3817 5600">
    <p class='ocr_par' dir='ltr' id='par_1_117' title="bbox 2166 5521 3817 5600">
     <span class='ocr_line' id='line_1_117' title="bbox 2166 5521 3817 5600; baseline 0.003 -20"><span class='ocrx_word' id='word_1_868' title='bbox 2166 5524 2384 5590; x_wconf 76' lang='grc' dir='ltr'>τοιαύτη</span> <span class='ocrx_word' id='word_1_869' title='bbox 2444 5524 2725 5600; x_wconf 81' lang='grc' dir='ltr'>μετάνοια,</span> <span class='ocrx_word' id='word_1_870' title='bbox 2777 5525 2864 5581; x_wconf 81' lang='grc' dir='ltr'><strong>καὶ</strong></span> <span class='ocrx_word' id='word_1_871' title='bbox 2921 5525 2983 5580; x_wconf 82' lang='grc' dir='ltr'>τὸ</span> <span class='ocrx_word' id='word_1_872' title='bbox 3051 5521 3333 5593; x_wconf 77' lang='grc' dir='ltr'>ἀξιωθῆναι</span> <span class='ocrx_word' id='word_1_873' title='bbox 3404 5531 3502 5594; x_wconf 82' lang='grc' dir='ltr'>τῆς</span> <span class='ocrx_word' id='word_1_874' title='bbox 3573 5524 3655 5583; x_wconf 81' lang='grc' dir='ltr'><strong>διὰ</strong></span> <span class='ocrx_word' id='word_1_875' title='bbox 3721 5526 3817 5585; x_wconf 71' lang='grc' dir='ltr'><strong>τοῦ</strong></span> 
     </span>
    </p>
   </div>
   <div class='ocr_carea' id='block_1_118' title="bbox 2166 5612 3818 5696">
    <p class='ocr_par' dir='ltr' id='par_1_118' title="bbox 2166 5612 3818 5696">
     <span class='ocr_line' id='line_1_118' title="bbox 2166 5612 3818 5696; baseline 0.003 -28"><span class='ocrx_word' id='word_1_876' title='bbox 2166 5612 2528 5689; x_wconf 73' lang='grc' dir='ltr'>βαπτίσματος</span> <span class='ocrx_word' id='word_1_877' title='bbox 2585 5612 2841 5691; x_wconf 77' lang='grc' dir='ltr'>ἀφέσεως,</span> <span class='ocrx_word' id='word_1_878' title='bbox 2899 5619 2976 5687; x_wconf 78' lang='grc' dir='ltr'><strong>τῷ</strong></span> <span class='ocrx_word' id='word_1_879' title='bbox 3033 5620 3242 5691; x_wconf 73' lang='grc' dir='ltr'>αταυρῴ</span> <span class='ocrx_word' id='word_1_880' title='bbox 3295 5624 3389 5674; x_wconf 82' lang='grc' dir='ltr'>τοῦ</span> <span class='ocrx_word' id='word_1_881' title='bbox 3432 5622 3658 5695; x_wconf 78' lang='grc' dir='ltr'>Χριστοῦ</span> <span class='ocrx_word' id='word_1_882' title='bbox 3710 5616 3818 5696; x_wconf 84' lang='grc' dir='ltr'>μό-</span> 
     </span>
    </p>
   </div>
  </div>
