4152 6216
315 376 437 442 337
1433 382 1826 447 COMMENT.
1876 377 1956 444 IN
1999 380 2243 443 EPIST.
2291 383 2390 444 AD
2433 384 2661 447 HEBR.
3582 371 3704 446 388

282 517 392 585 ’νῷ
446 511 777 590 κατορθώθη.
858 514 920 570 Οἱ
999 521 1155 572 τοῦτο
1226 514 1338 585 οὖν,
1399 516 1577 592 φησὶν,
1639 512 1967 588 ἐννοούμενοι

2062 511 2179 573 titio
2197 513 2569 574 remissionis
2592 529 2697 593 per
2724 511 3248 594 baptismum,sola
3270 513 3488 578 Christi
3509 521 3699 578 morte

318 598 636 675 ἐπιθυμοῦσι
704 599 863 657 πάλιν
934 601 1024 658 τόν
1111 604 1331 680 Χριστὸν
1417 603 1794 682 σταυρούμενον
1883 602 1971 693 καὶ

2062 599 2382 693 attingitur.
2417 600 2527 673 Qui
2558 602 2673 664 hoc
2707 602 2879 693 igitur
2908 601 3266 693 existimant,
3295 603 3538 684 cupiunt
3556 622 3692 666 rur-

325 687 719 766 ψλευαζόμενον
811 692 899 747 καὶ
993 690 1599 771 παραδειγματιζόμενον
1673 688 1827 749 ἰδεῖν.
1918 687 1969 745 ’u

2062 707 2184 749 sum
2234 690 2538 753 Christum
2608 691 2953 752 cruciﬁxum
3026 699 3085 753 et
3160 692 3584 755 subsannatum
3635 711 3704 757 ac

322 776 531 845 τόλμης
574 781 664 835 καὶ
693 778 940 844 ἀπονοίας
973 779 988 839 ί
1036 779 1090 836 εἴ
1125 803 1205 845 τις
1250 780 1421 837 ἒννοεϊ
1471 787 1707 842 τοιαῦτα,
1762 780 1887 835 Δίαν
1916 776 1972 834 δὲ

2062 779 2315 841 ostentui
2363 781 2690 858 expositum
2732 779 2977 842 intueri.
3024 778 3071 842 0
3109 780 3414 842 audaciam
3448 790 3508 844 et
3540 782 3701 845 insa-

326 865 412 923 διὰ
457 868 657 925 τούτων
707 871 970 926 κατασείει
1012 874 1184 929 αὐτῶν
1240 871 1334 933 τὰς
1389 868 1641 942 διανοίας,
1686 868 1780 925 ’ἵνα
1810 866 1969 925 ἀνέλ-

2062 866 2254 929 niam!
2289 867 2339 928 si
2366 868 2496 949 quis
2554 870 2680 931 haec
2730 858 3040 948 intelligat.
3075 868 3184 932 His
3214 878 3411 932 autem
3463 879 3698 934 mentes

321 979 503 1013 πιστοι
545 958 823 1036 γεγονότες
885 956 978 1015 τοῦ
1019 956 1260 1016 δύνασθαι
1316 971 1505 1039 τυχεῖν
1562 958 1813 1025 τοιαύτης
1868 968 1968 1031 μεθ

2062 955 2315 1034 ipsorum
2367 958 2755 1020 vehementer
2810 957 3092 1033 concutit,
3128 960 3598 1037 utdesperantes
3625 960 3703 1024 de

317 1045 535 1110 τανοίας
579 1046 664 1103 ἐπὶ
691 1046 853 1105 πλέον
880 1048 1253 1105 ἀντιποιῶνται
1281 1047 1493 1126 ἀρετῆς.

2062 1045 2427 1127 assequenda
2456 1046 2796 1126 hujusm‘odl
2826 1047 3394 1127 ptenitentia,magis
3417 1047 3699 1112 anniten-

2054 1138 2149 1196 tur
2174 1135 2246 1197 ad
2282 1134 2580 1198 virtutem.

415 1246 437 1279 ι
495 1230 573 1292 Γῆ
601 1224 702 1304 γάρ
742 1227 777 1294 ἦ
834 1232 1059 1284 ποιοῦσα
1098 1226 1190 1282 τὸν
1245 1224 1332 1281 ἐπ’
1373 1224 1532 1293 αὐτῆς
1573 1223 1830 1287 πολλάκις
1890 1225 1970 1303 ἐρ-

2132 1218 2229 1298 Vl,
2253 1224 2309 1291 7,
2338 1223 2398 1285 8.
2418 1222 2723 1303 Siquidem
2753 1230 2920 1287 terra
2954 1242 3086 1305 quae
3116 1225 3364 1287 imbrem
3384 1227 3606 1305 saepius
3634 1229 3702 1293 in

327 1314 591 1393 χόμενον,
676 1315 850 1394 ὑετὸν,
935 1315 1021 1370 καὶ
1103 1314 1347 1371 τίκνουσα
1427 1315 1657 1391 βοτάνην
1765 1312 1968 1371 εὔθετον

2062 1328 2114 1376 se
2144 1315 2481 1375 venientem
2514 1312 2864 1375 combiberit
2894 1314 3587 1395 etprogeneratherbam
3604 1334 3702 1381 ac-

326 1401 548 1466 ἰκείνοις
654 1400 723 1459 δι’
804 1404 891 1467 οὒς
972 1401 1066 1459 καί
1148 1415 1490 1482 γεωργεῖται,
1578 1401 1969 1479 μεταλαμϐάνει

2062 1402 2423 1465 commodam
2458 1404 2544 1464 eis
2578 1420 2837 1483 quorum
2886 1420 3069 1482 opera
3112 1405 3433 1477 excolitur,
3481 1410 3705 1488 recepit

324 1490 568 1569 εὒλογίας
620 1491 724 1548 άπὸ
778 1502 871 1550 τοῦ
926 1499 1076 1551 Θεοῦ.
1125 1489 1450 1571 Ἐκφέρουσα
1502 1491 1556 1548 δὲ
1614 1494 1840 1556 ἀκάνθας
1882 1493 1971 1549 καὶ

2062 1490 2525 1555 benedictionem
2551 1510 2589 1553 a
2622 1491 3017 1555 Deo.558At
3038 1509 3167 1573 qua
3187 1495 3474 1573 producit
3495 1497 3703 1576 spinas

323 1577 624 1659 τριϐόλους,
658 1578 913 1656 ἀδόκιμος
943 1581 1031 1637 καὶ
1060 1581 1291 1659 κατάρας
1323 1581 1502 1660 ἐγγὺς,
1533 1584 1600 1649 ἧς
1628 1583 1690 1637 τὸ
1719 1581 1868 1646 τέλος
1900 1583 1971 1647 εἷς

2062 1597 2125 1641 ac
2153 1578 2430 1659 tribulos,
2483 1579 2743 1660 reprobo
2790 1588 2872 1641 est
2921 1588 2975 1642 et
2995 1581 3699 1665 maledictiontconﬂnis,

323 1692 538 1733 καυσιν,

406 1756 496 1816 Ἐν
528 1764 597 1827 τῆ
628 1755 906 1838 παραϐολῇ
946 1765 1050 1837 γῆν
1100 1760 1221 1823 τοὺς
1272 1759 1570 1839 ἀνθρώπους
1627 1760 1794 1840 λέγει,
1852 1762 1971 1825 τοὺς

320 1847 584 1913 πολλάκις
655 1850 753 1923 μὲν
798 1848 1145 1922 ἀκούσαντας,
1219 1849 1307 1905 καὶ
1365 1854 1481 1906 οἷον
1533 1856 1739 1917 νοῆτῶς
1783 1848 1969 1929 ἀρδευ-

320 1939 507 2004 θὲντας
544 1946 622 2014 τῷ
670 1939 915 2017 σωτηρίῳ
963 1938 1108 2017 λόγῳ
1162 1940 1255 2006 τῆς
1308 1939 1556 2014 πίστεως,
1601 1944 1691 1997 καὶ
1731 1940 1767 2009 ἢ
1824 1942 1970 2021 ὠφε-

321 2028 601 2102 ληθέντας,
635 2028 670 2096 ἢ
714 2026 881 2103 μηδὲν
922 2026 983 2083 ἐκ
1025 2027 1206 2083 τούτου
1258 2027 1646 2106 ὠφεληθέντας,
1713 2050 1741 2082 α
1801 2029 1970 2085 Βοτά-

323 2141 424 2184 νην
467 2116 693 2177 εὔθετον.
745 2141 772 2172 ι
836 2119 925 2180 Τίς
955 2116 991 2183 ἢ
1022 2114 1223 2180 εὔθετος
1251 2117 1447 2190 βοτάνη
1482 2135 1497 2195 ;
1557 2118 1592 2185 ἡ
1638 2117 1764 2196 ὀρθὴ
1810 2115 1972 2173 πολι-

321 2206 462 2267 τεία.
502 2225 528 2263 ε
563 2204 815 2269 Ἐκείνοις
846 2203 909 2260 δι’
966 2205 1053 2267 οὒς
1109 2205 1198 2261 καὶ
1250 2218 1588 2282 γεωργεῖται.
1668 2229 1693 2260 n
1759 2202 1973 2294 Ἐπειδὴ

324 2294 447 2372 περὶ
500 2295 603 2371 γῆς
659 2293 785 2349 εἷπε
839 2293 927 2350 καὶ
976 2298 1217 2373 καρπῶν,
1277 2293 1505 2369 ἐνέμεινε
1549 2298 1616 2369 τῇ
1657 2300 1848 2372 τροπῇ.
1922 2293 1973 2350 Η

328 2383 412 2439 ὅτι
469 2396 590 2446 τοῖς
642 2380 972 2446 διδασκάλοις
1056 2385 1222 2460 (οὗτοι
1306 2383 1406 2460 γὰρ
1462 2385 1510 2438 οἱ
1566 2381 1967 2463 γεωργοῦντες),

328 2473 562 2529 τίκτεται
593 2474 882 2551 ὁχρηστὸς
926 2472 1062 2548 βίος,
1093 2473 1164 2537 ὡς
1222 2472 1306 2526 καὶ
1363 2470 1578 2527 ἐκείνων
1634 2472 1973 2552 μετεχόντων

330 2567 433 2627 τῆς
491 2560 688 2639 ἀρετῆς
745 2567 851 2616 τῶν
904 2562 1178 2636 μαθητῶν.
1235 2565 1557 2638 Γεωργεϊται
1621 2558 1675 2614 δὲ
1722 2557 1973 2627 δηλονότι

327 2652 401 2714 εἷς
462 2649 726 2727 σωτηρίαν
764 2651 850 2706 καὶ
892 2646 1071 2729 κέρδος
1127 2648 1295 2706 αὐτῶν
1338 2649 1548 2706 ἐκείνων
1603 2654 1706 2705 τῶν
1762 2671 1964 2729 καρπο-

321 2740 647 2820 φορούντων,
724 2740 779 2796 Εἰ
854 2736 909 2794 δέ
975 2741 1112 2817 ἔστι,
1184 2740 1357 2803 καθὼς
1426 2740 1582 2818 φησὶν
1657 2741 1685 2795 6
1757 2738 1968 2817 Κύριος,

322 2830 563 2908 γεωργὸς
606 2829 634 2883 6
678 2827 883 2906 Πατὴρ,
930 2825 1089 2883 πάλιν
1120 2825 1173 2882 δὲ
1230 2828 1451 2906 σπορεὺς
1481 2829 1509 2883 6
1542 2828 1684 2903 Υἱὸς,
1719 2829 1747 2883 6
1777 2828 1837 2883 τὸ
1865 2849 1970 2886 κα-

325 2915 420 2975 λὸν
478 2915 688 2991 σπέρμα
750 2916 1001 2993 σπείρων,
1064 2915 1152 2973 ἐὰν
1210 2914 1503 2986 ἐπιτήδειος
1560 2919 1743 2981 αὐτοῖς
1786 2918 1821 2985 ἡ
1876 2918 1971 2994 βο-

327 3007 490 3081 τάνη,
521 3005 778 3084 τουτέστι,
812 3007 875 3062 τὸ
921 3005 1175 3083 γεώργιον
1217 3006 1351 3085 ὀφθῇ
1395 3004 1507 3086 (καὶ
1563 3007 1662 3085 γὰρ
1718 3014 1795 3082 τῷ
1859 3008 1975 3083 Θεῷ

330 3094 613 3176 ὀφείλομεν
641 3107 1019 3174 καρποφορεῖν,
1065 3094 1138 3157 ὥς
1191 3116 1292 3151 που
1347 3094 1476 3175 φησί
1504 3107 1522 3129 ⁸
1570 3096 1695 3153 Νυνὶ
1744 3094 1799 3152 δὲ
1849 3094 1975 3154 δου-

2052 1670 2223 1743 cuius
2248 1669 2447 1731 exitus
2478 1670 2673 1731 tendit
2701 1668 2779 1730 ad
2807 1672 3209 1732 exustionem.

2134 1751 2252 1810 Per
2276 1748 2639 1829 parabolam,
2692 1756 2910 1809 terram
2943 1749 3085 1810 dicit
3115 1750 3410 1829 homines,
3444 1753 3545 1832 qui
3569 1753 3699 1816 fre-

2055 1845 2307 1919 quenter
2361 1836 2600 1917 quidem
2665 1837 2982 1899 audierunt
3011 1848 3068 1900 et
3098 1839 3280 1901 veluti
3311 1840 3698 1922 spiritualiter

2053 1926 2286 2005 irrigati
2318 1935 2453 1988 sunt
2483 1927 2725 1988 salutari
2755 1928 2894 1988 tislei
2924 1945 3200 1990 sermone
3230 1951 3243 1992 :
3279 1937 3340 1991 et
3395 1930 3483 1991 vel
3515 1930 3701 2011 adjuti

2055 2027 2212 2093 sunt,
2265 2018 2350 2077 vel
2392 2017 2540 2077 nihil
2574 2036 2641 2078 ex
2673 2018 2784 2078 hoc
2818 2017 3216 2097 profecerunt.
3254 2043 3275 2073 α
3305 2018 3561 2081 Herbam
3594 2036 3698 2081 ac-

2055 2105 2451 2167 commodem.
2468 2130 2489 2163 υ
2526 2104 2804 2177 Quianam
2830 2113 2919 2168 est
2942 2106 3252 2168 commoda
3268 2108 3452 2169 herba
3473 2106 3503 2166 ‘?
3519 2106 3700 2170 Recta

2059 2195 2446 2257 conversatio.
2509 2220 2536 2249 α
2595 2193 2716 2256 Illis
2768 2212 3019 2275 quorum
3081 2212 3262 2275 opera
3320 2196 3632 2261 excolitur.
3669 2221 3694 2257 ι

2058 2282 2344 2355 Quoniam
2378 2283 2451 2344 de
2483 2292 2641 2346 terra
2676 2282 2901 2345 dixerat
2934 2292 2989 2344 et
3032 2282 3346 2365 fructibus,
3380 2286 3705 2365 permansit

2056 2373 2119 2433 in
2153 2382 2319 2454 tropo
2396 2377 2510 2436 Aut
2534 2372 2688 2454 quod
2725 2391 2759 2434 a
2791 2372 3252 2453 praeceptoribus
3284 2374 3443 2454 (nam
3476 2375 3537 2435 hi
3567 2384 3705 2437 sunt

2058 2463 2157 2543 qui
2190 2463 2484 2543 excolunt)
2510 2462 2818 2541 bonaivita
2864 2462 3145 2544 gignitur,
3179 2464 3335 2544 quod
3356 2463 3443 2525 illi
3468 2483 3705 2545 quoque

2057 2551 2374 2631 participes
2434 2553 2553 2612 sint
2609 2551 2840 2614 virtutis
2898 2552 3349 2632 discipulorum.
3400 2553 3706 2616 Excolitur

2055 2646 2274 2707 autem.
2301 2638 2374 2699 ad
2405 2640 2656 2702 salutem
2690 2639 2967 2702 videlicet
2997 2648 3055 2701 et
3086 2643 3315 2703 lucrum
3368 2658 3572 2704 eorum
3604 2644 3701 2724 ip-

2055 2743 2257 2790 sorum
2291 2729 2389 2809 qui
2420 2730 2672 2791 fructum
2709 2730 3207 2811 proferunt.Quod
3245 2732 3297 2793 si
3328 2735 3499 2795 Pater
3540 2733 3701 2813 agri-

2055 2817 2186 2880 cola
2212 2825 2319 2888 est,
2354 2826 2416 2879 ut
2444 2818 2525 2879 ait
2553 2819 2840 2881 Dominus
2877 2819 2939 2870 38
2970 2840 2982 2882 :
3017 2839 3253 2883 rursum
3298 2830 3492 2883 antem
3525 2821 3706 2885 semi-

2057 2914 2227 2969 nator
2256 2916 2343 2968 est
2378 2908 2582 2983 Filius,
2617 2909 2718 2989 qui
2749 2908 2968 2970 bonum
3000 2926 3205 2971 semen
3233 2910 3493 2972 seminat
3520 2911 3583 2961 9-9
3609 2932 3623 2972 :
3652 2911 3703 2972 si

2058 2996 2424 3058 conveniens
2479 2998 2596 3059 illis
2628 2997 2813 3060 herba
2843 2998 2967 3059 sive
2996 2998 3340 3078 agricolatio
3370 2999 3493 3061 visa
3526 3000 3700 3062 fuerit

2063 3084 2395 3166 (Siquidem
2428 3084 2550 3147 Deo
2579 3086 2935 3148 fructiﬁcare
2963 3086 3278 3168 debemus,
3308 3088 3701 3168 quemadmo-

324 3173 581 3249 λωθέντες
611 3191 686 3259 τῷ
716 3173 867 3257 νΘεῷ,
913 3182 1069 3262 ἔχετε
1125 3184 1216 3239 τὸν
1267 3173 1470 3261 καρπὸν
1524 3185 1670 3259 δμῶν
1723 3186 1796 3249 είς
1825 3187 1974 3263 άγια-

2062 3176 2198 3236 dum
2217 3173 2361 3236 alibi
2382 3174 2565 3237 dicit:
2614 3173 2781 3237 Nunc
2814 3185 3008 3237 autem
3034 3179 3186 3238 servi
3204 3175 3340 3238 facti
3360 3180 3484 3239 Deo
3510 3178 3701 3242 habe-

330 3272 517 3353 σμυόν).
564 3275 623 3332 El
664 3273 751 3330 οὖν
781 3278 958 3351 τοῦτο,
1005 3268 1247 3339 δηλονότι
1277 3270 1359 3328 διὰ
1387 3273 1479 3328 τὸν
1518 3274 1647 3330 Θεὸν
1704 3274 1975 3355 γεῳργοῦ-

330 3385 453 3439 μεν,
483 3362 578 3420 ’ἕνα
608 3362 749 3437 αὒτῷ
802 3360 1074 3441 ἂρέσωμεν
1130 3361 1220 3417 τὺν
1263 3361 1500 3441 ἐνάρετον
1539 3362 1650 3438 βίον
1685 3380 1700 3395 ⁸
1760 3362 1839 3420 διὸ
1880 3368 1976 3421 καί

331 3452 612 3528 άξιούμεθα
667 3456 763 3519 τῆς
836 3449 959 3527 παρ’
1016 3454 1172 3510 αὐτοῦ
1228 3448 1491 3527 εὐλογίας,
1528 3477 1550 3505 ι
1616 3450 1978 3527 Μεταλαμϐά-

326 3565 404 3599 νει
473 3541 714 3620 εὒλογίας
784 3541 890 3597 ἀπὸ
943 3546 1035 3597 τοῦ
1093 3547 1246 3601 Θεοῦ.
1298 3563 1322 3595 ι
1379 3532 1439 3595 Ἠ
1481 3541 1581 3620 γὰρ
1637 3541 1849 3622 εὔφορος
1906 3548 1977 3621 γῆ

331 3631 617 3709 εὒλόγτιται
667 3629 810 3708 παρὰ
864 3635 1019 3691 Θεοῦ.
1079 3630 1167 3695 Τίς
1215 3628 1354 3686 ἐστιν
1409 3630 1444 3697 ἡ
1501 3628 1716 3711 εὔφορος
1776 3636 1891 3709 ﬁ:
1955 3635 1983 3689 6

330 3720 573 3797 ἐνάρετος
631 3716 923 3798 ἄνθρωπος.
1003 3740 1031 3772 α
1107 3715 1432 3798 Ἐκφέρουσα
1502 3716 1557 3773 δὲ
1620 3719 1871 3783 ἀκάνθας.
1948 3744 1976 3776 ι

329 3812 438 3867 Οὔκ
479 3806 559 3863 ’έτι
602 3807 727 3863 εἶπε
761 3826 772 3838 ·
822 3807 1103 3886 Τίκτουσα,
1150 3805 1269 3862 ἀλλ’
1340 3805 1652 3887 ἐκφέρουσα,
1712 3810 1773 3864 τὸ
1843 3811 1982 3889 παρὰ

330 3899 484 3979 ιρῦσιν
511 3898 611 3963 τῆς
644 3893 869 3962 ἐκϐολῆς
925 3895 1313 3970 αἰνιττόμενος,
1375 3897 1500 3952 ὡσεὶ
1542 3897 1718 3977 εἶπεν,
1752 3894 1981 3976 ἐκϐράσ-

328 4009 516 4046 σουσα.
550 3987 623 4045 T6
651 3983 706 4042 δὲ
746 3984 1055 4064 ἐκφέρουσα,
1100 3987 1199 4051 τὴν
1255 3982 1383 4064 ἄχρι
1444 3984 1627 4050 τέλους
1684 3989 1771 4043 καὶ
1812 3989 1978 4044 θανά-

330 4099 427 4133 του
482 4076 708 4155 ἒκφοραν
789 4072 970 4141 δηλοῖ.
1050 4075 1122 4131 0-3
1183 4073 1283 4152 γὰρ
1339 4074 1514 4146 εἶπεν,
1583 4073 1980 4157 Ἐξενεγκοῦσα,

331 4162 455 4221 ἀλλ’
505 4161 791 4244 ἐκφέρουσα
821 4178 837 4194 ’
900 4163 1194 4238 σημείωσαι
1248 4172 1425 4223 τοῦτο.
1472 4160 1730 4227 Ἀκάνθας
1773 4161 1828 4220 δὲ
1897 4173 1984 4226 καὶ

330 4253 607 4335 τριϐόλους
676 4255 775 4322 τὴν
832 4255 1087 4331 ἁμαρτίαν
1130 4251 1297 4332 λέγει,
1342 4251 1426 4309 διὰ
1467 4256 1529 4311 τὸ
1586 4256 1837 4313 πάντοθεν
1882 4256 1980 4313 αὒ-

327 4347 432 4412 τὴν
472 4343 724 4413 πλήττειν
752 4345 841 4403 καὶ
890 4342 1225 4420 λυμαίνεσθαι
1282 4344 1371 4399 τὸν
1430 4351 1743 4421 κρατοῦντα,
1816 4373 1837 4404 ι
1886 4348 1982 4403 Καὶ

327 4435 561 4513 κατάρας
592 4433 766 4512 ἐγγύς.
806 4457 830 4488 ι
868 4433 1134 4512 Μεγίστην
1178 4432 1302 4488 εἶπε
1351 4436 1705 4511 παραμυθίαν.
1752 4433 1825 4493 Οὔ
1882 4436 1981 4512 γὰρ

2062 3265 2133 3325 tis
2161 3265 2420 3326 fructum
2446 3266 2776 3327 vestrumin
2792 3265 3325 3327 sanctificationem
3352 3267 3469 3346 30.)
3497 3266 3559 3330 Si
3592 3269 3712 3347 hoc,

2058 3352 2260 3432 igitur,
2285 3352 2560 3414 videlicet
2596 3363 2833 3434 propter
2878 3357 3066 3417 Deum
3114 3355 3473 3431 excolamus,
3498 3363 3562 3416 ut
3590 3357 3706 3437 ipsi

2062 3440 2397 3521 placeamus
2449 3440 2632 3522 proba
2661 3441 2775 3504 vita
2811 3463 2823 3505 :
2860 3450 2999 3504 tunc
3051 3442 3224 3505 etiam
3257 3443 3583 3522 accipimus
3626 3444 3704 3507 ab

2060 3528 2193 3609 ipso
2249 3528 2748 3592 benedictionem.
2802 3552 2830 3590 ‹
2863 3531 3104 3612 Recipit
3162 3531 3706 3596 benedictionema

2065 3620 2209 3685 Deo.
2247 3648 2274 3679 η
2313 3622 2545 3686 Fertilis
2599 3641 2852 3703 namque
2885 3631 3042 3686 terra
3092 3623 3466 3686 benedicitur
3490 3644 3524 3685 a
3551 3626 3700 3689 Deo.

2064 3710 2345 3782 Quaenam
2366 3720 2457 3772 est
2479 3710 2686 3773 fertilis
2710 3712 2911 3774 terra?
2933 3713 3111 3774 homo
3143 3712 3345 3775 virtuti
3374 3711 3608 3775 deditus
3637 3732 3705 3777 ac

2067 3799 2310 3879 probus.
2349 3800 2462 3863 «At
2489 3818 2617 3881 qua;
2646 3801 2919 3881 producit
2948 3802 3206 3883 Spinas.n
3240 3801 3370 3865 Jam
3393 3820 3511 3864 non
3533 3798 3700 3867 dixit:

2062 3888 2443 3966 Progenerat,
2478 3889 2582 3951 sed
2611 3890 3176 3970 producit,innuens
3194 3891 3546 3974 ejectionem
3578 3906 3709 3956 esse

2064 3986 2277 4057 praeter
2308 3987 2571 4040 naturam
2608 3998 2621 4038 :
2654 3987 2928 4062 tanquam
2961 3981 3187 4044 diceret
3216 3982 3320 4046 :Et
3342 3982 3582 4045 mittens
3602 4000 3705 4044 ve-

2065 4067 2152 4129 lut
2183 4065 2479 4129 abortum.
2509 4066 2678 4141 Quod
2723 4078 2915 4131 autem
2947 4069 3067 4133 ait:
3095 4069 3393 4148 Producit,
3416 4069 3709 4151 significat

2066 4155 2514 4235 productionem
2561 4177 2748 4239 usque
2778 4158 2852 4220 ad
2881 4159 3060 4220 tinem
3092 4178 3160 4221 ac
3191 4172 3464 4222 mortem.
3499 4162 3711 4241 Neque

2065 4246 2224 4308 enim
2247 4247 2327 4308 ait
2360 4271 2371 4305 :
2400 4246 2541 4321 Quae
2565 4250 3001 4331 produxit,sed,
3022 4269 3154 4331 quae
3175 4249 3446 4329 producit
3472 4271 3485 4313 :
3513 4251 3708 4313 anim-

2062 4335 2299 4398 adverte
2344 4337 2477 4399 hoc.
2536 4336 2749 4419 Spinas
2777 4357 2915 4400 vero
2945 4359 3011 4401 ac
3044 4338 3291 4401 tribulos
3322 4339 3466 4401 dicit
3496 4357 3707 4420 pecca-

2063 4432 2212 4504 tum,
2245 4442 2315 4486 eo
2346 4426 2503 4507 quod
2534 4428 2727 4508 ipsum
2749 4427 3203 4508 undiqueleriat
3224 4447 3292 4490 ac
3309 4428 3482 4490 laedat
3504 4436 3710 4491 tenen-

327 4523 512 4601 εἶπεν,
546 4523 886 4602 Αὐτοκατάρα
929 4522 1092 4595 ἐστὶν,
1139 4518 1281 4595 ἀλλ’,
1316 4525 1488 4603 Εγγὺς
1531 4525 1785 4602 κατάρας.
1836 4514 1893 4581 Ὀ
1923 4521 1974 4579 δὲ

2064 4520 2203 4577 tem.
2246 4513 2349 4575 «Et
2378 4515 2783 4577 maledictioni
2810 4517 3082 4578 conﬁnis.
3115 4541 3141 4571 ι›
3174 4516 3493 4578 Maximam
3519 4516 3714 4597 posuit

328 4612 489 4690 ἐγγὺς
535 4612 765 4691 κατάρας
810 4610 1095 4690 γενόμενος
1138 4613 1225 4667 καὶ
1275 4613 1479 4691 μακρὰν
1536 4613 1774 4691 γενέσθαι
1820 4610 1977 4669 δύνα-

325 4723 414 4756 ται
456 4698 546 4756 διὰ
576 4700 875 4776 μετανοίας.
932 4702 991 4758 Ei
1016 4700 1113 4776 μὲν
1131 4700 1233 4780 γὰρ
1256 4702 1452 4779 εἰρήκει
1477 4704 1575 4759 Καὶ
1594 4703 1793 4781 κατάρα
1815 4702 1975 4773 ἐστὶν,

325 4786 432 4844 ἔδει
462 4790 552 4844 καὶ
595 4792 923 4867 ἀπογνῶναι.
984 4796 1088 4847 Νῦν
1130 4785 1210 4868 δὲ,
1266 4785 1457 4866 Ἐγγὺς
1514 4791 1766 4869 κατάρας,
1826 4789 1975 4870 φησὶ,

325 4874 506 4957 φοϐῶν
575 4879 663 4934 καὶ
732 4878 1015 4958 μονονουχὶ
1057 4874 1227 4954 λέγων
1266 4896 1282 4913 ’
1332 4874 1463 4935 ἰδου
1486 4877 1641 4956 ἐγγὺς
1698 4878 1980 4957 γεγένησθε

324 4971 430 5033 τῆς
491 4968 721 5045 κατάρας
753 4984 769 4999 ο
844 4962 1109 5045 φοϐήθητε
1181 4974 1259 5040 μὴ
1337 4966 1600 5032 ἒκπέσητε
1660 4969 1731 5029 εἷς
1790 4965 1973 5039 αὐτὴν,

324 5056 417 5111 καὶ
688 5055 874 5121 αὐτὴν.
911 5044 967 5111 Ὀ
999 5054 1098 5132 γὰρ
1153 5052 1309 5131 ἐγγὺς
1367 5053 1463 5133 ὢν,
1510 5057 1598 5111 καὶ
1639 5068 1824 5136 φυγεῖν
1881 5052 1975 5110 δύ-

325 5140 681 5222 ναται,,οὕπω
710 5143 809 5222 γὰρ
837 5140 999 5202 ἑάλω.
1038 5166 1063 5197 ιι
1100 5136 1197 5206 Ἦς
1242 5144 1301 5198 τὸ
1350 5142 1502 5206 τέλος
1560 5145 1633 5207 εἷς
1676 5153 1882 5206 καῦσιν.
1939 5163 1970 5200 θ

331 5219 666 5309 υθρα-πάλιν
837 5228 1086 5310 ἀσφαλῶς
1117 5227 1297 5309 λαλεῖ,
1330 5230 1423 5286 ’ἕνα
1454 5232 1531 5306 μή
1576 5230 1698 5312 δόξῃ
1752 5234 1813 5288 τὸ
1872 5231 1975 5308 μέ..

323 5340 506 5397 γιστον
575 5318 629 5374 ἐν
685 5319 976 5399 ἀνθρώποις
1040 5319 1315 5398 φάρμακον
1368 5320 1469 5389 τὴν
1528 5323 1809 5398 μετάνοιαν
1892 5320 1977 5377 ἐκ·

323 5404 563 5466 ϐάλλειν.
609 5406 680 5465 Οὔ
737 5409 837 5487 γὰρ
892 5408 1048 5465 εἶπεν
1083 5422 1096 5438 ⁸
1171 5407 1308 5465 Αὐτὸ
1374 5409 1403 5466 ὃ
1472 5408 1693 5489 ἤνεγκεν
1749 5410 1976 5471 ἀκάνθας

327 5494 425 5552 καὶ
454 5492 729 5576 τριϐόλους
775 5496 1001 5577 καίεται,
1034 5494 1189 5571 ἀλλὰ,
1241 5488 1335 5562 (Hc
1386 5500 1448 5555 τὸ
1476 5497 1626 5562 τέλος
1656 5500 1729 5562 εἰς
1766 5505 1973 5558 καῦσιν,

412 5661 482 5715 38
504 5659 674 5727 Joau.
705 5681 803 5741 xv,
844 5666 897 5729 1.

2064 4603 2552 4665 consolationem.
2587 4607 2721 4668 Non
2752 4606 2910 4667 enim
2935 4604 3083 4666 dixit
3118 4625 3130 4665 :
3166 4604 3249 4666 Ex
3297 4622 3360 4666 se
3392 4604 3713 4668 maledicta

2064 4700 2175 4765 est,
2209 4692 2341 4766 sed,
2376 4693 2641 4756 Continis
2674 4694 3101 4757 maledictioni.
3137 4692 3301 4766 Quod
3334 4700 3529 4754 autem
3561 4712 3709 4755 con-

2066 4780 2183 4841 fine
2235 4782 2551 4843 maledicto
2613 4790 2725 4852 est.
2762 4783 2937 4845 etiam
2970 4783 3144 4863 longe
3195 4781 3327 4843 fieri
3359 4788 3552 4863 potest
3606 4801 3716 4865 per

2066 4869 2737 4950 pmnitentiumEtenim
2768 4872 2817 4933 si
2847 4871 3091 4934 dixisset
3122 4890 3134 4935 :
3162 4871 3233 4934 Et
3264 4870 3577 4934 maledicta
3592 4881 3702 4947 est,

2062 4960 2422 5039 oportuisset
2451 4959 2789 5041 desperare.
2822 4959 2991 5023 Nunc
3023 4969 3220 5024 autem
3251 4962 3332 5022 ait
3368 4960 3708 5023 :Maledicto

2062 5047 2581 5120 conﬁnis,terrens
2601 5068 2669 5112 ac
2690 5050 3120 5131 propemodum
3144 5050 3385 5113 dicens:
3412 5053 3567 5114 Ecce
3589 5069 3712 5113 ma-

2060 5136 2365 5198 ledictioni
2398 5139 2713 5220 propinqui
2744 5138 2906 5212 estis,
2943 5139 3149 5201 timete
3190 5158 3265 5201 ne
3306 5138 3367 5200 in
3401 5139 3565 5201 illam
3597 5140 3707 5202 de-

2056 5225 2288 5300 cidatis,
2326 5243 2376 5286 ea
2412 5225 2594 5305 fugite
2612 5227 2799 5307 ipsam
2836 5245 2850 5289 :
2889 5246 3023 5289 nam
3054 5233 3150 5308 qui
3178 5245 3363 5309 prope
3394 5238 3481 5291 est
3515 5228 3711 5292 adhuc

2059 5315 2263 5391 fugere
2306 5322 2518 5393 potest,
2584 5314 2846 5377 nondum
2897 5315 3057 5377 enim
3088 5325 3294 5397 captus
3323 5326 3436 5379 est.
3477 5336 3496 5373 ο
3532 5316 3711 5398 Cujus

2060 5404 2250 5464 exitus
2292 5402 2479 5463 tendit
2507 5403 2580 5465 ad
2614 5403 3008 5467 exustionem.
3046 5429 3073 5460 ιι
3109 5403 3260 5467 Vide
3284 5424 3523 5468 rursum
3554 5426 3709 5489 quo-

2062 5493 2238 5555 modo
2272 5492 2602 5572 periculum
2639 5492 2936 5574 loquendo
2967 5493 3214 5573 devitet,
3267 5501 3431 5557 δι’
3460 5515 3538 5561 ne
3575 5512 3707 5580 pce-

980 5663 1045 5717 39
1071 5666 1275 5731 Matth.
1307 5682 1433 5746 xm,
1467 5665 1526 5731 3.
1610 5665 1676 5718 ⁵ο
1703 5664 1879 5733 Rem.
1908 5681 1991 5746 vr,
2020 5661 2122 5738 22,
