4152 6216
493 346 612 416 339
1611 344 1991 412 CECUMENI
1998 343 2022 403 Ι
2067 341 2362 406 TRICCuE
2405 340 2744 410 EPISCOPI
3750 344 3871 412 340

490 481 808 548 nitentiam
841 481 1164 546 maximum
1207 481 1364 542 inter
1382 478 1658 544 homines
1713 474 2045 539 remedium
2070 472 2115 534 vi

2198 474 2358 534 ιἘὰν
2390 477 2552 559 μέχρι
2582 477 2764 544 τέλους
2795 480 3065 563 ἐπιμείνῃ,
3111 484 3260 562 φησὶ,
3323 482 3411 539 καὶ
3465 480 3629 563 μέχρι
3683 481 3868 540 τελευιο

495 574 709 637 deatur
766 572 1032 653 abjicere
1064 592 1078 631 :
1116 588 1311 651 neque
1359 567 1517 631 enim
1569 567 1760 629 dixit:
1792 563 1939 653 Illud
1980 582 2115 653 quat

2220 571 2319 633 τῆς
2349 566 2575 634 ἀκάνθας
2620 567 2873 649 ἐκφέρων,
2918 571 3038 628 τότε
3092 571 3433 652 καυθήσεται,
3494 571 3554 628 ἐκ
3607 577 3704 639 τῆς
3760 572 3862 628 ἀν-

492 663 692 745 spinas
720 652 990 742 producit
1038 668 1097 721 et
1146 656 1421 730 tribulos,
1484 655 1767 745 exuritur,
1820 652 1925 745 sed
1954 652 2115 745 Quju:

2220 653 2554 725 τιδιαστολῆς
2583 656 2781 730 δηλῶν,
2816 661 2888 725 ὡς
2919 659 2972 716 εἴ
3019 682 3080 738 γε
3126 660 3203 736 μὴ
3258 659 3387 740 ἄχρι
3442 658 3622 726 τέλους
3651 659 3864 737 ἐπιμεί-

490 741 683 815 exitus
713 741 904 813 tendit
957 747 1028 811 ad
1080 746 1475 809 exustionem.
1540 743 1603 807 Si
1632 761 1820 825 usque
1849 741 1922 804 ad
1956 741 2115 803 ﬁnen

2222 765 2394 819 νωμεν
2435 745 2528 809 τὰς
2570 745 2796 810 ἀκάνθας
2826 745 3192 823 ἐκϐάλλοντες,
3225 746 3362 806 ἀλλά
3390 756 3757 829 μεταγνῶμεν,
3798 754 3858 809 ού

486 840 907 920 permanserit,
966 836 1181 917 inquit,
1250 841 1308 897 et
1332 853 1521 915 usque
1550 834 1623 896 ad
1657 839 1903 895 mortem
1931 829 2115 911 spina:

2221 832 2610 920 καυθησόμεθα.

487 919 769 1008 proferat,
804 933 948 988 tunc
980 932 1264 987 exuretur
1296 947 1308 983 :
1347 943 1417 987 ex
1446 925 1715 1005 opposito
1746 921 2093 1002 signiﬁcans
2120 919 2295 1001 tquod
2329 920 2380 982 si
2410 939 2528 984 non
2559 922 2633 985 ad
2683 922 2863 986 ﬁnem
2896 942 3083 1006 usque
3114 924 3636 1008 permanserimus,
3668 926 3868 1008 spinas

485 1015 880 1097 proferentcs,
915 1015 1022 1078 sed
1052 1014 1494 1095 resipiscamus,
1530 1032 1646 1074 non
1679 1027 2017 1073 exuremur.

568 1103 668 1181 VI,
698 1104 867 1167 9-12.
897 1107 1208 1167 Caeterum
1228 1104 1634 1185 persuasimus
1656 1102 1827 1164 nobis
1849 1102 1926 1162 de
1944 1099 2115 1162 vobis

2312 1122 2335 1157 ιι
2394 1105 2722 1178 Πεπείσμεθα
2763 1100 2817 1158 δὲ
2873 1103 2990 1181 περὶ
3044 1105 3189 1180 ὑμῶν
3233 1104 3524 1182 ἀγαπητοὶ,
3584 1106 3648 1162 τὰ
3702 1108 3872 1184 κρείσ-

487 1191 713 1267 dilecti,
744 1210 879 1273 qua:
902 1193 997 1255 his
1017 1194 1144 1256 sint
1168 1193 1425 1254 meliora
1449 1198 1501 1253 et
1522 1189 1707 1252 saluti
1737 1190 2115 1252 adhaerentia

2198 1211 2350 1273 ,σονα
2394 1192 2482 1247 καὶ
2550 1191 2787 1271 ἐχόμενα
2856 1194 3146 1272 σωτηρίας,
3217 1195 3260 1249 εί
3316 1195 3403 1251 καὶ
3450 1192 3613 1259 οὕτως
3671 1192 3867 1255 λαλοῦ-

486 1283 731 1344 tametsi
748 1272 838 1344 sic
850 1281 1342 1362 loquamur.Ncn
1367 1281 1539 1343 enim
1560 1281 1934 1354 iniustusest
1954 1279 2114 1339 Deus

2198 1272 2343 1354 μεν,
2431 1281 2505 1337 Οὐ
2584 1281 2683 1359 γὰρ
2768 1277 2944 1343 ἄδικος
3028 1283 3056 1337 ὁ
3140 1283 3269 1347 Θεὸς
3354 1280 3689 1340 ἐπιλαθέσται
3774 1291 3868 1342 τοῦ

483 1376 554 1433 ut
570 1369 966 1433 obliviscatur
985 1370 1194 1450 operis
1212 1374 1404 1431 vestri
1425 1374 1479 1431 et
1506 1366 1564 1429 la
1575 1368 1737 1430 boris
1757 1384 1835 1429 ex
1854 1365 2115 1429 charitati

2223 1366 2374 1446 ’ἐργου
2428 1370 2571 1444 ὑμῶν
2627 1370 2714 1425 καὶ
2766 1376 2857 1426 τοῦ
2930 1369 3098 1427 κόπου
3170 1375 3269 1438 τῆς
3352 1371 3566 1450 ἀγάπης
3641 1374 3710 1439 ἧς
3790 1372 3872 1429 ἐν-

482 1460 723 1539 suscepi
739 1476 929 1538 quam
971 1458 1335 1521 exhibuistis
1364 1475 1513 1535 erga
1543 1474 1767 1518 nomen
1814 1453 2003 1530 illius,
2038 1472 2114 1535 qu

2223 1454 2476 1522 εδείξασθε
2573 1458 2646 1520 εἷς
2758 1460 2820 1514 τὸ
2912 1456 3079 1534 ὄνομα
3178 1460 3355 1533 αὐτοῦ,
3453 1457 3862 1531 διακονήσαντες

488 1548 1124 1610 ministrastissanctis
1138 1546 1900 1624 etminislratis.6upimus
1912 1549 2113 1607 autem

2219 1559 2336 1610 τοῖς
2422 1546 2593 1626 ἁγίοις
2676 1548 2761 1603 καὶ
2844 1545 3226 1612 διακονοῦντες.
3339 1545 3726 1625 Ἐπιθλμοῦμεν
3810 1548 3865 1606 δὲ

488 1644 555 1697 ut
584 1641 999 1717 unusquisque
1028 1643 1286 1698 vestrum
1309 1636 1469 1697 idem
1494 1641 1736 1716 praestet
1764 1634 2032 1697 studium
2060 1650 2115 1695 at

2221 1633 2441 1693 ἕκαστον
2518 1637 2689 1711 ὑμῶν,
2760 1636 2859 1704 τὴν
2943 1637 3106 1704 αὐτὴν
3190 1634 3533 1695 ἐνδείκνυσθαι
3631 1639 3863 1708 σπουδὴν

485 1725 730 1805 plenam
749 1727 877 1805 spei
901 1725 1317 1788 certitudinem
1330 1742 1522 1805 usque
1538 1724 1618 1786 ad
1637 1724 1815 1803 ﬁnem
1829 1740 2115 1804 ,nesegne.

2222 1724 2351 1802 πρὸς
2405 1724 2504 1791 τὴν
2574 1722 2934 1805 πληροφορίαν
3019 1724 3113 1792 τῆς
3179 1723 3386 1782 ἐλπίδος
3444 1725 3570 1807 ἄχρι
3650 1726 3859 1805 τέλους,

485 1813 968 1892 e/ﬁciamini,sed
988 1815 1324 1877 imitatores
1354 1830 1560 1875 eorum
1582 1815 1691 1892 qui
1731 1831 1837 1893 per
1863 1812 2038 1892 ﬁdem
2064 1833 2115 1875 (It

2220 1809 2311 1867 ἵνα
2393 1813 2471 1888 μὴ
2553 1815 2736 1893 νωθροὶ
2817 1812 3061 1891 γένησθε,
3149 1816 3377 1890 μιμηταὶ
3457 1814 3512 1871 δὲ
3593 1821 3697 1871 τῶν
3780 1814 3865 1873 διὰ

485 1901 1003 1982 ιοηραηίιηϊεαεθηι
1058 1904 1371 1983 accipiunt
1414 1901 1828 1965 hwreditatem
1867 1904 2115 1981 promis-

2216 1902 2467 1975 πίστεως,
2564 1903 2651 1958 καὶ
2758 1903 3115 1981 μακροθυμίας
3210 1902 3680 1983 κληρονομούντων
3762 1906 3857 1969 τὰς

481 1991 693 2054 siom's.

2216 1988 2534 2068 ἐπαγγελίας
2545 2036 2559 2050 .
2615 2010 2643 2047 ι

561 2083 882 2160 Postquam
915 2079 1056 2141 satis
1080 2078 1216 2142 illos
1246 2078 1405 2141 feriit
1432 2079 1695 2141 vocando
1719 2096 1932 2159 segnes
1979 2078 2115 2142 alia-

2296 2078 2504 2149 Πλήξας
2577 2081 2762 2145 αὐτοὺς
2820 2080 3009 2146 ἱκανῶς
3063 2087 3139 2155 τῷ
3193 2080 3417 2158 νωθροὺς
3473 2079 3715 2157 καλέσαι,
3772 2083 3860 2139 καὶ

482 2187 598 2248 que
623 2168 903 2244 dicendo,
927 2188 1085 2231 nunc
1109 2169 1448 2231 consolatur
1472 2187 1601 2232 eos:
1636 2168 1859 2230 idcirco
1883 2187 1998 2230 non
2022 2169 2115 2232 ait:

2213 2168 2261 2223 τ’
2293 2165 2427 2223 ἄλλα
2460 2170 2652 2240 εἰπεῖν,
2687 2176 2775 2224 νῦν
2803 2172 3188 2245 παραμυθεῖται
3225 2183 3239 2196 ⁸
3298 2165 3377 2224 διὸ
3432 2167 3525 2224 ούκ
3563 2171 3714 2250 εἷπε,
3750 2179 3859 2228 Νο-

481 2257 793 2334 Existimo,
819 2258 922 2319 sed
943 2258 1217 2321 Persuasi
1237 2258 1405 2320 mihi.
1423 2282 1445 2319 ι
1462 2256 1674 2335 Saluti,
1697 2257 2122 2322 adhaerentia.»

486 2344 613 2409 Hoc
632 2346 1021 2427 est,proxima
1040 2348 1129 2410 vel
1154 2348 1431 2411 conﬁnia.
1465 2372 1491 2403 α
1526 2346 1785 2409 Tametsi
1808 2347 1893 2408 sic
1913 2346 2127 2425 loqua-

485 2453 641 2500 mur.
681 2459 703 2493 ι
736 2435 907 2511 Novi,
956 2435 1171 2517 inquit,
1216 2436 1372 2518 quod
1404 2454 1523 2497 non
1554 2434 1895 2517 produeetis
1926 2435 2126 2514 spinas

482 2545 551 2589 ac
584 2527 858 2603 tribulos,
918 2528 1023 2590 sed
1067 2528 1264 2591 verbis
1293 2536 1522 2590 tantum
1572 2528 1745 2603 ferio,
1779 2537 1840 2590 ut
1870 2528 2121 2590 efﬁciam

481 2616 802 2679 ﬁrmiores.
818 2615 977 2678 aNon
1000 2617 1161 2679 enim
1178 2616 1432 2699 iujustus
1453 2625 1544 2679 est
1564 2616 1782 2678 Deus.)
1810 2616 2127 2697 Propterea

476 2711 675 2766 autem
710 2705 1113 2786 persuasimus
1141 2705 1312 2768 nobis
1351 2705 1504 2768 boua
1534 2706 1606 2767 de
1635 2704 1823 2786 vobis,
1868 2706 2125 2768 scientes

478 2791 666 2856 Deum
701 2812 820 2856 non
852 2812 984 2856 esse
1000 2794 1285 2874 injustum
1317 2815 1329 2857 :
1358 2795 1515 2875 quod
1540 2795 1589 2855 si
1609 2794 1867 2876 injustus
1883 2813 2001 2857 non
2024 2795 2119 2871 sit,

478 2900 600 2944 non
646 2880 1032 2945 obliviscetur
1088 2882 1229 2944 boni
1259 2882 1457 2962 operis
1486 2882 1692 2957 vestri,
1730 2892 1785 2944 et
1816 2882 2119 2946 cbaritatis

2211 2258 2367 2336 μίζω,
2403 2255 2560 2332 ἀλλά,
2595 2256 2915 2333 Πέπεισμαι.
2974 2278 2997 2312 α
3062 2259 3158 2315 Καὶ
3209 2255 3446 2337 ἐχόμενα
3501 2259 3786 2339 σωτηρίας,
3827 2280 3852 2316 ο

2210 2342 2401 2423 Ἐγγὺς
2444 2343 2591 2407 ὄντα.
2642 2368 2670 2401 α
2731 2348 2791 2403 Ei
2847 2346 2934 2402 καὶ
2963 2344 3127 2409 οὕτως
3158 2344 3441 2421 λαλοῦμεν.
3481 2368 3504 2403 ο
3543 2345 3700 2422 Οἶδα,
3734 2371 3847 2428 φη-

2207 2435 2309 2507 σὶν,
2344 2433 2425 2490 ὅτι
2471 2435 2530 2490 οὒ
2560 2435 2747 2514 φύσετε
2806 2434 3033 2497 ἀκάνθας
3090 2436 3176 2491 καὶ
3219 2432 3515 2516 τριϐόλους,
3565 2433 3686 2492 ἀλλ’
3727 2436 3855 2518 ἄχρι

2207 2521 2381 2600 λόγων
2436 2522 2679 2600 πλήττω,
2737 2523 2829 2579 ἵνα
2885 2521 3299 2605 ἀσφαλεστέρους
3381 2525 3617 2599 ποιήσῳ.
3698 2548 3724 2579 ιι
3784 2527 3856 2582 Οὔ

2206 2611 2306 2688 γὰρ
2334 2608 2509 2676 ἄδικος
2539 2614 2567 2668 ὁ
2613 2612 2764 2675 Θεός.
2819 2634 2842 2667 ι
2911 2613 3009 2668 Διά
3066 2618 3220 2669 τοῦτο
3277 2609 3331 2667 δὲ
3390 2612 3456 2667 τὰ
3500 2613 3711 2693 χρηστά
3740 2614 3857 2692 περὶ

2204 2700 2355 2774 ὑμῶν
2381 2701 2728 2777 πεπείσμεθα,
2764 2698 2956 2764 εἰδότες
3011 2700 3089 2777 μὴ
3139 2698 3265 2757 ὄντα
3319 2698 3494 2757 ἄδικον
3547 2703 3638 2757 τὸν
3699 2702 3851 2761 Θεόν,

2209 2789 2266 2844 Εἰ
2324 2786 2378 2843 δὲ
2434 2791 2527 2845 οὐκ
2585 2787 2793 2869 ἄδικος,
2839 2793 2933 2849 οὒκ
2990 2788 3295 2859 ἐπιλήσεται
3348 2795 3440 2846 τοῦ
3499 2788 3649 2869 ἔργου
3706 2792 3853 2866 ὑμῶν

2206 2885 2298 2935 τοῦ
2329 2886 2593 2958 χρηστοῦ,
2650 2880 2737 2935 καὶ
2793 2880 2889 2946 τῆς
2945 2879 3160 2957 ἀγάπης
3216 2879 3281 2946 ἣν
3335 2877 3658 2945 ἐπεδείξασθε
3690 2881 3763 2943 εἰς
3792 2881 3852 2936 τὸ

472 2990 647 3052 quam
707 2970 1067 3034 exhibuistis
1119 2990 1258 3052 erga
1307 2990 1526 3034 nomen
1558 2972 1738 3054 illius,
1769 2972 1871 3053 qui
1920 2973 2115 3035 omnia

2200 2964 2368 3042 ὄνομα
2426 2967 2603 3047 αὖτοῦ,
2677 2967 2845 3024 πάντα
2902 2965 2969 3023 δι’
3022 2970 3175 3027 αὒτὸν
3248 2968 3649 3043 ὑπομείναντες,
3717 2976 3848 3026 Δια-

474 3066 715 3140 propter
770 3059 964 3141 ipsum
1019 3059 1289 3141 perpessi
1336 3060 1499 3123 estis.
1539 3081 1569 3121 ι
1603 3060 1715 3134 Qui
1741 3060 2115 3124 ministrastis

2201 3057 2521 3125 κονήσαντες
2578 3069 2694 3120 τοῖς
2742 3056 2933 3134 ἁγίοις,
2991 3078 3014 3114 ι
3080 3066 3209 3119 Τοῖς
3266 3054 3369 3123 ἤδη
3416 3062 3836 3119 πεπιστευκόσιν,

473 3147 716 3212 sanctis.
755 3172 777 3207 ι
807 3146 912 3210 His
961 3148 1061 3229 qui
1087 3148 1211 3229 jam
1242 3149 1640 3211 crediderant.
1674 3149 1821 3212 Nam
1876 3150 1936 3212 hi
1969 3169 2115 3231 prae-

2207 3146 2359 3202 Οὗτοι
2389 3146 2487 3223 γὰρ
2514 3158 2779 3225 παρεῖχον
2819 3146 2884 3201 τὰ
2916 3146 3046 3225 πρὸς
3071 3145 3167 3201 τὴν
3216 3145 3421 3226 χρείαν.
3482 3145 3691 3213 Ταύτην
3746 3146 3843 3213 τὴν

476 3234 696 3299 bebant
750 3237 838 3300 eis
894 3237 1261 3301 necessaria.
1322 3237 1536 3318 Hujus,
1570 3238 1784 3320 inquit,
1818 3240 2115 3303 charitatis

2204 3233 2416 3312 ἀγάπην
2446 3235 2511 3301 ἢν
2540 3233 2668 3314 ἄχρι
2710 3241 2803 3292 τοῦ
2832 3244 2917 3294 νῦν
2961 3235 3191 3309 ποιεῖτε,
3238 3235 3415 3315 φησίν.
3460 3253 3491 3292 (
3524 3234 3849 3310 Ἐπιθυμοῦ-

477 3343 652 3406 quam
682 3325 756 3388 ad
786 3326 902 3389 hoc
933 3345 1121 3408 usque
1152 3335 1386 3409 tempus
1426 3327 1743 3391 exhibetis.
1783 3352 1805 3387 ιι
1841 3328 2124 3410 Cupimus

466 3423 688 3478 autem.
725 3436 755 3477 ›
786 3414 916 3479 Non
940 3415 1109 3497 dixit,
1141 3415 1453 3492 Volumus,
1487 3418 1591 3479 sed
1643 3417 1798 3499 quod
1830 3419 2121 3481 amantius

469 3512 619 3586 erat,
648 3503 934 3587 Cupimus
991 3514 1091 3568 aut
1134 3505 1565 3570 desideramus.
1608 3532 1635 3561 α
1669 3507 1831 3570 ldem
1884 3516 2121 3589 praestet

466 3593 751 3656 studium.
809 3618 833 3653 ιι
870 3593 1100 3657 Deinde
1149 3603 1349 3676 posset
1404 3594 1699 3677 quispiam
1749 3596 2002 3661 dicere:
2060 3596 2117 3661 Si

468 3683 813 3764 persuasisti
864 3683 973 3746 tibi
1028 3684 1277 3747 meliora
1325 3685 1399 3746 de
1430 3685 1623 3761 nobis,
1663 3694 1719 3747 et
1749 3688 1903 3748 nosti
1936 3706 2117 3768 opera

460 3779 667 3835 nostra
713 3792 781 3835 ac
814 3772 1209 3835 ministerium
1241 3773 1303 3834 in
1351 3782 1607 3850 sanctos,
1642 3793 1751 3837 cur
1801 3776 1978 3854 igitur
2009 3795 2116 3837 nos

465 3867 655 3925 terres
676 3879 890 3923 vocans
910 3879 1146 3940 segnes,
1178 3880 1246 3924 ac
1279 3862 1582 3942 spinarum
1614 3863 1838 3925 faciens
1869 3865 2115 3927 mentio-

461 3967 599 4011 nem
618 3949 650 4008 ?
697 3948 934 4023 Quare?
955 3949 1103 4023 Quia
1133 3950 1429 4031 cupimus,
1484 3958 1547 4012 ut
1578 3952 1986 4034 unusquisque
2010 3974 2112 4016 ve-

459 4044 649 4098 strum
684 4036 847 4099 idem
878 4036 1141 4098 studium
1162 4038 1319 4119 quod
1340 4037 1595 4115 habetis,
1630 4040 1689 4101 in
1722 4042 1901 4103 tinem
1924 4062 2111 4124 usque

460 4130 699 4205 praestet
726 4124 800 4186 ad
832 4124 1069 4205 plenam
1090 4124 1218 4205 spei
1232 4124 1845 4207 certitudinem,860
1865 4130 1976 4191 hoc
1997 4139 2106 4207 est,

460 4219 527 4274 ut
551 4211 681 4274 sitis
709 4211 1050 4274 immobiles
1080 4212 1237 4274 circa
1256 4211 1437 4273 ﬁdem
1459 4232 1589 4293 quae
1614 4222 1701 4276 est
1724 4213 1785 4274 in
1810 4216 2108 4278 Christum

456 4307 519 4364 et
545 4318 714 4382 spem
774 4319 907 4382 quae
958 4301 1097 4363 inde
1127 4300 1415 4382 procedit.
1458 4327 1478 4357 ι
1518 4306 1608 4367 Ne
1637 4322 1851 4383 segnes
1880 4304 2108 4367 efﬁcia-

2204 3344 2301 3396 μεν
2332 3321 2409 3384 δέ,
2460 3346 2487 3378 ο
2524 3327 2631 3382 Οὐκ
2660 3322 2807 3397 εἶπε,
2841 3321 3155 3403 βουλόμεθα,
3188 3321 3307 3379 ἀλλ’
3363 3324 3391 3378 ὃ
3449 3321 3853 3404 φιλοστοργότε-

2203 3432 2289 3489 ρον
2350 3410 2441 3484 ἧν,
2502 3410 2910 3487 Ἐπιθυμοῦμεν,
2986 3414 3166 3492 φησίν.
3246 3432 3269 3467 ι
3346 3411 3454 3479 Τὴν
3520 3413 3684 3479 αὐτὴν
3753 3412 3841 3469 ἐν-

2201 3497 2487 3558 δείκνυσθαι
2520 3498 2774 3571 σπουδήν,
2815 3526 2838 3558 ι
2878 3501 3016 3558 Εἶτα
3043 3499 3189 3558 εἴποι
3219 3524 3322 3577 τις,
3390 3502 3447 3558 Εἰ
3490 3500 3843 3577 πεπεισμένος

2200 3589 2257 3645 εἴ
2312 3590 2429 3668 περὶ
2485 3590 2638 3664 ἡμῶν
2695 3591 2759 3647 τὰ
2839 3590 3128 3671 κρείττονα,
3210 3593 3297 3647 καὶ
3352 3588 3506 3653 οἶδας
3574 3592 3725 3667 ἡμῶν
3778 3591 3845 3646 τὰ

2200 3675 2325 3757 ἔργα
2366 3679 2454 3734 καὶ
2508 3678 2609 3745 τὴν
2664 3679 2736 3743 εἰς
2794 3680 2915 3743 τοὺς
2975 3680 3150 3757 ἁγίους
3201 3676 3482 3756 διακονίαν,
3542 3681 3593 3735 τί
3647 3676 3843 3749 δήποτε

2198 3764 2464 3846 ἐφόϐησας
2553 3768 2697 3842 ἡμᾶς
2810 3768 3034 3847 νωθροὺς
3117 3765 3366 3841 καλέσας,
3443 3769 3531 3825 καὶ
3606 3768 3842 3824 ἀκανθῶν

2199 3845 2584 3936 μέμνημὲνοςς
2672 3857 2770 3912 Διά
2832 3845 2928 3936 τί,
2989 3845 3119 3915 υΟτι.
3188 3856 3540 3933 ἐπιθυμοῦμεν
3619 3856 3840 3913 ἕκαστον

2196 3945 2365 4019 ὑμῶν,
2414 3946 2565 4025 φησὶ,
2599 3946 2696 4012 τὴν
2724 3945 2886 4013 αὐτὴν
2929 3946 2994 4012 ἣν
3042 3944 3198 4025 ἔχετε
3247 3944 3374 4025 ἄχρι
3424 3944 3609 4010 τέλους
3652 3943 3844 4002 ἐπιδεί-

2196 4030 2373 4098 ξασθαι
2426 4030 2653 4101 σπουδὴν
2709 4035 2839 4113 πρὸς
2901 4035 2993 4103 τὴν
3051 4034 3410 4115 πληροφορίαν
3464 4035 3563 4103 τῆς
3607 4032 3839 4115 ἐλπίδος,

2193 4121 2449 4202 τουτέστι,
2485 4124 2617 4201 πρὸς
2673 4124 2733 4178 τὸ
2776 4123 2917 4179 ε’ίναι
2971 4124 3107 4199 ὑμᾶς
3163 4120 3501 4188 ἀδιστάκτους
3560 4122 3682 4202 περ)
3736 4124 3834 4190 τὴν

2192 4212 2265 4275 είς
2312 4213 2533 4291 Χριστὸν
2562 4212 2759 4286 πίστιν,
2794 4213 2881 4268 καὶ
2907 4212 3005 4279 τὴν
3054 4210 3196 4268 ἔνθεν
3238 4210 3441 4274 ἐλπίδα,
3497 4235 3521 4267 ιι
3579 4202 3703 4269 υινα
3759 4212 3836 4288 μὴ

2192 4302 2375 4379 νωθροὶ
2403 4300 2645 4379 γένησθε.
2685 4325 2712 4354 ι»
2768 4301 2951 4358 Καίτοι
2996 4302 3150 4357 εἶπεν
3192 4300 3302 4357 ἅνω
3361 4302 3446 4357 καί
3495 4303 3577 4375 τὸ,
3636 4302 3841 4380 Νωθροὶ

460 4389 632 4454 mini.
670 4415 697 4447 ιυ
743 4391 923 4470 Atqui
963 4391 1240 4472 superius
1274 4389 1420 4453 dixit
1451 4412 1464 4452 :
1497 4393 1725 4471 Segnes
1754 4392 1891 4456 facti
1924 4396 2104 4473 estls;

2198 4391 2475 4471 γεγένησθε
2508 4409 2522 4423 ·
2557 4391 2677 4449 ἀλλ’
2706 4391 2821 4450 ἐκεῖ
2851 4393 2976 4449 εἶπε
3007 4406 3127 4456 ταῖς
3183 4393 3400 4473 ἀκοαῖς,
3447 4399 3536 4450 νῦν
3579 4392 3655 4468 δὲ,
3716 4392 3831 4450 ὅλοι

459 4478 566 4541 sed
594 4478 677 4541 ibi
718 4478 968 4554 addidit,
1020 4478 1279 4541 Auribus
1308 4500 1321 4538 :
1353 4498 1514 4541 nunc
1544 4491 1768 4541 autem.
1803 4479 1888 4542 Ne
1920 4482 2023 4543 toti
2053 4490 2110 4544 et

455 4585 565 4649 per
589 4568 792 4630 omnia
821 4586 1036 4648 segnes
1067 4567 1433 4630 efﬁciamini.
1458 4567 1608 4630 «Sed
1639 4567 1970 4633 imitatores
2000 4588 2108 4632 eo-

451 4674 584 4719 rum
612 4656 713 4739 qui
744 4676 855 4738 per
878 4656 1358 4720 ﬁdem.»Deinde
1376 4668 1813 4738 consequenter
1833 4668 2103 4722 recense:

449 4763 553 4808 eos
581 4748 683 4829 qui
700 4765 809 4829 per
833 4747 1012 4809 ﬁdem
1034 4753 1397 4825 acceperunt
1420 4745 1825 4809 haereditatem
1847 4748 2104 4829 promis-

446 4834 885 4917 sionis,nempe
914 4834 1239 4898 Abraham.
1270 4832 1420 4906 Quid
1447 4844 1534 4896 est
1560 4843 1756 4899 autem
1783 4854 1796 4898 :
1825 4837 1939 4898 Per
1967 4837 2103 4898 lon-

443 4923 847 5002 ganimitatem
874 4923 907 4984 ?
964 4924 1078 4986 hoc
1129 4930 1240 4998 est,
1274 4924 1389 4985 Per
1421 4922 1819 4986 tolerantiam.
1859 4925 2104 4987 Pertulit

2191 4479 2255 4535 δι’
2301 4479 2439 4537 ὅλων
2468 4483 2649 4561 νωθροὶ
2677 4482 2985 4560 γεγένησθε,
3040 4499 3069 4542 (
3103 4483 3341 4557 Μιμηταὶ
3397 4479 3451 4537 δὲ
3481 4488 3587 4537 τῶν
3629 4480 3713 4537 διὰ
3742 4481 3833 4537 πί-

2192 4591 2375 4635 στεως.
2434 4593 2461 4625 ιο
2526 4571 2664 4627 Εἶτα
2707 4569 2892 4628 λοιπὸν
2950 4568 3232 4649 καταλέγει
3289 4591 3410 4633 τους
3468 4568 3552 4626 διὰ
3607 4570 3833 4633 πίστεως

2189 4657 2693 4738 κληρονομήσαντας
2721 4660 2814 4724 τὰς
2862 4658 3203 4739 ἐπαγγελίας,
3267 4664 3385 4717 οἷον
3427 4660 3517 4715 τὸν
3572 4656 3831 4739 Ἀϐραάμ.

2188 4747 2248 4805 Τί
2277 4746 2331 4802 δέ
2356 4746 2464 4828 ἐστι
2507 4748 2589 4822 τὸ,
2640 4749 2743 4806 Διά
2803 4748 3159 4828 μακροθυμίας
3194 4767 3210 4828 ;
3244 4749 3502 4828 τουτέστι,
3536 4745 3602 4803 δι’
3632 4749 3834 4823 ὑπομο-

2187 4841 2305 4903 νῆς.
2398 4827 2671 4912 ιι’πέμεινε
2742 4839 2841 4916 γὰρ
2896 4827 2995 4905 τὴν
3050 4827 3366 4916 ἐπαγγελίαν
3431 4827 3834 4916 ὑπερτιθεμέντ,ν

2185 4932 2412 4981 τοσαῦτα
2440 4923 2557 4998 ἔτη,
2619 4927 2705 4982 καὶ
2756 4926 2832 4983 ἔτι
2889 4925 3061 5003 ἔμεινε
3120 4926 3404 4987 πιστεύων,
3464 4927 3523 4983 Εἰ
3579 4927 3678 5005 γὰρ
3720 4925 3831 5001 ἅμα

445 5012 604 5074 enim
640 5012 1097 5094 promissionem
1126 5011 1202 5073 ad
1235 5020 1357 5073 tam
1390 5011 1609 5075 multos
1632 5031 1820 5074 annos
1852 5013 2098 5093 prolon-

2198 5020 2257 5089 τῷ
2338 5012 2744 5092 ἐπαγγείλασθαι
2799 5017 2928 5072 Θεὸν
2996 5017 3031 5084 ἡ
3081 5013 3222 5079 δόσις
3284 5014 3656 5090 ἀκολουθήσει,
3732 5016 3827 5071 οὒκ

443 5108 660 5179 satam,
697 5109 755 5164 et
804 5105 1008 5165 tamen
1040 5098 1369 5182 permansit
1399 5117 1641 5181 semper
1670 5099 1731 5161 in
1768 5100 2095 5166 credendo.

2198 5101 2259 5177 ξτι
2316 5103 2541 5168 πίστεώς
2586 5105 2727 5160 ἐστιν
2770 5105 2806 5172 ἢ
2866 5106 3139 5181 ὑπομονῆς
3200 5113 3293 5162 τοῦ
3356 5103 3454 5170 τὴν
3511 5101 3829 5181 ἐπαγγελίαν

438 5186 590 5252 Nam
613 5190 665 5252 si
691 5189 867 5253 simul
899 5198 961 5253 ut
989 5189 1262 5272 promisit
1286 5190 1469 5265 Deus,
1502 5189 1965 5271 subsequeretur
1984 5190 2098 5253 do-

2198 5190 2460 5267 ἲεξαμένου
2488 5193 2665 5272 χρεία,
2712 5200 2789 5267 τῷ
2835 5192 2971 5256 ὅλως
3017 5191 3288 5260 ἀληθεύειν
3335 5194 3428 5249 τὸν
3484 5192 3636 5255 Θεόν,
3686 5194 3744 5250 Εἰ
3776 5189 3829 5247 δέ

436 5278 621 5354 natio,
648 5278 775 5358 jam
803 5278 960 5361 apud
1007 5297 1142 5342 eum
1176 5278 1276 5359 qui
1303 5277 1769 5358 promissionem
1803 5279 2092 5359 suscepit,

2198 5280 2628 5360 ιπαγγειλάμενος
2658 5282 2969 5360 ὑπέρθηται,
3003 5283 3090 5338 καὶ
3119 5284 3147 5338 ὁ
3197 5282 3298 5349 τὴν
3327 5279 3643 5361 ἐπαγγελίαν
3673 5279 3826 5345 δεξά-

437 5367 638 5430 nullus
657 5377 814 5433 esset
830 5388 973 5433 usus
993 5368 1135 5432 ﬁdei
1155 5375 1256 5431 aut
1280 5367 1631 5444 tolerantiae,
1669 5370 1823 5450 quod
1849 5371 2092 5432 omnino

2198 5392 2338 5434 ιενος
2371 5371 2765 5449 μακροθυμήσει
2815 5370 2899 5427 ἐπὶ
2944 5376 3012 5448 τῇ
3066 5369 3361 5450 ὑπερθέσει,
3420 5370 3539 5427 τότε
3591 5370 3830 5425 πιστεύει

433 5471 610 5518 verax
641 5466 799 5520 esset
825 5458 1010 5521 Deus.
1064 5457 1131 5520 Si
1187 5475 1324 5519 vero
1384 5455 1482 5519 ubi
1529 5457 1802 5537 promisit
1830 5458 2089 5541 diﬂ‘erat,

2198 5462 2447 5537 ιαθαρῶς,
2492 5460 2611 5515 τότε
2641 5458 2888 5535 ὑπομένει
2919 5459 3211 5539 ἐγκρατῶς.

429 5550 491 5606 et
516 5550 716 5609 tamen
743 5546 796 5608 is
823 5547 925 5629 qui
957 5545 1415 5628 promissionem
1443 5545 1694 5627 accepit,
1748 5547 2002 5611 tolerans
2050 5546 2125 5610 ad
2156 5545 2531 5627 dilationem,
2588 5553 2728 5609 tunc
2777 5566 2924 5629 pure
2972 5546 3185 5626 credit,
3230 5555 3371 5611 tunc
3418 5544 3668 5609 viriliter
3728 5553 3824 5608 to-

428 5632 601 5697 lerat.
