4152 6216
315 292 413 359 341

910 438 1163 497 aequa.
1197 423 1286 495 θ’.

313 539 335 573 ι
374 509 495 578 ’Ὁτι
534 516 711 596 βεϐαία
751 521 787 588 ἡ
832 519 1120 657 ἐπαγὲελία
1177 528 1270 578 τοῦ
1327 531 1458 581 Θεοῦ
1513 527 1601 581 καὶ
1628 533 1793 583 ταῦτα
1834 530 1927 584 σὺν

1021 624 1152 657 οκω-
1192 625 1215 657 ε

1021 624 1152 681 ρκφ.
1192 625 1215 657 ν

391 722 412 756 α
471 709 555 775 Τῷ
595 702 692 782 γὰρ
754 700 994 781 Ἀϐραὰμ
1050 703 1499 782 ἐπαγγειλάμενος
1544 709 1573 763 6
1629 709 1781 784 Θεὸς,
1815 711 1928 765 ἐπεὶ

310 790 417 849 κατ’
495 792 699 858 οὗδενὸς
781 796 910 874 εἶχε
969 796 1206 871 μείζονος
1277 798 1492 877 ὀμόσαι,
1550 798 1730 875 ὤμοσε
1811 801 1927 858 καθ’

311 884 501 952 ἑαυτοῦ,
558 882 728 963 λέγων
763 903 780 921 ο
856 893 900 941 Η
985 887 1094 961 μὴν
1177 885 1407 965 εὐλογῶν
1489 887 1766 967 εὐλογήσω
1843 912 1926 967 σε,

308 971 387 1027 καὶ
450 971 722 1039 πληθύνων
801 974 1051 1041 πληθυνὼ
1132 996 1215 1037 σε.
1279 977 1377 1034 Καὶ
1430 975 1594 1059 οξτως
1662 984 1926 1059 μακροθυ-

308 1061 491 1133 μήσας,
547 1060 773 1142 ἐπέτυχε
856 1068 955 1130 τῆς
1037 1062 1379 1143 ἐπαγγελίας.
1473 1055 1785 1147 ’Ἄνθρωποι
1832 1070 1929 1145 μέν

303 1151 393 1227 γὰρ
467 1151 602 1207 κατά
683 1161 775 1210 υῦ
873 1153 1112 1227 μείζονος
1219 1153 1489 1229 ὀμνύουσι,
1574 1158 1663 1213 καὶ
1746 1160 1926 1225 πάσης

302 1237 470 1303 αὐτοῖς
546 1238 848 1319 ἀντιλογίας
958 1241 1121 1320 πέρας
1206 1243 1278 1306 εἰς
1361 1242 1641 1320 βεϐαίωσιν
1724 1249 1752 1303 6
1834 1247 1924 1327 ὄρ-

300 1351 407 1392 κος,
442 1352 467 1384 υ

375 1406 544 1475 ’Ὅταν
573 1418 662 1474 οὖν
704 1421 826 1498 ὁρᾷς
877 1419 965 1475 καὶ
1021 1420 1113 1474 τὸν
1158 1421 1380 1497 Χριστὸν
1434 1420 1653 1500 λέγοντα
1688 1441 1703 1457 ⁸
1753 1424 1927 1500 Ἀμην

301 1506 432 1580 ἀμην
459 1505 603 1585 λέγω
630 1529 736 1580 σοι,
770 1507 933 1563 ἐννόει
977 1506 1059 1563 ὅτι
1107 1505 1225 1563 κατ’
1287 1507 1491 1575 οὐδενὸς
1542 1510 1686 1591 ἔχων
1743 1517 1924 1588 μείζο-

301 1618 379 1659 νος
405 1595 620 1670 ὀμόσαι,
654 1597 714 1652 τὸ
745 1594 920 1671 Ἀμὴν
948 1594 1154 1672 ὄμνυσι,
1189 1598 1276 1653 καὶ
1305 1596 1384 1653 ὅτι
1441 1601 1527 1655 καὶ
1580 1608 1665 1656 νῦν
1722 1604 1750 1657 6
1810 1607 1926 1667 Υἱὸς

1433 300 1827 365 COMMENT.
1873 298 1957 361 IN
1999 296 2244 364 EPIST.
2286 300 2387 362 AD
2430 298 2658 364 HEBR.

3533 284 3651 354 342

2602 435 2843 501 CAPUT
2880 434 3031 500 VIII.

2011 520 2177 594 Quod
2204 522 2389 602 ﬁrma
2437 532 2515 588 sit
2568 529 2679 589 Dei
2719 528 3061 610 promissio,
3096 524 3274 603 idque
3300 536 3434 583 cum
3454 518 3639 597 jura-

2715 614 2934 671 mento.

2088 698 2183 777 VI,
2216 701 2286 767 t3
2310 706 2425 767 ~16.
2483 707 2641 769 Deus
2671 714 2829 773 cnim
2854 709 3163 789 pollicitus
3192 701 3482 778 Abrahw,
3513 715 3652 789 cum

2007 806 2129 851 non
2147 799 2342 871 posset
2350 812 2465 873 per
2478 813 2839 878 quemquam
2855 787 3654 875 maioremjurarejuravit

2006 886 2411 961 perscipsum,
2447 885 2649 948 dicens
2683 904 2701 948 :
2754 889 2893 951 Nisi
2916 887 3263 950 benedicens
3296 879 3654 944 benedicere

2014 971 2142 1045 tibi,
2176 982 2233 1034 et
2279 975 2688 1058 multiplicans
2707 980 3191 1060 multiplicavero
3214 985 3311 1052 te;
3356 981 3536 1050 atque
3558 970 3649 1031 ita

2012 1077 2148 1122 cum
2172 1065 2481 1142 patienter
2494 1077 2911 1148 exspectasset,
2927 1075 3278 1131 consecutus
3295 1070 3381 1125 est
3399 1060 3657 1141 promis-

2011 1168 2178 1213 sum.
2210 1152 2371 1215 Nam
2402 1156 2672 1220 homines
2700 1159 2942 1237 quidem
2988 1175 3093 1238 per
3119 1173 3257 1217 eum
3297 1155 3516 1233 Ῑιιναηί
3543 1148 3653 1238 qui

2008 1238 2089 1298 sit
2118 1243 2350 1317 major:
2384 1251 2563 1323 atque
2592 1236 2801 1309 iisdem
2832 1236 3029 1309 omnis
3057 1242 3482 1307 controversias
3506 1236 3651 1318 ﬁnis

2009 1325 2088 1387 ad
2115 1329 2637 1408 conﬁrmationem
2668 1342 2756 1399 est
2783 1334 3236 1415 jusjurandum.

2091 1416 2234 1477 Cum
2296 1419 2469 1500 igitur
2521 1423 2684 1486 vides
2742 1424 3039 1487 Christum
3083 1421 3424 1483 dicentem:
3459 1415 3654 1478 Amen

2010 1520 2183 1565 amen
2239 1507 2372 1571 dico
2426 1511 2553 1587 tibi,
2614 1512 2879 1590 intellige
2909 1511 3065 1593 quod
3113 1528 3244 1572 cum
3287 1526 3392 1589 per
3423 1505 3653 1569 nullum

2012 1593 2297 1672 majorem
2318 1601 2524 1678 jurare
2547 1603 2911 1683 possi:,jurat
2930 1602 3141 1663 Amen:
3169 1619 3287 1662 non
3310 1597 3452 1679 quin
3476 1595 3652 1657 etiam

298 1683 469 1757 ὄμνυσι
510 1691 591 1758 τῷ
648 1682 909 1762 Ἀϐραάμ.
960 1676 1016 1742 Ὀ
1046 1685 1215 1770 λόγος
1258 1686 1356 1764 γὰρ
1384 1685 1619 1763 ὄμνυσιν,
1662 1711 1685 1746 α
1721 1678 1786 1747 Ἠ
1818 1692 1926 1766 μὴν

2018 1700 2169 1743 nunc
2196 1676 2378 1748 Filius
2400 1676 2562 1768 juret
2592 1690 2706 1770 ipsi
2736 1676 2993 1752 ’Abrahm
3022 1712 3035 1749 :
3072 1676 3346 1751 νει-ὸυῐῐί
3364 1687 3521 1749 enim
3550 1686 3654 1765 ju-

296 1771 533 1851 εὐλογῶν,
570 1775 848 1851 εὐλογήσω
880 1795 959 1835 σε.
996 1792 1024 1831 ι
1079 1763 1539 1875 ’Ξὶμοσενείπὼη
1606 1798 1634 1836 ε
1669 1785 1751 1834 Ζῶ
1794 1763 1922 1859 ἐγὼ,

2018 1778 2118 1875 [ζει.
2159 1796 2184 1827 α
2217 1763 2739 1875 Nisiﬂb'enedidens
2769 1781 3128 1875 benedixere
3181 1778 3310 1875 lilii-
3343 1763 3651 1875 {Juriiii’

293 1861 424 1939 λέγει
468 1863 681 1941 Κύριος,
734 1885 761 1917 n
808 1863 988 1943 φησίν.
1030 1886 1057 1917 α
1104 1861 1169 1919 Ἦ
1203 1864 1331 1938 μην.
1393 1888 1415 1917 u
1467 1866 1772 1945 Τουτέστιν,
1832 1870 1925 1925 ὄν-

290 1973 385 2015 τως
427 1954 534 2027 μὴν
568 1950 800 2028 εὸλογῶν
830 1951 1105 2031 εὐλογήσω
1154 1973 1234 2010 σε.
1289 1973 1317 2009 ε
1374 1954 1470 2010 Καὶ
1514 1953 1680 2018 οὕτως
1730 1981 1919 2036 μακρο-

290 2041 539 2114 θυμήσας,
610 2063 637 2095 ι
706 2033 860 2118 Ὀρᾷς
916 2039 996 2096 ὅτι
1067 2042 1101 2109 ἡ
1159 2041 1486 2120 μακροθυμία
1546 2052 1634 2102 τοῦ
1689 2033 1930 2124 Ἀϐρααμ

291 2127 496 2195 ἐποίησέ
540 2151 594 2185 τι
628 2148 643 2208 ;
685 2151 707 2183 ι
764 2127 1025 2208 Ἐπέτυχε
1078 2135 1174 2205 τῇς
1218 2129 1559 2209 ἐπαγγελίας.
1601 2156 1625 2189 ι)
1665 2134 1843 2192 Καίτοι
1876 2136 1929 2191 ἐν

292 2218 363 2291 τῷ
425 2217 569 2274 τέλει
642 2219 817 2297 λέγει,
875 2217 955 2275 ὅτι
1012 2220 1150 2274 οὗτοι
1207 2219 1398 2282 πάντες
1454 2221 1713 2299 πορῥωθεν
1773 2225 1930 2288 αὐτὰς

290 2302 472 2363 ἰδόντες
516 2308 609 2363 καὶ
665 2306 1052 2381 ἀσπασάμενοι,
1108 2308 1201 2363 οὐκ
1244 2306 1556 2383 ἐκομίσαντο
1615 2312 1709 2373 τὰς
1768 2311 1929 2391 ἐπαγ.

291 2394 485 2475 γελίας,
516 2396 615 2451 ἵνα
645 2397 723 2471 μὴ
764 2398 930 2475 χωρὶς
974 2395 1129 2470 ἡμῶν
1154 2394 1492 2458 τελειωθῶσι,
1530 2405 1649 2465 Πῶς
1699 2401 1785 2459 οὖν
1831 2400 1932 2458 ὦδε

291 2486 458 2563 φησὶν,
496 2482 765 2564 Ἐπέτυχε
793 2489 893 2550 τῆς
923 2482 1241 2561 ἐπαγγελίας
1277 2504 1293 2565 ;
1351 2486 1450 2543 Καί
1477 2509 1672 2565 φαμεν,
1705 2491 1782 2564 μὴ
1814 2490 1931 2572 περὶ

293 2578 388 2627 τῶν
415 2572 592 2629 αὐτῶν
622 2573 882 2651 εἰρηκέναι
914 2573 1089 2629 αὐτόν.
1150 2574 1225 2630 Τὰ
1273 2574 1368 2647 μὲν
1418 2575 1517 2654 γὰρ
1545 2578 1763 2635 ἐνταῦθα
1792 2582 1933 2655 αὗτῷ

290 2659 497 2743 δέδωκε,
534 2664 655 2740 περὶ
684 2665 756 2718 ὧν
790 2671 879 2720 νῦν
911 2662 1036 2718 εἶπε
1070 2677 1084 2691 '
1146 2662 1210 2716 τὰ
1252 2659 1306 2716 ’δὲ
1336 2661 1473 2733 ἐκεῖ,
1506 2662 1775 2741 φυλάττει,
1807 2667 1930 2746 περί

287 2753 356 2806 ὧν
397 2752 448 2809 ἐν
476 2760 559 2826 τῷ
595 2750 734 2808 τέλει
777 2756 875 2818 τῆς
908 2747 1231 2816 Ἐπιστολῆς
1287 2749 1429 2830 λέγει
1520 2772 1548 2811 (
1609 2755 1706 2811 Καὶ
1755 2756 1929 2823 πάσης

286 2841 460 2905 αὖτοϊς
504 2840 809 2918 ἀντιλογίας
830 2840 1017 2916 πέρας.
1044 2858 1074 2898 )
1114 2840 1211 2897 Καὶ
1239 2839 1401 2918 πέρας
1432 2841 1607 2907 πάσης
1628 2841 1928 2921 ἀντιλογίας

284 2931 363 2984 καὶ
390 2927 849 3010 ἀμφισϐητήσεως
895 2930 969 2992 εἷς
1010 2930 1072 2986 τὸ
1102 2926 1388 3005 βεϐαιῶσαι
1418 2930 1484 2985 τὰ
1512 2929 1775 3008 λεγόμενα
1805 2931 1926 3012 παρ’

284 3022 453 3098 αὐτοῦ,
486 3018 632 3075 ἐστὶν
663 3022 690 3076 6
734 3018 910 3097 ὅρκος.

362 3221 385 3251 α
459 3196 558 3254 Ἐν
618 3200 665 3272 ᾧ
717 3198 1088 3278 περισσότερον
1145 3197 1465 3275 βουλόμενος
1522 3199 1551 3254 6
1609 3199 1739 3261 Θεὸς
1804 3199 1926 3255 ἐπι-

281 3283 441 3351 δεῖξαι
507 3299 627 3349 τοῖς
682 3286 1031 3364 κληρονόμοις
1109 3293 1209 3354 τῆς
1288 3284 1610 3365 ἐπαγγελίας
1669 3289 1731 3344 τὸ
1788 3288 1925 3364 ἀμε-

280 3374 500 3431 τάθετον
610 3380 708 3442 τῆς
802 3374 999 3452 βουλῆς
1084 3378 1266 3455 αὺτοῦ,
1351 3374 1682 3449 ἐμεσίτευσεν
1765 3374 1925 3454 ὅρκῳ,

279 3463 363 3520 ἳνα
417 3462 512 3520 διὰ
568 3462 656 3521 δύο
731 3464 1060 3542 πραγμάτων
1120 3464 1477 3542 ἀμεταθέτων,
1538 3463 1590 3519 ἐν
1650 3468 1735 3527 οἷς
1806 3463 1930 3521 ἀδύ-

278 3575 427 3611 νατον
560 3554 844 3629 ψεύσασθαι
971 3556 1124 3628 Θεὸν,
1249 3554 1469 3633 ἰσχυρὰν
1594 3551 1929 3632 παράκλησιν

276 3641 496 3721 ἔχωμεν
584 3645 631 3721 ρὶ
714 3642 1100 3721 καταφυγόντες
1182 3647 1443 3723 κρατῆσαι
1526 3646 1622 3708 τῆς
1706 3664 1925 3720 προκει-

274 3725 433 3805 μένης
500 3729 734 3811 ἐλπίδος,
818 3732 885 3798 ἣν
958 3734 1032 3794 ὡς
1089 3730 1317 3812 ἄγκυραν
1374 3729 1576 3811 ἔχομεν
1647 3735 1747 3797 τῆς
1818 3736 1925 3807 ψυ-

274 3827 399 3901 χῆς,
494 3819 708 3900 ἀσφαλῆ
764 3841 822 3877 τε
893 3824 980 3878 καὶ
1061 3821 1296 3897 βεϐαίαν,
1384 3821 1471 3875 καὶ
1541 3820 1925 3901 εἰσερχομένην

273 3914 343 3974 εἰς
413 3912 483 3967 τὸ
566 3909 822 3989 ἐσώτερον
891 3916 983 3965 τοῦ
1037 3909 1538 3986 καταπετάσματος,
1600 3906 1733 3967 ὅπου
1788 3910 1925 3987 πρό-

272 3998 466 4079 δρομος
552 3999 681 4078 ὑπὲρ
776 4000 932 4072 ἡμῶν
1028 3996 1264 4065 εἰσῆλθεν
1349 3998 1552 4064 Ἰησοῦς
1636 3998 1771 4052 κατὰ
1827 3998 1925 4065 τὴν

275 4088 413 4154 τάξιν
519 4085 860 4168 Μελχισεδὲχ
950 4087 1227 4167 ἀρχιερεὺς
1310 4086 1596 4165 γενόμενος
1684 4089 1754 4152 εἰς
1836 4089 1927 4143 τὸν

278 4178 441 4235 αἰῶνα
452 4225 465 4236 .
506 4201 533 4232 ι

359 4256 518 4324 ’Ἔδει
549 4268 645 4341 μὲν
693 4266 805 4340 οὖν,
852 4266 1003 4344 φησὶ,
1065 4267 1153 4321 καὶ
1195 4266 1362 4345 χωρὶς
1406 4265 1562 4345 ὅρκου
1591 4269 1927 4333 πιστευθῆναι
1952 4300 1994 4349 D

2010 1856 2237 1946 dicens.
2280 1865 2454 1926 «Vivo
2477 1885 2584 1945 ego
2608 1866 2751 1929 dicit
2767 1867 3149 1946 Dominus-31,
3183 1892 3205 1926 ι)
3236 1864 3427 1945 inquit
3453 1885 3467 1923 :
3489 1864 3649 1926 Nisi.

2007 1943 2131 2006 Hoc
2162 1957 2273 2025 est,
2310 1954 2461 2014 Vere
2484 1943 2847 2020 benedicens
2879 1943 3229 2018 benedicam
3264 1943 3393 2016 tibi.
3424 1951 3652 2031 «Atque

2012 2034 2093 2097 ita
2118 2057 2250 2098 cum
2283 2042 2575 2121 patienter
2606 2053 3026 2125 exspectasset.
3076 2068 3096 2100 ι
3136 2043 3319 2105 Vides
3347 2039 3489 2123 quid
3518 2038 3656 2100 lon-

2013 2127 2324 2205 ganimitas
2371 2130 2666 2193 Abraham
2728 2132 3038 2195 cﬂ‘ecerit?
3089 2154 3114 2190 ‹
3150 2134 3517 2201 Consecutus
3568 2132 3663 2188 est

2016 2216 2397 2296 promissum.
2432 2244 2454 2277 ο
2518 2222 2647 2281 36!
2713 2222 2889 2303 Atqui
2948 2222 3008 2283 in
3041 2223 3159 2283 ﬁne
3210 2220 3374 2294 dicit,
3408 2216 3566 2299 quod
3598 2214 3662 2277 hi

2015 2324 2223 2366 omnes
2255 2310 2461 2387 procul
2482 2310 2752 2373 viderunt
2770 2321 2826 2374 et
2842 2312 3176 2374 salutarunt
3205 2308 3657 2391 promissiones,

2015 2403 2072 2455 at
2098 2414 2217 2455 non
2246 2408 2713 2478 acceperuntne
2734 2402 2862 2462 siue
2889 2401 3060 2462 nobis
3078 2404 3658 2469 consummarentur;

2015 2490 2312 2564 quomodo
2344 2505 2485 2568 ergo
2520 2490 2600 2550 ait
2622 2491 2879 2553 hocloco
2910 2495 3271 2555 Consecutus
3294 2495 3383 2550 est
3401 2484 3662 2568 promis-

2014 2573 2287 2635 sionem?
2317 2574 2578 2640 Dicimus
2608 2578 2762 2659 quod
2796 2598 2914 2640 non
2944 2579 3017 2640 de
3038 2578 3153 2639 illis
3184 2577 3437 2640 dixerit:
3464 2571 3667 2655 Siqui-

2016 2662 2151 2722 dem
2190 2668 2501 2738 prassentia
2529 2668 2641 2748 ipsi
2673 2668 2863 2747 dedit,
2898 2668 2974 2729 de
3002 2668 3217 2749 quibus
3250 2666 3346 2728 hic
3368 2665 3651 2748 loquitur,

2014 2748 2210 2811 futura
2242 2770 2377 2813 vero
2409 2765 2601 2816 servat
2629 2757 2702 2817 de
2750 2755 2966 2837 quibus
2998 2748 3057 2816 in
3107 2757 3227 2817 ﬁne
3257 2755 3539 2834 Epistolze
3568 2754 3659 2814 lo-

2012 2838 2231 2917 quitur.
2263 2865 2286 2896 «
2327 2845 2517 2924 Atque
2550 2845 2755 2906 iisdem
2785 2846 2978 2906 omnis
3007 2844 3427 2907 controversiae
3456 2841 3650 2905 ﬁnis.»

2012 2925 2295 3008 Finisque
2338 2932 2532 2993 omnis
2576 2934 2991 2996 controversias
3039 2952 3106 2995 ac
3137 2932 3556 3013 contentionis,
3591 2939 3656 2994 ut

1946 3014 1985 3063 C
2012 3016 2522 3082 conﬁrmationem
2554 3022 2846 3105 accipiant
2870 3042 3002 3105 qua:
3026 3023 3099 3085 ab
3122 3024 3323 3104 aliquo
3355 3022 3656 3099 dicuntur,

2014 3111 2101 3164 est
2121 3105 2570 3187 jusjurandum.

2094 3192 2195 3271 VI,
2241 3197 2442 3262 17-20.
2479 3199 2618 3275 Qua
2645 3201 2711 3266 in
2742 3220 2805 3264 re
2851 3206 3014 3266 Deus
3050 3222 3190 3266 cum
3231 3203 3456 3265 eximie
3482 3199 3663 3264 vellet

2015 3282 2360 3348 hwredibus
2432 3294 2852 3368 promissionis
2931 3293 3245 3355 ostendere
3307 3291 3662 3371 ﬁrmitatem

2016 3372 2259 3434 consilii
2287 3377 2410 3445 sui,
2464 3380 2769 3442 mediator
2809 3380 2932 3459 fuit
2946 3380 3359 3458 jurejurando
3389 3396 3402 3440 :
3436 3385 3504 3439 ut
3544 3393 3665 3458 per

2013 3461 2171 3523 duas
2202 3481 2299 3525 res
2346 3466 2777 3545 immutabites,
2810 3473 2876 3532 in
2909 3471 3126 3550 quibus
3153 3470 3287 3549 ﬁeri
3316 3485 3441 3528 non
3464 3471 3664 3547 posset

2015 3555 2079 3636 ut
2105 3558 2469 3614 mentiretur
2497 3555 2685 3636 Deus,
2737 3559 3006 3621 validam
3058 3555 3515 3620 consolationem
3543 3554 3662 3616 ha-

2014 3635 2280 3720 beamus,
2312 3643 2416 3720 qui
2441 3635 2825 3724 confugimus
2854 3654 2918 3707 ut
2949 3657 3256 3708 teneamus
3280 3644 3657 3724 propositam

2009 3743 2173 3806 spem
2206 3746 2219 3789 :
2245 3747 2431 3808 quam
2451 3731 2613 3792 velut
2633 3734 2967 3795 unchorum
2995 3742 3265 3795 tenemus
3287 3734 3510 3795 animle
3531 3738 3660 3794 tum

2012 3822 2229 3891 tutam,
2268 3827 2395 3880 tum
2444 3819 2710 3898 firmam,
2743 3831 2799 3884 et
2826 3824 3232 3886 introeuntem
3262 3839 3452 3901 usque
3487 3820 3567 3882 ad
3596 3819 3663 3883 id

2010 3904 2171 3984 quod
2219 3912 2307 3968 est
2366 3909 2533 3969 intra
2561 3910 2785 3985 velum,
2828 3912 2936 3974 ubi
2956 3928 3303 3993 praecursor
3347 3927 3461 3990 pro
3491 3908 3663 3972 nobis

2010 3998 2316 4074 ingressus
2344 4005 2430 4059 est
2476 3999 2674 4075 Jesus,
2698 4002 2888 4078 juxta
2916 4002 3189 4065 ordinem
3226 3997 3661 4064 Melchisedech

2006 4084 2286 4163 pontifex
2314 4087 2516 4164 factus
2547 4093 2613 4149 in
2642 4098 2959 4154 mtemum.

2092 4248 2370 4332 Oportuit
2426 4274 2569 4320 sane
2631 4258 2806 4321 etiam
2863 4260 3086 4342 absque
3109 4261 3447 4341 juramento
3477 4257 3658 4321 ﬁdem

276 4354 727 4433 ἐπαγγειλάμενον
757 4356 848 4411 τὸν
868 4343 1036 4434 Θεὸν,
1085 4355 1139 4411 ἐν
1167 4343 1296 4429 ᾧθέ
1341 4343 1713 4434 περισσότερον
1743 4353 1929 4430 βουλό-

2018 4343 2287 4407 adhiberi
2307 4344 2462 4423 Deo;
2488 4366 2691 4408 verum
2722 4348 2783 4409 in
2810 4350 2921 4412 hac
2937 4369 3001 4413 re
3028 4349 3435 4412 vehementius
3456 4347 3662 4408 volens

277 4464 434 4514 μενος
468 4445 495 4498 6
528 4444 657 4506 Θεὸς
686 4440 804 4499 τόδε
853 4464 903 4497 τι
946 4447 1191 4514 ποιῆσαι,
1254 4443 1583 4519 ἐμεσίτευσεν
1637 4441 1777 4517 ὅρκῳ
1833 4443 1931 4509 τὴν

273 4531 591 4612 ὑπόσχεσινἴ
629 4555 656 4585 α
704 4528 995 4597 Ἐπιδεϊξαι
1023 4546 1142 4595 τοῒς
1172 4531 1547 4612 κληρονόμοις.
1589 4555 1613 4589 ι
1654 4522 1809 4588 Ἦλθε
1844 4543 1930 4597 καὶ

276 4621 345 4682 εἷς
369 4610 542 4695 ἡμᾶς.
579 4610 770 4695 Ἡμεῖς
813 4620 911 4699 γὰρ
963 4623 1009 4677 οἱ
1064 4610 1388 4697 κληρονόμοι
1448 4623 1547 4688 τῆς
1608 4620 1928 4700 ἐπαγγελίας

276 4712 322 4765 οἱ
364 4707 485 4765 κατ’
515 4707 831 4787 ἐπαγγελίαν
879 4709 1090 4787 σπέρμα
1147 4708 1291 4772 ὄντες
1333 4716 1408 4783 τῷ
1437 4707 1676 4787 Ἀϐραάμ
1704 4725 1717 4738 ·
1778 4712 1820 4765 εἰ
1875 4708 1930 4764 δὲ

276 4797 512 4875 σπέρμα,
557 4798 645 4854 καὶ
667 4795 1013 4876 κληρονόμοι.
1050 4821 1070 4851 ι
1109 4798 1472 4873 Ἐμεσίτευσεν
1514 4797 1675 4876 ὅρκῳ.
1718 4823 1744 4853 n
1785 4788 1931 4876 UOpe:

2014 4435 2126 4495 hoc
2186 4436 2449 4510 efﬁcere,
2508 4436 2803 4499 mediator
2856 4440 2965 4501 fuit
3013 4438 3331 4520 jejurando
3389 4437 3460 4499 ad
3519 4452 3663 4515 pro-

2016 4523 2382 4585 missionem.
2430 4549 2448 4580 ι
2513 4524 2871 4589 Haeredibus
2912 4530 3249 4590 ostendere.
3290 4552 3313 4583 ρ
3366 4524 3556 4587 Etiam
3586 4521 3661 4586 ad

2014 4631 2128 4674 nos
2160 4614 2488 4678 descendit.
2531 4614 2650 4677 Nos
2681 4619 2839 4680 enim
2867 4636 3071 4679 sumus
3099 4615 3372 4680 haeredes
3405 4612 3663 4695 promis-

2015 4700 2221 4776 sionis,
2257 4702 2358 4783 qui
2391 4722 2496 4783 per
2525 4706 2896 4783 evangelium
2923 4722 3129 4768 semen
3159 4704 3416 4767 Abrahae
3431 4718 3657 4763 sumus:

2014 4791 2169 4869 quod
2203 4792 2253 4851 si
2284 4809 2514 4872 semen,
2546 4794 2724 4857 etiam
2749 4795 3042 4857 haeredes.
3074 4792 3395 4857 «Mediator
3424 4790 3533 4852 fuit
3555 4790 3660 4869 ju-

276 4887 326 4943 τί
368 4886 766 4957 κατασκευάζει.
805 4875 934 4945 ΗΟτι
965 4889 993 4943 6
1052 4888 1169 4953 Υἱὸς
1212 4885 1392 4943 ἔκτοτε
1441 4888 1660 4962 μεσίτης
1700 4887 1770 4955 ἧν
1801 4894 1929 4943 Θεοῦ

2018 4880 2361 4959 rejurando.
2393 4909 2416 4938 »
2458 4882 2606 4945 Vide
2632 4884 2773 4964 quid
2809 4893 3052 4948 astruat.
3085 4884 3251 4958 Quod
3278 4882 3461 4944 Filius
3482 4878 3660 4941 etiam

279 4977 370 5031 καὶ
410 4975 693 5054 ἀνθρώπων
742 4976 846 5045 (καὶ
875 4976 975 5055 γὰρ
1021 4977 1108 5032 καὶ
1136 4983 1224 5033 νῦν
1270 4977 1487 5051 μεσίτης
1525 4975 1740 5053 γέγονεν
1783 4975 1837 5030 ἐν
1866 4975 1929 5051 τῇ

2019 4979 2157 5029 tunc
2192 4970 2484 5033 mediator
2540 4980 2665 5033 erat
2695 4974 2803 5036 Dei
2836 4981 2895 5034 et
2939 4973 3245 5035 hominum
3282 4989 3296 5033 :
3332 4967 3662 5052 (Siquidem

282 5063 692 5137 ἑνανθρωπήσει)
727 5082 741 5096 ⁸
801 5065 891 5120 καὶ
943 5064 1063 5121 τότε
1129 5064 1430 5141 ἐμεσίτευσε
1487 5070 1564 5137 τῷ
1624 5066 1790 5143 Πατρὶ
1846 5069 1929 5122 καὶ

2019 5076 2177 5119 nunc
2207 5078 2440 5141 quoque
2472 5061 2761 5124 mediator
2785 5063 2974 5125 factus
3005 5069 3095 5125 est
3115 5063 3177 5123 in
3206 5055 3666 5135 incarnatione,)

280 5160 359 5227 τῷ
428 5151 668 5230 Ἀϐραὰμ
724 5151 864 5231 ὅρκῳ
918 5153 1074 5211 αὐτὸν
1135 5152 1545 5234 πληροφορήσας
1585 5173 1596 5186 ·
1658 5155 1685 5209 6
1758 5153 1928 5231 Λόγος

2020 5154 2077 5209 et
2107 5155 2245 5209 tunc
2306 5148 2596 5212 mediator
2652 5151 2765 5213 fuit
2823 5152 2986 5213 inter
3013 5150 3245 5213 Patrem
3278 5157 3336 5211 et
3362 5145 3663 5211 Abraham

277 5243 379 5320 γὰρ
427 5242 493 5310 ἦν
550 5244 577 5297 6
634 5242 721 5297 καὶ
776 5241 860 5297 ἐπὶ
910 5240 1148 5322 Ἀϐραὰμ
1220 5245 1309 5300 καὶ
1367 5240 1542 5299 λαλῶν
1600 5243 1687 5299 καὶ
1743 5243 1925 5317 ὀμνύς,

2018 5236 2416 5317 jurejurando,
2449 5239 2642 5320 ipsum
2684 5240 2944 5301 reddens
2965 5240 3280 5303 certiorem
3327 5255 3340 5300 :
3399 5234 3663 5299 Verbum

280 5328 466 5394 Καλῶς
519 5328 573 5385 δὲ
617 5327 732 5410 ἔχει
772 5331 808 5396 ἡ
855 5328 1027 5386 ἔννοια
1086 5331 1181 5398 τῆς
1249 5329 1554 5406 ἑρμηνείας,
1614 5329 1706 5386 ’ίνα
1763 5329 1929 5393 οὕτως

2018 5326 2175 5387 enim
2208 5334 2334 5387 erat
2390 5326 2442 5388 is
2493 5327 2597 5408 qui
2648 5328 2722 5389 ad
2781 5328 3079 5393 Abraham
3129 5337 3186 5390 et
3221 5325 3576 5408 loquebatur
3607 5331 3669 5388 et

274 5416 330 5493 ᾖ.
367 5409 421 5475 Ὀ
450 5420 600 5498 Θεὸς,
651 5420 942 5499 τουτέστιν,
997 5421 1025 5475 6
1080 5420 1249 5499 Λόγος
1301 5416 1559 5484 ἐπιδεῖξαι
1608 5417 1929 5495 βουλόμενος

2018 5414 2267 5496 iurabat.
2292 5414 2474 5478 Recte
2504 5425 2705 5480 autem
2731 5418 2911 5480 habet
2942 5418 3281 5482 intellectus
3304 5416 3666 5496 interpreta-

363 5584 410 5628 ⁸¹
442 5587 592 5650 Gen.
623 5602 773 5666 xm,
813 5585 904 5651 t6.
