4152 6216
423 334 543 403 343
1543 303 1954 399 (EGUMENII
2002 331 2295 394 TRIGCzE
2336 334 2672 400 EPISCOPI
3695 334 3815 404 344

422 467 699 547 tionis,ut
727 466 811 531 ita
855 469 936 530 sit
981 484 1240 530 sensus:
1282 469 1459 541 Deus,
1519 464 1633 526 hoc
1664 470 1754 526 est
1784 462 2072 546 Verbum,

2174 466 2221 522 τὸ
2276 466 2593 544 ἀμετάθετον
2640 474 2745 526 τῶν
2814 476 2891 544 τῷ
2934 473 3096 551 Πατρὶ
3165 466 3447 545 δοξάντων,
3507 467 3812 546 ἐμεσίτευσε

423 556 970 620 immutabilitatem
1000 554 1317 617 ostendere
1345 553 1549 616 volens
1580 571 1784 614 eorum
1810 573 1942 634 qum
1973 556 2081 616 Pa-

2174 560 2241 631 τῷ
2272 558 2431 637 Πατρὶ
2488 560 2576 615 καὶ
2630 560 2692 616 τὸ
2752 556 2997 639 Ἀϐραὰμ
3050 559 3213 639 ὅρκῴ,
3272 559 3532 634 τουτέστι,
3588 562 3813 635 μεσίτης

424 646 504 709 tri
530 646 653 709 visa
675 654 839 719 sunt,
866 643 1159 709 mediator
1179 643 1290 705 fuit
1309 642 1467 705 inter
1484 641 1674 704 Deum
1702 652 1763 704 et
1782 641 2081 706 Abraham

2174 644 2219 700 ἓν
2261 652 2338 719 τῷ
2368 644 2509 725 ὅρκῳ
2536 646 2741 726 γέγονε.
2792 645 3077 727 Διί-αὐτοῦ
3119 649 3218 727 γὰρ
3260 649 3333 712 ὡς
3382 647 3576 727 Λόγου,
3612 646 3815 723 ὤμνυεν

417 734 867 816 jurejurando:
912 733 1028 794 hoc
1047 739 1137 793 est
1185 732 1475 795 mediator
1494 730 1556 792 in
1569 731 1964 812 jurejurando
1993 732 2084 793 fa-

2174 736 2194 789 6
2237 734 2363 797 Θεὸς
2396 736 2485 790 καὶ
2528 725 2734 813 Πατήρ.
2773 756 2797 791 ε
2865 725 2989 792 ΗΙνει
3030 733 3114 792 διὰ
3142 725 3230 792 δύο
3258 725 3607 814 πραγμάτων,
3647 757 3671 794 ι
3712 736 3813 792 Δύο

425 830 556 885 ctus
585 833 693 884 est.
728 824 845 889 Per
873 820 1070 901 ipsum
1094 818 1254 882 enim
1286 827 1563 901 tauquam
1586 837 1693 900 per
1716 818 1976 882 Verbum
1987 822 2081 901 ju-

2174 822 2264 901 γὰρ
2306 822 2372 890 ἦν
2415 822 2643 901 μέγιστα
2705 823 2826 881 τότε
2887 822 3295 903 ἐπαγγείλασθαι
3365 825 3457 880 τὸν
3530 826 3685 900 Θεὸν,
3728 827 3817 881 καὶ

424 912 574 974 ravit
601 910 760 972 Deus
785 917 844 972 et
871 909 1069 973 Pater.
1099 933 1126 965 α
1154 907 1230 972 Ut
1264 927 1371 991 per
1399 909 1544 971 duas
1568 926 1726 972 res.»
1763 908 1889 971 Duo
1921 910 2080 971 enim

2174 911 2223 965 τὸ
2290 912 2379 966 τὸν
2426 910 2580 990 ὅρκον
2636 915 2941 991 προσθεῖναι
2997 918 3066 980 τῆ
3109 911 3422 992 ἐπαγγελίᾳ.
3481 936 3508 968 α
3581 912 3673 971 Ἐν
3725 917 3811 979 οἷς

424 998 685 1062 maxima
738 999 1005 1081 quaedam
1064 1007 1253 1075 erant,
1321 1007 1458 1062 tunc
1488 997 1834 1079 promisisse
1862 997 2079 1079 Deum,

2174 995 2427 1055 ὶδύνατον.
2469 1023 2494 1054 υ
2545 997 2641 1058 Ἐκ
2667 1004 2776 1075 οἷς,
2811 1002 2898 1057 καὶ
2924 998 2995 1057 δι’
3041 1003 3114 1057 ὧν
3158 1001 3506 1081 πραγμάτων.
3569 1024 3598 1057 υ
3636 1001 3816 1082 Ἴσχυ-

426 1089 568 1151 562
620 1101 677 1151 οι
702 1087 1127 1169 jusjurandum
1160 1087 1543 1169 promissioni
1577 1086 1757 1149 fuisse
1788 1087 2078 1167 additum,

2174 1087 2255 1144 >ὰν
2284 1086 2619 1167 παράκλησιν
2675 1087 2915 1169 ἔχωμεν,
2981 1111 3006 1147 »›
3067 1091 3406 1170 προτροπήν.
3459 1112 3486 1145 α
3546 1094 3809 1149 01mm-

432 1201 461 1236 α
493 1177 562 1240 In
616 1177 831 1259 quibus
886 1176 1018 1239 ﬁeri
1068 1196 1185 1238 non
1219 1189 1445 1257 posset.
1482 1200 1504 1233 ιι
1539 1175 1606 1237 In
1635 1175 1859 1251 quibus
1891 1183 1950 1237 et
1979 1193 2086 1255 per

2174 1175 2440 1254 φυγόντες.
2506 1198 2529 1235 ιι
2579 1179 2667 1242 Εἰς
2711 1178 2889 1255 αὐτὸν,
2963 1179 3115 1259 φησί.
3195 1201 3218 1234 ‹
3288 1178 3578 1258 Κρατῆσαι,
3645 1179 3809 1259 ἰσχυ-

426 1285 573 1348 quas
600 1264 1036 1329 res.«Validam
1058 1265 1526 1329 consolationem
1559 1262 2082 1326 habeamus.»Hoc

426 1363 516 1418 est
546 1373 654 1436 per
679 1355 1177 1419 exhortationem.
1233 1353 1379 1426 «Qui
1405 1353 1798 1431 confugimus,
1818 1378 1839 1409 ιι
1866 1371 2082 1434 nempe

426 1440 501 1504 ad
528 1442 870 1524 ipsum.«Ut
902 1451 1274 1505 teneamus.»
1303 1440 1568 1502 Validam
1604 1440 2083 1503 exhortationem

426 1529 754 1593 habeamus
782 1530 855 1593 ad
886 1529 1214 1592 tenendum
1240 1528 1604 1612 pr0positam
1629 1529 1917 1610 spem.Ab
1935 1528 2077 1609 illis,

426 1619 643 1700 inquit,
676 1637 807 1699 quae
833 1619 907 1682 ad
954 1619 1250 1681 Abraham
1304 1617 1464 1680 dicta
1490 1626 1627 1680 sunt
1656 1618 2081 1680 conﬁrmemur

428 1707 609 1769 etiam
622 1706 694 1768 ad
721 1725 790 1768 ea
812 1726 943 1789 quae
959 1707 1158 1769 futura
1172 1715 1311 1769 sunt
1332 1715 1388 1769 et
1403 1706 1477 1768 ad
1498 1725 1747 1786 regnum
1768 1707 2076 1769 caelorum.

426 1796 578 1859 Nam
608 1794 736 1857 haec
766 1771 855 1857 est
905 1813 1042 1876 spes
1074 1803 1296 1869 nostra,
1353 1814 1486 1875 quae
1533 1771 1693 1857 nunc
1724 1795 1964 1876 quidem
2018 1795 2079 1855 in
2102 1771 2141 1818 Β

2164 1265 2257 1342 ρᾶν
2298 1264 2633 1343 παράκλησιν
2692 1265 2904 1347 ἔχωμεν
2976 1270 3049 1332 εἰς
3118 1269 3181 1325 τὸ
3221 1272 3478 1348 κρατῆσαι
3535 1268 3635 1333 τῆς
3666 1288 3802 1345 προ-

2162 1352 2412 1429 κειμένης
2470 1353 2700 1419 ἐλπίδος.
2752 1354 2873 1414 Ἀπ’
2946 1356 3180 1432 ἐκείνων,
3257 1358 3409 1437 φησὶ,
3490 1357 3594 1413 τῶν
3676 1357 3810 1433 πρὸς

2164 1438 2405 1521 Ἀϐραὰμ
2433 1443 2748 1524 εἰρημένων,
2823 1449 3171 1522 πιστωθῶμεν
3241 1447 3328 1502 καὶ
3381 1446 3512 1526 πρὸς
3568 1446 3635 1502 τὰ
3673 1443 3811 1522 μέλ-

2162 1529 2348 1604 λοντα,
2380 1535 2467 1589 καὶ
2495 1533 2592 1601 τὴν
2624 1532 2889 1610 βασιλείαν
2931 1541 3037 1592 τῶν
3108 1539 3366 1615 οὐρανῶν.
3422 1533 3565 1601 Αὕτη
3623 1535 3723 1613 γὰρ
3774 1536 3810 1602 ἦ

2161 1618 2308 1685 ἐλπὶς
2350 1622 2527 1702 ἡμῶν,
2581 1624 2616 1691 ἡ
2672 1630 2760 1679 νῦν
2821 1625 2917 1698 μὲν
2959 1623 3011 1680 ἐν
3056 1623 3222 1681 ἐλπίδι
3276 1622 3620 1702 προκειμένη,
3692 1622 3813 1680 τότε

2168 1708 2216 1765 δὲ
2286 1709 2648 1792 ἒκϐησομένη,
2722 1716 2846 1772 ὡσεὶ
2922 1714 3100 1794 ἔλεγεν
3133 1721 3150 1745 ‘
3229 1712 3314 1781 Ἐξ
3368 1714 3579 1771 ἐκείνων
3643 1721 3810 1770 ταῦτα

2162 1797 2467 1878 ὲπισῖοῦτο.
2511 1800 2661 1859 Ἐκεῖ
2689 1802 2999 1878 ἧλήθευσεν,
3059 1804 3152 1860 ’ἕνα
3193 1804 3246 1861 ἐν
3302 1805 3506 1867 τούτοις
3578 1815 3806 1862 πτστευν

427 1903 536 1965 spe
592 1884 895 1965 pmposita
924 1868 1036 1960 est,
1070 1892 1209 1947 tunc
1257 1868 1453 1948 autem
1482 1902 1551 1946 re
1586 1884 1719 1964 ipsa
1743 1868 2076 1962 continget,

2174 1891 2246 1964 δῇ.
2302 1868 2359 1945 Ἦ
2388 1887 2468 1945 ὅτι
2519 1889 2603 1949 διὰ
2644 1895 2798 1949 τοῦτο
2853 1892 3031 1969 ὤμοσε
3090 1893 3234 1969 τότε,
3293 1892 3386 1948 ’ίνα
3445 1898 3530 1948 νῦν
3560 1893 3812 1970 περὶτῶν

426 1980 707 2055 tanquam
734 1974 1007 2036 diceret:
1041 1973 1129 2037 Ab
1155 1973 1273 2036 illis
1303 1974 1427 2036 haec
1461 1971 2084 2046 conﬁrmabantur,ibi

2174 1973 2471 2051 μελλόντων
2514 1981 2901 2055 πιστεύσωμεν,
2948 1979 3106 2038 Οὐδὲν
3158 1982 3257 2059 γὰρ
3303 1980 3369 2048 ἧν
3424 1979 3624 2058 ἕτερον,
3656 1979 3809 2059 φησὶ,

429 2080 564 2144 quae
594 2062 823 2125 dixerat
881 2062 1177 2144 praestitit,
1213 2070 1279 2123 ut
1332 2062 1393 2124 iu
1429 2062 1557 2123 istis
1588 2062 1737 2125 ﬁdes
1767 2061 1884 2143 ipsi
1910 2062 2082 2123 adhi—

2174 2067 2251 2121 ιιαὶ
2292 2067 2359 2137 τὰ
2398 2067 2517 2123 τότε
2575 2068 2691 2144 μεθ’
2749 2069 2918 2149 ὅρκων
2973 2069 3433 2148 ἐπαγγελλόμενα,
3482 2067 3519 2136 ἢ
3589 2070 3625 2136 ἡ
3677 2066 3812 2143 μέλ-

424 2149 690 2238 beretur.
724 2151 841 2215 Aut
865 2152 1023 2233 quod
1069 2170 1174 2233 per
1194 2152 1310 2213 hoc
1332 2160 1472 2213 tunc
1488 2151 1708 2231 juravit
1739 2160 1800 2212 ut
1832 2168 1991 2212 nunc
2012 2150 2088 2210 de

2174 2152 2328 2214 λουσα
2370 2153 2518 2222 ἐλπὶς
2560 2164 2666 2215 τῶν
2722 2165 2945 2221 πιστῶν,
3000 2183 3021 2215 ι
3108 2166 3184 2216 Ην
3239 2161 3312 2222 ὡς
3383 2155 3613 2238 ἄγκυραν
3688 2156 3812 2236 ἔχο-

431 2237 645 2303 futuris
664 2239 1049 2304 crederemus
1072 2261 1085 2301 :
1108 2240 1258 2302 nihil
1281 2241 1465 2317 enim,
1512 2240 1724 2320 inquit,
1762 2247 1901 2301 tunc
1927 2239 2085 2300 aliud

2174 2264 2291 2322 μεν,
2327 2267 2354 2298 ιι
2394 2243 2527 2311 ἣτις
2556 2247 2623 2302 τὰ
2653 2246 2981 2323 σαλευόμενα
3007 2247 3194 2315 ἵστησι
3223 2237 3439 2327 πλοῖα,
3462 2247 3551 2302 καὶ
3590 2247 3624 2313 ἡ
3658 2243 3806 2308 ἐλπὶς

439 2336 610 2391 erant
637 2347 768 2411 quae
825 2348 958 2391 cum
1003 2330 1359 2410 juramentis
1383 2328 1883 2410 promittebantur
1912 2347 2085 2409 quam

2174 2333 2291 2396 τοὺς
2369 2332 2752 2410 σαλευομένους
2815 2344 2933 2402 τοῦς
2994 2350 3338 2415 πειρασμοῖς,
3397 2333 3657 2414 ἀνδρείους
3721 2335 3808 2390 καιῖ

434 2417 636 2481 futura
661 2436 802 2498 spes
830 2418 1119 2481 ﬁdelium.
1155 2442 1177 2477 α
1213 2417 1398 2491 Quam
1425 2418 1584 2480 velut
1612 2436 1889 2480 ancoram
1914 2425 2086 2479 tene-

2174 2418 2400 2499 ἑδραίους
2431 2425 2517 2479 καὶ
2549 2426 2966 2500 ὅπομονητικοὺς
3023 2438 3189 2487 ποιεῖ.
3261 2448 3289 2481 ι
3341 2421 3581 2504 Ἀσφαλῆ
3640 2444 3695 2478 τε
3725 2424 3813 2479 καὶ

440 2524 595 2594 mus,
631 2529 669 2594 »ν
695 2523 828 2587 quae
854 2512 1132 2568 nutantes
1179 2504 1531 2567 sistitnaves
1557 2523 1570 2567 :
1595 2512 1653 2566 et
1681 2504 1761 2566 ita
1792 2523 1948 2585 spes,
1987 2524 2089 2566 eos

2174 2506 2406 2584 βεϐαίαν,
2473 2533 2495 2568 ι
2556 2516 2672 2594 ρῦχ
2728 2513 2911 2578 ἁπλῶς
2969 2511 3219 2594 ἄγκυραν,
3266 2511 3402 2570 ἀλλὰ
3456 2513 3542 2570 καὶ
3597 2509 3811 2591 ἀσφαλῆ

437 2593 827 2684 quivacillant
847 2596 908 2654 in
937 2593 1431 2684 tentationibuset
1463 2594 2089 2674 afﬁictionibus,forles

2174 2600 2258 2654 καὶ
2285 2596 2520 2674 βεϐαίαν.
2559 2590 2686 2659 “Evt
2756 2605 2856 2684 γὰρ
2897 2590 3114 2682 ἄγκυρα⁷
3154 2604 3231 2680 μὴ
3273 2590 3687 2682 διαφυλάττουσαν
3751 2602 3813 2655 τὸ

439 2691 499 2745 et
527 2683 731 2745 ﬁrmos
783 2700 853 2745 ac
904 2683 1193 2764 patientes
1244 2683 1447 2746 efﬁcit.
1489 2706 1516 2742 ι
1548 2684 1696 2747 Tum
1745 2690 1930 2772 tutam
1966 2691 2086 2744 tum

2174 2688 2369 2766 σκάφος
2427 2683 2836 2772 ἆκλυδώνιστον,
2894 2691 3020 2750 ὅταν
3076 2692 3112 2769 ᾗ
3180 2691 3463 2771 μικροτέρα
3518 2696 3609 2746 τοῦ
3663 2686 3812 2745 δέον-

436 2772 694 2836 ﬁrmam.
731 2796 758 2828 ι
787 2774 920 2836 Non
942 2771 1416 2862 qualemcunque
1435 2790 1734 2841 ancoram,
1761 2771 1868 2834 sed
1901 2780 1959 2832 et
1988 2779 2084 2834 tu-

2174 2798 2280 2841 ῑος.
2322 2800 2345 2832 ε
2398 2780 2495 2836 Καὶ
2553 2771 2955 2862 εἰσερχομένην.
3009 2804 3033 2841 ι
3101 2773 3223 2840 υινσι
3276 2783 3452 2857 ἡμῶν,
3510 2779 3690 2859 φησὶν,
3735 2775 3813 2834 ἔτι

437 2868 557 2924 tam
582 2868 644 2923 et
668 2861 1237 2942 ﬁrmam.Contingit
1252 2862 1501 2952 enimut
1519 2879 1738 2952 ancora
1756 2878 1874 2922 non
1892 2870 2087 2923 servet

2174 2864 2386 2923 ἐνταῦθα
2427 2861 2802 2952 ὑπαρχόντων,
2852 2873 2881 2940 ἓ,
2938 2869 3087 2935 ἐλπὶς
3131 2869 3335 2947 εἰσέλθῃ
3390 2869 3463 2932 εἷς
3520 2867 3619 2935 τὴν
3661 2867 3810 2943 βασι-

441 2968 650 3013 navem
680 2967 716 3012 a
745 2957 1094 3032 tempestate
1145 2950 1350 3028 maris,
1384 2950 1435 3013 si
1466 2949 1665 3013 minor
1705 2950 1881 3011 fuerit
1909 2968 2084 3031 quam

2166 2953 2311 3011 λείαν
2359 2962 2463 3012 τῶν
2494 2957 2746 3037 οὐρανῶν,
2804 2960 3092 3037 τουτέστιν,
3139 2960 3231 3016 ἵνα
3275 2972 3395 3023 ταῖς
3454 2955 3656 3014 ἐλπίσιν
3706 2952 3807 3023 ἤδη

445 3046 735 3121 oporteat.
774 3038 881 3101 «Et
909 3039 1328 3103 introeuntem.
1368 3065 1395 3097 »
1432 3039 1507 3103 Ut
1534 3040 1675 3105 dum
1708 3058 1836 3115 nos,
1872 3038 2087 3120 inquit,

2174 3042 2289 3100 ἐκεῖ
2330 3046 2499 3121 ὦμεν.
2555 3038 2699 3128 ’Ὀρα
2746 3050 2794 3105 τί
2852 3063 3000 3106 ποιεῖ
3038 3052 3073 3118 ἡ
3117 3047 3288 3114 ἐλπίς.
3342 3042 3703 3126 Προλαμϐάνει
3753 3045 3815 3100 τὸ

441 3128 637 3191 adhuc
666 3127 767 3192 hic
796 3147 1030 3204 sumus,
1082 3148 1218 3210 spes
1245 3128 1499 3192 introeat
1528 3129 1589 3189 in
1620 3146 1868 3205 regnum
1900 3129 2088 3191 caelo-

436 3235 614 3279 rum:
668 3218 784 3281 hoc
841 3226 952 3294 est,
986 3226 1049 3280 ut
1078 3236 1184 3300 spe
1231 3219 1356 3299 jam
1390 3216 1475 3280 ibi
1519 3217 1727 3280 simus.
1762 3215 1913 3280 Vide
1944 3218 2088 3298 quid

436 3305 620 3369 faciat
674 3324 835 3387 spes.
893 3309 1270 3388 Praaoccupat
1324 3305 1385 3368 id
1441 3307 1599 3387 quod
1660 3305 1918 3367 futurum
1975 3316 2083 3370 est.

447 3396 685 3476 cUsque
714 3395 788 3457 ad
818 3395 879 3459 id
938 3395 1097 3477 quod
1129 3404 1219 3459 est
1245 3395 1402 3458 intra
1428 3396 1686 3458 velum.»
1722 3394 1788 3457 Id
1817 3394 1973 3476 quod
2001 3403 2091 3457 est

439 3484 598 3547 intra
625 3485 822 3548 velum
867 3484 1019 3548 dicit
1059 3485 1253 3567 ipsum
1280 3486 1520 3548 ccelum.
1555 3508 1583 3541 α
1613 3482 1727 3547 Ubi
1757 3501 2088 3565 praecursor

437 3592 548 3655 pro
602 3574 798 3637 nobis.
838 3599 867 3633 »
902 3573 1032 3638 Non
1060 3575 1251 3637 solum
1285 3574 1447 3637 enim
1495 3574 1800 3654 ingressus
1832 3580 1944 3648 est,
1977 3576 2087 3636 sed

439 3681 546 3743 pro
568 3662 741 3727 nobis
757 3663 1067 3746 ingressus
1091 3662 1319 3728 est.Ubi
1337 3671 1532 3727 autem
1549 3680 1876 3743 praecursor
1888 3671 2088 3724 noster

439 3762 533 3815 est
561 3751 894 3830 ingressus,
929 3771 1000 3815 eo
1036 3771 1147 3815 nos
1168 3771 1403 3835 quoque
1432 3751 1667 3832 ingredi
1697 3768 1943 3814 necesse
1974 3760 2083 3815 est.

437 3840 556 3903 Aut
586 3841 890 3921 proposito
945 3841 1100 3922 ὑπὲρ,
1158 3841 1220 3904 id
1271 3855 1362 3905 est
1405 3861 1534 3921 pro,
1592 3839 1877 3917 abundat,
1927 3849 1990 3901 ut
2019 3841 2094 3902 sit

438 3945 677 4005 sensus,
704 3927 1283 3994 Przecursornoster.
1313 3932 1429 3994 Aut
1443 3929 1600 4010 quod
1619 3947 1736 3989 una
1763 3946 1896 3989 cum
1916 3945 2094 3991 carne

437 4016 744 4095 ingressus
772 4017 870 4093 sit,
904 4035 1010 4100 pro
1041 4018 1213 4081 nobis
1257 4029 1369 4094 est,
1418 4026 1561 4081 utet
1588 4035 1697 4079 nos
1718 4016 1819 4097 qui
1848 4034 2093 4080 carnem

2171 3132 2447 3210 ἐσόμενον.
2484 3159 2511 3190 α
2548 3138 2636 3201 Εἰς
2666 3139 2728 3194 τὸ
2753 3138 3007 3219 ἐσώτερον
3062 3145 3154 3195 τοῦ
3222 3135 3718 3210 καταπετάσματος.
3779 3155 3807 3187 ι

2173 3222 2457 3303 Ἐσῴτερον
2529 3232 2619 3282 τοῦ
2674 3228 3166 3302 καταπετάσματος,
3213 3228 3305 3282 τὸν
3362 3224 3578 3303 οὐρανὸν
3634 3221 3812 3281 διαλεϊ.

2178 3333 2201 3363 α
2241 3299 2422 3368 υΟπου
2450 3311 2744 3393 πρόδρομος
2775 3316 2902 3396 ὅπερ
2931 3299 3109 3391 ἡμῶν.
3144 3299 3170 3369 ε
3201 3392 3212 3396 _
3231 3315 3314 3396 _06
3368 3299 3467 3390 γάρ
3496 3310 3655 3386 μόνον
3699 3310 3813 3365 εἷσ-

2170 3396 2350 3480 ἧλθεν,
2382 3399 2500 3457 ἀλλ’
2544 3392 2668 3482 ὑπὲρ
2709 3392 3164 3480 ἡμῶντείσῆλθεν.
3199 3392 3388 3461 ΗΟπου
3435 3397 3488 3456 δὲ
3510 3401 3538 3456 6
3592 3396 3817 3477 πρόδρο-

2169 3510 2283 3577 μος,
2323 3490 2794 3577 ἡμῶνθείσῆλθεν,
2838 3493 2954 3550 ἐκεῖ
3011 3494 3096 3549 καὶ
3150 3494 3292 3567 ἡμᾶς
3367 3490 3548 3571 φησὶν,
3606 3487 3812 3577 ἀνέγκη

2168 3575 2443 3637 εἰσελθεῖν.
2505 3573 2556 3637 Ἠ
2599 3583 2684 3662 τὸ,
2716 3583 2869 3661 ὑπὲρ,
2927 3581 3266 3661 παρέλκεται,
3311 3579 3404 3636 ἵνα
3456 3580 3514 3657 ᾗ,
3577 3573 3810 3655 Πρόδρο-

2169 3688 2268 3741 μος
2323 3668 2501 3743 ἡμῶν,
2554 3677 2600 3727 Η
2630 3673 2690 3727 τὸ
2733 3673 2867 3747 μετὰ
2896 3674 3089 3751 σαρκὸς
3138 3672 3294 3730 αὐτὸν
3352 3665 3625 3740 εἰσελθεῖν,
3686 3665 3817 3743 ὑπὲρ

2167 3756 2322 3830 ἡμῶν
2365 3755 2528 3838 ἐστιν,
2558 3757 2703 3825 ὅπως
2748 3763 2835 3817 καὶ
2881 3763 3043 3837 ἡμεῖς
3091 3763 3137 3817 οἱ
3196 3760 3363 3837 σάρκα
3406 3755 3643 3837 ἔχοντες,
3689 3751 3815 3809 ac"

2175 3842 2290 3902 οδον
2321 3848 2608 3926 σχοίημεν.
2642 3869 2673 3909 ι
2735 3848 3041 3931 ’Λρχιερευς
3083 3849 3389 3927 γενόμενος,
3440 3869 3468 3901 ι
3509 3842 3809 3931 Καλὼςτὸ,

2175 3932 2489 4009 Γενόμενος,
2520 3934 2604 3993 διὰ
2632 3940 2729 4006 τὴν
2761 3927 2949 4018 capia".
2988 3927 3162 3996 ’Ἔνθα
3191 3936 3280 3994 οὖν
3309 3938 3337 3993 6
3368 3934 3668 4014 ἀρχιερεὺς,
3702 3930 3817 3989 ἐκεῖ

2176 4023 2264 4079 καὶ
2294 4024 2322 4079 6
2350 4021 2499 4088 λαός.

440 4103 752 4198 habemus,
782 4105 1118 4198 ingressum
1149 4107 1509 4198 habeamus.
1528 4128 1557 4167 «
1587 4105 1850 4168 Pontifex
1883 4104 2096 4171 factus.
2133 4132 2157 4168 ι
2194 4107 2378 4195 Becte
2407 4110 2633 4177 dictum
2655 4123 2743 4177 est
2776 4134 2790 4178 :
2824 4117 3060 4195 Factus,
3087 4122 3328 4198 propter
3342 4129 3607 4175 carnem.
3634 4113 3818 4175 Porro

439 4191 546 4256 ubi
576 4201 669 4256 est
697 4197 980 4278 pontifex,
1015 4196 1103 4258 ibi
1127 4204 1219 4261 est
1247 4207 1309 4259 et
1341 4197 1610 4278 populus.

981 4303 1122 4365 363
1162 4302 1405 4368 CAPUT
1444 4302 1546 4367 IX.

2798 4320 3048 4378 ΚΕΦΑΛ,
3114 4303 3202 4374 e'.

442 4399 533 4463 De
558 4399 959 4490 Melchisedec
985 4404 1103 4490 qui
1137 4400 1382 4490 Christi
1398 4403 1617 4490 ﬁgura
1645 4400 1790 4480 fuit,
1821 4407 1877 4490 e_t
1905 4417 1946 4490 _a_
1967 4416 2084 4461 no-

2177 4427 2205 4460 α
2239 4409 2360 4490 [ίερὶ
2388 4409 2481 4465 τοῦ
2509 4409 2841 4490 Μελχισεδὲκ
2880 4419 2973 4469 τοῦ
3016 4415 3087 4477 είς
3118 4411 3340 4490 Χριστὸν
3369 4410 3532 4490 τύπου
3580 4408 3715 4465 κατὰ
3756 4407 3818 4490 τὸ

522 4481 707 4556 mine,
739 4487 798 4545 et
828 4499 867 4545 a
896 4480 1161 4558 civitate,
1185 4490 1240 4545 et
1260 4501 1299 4543 a
1318 4480 1479 4559 vita,
1495 4488 1554 4546 et
1582 4499 1621 4544 a
1646 4480 2002 4544 sacerdotio.

519 4661 678 4724 Nam
704 4659 801 4724 hic
829 4669 971 4724 erat
1018 4660 1430 4735 Melchisedec,
1481 4678 1594 4724 rex
1618 4658 1849 4740 Salem,
1880 4661 2085 4737 ponti-

434 4753 545 4829 fex
574 4750 684 4813 Dei
725 4749 1038 4825 altissimi,
1071 4751 1176 4830 qui
1206 4752 1477 4813 occurrit
1507 4748 1820 4811 Abraham
1878 4765 2088 4810 rever-

441 4839 594 4903 tenti
623 4855 662 4901 a
711 4840 874 4903 caede
894 4856 1124 4921 regum,
1159 4845 1217 4902 et
1248 4838 1562 4902 benedixit
1591 4836 1686 4900 illi
1722 4859 1735 4896 :
1767 4842 1867 4900 cui
1894 4843 1951 4900 et
1976 4837 2090 4898 de-

439 4928 633 4991 cimas
653 4944 732 4991 ex
756 4928 1033 4991 omnibus
1081 4929 1439 5009 impartitus
1488 4933 1574 4989 est
1602 4925 1955 4988 Abraham:
1986 4925 2094 5005 qui

430 5018 710 5099 primum
761 5016 1005 5096 quidem
1063 5034 1145 5079 ea:
1183 5016 1679 5094 interpretatione
1727 5015 1951 5078 dicitur
1979 5031 2093 5076 rex

438 5107 691 5185 iustitiae
721 5126 735 5170 :
770 5106 995 5170 deinde
1023 5122 1163 5169 vero
1193 5111 1377 5168 etiam
1408 5122 1520 5167 rea:
1548 5103 1787 5179 Solem,
1819 5102 1980 5184 quod
2007 5111 2093 5166 est

436 5211 549 5258 rea:
572 5195 740 5276 pacis
771 5211 790 5257 :
820 5196 952 5258 sine
999 5201 1199 5276 patre,
1231 5200 1364 5257 sine
1392 5200 1615 5270 matre,
1645 5194 1779 5255 sine
1807 5192 2091 5275 genealo-

438 5283 570 5365 gia,
591 5301 784 5363 neque
809 5284 1061 5348 initium
1089 5284 1332 5348 dierum
1381 5300 1575 5363 neque
1600 5284 1741 5347 vitae
1773 5286 1950 5348 ﬁnem
1976 5281 2089 5343 ha-

440 5369 610 5447 beas,
657 5371 764 5435 sed
792 5372 1165 5438 assimilatas
1221 5373 1390 5437 Filio
1442 5372 1557 5436 Dei
1584 5382 1789 5436 manet
1815 5371 2092 5435 sacerdos

440 5459 511 5523 in
532 5466 909 5540 perpetuum.
940 5461 1336 5527 Considerate
1373 5479 1511 5525 vero
1538 5468 1803 5543 quantus
1833 5460 1930 5524 hic
1953 5462 2090 5539 fue-

439 5548 548 5703 Siet,
577 5548 891 5703 cuiatiam
915 5550 1183 5615 decimas
1199 5551 1369 5617 dedit
1387 5550 1703 5616 Abraham
1724 5551 2089 5631 patriarcha

541 5654 652 5703 mo
675 5653 777 5701 iis.

541 5636 777 5722 spoliis.

2249 4486 2418 4564 ὄνομα
2460 4490 2547 4545 καὶ
2580 4486 2677 4558 τῆξι
2706 4490 2885 4566 πόλιν,
2918 4493 3004 4548 καὶ
3034 4494 3133 4561 τὴν
3155 4486 3320 4564 ζωὴν,
3353 4490 3441 4546 καὶ
3470 4489 3567 4556 τὴν
3593 4487 3815 4566 ἱερωσύ-

2251 4589 2371 4634 νην.
2424 4591 2447 4624 ι

2256 4688 2284 4719 α
2334 4667 2497 4730 Οὗτος
2568 4669 2666 4746 γὰρ
2741 4672 2769 4726 ὁ
2848 4666 3182 4750 Μελχισεδὲκ
3264 4665 3509 4745 βασιλεὺς
3595 4662 3814 4741 Σαλὴμ,

2171 4754 2332 4832 ἱερεὺς
2417 4760 2509 4811 τοῦ
2609 4763 2738 4814 Θεοῦ
2838 4766 2932 4816 τοῦ
3033 4759 3274 4833 ὑψίστου,
3378 4758 3405 4813 6
3488 4754 3815 4824 συναντήσας

2173 4839 2413 4922 ’Δϐραὰμ
2465 4845 2841 4927 ὑποστρέφοντι
2924 4849 3031 4906 ἀπὸ
3111 4848 3208 4917 τῆς
3281 4849 3454 4912 κοπῆς
3536 4847 3642 4898 τῶν
3722 4843 3823 4918 β²“

2173 4929 2384 5002 σιλέων,
2469 4935 2558 4990 καὶ
2639 4934 2934 5016 εὐλογήσας
3019 4939 3198 5009 αὐτὸν,
3295 4937 3342 5009 ᾧ
3422 4933 3508 4989 καὶ
3590 4928 3818 4997 δεκάτην

2172 5018 2280 5075 ἀπὸ
2361 5021 2573 5078 πάντων
2682 5024 2918 5106 ἐμέρισεν
3030 5024 3292 5106 ’Λϐραὰμ,
3407 5023 3656 5106 πρῶτον,
3719 5020 3817 5095 μὲν

2173 5107 2591 5187 ἑρμηνευόμενος
2729 5105 2974 5192 βασιλεὺς
3119 5105 3475 5178 δικαιοσύνης,
3632 5105 3818 5165 ἔπειτα

2174 5193 2230 5252 δὲ
2285 5198 2371 5254 καὶ
2440 5198 2684 5273 βασιλεὺς
2754 5202 2969 5280 Σαλῆμ,
3056 5205 3084 5260 ὅ
3166 5203 3276 5259 ἐττι
3344 5194 3589 5276 βασιλεὺς
3672 5196 3815 5275 είρήν

2173 5307 2295 5357 νης,
2365 5286 2604 5368 ἀπάτωρ,
2679 5290 2926 5372 ἀμήτωρ,
3000 5289 3448 5371 ἀγενεαλόγητος,
3521 5285 3659 5361 μήτε
3714 5283 3818 5362 ἆρ-

2175 5375 2285 5454 χὴν
2352 5375 2587 5454 ἡμερῶν,
2648 5380 2786 5452 μήτε
2855 5385 2998 5452 ζωῆς
3068 5378 3217 5443 τέλος
3286 5377 3456 5457 ἔχων,
3535 5373 3816 5454 ἀφομοιω-

2172 5462 2326 5537 μένος
2384 5461 2439 5518 δὲ
2488 5470 2565 5539 τῷ
2624 5469 2729 5542 Υἱῴ
2781 5476 2873 5526 τοῦ
2947 5476 3100 5543 Θεοῦ,
3158 5464 3303 5542 μένει
3377 5462 3540 5540 ἱερεὺς
3614 5462 3686 5525 εἱς
3755 5461 3818 5516 τὸ

2170 5548 2433 5618 διηνεκές.
2521 5560 2784 5633 Θεωρεῖτε
2867 5556 2922 5614 δὲ
3031 5555 3256 5624 πηλίκος
3341 5553 3515 5624 οὗτος,
3601 5553 3648 5623 ᾧ
3729 5549 3817 5605 καὶ

2167 5636 2392 5707 δεκάτην
2476 5637 2717 5720 Ἀϐραὰμ
2798 5643 2988 5704 ἔδωκεν
3071 5643 3133 5701 ἐκ
3212 5649 3320 5700 τῶν
3403 5638 3706 5719 ἀκροθινίων
3788 5640 3818 5695 6

2167 5727 2531 5811 πατριάρχης.
2584 5751 2609 5787 ι
