4152 6216
329 369 450 433 345
1430 371 1824 434 COMMENT.
1875 368 1956 430 IN

2066 366 2241 427 PIST.
2289 367 2386 428 AD
2426 367 2654 428 HEBR.
3593 362 3709 429 346

411 503 562 562 Θέλει
591 500 758 570 δεῖξαι
788 506 878 562 καὶ
929 507 1016 562 νῦν
1085 504 1220 562 πολὺ
1289 505 1351 562 τὸ
1405 501 1646 583 διάφορον
1699 507 1795 570 τῆς
1852 501 1972 565 νέας

2140 498 2274 561 Vult
2303 519 2459 563 nunc
2489 517 2726 582 quoque
2759 505 3030 580 magnam
3063 498 3379 562 ostendere
3411 499 3708 564 excellen-

327 593 587 664 διαθήκης
657 595 790 674 πρὸς
858 595 959 662 τὴν
1021 593 1277 668 παλαιὰν,
1350 592 1446 650 καὶ
1503 599 1658 650 τοῦτο
1729 591 1980 650 δείκνυσιν

2066 587 2202 648 tiam
2229 589 2366 651 novi
2396 590 2735 652 testamenti
2767 608 2946 670 supra
2976 597 3143 650 vetus
3177 607 3191 652 :
3227 597 3283 650 et
3304 589 3418 651 hoc
3449 587 3710 650 ostendit

327 683 388 740 ἐκ
419 691 523 740 τῶν
551 683 757 762 ἱερέων.
793 684 966 741 Εἰπὼν
997 680 1077 762 δὲ,
1140 683 1288 745 Κατά
1358 683 1454 749 τὴν
1509 681 1652 748 τάξιν
1696 679 1978 761 Μελχισε-

2066 692 2131 736 ex
2162 676 2590 738 sacerdotibus.
2627 678 2844 740 Dicens
2873 685 3070 738 autem
3109 697 3122 737 :
3157 675 3495 738 Secundum
3546 674 3712 762 ordia

326 770 444 845 δὲκ,
504 761 757 828 δείκνυσιν
795 769 875 827 ὅτι
923 772 1010 828 καὶ
1065 761 1236 834 αὐτὸς
1308 773 1336 828 6
1379 771 1540 836 τύπος
1610 776 1702 827 106
1758 777 1982 848 Χριστοῦ

2066 782 2196 824 nem
2217 764 2908 838 Melchisedec,ostendit
2925 765 3082 847 quod
3105 764 3232 846 ipsa
3251 761 3711 845 quoqueChristi

327 863 356 918 δ
387 858 741 942 Μελχισεδὲκ,
775 861 956 933 (τύπον
1000 861 1098 940 γὰρ
1153 861 1308 920 αὐτὸν
1363 859 1505 938 λέγει
1549 867 1641 916 106
1699 857 1974 939 Χριστοῦ,)

327 949 464 1008 πολὺ
535 948 737 1031 διέφερε
806 951 909 1006 τῶν
977 950 1113 1005 κατά
1181 949 1344 1025 νόμον
1429 949 1608 1020 ἱερέων
1662 954 1768 1005 τῶν
1836 949 1977 1026 παρὰ

328 1037 620 1112 Ἰουδαίοις,
684 1048 839 1100 τοῦτο
885 1037 1315 1115 κατασκευάζων,
1377 1038 1434 1094 Εἰ
1494 1039 1522 1092 6
1579 1037 1764 1111 τύπος,
1823 1037 1974 1115 φησὶ,

324 1130 424 1185 106
473 1130 700 1206 Χριστοῦ
755 1131 858 1183 τῶν
929 1127 1073 1206 παρὰ
1170 1123 1436 1190 Ἰουδαίοις
1507 1123 1731 1205 διέφερε,
1821 1130 1976 1200 πόσῳ

326 1214 534 1292 μᾶλλον
590 1219 627 1285 ἡ
696 1216 966 1296 ἀλῆθεια;
1038 1214 1335 1296 τουτέστιν,
1423 1216 1578 1278 αὐτὸς
1650 1216 1678 1270 6
1729 1214 1974 1294 Χριστός.

330 1329 359 1360 α
398 1303 649 1368 Βασιλεὺς
671 1304 886 1380 Σαλήμ,
939 1293 966 1360 ὦ
1038 1293 1258 1380 ’Ὀνομα
1303 1302 1533 1366 πόλεως.
1620 1323 1642 1357 ιι
1691 1299 1828 1358 Ἀπὸ
1882 1308 1978 1370 τῆς

326 1395 503 1460 κοπῆς
577 1400 682 1450 τῶν
727 1392 1012 1470 βασιλέων,
1052 1416 1077 1447 ››
1144 1375 1297 1449 ῃΟταν
1355 1393 1474 1454 τοὺς
1546 1389 1789 1468 βασιλεῖς
1858 1392 1976 1455 τοὺς

323 1486 418 1540 τὸν
467 1484 586 1539 Λὼτ
644 1481 1145 1563 αἰχμαλωτίσαντας
1205 1480 1542 1559 κατακόψας,
1631 1479 1976 1561 ὑπέστρεφεν.

325 1569 492 1635 Οἶδας
543 1573 641 1639 την
695 1571 947 1649 ἱστορίαν,
1011 1570 1107 1628 Καὶ
1193 1567 1486 1646 εὐλογήσας
1545 1569 1724 1627 αὒτόν.
1765 1591 1786 1624 ι
1841 1565 1982 1625 Ἀντὶ

321 1668 418 1718 106
490 1659 779 1739 εεῖιλόγησεν
864 1659 1045 1721 αὒτόν,
1137 1682 1165 1713 ιι
1201 1654 1261 1739 ᾯ
1319 1661 1407 1715 καὶ
1489 1657 1735 1726 δεκάτην,
1805 1681 1826 1714 ι
1893 1654 1977 1739 ᾯ,

2061 853 2271 931 ﬁgura,
2307 873 2525 934 nempe
2559 855 2956 918 Melchisedec
3011 855 3113 934 (ait
3139 855 3297 916 enim
3331 855 3512 914 fuisse
3540 851 3707 914 illum

2058 941 2275 1004 Christi
2297 944 2804 1024 typum),multum
2822 941 3500 1025 praecellebutlegalibus
3513 959 3710 1003 sacer-
3789 969 3794 972 ·

2057 1029 2294 1092 dotibus
2316 1031 2416 1113 qui
2432 1033 2583 1114 apud
2603 1032 2838 1094 Judwos
2865 1042 3038 1094 erant
3062 1051 3074 1096 :
3105 1035 3218 1094 hoe
3236 1030 3705 1106 astruens,Quod

2058 1117 2109 1179 si
2140 1117 2355 1180 Christi
2403 1133 2594 1202 typus,
2630 1121 2843 1202 inquit,
2879 1123 3254 1202 praestantior
3302 1130 3426 1183 erat
3454 1121 3547 1182 his
3576 1138 3708 1201 quae

2059 1206 2218 1287 apud
2245 1208 2478 1272 Judaaos
2511 1219 2699 1285 erant,
2736 1220 2953 1291 quanto
3001 1211 3185 1289 magis
3216 1210 3449 1291 veritas,
3482 1210 3595 1271 hoc
3620 1217 3709 1270 est

2061 1295 2188 1376 ipse
2221 1296 2509 1360 Christus.
2555 1325 2579 1354 α
2610 1301 2736 1363 Rex
2767 1299 3024 1362 Salem.»
3062 1299 3290 1362 Nomen
3326 1297 3702 1361 estcivitatis.

2067 1408 2095 1440 ι
2129 1387 2180 1447 Α
2209 1387 2370 1448 caede
2399 1407 2626 1467 regum.
2666 1410 2695 1449 ι
2734 1388 2981 1462 Quando
3013 1389 3250 1468 regibus
3279 1389 3377 1469 qui
3418 1389 3520 1449 Lot
3563 1405 3706 1466 cap-

2064 1473 2246 1535 tivum
2280 1475 2594 1550 duxerant,
2631 1477 3103 1557 caisis,reversus
3137 1487 3224 1539 est
3239 1476 3706 1539 33.Nostihisto-

2062 1562 2235 1624 riam.
2278 1590 2302 1619 α
2335 1565 2404 1627 Et
2435 1565 2737 1629 benedixit
2769 1568 2876 1630 illi.
2918 1592 2940 1622 υ
2979 1569 3125 1630 Nam
3160 1567 3450 1648 ε-ἶιλογήσας
3480 1565 3710 1646 capitur

2066 1669 2174 1731 pro
2205 1653 2514 1732 εὐλόγησεν,
2549 1655 2611 1716 id
2636 1665 2724 1716 est
2758 1655 3134 1736 participium
3168 1674 3270 1736 pro
3301 1653 3502 1717 verbo.
3543 1680 3564 1709 ι·
3605 1652 3712 1716 Cui

629 1721 640 1739 .
675 1721 686 1728 .
1237 1721 1249 1740 ,
1672 1721 1683 1726 -
1930 1721 1942 1739 ,
1961 1721 1972 1728 ,

322 1750 562 1806 τουτέστι
594 1756 670 1824 τῷ
703 1747 1063 1828 Μελχισεδὲκ,
1096 1745 1324 1815 δεκάτην
1385 1747 1576 1804 ἔδωκεν
1636 1750 1663 1804 6
1708 1744 1975 1826 Ἀϐραὰμ,

2153 1721 2436 1834 decimas.
2476 1721 2512 1798 »’
2532 1745 2636 1807 Cui
2669 1721 2884 1824 nempe
2901 1721 3302 1834 Melchisedec
3332 1743 3595 1834 decimas
3611 1742 3712 1802 de-

327 1832 516 1908 φησίν,
561 1853 588 1884 ι
625 1827 966 1909 Πρῶτονίμέν
1023 1828 1467 1908 ἑρμηνευόμενος.
1523 1851 1544 1884 ι
1613 1829 1810 1884 Λοιπὸν
1842 1827 1979 1884 ϐέλει

2066 1828 2154 1888 dit
2183 1830 2506 1892 Abraham.
2547 1858 2573 1888 α
2636 1835 2897 1895 Primum
2962 1832 3200 1913 quidem
3253 1851 3321 1894 ex
3353 1833 3710 1912 interpreta-

326 1917 438 1974 δρτῖ
579 1925 605 1934 ‘
703 1919 760 1954 -'
935 1916 959 1972 ἐ
995 1919 1040 1952 -‘
1163 1927 1187 1956 τ’
1450 1927 1470 1937 ν
1744 1941 1758 1951 .
1875 1915 1917 1948 "z

357 1942 498 1984 ε.,αι
529 1941 644 1982 πως
713 1940 864 1981 ..υπος
962 1940 1044 1974 σιι
1100 1940 1192 1976 τοο
1251 1926 1476 1995 Χριστου
1531 1919 1559 1973 6
1629 1915 1978 1996 Μελλισεοικ,

326 2009 419 2063 καὶ
448 2007 582 2071 τέως
648 2006 707 2063 ἐκ
761 2013 852 2063 106
908 2007 1168 2082 ὀνόματος
1228 2013 1381 2063 τοῦτο
1437 2019 1604 2066 ποιεῖ.
1660 2005 1799 2068 Τέως
1858 2005 1978 2083 γαρ,

326 2099 482 2177 φησὶ,
515 2098 576 2153 τὸ
614 2095 782 2171 ὄνομα
851 2099 1009 2154 αὐτοῦ
1065 2096 1430 2175 ἑρμηνεύεται,
1491 2093 1741 2158 Βασιλεὺς
1786 2092 1983 2150 δικαιο-

327 2187 490 2252 σύνης
528 2205 542 2218 °
601 2184 775 2264 Μελχὶ
832 2183 1077 2261 βασιλεύς
1112 2202 1127 2216 ·
1179 2183 1370 2258 Σεϐὲκ,
1429 2183 1787 2251 δικαιοσύνης.
1834 2185 1980 2246 Τίνος

329 2273 387 2330 δῖ
420 2275 599 2354 ἑτέρου
657 2272 879 2352 ὢφειλεν
936 2273 1077 2329 εἶναι
1142 2275 1328 2354 τύπος,
1467 2283 1560 2332 106
1616 2281 1839 2353 Χριστοῦ
1891 2279 1982 2328 τοῦ

325 2363 541 2431 ἀληθῶς
603 2362 861 2439 βασιλέως
947 2352 1322 2438 δικαιοσύνης,
1392 2352 1671 2420 ’.Ἔπειτα
1733 2364 1819 2418 καὶ
1885 2364 1982 2428 τὴν

326 2451 501 2519 ἄλλην
532 2451 672 2529 λέγει
702 2450 982 2531 ἑρμηνείαν
1025 2453 1124 2518 τὴν
1185 2452 1290 2508 ἀπὸ
1332 2451 1428 2518 τῆς
1497 2450 1727 2515 πόλεως,
1763 2450 1976 2526 Σαλὴμ,

332 2543 519 2620 εἱρήνη
569 2540 730 2600 ἐστίν.
805 2541 1024 2615 Οὖκοῦν,
1088 2542 1148 2597 o6
1204 2541 1365 2616 μόνον
1435 2539 1679 2616 βασιλεὺς
1726 2538 1984 2597 δικαιοσύ-

333 2653 456 2710 νης,
492 2628 630 2686 ἀλλά
677 2629 764 2685 καὶ
807 2630 1042 2707 εἰρήνης,
1096 2631 1169 2694 ὡς
1213 2628 1320 2685 ἀπὸ
1366 2634 1464 2696 τῆς
1523 2628 1730 2692 πόλεως
1761 2631 1826 2695 ἧς
1853 2626 1981 2684 ἔϐα-

330 2718 535 2776 σζλευεν
571 2737 586 2754 ³
619 2717 890 2797 ἀμφότερα
931 2715 986 2773 δὲ
1015 2721 1042 2774 6
1087 2719 1335 2798 Χριστὸς,
1370 2717 1614 2795 βασιλεύς
1666 2740 1722 2774 τε
1780 2716 1981 2774 δικαιο-

328 2809 490 2875 σύνης
519 2809 608 2864 καὶ
678 2805 922 2882 βασιλεὺς
968 2808 1204 2886 εἰρήνης.
1260 2829 1280 2862 ι
1319 2805 1590 2886 ’Λπάτωρ,
1663 2807 1909 2882 ἀμήτωρ,
1951 2829 1974 2863 ι

330 2898 431 2956 Καὶ
480 2895 733 2977 ἐνεχώρει
805 2903 992 2953 τοῦτον
1098 2898 1187 2953 τὸν
1285 2895 1618 2977 Μελχισεδὲκ
1713 2897 1982 2975 ἄνθρωπον

328 2983 485 3066 ὄντα,
517 2985 754 3065 ἀπάτορα
798 2983 940 3041 εἶναι
994 2986 1083 3041 καὶ
1135 2985 1400 3064 ἀμήτορα,
1475 2987 1561 3041 καὶ
1620 2986 1756 3061 μήτε
1807 2985 1983 3065 ἀρχὴν

2065 1916 2248 1981 tione.
2290 1946 2311 1974 υ
2350 1919 2488 1982 Vult
2520 1921 2800 2000 deinceps
2825 1922 3138 1982 ostendere
3169 1921 3461 2002 quomodo
3493 1919 3709 1983 Christi

2067 2007 2251 2084 ﬁgura
2280 2017 2404 2069 erat
2435 2010 2854 2086 Melchisedec,
2889 2017 2945 2069 et
2966 2009 3202 2070 interim
3229 2030 3296 2072 ex
3321 2008 3562 2070 nomine
3587 2013 3710 2088 pri-

2066 2114 2226 2155 mum
2260 2097 2371 2157 hoc
2405 2097 2544 2159 facit
2599 2101 2742 2160 Nam
2774 2097 2980 2178 ipsius,
3014 2098 3228 2180 inquit,
3269 2117 3484 2158 nomen
3516 2096 3707 2158 inter-

2064 2193 2331 2264 pretatur
2359 2186 2478 2247 Rex
2509 2187 2753 2266 justitize
2794 2207 2807 2246 :
2845 2188 2984 2248 564
3037 2189 3276 2269 Melchi,
3311 2206 3412 2249 rex
3449 2204 3461 2246 :
3499 2184 3708 2268 Sedec,

2057 2272 2326 2352 justitize,
2362 2277 2543 2356 Cujus
2599 2285 2792 2337 autem
2854 2277 3098 2339 alterius
3155 2277 3359 2338 debuit
3390 2295 3520 2339 esse
3545 2285 3713 2356 typus

2065 2380 2238 2441 quam
2269 2363 2456 2444 ipsius
2515 2364 2732 2427 Christi
2791 2366 2890 2446 qui
2950 2384 3089 2426 vere
3145 2385 3246 2427 rex
3280 2375 3404 2427 erat
3429 2365 3716 2446 justilite?

2062 2449 2486 2529 Deindealiam
2512 2473 2746 2534 quoque
2772 2455 2935 2535 ponit
2955 2454 3509 2536 interpretationem
3532 2473 3662 2535 quae
3683 2471 3718 2514 a

2065 2539 2299 2602 civitate
2330 2541 2604 2604 sumitur.
2641 2541 2858 2618 Salem;
2879 2563 2986 2624 pax
3020 2552 3128 2607 est.
3161 2543 3362 2625 Itaque
3385 2563 3502 2605 non
3523 2543 3715 2605 solum

2062 2647 2164 2690 rex
2190 2631 2439 2710 justitiaa
2465 2633 2569 2692 sed
2605 2642 2662 2693 et
2695 2632 2877 2712 pacis,
2899 2643 3176 2715 tanquam
3201 2652 3234 2694 a
3254 2633 3492 2695 civitate
3515 2631 3574 2693 in
3601 2650 3717 2713 qua

2062 2720 2348 2798 regnavit.
2410 2720 2512 2782 Est
2579 2729 2774 2783 autem
2832 2730 3152 2804 utrumque
3203 2723 3473 2785 Christus
3523 2729 3580 2783 et
3611 2739 3714 2783 rex

2064 2810 2224 2888 pacis
2279 2818 2336 2870 et
2365 2827 2466 2872 rex
2493 2811 2762 2890 justitiaa.
2803 2834 2824 2867 ιι
2863 2810 3005 2873 Sine
3055 2821 3243 2892 patre,
3275 2812 3404 2872 sine
3439 2818 3644 2872 matre.
3689 2833 3708 2864 ι

2064 2898 2154 2959 An
2184 2897 2366 2978 igitur
2395 2899 2522 2960 fieri
2548 2907 2741 2980 potest
2763 2908 2824 2960 ut
2847 2898 2944 2962 hic
2963 2899 3358 2962 Melchisedec
3375 2917 3508 2960 cum
3535 2898 3714 2959 homo

2067 2995 2244 3068 esset,
2280 2989 2410 3050 sine
2441 2997 2606 3070 patre
2669 3007 2738 3050 ac
2796 2989 2926 3050 sine
2986 2998 3172 3051 matre
3204 2989 3402 3066 fuerit,
3437 2996 3495 3051 et
3527 3004 3719 3068 neque

330 3079 474 3150 μήτε
527 3074 678 3136 τέλος
750 3073 897 3154 ἔχειν
952 3077 1217 3156 ἡμερῶνς
1295 3075 1389 3136 O6.
1461 3081 1580 3140 Πῶς
1639 3074 1726 3131 οὖν
1785 3078 1980 3148 εἶπενς

2069 3075 2510 3159 ἱηὶιὶιιιηξηειιιιθ
2534 3077 2712 3140 finem
2739 3077 2970 3140 dierum
2993 3078 3714 3160 habueritZ’Nequaquam.

332 3156 507 3245 "Op-.1.
543 3161 760 3231 Ἐπειδὴ
793 3162 1108 3220 ἀντέπιπτεν
1147 3142 1312 3243 αύτῷ,
1364 3169 1480 3228 Πῶς
1548 3165 1682 3220 κατὰ
1742 3164 1840 3230 τὴν
1882 3165 1982 3220 τά-

2068 3149 2378 3238 Quomodo
2411 3142 2552 3248 ergo
2580 3169 2705 3229 liazc
2731 3167 2928 3229 dixit?
2959 3142 3717 3240 Animadverte.budniam

332 3255 413 3320 ξιν
464 3260 558 3310 τοῦ
621 3251 953 3332 Μελχισεδὲκ
1021 3255 1050 3308 6
1111 3253 1332 3332 Χριστός
1395 3252 1526 3326 ἐστι,
1587 3259 1678 3309 106
1740 3252 1982 3323 τελευτή-

2070 3254 2186 3335 ipsi
2215 3255 2398 3335 objici
2458 3265 2684 3338 poterat
2721 3275 2733 3316 :
2769 3256 3033 3329 Quonam
3091 3256 3264 3317 modo
3311 3257 3582 3319 Christus
3632 3263 3720 3315 est

335 3364 526 3406 σαντος
551 3342 640 3398 καὶ
671 3342 748 3417 μη
789 3341 1072 3420 γενομένου
1156 3341 1447 3422 ἀρχιερέως
1504 3343 1575 3406 εἷς
1632 3344 1723 3398 τὸν
1781 3343 1982 3422 αἱῶνας

2072 3344 2402 3406 secundum
2427 3344 2696 3408 ordinem
2722 3345 3121 3408 Melchisedec
3143 3345 3244 3426 qui
3267 3353 3535 3406 mortuus
3553 3350 3640 3404 est
3663 3349 3724 3403 et

333 3431 565 3489 Βλέπετε
594 3431 644 3487 τί
686 3429 828 3508 λέγει
863 3448 880 3466 ⁸
940 3433 1047 3488 Οὐκ
1103 3429 1285 3506 ἴσμεν,
1342 3431 1492 3510 φησὶ,
1540 3431 1654 3487 τίνα
1714 3431 1830 3510 ἔχει
1881 3453 1982 3488 πα-

2073 3451 2190 3494 non
2222 3433 2408 3495 factus
2440 3435 2698 3515 pontifex
2733 3434 2791 3494 in
2835 3441 3123 3495 aeternum
3152 3433 3182 3493 τι
3211 3432 3422 3494 Videte
3451 3431 3590 3513 quid
3624 3429 3719 3490 di-

329 3521 459 3598 τέρα
487 3521 524 3588 ἢ
591 3519 817 3599 μητέρα,
863 3518 899 3588 ἢ
965 3531 1121 3577 ποῖον
1179 3519 1327 3597 γένος
1356 3521 1385 3575 6
1451 3517 1802 3600 Μελχισεδὲκ,
1873 3519 1982 3576 οὔτε

2073 3537 2158 3584 cal
2188 3542 2202 3587 :
2231 3522 2596 3602 Ignoramus,
2623 3523 2837 3603 inquit,
2865 3541 3042 3604 quem
3072 3521 3351 3582 habuerit
3372 3530 3594 3602 patrem
3617 3528 3722 3582 aut

332 3613 464 3667 πότε
518 3609 856 3688 γεγέννηται,
928 3609 964 3676 ἢ
1023 3607 1388 3676 τετελεύτηκε.
1481 3611 1581 3667 Καὶ
1678 3610 1728 3666 τί
1785 3620 1982 3690 τοῦτο;

2074 3622 2346 3692 matrem,
2381 3621 2479 3673 aut
2511 3615 2663 3692 quod
2699 3611 2874 3674 fuerit
2897 3628 3082 3690 genus
3105 3609 3723 3690 Melchisedec,neque

335 3701 566 3769 Φήσειεν
597 3697 659 3753 ἄν
686 3721 766 3762 τις
803 3714 817 3730 ⁶
853 3699 898 3754 εἷ
940 3699 1040 3776 γὰρ
1097 3699 1175 3772 μὴ
1233 3696 1392 3772 ἴσμεν
1449 3708 1611 3757 ταῦτα
1654 3697 1739 3755 διὰ
1793 3701 1854 3755 τὸ
1912 3699 1982 3774 μὴ

2073 3704 2311 3784 quando
2345 3713 2516 3765 natus
2547 3703 2623 3764 sit
2653 3711 2750 3764 aut
2783 3712 3068 3765 mortuus.
3103 3701 3174 3762 Et
3204 3701 3342 3782 quid
3377 3702 3490 3762 hoc
3508 3699 3723 3761 refert?

337 3789 650 3868 ἐμφέρεσθαι
703 3789 770 3863 τῇ
816 3792 1018 3867 Γραφῇ,
1094 3785 1216 3842 ἀλλ’
1274 3786 1420 3861 ὅμως
1486 3789 1572 3844 καὶ
1651 3789 1852 3866 πατέρα
1904 3789 1982 3844 καῖ

2073 3793 2231 3855 dicet
2255 3792 2474 3874 aliqnis
2501 3813 2513 3853 :
2542 3811 2880 3873 quanquam
2915 3791 3073 3853 enim
3099 3791 3442 3871 ignoremus
3475 3790 3621 3862 haac,
3653 3807 3722 3850 eo

337 3877 491 3955 γένος
525 3875 680 3955 ἔσχε,
713 3877 798 3932 καὶ
870 3875 1140 3953 γέννησιν,
1196 3877 1283 3932 καὶ
1342 3874 1618 3946 τελευτήν.
1679 3877 1796 3940 Πῶς
1832 3877 1920 3934 06v
1963 3879 1982 3933 ἐ

2076 3881 2230 3962 quod
2265 3901 2381 3942 non
2415 3881 2753 3942 referantur
2788 3883 2844 3942 in
2882 3879 3152 3961 Scriptur
3175 3911 3211 3955 -,
3245 3886 3500 3941 attamen
3535 3888 3589 3939 et
3623 3895 3722 3958 pa-

336 3975 574 4026 τοιοῠτος
619 3964 861 4042 ἀπάτωρ,
907 3965 991 4020 κοὶ
1033 3966 1128 4020 οὐκ
1154 3962 1300 4044 ἔχων
1329 3963 1504 4044 ἀρχὴν
1535 3965 1572 4034 ἢ
1619 3965 1770 4029 τέλος
1801 3971 1941 4037 ζωῆς
1971 3985 1982 4046 ς

432 4055 441 4060 .
730 4042 768 4060 ι.
998 4055 1010 4060 -
1154 4051 1170 4060 -
1322 4051 1360 4060 -,
1650 4055 1659 4060 .
1891 4055 1904 4060 -

2079 3979 2231 4032 trem
2281 3969 2484 4032 habuit
2540 3979 2829 4051 etgenus,
2866 3978 2918 4030 et
2964 3969 3326 4031 nativitatem
3355 3976 3412 4030 et
3442 3977 3722 4029 mortem.

341 4055 441 4113 Καί
483 4075 644 4132 φησιν
679 4069 694 4084 ⁸
730 4043 948 4131 υΩσπερ
991 4055 1019 4109 6
1075 4043 1410 4132 Μελχισεδέκ
1452 4061 1528 4129 τῷ
1600 4055 1677 4129 μὴ
1734 4043 1982 4133 γενεαλοέ

2075 4078 2190 4140 quo
2226 4059 2399 4120 modo
2435 4043 2781 4138 igitur'talis
2816 4043 2914 4120 'est
2945 4057 3075 4120 sine
3126 4067 3316 4139 patre,
3354 4077 3463 4119 nec
3496 4058 3724 4136 princi-

340 4146 550 4221 γεϊσθαι
607 4142 706 4197 ὑπὸ
759 4145 851 4205 τὸς
920 4147 1154 4222 Γραφῆς,
1204 4145 1338 4210 ἡμῖν
1425 4156 1541 4206 τοῖς
1602 4143 1878 4221 ἀγνοοῦσιν
1934 4147 1982 4201 of

2075 4147 2236 4229 pium
2262 4147 2391 4209 vitae
2417 4147 2642 4209 habens
2665 4165 2775 4208 nec
2797 4145 3092 4209 tinem‘HEt
3109 4145 3428 4227 respondet
3454 4164 3467 4208 :
3495 4147 3722 4218 Quem-

341 4229 494 4288 δοκεῖ
522 4231 671 4309 ἔχειν
709 4230 922 4310 γονέας,
971 4229 1007 4298 ἢ
1065 4231 1242 4310 ἀρχὴν
1297 4231 1434 4302 ζωῆς
1476 4233 1564 4288 καὶ
1604 4230 1780 4305 τέλος,
1828 4232 1982 4296 οὕτως

2074 4236 2393 4299 admodum
2427 4236 2832 4299 Melchisedec
2863 4254 2932 4297 eo
2967 4235 3123 4317 quod
3163 4235 3352 4316 ipsius
3382 4233 3728 4314 genealogia

342 4324 371 4378 6
423 4321 646 4399 Χριστὸς
699 4326 768 4396 τῇ
825 4319 1067 4392 ἀληθείᾳ,
1131 4314 1345 4399 υΩσπερ
1417 4321 1537 4400 γὰρ,
1599 4324 1750 4402 φησὶ,
1806 4323 1982 4379 τούτου

2074 4345 2193 4388 non
2225 4335 2576 4389 recensetur
2603 4345 2638 4387 a
2689 4314 3017 4406 Scriptura,
3053 4314 3222 4386 nobis
3254 4323 3355 4405 qui
3386 4325 3726 4403 ignoramus

343 4413 438 4468 οὐκ
466 4409 624 4484 ἴσμεν
654 4409 776 4482 τὴν,
809 4408 988 4488 ἀρχὴν
1026 4411 1112 4466 καὶ
1163 4413 1224 4466 τὸ
1293 4408 1466 4490 τέλος,
1536 4409 1701 4472 οὕτως
1758 4408 1871 4468 οὐδὲ
1898 4418 1982 4468 τοῦ

343 4507 380 4512 ,.
671 4503 696 4512 ..
799 4495 947 4512 ελ.
1080 4495 1228 4512 ...η
1369 4499 1394 4509 -
1495 4498 1510 4512 ς
1663 4497 1727 4512 κ.
1845 4501 1856 4512 .
1963 4501 1974 4512 .

2076 4437 2194 4478 non
2253 4415 2483 4477 videtur
2543 4423 2816 4496 parentes
2889 4413 3133 4488 habere,
3212 4423 3311 4474 aut
3365 4412 3722 4494 principium

342 4507 570 4578 Χριστου
634 4503 703 4574 τῇ
762 4495 1003 4569 αληθείᾳ.
1080 4495 1244 4555 Ἀλλά
1303 4499 1396 4555 106
1453 4498 1570 4579 μὲν,
1658 4497 1742 4554 διὰ
1809 4501 1870 4556 τὸ
1915 4501 1982 4574 μὴ

2076 4515 2174 4569 aut
2233 4505 2412 4567 tinem
2469 4495 2597 4564 vita;
2644 4524 2657 4564 :
2725 4504 2802 4564 ita
2857 4503 3125 4565 Christus
3187 4501 3246 4562 in
3303 4501 3391 4563 rei
3448 4500 3720 4562 veritate.

339 4587 720 4667 ὶγγεγράςρθαι,
799 4593 892 4643 106
961 4584 1015 4643 δὲ
1093 4594 1340 4666 Χριστοῦ,
1427 4585 1512 4643 διὰ
1580 4587 1678 4655 τὴν
1745 4587 1982 4658 ἀλήθειαν

2076 4592 2589 4668 Quemadmodum
2640 4591 2799 4652 enim
2859 4590 3041 4669 hujus
3102 4593 3440 4668 ignoramus
3499 4587 3725 4666 princi-

344 4669 404 4736 Ὀ
447 4677 548 4756 γὰρ
572 4676 734 4738 τύπος
766 4675 824 4731 οὗ
873 4675 1008 4731 κατά
1079 4677 1251 4735 πάντα
1309 4675 1428 4740 ἴσος
1485 4676 1594 4732 ἐστὶ
1650 4683 1719 4754 τῇ
1747 4676 1982 4751 ἀληθείᾳ1

2078 4684 2239 4764 pium
2292 4701 2360 4744 ac
2418 4683 2622 4753 finem,
2686 4679 2767 4742 ita
2825 4679 3044 4741 Christi
3103 4698 3168 4740 re
3220 4679 3346 4758 ipsa
3403 4677 3519 4740 Sed
3553 4677 3727 4755 hujus

343 4765 482 4846 (ἐπεὶ
537 4765 625 4820 καὶ
683 4764 837 4827 αὐτὸς
903 4763 1126 4834 ἀλήθεια
1203 4766 1516 4845 εὑρίσκεται,
1599 4765 1686 4820 καὶ
1738 4766 1982 4833 ταυτότης

2077 4763 2342 4854 quidem,
2368 4788 2438 4831 eo
2461 4769 2935 4854 quod_sc_riptum
2956 4787 3077 4854 pou
3105 4770 3204 4839 sit,
3235 4765 3452 4829 Christi
3486 4785 3623 4826 vero
3657 4784 3726 4826 eo

339 4853 567 4931 μᾶλλον,
656 4853 692 4921 ἢ
777 4852 984 4931 τύπος),
1072 4852 1190 4909 ἀλλ’
1272 4855 1474 4916 εἰκόνας
1532 4852 1649 4932 ’έχει
1718 4855 1862 4919 τινὰς
1911 4856 1982 4912 κα¹

2080 4847 2237 4934 quod
2272 4869 2411 4912 vere
2472 4847 2589 4910 non
2625 4847 2921 4910 habuerit.
2955 4847 3152 4928 Typus
3188 4866 3441 4928 namque
3473 4865 3587 4906 non
3627 4863 3730 4925 per

338 4941 654 5019 ἰνδάλματα,
687 4945 839 5015 Οἷον,
913 4940 1159 5022 ’Λπάτωρ
1217 4944 1245 4999 6
1299 4939 1633 5023 Μελχισεδὲκ
1687 4947 1754 5018 τῇ
1809 4942 1996 5021 ἀγνοίᾳ

337 5034 522 5108 ἡμῶν,
553 5030 770 5110 ἀπάτωρ
797 5033 825 5086 6
858 5032 1080 5110 Χριστὸς
1137 5031 1234 5098 τὴν
1297 5033 1444 5087 κάτω
1486 5030 1754 5109 γέννησιν,
1824 5030 1996 5107 Ἀμή-

341 5143 451 5198 τωρ
508 5122 536 5175 6
596 5117 950 5200 Μελχισεδὲκ,
1007 5119 1233 5199 ἀμήτωρ
1316 5123 1344 5176 6
1430 5121 1653 5199 Χριστὸς
1713 5119 1812 5186 τὴν
1890 5120 1998 5178 ἅνω

342 5209 618 5288 γέννησιν,
663 5207 718 5264 ἐν
760 5209 942 5284 ᾗοῦτε
1011 5206 1187 5288 ἀρχὴν
1246 5207 1405 5289 ἔσχεν
1447 5209 1680 5287 ἡμερῶν.
1734 5215 1852 5272 Πῶς
1897 5211 1996 5288 γὰρ

346 5302 374 5355 6
406 5297 636 5364 ποιητὴς
686 5301 792 5352 τῶν
836 5297 1094 5376 χρόνωνς
1159 5299 1256 5355 Καὶ
1308 5297 1472 5360 οὕτως
1526 5297 1733 5354 ἅπαντα
1792 5300 1998 5368 νοήσεις

344 5385 444 5444 ὅσα
475 5387 636 5466 εἶχεν
670 5387 698 5440 6
756 5383 1091 5467 Μελχισεδὲκ
1157 5388 1314 5463 ἡμῶν
1383 5387 1713 5467 ἀγνοούντων
1758 5387 1823 5442 τὰ
1877 5387 1994 5445 κατ’

345 5477 526 5550 αὒτὸν,
577 5483 741 5533 ταῦτα
773 5476 801 5531 6
868 5477 1090 5553 Χριστὸς
1149 5474 1266 5558 ἔχει
1322 5483 1390 5554 τῇ
1446 5475 1685 5550 ἀληθείᾳ,
1773 5479 1867 5534 Καὶ
1898 5479 1996 5560 γὰρ

424 5632 484 5684 ⁵³
509 5631 662 5698 Gen.
691 5649 810 5714 xxv,
848 5639 874 5694 t
911 5653 1078 5717 seqq.

2081 4942 2278 5002 omnia
2297 4938 2620 5000 conformis
2645 4937 2978 4999 estveritati
3006 4935 3319 5017 (siquidem
3345 4936 3470 5016 ipse
3496 4951 3731 5014 quoque

2079 5030 2294 5092 veritas
2347 5047 2476 5090 esse
2531 5027 2856 5101 invenitur,
2911 5032 2968 5086 et
3027 5025 3214 5104 major
3244 5023 3520 5084 identitas
3551 5042 3726 5103 quam

2078 5118 2257 5181 fuerit
2288 5118 2346 5178 in
2404 5117 2640 5196 ﬁgura),
2676 5115 2779 5177 sed
2813 5112 3104 5194 imagines
3153 5113 3434 5194 quasdam
3467 5111 3640 5174 habet
3672 5119 3728 5172 et

2079 5207 2402 5269 simulacra
2486 5203 2628 5264 Puta
2665 5222 2677 5266 :
2713 5202 3110 5266 Melchisedec
3171 5210 3413 5282 propter
3471 5209 3729 5260 nostram

2078 5295 2468 5377 ignorantiam
2486 5293 2705 5354 dicitur
2744 5311 2876 5354 esse
2909 5291 3038 5353 sine
3053 5302 3244 5371 patre,
3271 5291 3542 5353 Christus
3573 5290 3729 5351 infe-

2077 5389 2236 5449 riore
2261 5383 2558 5446 nativitate
2581 5401 2716 5443 vero
2741 5385 2868 5442 sine
2892 5390 3078 5462 patre.
3114 5381 3254 5443 Sine
3273 5387 3455 5441 matre
3477 5379 3730 5443 Melelii-

2078 5475 2280 5552 sedec,
2315 5472 2444 5535 sine
2495 5478 2679 5534 matre
2708 5471 2976 5534 Christus
3021 5488 3277 5555 superna
3310 5469 3634 5549 nativitate,
3671 5469 3728 5534 in
