  <div class='ocr_page' id='page_1' title='image "/cluster/home/n/w/nwhite01/storage/ocr_20150623/119/hvd.32044073502494/181.png"; bbox 0 0 4152 6216; ppageno 0'>
   <div class='ocr_carea' id='block_1_1' title="bbox 436 245 554 315">
    <p class='ocr_par' dir='ltr' id='par_1_1' title="bbox 436 245 554 315">
     <span class='ocr_line' id='line_1_1' title="bbox 436 245 554 315; baseline 0.017 -2"><span class='ocrx_word' id='word_1_1' title='bbox 436 245 554 315; x_wconf 81' lang='grc'><strong>347</strong></span> 
     </span>
    </p>
   </div>
   <div class='ocr_carea' id='block_1_2' title="bbox 1551 265 2679 340">
    <p class='ocr_par' dir='ltr' id='par_1_2' title="bbox 1551 265 2679 340">
     <span class='ocr_line' id='line_1_2' title="bbox 1551 265 2679 340; baseline 0.008 -10"><span class='ocrx_word' id='word_1_2' title='bbox 1551 265 1964 332; x_wconf 78' lang='lat' dir='ltr'><strong>(ECUMENII</strong></span> <span class='ocrx_word' id='word_1_3' title='bbox 2007 266 2303 334; x_wconf 67' lang='lat' dir='ltr'><strong>TRICCzE</strong></span> <span class='ocrx_word' id='word_1_4' title='bbox 2343 274 2679 340; x_wconf 89' lang='lat' dir='ltr'><strong>EPISCOPI</strong></span> 
     </span>
    </p>
   </div>
   <div class='ocr_carea' id='block_1_3' title="bbox 3692 277 3813 347">
    <p class='ocr_par' dir='ltr' id='par_1_3' title="bbox 3692 277 3813 347">
     <span class='ocr_line' id='line_1_3' title="bbox 3692 277 3813 347; baseline 0.05 -7"><span class='ocrx_word' id='word_1_5' title='bbox 3692 277 3813 347; x_wconf 69' lang='lat'><strong>348</strong></span> 
     </span>
    </p>
   </div>
   <div class='ocr_carea' id='block_1_4' title="bbox 438 389 2073 493">
    <p class='ocr_par' dir='ltr' id='par_1_4' title="bbox 438 389 2073 493">
     <span class='ocr_line' id='line_1_4' title="bbox 438 389 2073 493; baseline 0.006 -41"><span class='ocrx_word' id='word_1_6' title='bbox 438 407 557 493; x_wconf 75' lang='lat' dir='ltr'><strong>qua</strong></span> <span class='ocrx_word' id='word_1_7' title='bbox 586 408 779 472; x_wconf 88' lang='lat' dir='ltr'><strong>neque</strong></span> <span class='ocrx_word' id='word_1_8' title='bbox 797 389 1035 493; x_wconf 58' lang='lat' dir='ltr'><strong>initium</strong></span> <span class='ocrx_word' id='word_1_9' title='bbox 1065 394 1273 459; x_wconf 89' lang='lat' dir='ltr'><strong>habuit</strong></span> <span class='ocrx_word' id='word_1_10' title='bbox 1303 395 1888 493; x_wconf 56' lang='lat' dir='ltr'><strong>dierum:Q_uomodo</strong></span> <span class='ocrx_word' id='word_1_11' title='bbox 1921 401 2073 464; x_wconf 91' lang='lat' dir='ltr'><strong>enim</strong></span> 
     </span>
    </p>
   </div>
   <div class='ocr_carea' id='block_1_5' title="bbox 2158 389 3812 493">
    <p class='ocr_par' dir='ltr' id='par_1_5' title="bbox 2166 405 3812 493">
     <span class='ocr_line' id='line_1_5' title="bbox 2166 405 3812 493; baseline 0.004 -32"><span class='ocrx_word' id='word_1_12' title='bbox 2166 405 2409 480; x_wconf 80' lang='grc' dir='ltr'>βασιλεὺς</span> <span class='ocrx_word' id='word_1_13' title='bbox 2492 409 2702 488; x_wconf 79' lang='grc' dir='ltr'>εἰρήνης</span> <span class='ocrx_word' id='word_1_14' title='bbox 2785 413 2871 468; x_wconf 85' lang='grc' dir='ltr'><strong>καὶ</strong></span> <span class='ocrx_word' id='word_1_15' title='bbox 2952 410 3284 481; x_wconf 72' lang='grc' dir='ltr'><strong>δικαιοσύνης</strong></span> <span class='ocrx_word' id='word_1_16' title='bbox 3368 416 3397 471; x_wconf 80' lang='grc' dir='ltr'><strong>ὁ</strong></span> <span class='ocrx_word' id='word_1_17' title='bbox 3478 410 3812 493; x_wconf 64' lang='grc' dir='ltr'>Μελχισεδὲκ</span> 
     </span>
    </p>
   </div>
   <div class='ocr_carea' id='block_1_6' title="bbox 440 478 2087 569">
    <p class='ocr_par' dir='ltr' id='par_1_6' title="bbox 440 478 2087 569">
     <span class='ocr_line' id='line_1_6' title="bbox 440 478 2087 569; baseline 0.008 -28"><span class='ocrx_word' id='word_1_18' title='bbox 440 478 689 569; x_wconf 86' lang='lat' dir='ltr'><strong>haberet</strong></span> <span class='ocrx_word' id='word_1_19' title='bbox 713 480 814 564; x_wconf 88' lang='lat' dir='ltr'><strong>qui</strong></span> <span class='ocrx_word' id='word_1_20' title='bbox 842 482 1029 545; x_wconf 89' lang='lat' dir='ltr'><strong>factor</strong></span> <span class='ocrx_word' id='word_1_21' title='bbox 1057 493 1149 548; x_wconf 88' lang='lat' dir='ltr'><strong>est</strong></span> <span class='ocrx_word' id='word_1_22' title='bbox 1183 494 1514 569; x_wconf 81' lang='lat' dir='ltr'><strong>temporum</strong></span> <span class='ocrx_word' id='word_1_23' title='bbox 1538 488 1570 550; x_wconf 83' lang='lat'><strong>?</strong></span> <span class='ocrx_word' id='word_1_24' title='bbox 1601 490 1678 554; x_wconf 88' lang='lat' dir='ltr'><strong>Et</strong></span> <span class='ocrx_word' id='word_1_25' title='bbox 1706 490 1787 553; x_wconf 91' lang='lat' dir='ltr'><strong>ita</strong></span> <span class='ocrx_word' id='word_1_26' title='bbox 1809 493 2087 553; x_wconf 89' lang='lat' dir='ltr'><strong>universa</strong></span> 
     </span>
    </p>
   </div>
   <div class='ocr_carea' id='block_1_7' title="bbox 439 568 2083 659">
    <p class='ocr_par' dir='ltr' id='par_1_7' title="bbox 439 568 2083 659">
     <span class='ocr_line' id='line_1_7' title="bbox 439 568 2083 659; baseline 0.007 -30"><span class='ocrx_word' id='word_1_27' title='bbox 439 587 568 649; x_wconf 71' lang='lat' dir='ltr'><strong>quae</strong></span> <span class='ocrx_word' id='word_1_28' title='bbox 598 568 879 633; x_wconf 86' lang='lat' dir='ltr'><strong>habuisse</strong></span> <span class='ocrx_word' id='word_1_29' title='bbox 910 570 1129 635; x_wconf 91' lang='lat' dir='ltr'><strong>dicitur</strong></span> <span class='ocrx_word' id='word_1_30' title='bbox 1156 568 1555 641; x_wconf 79' lang='lat' dir='ltr'><strong>Melchisedec</strong></span> <span class='ocrx_word' id='word_1_31' title='bbox 1578 596 1649 641; x_wconf 88' lang='lat' dir='ltr'><strong>eo</strong></span> <span class='ocrx_word' id='word_1_32' title='bbox 1669 577 1824 659; x_wconf 91' lang='lat' dir='ltr'><strong>quod</strong></span> <span class='ocrx_word' id='word_1_33' title='bbox 1846 577 2083 658; x_wconf 83' lang='lat' dir='ltr'><strong>ignore-</strong></span> 
     </span>
    </p>
   </div>
   <div class='ocr_carea' id='block_1_8' title="bbox 439 660 2080 742">
    <p class='ocr_par' dir='ltr' id='par_1_8' title="bbox 439 660 2080 742">
     <span class='ocr_line' id='line_1_8' title="bbox 439 660 2080 742; baseline 0.006 -24"><span class='ocrx_word' id='word_1_34' title='bbox 439 676 571 720; x_wconf 85' lang='lat' dir='ltr'><strong>mus</strong></span> <span class='ocrx_word' id='word_1_35' title='bbox 600 677 732 739; x_wconf 66' lang='lat' dir='ltr'><strong>qua:</strong></span> <span class='ocrx_word' id='word_1_36' title='bbox 781 660 939 721; x_wconf 91' lang='lat' dir='ltr'><strong>circa</strong></span> <span class='ocrx_word' id='word_1_37' title='bbox 985 660 1185 742; x_wconf 92' lang='lat' dir='ltr'><strong>ipsum</strong></span> <span class='ocrx_word' id='word_1_38' title='bbox 1246 664 1506 741; x_wconf 80' lang='lat' dir='ltr'><strong>fuerunt,</strong></span> <span class='ocrx_word' id='word_1_39' title='bbox 1562 666 1693 730; x_wconf 69' lang='lat' dir='ltr'><strong>haec</strong></span> <span class='ocrx_word' id='word_1_40' title='bbox 1724 667 1991 731; x_wconf 79' lang='lat' dir='ltr'><strong>Christus</strong></span> <span class='ocrx_word' id='word_1_41' title='bbox 2019 666 2080 728; x_wconf 91' lang='lat' dir='ltr'><strong>in</strong></span> 
     </span>
    </p>
   </div>
   <div class='ocr_carea' id='block_1_9' title="bbox 439 746 2081 833">
    <p class='ocr_par' dir='ltr' id='par_1_9' title="bbox 439 746 2081 833">
     <span class='ocr_line' id='line_1_9' title="bbox 439 746 2081 833; baseline 0.009 -29"><span class='ocrx_word' id='word_1_42' title='bbox 439 746 686 809; x_wconf 89' lang='lat' dir='ltr'><strong>veritate</strong></span> <span class='ocrx_word' id='word_1_43' title='bbox 742 747 969 810; x_wconf 88' lang='lat' dir='ltr'><strong>habuit.</strong></span> <span class='ocrx_word' id='word_1_44' title='bbox 1025 749 1330 833; x_wconf 90' lang='lat' dir='ltr'><strong>Siquidem</strong></span> <span class='ocrx_word' id='word_1_45' title='bbox 1392 756 1784 820; x_wconf 82' lang='lat' dir='ltr'><strong>Melchisedec</strong></span> <span class='ocrx_word' id='word_1_46' title='bbox 1814 775 1917 819; x_wconf 83' lang='lat' dir='ltr'><strong>rex</strong></span> <span class='ocrx_word' id='word_1_47' title='bbox 1969 756 2081 819; x_wconf 85' lang='lat' dir='ltr'><strong>fuit</strong></span> 
     </span>
    </p>
   </div>
   <div class='ocr_carea' id='block_1_10' title="bbox 440 835 2085 924">
    <p class='ocr_par' dir='ltr' id='par_1_10' title="bbox 440 835 2085 924">
     <span class='ocr_line' id='line_1_10' title="bbox 440 835 2085 924; baseline 0.008 -29"><span class='ocrx_word' id='word_1_48' title='bbox 440 835 602 916; x_wconf 86' lang='lat' dir='ltr'><strong>pacis</strong></span> <span class='ocrx_word' id='word_1_49' title='bbox 625 844 682 898; x_wconf 92' lang='lat' dir='ltr'><strong>et</strong></span> <span class='ocrx_word' id='word_1_50' title='bbox 686 837 932 917; x_wconf 71' lang='lat' dir='ltr'><strong>justitize</strong></span> <span class='ocrx_word' id='word_1_51' title='bbox 947 841 1121 903; x_wconf 91' lang='lat' dir='ltr'><strong>nudis</strong></span> <span class='ocrx_word' id='word_1_52' title='bbox 1140 840 1423 906; x_wconf 77' lang='lat' dir='ltr'><strong>duntaxat</strong></span> <span class='ocrx_word' id='word_1_53' title='bbox 1442 843 2085 924; x_wconf 83' lang='lat' dir='ltr'><strong>nominibus,Christus</strong></span> 
     </span>
    </p>
   </div>
   <div class='ocr_carea' id='block_1_11' title="bbox 441 924 2084 1015">
    <p class='ocr_par' dir='ltr' id='par_1_11' title="bbox 441 924 2084 1015">
     <span class='ocr_line' id='line_1_11' title="bbox 441 924 2084 1015; baseline 0.009 -33"><span class='ocrx_word' id='word_1_54' title='bbox 441 941 578 986; x_wconf 87' lang='lat' dir='ltr'><strong>vero</strong></span> <span class='ocrx_word' id='word_1_55' title='bbox 606 924 734 1007; x_wconf 91' lang='lat' dir='ltr'><strong>ipsa</strong></span> <span class='ocrx_word' id='word_1_56' title='bbox 791 926 1060 992; x_wconf 84' lang='lat' dir='ltr'><strong>veritate.</strong></span> <span class='ocrx_word' id='word_1_57' title='bbox 1114 954 1141 986; x_wconf 73' lang='grc' dir='ltr'><strong>α</strong></span> <span class='ocrx_word' id='word_1_58' title='bbox 1176 930 1316 993; x_wconf 90' lang='lat' dir='ltr'><strong>Sine</strong></span> <span class='ocrx_word' id='word_1_59' title='bbox 1339 933 1703 1013; x_wconf 81' lang='lat' dir='ltr'><strong>genealogia.</strong></span> <span class='ocrx_word' id='word_1_60' title='bbox 1741 958 1769 991; x_wconf 70' lang='grc' dir='ltr'><strong>ι</strong></span> <span class='ocrx_word' id='word_1_61' title='bbox 1805 933 1948 998; x_wconf 89' lang='lat' dir='ltr'><strong>Sine</strong></span> <span class='ocrx_word' id='word_1_62' title='bbox 1978 953 2084 1015; x_wconf 83' lang='lat' dir='ltr'><strong>ge-</strong></span> 
     </span>
    </p>
   </div>
   <div class='ocr_carea' id='block_1_12' title="bbox 443 1015 2085 1107">
    <p class='ocr_par' dir='ltr' id='par_1_12' title="bbox 443 1015 2085 1107">
     <span class='ocr_line' id='line_1_12' title="bbox 443 1015 2085 1107; baseline 0.006 -31"><span class='ocrx_word' id='word_1_63' title='bbox 443 1015 914 1107; x_wconf 80' lang='lat' dir='ltr'><strong>nealogiafuisse</strong></span> <span class='ocrx_word' id='word_1_64' title='bbox 956 1017 1173 1081; x_wconf 91' lang='lat' dir='ltr'><strong>dicitur</strong></span> <span class='ocrx_word' id='word_1_65' title='bbox 1200 1022 1620 1098; x_wconf 88' lang='lat' dir='ltr'><strong>Melchisedec,</strong></span> <span class='ocrx_word' id='word_1_66' title='bbox 1645 1023 1785 1085; x_wconf 74' lang='lat'><strong>565</strong></span> <span class='ocrx_word' id='word_1_67' title='bbox 1826 1043 1895 1087; x_wconf 92' lang='lat' dir='ltr'><strong>eo</strong></span> <span class='ocrx_word' id='word_1_68' title='bbox 1925 1023 2085 1107; x_wconf 91' lang='lat' dir='ltr'><strong>quod</strong></span> 
     </span>
    </p>
   </div>
   <div class='ocr_carea' id='block_1_13' title="bbox 439 1106 2085 1193">
    <p class='ocr_par' dir='ltr' id='par_1_13' title="bbox 439 1106 2085 1193">
     <span class='ocr_line' id='line_1_13' title="bbox 439 1106 2085 1193; baseline 0.007 -28"><span class='ocrx_word' id='word_1_69' title='bbox 439 1124 558 1165; x_wconf 90' lang='lat' dir='ltr'><strong>non</strong></span> <span class='ocrx_word' id='word_1_70' title='bbox 582 1106 758 1167; x_wconf 80' lang='lat' dir='ltr'><strong>fuerit</strong></span> <span class='ocrx_word' id='word_1_71' title='bbox 780 1124 852 1168; x_wconf 89' lang='lat' dir='ltr'><strong>ex</strong></span> <span class='ocrx_word' id='word_1_72' title='bbox 870 1107 1099 1169; x_wconf 90' lang='lat' dir='ltr'><strong>semine</strong></span> <span class='ocrx_word' id='word_1_73' title='bbox 1116 1107 1638 1193; x_wconf 78' lang='lat' dir='ltr'><strong>Abreham,neque</strong></span> <span class='ocrx_word' id='word_1_74' title='bbox 1656 1132 1689 1175; x_wconf 86' lang='lat' dir='ltr'><strong>a</strong></span> <span class='ocrx_word' id='word_1_75' title='bbox 1719 1113 1875 1176; x_wconf 84' lang='lat' dir='ltr'><strong>Mose</strong></span> <span class='ocrx_word' id='word_1_76' title='bbox 1896 1106 2085 1192; x_wconf 85' lang='lat' dir='ltr'><strong>genus</strong></span> 
     </span>
    </p>
   </div>
   <div class='ocr_carea' id='block_1_14' title="bbox 438 1194 2082 1276">
    <p class='ocr_par' dir='ltr' id='par_1_14' title="bbox 438 1194 2082 1276">
     <span class='ocr_line' id='line_1_14' title="bbox 438 1194 2082 1276; baseline 0.004 -20"><span class='ocrx_word' id='word_1_77' title='bbox 438 1194 757 1276; x_wconf 87' lang='lat' dir='ltr'><strong>acceperit,</strong></span> <span class='ocrx_word' id='word_1_78' title='bbox 793 1195 896 1257; x_wconf 89' lang='lat' dir='ltr'><strong>sed</strong></span> <span class='ocrx_word' id='word_1_79' title='bbox 930 1214 962 1257; x_wconf 89' lang='lat' dir='ltr'><strong>a</strong></span> <span class='ocrx_word' id='word_1_80' title='bbox 993 1196 1362 1264; x_wconf 66' lang='lat' dir='ltr'><strong>Chananazis.</strong></span> <span class='ocrx_word' id='word_1_81' title='bbox 1422 1208 1480 1260; x_wconf 92' lang='lat' dir='ltr'><strong>et</strong></span> <span class='ocrx_word' id='word_1_82' title='bbox 1507 1201 1579 1262; x_wconf 89' lang='lat' dir='ltr'><strong>ab</strong></span> <span class='ocrx_word' id='word_1_83' title='bbox 1620 1202 1950 1265; x_wconf 85' lang='lat' dir='ltr'><strong>execrando</strong></span> <span class='ocrx_word' id='word_1_84' title='bbox 1981 1202 2082 1264; x_wconf 89' lang='lat' dir='ltr'><strong>illo</strong></span> 
     </span>
    </p>
   </div>
   <div class='ocr_carea' id='block_1_15' title="bbox 2168 493 3805 584">
    <p class='ocr_par' dir='ltr' id='par_1_15' title="bbox 2168 493 3805 584">
     <span class='ocr_line' id='line_1_15' title="bbox 2168 493 3805 584; baseline 0.009 -35"><span class='ocrx_word' id='word_1_85' title='bbox 2168 493 2296 584; x_wconf 68' lang='grc' dir='ltr'>ἄχρι</span> <span class='ocrx_word' id='word_1_86' title='bbox 2366 495 2537 571; x_wconf 82' lang='grc' dir='ltr'>ψιλῶν</span> <span class='ocrx_word' id='word_1_87' title='bbox 2594 499 2892 576; x_wconf 80' lang='grc' dir='ltr'><strong>ὀνομάτων,</strong></span> <span class='ocrx_word' id='word_1_88' title='bbox 2954 504 2983 558; x_wconf 98' lang='lat'><strong>6</strong></span> <span class='ocrx_word' id='word_1_89' title='bbox 3038 500 3093 559; x_wconf 77' lang='grc' dir='ltr'>δὲ</span> <span class='ocrx_word' id='word_1_90' title='bbox 3149 503 3370 584; x_wconf 76' lang='grc' dir='ltr'>Χριστὸς</span> <span class='ocrx_word' id='word_1_91' title='bbox 3441 509 3511 579; x_wconf 79' lang='grc' dir='ltr'>τῇ</span> <span class='ocrx_word' id='word_1_92' title='bbox 3565 500 3805 574; x_wconf 77' lang='grc' dir='ltr'><strong>ἀληθείᾳ.</strong></span> 
     </span>
    </p>
   </div>
   <div class='ocr_carea' id='block_1_16' title="bbox 2171 579 3804 671">
    <p class='ocr_par' dir='ltr' id='par_1_16' title="bbox 2171 579 3804 671">
     <span class='ocr_line' id='line_1_16' title="bbox 2171 579 3804 671; baseline 0.005 -33"><span class='ocrx_word' id='word_1_93' title='bbox 2171 604 2200 638; x_wconf 74' lang='grc' dir='ltr'><strong>α</strong></span> <span class='ocrx_word' id='word_1_94' title='bbox 2232 579 2708 667; x_wconf 82' lang='grc' dir='ltr'>Ἀγενεαλόγητος.</span> <span class='ocrx_word' id='word_1_95' title='bbox 2748 610 2772 645; x_wconf 79' lang='grc' dir='ltr'>ι</span> <span class='ocrx_word' id='word_1_96' title='bbox 2827 579 3277 670; x_wconf 73' lang='grc' dir='ltr'>Ἀγενεαλόγητον</span> <span class='ocrx_word' id='word_1_97' title='bbox 3318 593 3407 649; x_wconf 82' lang='grc' dir='ltr'>τὸν</span> <span class='ocrx_word' id='word_1_98' title='bbox 3452 589 3804 671; x_wconf 75' lang='grc' dir='ltr'>Μελχισεδὲκ,</span> 
     </span>
    </p>
   </div>
   <div class='ocr_carea' id='block_1_17' title="bbox 2162 674 3807 759">
    <p class='ocr_par' dir='ltr' id='par_1_17' title="bbox 2162 674 3807 759">
     <span class='ocr_line' id='line_1_17' title="bbox 2162 674 3807 759; baseline 0.003 -31"><span class='ocrx_word' id='word_1_99' title='bbox 2162 676 2240 746; x_wconf 84' lang='grc' dir='ltr'><strong>τῷ</strong></span> <span class='ocrx_word' id='word_1_100' title='bbox 2283 674 2360 748; x_wconf 80' lang='grc' dir='ltr'>μὴ</span> <span class='ocrx_word' id='word_1_101' title='bbox 2392 689 2532 732; x_wconf 87' lang='grc' dir='ltr'>εῖναι</span> <span class='ocrx_word' id='word_1_102' title='bbox 2584 676 2679 753; x_wconf 81' lang='grc' dir='ltr'>μὲν</span> <span class='ocrx_word' id='word_1_103' title='bbox 2738 677 2799 734; x_wconf 77' lang='grc' dir='ltr'><strong>ἐκ</strong></span> <span class='ocrx_word' id='word_1_104' title='bbox 2848 688 2940 738; x_wconf 78' lang='grc' dir='ltr'>τοῦ</span> <span class='ocrx_word' id='word_1_105' title='bbox 2993 678 3293 759; x_wconf 87' lang='grc' dir='ltr'>σπέρματος</span> <span class='ocrx_word' id='word_1_106' title='bbox 3349 677 3612 759; x_wconf 78' lang='grc' dir='ltr'>Ἀϐραὰμ,</span> <span class='ocrx_word' id='word_1_107' title='bbox 3670 674 3807 754; x_wconf 78' lang='grc' dir='ltr'>μηδὲ</span> 
     </span>
    </p>
   </div>
   <div class='ocr_carea' id='block_1_18' title="bbox 2160 760 3810 848">
    <p class='ocr_par' dir='ltr' id='par_1_18' title="bbox 2160 760 3810 848">
     <span class='ocr_line' id='line_1_18' title="bbox 2160 760 3810 848; baseline 0.002 -31"><span class='ocrx_word' id='word_1_108' title='bbox 2160 760 2263 817; x_wconf 74' lang='grc' dir='ltr'>ὑπὸ</span> <span class='ocrx_word' id='word_1_109' title='bbox 2334 763 2569 829; x_wconf 75' lang='grc' dir='ltr'>Μωσέως</span> <span class='ocrx_word' id='word_1_110' title='bbox 2663 764 3114 848; x_wconf 87' lang='grc' dir='ltr'>γενεαλογεῖσθαι,</span> <span class='ocrx_word' id='word_1_111' title='bbox 3197 770 3337 826; x_wconf 80' lang='grc' dir='ltr'>εἶναι</span> <span class='ocrx_word' id='word_1_112' title='bbox 3392 767 3448 825; x_wconf 75' lang='grc' dir='ltr'>δὲ</span> <span class='ocrx_word' id='word_1_113' title='bbox 3514 777 3810 848; x_wconf 79' lang='grc' dir='ltr'>χναιναῖον</span> 
     </span>
    </p>
   </div>
   <div class='ocr_carea' id='block_1_19' title="bbox 2163 850 3805 935">
    <p class='ocr_par' dir='ltr' id='par_1_19' title="bbox 2163 850 3805 935">
     <span class='ocr_line' id='line_1_19' title="bbox 2163 850 3805 935; baseline 0.009 -29"><span class='ocrx_word' id='word_1_114' title='bbox 2163 850 2226 906; x_wconf 77' lang='grc' dir='ltr'><strong>τὸ</strong></span> <span class='ocrx_word' id='word_1_115' title='bbox 2289 852 2466 931; x_wconf 80' lang='grc' dir='ltr'>γένος,</span> <span class='ocrx_word' id='word_1_116' title='bbox 2535 856 2624 911; x_wconf 86' lang='grc' dir='ltr'><strong>καὶ</strong></span> <span class='ocrx_word' id='word_1_117' title='bbox 2681 855 2744 912; x_wconf 86' lang='grc' dir='ltr'><strong>ἐκ</strong></span> <span class='ocrx_word' id='word_1_118' title='bbox 2807 862 2906 925; x_wconf 80' lang='grc' dir='ltr'>τῆς</span> <span class='ocrx_word' id='word_1_119' title='bbox 2990 856 3250 935; x_wconf 76' lang='grc' dir='ltr'>ἐπαράτω</span> <span class='ocrx_word' id='word_1_120' title='bbox 3333 857 3536 925; x_wconf 85' lang='grc' dir='ltr'>ἐκείνης</span> <span class='ocrx_word' id='word_1_121' title='bbox 3608 861 3805 935; x_wconf 78' lang='grc' dir='ltr'><strong>σπορᾶς</strong></span> 
     </span>
    </p>
   </div>
   <div class='ocr_carea' id='block_1_20' title="bbox 2166 938 3804 1026">
    <p class='ocr_par' dir='ltr' id='par_1_20' title="bbox 2166 938 3804 1026">
     <span class='ocr_line' id='line_1_20' title="bbox 2166 938 3804 1026; baseline 0.002 -28"><span class='ocrx_word' id='word_1_122' title='bbox 2166 938 2445 1021; x_wconf 78' lang='grc' dir='ltr'><strong>ὁρμᾶσθαι.</strong></span> <span class='ocrx_word' id='word_1_123' title='bbox 2496 944 2706 1001; x_wconf 76' lang='grc' dir='ltr'>Δίκαιον</span> <span class='ocrx_word' id='word_1_124' title='bbox 2752 942 2805 1000; x_wconf 78' lang='grc' dir='ltr'>δὲ</span> <span class='ocrx_word' id='word_1_125' title='bbox 2863 946 2970 1004; x_wconf 78' lang='grc' dir='ltr'><strong>τῶν</strong></span> <span class='ocrx_word' id='word_1_126' title='bbox 3040 943 3156 1004; x_wconf 84' lang='grc' dir='ltr'>καθ’</span> <span class='ocrx_word' id='word_1_127' title='bbox 3209 948 3366 1006; x_wconf 75' lang='grc' dir='ltr'>αὐτὸν</span> <span class='ocrx_word' id='word_1_128' title='bbox 3422 945 3804 1026; x_wconf 81' lang='grc' dir='ltr'>ἀποφανθέντα,</span> 
     </span>
    </p>
   </div>
   <div class='ocr_carea' id='block_1_21' title="bbox 2166 1031 3807 1116">
    <p class='ocr_par' dir='ltr' id='par_1_21' title="bbox 2166 1031 3807 1116">
     <span class='ocr_line' id='line_1_21' title="bbox 2166 1031 3807 1116; baseline 0.004 -32"><span class='ocrx_word' id='word_1_129' title='bbox 2166 1031 2254 1087; x_wconf 86' lang='grc' dir='ltr'><strong>καὶ</strong></span> <span class='ocrx_word' id='word_1_130' title='bbox 2283 1031 2377 1088; x_wconf 69' lang='grc' dir='ltr'><strong>οὒκ</strong></span> <span class='ocrx_word' id='word_1_131' title='bbox 2405 1033 2466 1090; x_wconf 80' lang='grc' dir='ltr'><strong>ἐκ</strong></span> <span class='ocrx_word' id='word_1_132' title='bbox 2520 1033 2793 1113; x_wconf 84' lang='grc' dir='ltr'>προγόνων</span> <span class='ocrx_word' id='word_1_133' title='bbox 2849 1035 3157 1115; x_wconf 78' lang='grc' dir='ltr'>ὁρμώμενον</span> <span class='ocrx_word' id='word_1_134' title='bbox 3222 1033 3457 1116; x_wconf 88' lang='grc' dir='ltr'>δικαίων,</span> <span class='ocrx_word' id='word_1_135' title='bbox 3530 1032 3647 1091; x_wconf 76' lang='grc' dir='ltr'>οὐδὲ</span> <span class='ocrx_word' id='word_1_136' title='bbox 3702 1034 3807 1091; x_wconf 80' lang='grc' dir='ltr'>ἀπό</span> 
     </span>
    </p>
   </div>
   <div class='ocr_carea' id='block_1_22' title="bbox 2164 1119 3802 1204">
    <p class='ocr_par' dir='ltr' id='par_1_22' title="bbox 2164 1119 3802 1204">
     <span class='ocr_line' id='line_1_22' title="bbox 2164 1119 3802 1204; baseline 0.005 -30"><span class='ocrx_word' id='word_1_137' title='bbox 2164 1140 2306 1184; x_wconf 88' lang='grc' dir='ltr'>τινος</span> <span class='ocrx_word' id='word_1_138' title='bbox 2354 1119 2555 1187; x_wconf 90' lang='grc' dir='ltr'>δικαίας</span> <span class='ocrx_word' id='word_1_139' title='bbox 2642 1129 2863 1203; x_wconf 82' lang='grc' dir='ltr'>σπορᾶς.</span> <span class='ocrx_word' id='word_1_140' title='bbox 2949 1126 3022 1183; x_wconf 71' lang='grc' dir='ltr'><strong>Οὔ</strong></span> <span class='ocrx_word' id='word_1_141' title='bbox 3075 1124 3227 1198; x_wconf 84' lang='grc' dir='ltr'>θέμις</span> <span class='ocrx_word' id='word_1_142' title='bbox 3282 1126 3372 1204; x_wconf 62' lang='grc' dir='ltr'><strong>,ἦν</strong></span> <span class='ocrx_word' id='word_1_143' title='bbox 3441 1122 3802 1204; x_wconf 86' lang='grc' dir='ltr'>γενεαλογεῖν,</span> 
     </span>
    </p>
   </div>
   <div class='ocr_carea' id='block_1_23' title="bbox 2163 1201 3806 1290">
    <p class='ocr_par' dir='ltr' id='par_1_23' title="bbox 2163 1201 3806 1290">
     <span class='ocr_line' id='line_1_23' title="bbox 2163 1201 3806 1290; baseline 0.003 -27"><span class='ocrx_word' id='word_1_144' title='bbox 2163 1209 2253 1264; x_wconf 81' lang='grc' dir='ltr'>τὸν</span> <span class='ocrx_word' id='word_1_145' title='bbox 2282 1210 2354 1276; x_wconf 75' lang='grc' dir='ltr'>εἷς</span> <span class='ocrx_word' id='word_1_146' title='bbox 2384 1209 2540 1290; x_wconf 76' lang='grc' dir='ltr'>ἄκρον</span> <span class='ocrx_word' id='word_1_147' title='bbox 2595 1201 2929 1281; x_wconf 76' lang='grc' dir='ltr'>δικαιοσύνης</span> <span class='ocrx_word' id='word_1_148' title='bbox 2985 1214 3219 1275; x_wconf 82' lang='grc' dir='ltr'>νεύοντα.</span> <span class='ocrx_word' id='word_1_149' title='bbox 3283 1201 3442 1271; x_wconf 70' lang='grc' dir='ltr'>’⁸οντι</span> <span class='ocrx_word' id='word_1_150' title='bbox 3511 1211 3566 1268; x_wconf 77' lang='grc' dir='ltr'>δὲ</span> <span class='ocrx_word' id='word_1_151' title='bbox 3625 1219 3806 1268; x_wconf 81' lang='grc' dir='ltr'>Χανα-</span> 
     </span>
    </p>
   </div>
   <div class='ocr_carea' id='block_1_24' title="bbox 443 1288 2073 1382">
    <p class='ocr_par' dir='ltr' id='par_1_24' title="bbox 443 1288 2073 1377">
     <span class='ocr_line' id='line_1_24' title="bbox 443 1288 2073 1377; baseline 0.006 -28"><span class='ocrx_word' id='word_1_152' title='bbox 443 1288 674 1350; x_wconf 89' lang='lat' dir='ltr'><strong>semine</strong></span> <span class='ocrx_word' id='word_1_153' title='bbox 694 1288 983 1370; x_wconf 82' lang='lat' dir='ltr'><strong>prodierit</strong></span> <span class='ocrx_word' id='word_1_154' title='bbox 1011 1307 1023 1350; x_wconf 93' lang='lat'>:</span> <span class='ocrx_word' id='word_1_155' title='bbox 1045 1290 1449 1369; x_wconf 89' lang='lat' dir='ltr'><strong>justustamen</strong></span> <span class='ocrx_word' id='word_1_156' title='bbox 1475 1292 1596 1355; x_wconf 90' lang='lat' dir='ltr'><strong>snis</strong></span> <span class='ocrx_word' id='word_1_157' title='bbox 1617 1294 1897 1375; x_wconf 89' lang='lat' dir='ltr'><strong>operibus</strong></span> <span class='ocrx_word' id='word_1_158' title='bbox 1911 1314 2073 1377; x_wconf 87' lang='lat' dir='ltr'><strong>appa-</strong></span> 
     </span>
    </p>
   </div>
   <div class='ocr_carea' id='block_1_25' title="bbox 2158 1288 3807 1382">
    <p class='ocr_par' dir='ltr' id='par_1_25' title="bbox 2166 1288 3807 1382">
     <span class='ocr_line' id='line_1_25' title="bbox 2166 1288 3807 1382; baseline 0.001 -28"><span class='ocrx_word' id='word_1_159' title='bbox 2166 1311 2317 1362; x_wconf 87' lang='grc' dir='ltr'>ναῖος</span> <span class='ocrx_word' id='word_1_160' title='bbox 2364 1288 2462 1367; x_wconf 32' lang='grc' dir='ltr'>ἧν-</span> <span class='ocrx_word' id='word_1_161' title='bbox 2505 1300 2566 1356; x_wconf 80' lang='grc' dir='ltr'><strong>το</strong></span> <span class='ocrx_word' id='word_1_162' title='bbox 2617 1299 2770 1379; x_wconf 89' lang='grc' dir='ltr'>γένος</span> <span class='ocrx_word' id='word_1_163' title='bbox 2839 1303 2867 1358; x_wconf 92' lang='lat'><strong>6</strong></span> <span class='ocrx_word' id='word_1_164' title='bbox 2937 1299 3294 1382; x_wconf 81' lang='grc' dir='ltr'>Μελχισεδὲκ,</span> <span class='ocrx_word' id='word_1_165' title='bbox 3365 1300 3648 1364; x_wconf 85' lang='grc' dir='ltr'>δείκνυται,</span> <span class='ocrx_word' id='word_1_166' title='bbox 3710 1301 3807 1359; x_wconf 82' lang='grc' dir='ltr'>Καὶ</span> 
     </span>
    </p>
   </div>
   <div class='ocr_carea' id='block_1_26' title="bbox 439 1377 2073 1470">
    <p class='ocr_par' dir='ltr' id='par_1_26' title="bbox 439 1377 2073 1470">
     <span class='ocr_line' id='line_1_26' title="bbox 439 1377 2073 1470; baseline 0.004 -31"><span class='ocrx_word' id='word_1_167' title='bbox 439 1377 645 1460; x_wconf 83' lang='lat' dir='ltr'><strong>ruerit,</strong></span> <span class='ocrx_word' id='word_1_168' title='bbox 681 1397 816 1470; x_wconf 81' lang='lat' dir='ltr'><strong>cum</strong></span> <span class='ocrx_word' id='word_1_169' title='bbox 841 1396 872 1439; x_wconf 89' lang='lat' dir='ltr'><strong>a</strong></span> <span class='ocrx_word' id='word_1_170' title='bbox 884 1378 1061 1458; x_wconf 91' lang='lat' dir='ltr'><strong>justis</strong></span> <span class='ocrx_word' id='word_1_171' title='bbox 1083 1381 1557 1460; x_wconf 83' lang='lat' dir='ltr'><strong>progenitoribus</strong></span> <span class='ocrx_word' id='word_1_172' title='bbox 1577 1393 1740 1446; x_wconf 91' lang='lat' dir='ltr'><strong>ortus</strong></span> <span class='ocrx_word' id='word_1_173' title='bbox 1765 1404 1883 1446; x_wconf 92' lang='lat' dir='ltr'><strong>non</strong></span> <span class='ocrx_word' id='word_1_174' title='bbox 1900 1393 2073 1461; x_wconf 78' lang='lat' dir='ltr'><strong>esset,</strong></span> 
     </span>
    </p>
   </div>
   <div class='ocr_carea' id='block_1_27' title="bbox 2158 1377 3807 1470">
    <p class='ocr_par' dir='ltr' id='par_1_27' title="bbox 2166 1377 3807 1470">
     <span class='ocr_line' id='line_1_27' title="bbox 2166 1377 3807 1470; baseline 0.001 -27"><span class='ocrx_word' id='word_1_175' title='bbox 2166 1385 2274 1443; x_wconf 76' lang='grc' dir='ltr'>ἔστι</span> <span class='ocrx_word' id='word_1_176' title='bbox 2344 1386 2408 1458; x_wconf 80' lang='grc' dir='ltr'><strong>δή</strong></span> <span class='ocrx_word' id='word_1_177' title='bbox 2478 1412 2581 1446; x_wconf 91' lang='grc' dir='ltr'><strong>που</strong></span> <span class='ocrx_word' id='word_1_178' title='bbox 2634 1377 3019 1470; x_wconf 62' lang='grc' dir='ltr'>τεκμήρασθαι</span> <span class='ocrx_word' id='word_1_179' title='bbox 3057 1377 3179 1447; x_wconf 54' lang='lat' dir='ltr'><strong>&quot;xui</strong></span> <span class='ocrx_word' id='word_1_180' title='bbox 3218 1390 3313 1448; x_wconf 78' lang='grc' dir='ltr'><strong>ἀπ’</strong></span> <span class='ocrx_word' id='word_1_181' title='bbox 3370 1392 3537 1449; x_wconf 72' lang='grc' dir='ltr'>αὐτῶν</span> <span class='ocrx_word' id='word_1_182' title='bbox 3595 1389 3807 1446; x_wconf 76' lang='grc' dir='ltr'>ἐκείνων</span> 
     </span>
    </p>
   </div>
   <div class='ocr_carea' id='block_1_28' title="bbox 439 1466 2073 1557">
    <p class='ocr_par' dir='ltr' id='par_1_28' title="bbox 439 1466 2073 1555">
     <span class='ocr_line' id='line_1_28' title="bbox 439 1466 2073 1555; baseline 0.006 -27"><span class='ocrx_word' id='word_1_183' title='bbox 439 1486 635 1548; x_wconf 92' lang='lat' dir='ltr'><strong>neque</strong></span> <span class='ocrx_word' id='word_1_184' title='bbox 667 1466 739 1529; x_wconf 92' lang='lat' dir='ltr'><strong>ab</strong></span> <span class='ocrx_word' id='word_1_185' title='bbox 800 1468 995 1548; x_wconf 86' lang='lat' dir='ltr'><strong>aliquo</strong></span> <span class='ocrx_word' id='word_1_186' title='bbox 1047 1469 1212 1549; x_wconf 88' lang='lat' dir='ltr'><strong>justo</strong></span> <span class='ocrx_word' id='word_1_187' title='bbox 1268 1471 1519 1535; x_wconf 90' lang='lat' dir='ltr'><strong>semine.</strong></span> <span class='ocrx_word' id='word_1_188' title='bbox 1568 1472 1694 1534; x_wconf 89' lang='lat' dir='ltr'><strong>Non</strong></span> <span class='ocrx_word' id='word_1_189' title='bbox 1731 1482 1852 1534; x_wconf 89' lang='lat' dir='ltr'><strong>erat</strong></span> <span class='ocrx_word' id='word_1_190' title='bbox 1882 1474 2073 1555; x_wconf 82' lang='lat' dir='ltr'><strong>itaque</strong></span> 
     </span>
    </p>
   </div>
   <div class='ocr_carea' id='block_1_29' title="bbox 2158 1466 3802 1557">
    <p class='ocr_par' dir='ltr' id='par_1_29' title="bbox 2163 1466 3802 1557">
     <span class='ocr_line' id='line_1_29' title="bbox 2163 1466 3802 1557; baseline 0 -24"><span class='ocrx_word' id='word_1_191' title='bbox 2163 1475 2237 1533; x_wconf 80' lang='grc' dir='ltr'>ὧν</span> <span class='ocrx_word' id='word_1_192' title='bbox 2266 1476 2470 1557; x_wconf 84' lang='grc' dir='ltr'>ἐκράτει</span> <span class='ocrx_word' id='word_1_193' title='bbox 2526 1478 2613 1535; x_wconf 80' lang='grc' dir='ltr'>καὶ</span> <span class='ocrx_word' id='word_1_194' title='bbox 2668 1466 2933 1535; x_wconf 83' lang='grc' dir='ltr'>ἐϐασίλευε</span> <span class='ocrx_word' id='word_1_195' title='bbox 2984 1477 3279 1555; x_wconf 80' lang='grc' dir='ltr'>κλιμάτων,</span> <span class='ocrx_word' id='word_1_196' title='bbox 3338 1481 3427 1536; x_wconf 88' lang='grc' dir='ltr'><strong>καὶ</strong></span> <span class='ocrx_word' id='word_1_197' title='bbox 3481 1483 3567 1543; x_wconf 82' lang='grc' dir='ltr'>οἷς</span> <span class='ocrx_word' id='word_1_198' title='bbox 3626 1475 3802 1545; x_wconf 86' lang='grc' dir='ltr'>ἐπλη-</span> 
     </span>
    </p>
   </div>
   <div class='ocr_carea' id='block_1_30' title="bbox 436 1557 2073 1664">
    <p class='ocr_par' dir='ltr' id='par_1_30' title="bbox 436 1557 2073 1664">
     <span class='ocr_line' id='line_1_30' title="bbox 436 1557 2073 1664; baseline 0.005 -46"><span class='ocrx_word' id='word_1_199' title='bbox 436 1557 522 1620; x_wconf 83' lang='lat' dir='ltr'><strong>fas</strong></span> <span class='ocrx_word' id='word_1_200' title='bbox 552 1559 1103 1661; x_wconf 32' lang='lat' dir='ltr'><strong>ejusogenealogiarn</strong></span> <span class='ocrx_word' id='word_1_201' title='bbox 1121 1572 1418 1664; x_wconf 42' lang='lat' dir='ltr'><strong>relegere,</strong></span> <span class='ocrx_word' id='word_1_202' title='bbox 1447 1564 1548 1644; x_wconf 90' lang='lat' dir='ltr'><strong>qui</strong></span> <span class='ocrx_word' id='word_1_203' title='bbox 1571 1565 1683 1626; x_wconf 91' lang='lat' dir='ltr'><strong>hoc</strong></span> <span class='ocrx_word' id='word_1_204' title='bbox 1710 1565 1884 1627; x_wconf 93' lang='lat' dir='ltr'><strong>modo</strong></span> <span class='ocrx_word' id='word_1_205' title='bbox 1899 1565 2073 1645; x_wconf 75' lang='lat' dir='ltr'><strong>justi-</strong></span> 
     </span>
    </p>
   </div>
   <div class='ocr_carea' id='block_1_31' title="bbox 2158 1557 3802 1664">
    <p class='ocr_par' dir='ltr' id='par_1_31' title="bbox 2163 1565 3802 1664">
     <span class='ocr_line' id='line_1_31' title="bbox 2163 1565 3802 1664; baseline 0.005 -45"><span class='ocrx_word' id='word_1_206' title='bbox 2163 1565 2327 1664; x_wconf 70' lang='grc' dir='ltr'>σίαζε.</span> <span class='ocrx_word' id='word_1_207' title='bbox 2387 1566 2581 1622; x_wconf 89' lang='grc' dir='ltr'>Γείτων</span> <span class='ocrx_word' id='word_1_208' title='bbox 2649 1567 2747 1641; x_wconf 75' lang='grc' dir='ltr'>μὲν</span> <span class='ocrx_word' id='word_1_209' title='bbox 2788 1568 2888 1646; x_wconf 74' lang='grc' dir='ltr'><strong>γὰρ</strong></span> <span class='ocrx_word' id='word_1_210' title='bbox 2968 1567 3033 1636; x_wconf 79' lang='grc' dir='ltr'><strong>ἧν</strong></span> <span class='ocrx_word' id='word_1_211' title='bbox 3107 1566 3381 1645; x_wconf 79' lang='grc' dir='ltr'>Σοδόμων,</span> <span class='ocrx_word' id='word_1_212' title='bbox 3427 1566 3802 1664; x_wconf 63' lang='grc' dir='ltr'>πλησιαίτερος</span> 
     </span>
    </p>
   </div>
   <div class='ocr_carea' id='block_1_32' title="bbox 440 1648 2073 1736">
    <p class='ocr_par' dir='ltr' id='par_1_32' title="bbox 440 1648 2073 1728">
     <span class='ocr_line' id='line_1_32' title="bbox 440 1648 2073 1728; baseline 0.004 -20"><span class='ocrx_word' id='word_1_213' title='bbox 440 1648 534 1709; x_wconf 67' lang='lat' dir='ltr'><strong>tiae</strong></span> <span class='ocrx_word' id='word_1_214' title='bbox 561 1648 841 1709; x_wconf 85' lang='lat' dir='ltr'><strong>verticem</strong></span> <span class='ocrx_word' id='word_1_215' title='bbox 896 1648 1205 1728; x_wconf 84' lang='lat' dir='ltr'><strong>attigisset.</strong></span> <span class='ocrx_word' id='word_1_216' title='bbox 1240 1649 1404 1723; x_wconf 87' lang='lat' dir='ltr'><strong>Quod</strong></span> <span class='ocrx_word' id='word_1_217' title='bbox 1437 1662 1631 1714; x_wconf 89' lang='lat' dir='ltr'><strong>autem</strong></span> <span class='ocrx_word' id='word_1_218' title='bbox 1683 1653 2073 1715; x_wconf 82' lang='lat' dir='ltr'><strong>Melchisedec</strong></span> 
     </span>
    </p>
   </div>
   <div class='ocr_carea' id='block_1_33' title="bbox 2158 1648 3801 1736">
    <p class='ocr_par' dir='ltr' id='par_1_33' title="bbox 2161 1650 3801 1736">
     <span class='ocr_line' id='line_1_33' title="bbox 2161 1650 3801 1736; baseline 0.003 -28"><span class='ocrx_word' id='word_1_219' title='bbox 2161 1650 2215 1708; x_wconf 79' lang='grc' dir='ltr'>δὲ</span> <span class='ocrx_word' id='word_1_220' title='bbox 2258 1661 2335 1729; x_wconf 85' lang='grc' dir='ltr'><strong>τῷ</strong></span> <span class='ocrx_word' id='word_1_221' title='bbox 2377 1652 2618 1734; x_wconf 76' lang='grc' dir='ltr'>Ἀϐραὰμ</span> <span class='ocrx_word' id='word_1_222' title='bbox 2661 1656 2885 1713; x_wconf 72' lang='grc' dir='ltr'>οἰκοῦντι</span> <span class='ocrx_word' id='word_1_223' title='bbox 2940 1658 3070 1736; x_wconf 78' lang='grc' dir='ltr'>πρὸς</span> <span class='ocrx_word' id='word_1_224' title='bbox 3128 1663 3194 1731; x_wconf 79' lang='grc' dir='ltr'><strong>τῇ</strong></span> <span class='ocrx_word' id='word_1_225' title='bbox 3251 1654 3367 1735; x_wconf 61' lang='grc' dir='ltr'>δρυῒ</span> <span class='ocrx_word' id='word_1_226' title='bbox 3424 1663 3493 1724; x_wconf 80' lang='grc' dir='ltr'><strong>τῆ</strong></span> <span class='ocrx_word' id='word_1_227' title='bbox 3550 1652 3801 1733; x_wconf 69' lang='grc' dir='ltr'>Μαμϐρῆ.</span> 
     </span>
    </p>
   </div>
   <div class='ocr_carea' id='block_1_34' title="bbox 435 1737 2073 1824">
    <p class='ocr_par' dir='ltr' id='par_1_34' title="bbox 435 1737 2073 1817">
     <span class='ocr_line' id='line_1_34' title="bbox 435 1737 2073 1817; baseline 0.002 -18"><span class='ocrx_word' id='word_1_228' title='bbox 435 1755 655 1817; x_wconf 80' lang='lat' dir='ltr'><strong>genere</strong></span> <span class='ocrx_word' id='word_1_229' title='bbox 702 1737 1068 1801; x_wconf 70' lang='lat' dir='ltr'><strong>Chananzeus</strong></span> <span class='ocrx_word' id='word_1_230' title='bbox 1123 1737 1321 1812; x_wconf 83' lang='lat' dir='ltr'><strong>fuerit,</strong></span> <span class='ocrx_word' id='word_1_231' title='bbox 1357 1742 1706 1804; x_wconf 88' lang='lat' dir='ltr'><strong>ostenditur.</strong></span> <span class='ocrx_word' id='word_1_232' title='bbox 1745 1741 1904 1804; x_wconf 80' lang='lat' dir='ltr'><strong>Licet</strong></span> <span class='ocrx_word' id='word_1_233' title='bbox 1937 1760 2073 1804; x_wconf 86' lang='lat' dir='ltr'><strong>sane</strong></span> 
     </span>
    </p>
   </div>
   <div class='ocr_carea' id='block_1_35' title="bbox 2158 1737 3803 1824">
    <p class='ocr_par' dir='ltr' id='par_1_35' title="bbox 2164 1741 3803 1824">
     <span class='ocr_line' id='line_1_35' title="bbox 2164 1741 3803 1824; baseline 0 -25"><span class='ocrx_word' id='word_1_234' title='bbox 2164 1742 2378 1800; x_wconf 86' lang='grc' dir='ltr'>Οἴεσθαι</span> <span class='ocrx_word' id='word_1_235' title='bbox 2420 1741 2475 1799; x_wconf 74' lang='grc' dir='ltr'>δὲ</span> <span class='ocrx_word' id='word_1_236' title='bbox 2524 1744 2658 1824; x_wconf 74' lang='grc' dir='ltr'>χρὴ,</span> <span class='ocrx_word' id='word_1_237' title='bbox 2732 1743 2812 1801; x_wconf 81' lang='grc' dir='ltr'><strong>ὅτι</strong></span> <span class='ocrx_word' id='word_1_238' title='bbox 2870 1747 2957 1802; x_wconf 85' lang='grc' dir='ltr'><strong>καὶ</strong></span> <span class='ocrx_word' id='word_1_239' title='bbox 3029 1744 3223 1820; x_wconf 79' lang='grc' dir='ltr'>Σαλὴμ</span> <span class='ocrx_word' id='word_1_240' title='bbox 3294 1746 3498 1812; x_wconf 79' lang='grc' dir='ltr'>ἐκείνης</span> <span class='ocrx_word' id='word_1_241' title='bbox 3547 1743 3803 1823; x_wconf 85' lang='grc' dir='ltr'>ἐτύγχανε</span> 
     </span>
    </p>
   </div>
   <div class='ocr_carea' id='block_1_36' title="bbox 436 1824 2073 1915">
    <p class='ocr_par' dir='ltr' id='par_1_36' title="bbox 436 1826 2073 1915">
     <span class='ocr_line' id='line_1_36' title="bbox 436 1826 2073 1915; baseline 0.001 -27"><span class='ocrx_word' id='word_1_242' title='bbox 436 1826 784 1915; x_wconf 90' lang='lat' dir='ltr'><strong>conjectari,</strong></span> <span class='ocrx_word' id='word_1_243' title='bbox 820 1834 875 1888; x_wconf 92' lang='lat' dir='ltr'><strong>et</strong></span> <span class='ocrx_word' id='word_1_244' title='bbox 896 1826 968 1887; x_wconf 91' lang='lat' dir='ltr'><strong>ab</strong></span> <span class='ocrx_word' id='word_1_245' title='bbox 994 1827 1113 1888; x_wconf 90' lang='lat' dir='ltr'><strong>illis</strong></span> <span class='ocrx_word' id='word_1_246' title='bbox 1162 1827 1306 1909; x_wconf 90' lang='lat' dir='ltr'><strong>ipsis</strong></span> <span class='ocrx_word' id='word_1_247' title='bbox 1337 1828 1396 1890; x_wconf 94' lang='lat' dir='ltr'><strong>in</strong></span> <span class='ocrx_word' id='word_1_248' title='bbox 1428 1830 1643 1911; x_wconf 86' lang='lat' dir='ltr'><strong>quibus</strong></span> <span class='ocrx_word' id='word_1_249' title='bbox 1668 1830 2073 1893; x_wconf 88' lang='lat' dir='ltr'><strong>dominabatur</strong></span> 
     </span>
    </p>
   </div>
   <div class='ocr_carea' id='block_1_37' title="bbox 2158 1824 3801 1915">
    <p class='ocr_par' dir='ltr' id='par_1_37' title="bbox 2162 1824 3801 1915">
     <span class='ocr_line' id='line_1_37' title="bbox 2162 1824 3801 1915; baseline -0.001 -28"><span class='ocrx_word' id='word_1_250' title='bbox 2162 1830 2431 1907; x_wconf 74' lang='grc' dir='ltr'>βασιλεὺς,</span> <span class='ocrx_word' id='word_1_251' title='bbox 2484 1831 2513 1900; x_wconf 67' lang='grc' dir='ltr'>ἤ</span> <span class='ocrx_word' id='word_1_252' title='bbox 2566 1840 2645 1898; x_wconf 77' lang='grc' dir='ltr'><strong>τις</strong></span> <span class='ocrx_word' id='word_1_253' title='bbox 2704 1832 2844 1889; x_wconf 77' lang='grc' dir='ltr'>ἐστιν</span> <span class='ocrx_word' id='word_1_254' title='bbox 2904 1824 3269 1914; x_wconf 71' lang='grc' dir='ltr'>Ἰερουσαλήμ,</span> <span class='ocrx_word' id='word_1_255' title='bbox 3350 1858 3370 1890; x_wconf 75' lang='grc' dir='ltr'><strong>ι</strong></span> <span class='ocrx_word' id='word_1_256' title='bbox 3407 1834 3801 1915; x_wconf 76' lang='grc' dir='ltr'>Ἀφωμοιωμέ-</span> 
     </span>
    </p>
   </div>
   <div class='ocr_carea' id='block_1_38' title="bbox 433 1914 2073 2001">
    <p class='ocr_par' dir='ltr' id='par_1_38' title="bbox 433 1914 2073 2001">
     <span class='ocr_line' id='line_1_38' title="bbox 433 1914 2073 2001; baseline 0.001 -24"><span class='ocrx_word' id='word_1_257' title='bbox 433 1936 501 1977; x_wconf 93' lang='lat' dir='ltr'><strong>ac</strong></span> <span class='ocrx_word' id='word_1_258' title='bbox 531 1914 811 1995; x_wconf 72' lang='lat' dir='ltr'><strong>regnabat</strong></span> <span class='ocrx_word' id='word_1_259' title='bbox 861 1915 1227 1995; x_wconf 73' lang='lat' dir='ltr'><strong>regionibus,</strong></span> <span class='ocrx_word' id='word_1_260' title='bbox 1288 1926 1345 1979; x_wconf 88' lang='lat' dir='ltr'><strong>et</strong></span> <span class='ocrx_word' id='word_1_261' title='bbox 1400 1919 1473 1979; x_wconf 89' lang='lat' dir='ltr'><strong>ab</strong></span> <span class='ocrx_word' id='word_1_262' title='bbox 1521 1921 1607 1982; x_wconf 86' lang='lat' dir='ltr'><strong>eis</strong></span> <span class='ocrx_word' id='word_1_263' title='bbox 1637 1940 1769 2001; x_wconf 67' lang='lat' dir='ltr'><strong>quae</strong></span> <span class='ocrx_word' id='word_1_264' title='bbox 1797 1919 2073 1999; x_wconf 74' lang='lat' dir='ltr'><strong>proximae</strong></span> 
     </span>
    </p>
   </div>
   <div class='ocr_carea' id='block_1_39' title="bbox 2158 1914 3795 2001">
    <p class='ocr_par' dir='ltr' id='par_1_39' title="bbox 2162 1914 3795 2000">
     <span class='ocr_line' id='line_1_39' title="bbox 2162 1914 3795 2000; baseline 0.006 -26"><span class='ocrx_word' id='word_1_265' title='bbox 2162 1943 2250 1984; x_wconf 91' lang='grc' dir='ltr'><strong>νος</strong></span> <span class='ocrx_word' id='word_1_266' title='bbox 2280 1919 2334 1976; x_wconf 71' lang='grc' dir='ltr'>δὲ</span> <span class='ocrx_word' id='word_1_267' title='bbox 2378 1929 2452 1997; x_wconf 84' lang='grc' dir='ltr'>τῷ</span> <span class='ocrx_word' id='word_1_268' title='bbox 2506 1925 2610 1998; x_wconf 83' lang='grc' dir='ltr'><strong>Υἱῷ</strong></span> <span class='ocrx_word' id='word_1_269' title='bbox 2668 1930 2758 1979; x_wconf 79' lang='grc' dir='ltr'>τοὺ</span> <span class='ocrx_word' id='word_1_270' title='bbox 2828 1931 2980 1983; x_wconf 78' lang='grc' dir='ltr'>Θεοῦ.</span> <span class='ocrx_word' id='word_1_271' title='bbox 3032 1948 3054 1981; x_wconf 72' lang='grc' dir='ltr'><strong>ι</strong></span> <span class='ocrx_word' id='word_1_272' title='bbox 3124 1924 3219 1981; x_wconf 78' lang='grc' dir='ltr'><strong>Καὶ</strong></span> <span class='ocrx_word' id='word_1_273' title='bbox 3260 1929 3362 1980; x_wconf 82' lang='grc' dir='ltr'>ποῦ</span> <span class='ocrx_word' id='word_1_274' title='bbox 3426 1914 3795 2000; x_wconf 11' lang='grc' dir='ltr'>ἡγὸμοιότηςς</span> 
     </span>
    </p>
   </div>
   <div class='ocr_carea' id='block_1_40' title="bbox 434 2004 2073 2092">
    <p class='ocr_par' dir='ltr' id='par_1_40' title="bbox 434 2004 2073 2086">
     <span class='ocr_line' id='line_1_40' title="bbox 434 2004 2073 2086; baseline 0.001 -19"><span class='ocrx_word' id='word_1_275' title='bbox 434 2015 623 2067; x_wconf 92' lang='lat' dir='ltr'><strong>erant.</strong></span> <span class='ocrx_word' id='word_1_276' title='bbox 652 2004 959 2086; x_wconf 89' lang='lat' dir='ltr'><strong>Siquidem</strong></span> <span class='ocrx_word' id='word_1_277' title='bbox 985 2004 1213 2066; x_wconf 91' lang='lat' dir='ltr'><strong>vicinus</strong></span> <span class='ocrx_word' id='word_1_278' title='bbox 1236 2018 1356 2068; x_wconf 89' lang='lat' dir='ltr'><strong>erat</strong></span> <span class='ocrx_word' id='word_1_279' title='bbox 1380 2005 1797 2079; x_wconf 88' lang='lat' dir='ltr'><strong>Sodomorum,</strong></span> <span class='ocrx_word' id='word_1_280' title='bbox 1829 2008 2073 2070; x_wconf 87' lang='lat' dir='ltr'><strong>vicinior</strong></span> 
     </span>
    </p>
   </div>
   <div class='ocr_carea' id='block_1_41' title="bbox 2158 2004 3796 2092">
    <p class='ocr_par' dir='ltr' id='par_1_41' title="bbox 2159 2008 3796 2092">
     <span class='ocr_line' id='line_1_41' title="bbox 2159 2008 3796 2092; baseline 0 -28"><span class='ocrx_word' id='word_1_281' title='bbox 2159 2008 2239 2065; x_wconf 82' lang='grc' dir='ltr'><strong>ὅτι</strong></span> <span class='ocrx_word' id='word_1_282' title='bbox 2283 2012 2369 2067; x_wconf 86' lang='grc' dir='ltr'><strong>καὶ</strong></span> <span class='ocrx_word' id='word_1_283' title='bbox 2397 2012 2579 2069; x_wconf 79' lang='grc' dir='ltr'>τούτου</span> <span class='ocrx_word' id='word_1_284' title='bbox 2608 2013 2695 2069; x_wconf 86' lang='grc' dir='ltr'><strong>καὶ</strong></span> <span class='ocrx_word' id='word_1_285' title='bbox 2743 2014 2835 2069; x_wconf 75' lang='grc' dir='ltr'><strong>τοῦ</strong></span> <span class='ocrx_word' id='word_1_286' title='bbox 2888 2012 3130 2092; x_wconf 71' lang='grc' dir='ltr'>Χριστοῦ,</span> <span class='ocrx_word' id='word_1_287' title='bbox 3193 2013 3254 2068; x_wconf 84' lang='grc' dir='ltr'>τὸ</span> <span class='ocrx_word' id='word_1_288' title='bbox 3311 2011 3463 2076; x_wconf 77' lang='grc' dir='ltr'>τέλος</span> <span class='ocrx_word' id='word_1_289' title='bbox 3523 2012 3796 2089; x_wconf 76' lang='grc' dir='ltr'>ἀγνοεῖται</span> 
     </span>
    </p>
   </div>
   <div class='ocr_carea' id='block_1_42' title="bbox 431 2094 2070 2178">
    <p class='ocr_par' dir='ltr' id='par_1_42' title="bbox 431 2094 2070 2178">
     <span class='ocr_line' id='line_1_42' title="bbox 431 2094 2070 2178; baseline 0.001 -21"><span class='ocrx_word' id='word_1_290' title='bbox 431 2105 625 2157; x_wconf 89' lang='lat' dir='ltr'><strong>autem</strong></span> <span class='ocrx_word' id='word_1_291' title='bbox 657 2094 911 2157; x_wconf 85' lang='lat' dir='ltr'><strong>Abrahae</strong></span> <span class='ocrx_word' id='word_1_292' title='bbox 930 2095 1029 2176; x_wconf 93' lang='lat' dir='ltr'><strong>qui</strong></span> <span class='ocrx_word' id='word_1_293' title='bbox 1058 2094 1357 2159; x_wconf 82' lang='lat' dir='ltr'><strong>habitabat</strong></span> <span class='ocrx_word' id='word_1_294' title='bbox 1379 2098 1447 2159; x_wconf 90' lang='lat' dir='ltr'><strong>ad</strong></span> <span class='ocrx_word' id='word_1_295' title='bbox 1473 2117 1756 2178; x_wconf 79' lang='lat' dir='ltr'><strong>quercum</strong></span> <span class='ocrx_word' id='word_1_296' title='bbox 1784 2098 2070 2161; x_wconf 86' lang='lat' dir='ltr'><strong>Mambre.</strong></span> 
     </span>
    </p>
   </div>
   <div class='ocr_carea' id='block_1_43' title="bbox 428 2186 2069 2269">
    <p class='ocr_par' dir='ltr' id='par_1_43' title="bbox 428 2186 2069 2269">
     <span class='ocr_line' id='line_1_43' title="bbox 428 2186 2069 2269; baseline 0.001 -22"><span class='ocrx_word' id='word_1_297' title='bbox 428 2186 783 2248; x_wconf 80' lang='lat' dir='ltr'><strong>Existimare</strong></span> <span class='ocrx_word' id='word_1_298' title='bbox 799 2192 992 2246; x_wconf 90' lang='lat' dir='ltr'><strong>autem</strong></span> <span class='ocrx_word' id='word_1_299' title='bbox 1009 2194 1238 2267; x_wconf 87' lang='lat' dir='ltr'><strong>oportet</strong></span> <span class='ocrx_word' id='word_1_300' title='bbox 1260 2186 1414 2267; x_wconf 92' lang='lat' dir='ltr'><strong>quod</strong></span> <span class='ocrx_word' id='word_1_301' title='bbox 1438 2188 1597 2249; x_wconf 90' lang='lat' dir='ltr'><strong>illius</strong></span> <span class='ocrx_word' id='word_1_302' title='bbox 1618 2207 1852 2269; x_wconf 87' lang='lat' dir='ltr'><strong>quoque</strong></span> <span class='ocrx_word' id='word_1_303' title='bbox 1874 2186 2069 2250; x_wconf 89' lang='lat' dir='ltr'><strong>Salem</strong></span> 
     </span>
    </p>
   </div>
   <div class='ocr_carea' id='block_1_44' title="bbox 428 2274 2071 2355">
    <p class='ocr_par' dir='ltr' id='par_1_44' title="bbox 428 2274 2071 2355">
     <span class='ocr_line' id='line_1_44' title="bbox 428 2274 2071 2355; baseline 0 -17"><span class='ocrx_word' id='word_1_304' title='bbox 428 2295 532 2338; x_wconf 81' lang='lat' dir='ltr'><strong>rex</strong></span> <span class='ocrx_word' id='word_1_305' title='bbox 561 2282 687 2337; x_wconf 88' lang='lat' dir='ltr'><strong>erat</strong></span> <span class='ocrx_word' id='word_1_306' title='bbox 709 2293 840 2355; x_wconf 58' lang='lat' dir='ltr'><strong>qua;</strong></span> <span class='ocrx_word' id='word_1_307' title='bbox 862 2283 951 2336; x_wconf 85' lang='lat' dir='ltr'><strong>est</strong></span> <span class='ocrx_word' id='word_1_308' title='bbox 972 2275 1322 2339; x_wconf 86' lang='lat' dir='ltr'><strong>Jerusalem.</strong></span> <span class='ocrx_word' id='word_1_309' title='bbox 1355 2300 1376 2332; x_wconf 76' lang='grc' dir='ltr'><strong>ιι</strong></span> <span class='ocrx_word' id='word_1_310' title='bbox 1405 2274 1519 2338; x_wconf 89' lang='lat' dir='ltr'><strong>Sed</strong></span> <span class='ocrx_word' id='word_1_311' title='bbox 1546 2278 1903 2338; x_wconf 88' lang='lat' dir='ltr'><strong>assimilatus</strong></span> <span class='ocrx_word' id='word_1_312' title='bbox 1926 2279 2071 2340; x_wconf 89' lang='lat' dir='ltr'><strong>Filio</strong></span> 
     </span>
    </p>
   </div>
   <div class='ocr_carea' id='block_1_45' title="bbox 430 2361 2070 2448">
    <p class='ocr_par' dir='ltr' id='par_1_45' title="bbox 430 2361 2070 2448">
     <span class='ocr_line' id='line_1_45' title="bbox 430 2361 2070 2448; baseline 0.001 -20"><span class='ocrx_word' id='word_1_313' title='bbox 430 2365 557 2428; x_wconf 91' lang='lat' dir='ltr'><strong>Dei.</strong></span> <span class='ocrx_word' id='word_1_314' title='bbox 596 2391 621 2421; x_wconf 74' lang='grc' dir='ltr'><strong>υ</strong></span> <span class='ocrx_word' id='word_1_315' title='bbox 658 2361 725 2424; x_wconf 92' lang='lat' dir='ltr'><strong>In</strong></span> <span class='ocrx_word' id='word_1_316' title='bbox 747 2383 862 2445; x_wconf 94' lang='lat' dir='ltr'><strong>quo</strong></span> <span class='ocrx_word' id='word_1_317' title='bbox 896 2371 1096 2425; x_wconf 87' lang='lat' dir='ltr'><strong>autem</strong></span> <span class='ocrx_word' id='word_1_318' title='bbox 1120 2364 1548 2426; x_wconf 86' lang='lat' dir='ltr'><strong>estsimilitudo</strong></span> <span class='ocrx_word' id='word_1_319' title='bbox 1574 2364 1598 2427; x_wconf 65' lang='grc' dir='ltr'><em>ἲ</em></span> <span class='ocrx_word' id='word_1_320' title='bbox 1627 2366 1781 2447; x_wconf 89' lang='lat' dir='ltr'><strong>quod</strong></span> <span class='ocrx_word' id='word_1_321' title='bbox 1808 2375 1865 2429; x_wconf 91' lang='lat' dir='ltr'><strong>et</strong></span> <span class='ocrx_word' id='word_1_322' title='bbox 1896 2368 2070 2448; x_wconf 88' lang='lat' dir='ltr'><strong>hujus</strong></span> 
     </span>
    </p>
   </div>
   <div class='ocr_carea' id='block_1_46' title="bbox 430 2451 2073 2536">
    <p class='ocr_par' dir='ltr' id='par_1_46' title="bbox 430 2451 2073 2536">
     <span class='ocr_line' id='line_1_46' title="bbox 430 2451 2073 2536; baseline 0 -20"><span class='ocrx_word' id='word_1_323' title='bbox 430 2464 487 2516; x_wconf 90' lang='lat' dir='ltr'><strong>et</strong></span> <span class='ocrx_word' id='word_1_324' title='bbox 539 2452 758 2516; x_wconf 82' lang='lat' dir='ltr'><strong>Christi</strong></span> <span class='ocrx_word' id='word_1_325' title='bbox 817 2451 950 2513; x_wconf 90' lang='lat' dir='ltr'><strong>ﬁnis</strong></span> <span class='ocrx_word' id='word_1_326' title='bbox 997 2452 1303 2531; x_wconf 83' lang='lat' dir='ltr'><strong>ignoretur</strong></span> <span class='ocrx_word' id='word_1_327' title='bbox 1352 2461 1407 2514; x_wconf 94' lang='lat' dir='ltr'><strong>et</strong></span> <span class='ocrx_word' id='word_1_328' title='bbox 1439 2453 1673 2515; x_wconf 77' lang='lat' dir='ltr'><strong>initium</strong></span> <span class='ocrx_word' id='word_1_329' title='bbox 1705 2476 1719 2489; x_wconf 73' lang='grc' dir='ltr'><strong>ο</strong></span> <span class='ocrx_word' id='word_1_330' title='bbox 1758 2454 1861 2516; x_wconf 93' lang='lat' dir='ltr'><strong>sed</strong></span> <span class='ocrx_word' id='word_1_331' title='bbox 1895 2456 2073 2536; x_wconf 89' lang='lat' dir='ltr'><strong>hujus</strong></span> 
     </span>
    </p>
   </div>
   <div class='ocr_carea' id='block_1_47' title="bbox 430 2540 2072 2624">
    <p class='ocr_par' dir='ltr' id='par_1_47' title="bbox 430 2540 2072 2624">
     <span class='ocr_line' id='line_1_47' title="bbox 430 2540 2072 2624; baseline 0.001 -21"><span class='ocrx_word' id='word_1_332' title='bbox 430 2542 670 2624; x_wconf 89' lang='lat' dir='ltr'><strong>quidem</strong></span> <span class='ocrx_word' id='word_1_333' title='bbox 696 2559 766 2603; x_wconf 91' lang='lat' dir='ltr'><strong>eo</strong></span> <span class='ocrx_word' id='word_1_334' title='bbox 813 2540 969 2622; x_wconf 92' lang='lat' dir='ltr'><strong>quod</strong></span> <span class='ocrx_word' id='word_1_335' title='bbox 1020 2540 1238 2622; x_wconf 91' lang='lat' dir='ltr'><strong>scripta</strong></span> <span class='ocrx_word' id='word_1_336' title='bbox 1261 2560 1377 2602; x_wconf 93' lang='lat' dir='ltr'><strong>non</strong></span> <span class='ocrx_word' id='word_1_337' title='bbox 1410 2542 1548 2619; x_wconf 91' lang='lat' dir='ltr'><strong>sint,</strong></span> <span class='ocrx_word' id='word_1_338' title='bbox 1584 2543 1800 2607; x_wconf 84' lang='lat' dir='ltr'><strong>Christi</strong></span> <span class='ocrx_word' id='word_1_339' title='bbox 1832 2563 1969 2607; x_wconf 89' lang='lat' dir='ltr'><strong>vero</strong></span> <span class='ocrx_word' id='word_1_340' title='bbox 2001 2562 2072 2605; x_wconf 94' lang='lat' dir='ltr'><strong>eo</strong></span> 
     </span>
    </p>
   </div>
   <div class='ocr_carea' id='block_1_48' title="bbox 428 2629 2066 2715">
    <p class='ocr_par' dir='ltr' id='par_1_48' title="bbox 428 2629 2066 2715">
     <span class='ocr_line' id='line_1_48' title="bbox 428 2629 2066 2715; baseline -0.002 -23"><span class='ocrx_word' id='word_1_341' title='bbox 428 2631 584 2714; x_wconf 90' lang='lat' dir='ltr'><strong>quod</strong></span> <span class='ocrx_word' id='word_1_342' title='bbox 620 2650 737 2691; x_wconf 90' lang='lat' dir='ltr'><strong>non</strong></span> <span class='ocrx_word' id='word_1_343' title='bbox 760 2629 1004 2692; x_wconf 78' lang='lat' dir='ltr'><strong>fuerint.</strong></span> <span class='ocrx_word' id='word_1_344' title='bbox 1020 2633 1251 2694; x_wconf 78' lang='lat' dir='ltr'><strong>«Manet</strong></span> <span class='ocrx_word' id='word_1_345' title='bbox 1268 2631 1544 2706; x_wconf 84' lang='lat' dir='ltr'><strong>sacerdos</strong></span> <span class='ocrx_word' id='word_1_346' title='bbox 1564 2632 1621 2692; x_wconf 88' lang='lat' dir='ltr'><strong>iu</strong></span> <span class='ocrx_word' id='word_1_347' title='bbox 1655 2642 2066 2715; x_wconf 62' lang='lat' dir='ltr'><strong>perpetuum;</strong></span> 
     </span>
    </p>
   </div>
   <div class='ocr_carea' id='block_1_49' title="bbox 426 2719 2067 2803">
    <p class='ocr_par' dir='ltr' id='par_1_49' title="bbox 426 2719 2067 2803">
     <span class='ocr_line' id='line_1_49' title="bbox 426 2719 2067 2803; baseline 0.002 -20"><span class='ocrx_word' id='word_1_348' title='bbox 426 2720 510 2783; x_wconf 90' lang='lat' dir='ltr'><strong>Eo</strong></span> <span class='ocrx_word' id='word_1_349' title='bbox 547 2719 723 2780; x_wconf 85' lang='lat' dir='ltr'><strong>modo</strong></span> <span class='ocrx_word' id='word_1_350' title='bbox 785 2719 1231 2799; x_wconf 91' lang='lat' dir='ltr'><strong>perpetuitatem</strong></span> <span class='ocrx_word' id='word_1_351' title='bbox 1284 2720 1536 2800; x_wconf 88' lang='lat' dir='ltr'><strong>accipito</strong></span> <span class='ocrx_word' id='word_1_352' title='bbox 1568 2741 1685 2803; x_wconf 93' lang='lat' dir='ltr'><strong>quo</strong></span> <span class='ocrx_word' id='word_1_353' title='bbox 1718 2734 1769 2783; x_wconf 83' lang='lat' dir='ltr'><strong>et</strong></span> <span class='ocrx_word' id='word_1_354' title='bbox 1810 2730 2019 2785; x_wconf 66' lang='lat' dir='ltr'><strong>caetera</strong></span> <span class='ocrx_word' id='word_1_355' title='bbox 2052 2740 2067 2786; x_wconf 87' lang='lat'><strong>:</strong></span> 
     </span>
    </p>
   </div>
   <div class='ocr_carea' id='block_1_50' title="bbox 430 2806 2076 2891">
    <p class='ocr_par' dir='ltr' id='par_1_50' title="bbox 430 2806 2076 2891">
     <span class='ocr_line' id='line_1_50' title="bbox 430 2806 2076 2891; baseline 0.002 -20"><span class='ocrx_word' id='word_1_356' title='bbox 430 2808 711 2891; x_wconf 85' lang='lat' dir='ltr'><strong>quoniam</strong></span> <span class='ocrx_word' id='word_1_357' title='bbox 766 2806 923 2888; x_wconf 91' lang='lat' dir='ltr'><strong>quod</strong></span> <span class='ocrx_word' id='word_1_358' title='bbox 982 2806 1051 2868; x_wconf 89' lang='lat' dir='ltr'><strong>ad</strong></span> <span class='ocrx_word' id='word_1_359' title='bbox 1129 2827 1237 2869; x_wconf 91' lang='lat' dir='ltr'><strong>nos</strong></span> <span class='ocrx_word' id='word_1_360' title='bbox 1314 2809 1525 2870; x_wconf 85' lang='lat' dir='ltr'><strong>attinet</strong></span> <span class='ocrx_word' id='word_1_361' title='bbox 1582 2810 1681 2890; x_wconf 90' lang='lat' dir='ltr'><strong>qui</strong></span> <span class='ocrx_word' id='word_1_362' title='bbox 1735 2811 2076 2889; x_wconf 80' lang='lat' dir='ltr'><strong>ignoramus</strong></span> 
     </span>
    </p>
   </div>
   <div class='ocr_carea' id='block_1_51' title="bbox 430 2895 2077 2982">
    <p class='ocr_par' dir='ltr' id='par_1_51' title="bbox 430 2895 2077 2982">
     <span class='ocr_line' id='line_1_51' title="bbox 430 2895 2077 2982; baseline 0.001 -21"><span class='ocrx_word' id='word_1_363' title='bbox 430 2898 666 2981; x_wconf 90' lang='lat' dir='ltr'><strong>quando</strong></span> <span class='ocrx_word' id='word_1_364' title='bbox 692 2897 955 2959; x_wconf 92' lang='lat' dir='ltr'><strong>moriens</strong></span> <span class='ocrx_word' id='word_1_365' title='bbox 984 2895 1295 2977; x_wconf 88' lang='lat' dir='ltr'><strong>reliquerit</strong></span> <span class='ocrx_word' id='word_1_366' title='bbox 1325 2898 1745 2974; x_wconf 82' lang='lat' dir='ltr'><strong>sacerdotium,</strong></span> <span class='ocrx_word' id='word_1_367' title='bbox 1780 2900 1839 2961; x_wconf 92' lang='lat' dir='ltr'><strong>in</strong></span> <span class='ocrx_word' id='word_1_368' title='bbox 1865 2918 2077 2982; x_wconf 92' lang='lat' dir='ltr'><strong>perpe-</strong></span> 
     </span>
    </p>
   </div>
   <div class='ocr_carea' id='block_1_52' title="bbox 2158 2098 3796 2180">
    <p class='ocr_par' dir='ltr' id='par_1_52' title="bbox 2158 2098 3796 2180">
     <span class='ocr_line' id='line_1_52' title="bbox 2158 2098 3796 2180; baseline 0.001 -25"><span class='ocrx_word' id='word_1_369' title='bbox 2158 2101 2247 2155; x_wconf 86' lang='grc' dir='ltr'>καὶ</span> <span class='ocrx_word' id='word_1_370' title='bbox 2290 2101 2324 2167; x_wconf 78' lang='grc' dir='ltr'>ἡ</span> <span class='ocrx_word' id='word_1_371' title='bbox 2369 2100 2535 2180; x_wconf 78' lang='grc' dir='ltr'>ἀρχή.</span> <span class='ocrx_word' id='word_1_372' title='bbox 2590 2098 2754 2158; x_wconf 83' lang='grc' dir='ltr'><strong>Ἀλλὰ</strong></span> <span class='ocrx_word' id='word_1_373' title='bbox 2806 2102 2991 2158; x_wconf 81' lang='grc' dir='ltr'>τούτου</span> <span class='ocrx_word' id='word_1_374' title='bbox 3058 2102 3175 2174; x_wconf 75' lang='grc' dir='ltr'>μὶν,</span> <span class='ocrx_word' id='word_1_375' title='bbox 3236 2102 3378 2180; x_wconf 76' lang='grc' dir='ltr'>παρὰ</span> <span class='ocrx_word' id='word_1_376' title='bbox 3432 2102 3491 2156; x_wconf 85' lang='grc' dir='ltr'>τὸ</span> <span class='ocrx_word' id='word_1_377' title='bbox 3549 2100 3626 2175; x_wconf 78' lang='grc' dir='ltr'>μὴ</span> <span class='ocrx_word' id='word_1_378' title='bbox 3698 2119 3796 2177; x_wconf 86' lang='grc' dir='ltr'>γε·-</span> 
     </span>
    </p>
   </div>
   <div class='ocr_carea' id='block_1_53' title="bbox 2152 2185 3795 2270">
    <p class='ocr_par' dir='ltr' id='par_1_53' title="bbox 2152 2185 3795 2270">
     <span class='ocr_line' id='line_1_53' title="bbox 2152 2185 3795 2270; baseline -0.002 -25"><span class='ocrx_word' id='word_1_379' title='bbox 2152 2185 2400 2268; x_wconf 75' lang='grc' dir='ltr'>γράφθαι,</span> <span class='ocrx_word' id='word_1_380' title='bbox 2442 2195 2534 2245; x_wconf 76' lang='grc' dir='ltr'>τοῦ</span> <span class='ocrx_word' id='word_1_381' title='bbox 2563 2188 2616 2245; x_wconf 79' lang='grc' dir='ltr'>δὲ</span> <span class='ocrx_word' id='word_1_382' title='bbox 2665 2196 2910 2270; x_wconf 80' lang='grc' dir='ltr'>Χριστοῦ,</span> <span class='ocrx_word' id='word_1_383' title='bbox 2946 2190 3086 2269; x_wconf 74' lang='grc' dir='ltr'>παρὰ</span> <span class='ocrx_word' id='word_1_384' title='bbox 3114 2192 3175 2246; x_wconf 69' lang='grc' dir='ltr'>τὸ</span> <span class='ocrx_word' id='word_1_385' title='bbox 3224 2188 3300 2264; x_wconf 72' lang='grc' dir='ltr'><strong>μη</strong></span> <span class='ocrx_word' id='word_1_386' title='bbox 3360 2187 3524 2246; x_wconf 71' lang='grc' dir='ltr'>εἶναι.</span> <span class='ocrx_word' id='word_1_387' title='bbox 3566 2211 3593 2243; x_wconf 77' lang='grc' dir='ltr'><strong>α</strong></span> <span class='ocrx_word' id='word_1_388' title='bbox 3640 2186 3795 2244; x_wconf 85' lang='grc' dir='ltr'>Μένει</span> 
     </span>
    </p>
   </div>
   <div class='ocr_carea' id='block_1_54' title="bbox 2152 2274 3795 2356">
    <p class='ocr_par' dir='ltr' id='par_1_54' title="bbox 2152 2274 3795 2356">
     <span class='ocr_line' id='line_1_54' title="bbox 2152 2274 3795 2356; baseline 0.001 -26"><span class='ocrx_word' id='word_1_389' title='bbox 2152 2278 2312 2353; x_wconf 84' lang='grc' dir='ltr'>ἱερεὺς</span> <span class='ocrx_word' id='word_1_390' title='bbox 2342 2280 2414 2341; x_wconf 84' lang='grc' dir='ltr'><strong>εἰς</strong></span> <span class='ocrx_word' id='word_1_391' title='bbox 2449 2280 2509 2334; x_wconf 81' lang='grc' dir='ltr'>τὸ</span> <span class='ocrx_word' id='word_1_392' title='bbox 2552 2277 2811 2345; x_wconf 82' lang='grc' dir='ltr'>διηνεκές,</span> <span class='ocrx_word' id='word_1_393' title='bbox 2853 2301 2877 2336; x_wconf 71' lang='grc' dir='ltr'>ι</span> <span class='ocrx_word' id='word_1_394' title='bbox 2927 2279 3107 2353; x_wconf 81' lang='grc' dir='ltr'>Τούτῳ</span> <span class='ocrx_word' id='word_1_395' title='bbox 3172 2285 3248 2353; x_wconf 84' lang='grc' dir='ltr'>τῷ</span> <span class='ocrx_word' id='word_1_396' title='bbox 3316 2278 3495 2356; x_wconf 82' lang='grc' dir='ltr'>τρόπῳ</span> <span class='ocrx_word' id='word_1_397' title='bbox 3564 2274 3702 2342; x_wconf 78' lang='grc' dir='ltr'>δέξαι</span> <span class='ocrx_word' id='word_1_398' title='bbox 3733 2277 3795 2332; x_wconf 83' lang='grc' dir='ltr'>τὸ</span> 
     </span>
    </p>
   </div>
   <div class='ocr_carea' id='block_1_55' title="bbox 2154 2356 3793 2445">
    <p class='ocr_par' dir='ltr' id='par_1_55' title="bbox 2154 2356 3793 2445">
     <span class='ocr_line' id='line_1_55' title="bbox 2154 2356 3793 2445; baseline 0 -25"><span class='ocrx_word' id='word_1_399' title='bbox 2154 2361 2409 2436; x_wconf 76' lang='grc' dir='ltr'>διηνεκές,</span> <span class='ocrx_word' id='word_1_400' title='bbox 2443 2370 2488 2441; x_wconf 82' lang='grc' dir='ltr'>ᾧ</span> <span class='ocrx_word' id='word_1_401' title='bbox 2537 2368 2624 2422; x_wconf 87' lang='grc' dir='ltr'><strong>καὶ</strong></span> <span class='ocrx_word' id='word_1_402' title='bbox 2680 2367 2745 2422; x_wconf 82' lang='grc' dir='ltr'><strong>τὰ</strong></span> <span class='ocrx_word' id='word_1_403' title='bbox 2797 2364 2955 2429; x_wconf 70' lang='grc' dir='ltr'>ἄλλα,</span> <span class='ocrx_word' id='word_1_404' title='bbox 3000 2356 3164 2437; x_wconf 65' lang='grc' dir='ltr'>,”Οτι,</span> <span class='ocrx_word' id='word_1_405' title='bbox 3233 2367 3413 2445; x_wconf 78' lang='grc' dir='ltr'>φησὶν,</span> <span class='ocrx_word' id='word_1_406' title='bbox 3473 2363 3596 2421; x_wconf 81' lang='grc' dir='ltr'>ὅσον</span> <span class='ocrx_word' id='word_1_407' title='bbox 3668 2365 3793 2439; x_wconf 73' lang='grc' dir='ltr'>ᾗκεν</span> 
     </span>
    </p>
   </div>
   <div class='ocr_carea' id='block_1_56' title="bbox 2155 2453 3794 2534">
    <p class='ocr_par' dir='ltr' id='par_1_56' title="bbox 2155 2453 3794 2534">
     <span class='ocr_line' id='line_1_56' title="bbox 2155 2453 3794 2534; baseline -0.005 -17"><span class='ocrx_word' id='word_1_408' title='bbox 2155 2454 2227 2517; x_wconf 76' lang='grc' dir='ltr'>εἷς</span> <span class='ocrx_word' id='word_1_409' title='bbox 2284 2456 2424 2529; x_wconf 76' lang='grc' dir='ltr'>ἡμᾶς</span> <span class='ocrx_word' id='word_1_410' title='bbox 2465 2456 2586 2520; x_wconf 83' lang='grc' dir='ltr'>τοὺς</span> <span class='ocrx_word' id='word_1_411' title='bbox 2643 2453 2963 2534; x_wconf 73' lang='grc' dir='ltr'>ἂγνοοᾶντας</span> <span class='ocrx_word' id='word_1_412' title='bbox 3020 2456 3149 2513; x_wconf 87' lang='grc' dir='ltr'>πότε</span> <span class='ocrx_word' id='word_1_413' title='bbox 3204 2454 3521 2525; x_wconf 67' lang='grc' dir='ltr'>τελευτήσεις</span> <span class='ocrx_word' id='word_1_414' title='bbox 3576 2453 3794 2534; x_wconf 75' lang='grc' dir='ltr'>ἀπέθετο</span> 
     </span>
    </p>
   </div>
   <div class='ocr_carea' id='block_1_57' title="bbox 2156 2533 3793 2623">
    <p class='ocr_par' dir='ltr' id='par_1_57' title="bbox 2156 2533 3793 2623">
     <span class='ocr_line' id='line_1_57' title="bbox 2156 2533 3793 2623; baseline 0.001 -26"><span class='ocrx_word' id='word_1_415' title='bbox 2156 2543 2253 2609; x_wconf 75' lang='grc' dir='ltr'><strong>τὴν</strong></span> <span class='ocrx_word' id='word_1_416' title='bbox 2295 2544 2603 2623; x_wconf 75' lang='grc' dir='ltr'>ἱερωσύνην,</span> <span class='ocrx_word' id='word_1_417' title='bbox 2679 2533 2753 2609; x_wconf 80' lang='grc' dir='ltr'><strong>είς</strong></span> <span class='ocrx_word' id='word_1_418' title='bbox 2821 2547 2883 2601; x_wconf 81' lang='grc' dir='ltr'>τὸ</span> <span class='ocrx_word' id='word_1_419' title='bbox 2965 2543 3203 2612; x_wconf 88' lang='grc' dir='ltr'>διηνεκές</span> <span class='ocrx_word' id='word_1_420' title='bbox 3262 2543 3401 2600; x_wconf 83' lang='grc' dir='ltr'>’ἐστιν</span> <span class='ocrx_word' id='word_1_421' title='bbox 3470 2543 3659 2620; x_wconf 86' lang='grc' dir='ltr'>ἱερεύς.</span> <span class='ocrx_word' id='word_1_422' title='bbox 3736 2533 3793 2599; x_wconf 72' lang='grc'><strong>’0</strong></span> 
     </span>
    </p>
   </div>
   <div class='ocr_carea' id='block_1_58' title="bbox 2154 2632 3789 2711">
    <p class='ocr_par' dir='ltr' id='par_1_58' title="bbox 2154 2632 3789 2711">
     <span class='ocr_line' id='line_1_58' title="bbox 2154 2632 3789 2711; baseline -0.001 -23"><span class='ocrx_word' id='word_1_423' title='bbox 2154 2634 2253 2709; x_wconf 79' lang='grc' dir='ltr'><strong>γὰρ</strong></span> <span class='ocrx_word' id='word_1_424' title='bbox 2283 2634 2442 2696; x_wconf 86' lang='grc' dir='ltr'>τύπος</span> <span class='ocrx_word' id='word_1_425' title='bbox 2498 2634 2700 2700; x_wconf 78' lang='grc' dir='ltr'>εἰκόνας</span> <span class='ocrx_word' id='word_1_426' title='bbox 2768 2632 2996 2710; x_wconf 81' lang='grc' dir='ltr'>ἀμυδρὰς</span> <span class='ocrx_word' id='word_1_427' title='bbox 3054 2635 3207 2706; x_wconf 77' lang='grc' dir='ltr'>σώζει</span> <span class='ocrx_word' id='word_1_428' title='bbox 3257 2639 3349 2691; x_wconf 82' lang='grc' dir='ltr'>τοῦ</span> <span class='ocrx_word' id='word_1_429' title='bbox 3408 2632 3747 2711; x_wconf 77' lang='grc' dir='ltr'>πρωτοτύπου</span> <span class='ocrx_word' id='word_1_430' title='bbox 3771 2648 3789 2667; x_wconf 76' lang='grc'><strong><em>⁸</em></strong></span> 
     </span>
    </p>
   </div>
   <div class='ocr_carea' id='block_1_59' title="bbox 2154 2719 3791 2803">
    <p class='ocr_par' dir='ltr' id='par_1_59' title="bbox 2154 2719 3791 2803">
     <span class='ocr_line' id='line_1_59' title="bbox 2154 2719 3791 2803; baseline -0.001 -26"><span class='ocrx_word' id='word_1_431' title='bbox 2154 2720 2189 2789; x_wconf 70' lang='grc' dir='ltr'><strong>ἢ</strong></span> <span class='ocrx_word' id='word_1_432' title='bbox 2237 2721 2317 2778; x_wconf 77' lang='grc' dir='ltr'><strong>ὅτι</strong></span> <span class='ocrx_word' id='word_1_433' title='bbox 2373 2723 2461 2778; x_wconf 86' lang='grc' dir='ltr'><strong>καὶ</strong></span> <span class='ocrx_word' id='word_1_434' title='bbox 2531 2723 2724 2803; x_wconf 81' lang='grc' dir='ltr'>τρόπος</span> <span class='ocrx_word' id='word_1_435' title='bbox 2774 2728 2875 2790; x_wconf 65' lang='grc' dir='ltr'><strong>τῆς</strong></span> <span class='ocrx_word' id='word_1_436' title='bbox 2939 2733 3031 2782; x_wconf 79' lang='grc' dir='ltr'><strong>τοῦ</strong></span> <span class='ocrx_word' id='word_1_437' title='bbox 3114 2719 3444 2802; x_wconf 76' lang='grc' dir='ltr'>Μελχισεδὲκ</span> <span class='ocrx_word' id='word_1_438' title='bbox 3484 2720 3791 2800; x_wconf 78' lang='grc' dir='ltr'>ἱερωσύνης,</span> 
     </span>
    </p>
   </div>
   <div class='ocr_carea' id='block_1_60' title="bbox 2160 2806 3793 2892">
    <p class='ocr_par' dir='ltr' id='par_1_60' title="bbox 2160 2806 3793 2892">
     <span class='ocr_line' id='line_1_60' title="bbox 2160 2806 3793 2892; baseline -0.002 -25"><span class='ocrx_word' id='word_1_439' title='bbox 2160 2808 2335 2889; x_wconf 73' lang='grc' dir='ltr'>(οἶδας</span> <span class='ocrx_word' id='word_1_440' title='bbox 2379 2810 2433 2868; x_wconf 78' lang='grc' dir='ltr'>δὲ</span> <span class='ocrx_word' id='word_1_441' title='bbox 2462 2814 2512 2869; x_wconf 87' lang='grc' dir='ltr'><strong>τί</strong></span> <span class='ocrx_word' id='word_1_442' title='bbox 2569 2810 2760 2892; x_wconf 89' lang='grc' dir='ltr'>λέγω,)</span> <span class='ocrx_word' id='word_1_443' title='bbox 2834 2810 3072 2879; x_wconf 77' lang='grc' dir='ltr'>διηνεκὲς</span> <span class='ocrx_word' id='word_1_444' title='bbox 3129 2810 3298 2889; x_wconf 88' lang='grc' dir='ltr'>μένει,</span> <span class='ocrx_word' id='word_1_445' title='bbox 3364 2831 3388 2866; x_wconf 75' lang='grc' dir='ltr'>ι</span> <span class='ocrx_word' id='word_1_446' title='bbox 3452 2817 3710 2889; x_wconf 79' lang='grc' dir='ltr'>Θεωρεῖτε</span> <span class='ocrx_word' id='word_1_447' title='bbox 3738 2806 3793 2865; x_wconf 80' lang='grc' dir='ltr'>δὲ</span> 
     </span>
    </p>
   </div>
   <div class='ocr_carea' id='block_1_61' title="bbox 2157 2897 3791 2981">
    <p class='ocr_par' dir='ltr' id='par_1_61' title="bbox 2157 2897 3791 2981">
     <span class='ocr_line' id='line_1_61' title="bbox 2157 2897 3791 2981; baseline -0.002 -25"><span class='ocrx_word' id='word_1_448' title='bbox 2157 2898 2260 2967; x_wconf 86' lang='grc' dir='ltr'><strong>πη)</strong></span> <span class='ocrx_word' id='word_1_449' title='bbox 2274 2902 2381 2963; x_wconf 88' lang='grc' dir='ltr'>ίκος</span> <span class='ocrx_word' id='word_1_450' title='bbox 2412 2904 2586 2965; x_wconf 82' lang='grc' dir='ltr'>οὗτος.</span> <span class='ocrx_word' id='word_1_451' title='bbox 2628 2925 2652 2960; x_wconf 74' lang='grc' dir='ltr'>ι</span> <span class='ocrx_word' id='word_1_452' title='bbox 2689 2899 2908 2968; x_wconf 79' lang='grc' dir='ltr'>Ἐπειδὴ</span> <span class='ocrx_word' id='word_1_453' title='bbox 2941 2901 3229 2981; x_wconf 69' lang='grc' dir='ltr'>’ἐφήρμοσε</span> <span class='ocrx_word' id='word_1_454' title='bbox 3299 2905 3367 2977; x_wconf 77' lang='grc' dir='ltr'><strong>τῇ</strong></span> <span class='ocrx_word' id='word_1_455' title='bbox 3417 2897 3634 2971; x_wconf 77' lang='grc' dir='ltr'>ἀληθείᾳ</span> <span class='ocrx_word' id='word_1_456' title='bbox 3703 2899 3791 2954; x_wconf 83' lang='grc' dir='ltr'><strong>τὸν</strong></span> 
     </span>
    </p>
   </div>
   <div class='ocr_carea' id='block_1_62' title="bbox 431 2984 2073 3071">
    <p class='ocr_par' dir='ltr' id='par_1_62' title="bbox 431 2984 2073 3066">
     <span class='ocr_line' id='line_1_62' title="bbox 431 2984 2073 3066; baseline 0.002 -17"><span class='ocrx_word' id='word_1_457' title='bbox 431 3004 595 3050; x_wconf 89' lang='lat' dir='ltr'><strong>tuum</strong></span> <span class='ocrx_word' id='word_1_458' title='bbox 630 2987 909 3050; x_wconf 79' lang='lat' dir='ltr'><strong>sacerdos</strong></span> <span class='ocrx_word' id='word_1_459' title='bbox 959 2994 1070 3048; x_wconf 87' lang='lat' dir='ltr'><strong>est.</strong></span> <span class='ocrx_word' id='word_1_460' title='bbox 1123 2984 1334 3066; x_wconf 84' lang='lat' dir='ltr'><strong>Figura</strong></span> <span class='ocrx_word' id='word_1_461' title='bbox 1366 2987 1523 3049; x_wconf 90' lang='lat' dir='ltr'><strong>enim</strong></span> <span class='ocrx_word' id='word_1_462' title='bbox 1573 2988 1855 3051; x_wconf 90' lang='lat' dir='ltr'><strong>obscuras</strong></span> <span class='ocrx_word' id='word_1_463' title='bbox 1883 3007 2073 3054; x_wconf 84' lang='lat' dir='ltr'><strong>servat</strong></span> 
     </span>
    </p>
   </div>
   <div class='ocr_carea' id='block_1_63' title="bbox 2158 2984 3792 3071">
    <p class='ocr_par' dir='ltr' id='par_1_63' title="bbox 2159 2986 3792 3069">
     <span class='ocr_line' id='line_1_63' title="bbox 2159 2986 3792 3069; baseline -0.002 -24"><span class='ocrx_word' id='word_1_464' title='bbox 2159 2990 2343 3063; x_wconf 83' lang='grc' dir='ltr'>τύπον,</span> <span class='ocrx_word' id='word_1_465' title='bbox 2404 2990 2595 3048; x_wconf 77' lang='grc' dir='ltr'>λοιπὸν</span> <span class='ocrx_word' id='word_1_466' title='bbox 2662 2988 2905 3069; x_wconf 82' lang='grc' dir='ltr'>βούλεται</span> <span class='ocrx_word' id='word_1_467' title='bbox 2978 2989 3143 3055; x_wconf 78' lang='grc' dir='ltr'>δεῖξαι</span> <span class='ocrx_word' id='word_1_468' title='bbox 3252 2986 3332 3044; x_wconf 79' lang='grc' dir='ltr'><strong>ὅτι</strong></span> <span class='ocrx_word' id='word_1_469' title='bbox 3402 2989 3489 3045; x_wconf 84' lang='grc' dir='ltr'><strong>καὶ</strong></span> <span class='ocrx_word' id='word_1_470' title='bbox 3559 2987 3713 3049; x_wconf 68' lang='grc' dir='ltr'>αὐτὸς</span> <span class='ocrx_word' id='word_1_471' title='bbox 3762 2988 3792 3042; x_wconf 91' lang='lat'><strong>6</strong></span> 
     </span>
    </p>
   </div>
   <div class='ocr_carea' id='block_1_64' title="bbox 432 3075 2073 3159">
    <p class='ocr_par' dir='ltr' id='par_1_64' title="bbox 432 3075 2073 3159">
     <span class='ocr_line' id='line_1_64' title="bbox 432 3075 2073 3159; baseline 0.002 -20"><span class='ocrx_word' id='word_1_472' title='bbox 432 3076 726 3159; x_wconf 81' lang='lat' dir='ltr'><strong>prototypi</strong></span> <span class='ocrx_word' id='word_1_473' title='bbox 757 3075 1067 3153; x_wconf 86' lang='lat' dir='ltr'><strong>imagines.</strong></span> <span class='ocrx_word' id='word_1_474' title='bbox 1098 3084 1215 3137; x_wconf 86' lang='lat' dir='ltr'><strong>Aut</strong></span> <span class='ocrx_word' id='word_1_475' title='bbox 1242 3076 1395 3157; x_wconf 89' lang='lat' dir='ltr'><strong>quod</strong></span> <span class='ocrx_word' id='word_1_476' title='bbox 1432 3077 1607 3139; x_wconf 90' lang='lat' dir='ltr'><strong>etiam</strong></span> <span class='ocrx_word' id='word_1_477' title='bbox 1635 3078 1846 3140; x_wconf 92' lang='lat' dir='ltr'><strong>modus</strong></span> <span class='ocrx_word' id='word_1_478' title='bbox 1866 3098 2073 3143; x_wconf 89' lang='lat' dir='ltr'><strong>sacer-</strong></span> 
     </span>
    </p>
   </div>
   <div class='ocr_carea' id='block_1_65' title="bbox 430 3164 2073 3250">
    <p class='ocr_par' dir='ltr' id='par_1_65' title="bbox 430 3164 2073 3250">
     <span class='ocr_line' id='line_1_65' title="bbox 430 3164 2073 3250; baseline 0.001 -20"><span class='ocrx_word' id='word_1_479' title='bbox 430 3168 576 3232; x_wconf 91' lang='lat' dir='ltr'><strong>dotii</strong></span> <span class='ocrx_word' id='word_1_480' title='bbox 594 3164 986 3230; x_wconf 80' lang='lat' dir='ltr'><strong>Melchisedec</strong></span> <span class='ocrx_word' id='word_1_481' title='bbox 1016 3165 1196 3243; x_wconf 90' lang='lat' dir='ltr'><strong>(nosti</strong></span> <span class='ocrx_word' id='word_1_482' title='bbox 1215 3173 1410 3227; x_wconf 78' lang='lat' dir='ltr'><strong>autcm</strong></span> <span class='ocrx_word' id='word_1_483' title='bbox 1434 3166 1573 3247; x_wconf 92' lang='lat' dir='ltr'><strong>quid</strong></span> <span class='ocrx_word' id='word_1_484' title='bbox 1596 3166 1814 3239; x_wconf 90' lang='lat' dir='ltr'><strong>dicam)</strong></span> <span class='ocrx_word' id='word_1_485' title='bbox 1837 3168 1895 3230; x_wconf 93' lang='lat' dir='ltr'><strong>in</strong></span> <span class='ocrx_word' id='word_1_486' title='bbox 1932 3188 2073 3250; x_wconf 88' lang='lat' dir='ltr'><strong>per-</strong></span> 
     </span>
    </p>
   </div>
   <div class='ocr_carea' id='block_1_66' title="bbox 429 3253 2073 3341">
    <p class='ocr_par' dir='ltr' id='par_1_66' title="bbox 429 3253 2073 3341">
     <span class='ocr_line' id='line_1_66' title="bbox 429 3253 2073 3341; baseline -0.001 -21"><span class='ocrx_word' id='word_1_487' title='bbox 429 3266 670 3341; x_wconf 90' lang='lat' dir='ltr'><strong>petuum</strong></span> <span class='ocrx_word' id='word_1_488' title='bbox 730 3262 991 3317; x_wconf 90' lang='lat' dir='ltr'><strong>maneat.</strong></span> <span class='ocrx_word' id='word_1_489' title='bbox 1031 3279 1057 3309; x_wconf 74' lang='grc' dir='ltr'><strong>α</strong></span> <span class='ocrx_word' id='word_1_490' title='bbox 1093 3253 1478 3316; x_wconf 85' lang='lat' dir='ltr'><strong>Considerate</strong></span> <span class='ocrx_word' id='word_1_491' title='bbox 1524 3274 1662 3317; x_wconf 90' lang='lat' dir='ltr'><strong>vero</strong></span> <span class='ocrx_word' id='word_1_492' title='bbox 1694 3266 1946 3337; x_wconf 89' lang='lat' dir='ltr'><strong>quantus</strong></span> <span class='ocrx_word' id='word_1_493' title='bbox 1976 3258 2073 3321; x_wconf 90' lang='lat' dir='ltr'><strong>hic</strong></span> 
     </span>
    </p>
   </div>
   <div class='ocr_carea' id='block_1_67' title="bbox 427 3342 2074 3424">
    <p class='ocr_par' dir='ltr' id='par_1_67' title="bbox 427 3342 2074 3424">
     <span class='ocr_line' id='line_1_67' title="bbox 427 3342 2074 3424; baseline 0.001 -15"><span class='ocrx_word' id='word_1_494' title='bbox 427 3347 623 3409; x_wconf 81' lang='lat' dir='ltr'><strong>fuerit.</strong></span> <span class='ocrx_word' id='word_1_495' title='bbox 659 3367 687 3404; x_wconf 72' lang='grc' dir='ltr'><strong>ι</strong></span> <span class='ocrx_word' id='word_1_496' title='bbox 722 3343 1009 3417; x_wconf 88' lang='lat' dir='ltr'><strong>Quoniam</strong></span> <span class='ocrx_word' id='word_1_497' title='bbox 1062 3342 1353 3424; x_wconf 87' lang='lat' dir='ltr'><strong>adaptavit</strong></span> <span class='ocrx_word' id='word_1_498' title='bbox 1381 3344 1612 3406; x_wconf 91' lang='lat' dir='ltr'><strong>veritati</strong></span> <span class='ocrx_word' id='word_1_499' title='bbox 1645 3347 1917 3424; x_wconf 82' lang='lat' dir='ltr'><strong>ﬁguram,</strong></span> <span class='ocrx_word' id='word_1_500' title='bbox 1953 3349 2074 3410; x_wconf 90' lang='lat' dir='ltr'><strong>vult</strong></span> 
     </span>
    </p>
   </div>
   <div class='ocr_carea' id='block_1_68' title="bbox 427 3431 2069 3516">
    <p class='ocr_par' dir='ltr' id='par_1_68' title="bbox 427 3431 2069 3516">
     <span class='ocr_line' id='line_1_68' title="bbox 427 3431 2069 3516; baseline -0.001 -17"><span class='ocrx_word' id='word_1_501' title='bbox 427 3436 715 3516; x_wconf 88' lang='lat' dir='ltr'><strong>deniceps</strong></span> <span class='ocrx_word' id='word_1_502' title='bbox 728 3431 1043 3496; x_wconf 86' lang='lat' dir='ltr'><strong>ostendere</strong></span> <span class='ocrx_word' id='word_1_503' title='bbox 1059 3431 1213 3513; x_wconf 88' lang='lat' dir='ltr'><strong>quod</strong></span> <span class='ocrx_word' id='word_1_504' title='bbox 1229 3431 1355 3511; x_wconf 88' lang='lat' dir='ltr'><strong>ipsa</strong></span> <span class='ocrx_word' id='word_1_505' title='bbox 1371 3452 1606 3514; x_wconf 89' lang='lat' dir='ltr'><strong>quoque</strong></span> <span class='ocrx_word' id='word_1_506' title='bbox 1621 3434 1805 3512; x_wconf 86' lang='lat' dir='ltr'><strong>ﬁgura</strong></span> <span class='ocrx_word' id='word_1_507' title='bbox 1828 3436 2069 3513; x_wconf 90' lang='lat' dir='ltr'><strong>Christi,</strong></span> 
     </span>
    </p>
   </div>
   <div class='ocr_carea' id='block_1_69' title="bbox 426 3521 2070 3602">
    <p class='ocr_par' dir='ltr' id='par_1_69' title="bbox 426 3521 2070 3602">
     <span class='ocr_line' id='line_1_69' title="bbox 426 3521 2070 3602; baseline 0 -14"><span class='ocrx_word' id='word_1_508' title='bbox 426 3528 537 3589; x_wconf 92' lang='lat' dir='ltr'><strong>hoc</strong></span> <span class='ocrx_word' id='word_1_509' title='bbox 569 3534 658 3588; x_wconf 90' lang='lat' dir='ltr'><strong>est</strong></span> <span class='ocrx_word' id='word_1_510' title='bbox 689 3521 1100 3598; x_wconf 77' lang='lat' dir='ltr'><strong>Melchisedee,</strong></span> <span class='ocrx_word' id='word_1_511' title='bbox 1162 3522 1354 3602; x_wconf 86' lang='lat' dir='ltr'><strong>major</strong></span> <span class='ocrx_word' id='word_1_512' title='bbox 1403 3531 1528 3583; x_wconf 90' lang='lat' dir='ltr'><strong>erat</strong></span> <span class='ocrx_word' id='word_1_513' title='bbox 1559 3522 1701 3598; x_wconf 90' lang='lat' dir='ltr'><strong>ipsis</strong></span> <span class='ocrx_word' id='word_1_514' title='bbox 1728 3522 2070 3588; x_wconf 74' lang='lat' dir='ltr'><strong>Judzeorum</strong></span> 
     </span>
    </p>
   </div>
   <div class='ocr_carea' id='block_1_70' title="bbox 428 3610 2070 3693">
    <p class='ocr_par' dir='ltr' id='par_1_70' title="bbox 428 3610 2070 3693">
     <span class='ocr_line' id='line_1_70' title="bbox 428 3610 2070 3693; baseline -0.002 -14"><span class='ocrx_word' id='word_1_515' title='bbox 428 3610 937 3679; x_wconf 83' lang='lat' dir='ltr'><strong>sacerdotibus.Et</strong></span> <span class='ocrx_word' id='word_1_516' title='bbox 966 3610 1105 3690; x_wconf 90' lang='lat' dir='ltr'><strong>quid</strong></span> <span class='ocrx_word' id='word_1_517' title='bbox 1130 3610 1265 3671; x_wconf 86' lang='lat' dir='ltr'><strong>dico</strong></span> <span class='ocrx_word' id='word_1_518' title='bbox 1290 3610 1702 3672; x_wconf 82' lang='lat' dir='ltr'><strong>sacerdotibus</strong></span> <span class='ocrx_word' id='word_1_519' title='bbox 1722 3611 1753 3671; x_wconf 89' lang='lat'><strong>?</strong></span> <span class='ocrx_word' id='word_1_520' title='bbox 1774 3612 1903 3693; x_wconf 90' lang='lat' dir='ltr'><strong>ipso</strong></span> <span class='ocrx_word' id='word_1_521' title='bbox 1925 3632 2070 3676; x_wconf 90' lang='lat' dir='ltr'><strong>sane</strong></span> 
     </span>
    </p>
   </div>
   <div class='ocr_carea' id='block_1_71' title="bbox 428 3698 2071 3783">
    <p class='ocr_par' dir='ltr' id='par_1_71' title="bbox 428 3698 2071 3783">
     <span class='ocr_line' id='line_1_71' title="bbox 428 3698 2071 3783; baseline 0.001 -20"><span class='ocrx_word' id='word_1_522' title='bbox 428 3703 765 3783; x_wconf 80' lang='lat' dir='ltr'><strong>patriarcha</strong></span> <span class='ocrx_word' id='word_1_523' title='bbox 812 3700 1112 3765; x_wconf 87' lang='lat' dir='ltr'><strong>Abraham</strong></span> <span class='ocrx_word' id='word_1_524' title='bbox 1166 3700 1361 3780; x_wconf 81' lang='lat' dir='ltr'><strong>major</strong></span> <span class='ocrx_word' id='word_1_525' title='bbox 1391 3707 1540 3763; x_wconf 88' lang='lat' dir='ltr'><strong>erat.</strong></span> <span class='ocrx_word' id='word_1_526' title='bbox 1574 3698 1740 3773; x_wconf 88' lang='lat' dir='ltr'><strong>Quod</strong></span> <span class='ocrx_word' id='word_1_527' title='bbox 1771 3701 1819 3762; x_wconf 91' lang='lat' dir='ltr'><strong>si</strong></span> <span class='ocrx_word' id='word_1_528' title='bbox 1850 3702 2071 3764; x_wconf 88' lang='lat' dir='ltr'><strong>Christi</strong></span> 
     </span>
    </p>
   </div>
   <div class='ocr_carea' id='block_1_72' title="bbox 425 3787 2067 3873">
    <p class='ocr_par' dir='ltr' id='par_1_72' title="bbox 425 3787 2067 3873">
     <span class='ocr_line' id='line_1_72' title="bbox 425 3787 2067 3873; baseline -0.001 -19"><span class='ocrx_word' id='word_1_529' title='bbox 425 3803 593 3873; x_wconf 73' lang='lat' dir='ltr'><strong>typus</strong></span> <span class='ocrx_word' id='word_1_530' title='bbox 624 3810 678 3852; x_wconf 94' lang='lat' dir='ltr'><strong>m</strong></span> <span class='ocrx_word' id='word_1_531' title='bbox 703 3791 814 3870; x_wconf 77' lang='lat' dir='ltr'><strong>~jor</strong></span> <span class='ocrx_word' id='word_1_532' title='bbox 844 3795 966 3849; x_wconf 88' lang='lat' dir='ltr'><strong>erat</strong></span> <span class='ocrx_word' id='word_1_533' title='bbox 995 3787 1123 3867; x_wconf 89' lang='lat' dir='ltr'><strong>ipso</strong></span> <span class='ocrx_word' id='word_1_534' title='bbox 1154 3806 1389 3868; x_wconf 89' lang='lat' dir='ltr'><strong>quoque</strong></span> <span class='ocrx_word' id='word_1_535' title='bbox 1422 3788 2067 3868; x_wconf 84' lang='lat' dir='ltr'><strong>patriarcha.quidnam</strong></span> 
     </span>
    </p>
   </div>
   <div class='ocr_carea' id='block_1_73' title="bbox 427 3875 2072 3959">
    <p class='ocr_par' dir='ltr' id='par_1_73' title="bbox 427 3875 2072 3959">
     <span class='ocr_line' id='line_1_73' title="bbox 427 3875 2072 3959; baseline 0 -16"><span class='ocrx_word' id='word_1_536' title='bbox 427 3882 589 3943; x_wconf 93' lang='lat' dir='ltr'><strong>dicet</strong></span> <span class='ocrx_word' id='word_1_537' title='bbox 644 3877 935 3959; x_wconf 92' lang='lat' dir='ltr'><strong>quispiam</strong></span> <span class='ocrx_word' id='word_1_538' title='bbox 989 3875 1065 3937; x_wconf 91' lang='lat' dir='ltr'><strong>de</strong></span> <span class='ocrx_word' id='word_1_539' title='bbox 1114 3875 1405 3937; x_wconf 88' lang='lat' dir='ltr'><strong>Christo?</strong></span> <span class='ocrx_word' id='word_1_540' title='bbox 1460 3876 1590 3939; x_wconf 91' lang='lat' dir='ltr'><strong>Alio</strong></span> <span class='ocrx_word' id='word_1_541' title='bbox 1622 3877 1860 3956; x_wconf 89' lang='lat' dir='ltr'><strong>quidem</strong></span> <span class='ocrx_word' id='word_1_542' title='bbox 1895 3880 2072 3943; x_wconf 89' lang='lat' dir='ltr'><strong>modo</strong></span> 
     </span>
    </p>
   </div>
   <div class='ocr_carea' id='block_1_74' title="bbox 428 3964 2073 4050">
    <p class='ocr_par' dir='ltr' id='par_1_74' title="bbox 428 3964 2073 4050">
     <span class='ocr_line' id='line_1_74' title="bbox 428 3964 2073 4050; baseline 0.001 -19"><span class='ocrx_word' id='word_1_543' title='bbox 428 3970 617 4050; x_wconf 90' lang='lat' dir='ltr'><strong>major</strong></span> <span class='ocrx_word' id='word_1_544' title='bbox 646 3976 772 4030; x_wconf 67' lang='lat' dir='ltr'><strong>erat</strong></span> <span class='ocrx_word' id='word_1_545' title='bbox 793 3964 1087 4027; x_wconf 85' lang='lat' dir='ltr'><strong>Abraham</strong></span> <span class='ocrx_word' id='word_1_546' title='bbox 1111 3983 1286 4046; x_wconf 89' lang='lat' dir='ltr'><strong>quam</strong></span> <span class='ocrx_word' id='word_1_547' title='bbox 1313 3965 1710 4029; x_wconf 83' lang='lat' dir='ltr'><strong>Melchisedec</strong></span> <span class='ocrx_word' id='word_1_548' title='bbox 1740 3989 1753 4030; x_wconf 90' lang='lat'><strong>:</strong></span> <span class='ocrx_word' id='word_1_549' title='bbox 1774 3968 1877 4029; x_wconf 90' lang='lat' dir='ltr'><strong>sed</strong></span> <span class='ocrx_word' id='word_1_550' title='bbox 1899 3979 2073 4050; x_wconf 78' lang='lat' dir='ltr'><strong>typus</strong></span> 
     </span>
    </p>
   </div>
   <div class='ocr_carea' id='block_1_75' title="bbox 425 4052 2070 4134">
    <p class='ocr_par' dir='ltr' id='par_1_75' title="bbox 425 4052 2070 4134">
     <span class='ocr_line' id='line_1_75' title="bbox 425 4052 2070 4134; baseline 0.001 -14"><span class='ocrx_word' id='word_1_551' title='bbox 425 4057 613 4120; x_wconf 91' lang='lat' dir='ltr'><strong>inisto</strong></span> <span class='ocrx_word' id='word_1_552' title='bbox 636 4054 930 4117; x_wconf 86' lang='lat' dir='ltr'><strong>vincebat.</strong></span> <span class='ocrx_word' id='word_1_553' title='bbox 963 4052 1050 4115; x_wconf 92' lang='lat' dir='ltr'><strong>Ita</strong></span> <span class='ocrx_word' id='word_1_554' title='bbox 1076 4052 1251 4115; x_wconf 88' lang='lat' dir='ltr'><strong>habet</strong></span> <span class='ocrx_word' id='word_1_555' title='bbox 1285 4052 1453 4115; x_wconf 91' lang='lat' dir='ltr'><strong>divus</strong></span> <span class='ocrx_word' id='word_1_556' title='bbox 1495 4053 1774 4134; x_wconf 79' lang='lat' dir='ltr'><strong>Cyrillus,</strong></span> <span class='ocrx_word' id='word_1_557' title='bbox 1807 4058 2070 4121; x_wconf 90' lang='lat' dir='ltr'><strong>secundo</strong></span> 
     </span>
    </p>
   </div>
   <div class='ocr_carea' id='block_1_76' title="bbox 426 4142 2070 4226">
    <p class='ocr_par' dir='ltr' id='par_1_76' title="bbox 426 4142 2070 4226">
     <span class='ocr_line' id='line_1_76' title="bbox 426 4142 2070 4226; baseline 0.001 -18"><span class='ocrx_word' id='word_1_558' title='bbox 426 4145 723 4208; x_wconf 82' lang='lat' dir='ltr'><strong>volumine</strong></span> <span class='ocrx_word' id='word_1_559' title='bbox 753 4143 1004 4206; x_wconf 66' lang='lat' dir='ltr'><strong>decimae</strong></span> <span class='ocrx_word' id='word_1_560' title='bbox 1037 4142 1219 4221; x_wconf 91' lang='lat' dir='ltr'><strong>partis</strong></span> <span class='ocrx_word' id='word_1_561' title='bbox 1249 4142 1308 4203; x_wconf 91' lang='lat' dir='ltr'><strong>in</strong></span> <span class='ocrx_word' id='word_1_562' title='bbox 1344 4143 1603 4205; x_wconf 76' lang='lat' dir='ltr'><strong>Residua</strong></span> <span class='ocrx_word' id='word_1_563' title='bbox 1624 4144 1808 4206; x_wconf 72' lang='lat' dir='ltr'><strong>latriee</strong></span> <span class='ocrx_word' id='word_1_564' title='bbox 1825 4165 1955 4226; x_wconf 61' lang='lat' dir='ltr'><strong>quae</strong></span> <span class='ocrx_word' id='word_1_565' title='bbox 1979 4156 2070 4210; x_wconf 84' lang='lat' dir='ltr'><strong>est</strong></span> 
     </span>
    </p>
   </div>
   <div class='ocr_carea' id='block_1_77' title="bbox 2156 3074 3792 3158">
    <p class='ocr_par' dir='ltr' id='par_1_77' title="bbox 2156 3074 3792 3158">
     <span class='ocr_line' id='line_1_77' title="bbox 2156 3074 3792 3158; baseline -0.002 -23"><span class='ocrx_word' id='word_1_566' title='bbox 2156 3079 2315 3146; x_wconf 89' lang='grc' dir='ltr'>τύπος</span> <span class='ocrx_word' id='word_1_567' title='bbox 2353 3082 2444 3136; x_wconf 70' lang='grc' dir='ltr'>τοῦ</span> <span class='ocrx_word' id='word_1_568' title='bbox 2510 3087 2754 3158; x_wconf 79' lang='grc' dir='ltr'>Χριστοῦ,</span> <span class='ocrx_word' id='word_1_569' title='bbox 2826 3077 3117 3153; x_wconf 77' lang='grc' dir='ltr'>τουτέστιν,</span> <span class='ocrx_word' id='word_1_570' title='bbox 3170 3080 3197 3134; x_wconf 90' lang='lat'><strong>6</strong></span> <span class='ocrx_word' id='word_1_571' title='bbox 3255 3074 3610 3157; x_wconf 71' lang='grc' dir='ltr'>Μελχισεδὲκ,</span> <span class='ocrx_word' id='word_1_572' title='bbox 3671 3076 3792 3153; x_wconf 89' lang='grc' dir='ltr'>μεί-</span> 
     </span>
    </p>
   </div>
   <div class='ocr_carea' id='block_1_78' title="bbox 2155 3163 3791 3247">
    <p class='ocr_par' dir='ltr' id='par_1_78' title="bbox 2155 3163 3791 3247">
     <span class='ocr_line' id='line_1_78' title="bbox 2155 3163 3791 3247; baseline -0.001 -24"><span class='ocrx_word' id='word_1_573' title='bbox 2155 3173 2258 3238; x_wconf 83' lang='grc' dir='ltr'><strong>ζων</strong></span> <span class='ocrx_word' id='word_1_574' title='bbox 2313 3168 2378 3236; x_wconf 65' lang='grc' dir='ltr'>ἦν</span> <span class='ocrx_word' id='word_1_575' title='bbox 2435 3169 2603 3225; x_wconf 65' lang='lat' dir='ltr'><strong>ain-6v</strong></span> <span class='ocrx_word' id='word_1_576' title='bbox 2659 3175 2766 3224; x_wconf 82' lang='grc' dir='ltr'>τῶν</span> <span class='ocrx_word' id='word_1_577' title='bbox 2820 3168 2964 3247; x_wconf 75' lang='grc' dir='ltr'>παρὰ</span> <span class='ocrx_word' id='word_1_578' title='bbox 3057 3163 3325 3230; x_wconf 77' lang='grc' dir='ltr'>Ἰουδαίοις</span> <span class='ocrx_word' id='word_1_579' title='bbox 3417 3165 3618 3244; x_wconf 77' lang='grc' dir='ltr'>ἱερέων,</span> <span class='ocrx_word' id='word_1_580' title='bbox 3693 3166 3791 3224; x_wconf 79' lang='grc' dir='ltr'>Καὶ</span> 
     </span>
    </p>
   </div>
   <div class='ocr_carea' id='block_1_79' title="bbox 2154 3254 3793 3337">
    <p class='ocr_par' dir='ltr' id='par_1_79' title="bbox 2154 3254 3793 3337">
     <span class='ocr_line' id='line_1_79' title="bbox 2154 3254 3793 3337; baseline -0.002 -24"><span class='ocrx_word' id='word_1_581' title='bbox 2154 3258 2203 3313; x_wconf 86' lang='grc' dir='ltr'><strong>τί</strong></span> <span class='ocrx_word' id='word_1_582' title='bbox 2244 3255 2384 3335; x_wconf 83' lang='grc' dir='ltr'>λέγω</span> <span class='ocrx_word' id='word_1_583' title='bbox 2452 3256 2680 3337; x_wconf 68' lang='grc' dir='ltr'>ἱερέων,</span> <span class='ocrx_word' id='word_1_584' title='bbox 2757 3260 2914 3316; x_wconf 74' lang='grc' dir='ltr'>αὐτοῦ</span> <span class='ocrx_word' id='word_1_585' title='bbox 2984 3256 3081 3332; x_wconf 77' lang='grc' dir='ltr'>μὲν</span> <span class='ocrx_word' id='word_1_586' title='bbox 3178 3256 3266 3312; x_wconf 81' lang='grc' dir='ltr'>οὖν</span> <span class='ocrx_word' id='word_1_587' title='bbox 3319 3264 3413 3313; x_wconf 80' lang='grc' dir='ltr'><strong>τοῦ</strong></span> <span class='ocrx_word' id='word_1_588' title='bbox 3466 3254 3793 3335; x_wconf 82' lang='grc' dir='ltr'>πατριάρχου</span> 
     </span>
    </p>
   </div>
   <div class='ocr_carea' id='block_1_80' title="bbox 2156 3342 3789 3424">
    <p class='ocr_par' dir='ltr' id='par_1_80' title="bbox 2156 3342 3789 3424">
     <span class='ocr_line' id='line_1_80' title="bbox 2156 3342 3789 3424; baseline 0 -22"><span class='ocrx_word' id='word_1_589' title='bbox 2156 3342 2396 3424; x_wconf 78' lang='grc' dir='ltr'>Ἀϐραὰμ</span> <span class='ocrx_word' id='word_1_590' title='bbox 2453 3347 2645 3420; x_wconf 81' lang='grc' dir='ltr'>μείζων</span> <span class='ocrx_word' id='word_1_591' title='bbox 2695 3346 2786 3413; x_wconf 80' lang='grc' dir='ltr'>ἧν.</span> <span class='ocrx_word' id='word_1_592' title='bbox 2852 3347 2909 3402; x_wconf 79' lang='grc' dir='ltr'>Εἰ</span> <span class='ocrx_word' id='word_1_593' title='bbox 2964 3343 3019 3401; x_wconf 75' lang='grc' dir='ltr'>δὲ</span> <span class='ocrx_word' id='word_1_594' title='bbox 3074 3347 3102 3401; x_wconf 95' lang='lat'><strong>6</strong></span> <span class='ocrx_word' id='word_1_595' title='bbox 3169 3344 3332 3409; x_wconf 83' lang='grc' dir='ltr'>τύπος</span> <span class='ocrx_word' id='word_1_596' title='bbox 3399 3346 3493 3401; x_wconf 73' lang='grc' dir='ltr'><strong>τοῦ</strong></span> <span class='ocrx_word' id='word_1_597' title='bbox 3546 3351 3789 3422; x_wconf 77' lang='grc' dir='ltr'>Χριστοῦ,</span> 
     </span>
    </p>
   </div>
   <div class='ocr_carea' id='block_1_81' title="bbox 2155 3430 3793 3513">
    <p class='ocr_par' dir='ltr' id='par_1_81' title="bbox 2155 3430 3793 3513">
     <span class='ocr_line' id='line_1_81' title="bbox 2155 3430 3793 3513; baseline -0.002 -23"><span class='ocrx_word' id='word_1_598' title='bbox 2155 3435 2304 3513; x_wconf 77' lang='grc' dir='ltr'>φησὶ,</span> <span class='ocrx_word' id='word_1_599' title='bbox 2367 3434 2557 3510; x_wconf 82' lang='grc' dir='ltr'>μείζων</span> <span class='ocrx_word' id='word_1_600' title='bbox 2612 3435 2699 3491; x_wconf 79' lang='grc' dir='ltr'><strong>καὶ</strong></span> <span class='ocrx_word' id='word_1_601' title='bbox 2725 3434 2883 3491; x_wconf 73' lang='grc' dir='ltr'><strong>αὒτοῦ</strong></span> <span class='ocrx_word' id='word_1_602' title='bbox 2935 3443 3029 3493; x_wconf 76' lang='grc' dir='ltr'>τοῦ</span> <span class='ocrx_word' id='word_1_603' title='bbox 3085 3434 3436 3512; x_wconf 83' lang='grc' dir='ltr'>πατριάρχου,</span> <span class='ocrx_word' id='word_1_604' title='bbox 3492 3434 3543 3488; x_wconf 89' lang='grc' dir='ltr'><strong>τί</strong></span> <span class='ocrx_word' id='word_1_605' title='bbox 3598 3430 3661 3488; x_wconf 76' lang='grc' dir='ltr'>ἄν</span> <span class='ocrx_word' id='word_1_606' title='bbox 3711 3453 3793 3496; x_wconf 89' lang='grc' dir='ltr'><strong>τις</strong></span> 
     </span>
    </p>
   </div>
   <div class='ocr_carea' id='block_1_82' title="bbox 2154 3520 3794 3603">
    <p class='ocr_par' dir='ltr' id='par_1_82' title="bbox 2154 3520 3794 3603">
     <span class='ocr_line' id='line_1_82' title="bbox 2154 3520 3794 3603; baseline -0.002 -25"><span class='ocrx_word' id='word_1_607' title='bbox 2154 3520 2297 3579; x_wconf 74' lang='grc' dir='ltr'>εἴποι</span> <span class='ocrx_word' id='word_1_608' title='bbox 2327 3524 2444 3602; x_wconf 81' lang='grc' dir='ltr'>περὶ</span> <span class='ocrx_word' id='word_1_609' title='bbox 2483 3533 2576 3583; x_wconf 79' lang='grc' dir='ltr'><strong>τοῦ</strong></span> <span class='ocrx_word' id='word_1_610' title='bbox 2617 3530 2838 3601; x_wconf 70' lang='grc' dir='ltr'>Χριστοῦ</span> <span class='ocrx_word' id='word_1_611' title='bbox 2872 3542 2888 3603; x_wconf 80' lang='grc'>;</span> <span class='ocrx_word' id='word_1_612' title='bbox 2920 3520 3095 3603; x_wconf 77' lang='grc' dir='ltr'>ἄλλως</span> <span class='ocrx_word' id='word_1_613' title='bbox 3147 3521 3266 3600; x_wconf 75' lang='grc' dir='ltr'>μὲν,</span> <span class='ocrx_word' id='word_1_614' title='bbox 3324 3522 3571 3599; x_wconf 87' lang='grc' dir='ltr'>κρείττων</span> <span class='ocrx_word' id='word_1_615' title='bbox 3626 3520 3692 3588; x_wconf 81' lang='grc' dir='ltr'><strong>ἧν</strong></span> <span class='ocrx_word' id='word_1_616' title='bbox 3765 3522 3794 3576; x_wconf 90' lang='lat'><strong>6</strong></span> 
     </span>
    </p>
   </div>
   <div class='ocr_carea' id='block_1_83' title="bbox 2153 3600 3791 3691">
    <p class='ocr_par' dir='ltr' id='par_1_83' title="bbox 2153 3600 3791 3691">
     <span class='ocr_line' id='line_1_83' title="bbox 2153 3600 3791 3691; baseline -0.001 -24"><span class='ocrx_word' id='word_1_617' title='bbox 2153 3600 2515 3690; x_wconf 21' lang='lat' dir='ltr'><strong>&#39;Aszc‘qu-coﬁ</strong></span> <span class='ocrx_word' id='word_1_618' title='bbox 2546 3600 2903 3691; x_wconf 72' lang='grc' dir='ltr'>Μελχισεδὲκ,</span> <span class='ocrx_word' id='word_1_619' title='bbox 2971 3600 3093 3665; x_wconf 84' lang='grc' dir='ltr'>ἀλλ’</span> <span class='ocrx_word' id='word_1_620' title='bbox 3153 3612 3181 3665; x_wconf 93' lang='lat'><strong>6</strong></span> <span class='ocrx_word' id='word_1_621' title='bbox 3235 3610 3397 3672; x_wconf 83' lang='grc' dir='ltr'>τύπος</span> <span class='ocrx_word' id='word_1_622' title='bbox 3439 3608 3505 3677; x_wconf 83' lang='grc' dir='ltr'><strong>ἧν</strong></span> <span class='ocrx_word' id='word_1_623' title='bbox 3548 3611 3576 3665; x_wconf 89' lang='lat'><strong>6</strong></span> <span class='ocrx_word' id='word_1_624' title='bbox 3605 3614 3791 3665; x_wconf 82' lang='grc' dir='ltr'>νικῶν.</span> 
     </span>
    </p>
   </div>
   <div class='ocr_carea' id='block_1_84' title="bbox 2154 3694 3793 3778">
    <p class='ocr_par' dir='ltr' id='par_1_84' title="bbox 2154 3694 3793 3778">
     <span class='ocr_line' id='line_1_84' title="bbox 2154 3694 3793 3778; baseline -0.002 -22"><span class='ocrx_word' id='word_1_625' title='bbox 2154 3698 2330 3762; x_wconf 71' lang='grc' dir='ltr'>Οὕτως</span> <span class='ocrx_word' id='word_1_626' title='bbox 2372 3701 2399 3755; x_wconf 90' lang='lat'><strong>6</strong></span> <span class='ocrx_word' id='word_1_627' title='bbox 2444 3699 2498 3755; x_wconf 90' lang='grc' dir='ltr'><strong>ἐν</strong></span> <span class='ocrx_word' id='word_1_628' title='bbox 2548 3698 2715 3778; x_wconf 77' lang='grc' dir='ltr'>ἁγίοις</span> <span class='ocrx_word' id='word_1_629' title='bbox 2780 3697 3034 3777; x_wconf 85' lang='grc' dir='ltr'>Κύριλλος</span> <span class='ocrx_word' id='word_1_630' title='bbox 3091 3697 3144 3755; x_wconf 87' lang='grc' dir='ltr'><strong>ἐν</strong></span> <span class='ocrx_word' id='word_1_631' title='bbox 3200 3695 3386 3774; x_wconf 86' lang='grc' dir='ltr'>βιϐλίῳ</span> <span class='ocrx_word' id='word_1_632' title='bbox 3426 3694 3648 3775; x_wconf 83' lang='grc' dir='ltr'>δευτέρῳ</span> <span class='ocrx_word' id='word_1_633' title='bbox 3698 3696 3793 3764; x_wconf 78' lang='grc' dir='ltr'>τῆς</span> 
     </span>
    </p>
   </div>
   <div class='ocr_carea' id='block_1_85' title="bbox 2152 3785 3795 3867">
    <p class='ocr_par' dir='ltr' id='par_1_85' title="bbox 2152 3785 3795 3867">
     <span class='ocr_line' id='line_1_85' title="bbox 2152 3785 3795 3867; baseline -0.001 -24"><span class='ocrx_word' id='word_1_634' title='bbox 2152 3785 2376 3854; x_wconf 81' lang='grc' dir='ltr'>δεκάτης</span> <span class='ocrx_word' id='word_1_635' title='bbox 2433 3789 2506 3852; x_wconf 78' lang='grc' dir='ltr'><strong>εἱς</strong></span> <span class='ocrx_word' id='word_1_636' title='bbox 2583 3789 2649 3844; x_wconf 75' lang='grc' dir='ltr'><strong>τὰ</strong></span> <span class='ocrx_word' id='word_1_637' title='bbox 2719 3786 3151 3867; x_wconf 82' lang='grc' dir='ltr'>παραλειπόμενα</span> <span class='ocrx_word' id='word_1_638' title='bbox 3246 3792 3345 3853; x_wconf 77' lang='grc' dir='ltr'>τῆς</span> <span class='ocrx_word' id='word_1_639' title='bbox 3425 3785 3478 3843; x_wconf 80' lang='grc' dir='ltr'><strong>ἐν</strong></span> <span class='ocrx_word' id='word_1_640' title='bbox 3537 3786 3795 3860; x_wconf 85' lang='grc' dir='ltr'>πνεύματι</span> 
     </span>
    </p>
   </div>
   <div class='ocr_carea' id='block_1_86' title="bbox 2152 3871 3796 3957">
    <p class='ocr_par' dir='ltr' id='par_1_86' title="bbox 2152 3871 3796 3957">
     <span class='ocr_line' id='line_1_86' title="bbox 2152 3871 3796 3957; baseline -0.002 -25"><span class='ocrx_word' id='word_1_641' title='bbox 2152 3877 2239 3932; x_wconf 80' lang='grc' dir='ltr'>καὶ</span> <span class='ocrx_word' id='word_1_642' title='bbox 2269 3875 2487 3949; x_wconf 74' lang='grc' dir='ltr'>ἀληθείᾳ</span> <span class='ocrx_word' id='word_1_643' title='bbox 2546 3876 2812 3957; x_wconf 89' lang='grc' dir='ltr'>λατρείας.</span> <span class='ocrx_word' id='word_1_644' title='bbox 2890 3900 2916 3931; x_wconf 75' lang='grc' dir='ltr'><strong>α</strong></span> <span class='ocrx_word' id='word_1_645' title='bbox 2980 3872 3043 3957; x_wconf 72' lang='grc' dir='ltr'><strong>ᾯ</strong></span> <span class='ocrx_word' id='word_1_646' title='bbox 3112 3877 3201 3932; x_wconf 80' lang='grc' dir='ltr'><strong>καὶ</strong></span> <span class='ocrx_word' id='word_1_647' title='bbox 3271 3874 3496 3942; x_wconf 65' lang='grc' dir='ltr'>δεκάτην</span> <span class='ocrx_word' id='word_1_648' title='bbox 3551 3871 3796 3954; x_wconf 81' lang='grc' dir='ltr'>Ἀϐραὰμ</span> 
     </span>
    </p>
   </div>
   <div class='ocr_carea' id='block_1_87' title="bbox 2151 3961 3795 4052">
    <p class='ocr_par' dir='ltr' id='par_1_87' title="bbox 2151 3961 3795 4052">
     <span class='ocr_line' id='line_1_87' title="bbox 2151 3961 3795 4052; baseline -0.001 -31"><span class='ocrx_word' id='word_1_649' title='bbox 2151 3964 2366 4025; x_wconf 77' lang='grc' dir='ltr'>ἔδωκεν.</span> <span class='ocrx_word' id='word_1_650' title='bbox 2402 3989 2429 4022; x_wconf 71' lang='lat' dir='ltr'><strong>n</strong></span> <span class='ocrx_word' id='word_1_651' title='bbox 2464 3971 2571 4026; x_wconf 72' lang='grc' dir='ltr'>Οὐκ</span> <span class='ocrx_word' id='word_1_652' title='bbox 2599 3965 2739 4023; x_wconf 78' lang='grc' dir='ltr'>ἔστιν</span> <span class='ocrx_word' id='word_1_653' title='bbox 2782 3968 2975 4047; x_wconf 74' lang='grc' dir='ltr'>εἰπεῖν,</span> <span class='ocrx_word' id='word_1_654' title='bbox 3023 3967 3202 4047; x_wconf 77' lang='grc' dir='ltr'>φησὶν,</span> <span class='ocrx_word' id='word_1_655' title='bbox 3266 3964 3345 4021; x_wconf 81' lang='grc' dir='ltr'><strong>ὅτι</strong></span> <span class='ocrx_word' id='word_1_656' title='bbox 3400 3961 3623 4052; x_wconf 65' lang='grc' dir='ltr'>δέδωκεν</span> <span class='ocrx_word' id='word_1_657' title='bbox 3652 3962 3795 4038; x_wconf 75' lang='grc' dir='ltr'>αὒτῷ</span> 
     </span>
    </p>
   </div>
   <div class='ocr_carea' id='block_1_88' title="bbox 2151 4051 3787 4135">
    <p class='ocr_par' dir='ltr' id='par_1_88' title="bbox 2151 4051 3787 4135">
     <span class='ocr_line' id='line_1_88' title="bbox 2151 4051 3787 4135; baseline -0.001 -25"><span class='ocrx_word' id='word_1_658' title='bbox 2151 4052 2396 4135; x_wconf 82' lang='grc' dir='ltr'>δεκάτας,</span> <span class='ocrx_word' id='word_1_659' title='bbox 2424 4057 2497 4120; x_wconf 82' lang='grc' dir='ltr'>ὡς</span> <span class='ocrx_word' id='word_1_660' title='bbox 2526 4057 2938 4123; x_wconf 83' lang='grc' dir='ltr'>κεκοινωνηκότι</span> <span class='ocrx_word' id='word_1_661' title='bbox 2981 4064 3074 4115; x_wconf 76' lang='grc' dir='ltr'><strong>τοῦ</strong></span> <span class='ocrx_word' id='word_1_662' title='bbox 3126 4052 3366 4130; x_wconf 87' lang='grc' dir='ltr'>πολέμου</span> <span class='ocrx_word' id='word_1_663' title='bbox 3400 4051 3437 4090; x_wconf 2' lang='grc' dir='ltr'>οἱ</span> <span class='ocrx_word' id='word_1_664' title='bbox 3491 4051 3593 4127; x_wconf 78' lang='grc' dir='ltr'>(διὰ</span> <span class='ocrx_word' id='word_1_665' title='bbox 3635 4058 3787 4109; x_wconf 84' lang='grc' dir='ltr'>τοῦτο</span> 
     </span>
    </p>
   </div>
   <div class='ocr_carea' id='block_1_89' title="bbox 2151 4134 3784 4226">
    <p class='ocr_par' dir='ltr' id='par_1_89' title="bbox 2151 4134 3784 4226">
     <span class='ocr_line' id='line_1_89' title="bbox 2151 4134 3784 4226; baseline 0.014 -28"><span class='ocrx_word' id='word_1_666' title='bbox 2151 4144 2251 4222; x_wconf 76' lang='grc' dir='ltr'>γὰρ</span> <span class='ocrx_word' id='word_1_667' title='bbox 2282 4134 2436 4200; x_wconf 73' lang='grc' dir='ltr'>εἴπεν</span> <span class='ocrx_word' id='word_1_668' title='bbox 2464 4142 2597 4224; x_wconf 77' lang='grc' dir='ltr'>ἅνω,</span> <span class='ocrx_word' id='word_1_669' title='bbox 2632 4134 3032 4226; x_wconf 70' lang='grc' dir='ltr'>’Υποστρέφοντι</span> <span class='ocrx_word' id='word_1_670' title='bbox 3062 4149 3158 4211; x_wconf 82' lang='grc' dir='ltr'>τῆς</span> <span class='ocrx_word' id='word_1_671' title='bbox 3208 4147 3384 4210; x_wconf 68' lang='grc' dir='ltr'><strong>κοπῆς</strong></span> <span class='ocrx_word' id='word_1_672' title='bbox 3434 4138 3784 4226; x_wconf 65' lang='grc' dir='ltr'><strong>ὑπήντησεν),</strong></span> 
     </span>
    </p>
   </div>
   <div class='ocr_carea' id='block_1_90' title="bbox 424 4225 2073 4315">
    <p class='ocr_par' dir='ltr' id='par_1_90' title="bbox 424 4225 2068 4315">
     <span class='ocr_line' id='line_1_90' title="bbox 424 4225 2068 4315; baseline -0.001 -17"><span class='ocrx_word' id='word_1_673' title='bbox 424 4236 483 4298; x_wconf 91' lang='lat' dir='ltr'><strong>in</strong></span> <span class='ocrx_word' id='word_1_674' title='bbox 520 4233 728 4315; x_wconf 79' lang='lat' dir='ltr'><strong>Spiritu</strong></span> <span class='ocrx_word' id='word_1_675' title='bbox 788 4241 847 4295; x_wconf 92' lang='lat' dir='ltr'><strong>et</strong></span> <span class='ocrx_word' id='word_1_676' title='bbox 903 4230 1166 4294; x_wconf 86' lang='lat' dir='ltr'><strong>veritate.</strong></span> <span class='ocrx_word' id='word_1_677' title='bbox 1210 4251 1235 4289; x_wconf 72' lang='grc' dir='ltr'>ι</span> <span class='ocrx_word' id='word_1_678' title='bbox 1269 4228 1374 4293; x_wconf 92' lang='lat' dir='ltr'><strong>Cui</strong></span> <span class='ocrx_word' id='word_1_679' title='bbox 1406 4230 1579 4292; x_wconf 90' lang='lat' dir='ltr'><strong>etiam</strong></span> <span class='ocrx_word' id='word_1_680' title='bbox 1611 4225 1872 4295; x_wconf 81' lang='lat' dir='ltr'><strong>decimas</strong></span> <span class='ocrx_word' id='word_1_681' title='bbox 1902 4235 2068 4297; x_wconf 85' lang='lat' dir='ltr'><strong>dedit</strong></span> 
     </span>
    </p>
   </div>
   <div class='ocr_carea' id='block_1_91' title="bbox 2158 4225 3792 4315">
    <p class='ocr_par' dir='ltr' id='par_1_91' title="bbox 2158 4225 3792 4312">
     <span class='ocr_line' id='line_1_91' title="bbox 2158 4225 3792 4312; baseline -0.002 -25"><span class='ocrx_word' id='word_1_682' title='bbox 2158 4230 2285 4287; x_wconf 68' lang='grc' dir='ltr'>ἄλλα</span> <span class='ocrx_word' id='word_1_683' title='bbox 2354 4234 2487 4289; x_wconf 80' lang='grc' dir='ltr'>κατᾶ</span> <span class='ocrx_word' id='word_1_684' title='bbox 2556 4229 2712 4298; x_wconf 81' lang='grc' dir='ltr'>σέϐας</span> <span class='ocrx_word' id='word_1_685' title='bbox 2769 4235 2857 4289; x_wconf 88' lang='grc' dir='ltr'><strong>καὶ</strong></span> <span class='ocrx_word' id='word_1_686' title='bbox 2913 4233 3096 4312; x_wconf 78' lang='grc' dir='ltr'>τιμὴν,</span> <span class='ocrx_word' id='word_1_687' title='bbox 3169 4231 3345 4306; x_wconf 78' lang='grc' dir='ltr'>ὥσπερ</span> <span class='ocrx_word' id='word_1_688' title='bbox 3401 4230 3652 4310; x_wconf 69' lang='grc' dir='ltr'>ἀπαρχὰς</span> <span class='ocrx_word' id='word_1_689' title='bbox 3709 4225 3792 4284; x_wconf 83' lang='grc' dir='ltr'>δι·-</span> 
     </span>
    </p>
   </div>
   <div class='ocr_carea' id='block_1_92' title="bbox 422 4318 2073 4403">
    <p class='ocr_par' dir='ltr' id='par_1_92' title="bbox 422 4318 2073 4403">
     <span class='ocr_line' id='line_1_92' title="bbox 422 4318 2073 4403; baseline -0.001 -16"><span class='ocrx_word' id='word_1_690' title='bbox 422 4324 740 4387; x_wconf 86' lang='lat' dir='ltr'><strong>Abraham.</strong></span> <span class='ocrx_word' id='word_1_691' title='bbox 775 4346 800 4376; x_wconf 71' lang='grc' dir='ltr'><strong>ι</strong></span> <span class='ocrx_word' id='word_1_692' title='bbox 833 4319 960 4382; x_wconf 91' lang='lat' dir='ltr'><strong>Non</strong></span> <span class='ocrx_word' id='word_1_693' title='bbox 994 4327 1207 4400; x_wconf 87' lang='lat' dir='ltr'><strong>potest,</strong></span> <span class='ocrx_word' id='word_1_694' title='bbox 1241 4318 1450 4400; x_wconf 79' lang='lat' dir='ltr'><strong>inquit.</strong></span> <span class='ocrx_word' id='word_1_695' title='bbox 1482 4319 1600 4381; x_wconf 90' lang='lat' dir='ltr'><strong>dici</strong></span> <span class='ocrx_word' id='word_1_696' title='bbox 1631 4320 1786 4401; x_wconf 91' lang='lat' dir='ltr'><strong>quod</strong></span> <span class='ocrx_word' id='word_1_697' title='bbox 1827 4322 1939 4403; x_wconf 84' lang='lat' dir='ltr'><strong>ipsl</strong></span> <span class='ocrx_word' id='word_1_698' title='bbox 1968 4324 2073 4387; x_wconf 79' lang='lat' dir='ltr'><strong>de-</strong></span> 
     </span>
    </p>
   </div>
   <div class='ocr_carea' id='block_1_93' title="bbox 2158 4318 3795 4403">
    <p class='ocr_par' dir='ltr' id='par_1_93' title="bbox 2158 4318 3795 4403">
     <span class='ocr_line' id='line_1_93' title="bbox 2158 4318 3795 4403; baseline -0.003 -25"><span class='ocrx_word' id='word_1_699' title='bbox 2158 4319 2296 4385; x_wconf 84' lang='grc' dir='ltr'>δούς,</span> <span class='ocrx_word' id='word_1_700' title='bbox 2339 4344 2363 4379; x_wconf 74' lang='grc' dir='ltr'><strong>ε</strong></span> <span class='ocrx_word' id='word_1_701' title='bbox 2412 4319 2506 4379; x_wconf 83' lang='grc' dir='ltr'>Ἐκ</span> <span class='ocrx_word' id='word_1_702' title='bbox 2560 4328 2666 4379; x_wconf 83' lang='grc' dir='ltr'><strong>τῶν</strong></span> <span class='ocrx_word' id='word_1_703' title='bbox 2720 4322 3042 4403; x_wconf 79' lang='grc' dir='ltr'>ἀκροθινίων.</span> <span class='ocrx_word' id='word_1_704' title='bbox 3079 4342 3108 4381; x_wconf 75' lang='grc' dir='ltr'><strong><em>ι</em></strong></span> <span class='ocrx_word' id='word_1_705' title='bbox 3158 4320 3254 4379; x_wconf 82' lang='grc' dir='ltr'>Ἐκ</span> <span class='ocrx_word' id='word_1_706' title='bbox 3321 4321 3425 4378; x_wconf 78' lang='grc' dir='ltr'>τῶν</span> <span class='ocrx_word' id='word_1_707' title='bbox 3475 4318 3678 4376; x_wconf 88' lang='grc' dir='ltr'>σκύλων</span> <span class='ocrx_word' id='word_1_708' title='bbox 3708 4318 3795 4374; x_wconf 80' lang='grc' dir='ltr'>καὶ</span> 
     </span>
    </p>
   </div>
   <div class='ocr_carea' id='block_1_94' title="bbox 426 4406 2073 4493">
    <p class='ocr_par' dir='ltr' id='par_1_94' title="bbox 426 4406 2071 4493">
     <span class='ocr_line' id='line_1_94' title="bbox 426 4406 2071 4493; baseline -0.001 -18"><span class='ocrx_word' id='word_1_709' title='bbox 426 4414 612 4476; x_wconf 86' lang='lat' dir='ltr'><strong>cimas</strong></span> <span class='ocrx_word' id='word_1_710' title='bbox 642 4410 877 4473; x_wconf 87' lang='lat' dir='ltr'><strong>dederit</strong></span> <span class='ocrx_word' id='word_1_711' title='bbox 908 4418 1186 4489; x_wconf 82' lang='lat' dir='ltr'><strong>tanquam</strong></span> <span class='ocrx_word' id='word_1_712' title='bbox 1220 4407 1273 4470; x_wconf 90' lang='lat' dir='ltr'><strong>ei</strong></span> <span class='ocrx_word' id='word_1_713' title='bbox 1313 4407 1411 4487; x_wconf 90' lang='lat' dir='ltr'><strong>qui</strong></span> <span class='ocrx_word' id='word_1_714' title='bbox 1444 4406 1582 4470; x_wconf 85' lang='lat' dir='ltr'><strong>belli</strong></span> <span class='ocrx_word' id='word_1_715' title='bbox 1614 4409 1909 4493; x_wconf 87' lang='lat' dir='ltr'><strong>particeps</strong></span> <span class='ocrx_word' id='word_1_716' title='bbox 1939 4412 2071 4475; x_wconf 83' lang='lat' dir='ltr'><strong>lue-</strong></span> 
     </span>
    </p>
   </div>
   <div class='ocr_carea' id='block_1_95' title="bbox 2158 4406 3794 4493">
    <p class='ocr_par' dir='ltr' id='par_1_95' title="bbox 2158 4407 3794 4491">
     <span class='ocr_line' id='line_1_95' title="bbox 2158 4407 3794 4491; baseline -0.002 -26"><span class='ocrx_word' id='word_1_717' title='bbox 2158 4408 2419 4491; x_wconf 81' lang='grc' dir='ltr'>λαιρύρων.</span> <span class='ocrx_word' id='word_1_718' title='bbox 2471 4412 2528 4468; x_wconf 77' lang='grc' dir='ltr'><strong>Εἰ</strong></span> <span class='ocrx_word' id='word_1_719' title='bbox 2574 4407 2629 4466; x_wconf 70' lang='grc' dir='ltr'>δὲ</span> <span class='ocrx_word' id='word_1_720' title='bbox 2697 4417 2790 4467; x_wconf 82' lang='grc' dir='ltr'><strong>τοῦ</strong></span> <span class='ocrx_word' id='word_1_721' title='bbox 2845 4411 3174 4491; x_wconf 85' lang='grc' dir='ltr'>πατριάρχου</span> <span class='ocrx_word' id='word_1_722' title='bbox 3230 4408 3422 4487; x_wconf 78' lang='grc' dir='ltr'>μείζων</span> <span class='ocrx_word' id='word_1_723' title='bbox 3477 4408 3589 4476; x_wconf 85' lang='grc' dir='ltr'>(καὶ</span> <span class='ocrx_word' id='word_1_724' title='bbox 3642 4412 3794 4463; x_wconf 82' lang='grc' dir='ltr'>τοῦτο</span> 
     </span>
    </p>
   </div>
   <div class='ocr_carea' id='block_1_96' title="bbox 422 4495 2073 4582">
    <p class='ocr_par' dir='ltr' id='par_1_96' title="bbox 422 4496 2069 4582">
     <span class='ocr_line' id='line_1_96' title="bbox 422 4496 2069 4582; baseline -0.002 -18"><span class='ocrx_word' id='word_1_725' title='bbox 422 4514 538 4566; x_wconf 90' lang='lat' dir='ltr'><strong>rat.</strong></span> <span class='ocrx_word' id='word_1_726' title='bbox 573 4500 896 4582; x_wconf 87' lang='lat' dir='ltr'><strong>Propterea</strong></span> <span class='ocrx_word' id='word_1_727' title='bbox 920 4498 1082 4560; x_wconf 87' lang='lat' dir='ltr'><strong>enim</strong></span> <span class='ocrx_word' id='word_1_728' title='bbox 1111 4504 1287 4559; x_wconf 89' lang='lat' dir='ltr'><strong>antea</strong></span> <span class='ocrx_word' id='word_1_729' title='bbox 1318 4496 1547 4558; x_wconf 79' lang='lat' dir='ltr'><strong>dixerat</strong></span> <span class='ocrx_word' id='word_1_730' title='bbox 1567 4497 1720 4578; x_wconf 91' lang='lat' dir='ltr'><strong>quod</strong></span> <span class='ocrx_word' id='word_1_731' title='bbox 1752 4499 2069 4564; x_wconf 84' lang='lat' dir='ltr'><strong>revertenti</strong></span> 
     </span>
    </p>
   </div>
   <div class='ocr_carea' id='block_1_97' title="bbox 2158 4495 3796 4582">
    <p class='ocr_par' dir='ltr' id='par_1_97' title="bbox 2158 4495 3796 4579">
     <span class='ocr_line' id='line_1_97' title="bbox 2158 4495 3796 4579; baseline -0.002 -25"><span class='ocrx_word' id='word_1_732' title='bbox 2158 4496 2313 4566; x_wconf 81' lang='grc' dir='ltr'>δηλοῖ</span> <span class='ocrx_word' id='word_1_733' title='bbox 2340 4501 2375 4564; x_wconf 72' lang='grc' dir='ltr'>ἦ</span> <span class='ocrx_word' id='word_1_734' title='bbox 2404 4506 2510 4556; x_wconf 83' lang='grc' dir='ltr'>τῶν</span> <span class='ocrx_word' id='word_1_735' title='bbox 2538 4496 2767 4557; x_wconf 83' lang='grc' dir='ltr'>δεκατῶν</span> <span class='ocrx_word' id='word_1_736' title='bbox 2799 4497 2984 4579; x_wconf 85' lang='grc' dir='ltr'>δόσις),</span> <span class='ocrx_word' id='word_1_737' title='bbox 3055 4498 3237 4574; x_wconf 90' lang='grc' dir='ltr'>πολλῷ</span> <span class='ocrx_word' id='word_1_738' title='bbox 3267 4496 3469 4573; x_wconf 76' lang='grc' dir='ltr'>μᾶλλον</span> <span class='ocrx_word' id='word_1_739' title='bbox 3522 4501 3626 4552; x_wconf 86' lang='grc' dir='ltr'>τῶν</span> <span class='ocrx_word' id='word_1_740' title='bbox 3653 4495 3796 4573; x_wconf 72' lang='grc' dir='ltr'>παρὰ</span> 
     </span>
    </p>
   </div>
   <div class='ocr_carea' id='block_1_98' title="bbox 421 4584 2071 4655">
    <p class='ocr_par' dir='ltr' id='par_1_98' title="bbox 421 4584 2071 4655">
     <span class='ocr_line' id='line_1_98' title="bbox 421 4584 2071 4655; baseline -0.002 0"><span class='ocrx_word' id='word_1_741' title='bbox 421 4610 457 4655; x_wconf 90' lang='lat' dir='ltr'><strong>a</strong></span> <span class='ocrx_word' id='word_1_742' title='bbox 482 4590 643 4653; x_wconf 58' lang='lat' dir='ltr'><strong>caede</strong></span> <span class='ocrx_word' id='word_1_743' title='bbox 679 4587 935 4651; x_wconf 90' lang='lat' dir='ltr'><strong>occurrit</strong></span> <span class='ocrx_word' id='word_1_744' title='bbox 971 4606 984 4650; x_wconf 91' lang='lat'>:</span> <span class='ocrx_word' id='word_1_745' title='bbox 1019 4585 1122 4648; x_wconf 90' lang='lat' dir='ltr'><strong>sed</strong></span> <span class='ocrx_word' id='word_1_746' title='bbox 1151 4605 1217 4647; x_wconf 79' lang='lat' dir='ltr'><strong>ex</strong></span> <span class='ocrx_word' id='word_1_747' title='bbox 1255 4584 1589 4648; x_wconf 79' lang='lat' dir='ltr'><strong>reverentia</strong></span> <span class='ocrx_word' id='word_1_748' title='bbox 1630 4596 1686 4648; x_wconf 90' lang='lat' dir='ltr'><strong>et</strong></span> <span class='ocrx_word' id='word_1_749' title='bbox 1715 4588 1942 4651; x_wconf 90' lang='lat' dir='ltr'><strong>honore</strong></span> <span class='ocrx_word' id='word_1_750' title='bbox 1970 4609 2071 4652; x_wconf 87' lang='lat' dir='ltr'><strong>ve-</strong></span> 
     </span>
    </p>
   </div>
   <div class='ocr_carea' id='block_1_99' title="bbox 423 4674 2078 4758">
    <p class='ocr_par' dir='ltr' id='par_1_99' title="bbox 423 4674 2078 4758">
     <span class='ocr_line' id='line_1_99' title="bbox 423 4674 2078 4758; baseline -0.001 -16"><span class='ocrx_word' id='word_1_751' title='bbox 423 4679 528 4743; x_wconf 90' lang='lat' dir='ltr'><strong>luti</strong></span> <span class='ocrx_word' id='word_1_752' title='bbox 564 4678 860 4758; x_wconf 82' lang='lat' dir='ltr'><strong>primitias</strong></span> <span class='ocrx_word' id='word_1_753' title='bbox 907 4675 1093 4740; x_wconf 91' lang='lat' dir='ltr'><strong>dedit.</strong></span> <span class='ocrx_word' id='word_1_754' title='bbox 1134 4700 1157 4731; x_wconf 84' lang='lat'><strong>«</strong></span> <span class='ocrx_word' id='word_1_755' title='bbox 1194 4674 1279 4736; x_wconf 92' lang='lat' dir='ltr'><strong>De</strong></span> <span class='ocrx_word' id='word_1_756' title='bbox 1310 4675 1540 4755; x_wconf 80' lang='lat' dir='ltr'><strong>spoliis.</strong></span> <span class='ocrx_word' id='word_1_757' title='bbox 1578 4698 1603 4736; x_wconf 72' lang='grc' dir='ltr'><strong>ι</strong></span> <span class='ocrx_word' id='word_1_758' title='bbox 1652 4675 1736 4737; x_wconf 91' lang='lat' dir='ltr'><strong>De</strong></span> <span class='ocrx_word' id='word_1_759' title='bbox 1764 4678 1988 4739; x_wconf 78' lang='lat' dir='ltr'><strong>exuviis</strong></span> <span class='ocrx_word' id='word_1_760' title='bbox 2017 4685 2078 4740; x_wconf 89' lang='lat' dir='ltr'><strong>et</strong></span> 
     </span>
    </p>
   </div>
   <div class='ocr_carea' id='block_1_100' title="bbox 423 4764 2077 4848">
    <p class='ocr_par' dir='ltr' id='par_1_100' title="bbox 423 4764 2077 4848">
     <span class='ocr_line' id='line_1_100' title="bbox 423 4764 2077 4848; baseline -0.002 -16"><span class='ocrx_word' id='word_1_761' title='bbox 423 4769 625 4848; x_wconf 70' lang='lat' dir='ltr'><strong>praeda</strong></span> <span class='ocrx_word' id='word_1_762' title='bbox 694 4767 862 4841; x_wconf 91' lang='lat' dir='ltr'><strong>Quod</strong></span> <span class='ocrx_word' id='word_1_763' title='bbox 903 4766 951 4828; x_wconf 91' lang='lat' dir='ltr'><strong>si</strong></span> <span class='ocrx_word' id='word_1_764' title='bbox 981 4766 1111 4847; x_wconf 92' lang='lat' dir='ltr'><strong>ipso</strong></span> <span class='ocrx_word' id='word_1_765' title='bbox 1148 4764 1477 4846; x_wconf 78' lang='lat' dir='ltr'><strong>patriarcha</strong></span> <span class='ocrx_word' id='word_1_766' title='bbox 1510 4765 1701 4845; x_wconf 89' lang='lat' dir='ltr'><strong>major</strong></span> <span class='ocrx_word' id='word_1_767' title='bbox 1728 4774 1853 4827; x_wconf 90' lang='lat' dir='ltr'><strong>erat</strong></span> <span class='ocrx_word' id='word_1_768' title='bbox 1887 4785 1900 4830; x_wconf 95' lang='lat'>:</span> <span class='ocrx_word' id='word_1_769' title='bbox 1936 4769 2077 4828; x_wconf 77' lang='lat'><strong>566</strong></span> 
     </span>
    </p>
   </div>
   <div class='ocr_carea' id='block_1_101' title="bbox 2157 4586 3794 4667">
    <p class='ocr_par' dir='ltr' id='par_1_101' title="bbox 2157 4586 3794 4667">
     <span class='ocr_line' id='line_1_101' title="bbox 2157 4586 3794 4667; baseline -0.004 -21"><span class='ocrx_word' id='word_1_770' title='bbox 2157 4586 2422 4652; x_wconf 72' lang='grc' dir='ltr'>Ἰουδαίοις</span> <span class='ocrx_word' id='word_1_771' title='bbox 2482 4587 2692 4667; x_wconf 76' lang='grc' dir='ltr'>ἱέρέων.</span> <span class='ocrx_word' id='word_1_772' title='bbox 2752 4590 2824 4646; x_wconf 74' lang='lat'><strong>06</strong></span> <span class='ocrx_word' id='word_1_773' title='bbox 2913 4590 3013 4667; x_wconf 79' lang='grc' dir='ltr'><strong>γὰρ</strong></span> <span class='ocrx_word' id='word_1_774' title='bbox 3089 4586 3272 4651; x_wconf 82' lang='grc' dir='ltr'>ἆπλῶς</span> <span class='ocrx_word' id='word_1_775' title='bbox 3370 4589 3399 4643; x_wconf 94' lang='lat'><strong>6</strong></span> <span class='ocrx_word' id='word_1_776' title='bbox 3455 4606 3794 4665; x_wconf 67' lang='grc' dir='ltr'>πατριάρχης</span> 
     </span>
    </p>
   </div>
   <div class='ocr_carea' id='block_1_102' title="bbox 2156 4674 3793 4757">
    <p class='ocr_par' dir='ltr' id='par_1_102' title="bbox 2156 4674 3793 4757">
     <span class='ocr_line' id='line_1_102' title="bbox 2156 4674 3793 4757; baseline -0.004 -23"><span class='ocrx_word' id='word_1_777' title='bbox 2156 4680 2484 4757; x_wconf 84' lang='grc' dir='ltr'>πρόσκειται,</span> <span class='ocrx_word' id='word_1_778' title='bbox 2530 4674 2648 4733; x_wconf 78' lang='grc' dir='ltr'>ἀλλ’</span> <span class='ocrx_word' id='word_1_779' title='bbox 2681 4677 2770 4734; x_wconf 81' lang='grc' dir='ltr'><strong>ἴνα</strong></span> <span class='ocrx_word' id='word_1_780' title='bbox 2812 4675 2973 4754; x_wconf 77' lang='grc' dir='ltr'>δείξῃ,</span> <span class='ocrx_word' id='word_1_781' title='bbox 3035 4679 3078 4733; x_wconf 78' lang='grc' dir='ltr'><strong>εί</strong></span> <span class='ocrx_word' id='word_1_782' title='bbox 3131 4678 3159 4732; x_wconf 90' lang='lat'><strong>6</strong></span> <span class='ocrx_word' id='word_1_783' title='bbox 3214 4675 3576 4756; x_wconf 76' lang='grc' dir='ltr'>πατριάρχης,</span> <span class='ocrx_word' id='word_1_784' title='bbox 3611 4675 3793 4754; x_wconf 73' lang='grc' dir='ltr'>φησὶν,</span> 
     </span>
    </p>
   </div>
   <div class='ocr_carea' id='block_1_103' title="bbox 2157 4764 3499 4846">
    <p class='ocr_par' dir='ltr' id='par_1_103' title="bbox 2157 4764 3499 4846">
     <span class='ocr_line' id='line_1_103' title="bbox 2157 4764 3499 4846; baseline -0.001 -24"><span class='ocrx_word' id='word_1_785' title='bbox 2157 4765 2343 4840; x_wconf 73' lang='grc' dir='ltr'>ἔδωκε,</span> <span class='ocrx_word' id='word_1_786' title='bbox 2401 4771 2453 4823; x_wconf 85' lang='grc' dir='ltr'><strong>τί</strong></span> <span class='ocrx_word' id='word_1_787' title='bbox 2492 4764 2575 4823; x_wconf 89' lang='grc' dir='ltr'><strong>δεῖ</strong></span> <span class='ocrx_word' id='word_1_788' title='bbox 2604 4767 2720 4844; x_wconf 84' lang='grc' dir='ltr'>περὶ</span> <span class='ocrx_word' id='word_1_789' title='bbox 2746 4765 2927 4845; x_wconf 82' lang='grc' dir='ltr'>ἱερέων</span> <span class='ocrx_word' id='word_1_790' title='bbox 2956 4764 3169 4846; x_wconf 65' lang='grc' dir='ltr'>λέγειν,</span> <span class='ocrx_word' id='word_1_791' title='bbox 3493 4800 3499 4806; x_wconf 90' lang='grc'><strong>-</strong></span> 
     </span>
    </p>
   </div>
   <div class='ocr_carea' id='block_1_104' title="bbox 420 4849 3799 4938">
    <p class='ocr_par' dir='ltr' id='par_1_104' title="bbox 420 4849 3799 4938">
     <span class='ocr_line' id='line_1_104' title="bbox 420 4849 3799 4938; baseline -0.003 -16"><span class='ocrx_word' id='word_1_792' title='bbox 420 4868 478 4923; x_wconf 92' lang='lat' dir='ltr'><strong>et</strong></span> <span class='ocrx_word' id='word_1_793' title='bbox 505 4860 618 4921; x_wconf 90' lang='lat' dir='ltr'><strong>hoc</strong></span> <span class='ocrx_word' id='word_1_794' title='bbox 648 4858 941 4938; x_wconf 86' lang='lat' dir='ltr'><strong>signiﬁcat</strong></span> <span class='ocrx_word' id='word_1_795' title='bbox 972 4854 1338 4918; x_wconf 86' lang='lat' dir='ltr'><strong>decimarum</strong></span> <span class='ocrx_word' id='word_1_796' title='bbox 1374 4852 1610 4917; x_wconf 88' lang='lat' dir='ltr'><strong>traditio</strong></span> <span class='ocrx_word' id='word_1_797' title='bbox 1645 4874 1659 4915; x_wconf 91' lang='lat'><strong>:</strong></span> <span class='ocrx_word' id='word_1_798' title='bbox 1699 4855 1882 4917; x_wconf 90' lang='lat' dir='ltr'><strong>multo</strong></span> <span class='ocrx_word' id='word_1_799' title='bbox 1914 4857 2101 4937; x_wconf 87' lang='lat' dir='ltr'><strong>magis</strong></span> <span class='ocrx_word' id='word_1_800' title='bbox 2130 4854 2542 4918; x_wconf 88' lang='lat' dir='ltr'><strong>sacerdotibus</strong></span> <span class='ocrx_word' id='word_1_801' title='bbox 2569 4854 2931 4918; x_wconf 66' lang='lat' dir='ltr'><strong>Judaaorum.</strong></span> <span class='ocrx_word' id='word_1_802' title='bbox 2957 4856 3087 4918; x_wconf 89' lang='lat' dir='ltr'><strong>Non</strong></span> <span class='ocrx_word' id='word_1_803' title='bbox 3108 4852 3267 4916; x_wconf 91' lang='lat' dir='ltr'><strong>enim</strong></span> <span class='ocrx_word' id='word_1_804' title='bbox 3297 4860 3525 4916; x_wconf 89' lang='lat' dir='ltr'><strong>temere</strong></span> <span class='ocrx_word' id='word_1_805' title='bbox 3556 4849 3799 4933; x_wconf 86' lang='lat' dir='ltr'><strong>patriar-</strong></span> 
     </span>
    </p>
   </div>
   <div class='ocr_carea' id='block_1_105' title="bbox 418 4941 3797 5026">
    <p class='ocr_par' dir='ltr' id='par_1_105' title="bbox 418 4941 3797 5026">
     <span class='ocr_line' id='line_1_105' title="bbox 418 4941 3797 5026; baseline -0.001 -15"><span class='ocrx_word' id='word_1_806' title='bbox 418 4948 532 5011; x_wconf 90' lang='lat' dir='ltr'><strong>cha</strong></span> <span class='ocrx_word' id='word_1_807' title='bbox 561 4946 913 5010; x_wconf 88' lang='lat' dir='ltr'><strong>adducitur:</strong></span> <span class='ocrx_word' id='word_1_808' title='bbox 947 4944 1048 5008; x_wconf 86' lang='lat' dir='ltr'><strong>sed</strong></span> <span class='ocrx_word' id='word_1_809' title='bbox 1085 4951 1148 5006; x_wconf 90' lang='lat' dir='ltr'><strong>ut</strong></span> <span class='ocrx_word' id='word_1_810' title='bbox 1176 4942 1445 5006; x_wconf 82' lang='lat' dir='ltr'><strong>ostendat</strong></span> <span class='ocrx_word' id='word_1_811' title='bbox 1475 4943 1631 5024; x_wconf 91' lang='lat' dir='ltr'><strong>quod</strong></span> <span class='ocrx_word' id='word_1_812' title='bbox 1665 4942 1713 5004; x_wconf 89' lang='lat' dir='ltr'><strong>si</strong></span> <span class='ocrx_word' id='word_1_813' title='bbox 1748 4944 2107 5025; x_wconf 84' lang='lat' dir='ltr'><strong>patriarcha,</strong></span> <span class='ocrx_word' id='word_1_814' title='bbox 2142 4944 2354 5026; x_wconf 85' lang='lat' dir='ltr'><strong>inquit,</strong></span> <span class='ocrx_word' id='word_1_815' title='bbox 2389 4943 2578 5021; x_wconf 83' lang='lat' dir='ltr'><strong>dedit,</strong></span> <span class='ocrx_word' id='word_1_816' title='bbox 2612 4943 2753 5025; x_wconf 90' lang='lat' dir='ltr'><strong>quid</strong></span> <span class='ocrx_word' id='word_1_817' title='bbox 2784 4943 2861 5007; x_wconf 83' lang='lat' dir='ltr'><strong>de</strong></span> <span class='ocrx_word' id='word_1_818' title='bbox 2882 4941 3293 5006; x_wconf 88' lang='lat' dir='ltr'><strong>sacerdotibus</strong></span> <span class='ocrx_word' id='word_1_819' title='bbox 3323 4942 3643 5005; x_wconf 89' lang='lat' dir='ltr'><strong>dicendum</strong></span> <span class='ocrx_word' id='word_1_820' title='bbox 3673 4945 3797 5007; x_wconf 86' lang='lat' dir='ltr'><strong>est?</strong></span> 
     </span>
    </p>
   </div>
   <div class='ocr_carea' id='block_1_106' title="bbox 496 5139 2066 5225">
    <p class='ocr_par' dir='ltr' id='par_1_106' title="bbox 496 5139 2066 5225">
     <span class='ocr_line' id='line_1_106' title="bbox 496 5139 2066 5225; baseline -0.003 -16"><span class='ocrx_word' id='word_1_821' title='bbox 496 5144 597 5218; x_wconf 88' lang='lat' dir='ltr'><strong>Vl,</strong></span> <span class='ocrx_word' id='word_1_822' title='bbox 636 5144 762 5205; x_wconf 82' lang='grc'><strong>5-7.</strong></span> <span class='ocrx_word' id='word_1_823' title='bbox 820 5144 1010 5225; x_wconf 81' lang='lat' dir='ltr'><strong>Atque</strong></span> <span class='ocrx_word' id='word_1_824' title='bbox 1056 5143 1107 5203; x_wconf 74' lang='lat' dir='ltr'><strong>ii</strong></span> <span class='ocrx_word' id='word_1_825' title='bbox 1156 5159 1262 5221; x_wconf 74' lang='lat' dir='ltr'><strong>qut</strong></span> <span class='ocrx_word' id='word_1_826' title='bbox 1317 5160 1348 5202; x_wconf 75' lang='grc' dir='ltr'><strong>ε</strong></span> <span class='ocrx_word' id='word_1_827' title='bbox 1391 5139 1537 5221; x_wconf 80' lang='lat' dir='ltr'><strong>ﬁliis</strong></span> <span class='ocrx_word' id='word_1_828' title='bbox 1570 5141 1711 5203; x_wconf 78' lang='lat' dir='ltr'><strong>Levi</strong></span> <span class='ocrx_word' id='word_1_829' title='bbox 1739 5140 2066 5204; x_wconf 74' lang='lat' dir='ltr'><strong>sacerdotii</strong></span> 
     </span>
    </p>
   </div>
   <div class='ocr_carea' id='block_1_107' title="bbox 414 5228 2057 5314">
    <p class='ocr_par' dir='ltr' id='par_1_107' title="bbox 414 5228 2057 5314">
     <span class='ocr_line' id='line_1_107' title="bbox 414 5228 2057 5314; baseline -0.004 -17"><span class='ocrx_word' id='word_1_830' title='bbox 414 5235 787 5314; x_wconf 68' lang='lat' dir='ltr'><strong>[unctionem</strong></span> <span class='ocrx_word' id='word_1_831' title='bbox 817 5239 1091 5301; x_wconf 81' lang='lat' dir='ltr'><strong>sumunt,</strong></span> <span class='ocrx_word' id='word_1_832' title='bbox 1143 5239 1511 5310; x_wconf 69' lang='lat' dir='ltr'><strong>prtrcrplum</strong></span> <span class='ocrx_word' id='word_1_833' title='bbox 1544 5228 1763 5293; x_wconf 80' lang='lat' dir='ltr'><strong>habent</strong></span> <span class='ocrx_word' id='word_1_834' title='bbox 1797 5237 1864 5292; x_wconf 87' lang='lat' dir='ltr'><strong>ut</strong></span> <span class='ocrx_word' id='word_1_835' title='bbox 1904 5230 2057 5292; x_wconf 76' lang='lat' dir='ltr'><strong>deci-</strong></span> 
     </span>
    </p>
   </div>
   <div class='ocr_carea' id='block_1_108' title="bbox 413 5319 2069 5401">
    <p class='ocr_par' dir='ltr' id='par_1_108' title="bbox 413 5319 2069 5401">
     <span class='ocr_line' id='line_1_108' title="bbox 413 5319 2069 5401; baseline -0.002 -17"><span class='ocrx_word' id='word_1_836' title='bbox 413 5340 546 5384; x_wconf 86' lang='lat' dir='ltr'><strong>mas</strong></span> <span class='ocrx_word' id='word_1_837' title='bbox 596 5323 901 5401; x_wconf 82' lang='lat' dir='ltr'><strong>accipiant</strong></span> <span class='ocrx_word' id='word_1_838' title='bbox 948 5338 985 5382; x_wconf 91' lang='lat' dir='ltr'><strong>a</strong></span> <span class='ocrx_word' id='word_1_839' title='bbox 1020 5322 1239 5400; x_wconf 84' lang='lat' dir='ltr'><strong>populo</strong></span> <span class='ocrx_word' id='word_1_840' title='bbox 1277 5321 1466 5399; x_wconf 77' lang='lat' dir='ltr'><strong>jua‘la</strong></span> <span class='ocrx_word' id='word_1_841' title='bbox 1500 5326 1715 5397; x_wconf 72' lang='lat' dir='ltr'><strong>tegem,</strong></span> <span class='ocrx_word' id='word_1_842' title='bbox 1748 5319 1859 5381; x_wconf 83' lang='lat' dir='ltr'><strong>hoc</strong></span> <span class='ocrx_word' id='word_1_843' title='bbox 1889 5327 1997 5395; x_wconf 82' lang='lat' dir='ltr'><strong>est,</strong></span> <span class='ocrx_word' id='word_1_844' title='bbox 2032 5336 2069 5381; x_wconf 83' lang='grc' dir='ltr'><strong>α</strong></span> 
     </span>
    </p>
   </div>
   <div class='ocr_carea' id='block_1_109' title="bbox 411 5407 2063 5491">
    <p class='ocr_par' dir='ltr' id='par_1_109' title="bbox 411 5407 2063 5491">
     <span class='ocr_line' id='line_1_109' title="bbox 411 5407 2063 5491; baseline 0.001 -22"><span class='ocrx_word' id='word_1_845' title='bbox 411 5411 721 5491; x_wconf 77' lang='lat' dir='ltr'><strong>fratribus</strong></span> <span class='ocrx_word' id='word_1_846' title='bbox 749 5412 897 5483; x_wconf 84' lang='lat' dir='ltr'><strong>suis,</strong></span> <span class='ocrx_word' id='word_1_847' title='bbox 923 5409 1060 5473; x_wconf 80' lang='lat' dir='ltr'><strong>licet</strong></span> <span class='ocrx_word' id='word_1_848' title='bbox 1089 5409 1346 5491; x_wconf 74' lang='lat' dir='ltr'><strong>egressis</strong></span> <span class='ocrx_word' id='word_1_849' title='bbox 1375 5426 1452 5471; x_wconf 77' lang='lat' dir='ltr'><strong>ex</strong></span> <span class='ocrx_word' id='word_1_850' title='bbox 1488 5407 1703 5470; x_wconf 86' lang='lat' dir='ltr'><strong>lumbis</strong></span> <span class='ocrx_word' id='word_1_851' title='bbox 1730 5407 2063 5471; x_wconf 81' lang='lat' dir='ltr'><strong>Abraham.</strong></span> 
     </span>
    </p>
   </div>
   <div class='ocr_carea' id='block_1_110' title="bbox 420 5496 2069 5578">
    <p class='ocr_par' dir='ltr' id='par_1_110' title="bbox 420 5496 2069 5578">
     <span class='ocr_line' id='line_1_110' title="bbox 420 5496 2069 5578; baseline -0.004 -14"><span class='ocrx_word' id='word_1_852' title='bbox 420 5501 501 5564; x_wconf 86' lang='grc' dir='ltr'>Αι</span> <span class='ocrx_word' id='word_1_853' title='bbox 538 5504 591 5561; x_wconf 78' lang='lat' dir='ltr'><strong>is</strong></span> <span class='ocrx_word' id='word_1_854' title='bbox 638 5499 815 5578; x_wconf 87' lang='lat' dir='ltr'><strong>cujus</strong></span> <span class='ocrx_word' id='word_1_855' title='bbox 854 5516 1044 5578; x_wconf 78' lang='lat' dir='ltr'><strong>genus</strong></span> <span class='ocrx_word' id='word_1_856' title='bbox 1072 5515 1193 5560; x_wconf 77' lang='lat' dir='ltr'><strong>non</strong></span> <span class='ocrx_word' id='word_1_857' title='bbox 1238 5504 1584 5561; x_wconf 79' lang='lat' dir='ltr'><strong>recensetur</strong></span> <span class='ocrx_word' id='word_1_858' title='bbox 1621 5515 1696 5559; x_wconf 78' lang='lat' dir='ltr'><strong>ex</strong></span> <span class='ocrx_word' id='word_1_859' title='bbox 1725 5496 1846 5557; x_wconf 76' lang='lat' dir='ltr'><strong>illis</strong></span> <span class='ocrx_word' id='word_1_860' title='bbox 1901 5496 2069 5558; x_wconf 79' lang='lat' dir='ltr'><strong>deci-</strong></span> 
     </span>
    </p>
   </div>
   <div class='ocr_carea' id='block_1_111' title="bbox 419 5584 2067 5668">
    <p class='ocr_par' dir='ltr' id='par_1_111' title="bbox 419 5584 2067 5668">
     <span class='ocr_line' id='line_1_111' title="bbox 419 5584 2067 5668; baseline -0.004 -16"><span class='ocrx_word' id='word_1_861' title='bbox 419 5605 553 5652; x_wconf 84' lang='lat' dir='ltr'><strong>mus</strong></span> <span class='ocrx_word' id='word_1_862' title='bbox 585 5587 819 5668; x_wconf 77' lang='lat' dir='ltr'><strong>accepit</strong></span> <span class='ocrx_word' id='word_1_863' title='bbox 869 5586 946 5649; x_wconf 92' lang='lat' dir='ltr'><strong>ab</strong></span> <span class='ocrx_word' id='word_1_864' title='bbox 979 5585 1305 5667; x_wconf 73' lang='lat' dir='ltr'><strong>Abraham,</strong></span> <span class='ocrx_word' id='word_1_865' title='bbox 1353 5595 1413 5650; x_wconf 82' lang='lat' dir='ltr'><strong>el</strong></span> <span class='ocrx_word' id='word_1_866' title='bbox 1439 5584 1686 5649; x_wconf 73' lang='lat' dir='ltr'><strong>habenti</strong></span> <span class='ocrx_word' id='word_1_867' title='bbox 1711 5585 2067 5666; x_wconf 75' lang='lat' dir='ltr'><strong>promissio-</strong></span> 
     </span>
    </p>
   </div>
   <div class='ocr_carea' id='block_1_112' title="bbox 2234 5136 3797 5216">
    <p class='ocr_par' dir='ltr' id='par_1_112' title="bbox 2234 5136 3797 5216">
     <span class='ocr_line' id='line_1_112' title="bbox 2234 5136 3797 5216; baseline -0.003 -19"><span class='ocrx_word' id='word_1_868' title='bbox 2234 5165 2259 5197; x_wconf 82' lang='grc' dir='ltr'><strong>ιι</strong></span> <span class='ocrx_word' id='word_1_869' title='bbox 2300 5143 2396 5200; x_wconf 82' lang='grc' dir='ltr'><strong>Καὶ</strong></span> <span class='ocrx_word' id='word_1_870' title='bbox 2454 5144 2501 5198; x_wconf 90' lang='grc' dir='ltr'><strong>οἱ</strong></span> <span class='ocrx_word' id='word_1_871' title='bbox 2559 5141 2656 5216; x_wconf 74' lang='grc' dir='ltr'>μὲν</span> <span class='ocrx_word' id='word_1_872' title='bbox 2711 5141 2771 5198; x_wconf 78' lang='grc' dir='ltr'><strong>ἐκ</strong></span> <span class='ocrx_word' id='word_1_873' title='bbox 2838 5144 2943 5198; x_wconf 82' lang='grc' dir='ltr'><strong>τῶν</strong></span> <span class='ocrx_word' id='word_1_874' title='bbox 3002 5141 3127 5197; x_wconf 78' lang='grc' dir='ltr'>υἱῶν</span> <span class='ocrx_word' id='word_1_875' title='bbox 3181 5143 3307 5197; x_wconf 61' lang='grc' dir='ltr'>Δευλί</span> <span class='ocrx_word' id='word_1_876' title='bbox 3372 5140 3470 5207; x_wconf 74' lang='grc' dir='ltr'>τὴν</span> <span class='ocrx_word' id='word_1_877' title='bbox 3541 5136 3797 5216; x_wconf 84' lang='grc' dir='ltr'>ἱερατείαν</span> 
     </span>
    </p>
   </div>
   <div class='ocr_carea' id='block_1_113' title="bbox 2151 5225 3810 5310">
    <p class='ocr_par' dir='ltr' id='par_1_113' title="bbox 2151 5225 3810 5310">
     <span class='ocr_line' id='line_1_113' title="bbox 2151 5225 3810 5310; baseline -0.002 -24"><span class='ocrx_word' id='word_1_878' title='bbox 2151 5227 2533 5308; x_wconf 78' lang='grc' dir='ltr'>λαμϐάνοντες,</span> <span class='ocrx_word' id='word_1_879' title='bbox 2698 5228 2916 5298; x_wconf 76' lang='grc' dir='ltr'>ἐντολὴν</span> <span class='ocrx_word' id='word_1_880' title='bbox 3062 5227 3280 5310; x_wconf 75' lang='grc' dir='ltr'>ἔχουσιν</span> <span class='ocrx_word' id='word_1_881' title='bbox 3442 5225 3810 5303; x_wconf 36' lang='grc' dir='ltr'>ἇποόεκατοῦν,</span> 
     </span>
    </p>
   </div>
   <div class='ocr_carea' id='block_1_114' title="bbox 2151 5313 3796 5394">
    <p class='ocr_par' dir='ltr' id='par_1_114' title="bbox 2151 5313 3796 5394">
     <span class='ocr_line' id='line_1_114' title="bbox 2151 5313 3796 5394; baseline -0.002 -20"><span class='ocrx_word' id='word_1_882' title='bbox 2151 5320 2243 5374; x_wconf 79' lang='grc' dir='ltr'>τὸν</span> <span class='ocrx_word' id='word_1_883' title='bbox 2291 5316 2422 5375; x_wconf 82' lang='grc' dir='ltr'>λαὸν</span> <span class='ocrx_word' id='word_1_884' title='bbox 2472 5320 2608 5375; x_wconf 84' lang='grc' dir='ltr'>κατὰ</span> <span class='ocrx_word' id='word_1_885' title='bbox 2687 5320 2778 5375; x_wconf 79' lang='grc' dir='ltr'><strong>τὸν</strong></span> <span class='ocrx_word' id='word_1_886' title='bbox 2844 5318 3030 5394; x_wconf 80' lang='grc' dir='ltr'>νόμον,</span> <span class='ocrx_word' id='word_1_887' title='bbox 3100 5316 3362 5392; x_wconf 85' lang='grc' dir='ltr'>τουτέστι,</span> <span class='ocrx_word' id='word_1_888' title='bbox 3448 5317 3572 5382; x_wconf 76' lang='grc' dir='ltr'>τοὺς</span> <span class='ocrx_word' id='word_1_889' title='bbox 3637 5313 3796 5371; x_wconf 77' lang='grc' dir='ltr'>ἀδελ·-</span> 
     </span>
    </p>
   </div>
   <div class='ocr_carea' id='block_1_115' title="bbox 2152 5405 3798 5488">
    <p class='ocr_par' dir='ltr' id='par_1_115' title="bbox 2152 5405 3798 5488">
     <span class='ocr_line' id='line_1_115' title="bbox 2152 5405 3798 5488; baseline -0.004 -24"><span class='ocrx_word' id='word_1_890' title='bbox 2152 5409 2281 5488; x_wconf 79' lang='grc' dir='ltr'>φοὺς</span> <span class='ocrx_word' id='word_1_891' title='bbox 2349 5410 2543 5488; x_wconf 68' lang='grc' dir='ltr'>αὐτῶν,</span> <span class='ocrx_word' id='word_1_892' title='bbox 2641 5407 2836 5486; x_wconf 89' lang='grc' dir='ltr'>παίπερ</span> <span class='ocrx_word' id='word_1_893' title='bbox 2918 5405 3293 5475; x_wconf 74' lang='grc' dir='ltr'>ἐξεληλυθότας</span> <span class='ocrx_word' id='word_1_894' title='bbox 3387 5405 3448 5463; x_wconf 84' lang='grc' dir='ltr'><strong>ἐκ</strong></span> <span class='ocrx_word' id='word_1_895' title='bbox 3543 5410 3641 5471; x_wconf 83' lang='grc' dir='ltr'>τῆς</span> <span class='ocrx_word' id='word_1_896' title='bbox 3711 5405 3798 5459; x_wconf 83' lang='grc' dir='ltr'><strong>ὁσ-</strong></span> 
     </span>
    </p>
   </div>
   <div class='ocr_carea' id='block_1_116' title="bbox 2149 5488 3796 5577">
    <p class='ocr_par' dir='ltr' id='par_1_116' title="bbox 2149 5488 3796 5577">
     <span class='ocr_line' id='line_1_116' title="bbox 2149 5488 3796 5577; baseline -0.004 -23"><span class='ocrx_word' id='word_1_897' title='bbox 2149 5497 2276 5577; x_wconf 81' lang='grc' dir='ltr'>φύος</span> <span class='ocrx_word' id='word_1_898' title='bbox 2335 5494 2597 5573; x_wconf 80' lang='grc' dir='ltr'>Ἀϐραὰμ.</span> <span class='ocrx_word' id='word_1_899' title='bbox 2659 5488 2717 5556; x_wconf 67' lang='grc' dir='ltr'>Ὀ</span> <span class='ocrx_word' id='word_1_900' title='bbox 2788 5496 2844 5553; x_wconf 71' lang='grc' dir='ltr'>δὲ</span> <span class='ocrx_word' id='word_1_901' title='bbox 2902 5498 2981 5573; x_wconf 76' lang='grc' dir='ltr'>μὴ</span> <span class='ocrx_word' id='word_1_902' title='bbox 3036 5495 3516 5575; x_wconf 75' lang='grc' dir='ltr'>γενεαλογούμενος</span> <span class='ocrx_word' id='word_1_903' title='bbox 3567 5491 3620 5559; x_wconf 75' lang='grc' dir='ltr'>ἐξ</span> <span class='ocrx_word' id='word_1_904' title='bbox 3701 5492 3796 5548; x_wconf 72' lang='grc' dir='ltr'><strong>αὒ-</strong></span> 
     </span>
    </p>
   </div>
   <div class='ocr_carea' id='block_1_117' title="bbox 2148 5581 3800 5664">
    <p class='ocr_par' dir='ltr' id='par_1_117' title="bbox 2148 5581 3800 5664">
     <span class='ocr_line' id='line_1_117' title="bbox 2148 5581 3800 5664; baseline -0.003 -22"><span class='ocrx_word' id='word_1_905' title='bbox 2148 5592 2278 5664; x_wconf 80' lang='grc' dir='ltr'>τῶν,</span> <span class='ocrx_word' id='word_1_906' title='bbox 2352 5582 2680 5644; x_wconf 84' lang='grc' dir='ltr'>δεδεκάτωκε</span> <span class='ocrx_word' id='word_1_907' title='bbox 2735 5588 2826 5643; x_wconf 75' lang='grc' dir='ltr'><strong>τὸν</strong></span> <span class='ocrx_word' id='word_1_908' title='bbox 2908 5583 3172 5663; x_wconf 76' lang='grc' dir='ltr'>Ἀϐραὰμ,</span> <span class='ocrx_word' id='word_1_909' title='bbox 3256 5586 3344 5642; x_wconf 85' lang='grc' dir='ltr'><strong>καὶ</strong></span> <span class='ocrx_word' id='word_1_910' title='bbox 3425 5585 3514 5641; x_wconf 81' lang='grc' dir='ltr'><strong>τὸν</strong></span> <span class='ocrx_word' id='word_1_911' title='bbox 3604 5581 3800 5663; x_wconf 80' lang='grc' dir='ltr'>’έχοντα</span> 
     </span>
    </p>
   </div>
  </div>
