4152 6216
362 353 483 420 349

357 488 455 553 τὰς
550 486 892 568 ἐπαγγελίας,
1021 487 1301 569 εὖλόγηκε,

357 575 688 657 ἀντιλογίας,
750 579 814 635 16
866 577 1088 637 ἔλαττον
1150 580 1252 636 61:6
1327 586 1421 637 τοῦ
1472 578 1764 659 κρείττονος

356 679 566 744 γετται.
601 689 631 721 ι

446 744 577 811 uE1:
617 755 653 823 ἡ
683 755 984 824 κατασκευὴ
1005 754 1087 814 ὅτι
1108 760 1137 814 6
1180 757 1343 822 τύπος
1401 756 1497 815 τοῦ
1554 764 1780 839 Χριστοῦ
1823 755 2013 831 μείζων

1855 576 2011 638 εὔλο-

1451 353 1847 421 COMMENT.
1895 356 1977 417 IN
2024 353 2264 416 EPIST.
2312 356 2412 418 AD
2456 356 2683 418 HEBR.

1422 490 1590 571 Χωρῖς
1673 486 1729 545 δὲ
1836 489 2014 557 πάσης
2034 512 2077 549 Α
2096 503 2231 548 nem
2266 484 2604 552 benedixit.
2656 487 2853 552 Porro
2900 507 3073 555 nemo
3100 499 3285 573 negat
3317 494 3467 575 quin
3494 495 3561 559 id
3587 496 3749 575 quod

3629 360 3749 426 350

2097 575 2305 678 minus
2346 582 2449 678 est
2507 576 2582 640 ab
2625 594 2695 641 eo
2745 579 2904 659 quod
2932 583 3134 660 majus
3159 588 3247 645 est
3275 581 3747 647 benedictionem

2098 671 2506 842 (fossiliitrmat
2531 754 2688 835 quod
2723 754 2771 816 is
2800 756 2903 837 qui
2941 755 3160 820 Christi
3188 758 3376 839 ﬁgura
3404 768 3529 822 erat
3552 761 3743 842 major

357 849 467 899 τῶν
518 865 661 922 παρα
710 840 975 908 Ἰουδαίοις
1031 845 1237 926 ἱερέων,
1298 850 1359 906 0i
1415 847 1668 921 Λευῖται,
1726 845 1908 927 φησὶν,
1940 846 1995 903 ὧι

2099 839 2211 902 fuit
2236 842 2649 905 sacerdotibus
2680 843 3042 906 Judzeorum.
3076 844 3288 910 Levita;
3362 848 3576 929 inquit,
3609 839 3742 912 tau-

355 932 662 1012 τιμιώτεροι
719 935 865 995 ιντες
935 943 1031 995 τοῦ
1121 934 1311 994 λοιποῦ
1378 934 1534 1016 λαοῦ,
1615 934 1709 999 τὰς
1791 930 2012 997 δεκάτας

356 1020 840 1097 ἀπολαμϐάνουσιν.
918 1020 1068 1081 Ἐπεὶ
1123 1025 1173 1081 τί
1227 1023 1426 1096 δήποτε
1518 1024 1659 1103 παρὰ
1748 1020 2008 1102 ἀδελφῶν,

356 1112 454 1167 τὸν
495 1112 650 1171 αὐτὸν
706 1112 945 1192 ἐχόντων
1002 1112 1203 1193 πατέρα
1256 1111 1659 1190 λαμϐάνουσινς
1716 1109 1875 1180 δῆλον
1918 1111 2004 1168 οὖν

355 1201 435 1263 ὡς
462 1202 625 1275 τιμῆς
680 1203 768 1258 καὶ
809 1209 902 1260 τοῦ
956 1202 1259 1283 ἱερωτέρους
1317 1203 1482 1280 εἶναι,
1543 1198 1807 1278 συμϐολόν
1877 1202 2004 1257 εἰσιν

355 1291 409 1345 αἱ
467 1288 702 1351 δεκάται.
800 1298 1088 1372 Τοιγαροῦν
1186 1293 1273 1349 καὶ
1362 1295 1390 1348 6
1487 1288 1845 1372 Μελχισεδὲκ,
1918 1291 2005 1347 καὶ

352 1384 522 1434 ταῦτα
564 1376 854 1460 ἀλλόφυλος
884 1379 957 1437 ὢν
996 1381 1083 1437 καὶ
1126 1378 1577 1460 ἀγενεαλόγητος,
1647 1384 1742 1439 οὐκ
1772 1378 1834 1436 ἂν
1879 1379 2003 1459 παρ’

355 1469 515 1523 αὖτοῦ
543 1474 635 1525 τοῦ
664 1470 996 1550 πατριάρχου
1044 1468 1239 1550 εἴληφε
1295 1468 1539 1549 δεκάτας,
1573 1470 1618 1526 εἰ
1676 1469 1755 1545 μὴ
1812 1471 2003 1545 μεΞζῶν

351 1555 421 1623 ἦν
452 1557 629 1618 αὐτοῦ.
664 1562 752 1631 Τῷ
778 1559 877 1636 γὰρ
935 1558 1013 1633 μὴ
1057 1557 1167 1615 ὅντι
1229 1561 1427 1634 μείζονι
1484 1560 1578 1615 οὒκ
1633 1558 1694 1615 ἃν
1739 1555 1932 1615 ἔδωκεν
1975 1559 2003 1613 6

353 1640 620 1723 Ἀϐραάμ.
668 1647 725 1705 Εἰ
774 1644 829 1702 δὲ
884 1656 977 1706 τοῦ
1053 1648 1384 1727 πατριάρχου
1444 1646 1659 1724 μείζων,
1717 1644 1876 1714 δῆλον
1931 1648 2003 1709 ὡς

2096 950 2281 1022 quam
2304 934 2712 997 bonoratiorcs
2770 936 2828 998 in
2860 936 3076 1017 populo
3104 937 3368 1002 decimas
3394 940 3690 1022 accipiunt
3721 957 3740 1007 :

2093 1021 2387 1107 siquidem
2418 1043 2592 1105 quam
2624 1025 2699 1086 ob
2722 1043 2959 1087 causam
2983 1025 3203 1107 alioqui
3226 1046 3259 1089 a
3280 1021 3557 1091 fratribus
3578 1048 3744 1092 eum-

2087 1106 2224 1170 dem
2287 1119 2510 1191 patrem
2564 1112 2922 1175 habentibus
2961 1132 3062 1174 eas
3116 1106 3500 1195 acciperent?
3541 1117 3740 1179 mani-

2086 1195 2302 1260 festum
2332 1199 2531 1281 itaque
2562 1210 2649 1262 est
2680 1202 2837 1283 quod
2871 1202 3114 1263 honoris
3144 1202 3377 1281 signum
3407 1214 3611 1269 essent
3638 1206 3738 1269 de-

2088 1285 2565 1377 cimze,quo_dque
2588 1290 2675 1351 illi
2698 1290 3055 1354 secratiores
3071 1300 3239 1352 erant
3269 1292 3737 1377 caeterisJIaque

2087 1374 2488 1439 Melchisedec
2500 1397 2735 1459 quoque
2753 1398 2884 1441 cum
2903 1378 3310 1459 etalienigena
3335 1395 3495 1443 esset
3516 1374 3741 1462 ignoti-

2086 1481 2205 1544 que
2221 1466 2864 1549 generis,nequaquam
2884 1467 2959 1529 ab
2976 1468 3104 1550 ipso
3119 1468 3456 1549 patriarcha
3472 1470 3736 1536 decimas

2086 1554 2437 1641 accepisset,
2497 1556 2610 1617 nisi
2669 1576 2739 1618 eo
2793 1558 2985 1637 major
3038 1558 3286 1620 fuisset:
3341 1578 3534 1641 neque
3572 1561 3734 1624 enim

2086 1640 2348 1705 dedisset
2382 1644 2687 1707 Abraham
2723 1645 2836 1707 nisi
2868 1645 2923 1708 ei
2954 1647 3054 1728 qui
3087 1647 3277 1728 major
3305 1640 3463 1711 esset
3491 1651 3661 1725 Quod
3686 1651 3740 1716 si

353 1731 542 1822 πολλῷ
592 1735 784 1811 μείζων
825 1741 932 1792 τῶν
986 1737 1127 1816 παρᾶ
1186 1733 1452 1800 Ἰουδαίοις
1504 1734 1705 1816 ἱερέων,
1771 1758 1798 1790 α
1832 1732 1995 1792 Ἀπο-

2089 1728 2219 1822 ipso
2250 1734 2582 1813 patriarcha
2634 1735 2825 1815 major
2856 1745 3002 1810 erat,
3051 1736 3428 1800 manifestum
3464 1749 3550 1802 est
3578 1741 3738 1822 quod

352 1820 612 1880 δεκατοῦν
634 1825 725 1881 τὸν
770 1823 921 1887 λαόν,
965 1848 988 1880 ι
1057 1826 1292 1890 Δεκάτας
1365 1828 1484 1883 οἷον
1539 1822 1827 1900 λαμϐάνειν
1880 1820 2004 1903 παρ’

352 1915 553 1975 αὑτῶν,
592 1911 927 1990 Ἐλάμϐανον
958 1916 1058 1994 γὰρ
1113 1917 1160 1971 οἱ
1214 1920 1433 1971 Λευῖται
1479 1912 1700 1978 δεκάτας
1758 1915 1863 1972 ἀπὸ
1914 1920 2005 1970 τοῦ

351 1999 509 2065 λαοῦ,
548 2023 577 2056 ε
632 2003 828 2082 Καῐπερ
882 2001 1279 2071 ὲξεληλυθότας.
1324 2026 1346 2061 ι
1410 2003 1573 2063 Τοῦτό
1629 2024 1757 2084 φησι
1795 2021 1808 2035 ⁸
1869 2002 2002 2061 Καί-

352 2111 456 2168 περ
485 2091 755 2167 ὁμοτίμων
799 2090 964 2149 ὄντων
1012 2093 1150 2150 κατὰ
1198 2094 1268 2149 τὰ
1313 2090 1451 2149 ἄλλα
1504 2092 1696 2165 πάντα,
1758 2090 1902 2167 ὅμως
1944 2090 2005 2147 ἐκ

350 2188 467 2253 τοῦ,
503 2180 625 2246 τοὺς
674 2182 772 2257 μὲν
826 2179 1021 2238 διδόναι
1074 2180 1323 2259 δεκάτας,
1383 2182 1503 2246 τοὺς
1566 2180 1620 2238 δὲ
1689 2179 2000 2261 λαμϐάνειν,

349 2266 529 2337 πολλὴ
556 2270 592 2337 ἡ
618 2270 861 2350 ὑπεροχὴ
932 2268 1300 2333 ἔπιδείκνυται,
1336 2272 1395 2328 Εἰ
1437 2268 1491 2326 δέ
1549 2271 1766 2327 ἐνταῦθα
1821 2276 1998 2341 τοῦτο,

346 2354 513 2423 δῆλον
570 2356 652 2414 ὅτι
704 2361 791 2415 καὶ
874 2358 959 2417 ἐπὶ
1031 2368 1123 2418 τοῦ
1201 2359 1582 2439 ’Λϐραὰμκαί
1646 2358 1997 2439 Μελχισεδὲκ,

350 2455 442 2505 νοῦ
471 2447 549 2523 μὴ
578 2444 807 2524 δέοντος,
840 2456 932 2506 τοῦ
984 2447 1038 2506 δὲ
1092 2438 1372 2513 λαϐόντος.
1436 2438 1611 2506 ’Ὥστε
1660 2451 1688 2505 6
1744 2438 1836 2505 τοῦ
1865 2456 1999 2528 Χρι-

349 2542 480 2593 στοῦ
531 2537 715 2612 τύπος,
805 2538 995 2615 μείζων
1065 2540 1159 2595 τοῦ
1226 2540 1558 2619 πατριάρχου
1616 2535 1881 2618 Ἀβραάμ.
1944 2539 2002 2594 Εἰ

348 2622 407 2680 δὲ
438 2631 530 2681 τοῦ
578 2622 841 2706 Ἀϐραὰμ,
900 2625 1084 2703 πολλῷ
1127 2625 1329 2703 μᾶλλον
1386 2634 1494 2683 τῶν
1547 2625 1751 2705 ἱερέων.
1809 2626 1867 2683 Εἰ
1897 2622 2000 2706 δ’ᾲὸ

351 2713 542 2789 τύπος,
574 2714 623 2770 τί
654 2704 714 2772 ἂν
744 2737 825 2781 τις
856 2715 1001 2773 εἴποι
1030 2718 1148 2797 περὶ
1212 2718 1369 2773 αὐτοῦ
1422 2721 1517 2773 τοῦ
1573 2704 1836 2795 Χριστοῦ,
1877 2735 1899 2769 ε
1943 2704 2000 2772 Ὀ

350 2801 406 2859 δὲ
460 2805 539 2879 μὴ
600 2804 1103 2885 γενεαλογούμενος,
1141 2805 1202 2863 ἐκ
1278 2808 1470 2865 αὐτῶν.
1508 2828 1535 2860 ι
1616 2802 1705 2870 Ἐξ
1803 2802 1994 2875 αὐτῶν,

2088 1820 2274 1883 multo
2306 1822 2493 1901 magis
2523 1823 3305 1887 sacerdotibusJudaeorum.
3338 1826 3446 1891 «Ut
3476 1820 3738 1893 decimas

2085 1909 2377 1990 accipiant
2431 1930 2464 1972 a
2522 1912 2765 1993 populo.
2804 1934 2830 1972 δ
2864 1914 3011 1976 Nam
3064 1913 3419 1973 ἀποδεκατοὺν
3450 1917 3736 1997 significat

2084 1997 2207 2059 acci
2216 1999 3052 2080 pere|decimas.Accipiebant
3066 2003 3222 2063 enim
3242 2002 3458 2065 Letivaa
3473 2005 3735 2069 decimas

2084 2102 2119 2145 a
2151 2087 2391 2167 populo.
2435 2112 2461 2144 α
2496 2088 2663 2151 Licet
2722 2089 3001 2169 egressis.
3039 2113 3066 2145 »
3100 2088 3226 2151 Hoc
3279 2100 3372 2152 est
3416 2092 3577 2172 quod
3606 2093 3727 2156 ait:

2084 2173 2252 2236 Licet
2284 2174 2344 2237 in
2376 2177 2610 2239 caeteris
2640 2176 2918 2239 omnibus
2949 2176 3106 2258 paris
3145 2186 3345 2239 essent
3374 2180 3733 2244 conditionis

2084 2281 2155 2323 ac
2184 2262 2432 2325 honoris
2459 2285 2474 2325 :
2500 2284 2569 2327 ex
2592 2284 2663 2328 eo
2690 2273 2884 2327 tamen
2918 2266 3072 2347 quod
3105 2266 3166 2328 bi
3195 2267 3433 2347 quidem
3467 2268 3734 2334 decimas

2084 2350 2318 2427 darent,
2369 2353 2457 2414 illi
2505 2372 2645 2416 vero
2719 2353 3081 2436 acciperent,
3140 2373 3351 2435 magna
3381 2357 3735 2422 excellentia

2084 2440 2416 2503 ostenditur
2493 2442 2661 2516 Quod
2715 2442 2766 2505 si
2810 2443 2908 2505 hic
2955 2443 3034 2505 ita
3096 2454 3208 2523 est,
3242 2445 3615 2508 manifestum
3646 2456 3738 2512 est

2083 2530 2239 2610 quod
2286 2532 2462 2594 etiam
2498 2531 2557 2592 in
2587 2531 2884 2594 Abraham
2916 2540 2975 2594 et
3012 2531 3430 2610 Melchisedec,
3464 2551 3598 2598 cum
3630 2534 3734 2598 ille

2084 2618 2345 2707 decimas
2375 2621 2629 2697 dederit,
2663 2622 2773 2684 iste
2803 2639 2941 2683 vero
2966 2620 3285 2704 acceperit.
3321 2621 3522 2705 Itaque
3557 2624 3606 2686 is
3631 2626 3734 2707 qui

2085 2705 2299 2769 Christi
2350 2716 2524 2791 typus
2555 2719 2613 2772 et
2641 2709 2828 2790 ﬁgura
2851 2718 3001 2791 erat,
3037 2711 3226 2789 major
3254 2709 3367 2773 fuit
3396 2705 3733 2793 patriarcha

2081 2796 2377 2860 Abraham
2413 2817 2427 2862 :
2462 2800 2616 2881 quod
2678 2799 2728 2861 si
2786 2799 2917 2882 ipso
2970 2800 3295 2872 Abraham,
3329 2801 3513 2863 multo
3543 2803 3731 2884 magis

344 2890 644 2968 τουτέστιν,
676 2895 749 2960 εἷς
805 2884 1016 2959 αὖτούς.
1094 2884 1150 2954 Ὀ
1222 2904 1391 2953 τοίνυν
1446 2894 1525 2971 μὴ
1584 2891 1995 2974 γενεαλογούμε⁸

2084 2884 2515 2948 sacerdotibus.
2578 2888 2643 2950 Si
2700 2905 2839 2949 vero
2871 2894 3039 2968 typus
3069 2888 3256 2968 major
3279 2886 3410 2963 fuit,
3444 2888 3727 2969 quidnam

345 3001 435 3043 νος
467 2982 540 3045 εἷς
571 2984 758 3048 αὐτοὺς
808 2986 897 3044 καὶ
953 2984 1440 3065 ἑγκαταλεγόμενος
1496 2989 1573 3058 τῷ
1628 2983 1771 3062 γένει
1803 2981 1995 3057 αὐτῶν,

2085 2974 2301 3053 poterit
2327 2974 2620 3057 quispiam
2644 2976 2849 3039 dicere
2885 2977 2961 3065 de
2980 2975 3229 3065 Christo
3316 3001 3340 3032 α
3374 2981 3452 3041 Αι
3481 2977 3533 3040 is
3561 2979 3732 3059 cujus

347 3066 683 3161 μελχισεδὲκ
713 3071 911 3154 εἵληφε
953 3074 1075 3161 ,τὰς
1132 3072 1373 3161 δεκάτας.
1407 3096 1466 3161 -σ
1506 3072 1603 3132 Καὶ
1658 3072 1750 3161 16v
1805 3069 1995 3152 ἔχοντα

2083 3079 2424 3161 genus-non
2456 3072 2816 3128 recensetur
2836 3083 2904 3128 ex
2928 3064 3071 3128 illis.
3104 3088 3125 3122 ι
3153 3064 3236 3127 Ex
3264 3064 3525 3140 illis,hoc
3550 3066 3730 3131 estad

342 3158 442 3222 τὰς
466 3157 808 3240 ἐπαγγελίας.
862 3151 898 3217 ⁷ι
951 3159 1134 3242 Ἐξῆρε
1189 3165 1279 3219 τὸν
1329 3158 1592 3242 Ἀϐραὰμ,
1654 3159 1744 3218 ἵνα
1801 3151 1995 3218 ωλετον

2083 3151 2237 3215 illos.
2271 3151 2326 3214 Is
2356 3153 2535 3233 igitur
2591 3155 2759 3235 cujus
2812 3172 2999 3235 genus
3029 3172 3146 3216 non
3178 3154 3438 3216 refertur
3467 3156 3540 3218 ad
3569 3156 3726 3234 illos,

345 3245 507 3326 ἰξάρῃ
535 3250 626 3305 τὸν
657 3248 1008 3332 Μελχισεδέκ.
1076 3275 1103 3306 α
1152 3254 1222 3313 T6
1276 3248 1493 3308 ἔλαττον
1548 3251 1648 3307 61:6
1701 3257 1794 3306 τοῦ
1825 3271 1995 3329 κρειτ-

2083 3259 2273 3323 neque
2302 3243 2612 3332 reducitur
2642 3244 2703 3305 in
2727 3262 3040 3332 numerum
3058 3260 3193 3332 cum
3213 3261 3436 3332 genere
3460 3245 3727 3322 illorum,

345 3356 501 3399 τονος
572 3337 894 3419 εὐλογεῖται.
960 3363 987 3395 ι
1050 3341 1246 3398 Οσῦκοῦν
1317 3339 1567 3419 κρείττων
1612 3342 1640 3396 6
1682 3338 1844 3402 τύπος
1901 3338 1993 3395 τοῦ

344 3431 594 3504 Χριστοῦ,
627 3429 716 3485 καὶ
746 3431 902 3488 αὑτοῦ
929 3438 1022 3489 τοῦ
1049 3429 1401 3509 πατριάρχου.

2077 3347 2292 3412 nempe
2326 3330 3288 3413 Melchisedec,accepitdecimas.
3329 3353 3358 3392 ε
3384 3331 3454 3393 Et
3485 3332 3730 3397 habenti

2074 3420 2500 3501 promissiones
2562 3420 2889 3483 benedixit.
2951 3446 2977 3476 ι
3038 3420 3258 3482 Extulit
3307 3419 3608 3484 Abraham
3665 3440 3730 3494 ιιι

347 3513 536 3593 magis
564 3516 872 3580 extolleret
899 3517 1037 3579 567
1063 3508 1486 3581 Melchisedec.
1525 3539 1553 3572 ι
1586 3514 1649 3578 Id
1681 3516 1839 3598 quod
1876 3515 2072 3577 minus
2095 3518 2183 3573 est
2210 3511 2283 3571 ab
2313 3528 2383 3572 eo
2407 3510 2562 3593 quod
2591 3511 2782 3592 majus
2813 3517 2902 3572 est
2932 3508 3410 3572 benedictionem
3441 3510 3721 3594 accipit.»

350 3599 561 3684 Itaque
594 3606 790 3686 potior
818 3605 927 3668 fuit
954 3613 1012 3669 et
1040 3607 1255 3670 melior
1282 3605 1499 3669 Christi
1531 3613 1701 3687 typus
1728 3605 1857 3687 ipso
1886 3620 2122 3687 quoque
2155 3598 2507 3680 patriarcha.

436 3716 463 3747 ι
527 3697 625 3753 Καὶ
689 3695 790 3753 ὦδε
848 3698 946 3773 μὲν
1024 3694 1246 3760 δεκάτας
1326 3696 1749 3766 ἀποθνήσκοντες
1804 3695 1997 3775 ἄνθρω-

349 3803 442 3838 ποι
532 3781 914 3860 λαμϐάνουσιν,
1019 3785 1171 3844 Ἐκεῖ
1261 3783 1316 3842 δὲ
1398 3787 1831 3863 μαμτυρούμενος
1913 3782 1992 3839 ὅτι

342 3876 433 3947 ζῇ,
466 3873 574 3945 καὶ,
640 3875 715 3938 ὡς
776 3873 901 3939 ἔπος
988 3876 1180 3956 εἰπεῖν,
1250 3873 1335 3931 διὰ
1395 3872 1635 3956 Ἀϐρααμ
1705 3876 1794 3931 καὶ
1863 3877 1991 3930 Λευ³ι

341 3963 371 4017 6
442 3958 663 4028 δεκάτας
720 3962 1033 4041 λαμϐάνων,
1142 3952 1514 4023 δεδεκάτωται.
1585 3952 1716 4021 ’Ἐτι
1771 3965 1869 4043 γὰρ
1942 3962 1995 4017 ὲν

341 4056 412 4126 τῇ
483 4050 642 4132 ὀσφύϊ
712 4063 806 4112 τοῦ
861 4055 1060 4134 πατρὸς
1128 4054 1194 4122 ἦν
1250 4053 1338 4111 ὅτε
1389 4054 1713 4123 συνήντησεν
1771 4054 1910 4128 αὖτῷ
1967 4054 1994 4108 6

342 4138 505 4220 Μελχ
517 4138 709 4202 ισεδέκ.
744 4166 772 4197 ι

430 4228 603 4295 Δεῐξνι
648 4230 812 4306 θέλει,
844 4230 925 4288 ὅτι
977 4230 1111 4290 πολὺ
1139 4233 1205 4300 ἧν
1277 4232 1337 4289 τό
1407 4230 1668 4311 ὑπερέχον
1722 4237 1813 4287 τοῦ
1842 4229 1989 4287 Μελ-

340 4315 580 4400 χισεδὲκ,
617 4322 704 4377 καὶ
733 4317 819 4377 διὰ
846 4320 1001 4378 τοῦτο
1048 4319 1202 4378 ἔλαϐε
1236 4322 1329 4385 τὰς
1390 4317 1637 4395 δεκάτας,
1694 4320 1780 4375 καί
1807 4341 1938 4399 φηαι
1973 4336 1987 4350 ⁸

342 4407 442 4464 Καὶ
509 4409 555 4463 οἱ
604 4413 821 4465 Λευῖται
870 4409 968 4484 μὲν
1046 4412 1132 4466 οὗν
1205 4406 1582 4484 λαμϐάνουσιν,

339 4494 481 4574 μέγα
528 4511 541 4525 ⁸
595 4496 985 4567 ἀποθνήσκουσι
1027 4498 1150 4577 γάρ,
1195 4497 1283 4563 Τίς
1341 4494 1395 4554 δὲ
1451 4497 1700 4577 φθονήσει
1730 4500 1889 4573 τιμῆς
1919 4503 1995 4572 τῷ

337 4584 706 4656 ἀποθνήσκειν
777 4585 1075 4669 μέλλοντις
1176 4577 1233 4645 εΟ
1340 4584 1395 4643 δὲ
1465 4583 1822 4666 Μελχισεδὲκ,
1910 4589 1996 4643 καὶ

335 4683 505 4734 ταῦτα
575 4676 997 4756 μαρτυρούμενος
1059 4683 1155 4754 ζῇν
1213 4672 1369 4732 ἔλαϐε
1441 4677 1534 4740 τὰς
1618 4673 1863 4739 δεκάτας.
1923 4678 1994 4734 Τὸ

335 4763 417 4836 δὲ,
465 4767 899 4845 Μαρτυρούμενος
968 4772 1087 4844 ζῇν,
1160 4763 1303 4831 δέξαι
1376 4765 1512 4821 κατά
1564 4765 1661 4832 τὴν
1732 4764 1843 4822 ἄνω
1897 4764 1987 4821 ’έν-

334 4876 509 4934 νοιαν,
538 4852 693 4930 διότι,
729 4856 879 4936 φησὶ,
912 4858 1005 4914 οὐκ
1046 4856 1202 4913 εἶπεν
1248 4856 1283 4924 ἡ
1343 4853 1522 4935 Γραφὴ
1585 4853 1684 4921 τὴν
1737 4851 1986 4923 τελευτὴν

335 4942 519 5022 αὐτοῦ,
564 4940 701 4999 ἀλλὰ
742 4943 841 5012 τὴν
896 4944 1038 5015 ζωὴν
1095 4945 1281 5019 μόνον,
1342 4944 1404 4999 16
1460 4949 1557 5019 ζῇν
1628 4943 1768 5017 αὖτῴ
1826 4944 1986 5018 μόνον

333 5029 476 5098 ἔδοξε
529 5044 836 5111 μαρτυρεῖν,
898 5034 972 5098 ὡς
1042 5035 1086 5090 εἰ
1144 5034 1302 5090 εἶπεν
1334 5037 1350 5063 ⁸
1410 5028 1631 5112 Προῄδει
1676 5032 1704 5087 6
1745 5028 1987 5109 ’Λϐρααμ

333 5121 418 5177 ὅτι
449 5123 542 5178 οὒκ
585 5119 730 5178 ἔσται
760 5118 897 5193 δήλη
955 5124 991 5192 ἡ
1060 5121 1282 5191 τελευτὴ
1347 5129 1441 5179 τοῦ
1498 5117 1851 5200 Μελχισεδέκ.
1887 5123 1984 5179 Καὶ

333 5207 454 5268 οωὲ
509 5209 666 5267 τοῦτο
748 5209 996 5278 ἐποίησεν
1067 5211 1224 5268 αὐτὸν
1307 5214 1561 5291 φθονῆσαι
1647 5209 1788 5283 αὖτῷ
1885 5214 1983 5277 τῆς

330 5302 499 5379 τιμῆς
530 5305 637 5355 τῶν
670 5296 926 5362 δεκατῶν,
963 5288 1125 5369 υῌδει
1208 5288 1331 5379 γὰρ’
1366 5299 1523 5354 αὑτου
1577 5298 1638 5353 16
1693 5297 1978 5377 ὑπερέχον,

334 5378 421 5445 ιἨ
454 5385 807 5466 ἁπλούστερον
833 5383 973 5454 δέξαι
1036 5390 1098 5445 16
1170 5378 1467 5468 εἰρημένον,
1554 5384 1634 5442 ὅτι
1705 5388 1734 5444 6
1789 5387 1981 5467 τρόπος

327 5483 429 5544 τῆς
458 5477 771 5556 ἱερωσύνης,
842 5483 949 5534 τῶν
1019 5477 1115 5554 μὲν
1171 5482 1431 5549 Λευῖτῶν,
1478 5475 1822 5548 ἀποθνήσκει.
1885 5480 1988 5536 Καὶ

328 5566 430 5644 γὰρ
500 5563 788 5626 ἐπαύσατο.
862 5569 961 5634 τῆς
1030 5564 1279 5634 ἅληθείας
1337 5564 1579 5647 φανεισες
1614 5585 1628 5599 ⁸
1689 5568 1717 5622 6
1778 5564 1832 5622 δὲ
1888 5573 1982 5624 τοῦ

328 5649 663 5733 Μελχισεδὲκ
705 5658 792 5729 ζῇ.
836 5676 863 5710 ε
914 5660 989 5731 Ζῇ
1046 5655 1165 5734 γὰρ.
1205 5676 1230 5713 ι
1292 5655 1413 5721 Πῶς
1471 5652 1527 5711 δὲ
1599 5654 1976 5735 ἐμαρτυρήθης

2156 3687 2283 3763 VII,
2307 3689 2436 3753 7-9.
2453 3690 2655 3771 Atque
2676 3690 2775 3753 hic
2798 3690 3037 3771 quidem
3056 3689 3328 3751 homines
3339 3693 3448 3770 qui
3458 3689 3732 3752 moriun-

2076 3785 2178 3841 tur
2222 3778 2486 3840 decimas
2508 3780 2833 3859 accipiunt.
2854 3778 2993 3841 Illic
3019 3786 3221 3840 autem
3243 3779 3376 3841 isde
3401 3794 3516 3857 quo
3538 3784 3726 3841 testa-

2076 3874 2204 3929 tum
2227 3867 2492 3946 estquod
2514 3870 2722 3931 vivat:
2750 3878 2897 3931 etut
2940 3874 3025 3932 ita
3048 3867 3289 3950 loquar,
3322 3869 3387 3930 in
3418 3867 3730 3931 Abraham

2076 3956 2418 4019 decimatas
2451 3964 2540 4020 est
2584 3958 2768 4019 etiam
2812 3963 2936 4038 ipse
2965 3959 3114 4020 Levi
3156 3959 3268 4038 qui
3287 3957 3547 4020 decimas
3574 3955 3729 4020 solet

2074 4049 2365 4126 accipere.
2402 4045 2607 4108 Adhuc
2634 4049 2798 4109 enim
2826 4048 2891 4109 in
2925 4046 3142 4108 lumbis
3154 4048 3352 4127 patris
3380 4053 3509 4110 erat
3537 4063 3726 4129 quum

2074 4140 2421 4195 occurreret
2454 4135 2501 4195 A
2513 4133 2714 4197 brahw
2747 4136 3168 4198 Melehisedec.

2155 4218 2485 4286 Ostendere
2542 4223 2665 4285 vult
2724 4224 2880 4306 quod
2943 4242 3153 4305 magna
3182 4230 3340 4286 esset
3370 4222 3725 4286 excellentia

2077 4310 2498 4388 Melchisedec,
2534 4320 2592 4374 et
2649 4326 2967 4395 propterea
3014 4313 3309 4395 acciperet
3339 4312 3625 4387 decimas,
3665 4321 3725 4375 et

1680 4404 1799 4463 ὰ)λ’
1824 4398 1829 4399 ί
1850 4404 1993 4464 οὗδέν
2017 4424 2059 4474 ῃ
2078 4398 2161 4460 ait
2196 4416 2209 4462 :
2238 4398 2425 4461 Etiam
2445 4403 2661 4464 Levites
2683 4403 2986 4483 accipiunt
3010 4424 3025 4484 ;
3050 4412 3105 4464 at
3129 4402 3273 4463 nihil
3301 4402 3412 4462 hoc
3436 4418 3719 4482 magnum

2079 4496 2189 4561 est,
2216 4507 2348 4550 nam
2375 4490 2709 4553 moriuntur
2735 4512 2750 4569 ;
2782 4492 2914 4574 quis
2936 4500 3128 4553 autem
3152 4490 3411 4551 invideat
3432 4489 3721 4551 honorem

2077 4580 2131 4643 ei
2153 4582 2252 4662 qui
2279 4583 2597 4645 moriturus
2619 4583 2759 4646 est?
2808 4582 3202 4647 Melchisedec
3222 4590 3418 4643 autem
3461 4580 3640 4642 etiam
3670 4580 3723 4643 si

2076 4668 2482 4732 testimonium
2512 4672 2811 4753 acceperit
2842 4672 2996 4754 quod
3030 4673 3199 4745 vivat,
3249 4670 3515 4731 decimas
3545 4687 3719 4731 acce-

2077 4762 2183 4843 pit.
2217 4761 2382 4835 Quod
2427 4770 2620 4823 autem
2655 4762 2734 4823 ait
2768 4761 3168 4823 testimonium
3216 4760 3520 4841 accrpisse
3553 4759 3719 4822 illum

2070 4850 2225 4932 quod
2260 4850 2429 4926 vivat,
2460 4852 2668 4933 accipe
2700 4852 2867 4931 juxta
2895 4851 3092 4911 datum
3129 4848 3292 4931 prius
3325 4848 3717 4926 intellectum,

2067 4940 2205 5003 ideo
2219 4940 2493 5003 videlicet
2517 4940 2673 5022 quod
2699 4959 2834 5002 cum
2858 4959 2976 5001 non
2990 4940 3204 5001 dixerit
3222 4937 3529 5020 Scriptura
3542 4938 3721 4999 tinem

2069 5029 2253 5092 illius.
2289 5029 2392 5091 sed
2427 5030 2619 5091 solam
2662 5030 2862 5105 vitam,
2914 5029 3107 5090 solum
3155 5028 3229 5090 de
3260 5047 3329 5092 eo
3367 5025 3573 5089 testari
3601 5024 3723 5087 visa

2068 5126 2159 5180 est
2188 5118 2344 5199 quod
2368 5119 2588 5181 viveret
2614 5138 2630 5192 ;
2654 5137 2722 5179 ac
2753 5118 2805 5179 si
2833 5118 3061 5180 diceret
3097 5139 3108 5177 :
3150 5117 3505 5180 Prseviderat
3526 5113 3721 5176 Abra-

2068 5207 2203 5269 ham
2260 5209 2414 5288 quod
2476 5206 2910 5269 manifestanda
2967 5225 3082 5267 non
3133 5216 3296 5267 esset
3344 5220 3505 5264 mors
3535 5201 3721 5283 ipsius

2066 5294 2486 5376 Melchisedec,
2520 5313 2714 5378 neque
2739 5303 2941 5359 tamen
2975 5302 3169 5357 motus
3193 5313 3259 5356 ex
3282 5311 3353 5356 eo
3377 5304 3466 5354 est
3491 5299 3552 5353 ut
3573 5290 3718 5353 invi-

2064 5387 2233 5449 deret
2252 5384 2337 5447 illi
2357 5385 2642 5447 honorem
2668 5384 3059 5465 decimarum,
3087 5392 3329 5446 noverat
3345 5381 3504 5446 enim
3531 5379 3723 5464 ipsius

2066 5476 2439 5554 dignitatem.
2496 5478 2616 5538 Aut
2674 5474 3021 5554 simplii-iori
3077 5472 3250 5535 modo
3306 5471 3513 5553 accipe
3558 5470 3717 5552 quod

2066 5564 2287 5627 dictum
2312 5571 2422 5640 est,
2458 5562 2613 5646 quod
2639 5562 2851 5625 modus
2869 5562 3113 5646 quidem
3137 5560 3457 5626 sacerdotii
3479 5559 3715 5624 Levita-

2068 5670 2196 5716 rum
2228 5652 2501 5734 moritur,
2554 5651 2849 5736 siquidem
2906 5651 3160 5716 cessavit
3204 5659 3529 5736 apparente
3552 5648 3715 5714 veri-
