4152 6216
397 300 517 369 355

1529 311 1944 378 (ECUMENII
1987 315 2281 379 ΤΗΝ]οΕ
2322 315 2657 382 EPISGOPI

3655 313 3773 381 356

396 441 671 534 Christus
701 443 860 505 enim
889 444 1148 525 pontifex
1194 445 1380 508 factus
1402 453 1491 508 est
1513 465 1629 508 non
1647 447 1812 527 juxta
1838 449 2018 527 legem

2113 447 2343 527 γέγονεν.
2380 475 2407 506 ι
2445 450 2637 530 Γέγονε
2689 453 2787 531 γὰρ
2817 454 2846 508 6
2921 453 3144 531 Χριστὸς
3181 453 3480 534 ἀρχιερεὺς,
3526 453 3586 509 ού
3634 451 3769 507 κατὰ

395 531 675 612 praecepti
696 534 966 595 carnalis.
1008 534 1110 596 sed
1137 536 1303 614 juxta
1345 536 1818 616 potentiamvitae
1848 537 2037 598 indis-

391 620 688 684 solubilis.
723 620 873 694 Quid
902 630 990 684 est
1011 624 1181 702 juxta
1211 624 1400 702 legem
1436 626 1715 706 praecepti
1747 626 2043 688 carnalis?

391 709 537 782 Quia
561 710 655 772 lex
685 711 947 773 carnalia
973 712 1228 774 habebat
1260 722 1578 794 praecepta,
1616 725 1753 796 puta
1777 716 2041 777 circum-

391 798 700 875 cisionem,
723 800 1001 875 Sahbata,
1037 810 1100 862 ut
1121 803 1233 864 hoc
1284 802 1555 882 ederent,
1578 804 1723 866 illud
1755 824 1892 866 vero
1925 824 2040 866 non

391 887 801 969 ederent,quze
823 889 1018 951 carnis
1042 904 1211 952 erant
1237 900 1294 953 et
1314 911 1428 952 non
1452 890 1666 954 animae
1688 892 2037 973 purificatio.

389 997 509 1040 non
543 995 682 1057 ergo
713 979 904 1040 factus
937 989 1025 1042 est
1053 981 1334 1044 sacerdos
1363 1001 1396 1043 a
1428 981 1558 1062 lege
1589 1002 1719 1064 quae
1751 993 2043 1064 praecepta

389 1066 648 1128 carnalia
699 1069 1102 1150 praecipiebat.
1137 1069 1284 1132 Nam
1345 1071 1446 1133 illa
1479 1071 1766 1133 Leviticos
1801 1080 2042 1134 noverat

388 1156 732 1218 sacerdotes
761 1177 775 1212 τ
823 1158 924 1219 sed
951 1159 1136 1222 factus
1163 1169 1272 1239 est,
1313 1159 1528 1240 inquit,
1556 1159 1818 1222 Christus
1836 1181 2040 1222 sacer-

393 1245 532 1319 dos,
567 1255 625 1307 et
657 1265 762 1325 per
793 1249 1089 1327 propriam
1121 1256 1177 1308 et
1228 1267 1335 1328 per
1363 1247 1550 1310 Patris
1574 1257 1946 1328 potestatem,
1982 1257 2036 1310 et

397 1352 508 1415 per
536 1333 717 1396 vitam
753 1334 1279 1399 interminabilem.
1319 1336 2040 1399 «Testificaturenim.»Et

387 1423 545 1502 quod
583 1441 699 1483 non
725 1424 894 1502 juxta
924 1427 1116 1504 legem
1148 1425 1429 1505 praecepti
1460 1426 1713 1487 carnalis
1745 1426 1931 1488 factus
1959 1426 2035 1488 sit

380 1511 653 1572 Christus
681 1514 981 1588 sacerdos,
1018 1514 1352 1576 manifestat
1377 1516 1561 1576 Patris
1595 1515 2024 1576 testimonium.

383 1598 760 1660 Testitlcatur
782 1601 941 1662 enim
968 1601 1052 1662 illi
1080 1603 1847 1683 Pater,dicens,secundum
1873 1603 2032 1665 ordi-

2123 538 2282 614 νόμον
2351 539 2568 607 ἐντολῆς
2625 541 2895 620 σαρκίνης,
2982 541 3123 598 ἀλλὰ
3165 545 3300 599 κατὰ
3357 541 3571 618 δύναμιν
3628 540 3768 611 ζωῆς

2122 625 2474 690 ἀκαταλύτου.
2508 631 2568 687 Τί
2616 629 2726 686 ἐστι
2781 633 2917 686 κατὰ
2989 632 3152 708 νόμον
3225 631 3442 699 ἐντολῆς
3493 631 3763 710 σσρκίνης,

2127 707 2256 773 υΟτι
2287 720 2315 774 6
2359 719 2520 794 νόμος
2550 720 2644 784 τὰς
2675 717 2888 786 ἐντολὰς
2937 742 3190 800 σαρκικας
3233 722 3414 801 εἶχεν,
3479 707 3597 777 οἶον-ο
3625 741 3767 798 περιρ

2124 807 2316 882 τομὴν,
2389 807 2593 888 ἆργίαν,
2666 807 2782 864 τόδε
2841 823 3058 890 φαγεῖν,
3120 812 3208 866 καὶ
3263 808 3379 867 τόδε
3424 809 3501 884 μὴ
3545 821 3760 888 φαγεῖν.

2123 893 2254 974 ἅπερ
2280 899 2471 975 σαρκὸς
2503 897 2566 964 ἦν
2597 898 2686 953 καὶ
2714 899 2772 954 ού
2810 899 2994 979 ψυχῆς
3047 899 3300 978 καθάρσια
3350 919 3364 933 ·
3421 897 3480 954 οὗ
3549 896 3762 976 γέγονεν

2123 985 2206 1039 οὖν
2265 986 2444 1064 φησὶν,
2502 987 2664 1065 ἱερεὺς
2751 986 2856 1042 ἀπὸ
2939 989 3031 1044 τοῦ
3127 987 3290 1064 νόμου
3332 988 3424 1049 τὰς
3510 991 3761 1064 σαρκικᾶς

2120 1072 2334 1138 ἒντολὰς
2386 1073 2784 1150 ἐντελλομένου,
2885 1073 3126 1140 Ἐκεῖνος
3198 1078 3297 1157 γὰρ
3353 1077 3476 1139 τοὺς
3535 1076 3760 1137 Λευίτας

2124 1159 2266 1217 οἶδεν
2295 1162 2486 1241 ἱερέας.
2521 1161 2685 1220 Ἀλλὰ
2741 1163 2946 1244 γέγονε,
2992 1167 3170 1244 φησὶν,
3218 1164 3252 1222 ὅ
3293 1165 3516 1243 Χριστὸς
3573 1163 3754 1240 ἱερεὺς,

2121 1246 2204 1304 διά
2232 1272 2289 1306 τε
2314 1249 2579 1327 δυναμεως
2609 1249 2761 1328 ἰδίας,
2835 1255 2922 1309 καὶ
2978 1259 3077 1320 τῆς
3125 1256 3218 1310 τοῦ
3282 1255 3508 1332 Πατρὸς,
3549 1253 3637 1308 καί
3677 1250 3759 1308 διὰ

2119 1339 2256 1409 ζωῆς
2311 1339 2625 1419 ἀπεράντου.
2666 1361 2691 1398 α
2755 1348 3022 1420 Μαρτυρεῖ
3049 1343 3170 1421 γάρ,
3233 1366 3257 1399 ι
3298 1344 3394 1400 Καὶ
3421 1342 3530 1414 ὃτι,
3576 1341 3754 1421 φησὶν,

2117 1431 2176 1486 οὐ
2243 1429 2376 1484 κατὰ
2434 1431 2593 1505 νόμον
2665 1430 2880 1497 εντολῆς
2937 1432 3185 1510 σαρκίνης
3250 1430 3472 1510 γέγονεν
3536 1430 3699 1508 ἱερεὺς
3730 1432 3757 1485 6

2117 1519 2360 1596 Χριστὸς,
2415 1520 2448 1585 ἡ
2522 1519 2773 1598 μαρτυρία
2831 1517 2991 1586 δηλοῖ
3046 1522 3137 1576 τοῦ
3210 1522 3412 1598 Πατρὸς
3487 1526 3756 1598 Μαρτυρεῖ

2111 1609 2208 1684 γὰρ
2239 1606 2391 1662 αὐτὸν
2421 1610 2448 1662 ὁ
2479 1613 2659 1686 Πατὴρ
2721 1607 2914 1688 λέγων,
2983 1609 3120 1665 κατὰ
3173 1610 3274 1676 τὴν
3329 1608 3470 1674 τάξιν
3541 1607 3754 1688 Μελχι-

383 1706 522 1749 nem
553 1689 952 1752 Melchisedec
985 1709 1116 1752 esse
1164 1691 1533 1754 sacerdotem
1592 1691 1736 1753 Nam
1787 1692 1836 1753 si
1859 1693 2018 1771 juxta

2111 1693 2446 1773 σεδὲκὶερέα.
2496 1698 2553 1753 Εἰ
2594 1698 2692 1776 γὰρ
2762 1699 2913 1777 φησὶ,
2974 1699 3110 1753 κατᾶ
3179 1700 3268 1754 τὸν
3339 1698 3498 1772 νόμον
3530 1697 3748 1775 ἐγίνετο,

379 1776 569 1856 legem
606 1778 834 1850 fuisset,
867 1779 1223 1858 oportuisset
1275 1781 1465 1860 ipsum
1501 1781 1826 1842 secundum
1859 1780 2025 1842 ordi-

378 1883 516 1926 nem
551 1869 741 1926 Aaron
776 1866 990 1927 factum
1025 1866 1224 1928 fuisse.

459 1953 582 2030 VII,
616 1956 819 2018 18-95.
849 1957 896 2016 A
911 1957 1178 2036 brogatio
1199 1960 1354 2019 enim
1377 1958 1449 2037 ﬁt
1464 1959 1856 2038 praecedentis
1874 1975 2026 2037 prae-

375 2049 532 2122 cepti
547 2052 798 2124 propter
818 2044 1298 2107 imbecillitatem
1319 2054 1377 2108 et
1410 2047 1809 2108 inutilitatem
1842 2069 1854 2104 :
1882 2064 2026 2108 nam

374 2133 538 2193 nihil
561 2133 645 2194 ad
657 2135 990 2213 perfectum
1016 2133 1278 2196 adduxit
1303 2134 1422 2207 lex,
1443 2153 1643 2198 verum
1664 2135 2026 2198 introductio

369 2221 643 2300 quaedam
666 2229 753 2284 est
776 2223 853 2283 ad
869 2240 1035 2301 spem
1063 2223 1488 2304 potiorem,per
1507 2242 1686 2303 quam
1701 2226 2024 2305 appropin-

369 2327 624 2388 quamus
653 2310 812 2373 Deo:
855 2319 1030 2390 atque
1053 2321 1152 2372 81
1175 2322 1202 2370 I
1238 2314 1345 2374 hoc
1374 2320 1687 2390 potiorem,
1715 2315 1870 2390 quod
1902 2331 2024 2375 non

367 2397 592 2478 absque
590 2400 997 2478 jurejurando
1019 2417 1114 2462 res
1133 2401 1544 2463 actasit.Nam
1560 2401 1655 2463 illi
1672 2402 1911 2480 quidem
1932 2405 2020 2464 ci—

369 2494 470 2547 tra
473 2488 920 2566 jusjurandum
940 2482 1275 2551 sacerdotes
1286 2490 1714 2566 factisunt,hic
1729 2507 1862 2552 vero
1883 2507 2018 2551 cum

365 2575 780 2652 iureiurando
797 2593 1054 2654 peream
1085 2580 1190 2655 qui
1227 2577 1386 2640 dixit
1423 2579 1499 2639 ad
1517 2578 1689 2640 illum
1720 2595 1734 2638 :
1774 2580 2020 2640 Jnruvit

370 2662 672 2726 Dominus
693 2671 748 2726 et
778 2683 899 2726 non
945 2665 1256 2745 paenitebit
1277 2685 1436 2738 eum,
1471 2674 1534 2728 tu
1563 2685 1623 2728 es
1644 2667 1924 2730 sacerdos
1954 2669 2019 2728 in

365 2758 654 2814 internum
686 2755 1024 2816 secundum
1060 2755 1329 2816 ordinem
1377 2755 1787 2818 Melchisedec.
1832 2755 2016 2818 Tanto

366 2841 636 2904 melioris
655 2848 1002 2904 testamenti
1015 2862 1264 2923 sponsor
1280 2851 1476 2919 [actus
1497 2853 1586 2906 est
1605 2843 1895 2906 Jesus.Et
1925 2845 2019 2906 illi

367 2931 603 3010 quidem
635 2931 855 3012 plures
874 2934 1025 3010 facti
1044 2934 1288 3010 fuerunt
1312 2934 1669 3014 sorerdotes,
1692 2943 2015 3014 propterea

369 3020 528 3098 quod
539 3037 651 3099 per
666 3026 920 3082 mortem
969 3038 1094 3082 non
1129 3022 1484 3083 sinerentur
1497 3039 1861 3102 permanere
1895 3043 1907 3082 :
1955 3037 2016 3093 αι

369 3085 470 3170 llic
492 3085 650 3188 quod
671 3109 826 3170 idem
876 3119 1230 3188 pevmaneat
1257 3111 1322 3172 in
1345 3085 1662 3192 interitum,
1693 3112 2013 3191 sempiter-
2035 3085 2076 3135 Ο

364 3214 512 3258 num
538 3196 712 3260 habet
732 3199 1138 3261 sacerdotium
1169 3217 1182 3261 :
1230 3200 1390 3261 unde
1415 3208 1470 3262 el
1491 3203 1691 3262 salvos
1708 3201 1918 3278 facere
1937 3201 2015 3262 ad

355 3285 607 3365 plenum
648 3293 842 3365 potest
891 3304 989 3349 eos
1038 3290 1146 3368 qui
1191 3306 1302 3368 per
1322 3294 1517 3368 ipsum
1544 3289 1762 3351 adeunt
1799 3289 2007 3366 Deum,

362 3393 596 3455 semper
625 3377 855 3450 vivens,
880 3377 958 3438 ad
984 3378 1094 3439 hoc
1123 3386 1188 3440 ut
1217 3379 1555 3456 interpellet
1582 3395 1695 3459 pro
1728 3377 1872 3440 illis.

443 3461 599 3524 Dixit
632 3465 1006 3544 praestantius
1038 3484 1169 3527 esse
1218 3484 1431 3527 novum
1466 3473 1922 3540 testamentum;
1957 3474 2016 3528 et

362 3552 476 3612 hoc
491 3551 1380 3634 manifestat,inquit,cxcellens
1406 3553 1711 3615 diversitas
1729 3553 2011 3616 sacerdo-

363 3648 512 3702 tum.
537 3639 694 3700 Dixit
724 3641 878 3721 quod
912 3641 1088 3704 etiam
1121 3643 1426 3703 immutata
1449 3642 1567 3703 sint
1587 3641 2008 3706 omnia.Dein-

360 3747 508 3807 ceps
536 3748 776 3790 causam
801 3730 1487 3803 immutationisdicit,et
1515 3731 1593 3792 ait
1628 3749 1641 3792 :
1682 3756 1707 3786 α
1742 3730 2009 3812 Abroga-

357 3820 442 3881 tio
475 3820 558 3891 tit,
597 3845 622 3876 ι)
661 3821 773 3881 hoc
824 3832 916 3880 est
974 3821 1236 3902 repulsio
1297 3831 1354 3883 et
1411 3823 1644 3902 ejectio.
1688 3822 2008 3901 Abrogatio

357 3907 538 3986 igitur
587 3909 650 3970 tit
684 3909 1080 3988 praecedentis
1137 3910 1458 3990 praecepti:
1496 3912 1609 3972 hoc
1641 3919 1757 3983 est,
1793 3911 2008 3973 veteris

358 3995 659 4074 legis,non
691 4005 940 4068 temere,
968 3998 1069 4058 sed
1095 4005 1232 4058 tunc
1256 3998 1312 4059 id
1340 3999 1400 4058 tit
1429 3999 1664 4079 quando
1694 3998 2010 4061 imbecillis

358 4093 417 4146 et
443 4084 672 4144 inutilis
702 4084 941 4146 inventa
963 4095 1073 4147 est.
1112 4086 1173 4148 Si
1196 4086 1354 4146 enim
1376 4087 1533 4147 nulla
1554 4087 1762 4149 fuisset
1793 4106 2004 4168 repre-

2111 1781 2208 1839 ἔδει
2240 1788 2395 1843 αὐτὸν
2425 1786 2561 1842 κατὰ
2590 1787 2687 1853 τὴν
2717 1785 2860 1851 τάξιν
2891 1785 3097 1866 Ἀαρὼν
3139 1786 3402 1865 γενέσθαι,

2195 1985 2218 2015 ιι
2284 1960 2538 2030 Αθέτησις
2595 1964 2691 2038 μὲν
2751 1965 2849 2042 γὰρ
2902 1963 3098 2041 γίνεται
3193 1964 3526 2043 προαγούσης
3598 1961 3749 2017 ἐντο-

2108 2047 2230 2122 λῆς»
2289 2048 2372 2106 διὰ
2441 2054 2501 2108 τὸ
2573 2054 2734 2118 αὐτῆς
2792 2053 3002 2116 ἀσθενὲς
3060 2055 3144 2109 καὶ
3207 2051 3494 2130 ἀνωφελές,
3590 2049 3747 2109 Οὐδὲν

2108 2141 2206 2218 γὰρ
2268 2139 2568 2221 ἐτελείωσεν
2637 2144 2665 2197 6
2717 2142 2920 2221 mitam.
2959 2220 2967 2221 ί
3008 2141 3385 2220 Ἐπεισαγωγὴ
3452 2140 3505 2196 δὲ
3565 2142 3744 2221 κρείτ-

2110 2241 2256 2282 τενος
2359 2219 2589 2300 ἐλπίδος,
2662 2219 2729 2276 δι’
2808 2221 2873 2296 ᾖς
2954 2219 3253 2300 ἐγγίζομεν
3315 2225 3391 2296 τῷ
3463 2219 3610 2296 Θεῷ,
3658 2222 3745 2276 καὶ

2108 2310 2223 2367 καθ’
2309 2311 2430 2368 ὅσον
2489 2311 2547 2368 ού
2645 2314 2810 2391 χωρὶς
2896 2313 3245 2391 ὁρκωμοσίας.
3351 2315 3410 2368 Οἱ
3479 2313 3577 2386 μὲν
3646 2313 3744 2389 γὰρ

2107 2399 2273 2479 χωρὶς
2365 2401 2692 2479 ὁρκωμοσίας
2790 2402 2914 2456 εἰσὶν
2943 2403 3101 2478 ἱερεῖς
3187 2401 3488 2478 γεγονότες,
3576 2403 3604 2456 6
3687 2400 3741 2454 δὲ

2099 2491 2234 2561 μετᾶ
2327 2490 2656 2568 ὁρκωμοσίας
2725 2486 2822 2566 ⁶διὰ
2889 2488 2980 2545 τοῦ
3060 2487 3304 2568 λέγοντος
3363 2490 3490 2568 πρὸς
3562 2491 3740 2569 αὐτὸν,

2103 2565 2321 2652 Ηιὶμοσε
2359 2565 2566 2657 ⁷Κύριος
2635 2565 2734 2634 καὶῗ
2778 2579 2837 2635 ού
2887 2565 3414 2654 μεταμεληθήσεται,
3465 2579 3526 2634 σὺ
3579 2565 3740 2657 ἱερεὺς

2101 2667 2173 2730 εἰς
2231 2668 2320 2722 τὸν
2385 2669 2548 2723 αἷῶνὰ
2605 2667 2738 2724 κατὰ
2805 2668 2902 2735 τὴν
2958 2667 3102 2732 τάξιν
3159 2665 3510 2747 Μελχισεδέκ.
3597 2669 3741 2726 Κατὰ

2099 2764 2346 2814 τοσοῦτον
2431 2757 2723 2834 κρείττονος
2849 2755 3103 2825 διαθήκης
3210 2755 3426 2834 γέγονεν
3552 2755 3736 2834 ἔγγυος

2101 2842 2329 2910 Ἰησοῦς.
2422 2847 2520 2903 Καὶ
2617 2849 2662 2902 οἱ
2754 2846 2850 2920 μὲν
2928 2843 3168 2907 πλείονες
3276 2847 3374 2902 εἰσὶ
3457 2847 3736 2924 γεγονότες

2100 2935 2288 3013 ἱερεῖς,
2371 2931 2454 2989 διὰ
2509 2935 2592 3009 τὸ,
2649 2937 2858 3008 θανατῳ
2923 2931 3210 2989 κωλύεσθαι
3283 2933 3602 3010 παραμένειν
3636 2952 3648 2966 ·
3708 2937 3735 2990 ὁ

2101 3019 2154 3077 δέ
2223 3020 2306 3077 διὰ
2377 3025 2437 3078 16
2465 3023 2668 3100 ,μένειν
2738 3023 2894 3078 αὐτὸν
2967 3024 3038 3085 εἰς
3096 3024 3186 3078 τὸν
3253 3024 3416 3079 αἰῶνα
3470 3021 3734 3100 ἀπαράϐα-

2099 3133 2188 3168 τον
2233 3109 2350 3191 ἕχει
2392 3112 2490 3179 τὴν
2561 3113 2867 3192 ἱερωσύνην,
2931 3101 3097 3168 υΟθεν
3137 3113 3224 3168 καὶ
3293 3112 3476 3182 σώζειν
3549 3114 3621 3173 εἷς
3673 3114 3734 3167 τὸ

2096 3199 2350 3264 παντελες
2447 3199 2656 3258 δύναται
2763 3203 2883 3263 τοὺς
2995 3201 3409 3280 προσεθομένους
3492 3199 3560 3256 δι’
3633 3205 3731 3258 αὖ·

2094 3297 2186 3345 τοῦ
2214 3293 2291 3364 τῷ
2333 3297 2468 3366 Θεῷ,
2517 3292 2743 3352 πάντοτε
2791 3295 2917 3364 ζῶν,
2990 3291 3063 3352 εἰς
3120 3291 3180 3346 16
3236 3289 3575 3370 ἐντυγχάνειν
3605 3291 3732 3368 ὑπὲρ

2097 3382 2265 3437 αὐτῶν
2275 3427 2288 3440 ,
2326 3401 2354 3434 ι

2177 3468 2346 3524 Εἶπεν
2389 3465 2470 3523 ὅτι
2498 3465 2718 3543 βελτίων
2809 3466 2900 3524 νέα
2928 3466 3172 3537 διαθήκη.
3239 3469 3335 3525 Καὶ
3364 3474 3519 3525 τοῦτο
3548 3464 3726 3546 δηλοῖ,

2095 3549 2244 3626 φησὶ,
2288 3550 2350 3604 16
2379 3549 2482 3604 τῶν
2533 3547 2709 3625 ἱερέων
2750 3545 3019 3627 διάφορον,
3083 3548 3252 3604 Εἶπεν
3311 3547 3391 3604 ὅτι
3450 3549 3538 3604 καὶ
3571 3545 3728 3613 ἐνηλὲ

2092 3643 2234 3723 λάγη
2265 3646 2458 3707 πάντα.
2492 3647 2686 3701 Λοιπὸν
2727 3646 2827 3712 τὴν
2856 3645 3019 3702 αἰτίαν
3047 3647 3144 3712 τῆς
3199 3644 3492 3724 ἐναλλαγῆς
3562 3645 3727 3726 λέγει,

2089 3734 2176 3790 καί
2203 3755 2362 3813 φησιν
2397 3749 2410 3763 ⁸
2465 3755 2488 3790 α
2525 3733 2778 3800 Αθέτησις
2827 3734 3046 3810 γίνεται,
3101 3755 3125 3790 ι
3190 3734 3477 3808 τουτέστιν,
3513 3733 3728 3810 ἄμειψις

2087 3825 2175 3878 καὶ
2200 3821 2416 3893 ἐκϐολή.
2466 3820 2739 3890 Ἀθέτησις
2809 3830 3082 3900 τοιγαροῦν
3139 3825 3334 3900 γίνεται
3391 3825 3727 3901 προαγούσης

2091 3909 2331 3985 ἐντολῆς,
2362 3912 2624 3992 τουτέστι,
2695 3911 3042 3991 παλαιοτέρου
3104 3927 3289 3987 νομου.
3365 3913 3468 3993 οὔχ
3517 3911 3724 3992 ἁπλῶς,

2092 3999 2228 4057 ἀλλὰ
2264 4003 2383 4058 τότε
2415 4001 2568 4068 ἡνίκα
2591 4002 2812 4068 ἀσθενὴς
2854 4004 2942 4057 καὶ
2999 4000 3274 4080 ἀνωφελὴς
3337 4004 3544 4082 εὑρέθη.
3578 4002 3728 4059 Ἐπεὶ

2091 4089 2168 4164 μὴ
2201 4089 2350 4154 ὄντος
2408 4091 2596 4165 μώμου
2636 4092 2798 4166 τινὸς,
2860 4091 2938 4154 τίς
3009 4092 3162 4170 χρεία
3232 4090 3326 4158 τῆς
3384 4089 3720 4170 ἐναλλαγῆςς

359 4172 596 4246 hensio,
625 4172 769 4253 quid
801 4191 1048 4235 necesse
1072 4173 1282 4235 fuisset
1302 4174 1613 4236 immutare
1633 4175 1664 4235 ‘?
1686 4178 2006 4256 Propterea

2101 4188 2394 4258 Τοιγαροῦν,
2427 4182 2576 4260 φησὶ,
2611 4178 2693 4235 διὰ
2721 4187 2874 4236 τοῦτο
2937 4181 3025 4236 καὶ
3094 4182 3122 4235 6
3166 4180 3348 4255 νόμος.
3383 4181 3542 4243 Οὗτος
3601 4181 3720 4259 γὰρ,

355 4260 535 4341 igitur
557 4269 614 4324 et
640 4263 757 4335 lex,
780 4261 994 4341 inquit,
1033 4263 1339 4324 immutata
1369 4271 1478 4325 est.
1510 4263 1633 4325 Hoc
1665 4265 1819 4325 enim
1855 4283 2003 4344 prae-

2101 4267 2121 4333 ἱι
2168 4269 2491 4347 προάγουσα,
2527 4266 2738 4347 ἐντολή,
2768 4264 3092 4334 ἐκϐέϐαηται
3111 4265 3196 4323 διὰ
3223 4270 3284 4324 τὸ
3317 4267 3526 4332 ἀσθενὲς
3573 4272 3727 4326 αὐτοῦ

356 4358 592 4456 ceptum
640 4349 929 4429 rejectum
984 4358 1073 4456 est
1126 4358 1367 4456 propter
1421 4351 1886 4456 imbecillitatem
1925 4372 2004 4456 ac

2101 4357 2175 4411 ιιαὶ
2203 4355 2489 4436 ἀνωφελές.
2522 4354 2649 4414 Οὐδὲ
2693 4359 2791 4435 γὰρ
2823 4355 3010 4435 ἴσχυεν
3055 4359 3082 4412 6
3131 4357 3294 4432 νόμος
3351 4355 3552 4412 τελειόν
3609 4379 3723 4412 τινα

2179 4443 2191 4456 ι
2297 4450 2323 4456 _
2454 4450 2480 4456 Α.
2649 4434 2745 4456 ,.,_\
2910 4447 2919 4456 ι
3056 4447 3065 4456 ι
3258 4443 3298 4456 1‘
3451 4445 3477 4455 υ
3705 4447 3717 4456 ι

355 4438 734 4500 inutilitatem
765 4457 954 4501 suam.
993 4438 1299 4520 Siquidem
1333 4459 1450 4500 non
1486 4440 1677 4520 potuit
1699 4441 1790 4503 lex
1811 4442 2004 4522 perfe-

357 4535 516 4589 ctum
551 4546 911 4608 quemquam
944 4528 1004 4589 in
1036 4529 1248 4589 virtute
1295 4529 1574 4592 reddere.
1608 4526 1809 4591 Solum
1841 4531 2002 4591 enim

353 4617 593 4679 dicebat
627 4637 640 4678 :
674 4616 799 4679 Hoc
848 4617 1046 4690 facito,
1103 4617 1247 4679 illud
1285 4636 1430 4678 vero
1483 4636 1558 4679 ne
1587 4618 1846 4696 feceris;
1883 4639 1998 4683 non

352 4712 550 4766 autem
585 4705 806 4785 pariter
826 4705 1144 4767 roborabat
1163 4713 1219 4766 et
1236 4709 1304 4766 ad
1306 4704 1551 4784 juvabat
1570 4708 1640 4768 ad
1665 4706 2001 4769 faciendum

353 4812 485 4875 quae
506 4793 667 4856 dicta
687 4801 876 4858 erant.
904 4793 1159 4856 cVerum
1180 4795 1542 4856 introductio
1555 4795 1820 4876 quaedam
1846 4805 1957 4858 est.
1974 4821 1996 4853 ιι

351 4889 402 4948 Α
435 4883 740 4946 communi
773 4883 930 4945 enim
973 4883 1278 4946 intellectu
1311 4885 1622 4965 suppletur
1649 4885 1891 4946 verbum
1913 4889 2002 4966 γί-

348 4993 550 5050 γνεται,
607 4972 668 5034 id
716 4981 803 5033 est
852 4973 1124 5036 etﬁcitur.
1187 4995 1210 5029 α
1247 4973 1337 5034 Ad
1395 4991 1561 5052 Spem
1623 4975 1934 5056 potiorem.
1975 5000 1994 5033 ι

347 5058 566 5122 Habuit
595 5079 852 5141 namque
872 5071 929 5124 et
953 5062 1043 5124 lex
1067 5069 1328 5142 spem,at
1349 5080 1466 5124 non
1495 5065 1670 5126 talem
1688 5065 1879 5144 qualis
1911 5073 2002 5127 est

349 5167 480 5228 qua:
509 5149 697 5230 ipsius
727 5148 858 5212 loco
891 5149 1288 5231 subsequitur.
1327 5148 1633 5231 Siquidem
1677 5151 1777 5232 qui
1807 5152 1998 5231 legem

348 5238 702 5318 implebant,
735 5242 1054 5323 Sperabam
1085 5251 1303 5302 terram
1337 5241 1646 5320 possidere
1681 5261 1694 5304 :
1745 5267 1769 5298 α
1808 5245 1992 5318 Bona,

350 5325 566 5406 inquit,
605 5339 778 5394 terra:
817 5330 1162 5394 comedetis
1212 5329 1302 5392 35.
1344 5351 1372 5389 ν
1405 5330 1554 5411 Spes
1605 5350 1740 5394 vero
1773 5351 1904 5412 quae
1936 5333 1994 5393 in

351 5414 654 5480 Christum
677 5429 1044 5502 est,regnum
1072 5419 1170 5481 dat
1189 5418 1495 5498 caelorum,
1529 5420 1770 5501 Deoque
1793 5422 1992 5502 proxi-

425 5593 624 5661 3315a.
661 5616 698 5674 ί,
737 5600 835 5662 l9.

2085 4447 2139 4499 ὲν
2169 4443 2330 4520 ἀρετῇ
2357 4450 2602 4512 ποιῆσαι.
2651 4443 2848 4523 ⁷Ἐλεγε
2867 4447 2965 4523 γὰρ
2997 4447 3181 4520 μόνον,
3208 4443 3324 4500 τόδε
3354 4445 3593 4521 ποιῆσαι,
3635 4447 3723 4501 καὶ

2084 4530 2197 4590 τόδε
2229 4534 2307 4609 μὴ
2339 4540 2585 4601 ποιῆσαι.
2615 4536 2708 4592 οὒκ
2753 4533 2826 4590 ἔτι
2875 4532 2930 4590 δὲ
2981 4537 3067 4592 καὶ
3115 4532 3424 4610 ἐνεδυνάμου
3480 4537 3564 4591 καὶ
3594 4556 3720 4592 συν-

2085 4622 2332 4702 υπούργει
2356 4625 2486 4702 πρὸς
2515 4626 2576 4680 τὸ
2641 4624 2868 4703 γίνεσθαι
2920 4625 2986 4681 τὰ
3046 4622 3324 4702 λεχθέντα.
3391 4645 3420 4679 α
3475 4624 3724 4682 Ἐπεισα-

2086 4713 2239 4789 γωγη
2267 4711 2341 4770 δέ.
2380 4736 2406 4768 ι
2470 4712 2605 4768 Ἀπὸ
2663 4721 2844 4770 κοινοῦ
2903 4714 2964 4768 16
3039 4712 3251 4790 γίνεται.
3324 4735 3350 4767 α
3414 4714 3719 4793 Κρείττονος

2086 4799 2314 4864 ἐλπίδος,
2359 4825 2379 4856 ι
2420 4802 2560 4880 Εἶχε
2593 4801 2689 4876 μὲν
2717 4802 2817 4880 γὰρ
2845 4803 2932 4857 καὶ
2975 4803 3002 4857 6
3058 4801 3217 4876 νόμος
3248 4800 3454 4881 ἐλπίδα,
3513 4800 3630 4858 ἀλλ’
3661 4804 3721 4858 ού

2084 4890 2353 4964 τοιαύτην,
2386 4890 2479 4946 οἶα
2507 4893 2540 4957 ἡ
2584 4889 3016 4968 ἆντεισαχθεῖσα.
3052 4893 3110 4946 Οἱ
3141 4890 3238 4966 μὲν
3281 4891 3380 4970 γὰρ
3442 4889 3716 4958 πληαοῦν-

2085 4999 2168 5041 τες
2201 4980 2292 5034 τὸν
2320 4978 2502 5053 νόμον,
2565 4976 2786 5050 ἤλπιζον
2841 4977 2973 5043 ἕξειν
3027 4978 3127 5045 τὴν
3196 4979 3320 5058 γῆν.
3360 5001 3383 5034 ο
3446 4980 3522 5036 Τὰ
3550 4979 3719 5058 ἀγαθὰ

2086 5070 2205 5147 γὰρ,
2240 5069 2389 5148 φησὶ,
2435 5073 2532 5134 τῆς
2618 5073 2719 5146 γῆς
2778 5068 3025 5146 φάγεσθε,
3077 5091 3101 5122 ιι
3142 5058 3204 5124 Ἠ
3247 5064 3300 5123 δὲ
3355 5065 3438 5123 διὰ
3495 5075 3720 5147 Χριστοῦ

2085 5156 2233 5221 ἐλπὶς
2287 5157 2386 5223 τὴν
2445 5154 2720 5233 βασιλείαν
2775 5152 2949 5212 δίδωσι
3017 5155 3121 5211 τῶν
3178 5158 3432 5235 οπῦρανῶν,
3490 5156 3576 5211 καὶ
3657 5156 3718 5210 τὸ

2084 5244 2240 5324 ἐγγὺς
2293 5246 2571 5315 στήσεσθαι
2615 5251 2766 5318 Θεοῦ,
2825 5245 2912 5299 καὶ
2965 5242 3356 5323 λειτουργήσειν
3413 5248 3554 5318 αύτῷ
3583 5245 3717 5320 μετᾶ

2081 5333 2347 5413 ἀγγέλων,
2403 5353 2433 5394 (
2493 5336 2587 5391 Καὶ
2667 5337 2762 5389 καθ
2831 5330 2955 5389 ὅσον
3019 5336 3078 5391 οῦ
3163 5330 3330 5412 χωρὶς
3387 5333 3715 5412 ὁρκωμοσίας

2079 5425 2229 5488 εἰσίν,
2269 5447 2296 5479 ι
2363 5425 2460 5484 Καὶ
2529 5430 2800 5502 τοσοῦτον,
2873 5423 3024 5502 φησὶ,
3072 5433 3316 5502 κρεῖττον
3386 5421 3714 5502 ἀντεισήχθη
