4152 6216
278 369 399 441 357
1408 368 1805 440 GOMMENT.
1849 366 1935 439 IN
1977 366 2219 438 EPIST.
2268 372 2371 439 AD
2412 372 2643 442 HEBR.
3538 375 3655 449 358

277 509 456 588 ἐλπὶς,
528 511 645 569 καθ’
704 512 827 569 ὅσον
885 514 914 568 6
972 512 1192 591 Χριστὸς
1247 512 1305 574 ςῦ
1371 511 1537 591 χωρὶς
1595 510 1969 589 ὁρκωμοσίας]

2066 526 2181 569 tum
2214 507 2364 584 fieri,
2391 518 2448 571 et
2476 510 2589 592 ipsi
2619 530 2739 574 una
2766 531 2899 573 cum
2945 511 3170 592 angelis
3218 512 3559 577 ministrare
3586 534 3658 579 ac

276 597 496 687 γέγονεν
548 600 738 673 ἱερεύς,
801 598 867 657 Ἦ
924 600 1024 680 γὰρ
1100 600 1402 677 ὁρκωμοσία
1457 601 1519 655 τὸ
1602 599 1924 675 ἀμετάθετον

2066 596 2370 687 ιετίιίοιιγθ.
2394 605 2585 679 Atque
2613 600 2724 662 hoc
2756 602 3073 682 puriorem,
3100 603 3255 683 quod
3291 621 3408 664 non
3430 602 3658 687 absque

275 686 443 756 δηλοῖ
492 698 589 749 106
642 688 849 747 ἔσεσθαι
904 690 1061 747 αὐτὸν
1133 687 1389 769 ἀρχιερέα
1444 690 1517 752 εἰς
1577 689 1668 744 τὸν
1738 689 1924 748 αἰῶνα.

2066 686 2395 766 irejurando
2424 707 2523 750 res
2550 696 2679 751 acta
2707 690 2840 751 sita
2876 688 3085 771 Tanto,
3106 690 3317 771 inquit.
3348 684 3655 757 meliorem

285 804 313 833 ι
366 784 427 839 Οἱ
478 781 577 857 μὲν
632 782 733 859 γὰρ
788 784 954 861 χωρὶς
1026 781 1378 862 ὁρκωμοσίας.
1418 803 1443 839 ι
1505 781 1644 838 Εἶτα
1712 779 1773 836 ἐκ
1830 785 1925 836 τσῦ

2066 774 2170 835 uod
2206 792 2322 836 non
2346 776 2477 838 sine
2497 777 2890 857 jurejurando
2933 779 3121 840 factus
3151 779 3228 840 sit
3256 778 3527 845 Christus
3555 801 3655 845 sa-

278 869 565 935 ὶλάττονος
615 873 667 927 αἱ
722 873 1019 950 συγκρίσεις
1072 875 1176 927 τῶν
1230 869 1373 949 παρᾶ
1431 867 1698 933 Ἰουδαίοις
1750 867 1927 947 ἱερέων

2066 864 2228 927 erdos
2241 864 2659 941 Jusjurandum
2676 868 2834 930 enim
2857 868 3393 932 immutabilitatem
3412 871 3661 949 indicat,

281 960 375 1017 καὶ
408 967 502 1016 τοῦ
528 960 683 1035 ἡμῶν
741 958 1061 1039 ἀρχιερέως.
1125 982 1149 1015 n
1219 960 1317 1015 Διὰ
1387 968 1480 1018 106
1507 957 1755 1036 λέγοντος
1799 959 1929 1037 πρὸς

2066 953 2172 1015 uod
2218 955 2448 1017 futurus
2493 956 2568 1017 sit
2611 958 2872 1037 pontifex
2903 957 2962 1019 in
2987 967 3297 1023 aeternum.
3330 958 3519 1022 aNam
3570 961 3659 1024 illi

286 1050 471 1110 αυτὸν.
512 1072 535 1103 η
573 1052 702 1105 Οἴον
729 1046 813 1104 διὰ
841 1054 936 1105 τοῦ
1005 1054 1156 1108 Θεοῦ.
1226 1048 1323 1103 Διὰ
1377 1054 1470 1104 τοῦ
1537 1045 1705 1104 Δαυῖδ
1759 1047 1858 1125 γὰρ
1905 1067 1934 1121 9

2066 1041 2262 1104 uidem
2301 1047 2449 1106 citra
2475 1044 2959 1125 jusjurandum.»
2982 1047 3120 1108 ’572
3146 1047 3371 1111 Deinde
3391 1068 3425 1110 a
3447 1050 3663 1112 minori

289 1140 425 1202 Θεὸς
450 1136 648 1200 ἐλάλει,
684 1162 713 1194 ι
790 1139 937 1196 Κατὰ
989 1143 1237 1195 τοσοῦτον
1306 1136 1621 1213 κρείττονος.
1688 1156 1711 1191 ι
1775 1137 1935 1213 Καθὸ,

2066 1133 2489 1213 omparationes
2521 1133 2657 1195 facit
2690 1135 3062 1198 sacerdotum
3099 1137 3197 1218 qui
3230 1137 3382 1218 apud
3426 1138 3663 1202 Judmos

291 1229 477 1307 φησὶν,
510 1230 555 1283 οἱ
605 1226 699 1303 μὲν
757 1227 897 1305 παρὰ
954 1224 1215 1289 Ἰουδαίοις
1290 1227 1449 1304 ἱερεῖς
1520 1224 1646 1304 δίχα
1700 1223 1878 1302 ὅρκου,
1911 1225 1940 1279 6

2066 1228 2212 1292 rant,
2251 1235 2305 1282 et
2342 1226 2527 1284 nostri
2560 1224 2878 1304 pontiﬁcis.
2913 1248 2933 1281 ι
2975 1229 3082 1286 t'er
3110 1244 3245 1288 eum
3278 1225 3380 1307 qui
3413 1228 3559 1289 dixit
3585 1229 3657 1290 ad

291 1305 346 1371 δὲ
379 1305 605 1392 Χριστὸς
661 1316 796 1390 μετὰ
862 1314 1018 1394 ὅρκου
1086 1313 1301 1393 γέγονεν
1368 1313 1668 1392 ἀρχιερεύς.
1731 1316 1837 1371 06x
1879 1309 1940 1365 ἂν

2070 1307 2252 1368 lum.»
2276 1309 2401 1371 Hoc
2432 1320 2519 1373 est
2548 1330 2653 1391 per
2685 1314 2871 1374 Deum
2899 1332 2913 1373 :
2945 1332 3080 1374 nam
3105 1333 3210 1395 per
3230 1305 3409 1376 David
3437 1317 3666 1379 locutus

293 1404 349 1460 δὲ
383 1406 539 1461 10610
584 1404 791 1483 γέγονε,
841 1404 1021 1484 φησὶν,
1052 1404 1204 1478 εἰμὴ
1249 1402 1472 1480 μεγίστη
1503 1402 1568 1469 ἧν
1613 1403 1648 1469 ἡ
1694 1398 1932 1480 διαφορά.

2066 1404 2117 1456 st
2146 1398 2321 1460 Deus.
2366 1422 2388 1455 ι
2426 1398 2612 1462 Tanto
2664 1401 2906 1481 potioris
2952 1403 3313 1466 testamenti.
3369 1429 3392 1461 ι
3437 1404 3662 1478 Quate-

296 1499 600 1572 Τοιγαροῦν
626 1494 719 1576 καί
742 1492 838 1560 τῆς
894 1491 1014 1557 νέας
1071 1492 1297 1571 μεγίστη
1327 1493 1362 1558 ἡ
1406 1487 1625 1569 διαφορὰ
1679 1490 1811 1569 πρὸς
1839 1496 1937 1556 τὴν

2066 1504 2166 1576 us,
2191 1487 2402 1568 inquit,
2441 1489 2783 1552 sacerdotes
2813 1490 3151 1554 ludaeorum
3188 1492 3414 1574 absque
3437 1494 3666 1576 jureju-

296 1571 558 1640 παλαιάν.
615 1600 643 1639 ι
682 1571 944 1660 υ[ἔγγυος.
985 1604 1008 1635 n
1039 1583 1167 1638 Οἶον
1193 1579 1482 1658 ἐγγυητὴς,
1517 1579 1759 1654 μεσίτης.
1784 1601 1811 1633 α
1843 1578 1938 1635 Καὶ

2066 1574 2236 1654 ando,
2270 1578 2537 1640 Christus
2562 1597 2698 1640 vero
2733 1598 2865 1640 cum
2891 1581 3287 1660 jurejurando
3315 1571 3519 1645 Tactus
3550 1571 3662 1659 est,

297 1673 347 1727 οἱ
393 1672 494 1745 μὲν
521 1668 785 1732 πλείονες.
815 1692 839 1725 υ
871 1670 970 1727 Καὶ
1011 1669 1147 1728 κατὰ
1176 1667 1360 1741 ἄλλον,
1419 1669 1545 1747 φησὶ
1606 1667 1798 1745 τρόπον
1827 1665 1942 1740 μεί-

920 1753 1615 1771 ...μιη
1821 1751 1932 1771 ,κν

2073 1664 2385 1762 ontifede
2408 1673 2606 1771 autem
2638 1685 3007 1771 nequaquam
3040 1668 3256 1771 factum
3289 1668 3517 1771 fuisse},
3554 1671 3669 1732 nisi

296 1766 408 1829 ζων
437 1761 596 1833 ἡμῶν
628 1761 656 1814 6
702 1757 999 1837 ἀρχιερεὺς,
1036 1759 1096 1813 o6
1138 1756 1299 1830 μόνον
1330 1753 1413 1811 διὰ
1438 1757 1531 1811 τὸν
1588 1754 1765 1834 ὅρκον,
1813 1751 1948 1808 ἀλλὰ

2066 1750 2286 1812 iaxima
2335 1764 2489 1814 esset
2530 1753 2879 1817 dissidentia
2912 1762 2969 1816 et
3000 1756 3421 1836 praecellentia.
3465 1756 3668 1839 Itaque

294 1848 387 1903 καὶ
418 1845 503 1903 διὰ
531 1849 593 1903 τὸ
624 1847 766 1905 εἶναι
796 1847 951 1903 αὐτὸν
993 1844 1364 1912 ἀτελεύτητον,
1447 1867 1468 1899 ε
1509 1844 1605 1903 Διὰ
1627 1845 1712 1915 τὸ,
1744 1842 1948 1916 θανάτῳ

2066 1840 2165 1927 ovi
2191 1842 2261 1900 ad
2296 1850 2462 1902 vetus
2495 1843 2742 1905 maxima
2777 1852 2862 1905 est
2895 1844 3240 1907 eminentia.
3282 1871 3309 1901 ι
3335 1846 3660 1927 Sponsor.»

293 1934 615 1997 κωλύεσθαι.
676 1958 704 1989 n
771 1935 915 1992 Κατὰ
991 1935 1091 2014 γὰρ
1156 1934 1377 1990 θάνατον
1471 1934 1558 1989 καὶ
1656 1930 1944 2009 ἐναλλαγὴ,

2066 1924 2156 1987 [oc
2188 1938 2272 1987 est
2299 1930 2635 2008 fidejussor,
2659 1931 2966 1993 mediator.
2992 1955 3015 1988 α
3051 1931 3121 1995 Ει
3149 1933 3233 1994 illi
3265 1923 3504 2014 quidem
3530 1935 3665 2015 plu-

294 2025 479 2107 ἱερέως
535 2022 801 2090 δηλονότι.
873 2047 892 2076 ε
960 2022 1307 2101 Παραμὲνειν,
1347 2043 1371 2077 ι
1422 2019 1512 2079 Ἐν
1554 2027 1624 2098 τῇ
1690 2021 1943 2100 ἱερωσύνῃ

2066 2034 2126 2076 es
2165 2016 2328 2078 »ΑΙἱο
2357 2037 2589 2099 quoque
2624 2020 2797 2081 modo
2831 2020 3022 2101 potior
3039 2029 3127 2083 est
3151 2031 3354 2085 noster
3383 2023 3669 2104 pontifex,

300 2112 573 2178 δηλονότι.
616 2136 641 2167 α
678 2108 1068 2190 Ἀπαράϐατον,
1105 2134 1130 2166 ι
1170 2109 1501 2190 Ἀδιάδοχον,
1574 2109 1943 2188 ἀτελεύτητον,

2073 2123 2243 2185 empe
2257 2124 2373 2168 non
2386 2108 2573 2169 solum
2589 2111 2853 2190 propterj
2865 2111 3478 2191 usjurandum,verum
3493 2113 3668 2174 etiam

305 2226 327 2256 ε
373 2192 565 2261 U005v.
593 2224 616 2256 ι
648 2199 888 2280 Ἐπειδὴ,
920 2201 1099 2279 φησὶν,
1134 2199 1213 2256 ἀεὶ
1255 2206 1345 2277 ζῇ.
1384 2201 1506 2263 «Εἰς
1536 2202 1597 2256 τὸ
1626 2198 1939 2263 παντελές.)

2068 2211 2101 2253 o
2115 2194 2269 2274 quod
2285 2212 2524 2276 semper
2545 2198 2700 2257 idem
2718 2197 2792 2259 sit
2813 2197 3181 2261 immortalis.
3196 2198 3368 2261 «Ideo
3390 2200 3544 2281 quod
3563 2219 3671 2282 per

298 2293 409 2348 Οὔκ
438 2291 660 2346 ἐνταῦθα
728 2289 911 2365 μόνον,
962 2288 1099 2345 ἀλλὰ
1151 2292 1237 2346 καὶ
1292 2289 1431 2350 ἐκεῖ.
1489 2297 1653 2347 Τοῦτο
1723 2290 1822 2368 γὰρ
1886 2290 1948 2344 16

2066 2290 2283 2345 mortem
2315 2303 2433 2346 non
2456 2285 2856 2347 sinerentur.»
2885 2285 2964 2349 Ex
2994 2296 3184 2351 morte
3215 2298 3274 2351 et
3304 2289 3667 2351 immutatio-

295 2379 556 2445 παντελὲς
611 2380 698 2434 καὶ
768 2376 1097 2438 παντέλειον.
1202 2401 1225 2433 ε
1290 2379 1421 2442 Τοὺς
1491 2378 1948 2457 προσερχομένως

2066 2389 2130 2447 ιο,
2176 2368 2509 2435 Sacerdotis
2556 2375 2853 2440 videlicet.
2887 2403 2914 2434 σ
2948 2375 3328 2452 Permanere,
3369 2401 3391 2434 ι
3430 2379 3578 2441 Puta
3607 2379 3667 2440 in

294 2469 366 2541 ὃς
399 2470 579 2529 αὺτοῦ,
622 2493 646 2523 n
686 2468 784 2524 Διᾶ
837 2468 937 2534 τῆς
967 2469 1037 2533 εἰς
1094 2468 1248 2524 αὒτὸν
1332 2470 1581 2531 πίστεως,
1656 2489 1679 2523 ι
1718 2468 1949 2523 Πάντοτε

2066 2461 2386 2526 acerdolio.
2427 2488 2451 2518 α
2475 2462 2941 2544 Sempiternum.
2981 2491 3005 2520 ι
3041 2465 3433 2529 Successione
3460 2486 3529 2529 ac
3550 2469 3668 2530 ﬁne

300 2565 432 2630 ζῶν,
471 2581 496 2615 ι
551 2557 650 2613 Διά
677 2559 854 2630 τοῦτο,
896 2559 1075 2637 φησὶν,
1108 2559 1182 2620 εἰς
1238 2559 1300 2613 τὸ
1355 2555 1606 2623 παντελὲς
1656 2558 1836 2637 σώζει,
1867 2555 1951 2613 διὰ

2066 2568 2261 2613 arens.
2301 2550 2526 2615 «Unde.
2559 2552 3091 2635 nQuandoquidem
3121 2573 3359 2637 semper
3384 2554 3669 2618 vivituAd

301 2650 365 2703 16
398 2648 629 2704 πάντοτε
664 2652 758 2722 ζῇν
788 2664 801 2678 ⁸
842 2646 998 2716 σώζει
1023 2644 1099 2726 δὲ,
1147 2648 1296 2726 φησὶ,
1329 2643 1412 2702 διὰ
1467 2645 1562 2702 106
1613 2645 1951 2726 ἐντυγχάνειν

2066 2643 2298 2703 νιθηυιη.
2338 2667 2365 2697 ιο
2401 2641 2529 2704 Non
2557 2643 2616 2704 in
2646 2644 2755 2704 hoc
2796 2652 3018 2705 tantum
3066 2644 3305 2724 sarculo,
3358 2645 3459 2707 sed
3492 2646 3666 2707 etiam
3756 2656 3761 2661 ‘

303 2736 438 2814 ὑπὲρ
464 2743 572 2792 τῶν
631 2734 1076 2815 προσερχομένων
1117 2741 1195 2809 τῷ
1239 2740 1355 2808 Θεῷ
1407 2736 1496 2791 καὶ
1553 2737 1736 2815 ῐῐατρί,
1776 2753 1805 2794 ι
1865 2736 1951 2798 Εἰς

2066 2750 2094 2791 n
2121 2731 2339 2793 futuro.
2373 2729 2519 2792 Nam
2552 2733 2665 2794 hoc
2695 2732 2809 2794 sibi
2868 2732 3068 2793 volunt
3102 2733 3356 2798 παντελὲς
3389 2742 3447 2795 et
3476 2736 3640 2791 παντέ

304 2830 370 2884 16
405 2825 747 2905 ἐντυγχάνειν
777 2825 906 2904 ὑπὲρ
964 2827 1157 2886 αὐτῶν,
1197 2846 1220 2880 ι
1285 2826 1410 2904 Περὶ
1436 2831 1529 2905 106
1594 2826 1731 2882 κατὰ
1784 2825 1951 2904 σάρκα

2066 2843 2193 2883 ειον.
2236 2845 2259 2874 ι
2292 2819 2399 2893 Qui
2434 2836 2540 2902 per
2564 2821 2755 2901 ipsum
2781 2820 3074 2883 adeunt.)
3111 2819 3224 2882 Per
3251 2821 3426 2882 (idem
3459 2840 3589 2903 quae
3610 2823 3672 2883 in

303 2924 535 2996 Χριστοῦ
568 2904 792 2994 εἴρηται
847 2915 910 2969 16
964 2915 1210 2970 ταπεινὸν
1250 2914 1427 2976 10610.
1484 2904 1658 2972 ΗΟταν
1713 2912 1767 2969 δὲ
1812 2912 1953 2971 εἴπω

2066 2927 2229 2990 psum
2261 2919 2371 2971 est.
2423 2935 2448 2965 α
2476 2909 2727 2990 Semper
2757 2911 2977 2971 vivens.
3020 2934 3040 2966 ι
3079 2908 3422 2989 Propterea,
3456 2910 3669 2990 inquit,

308 3004 450 3062 κατά
492 3003 685 3082 σάρκα,
718 3004 778 3059 o6
819 3000 1077 3081 διαίρησιν
1133 3000 1301 3069 δηλῶ.
1361 3004 1450 3069 Μὴ
1507 3003 1713 3081 γένοιτο
1749 3002 1764 3062 ί
1832 3002 1951 3059 ἀλλ’

2066 2998 2107 3059 ,d
2139 2999 2382 3079 plenum
2414 2999 2768 3078 Salvat,quia
2795 3016 3032 3079 semper
3050 2997 3456 3061 vivit.Perhoc
3477 3009 3670 3061 autem

303 3090 433 3153 οῖδα
478 3078 635 3149 αὗτὸν
696 3078 1025 3171 ἅδιαιρέτως,
1083 3090 1421 3172 ἀσυγχύτως,
1455 3078 1532 3149 ἐν-
1565 3098 1662 3167 μιᾷ
1714 3093 1949 3150 ὑποστά-

2067 3078 2220 3149 alvat
2247 3090 2399 3168 quod
2426 3107 2532 3169 pro
2556 3078 3034 3169 hispostulatqui
3055 3086 3127 3149 ad
3150 3086 3335 3150 Deum
3360 3095 3421 3151 et
3440 3086 3673 3150 Patrem

303 3204 385 3240 σει
447 3181 907 3256 προσκυνούμενον
965 3180 1099 3255 μετὰ
1152 3185 1251 3247 τῆς
1326 3178 1454 3243 ἰδίας
1525 3183 1683 3238 αὐτοῦ
1738 3182 1951 3259 σαρκός.

2066 3178 2344 3240 ecedunt.
2386 3202 2411 3233 α
2448 3176 2518 3241 Ut
2557 3176 2893 3256 interpellet
2918 3195 3026 3257 pro
3054 3175 3194 3237 illis.
3240 3178 3374 3255 pDe
3414 3177 3671 3256 Christo,

304 3272 368 3331 Τί
441 3269 497 3327 δὲ
548 3272 625 3347 16,
687 3268 1096 3350 Ἐντυγχάνεινς
1143 3273 1296 3345 Οἶον,
1367 3267 1537 3326 δέεται
1595 3276 1686 3327 τοῦ
1757 3271 1955 3349 [ἰατρὸς

2066 3274 2101 3326 ιι
2132 3272 2219 3328 est
2238 3267 2566 3329 secundum
2609 3266 3112 3346 carnem,dictum
3163 3273 3253 3325 est
3288 3264 3533 3325 verbum
3564 3266 3679 3327 hoc

301 3364 465 3420 αὐτοῦ
505 3360 633 3438 ὑπὲρ
696 3361 872 3435 ἡμῶν.
934 3356 1150 3426 Ἐπειδὴ
1208 3360 1307 3437 γὰρ
1375 3356 1526 3416 εἴπεν
1609 3358 1764 3416 αὐτὸν
1793 3359 1952 3438 ἱερέα,

2066 3354 2280 3416 ιιιῐηίΙο.
2320 3355 2462 3418 Cum
2497 3364 2695 3418 autem
2740 3356 3066 3416 secundum
3096 3370 3337 3421 carnem
3368 3352 3525 3425 dico,
3559 3372 3678 3415 non

306 3450 445 3507 ἴδιον
469 3447 525 3505 δὲ
551 3448 728 3528 ἱερέως
759 3449 819 3503 16
867 3445 1066 3528 δεῖσθαι
1123 3448 1254 3520 ὑπὲρ
1321 3454 1411 3504 τοῦ
1467 3446 1597 3505 λαοῦ
1632 3468 1647 3483 ο
1694 3446 1778 3504 διὰ
1804 3458 1957 3508 τοῦτο

2066 3442 2385 3505 livisionem
2418 3443 2922 3523 signiﬁco.Absit:
2956 3444 3060 3503 sed
3094 3441 3217 3503 scio
3247 3442 3439 3521 ipsum
3460 3440 3679 3502 indivi-

306 3538 459 3613 εἶπε,
492 3539 565 3595 T6
597 3525 960 3615 ἐντυγχάνειν,
997 3525 1128 3594 υΟτι
1176 3538 1275 3616 γὰρ
1315 3536 1469 3593 τοῦτό
1517 3536 1648 3611 ἐσιν,
1710 3540 1738 3595 6
1794 3538 1958 3610 οἰκείᾳ

2072 3534 2443 3608 e,inconfuse
2487 3535 2546 3595 in
2594 3551 2712 3594 una
2763 3531 3066 3613 bypostasi
3114 3530 3348 3591 adorari
3397 3548 3509 3591 una
3542 3548 3675 3592 cum

310 3626 553 3698 αὖθεντίᾳ
623 3625 831 3701 νεκροὺς
888 3624 1124 3704 ἐγείρων,
1209 3627 1297 3682 καί
1409 3628 1665 3705 ἁμαρτίας
1762 3627 1954 3707 ἀφιεὶς,

2066 3641 2220 3684 ;arne
2242 3641 2368 3683 sua.
2400 3621 2550 3693 Quid
2585 3631 2670 3683 est
2701 3630 2920 3694 autem,
2944 3619 3019 3682 Ut
3047 3618 3428 3707 interpellet?
3462 3637 3683 3699 nempe

310 3717 406 3777 οὐκ
449 3712 510 3770 ἂν
541 3716 613 3777 εἰς
674 3715 736 3769 16
782 3719 948 3771 σῶσαι
1018 3710 1206 3783 ἐδεήθη
1250 3720 1343 3771 106
1398 3717 1628 3795 Πατρὸς,
1689 3719 1762 3781 ὡς
1806 3706 1961 3780 αὐτὸς

2066 3719 2106 3771 ιι
2137 3710 2366 3772 Patrem
2398 3729 2568 3771 suum
2582 3706 3681 3791 preceturpronobis.Quandoquidem

182 3814 193 3819 ”
308 3803 562 3886 ᾇδύνατος
628 3803 703 3861 ὢν
760 3805 924 3876 οἰκείᾳ
970 3809 1135 3859 σῶσαι
1177 3801 1411 3877 δυναμει.
1473 3837 1564 3886 -ξ-
1623 3803 1962 3886 [ΟΙΚΟΥΜ.]

2066 3799 2205 3862 anim
2231 3799 2424 3880 ipsum
2455 3800 2602 3861 dixit
2623 3816 2756 3861 esse
2779 3797 3169 3886 sacerdotem,
3207 3796 3516 3886 praprium
3533 3814 3682 3886 vero

308 3883 395 3951 “ﬂ
439 3895 523 3971 16,
557 3893 897 3974 ἐντυγχάνειν
952 3891 1122 3970 δέξας,
1155 3896 1318 3952 καθὼι
1346 3894 1431 3969 16,
1472 3916 1499 3948 α
1529 3883 1780 3975 ”Εχομεν
1810 3883 1966 3955 αὐτὸν

2066 3889 2372 3953 ιοοεηὶοιίε
2402 3897 2490 3950 est
2521 3885 2750 3967 precari
2781 3904 2886 3966 pro
2919 3884 3134 3975 populo
3152 3892 3467 3975 propterea
3486 3884 3679 3950 dixit:

312 3982 660 4061 παράκλητον
693 3972 840 4063 πρὸς
898 3984 989 4040 τὸν
1048 3983 1274 4063 Πατέρα.
1310 4007 1339 4039 ι
1402 3983 1487 4050 Ἐξ
1545 3972 1732 4056 αὐτῆς,
1807 4007 1959 4064 φησι,

2066 3979 2120 4045 ]ι
2144 3975 2675 4058 interpellet.Quod
2700 3982 2893 4064 autem
2916 3972 3138 4064 idcirco
3169 3972 3390 4064 dictum
3423 3974 3519 4049 sit,
3554 3993 3686 4037 ma-

306 4077 411 4139 τῆς
455 4071 903 4150 ἐνανθρωπήσεως
959 4062 1261 4152 παρακαλεῖ
1326 4072 1415 4131 καὶ
1468 4062 1829 4153 προτρέπεται
1869 4076 1961 4131 τὸν

2066 4069 2321 4132 iifestum
2354 4068 2623 4129 est.Nam
2654 4062 2753 4145 qui
2788 4063 3027 4143 propria
3056 4063 3402 4153 auctoritate
3427 4072 3689 4126 mortuos

311 4160 523 4241 Πατέρα
565 4158 738 4217 ἐλεεῖν
777 4162 940 4236 ἡμᾶς.
1040 4150 1048 4152 ἡ
1512 4150 1519 4151 7
1606 4150 1615 4153 ‘

2066 4158 2278 4231 :xcitat,
2328 4162 2568 4237 peccata
2598 4153 2869 4233 remittit,
2919 4170 3290 4241 nequaquam
3336 4150 3510 4214 Patre
3539 4172 3689 4235 opus

307 4239 492 4311 habet
514 4255 583 4310 ut
604 4248 808 4325 salvet,
832 4247 1001 4329 quasi
1030 4247 1159 4329 ipse
1188 4248 1488 4330 impotens
1517 4256 1679 4312 esset
1707 4249 1813 4329 qui
1843 4268 1950 4312 sua
1980 4248 2172 4332 ipsius
2207 4244 2468 4327 potentia
2497 4242 2773 4305 salvaret.
2812 4277 2886 4288 -
2926 4239 3094 4314 Quod
3126 4240 3207 4332 ait
3238 4258 3252 4303 :
3292 4242 3369 4303 Ut
3398 4242 3690 4332 interpel-

309 4337 416 4412 let,
450 4336 655 4419 accipe
670 4338 833 4400 velut
861 4338 920 4399 id
952 4338 1110 4419 quod
1148 4329 1367 4400 dicitur
1396 4356 1410 4400 :
1456 4364 1483 4396 α
1516 4337 1819 4401 Habemus
1846 4329 2039 4420 ipsum
2070 4337 2415 4400 advocatum
2448 4332 2602 4415 apud
2635 4334 2868 4395 Patrem
2895 4332 3018 4392 δι.»
3055 4332 3140 4393 Ex
3170 4329 3322 4411 ipsa,
3354 4333 3568 4413 inquit,
3600 4330 3690 4393 in-

315 4427 665 4491 carnatione
687 4436 962 4509 precatur
991 4433 1049 4489 et
1077 4426 1423 4509 interpellat
1447 4430 1681 4505 Patrem
1711 4436 1776 4489 ut
1795 4427 2146 4491 misereatur
2174 4425 2368 4488 nobis.

405 4540 430 4577 s
499 4517 753 4582 Τοιοῦτος
804 4519 903 4598 γὰρ
959 4520 1095 4593 ἡμῖν
1152 4516 1372 4598 ἔπρεπεν
1441 4519 1741 4599 ἀρχιερεὺς,
1788 4517 1953 4589 ὅσιος,

2122 4514 2248 4595 Vll,
2282 4512 2498 4578 25-28.
2553 4510 2718 4575 Talis
2763 4513 2927 4575 enim
2974 4510 3219 4574 decebat
3248 4519 3314 4573 ut
3345 4517 3497 4575 esset
3521 4509 3693 4574 nobis

317 4604 549 4687 ἄπακος,
607 4606 884 4685 ἀμίαντος,
966 4605 1361 4686 κεχωρισμένος
1440 4607 1547 4665 ἀπὸ
1628 4608 1732 4665 τῶν
1788 4609 1965 4686 ἀμαρ-

2066 4610 2351 4685 conti/ex,
2369 4604 2530 4683 pius,
2554 4602 2837 4664 innocens
2867 4599 3244 4689 impollutus,
3274 4609 3624 4681 segregatus
3654 4618 3695 4662 ιι

318 4694 528 4777 τωλῶν,
606 4695 695 4752 καὶ
762 4693 1093 4774 ὑψηλότερος
1177 4694 1282 4750 τῶν
1370 4697 1602 4775 οὗρανῶν
1656 4698 1965 4774 γενόμενος.

2066 4692 2472 4768 uocatoribus,
2504 4697 2563 4754 et
2588 4689 2907 4753 sublimior
2931 4691 3095 4749 caelis
3123 4688 3385 4768 eiectus,
3434 4690 3534 4751 cui
3570 4705 3695 4751 non

322 4774 435 4848 ”ος
467 4786 563 4842 οὒκ
624 4782 742 4865 ἔχει
799 4781 914 4841 καθ’
983 4782 1189 4863 ἡμέραν
1240 4782 1499 4862 ἀνάγκην,
1572 4784 1751 4863 ὥσπερ
1779 4787 1825 4840 οι
1866 4784 1968 4861 ἀρ-

2050 4791 2129 4847 sit
2160 4784 2431 4865 quotidie
2458 4797 2722 4855 necesse,
2758 4787 2806 4838 ο
2822 4788 2855 4838 τ
2875 4786 2922 4837 8
2947 4778 3451 4857 quemadmodum
3479 4778 3692 4858 ponti-

320 4887 555 4956 χιερετς,
622 4873 874 4952 πρότερον
968 4872 1098 4951 ὑπὲρ
1178 4877 1283 4928 τῶν
1376 4870 1514 4929 ἰδίων
1572 4872 1969 4951 ἁμαρτημάτων

2066 4872 2286 4947 icibus,
2308 4872 2484 4950 prius
2500 4887 2614 4950 pro
2631 4868 2895 4950 propriis
2913 4867 3175 4956 peccatis
3210 4867 3490 4930 victimas
3511 4867 3697 4956 offer:

320 4965 503 5026 Osuiu;
579 4960 880 5040 ἀναφέρειν,
985 4959 1172 5017 ἔπειτα
1237 4958 1368 5038 ὑπὲρ
1462 4965 1569 5015 τῶν
1650 4963 1743 5017 106
1817 4959 1967 5021 λαοῦ.

322 5060 492 5111 Τοῦτο
562 5052 661 5129 γὰρ
754 5049 1002 5116 ἐποίησεν
1084 5045 1287 5130 ἐφάπαξ
1380 5048 1563 5105 ἑαυτὸν
1658 5049 1965 5129 ἀνενέγκας.

326 5132 387 5198 ‘0
495 5141 655 5215 νόμος
742 5138 844 5217 γὰρ
918 5137 1222 5219 ἀνθρώπους
1311 5136 1615 5203 καθίστησιν
1697 5138 1969 5219 ἀρχιερεῖς

322 5229 553 5311 ἔχοντας
617 5216 904 5285 ἂισθένειαν.
968 5216 1025 5284 Ὀ
1093 5224 1248 5303 λόγος
1324 5221 1379 5280 δὲ
1462 5229 1560 5292 τῆς
1640 5216 1970 5305 ὁρκωμοσίας

323 5325 427 5387 τῆς
485 5317 620 5395 μετὰ
669 5318 759 5374 τὸν
831 5315 1013 5392 νόμον,
1078 5316 1196 5372 Υἰὸν
1284 5314 1357 5379 εἰς
1437 5315 1530 5370 τὸν
1600 5316 1763 5371 αἰῶνα
1817 5337 1973 5389 τετε-

325 5406 647 5485 λειωμένον.
682 5424 714 5465 ι

411 5489 566 5577 Ὀρᾷς
615 5494 695 5553 ὅτι
751 5497 867 5576 περὶ
909 5501 999 5553 τοῦ
1037 5495 1172 5552 κατὰ
1214 5493 1380 5575 σάρκα
1436 5496 1597 5554 ταῦτα
1638 5494 1779 5576 λέγει
1840 5504 1973 5575 Χρι-

405 5656 460 5701 ³⁴
488 5657 514 5722 I
539 5654 727 5751 Joan,
744 5670 809 5733 ιι,
845 5660 919 5718 t.‘

2052 4980 2117 5025 re
2133 4961 2348 5024 deinde
2366 4976 2480 5041 pro
2505 4960 2761 5040 peccatis
2788 4955 3021 5037 populi.
3054 4955 3213 5018 Nam
3242 4955 3306 5017 id
3332 4957 3474 5034 fecit
3512 4954 3698 5019 semel

2052 5069 2189 5114 cum
2238 5051 2624 5129 semetipsum
2678 5046 2916 5108 obtulit.
2968 5043 3277 5123 Siquidem
3308 5045 3404 5107 lex
3428 5046 3699 5108 homines

2054 5140 2358 5203 constituit
2384 5137 2692 5217 pontiﬁces
2721 5133 3007 5196 habentes
3037 5132 3475 5214 inﬁrmitatem.
3504 5134 3697 5196 Porro

2054 5246 2247 5292 sermo
2266 5224 2685 5306 jurisjurandi
2724 5223 2881 5302 quod
2907 5229 3038 5303 past
3080 5227 3272 5303 legem
3298 5223 3438 5303 fuit,
3471 5222 3693 5286 Filium

2055 5318 2358 5380 constituit
2387 5318 2451 5377 in
2484 5322 2784 5376 (etei-num
2811 5320 3308 5375 consummatum.

2135 5494 2318 5559 Vides
2337 5493 2496 5577 quod
2517 5491 2592 5557 de
2605 5489 2841 5556 Christo
2861 5487 3188 5552 secundum
3220 5505 3462 5552 carnem
3490 5489 3700 5574 loqua-
