4152 6216
280 309 399 379 361
1441 316 1844 385 GOMMENT.
1886 317 1970 381 ΙΝ
2016 315 2265 383 EPIST.
2307 317 2411 381 AD
2456 317 2686 385 HEBR.
3561 321 3680 407 362

274 442 553 526 δειχθέντα
622 469 706 504 σοι
760 447 815 504 ἐν
870 453 948 523 τῷ
1024 447 1156 530 ὄρει.
1219 451 1341 509 Νυνὶ
1402 448 1456 507 δὲ
1540 450 1927 534 διαφορωτέρας

2019 449 2191 514 Nunc
2210 467 2356 515 vero
2384 451 2497 515 hoc
2540 451 2927 517 excellentius
2982 456 3238 518 sortitus
3270 462 3358 533 est
3397 460 3683 523 ministe-

274 534 475 616 τέτυχε
534 535 883 630 λειτουργίας,
943 537 1062 630 ὅσῳΔ
1117 540 1206 597 καὶ
1274 540 1571 619 κρείττονός
1638 542 1749 599 ἐστι
1801 540 1933 630 ,δια-

2019 539 2208 630 rium,
2233 558 2350 619 quo
2364 543 2817 622 praetentioris
2866 550 2948 606 est
2980 550 3322 608 testamenti
3353 546 3682 630 mediator,

274 625 452 693 θήκης
523 628 763 703 μεσίτης,
844 626 956 694 ἥτις
1046 626 1132 685 ἐπὶ
1222 631 1511 710 κρείττοσιν
1596 629 1933 711 ἐπαγγελίαις

2019 628 2174 707 quod
2202 630 2268 691 in
2296 632 2828 711 prwstantioribus
2840 633 3155 713 promissis
3182 635 3488 698 sancitum
3513 642 3624 700 est.

278 714 717 789 νενομοθέτηται.
750 740 782 773 ε

367 827 396 859 ι
434 804 733 885 Κεφάλαιον
780 803 912 869 δέ.»
976 804 1085 864 Ἀεὶ
1139 810 1199 863 τὸ
1258 807 1509 887 μέγιστον
1561 808 1705 890 λέγει
1764 811 1933 891 κεφά-

2107 828 2135 861 (ι
2168 805 2321 869 lllud
2353 815 2445 870 est
2475 817 2676 891 caput.
2710 834 2732 868 ο
2774 808 3027 893 Semper
3056 810 3118 874 id
3160 811 3320 894 quod
3353 812 3680 878 maximum

277 891 454 953 λαιον.
518 915 542 951 α
605 902 849 953 Τοιοῦτον
878 896 1109 977 »ἔχομεν
1173 897 1448 978 ἀρχιερέα.
1503 922 1530 953 α
1565 896 1933 979 Ἀναμίγνυσιν

2022 902 2113 955 εει
2140 904 2306 957 vocat
2363 906 2561 978 caput.
2604 920 2627 955 ι
2685 897 2892 961 Talem
2923 891 3215 961 habemus
3243 901 3610 981 pontificem.
3645 923 3675 967 ι

275 984 499 1040 ἓνταῦθα
526 984 592 1040 τὰ
632 986 855 1042 ταπεινὰ
924 1000 1042 1050 τοῖς
1098 986 1352 1063 ὑψηλοῖς,
1400 986 1494 1043 ἵνα
1546 986 1630 1045 διὰ
1683 994 1790 1046 τῶν
1832 1011 1933 1045 τα-

2020 982 2356 1073 Permiscet
2411 986 2525 1047 hoc
2584 986 2715 1049 loco
2769 986 3017 1050 humilia
3060 987 3443 1071 sublimibus,
3476 998 3542 1052 ut
3570 1008 3681 1073 per

278 1078 474 1129 πεινῶν
556 1070 849 1154 ὀδοποιήσῃ
952 1089 1067 1140 τοῖς
1151 1075 1415 1162 ῥψηλοῐς.
1506 1081 1763 1162 Ταπεινα,
1847 1081 1931 1160 τὸ,

2019 1071 2268 1162 humilia
2311 1074 2463 1136 viam
2497 1084 2807 1156 prmstruat
2835 1075 3216 1139 sublimibus.
3250 1070 3510 1142 Humilia
3536 1070 3680 1143 sunt

276 1159 535 1239 ἀρχιερέα
604 1164 693 1218 καὶ
759 1161 1083 1243 λειτουργόν,
1150 1155 1383 1240 Ὑψηλὰ,
1447 1168 1507 1222 τὸ
1579 1155 1848 1226 Ἐκάθίσεν
1880 1155 1934 1223 ἐν

277 1247 420 1322 δεξίᾷ
459 1257 550 1308 τοῦ
574 1258 711 1310 Θεοῦ
738 1254 825 1309 καὶ
870 1252 923 1308 ἐν
976 1267 1093 1318 τοῖς
1151 1256 1420 1333 οὐρανοῖς,
1486 1275 1510 1312 ι
1585 1260 1701 1314 Τῶν
1769 1256 1932 1335 ἁγίων

277 1336 610 1418 λειτουργός.
665 1363 689 1397 ι
777 1339 1108 1425 Ἀρχιερεὺς,
1174 1346 1327 1423 φησὶ,
1412 1350 1519 1401 τῶν
1592 1345 1933 1425 ἡγιασμένων

280 1449 390 1506 παρ
447 1428 608 1488 αὐτοῦ
675 1429 983 1504 ἀνθρώπων.
1050 1423 1231 1507 Ἠμῶγ
1286 1434 1385 1513 γάρ
1435 1432 1577 1490 ’ἐστιν
1631 1423 1929 1515 ἆρχιερεὺς,

278 1518 342 1573 Ei
384 1515 622 1575 ἐκάθισεν
649 1518 711 1575 ἐκ
739 1517 915 1584 δεξιῶν
970 1527 1064 1578 τοῦ
1094 1524 1320 1595 Πατρὸς,
1377 1529 1492 1586 πῶς
1551 1522 1662 1580 ἔστι
1692 1524 1931 1603 λειτουρ-

276 1604 420 1686 γός;
454 1612 769 1686 Δειτουργοῦ
798 1610 897 1688 γὰρ
926 1606 1086 1683 ἴδιον,
1146 1612 1207 1666 τὸ
1265 1611 1479 1669 ἑστάναι
1534 1614 1622 1669 καὶ
1687 1612 1930 1691 λειτουρσι

2018 1161 2360 1252 pontiﬁcem
2389 1181 2521 1226 esse
2557 1173 2614 1226 et
2644 1165 3186 1229 administratorem
3212 1189 3225 1226 :
3250 1165 3554 1252 sublimia,
3575 1188 3675 1234 se-

2017 1249 2161 1313 dere
2189 1252 2262 1313 ad
2314 1252 2619 1315 dexteram
2673 1252 2780 1316 Dei
2836 1261 2894 1315 et
2926 1254 2988 1316 in
3019 1255 3215 1319 ccelis.
3257 1280 3285 1313 ι
3320 1249 3675 1321 Sanctorum

2016 1338 2492 1429 administrator.
2532 1368 2560 1399 ι)
2596 1342 2892 1418 Pontifex,
2920 1341 3452 1425 inquit,hominum
3482 1346 3583 1429 qui
3602 1346 3675 1410 ab

2014 1427 2143 1509 ipso
2176 1430 2525 1492 sanctiﬁcati
2578 1438 2754 1506 sunt;
2787 1439 2994 1493 noster
3041 1430 3202 1493 enim
3257 1440 3349 1495 est
3378 1427 3669 1514 pontifex.

2013 1515 2236 1577 Verum
2269 1517 2321 1578 si
2352 1519 2425 1580 ad
2457 1518 2762 1582 dexteram
2820 1518 3014 1581 Patris
3044 1520 3222 1596 sedit,
3252 1523 3549 1603 quomodo
3580 1532 3676 1589 est

2012 1604 2458 1668 administrator
2477 1607 2508 1668 ?
2530 1608 2787 1672 Ministri
2812 1627 3068 1691 namque
3089 1609 3397 1692 proprium
3413 1618 3504 1675 est
3519 1620 3676 1676 stare

276 1707 402 1771 γεϊν
436 1710 451 1725 ⁸
493 1696 555 1752 τὸ
598 1693 653 1751 δὲ
684 1698 962 1777 καθῆσθαι,
1024 1706 1178 1779 Θεοῦ,
1212 1703 1257 1774 ᾧ
1313 1701 1348 1768 ἡ
1406 1699 1704 1780 λειτουργία
1735 1701 1930 1780 ἀναφέ-

2019 1710 2082 1754 ac
2110 1694 2487 1771 ministrare;
2539 1698 2753 1760 sedere
2802 1715 2942 1760 vero
3002 1696 3109 1759 Dei
3141 1698 3240 1760 cui
3270 1698 3675 1762 ministerium

277 1804 451 1863 ρεται,
484 1782 658 1865 Ἀλλ’,
691 1788 766 1849 ὡς
814 1785 1049 1865 εἴρηται,
1121 1788 1189 1844 τὰ
1245 1789 1469 1845 ταπεινᾶ
1522 1803 1640 1856 τοῖς
1699 1789 1936 1867 ὑψηλοῖς

277 1873 544 1950 μίγνυσιν,
604 1872 697 1930 ἵνα
767 1873 851 1931 διὰ
904 1876 1001 1952 μὲν
1066 1887 1158 1937 τοῦ
1228 1880 1486 1945 καθῆσθαι
1544 1881 1644 1947 τὴν
1713 1880 1937 1948 θεότητα

277 1959 447 2037 δείξῃ,
479 1960 564 2018 διὰ
592 1960 648 2019 δὲ
702 1970 797 2020 τοῦ
850 1962 1178 2049 λειτουργεῖν
1235 1967 1334 2035 τὴν
1404 1971 1521 2049 περὶ
1589 1971 1730 2047 ἡμᾶς
1781 1967 1937 2037 κηδεο

279 2034 470 2126 μονίαν
497 2053 589 2138 sui
666 2034 1085 2133 depumdrnta.‘
1261 2064 1417 2115 τοῦτο
1474 2034 1794 2138 λειτουργῶν
1842 2034 1937 2115 *καὶ

276 2150 435 2199 τοῦτο
496 2133 821 2223 Ἰερατεύων,
903 2146 966 2200 τὸ
1046 2146 1168 2209 τοὺς
1237 2145 1538 2225 ἀνθρώπους
1569 2133 1935 2226 ἀποκαθαίρειν

274 2236 386 2287 τῶν
430 2231 699 2311 ἁμαρτιῶν
750 2234 840 2289 καὶ
910 2234 1087 2312 ἁγίους
1128 2248 1330 2299 ποιεῖν.
1406 2242 1493 2310 Τῷ
1562 2237 1663 2315 γὰρ
1714 2237 1935 2311 τοιούτῳ

274 2318 569 2398 λειτουργῷ
622 2322 709 2378 καὶ
753 2324 1020 2401 αὒτουργῷ
1078 2330 1183 2380 τῶν
1250 2324 1439 2403 ἁγίων,
1489 2325 1676 2403 πρέπει
1712 2326 1787 2387 ὡς
1819 2330 1935 2399 Θεῷ

275 2407 518 2483 ἀληθινῷ
545 2410 633 2465 καὶ
703 2413 832 2490 Υὶῷ,
892 2410 954 2466 ἐκ
1012 2410 1192 2477 δεξιῶν
1264 2412 1356 2469 τοῦ
1413 2415 1620 2493 Πατρὸς
1649 2417 1929 2483 καθῆσθαι.

282 2518 310 2553 ι
362 2498 463 2555 Καὶ
502 2502 604 2565 τῆς
658 2504 863 2566 σκηνῆς
912 2505 1010 2567 τῆς
1064 2499 1343 2568 ἀληθινῆς.
1376 2520 1405 2561 ι
1470 2504 1688 2570 Σκηνην
1732 2501 1947 2562 ἐνταῦθα

2018 1782 2354 1847 exhibetur.
2390 1784 2507 1847 Sed
2532 1784 3031 1867 quemadmodum
3054 1785 3278 1849 dictum
3300 1789 3677 1865 est,humilia

2018 1870 2372 1934 sublimibus
2426 1874 2771 1956 permiscet,
2824 1883 2887 1936 ut
2918 1892 3024 1956 per
3052 1876 3384 1938 sessionem
3430 1876 3673 1959 quidem

2019 1959 2291 2021 ostendat
2318 1960 2712 2037 divinitatem,
2737 1980 2843 2044 per
2872 1962 3277 2025 ministerium
3296 1981 3438 2026 vero
3470 1965 3674 2046 provi-

2018 2046 2281 2110 dentiam
2312 2067 2449 2129 erga
2480 2051 2681 2131 noszet
2708 2051 3159 2114 humanitatem.
3191 2052 3336 2114 7.75
3358 2054 3479 2116 Aut
3507 2054 3673 2134 quod

2017 2136 2119 2212 ait,
2152 2138 2599 2201 Administrans
2644 2148 2704 2202 et
2751 2140 3114 2218 sacriﬁcans,
3180 2148 3269 2204 est
3319 2141 3595 2206 homines
3638 2161 3675 2206 a

2021 2227 2278 2305 peccatis
2306 2228 2634 2292 emundare
2666 2236 2725 2290 et
2754 2238 2991 2291 sanctos
3020 2229 3256 2292 efﬁcere
3280 2249 3299 2308 ;
3321 2230 3670 2312 hujusmodi

2018 2314 2176 2375 enim
2208 2316 2542 2382 ministerio
2597 2326 2964 2394 sanctorum,
3020 2336 3090 2380 ac
3111 2317 3469 2381 formatione
3498 2319 3674 2382 decet

2016 2411 2081 2463 ut
2101 2411 2377 2485 tanquam
2406 2405 2565 2468 Deus
2583 2425 2760 2468 verus
2778 2425 2846 2469 ac
2867 2405 3054 2469 Filius
3073 2406 3147 2468 ad
3172 2407 3673 2470 dexteramPatris

2029 2493 2252 2555 sedeat.
2295 2494 2413 2556 (Ac
2445 2495 2569 2557 veri
2598 2495 3026 2558 tabernaculi.)
3062 2495 3535 2560 Tabernaculum
3557 2497 3674 2561 hoc

277 2587 373 2642 τὸν
402 2587 619 2666 οὐρανόν
685 2612 870 2668 φησιν.
941 2588 1161 2651 Ἐπειδὴ
1221 2591 1339 2671 γὰρ
1387 2589 1568 2669 ’έλεγον
1602 2590 1736 2653 ἴσως
1784 2596 1832 2649 οἱ
1891 2592 1933 2658 ἐξ

2027 2580 2159 2643 loco
2186 2582 2330 2645 dicit
2350 2584 2584 2648 coelum.
2620 2584 2911 2657 Quoniam
2928 2586 3085 2647 enim
3111 2586 3379 2649 dicereut
3401 2585 3672 2650 fortassis

278 2673 545 2734 ἰουδαὶων
590 2678 774 2735 πιστοί
808 2695 822 2709 ⁸
859 2681 916 2735 Ei
962 2679 1238 2759 ἀρχιερεύς
1303 2678 1440 2760 ἐστι,
1514 2687 1616 2737 ποῦ
1669 2682 1705 2749 ἡ
1764 2682 1933 2750 σκηνῆ

2023 2672 2342 2760 credentes
2383 2691 2455 2734 ex
2479 2671 2703 2736 Judaeis
2740 2693 2753 2733 ι
2787 2674 2851 2737 Si
2883 2673 3145 2754 pontifex
3174 2674 3416 2737 ubinam
3448 2683 3547 2739 est
3575 2683 3671 2739 ta-

277 2765 335 2822 ἒν
362 2765 399 2840 ᾗ
426 2768 736 2848 ὶερουργεϊς
789 2757 1066 2826 δείκνυσιν*
1089 2757 1233 2826 εἶναι
1286 2771 1375 2826 καὶ
1424 2757 1661 2846 σκηνὴν,
1734 2772 1824 2826 καὶ
1877 2773 1933 2828 τὸ

2022 2757 2407 2848 bernaoulum
2440 2761 2500 2822 in
2532 2782 2647 2843 quo
2669 2762 2965 2825 sacrificat
2983 2762 3014 2822 ?
3035 2761 3307 2826 Ostendit
3330 2764 3508 2827 etiam
3537 2783 3673 2829 esse

278 2852 527 2934 διάτρορον
556 2847 820 2924 αὒτῆςὼς
842 2859 972 2938 πρὸς
1042 2859 1142 2926 την
1204 2856 1500 2926 ’ἰουδαϊκήν
1555 2859 1783 2939 σκηνὴν,
1818 2857 1933 2917 δετ-

2020 2847 2465 2939 tabernaculum
2502 2868 2515 2912 :
2552 2860 2611 2912 et
2631 2851 2817 2932 ipsius
2836 2851 3253 2915 excellentiam
3270 2853 3669 2934 supraludai-

278 2941 361 3008 ξαι
390 2943 581 3019 θέλων,
627 2947 807 3025 φησὶν,
863 2937 927 3015 ἤν
997 2945 1188 3015 ἔπηξεν
1232 2950 1260 3004 ὁ
1306 2948 1494 3027 Κύριος
1547 2949 1635 3004 καὶ
1691 2937 1784 3005 οῦκ
1837 2948 1933 3005 ἅν-

2019 2954 2153 3027 cum
2175 2937 2622 3001 tabernaculum
2645 2940 2853 3002 volens
2872 2942 3303 3018 ostendere,ait
3324 2960 3339 3002 :
3366 2940 3534 3015 Quod
3548 2942 3674 3006 fixit

278 3036 515 3113 θρωπος,
553 3056 580 3089 ‹‹
627 3023 737 3100 Πᾶς
766 3037 866 3116 γὰρ
896 3033 1193 3118 ἅρχιερεὺς,
1233 3058 1257 3094 e
1314 3023 1532 3104 Ἐπειδὴ
1590 3037 1715 3117 γὰρ,
1750 3039 1932 3118 φησὶν,

2019 3023 2327 3118 Dominus,
2362 3037 2421 3089 et
2449 3046 2565 3091 non
2598 3032 2797 3091 homo.
2840 3028 3082 3093 «Omnis
3113 3030 3273 3092 enim
3306 3031 3594 3112 pontifex.
3632 3056 3661 3092 ι

278 3120 420 3178 ἴδιον
473 3122 655 3203 ἱερέων
716 3112 790 3181 τὸ.
839 3112 1157 3207 ’προσᾷρειν
1235 3124 1372 3205 δῶρο
1453 3128 1542 3182 καὶ
1829 3112 1933 3203 (ἐπὶ

2019 3112 2308 3207 Quoniam
2330 3118 2639 3199 proprium
2663 3125 2777 3196 est,
2803 3118 3433 3199 inquit,sacerdotibus
3454 3122 3670 3185 offerre

279 3213 450 3286 τούτῳ
474 3214 574 3293 γὰρ
603 3204 1332 3296 καθίστανται),’ἆναγκατον
1370 3212 1541 3297 ⁴ἔχειν
1598 3238 1651 3272 τι
1713 3218 1801 3272 καὶ
1841 3218 1933 3273 τὸν

2019 3204 2264 3267 donaria
2297 3215 2355 3268 et
2384 3208 2671 3283 victimas,
2732 3207 2806 3269 ad
2840 3208 2952 3269 hoc
2983 3207 3143 3297 enim
3173 3210 3619 3274 constituuntur
3650 3232 3667 3278 :

280 3302 515 3378 Χριστὸν
557 3302 585 3358 ὃ
614 3323 964 3381 προσενεγκῃ,
1021 3304 1197 3371 θυσίας
1254 3302 1419 3381 λέγω.
1485 3306 1579 3360 Διὸ
1645 3302 1777 3384 ἔσχε
1831 3306 1933 3372 τὴν

280 3390 453 3467 σάρκα
496 3389 594 3456 τὴν
664 3389 817 3465 ἰδίαν,
862 3392 928 3458 ἦν
970 3393 1058 3448 καὶ
1109 3394 1462 3471 προσήνεγκε.
1521 3401 1685 3452 Τοῦτο
1740 3390 1796 3449 δὲ
1852 3394 1935 3450 ε’ῐ-

278 3499 404 3552 πεν,
439 3476 532 3534 ἴνα
557 3480 634 3554 μή
704 3502 784 3542 τις
857 3480 1012 3559 λέγῃ,
1087 3482 1145 3538 Ei
1196 3481 1473 3561 ἀρχιερεῦς
1528 3484 1671 3538 εστιν
1729 3482 1800 3548 εἷς
1842 3484 1932 3539 τὸν

280 3567 469 3641 αἰῶνα,
529 3564 613 3622 διὰ
667 3569 716 3624 τί
783 3558 1053 3650 ἀπέθανε;
1116 3558 1371 3649 Διὰντί,
1434 3558 1561 3627 Ἵνα
1604 3570 1933 3650 προσενέγκῃ

278 3656 460 3712 θυσίαν
528 3656 733 3717 ἑαυτόν.
812 3658 941 3737 Δίγα
1001 3660 1102 3737 γὰρ
1210 3658 1413 3739 θυσίας,
1486 3657 1603 3715 οὐδὲ
1658 3660 1934 3741 ἀρχιερεὺς

283 3742 348 3799 ἂν
390 3743 483 3811 ἧν.
549 3768 577 3800 ε
628 3745 950 3825 Ἀναγκαῖον
1009 3746 1156 3828 ἔχειν
1214 3769 1263 3803 τι
1319 3748 1408 3805 καὶ
1454 3748 1637 3805 τοῦτον
1680 3750 1708 3806 ὃ
1762 3772 1935 3830 προσ-

284 3832 504 3913 ενέγκῃ.
540 3855 566 3893 ι
602 3839 734 3893 Οἶον
775 3836 1139 3917 τὺνΧριστόν.

372 4027 406 4070 (
450 4011 510 4067 Ei
553 4010 651 4088 μὲν
706 4014 806 4093 γὰρ
860 4014 928 4082 ἧν
982 4013 1067 4072 ἐπὶ
1114 4019 1235 4093 γῆς.
1275 4035 1301 4073 ι
1375 4020 1543 4073 Τοῦτο
1601 4011 1657 4070 δὲ
1723 4014 1819 4094 ἦν,
1891 4015 1935 4071 εὶ

282 4099 365 4175 μὴ
442 4097 731 4183 ἐτεθνήκει,
819 4100 958 4178 μηδὲ
1022 4101 1243 4183 ἐγερθεὶς
1325 4100 1622 4182 ἀνελήφθη.
1692 4100 1812 4161 Οὓδ⁹
1871 4102 1935 4158 ἂν

283 4188 354 4254 ἦν
402 4189 589 4266 ἱερεύς,
650 4176 830 4247 Ἦσαν
871 4191 971 4271 γὰρ
1026 4176 1216 4271 ἕτεροι,
1277 4194 1366 4247 καὶ
1434 4176 1623 4248 λοίπὸν
1679 4190 1745 4257 ἧν
1802 4191 1934 4247 στά-

2014 3311 2261 3356 necesse
2316 3304 2405 3358 est
2449 3298 2685 3358 Christo
2734 3296 2960 3377 aliquid
2990 3296 3214 3360 habere
3243 3298 3402 3380 quod
3435 3301 3665 3377 offerat,

2014 3382 2240 3444 hostias
2271 3384 2443 3457 dico;
2472 3384 2607 3447 ideo
2646 3384 2848 3448 babuit
2870 3385 3169 3466 propriam
3201 3403 3463 3465 carnem,
3490 3406 3668 3468 quam

2017 3470 2193 3532 etiam
2221 3472 2448 3534 obtulit.
2486 3472 2611 3535 Hoc
2631 3482 2829 3535 autem
2854 3473 3023 3557 dixit,
3058 3491 3134 3536 ne
3151 3473 3284 3555 quis
3299 3473 3529 3537 diceret
3555 3495 3569 3534 :
3603 3473 3671 3539 Si

2017 3559 2275 3640 pontifex
2309 3570 2396 3623 est
2428 3562 2489 3622 in
2520 3569 3026 3643 aeternum,quare
3053 3562 3228 3625 etiam
3248 3570 3517 3625 mortuus
3532 3562 3668 3627 est?

2018 3647 2211 3721 Quare
2233 3648 2264 3707 ?
2292 3648 2367 3711 Ut
2424 3649 2685 3729 seipsum
2735 3649 3033 3712 victimam
3064 3651 3326 3714 offerret.
3359 3652 3509 3715 Nam
3535 3652 3669 3715 sine

2019 3733 2259 3800 victima
2287 3756 2363 3800 ne
2397 3738 2657 3819 pontifex
2687 3738 2929 3819 quidem
2950 3737 3186 3803 fuisset.
3231 3758 3262 3800 ε
3292 3736 3549 3802 Necesse
3579 3747 3672 3801 est

2018 3833 2084 3888 ut
2113 3826 2292 3889 etiam
2324 3828 2419 3889 hic
2447 3826 2661 3889 habeat
2687 3827 2909 3909 aliquid
2938 3827 3097 3908 quod
3129 3827 3355 3891 offerat.
3393 3853 3422 3885 ι»
3456 3827 3566 3891 Hic
3589 3827 3673 3891 vi-

2019 3914 2236 3979 delicet
2265 3916 2557 3979 Christus.

2078 4002 2258 4066 «Nam
2272 4006 2320 4067 si
2333 4014 2490 4067 esset
2502 4006 2562 4067 in
2575 4012 2784 4069 terra.»
2794 4005 2920 4069 Hoc
2935 4014 3135 4071 autem
3152 4006 3392 4088 esset,si
3402 4014 3673 4070 mortuus

2018 4111 2137 4155 non
2150 4093 2968 4176 fuisset,nequeresuscitatus
2978 4094 3673 4176 assumptusfuisset.-Ne

2019 4183 2298 4245 sacerdos
2314 4184 2552 4265 quidem
2569 4183 3006 4248 esset.»Essent
3021 4184 3182 4249 enim
3195 4182 3502 4266 alii,etiam
3514 4184 3673 4247 sedi-

283 4297 367 4340 σις
452 4276 509 4331 ὲν
567 4283 645 4352 τῷ
698 4279 994 4358 πράγματι.
1055 4289 1158 4339 Νῦν
1235 4278 1290 4335 δὲ
1358 4277 1584 4336 ἀπέθανε
1635 4277 1753 4354 μὲν,
1844 4278 1933 4336 ἵνα

2020 4271 2102 4334 tio
2115 4280 2272 4335 esset
2282 4273 2342 4334 in
2359 4272 2469 4335 hac
2485 4293 2571 4337 re.
2599 4273 2770 4337 Nunc
2779 4292 2920 4337 vero
2954 4282 3221 4336 mortuus
3234 4272 3478 4354 quidem
3491 4282 3580 4337 est
3607 4282 3673 4339 ut

281 4366 382 4433 τὴν
449 4365 628 4422 θυσίαν
696 4368 1048 4448 προσενέγκῃ.

282 4453 579 4534 ἀνελήφθη,
650 4454 742 4512 ἵνα
803 4458 966 4538 σχοίη
1023 4458 1186 4515 τόπον
1255 4459 1345 4516 τὸν
1400 4456 1639 4536 οὖρανὸν,
1692 4456 1809 4513 ἔνθα
1838 4461 1934 4517 αὒ-

281 4544 375 4599 τὸν
426 4545 661 4622 ἱερᾶσθαι
718 4543 823 4608 δεῖ.
886 4538 1137 4625 Ἰερᾶσθαι
1190 4543 1247 4602 δὲ
1304 4546 1436 4625 νόει,
1532 4546 1594 4601 τὸ
1664 4544 1932 4626 ἐντῦγχά-

284 4653 397 4689 νειν
426 4633 558 4713 ὑπὲρ
585 4635 760 4710 ἡμῶν.
836 4645 1010 4696 Ταῦτα
1066 4633 1121 4692 δέ
1190 4637 1364 4692 πάντα
1418 4636 1486 4691 τὰ
1553 4637 1775 4696 ταπεινὰ
1828 4636 1932 4713 ῥή-

284 4743 450 4797 ματα,
488 4719 572 4777 διά
618 4744 676 4779 τε
725 4724 826 4791 τήν
883 4725 1260 4802 άνθρωπότητα
1318 4725 1534 4804 ε’ίρηκε,
1600 4725 1689 4780 καὶ
1746 4722 1829 4780 διὰ
1872 4726 1933 4781 τὸ

283 4807 547 4876 νηπιῶδες
600 4816 707 4867 τῶν
780 4813 1098 4875 ἀκουόντων.
1170 4836 1197 4869 α
1228 4812 1452 4876 Οἳτινες
1498 4810 1862 4891 ὑποδείγματι.
1903 4835 1926 4869 ι

280 4896 518 4979 Οῗτινες,
547 4901 709 4979 ἱερεῖς
780 4906 885 4958 τῶν
930 4899 1215 4976 Ἰουδαίων,
1247 4901 1401 4983 φησί.
1468 4901 1567 4958 Καὶ
1622 4906 1736 4964 πῶς
1791 4902 1932 4958 ὑπο-

281 4983 525 5065 δείγματι
618 4989 708 5045 καὶ
780 4996 915 5072 ’σκιᾷ
1023 4990 1328 5071 λατρεύουσι
1384 4995 1491 5046 τῶν
1573 4988 1929 5072 ἐπουρανίων,

284 5075 495 5153 Προϊὼν
538 5073 679 5156 λέγει
726 5092 740 5108 ⁸
777 5067 925 5157 ιὈροι
952 5080 1073 5159 γὰρ,
1106 5067 1257 5159 ιρησὶ,
1320 5078 1563 5148 ποιήσεις
1605 5077 1778 5133 πάντα
1800 5067 1936 5137 κατα

279 5164 379 5219 τὰν
407 5164 569 5220 τύπον
595 5166 685 5222 τὸν
715 5164 997 5248 δειχθέντα
1008 5190 1090 5224 σοι
1113 5167 1168 5224 ἐν
1187 5175 1265 5243 τῷ
1294 5166 1437 5247 ὄρει.
1479 5166 1557 5223 Τὰ
1575 5162 1630 5220 δέ
1660 5162 1933 5245 δειχθέντα

282 5251 452 5333 αὐτῷ,
523 5254 735 5329 οῦράνια
968 5244 1135 5314 ⁴ἐἷσαν
1203 5255 1258 5313 δὲ
1326 5244 1435 5312 imit
1517 5244 1788 5334 λατρεϊαι,
1846 5251 1933 5312 καὶ

285 5342 468 5420 εὐχαὶ,
533 5344 622 5398 καὶ
674 5343 863 5419 θυσίαι,
936 5345 1025 5401 καὶ
1078 5346 1113 5413 ἡ
1170 5349 1270 5412 τῆς
1350 5347 1554 5410 σκηνῆς
1609 5345 1932 5415 κατασκευή.

292 5448 317 5485 e
373 5430 555 5496 Καθὼς
596 5433 1023 5513 κεχρημάτισται
1052 5439 1305 5501 Μωυσῆς.
1371 5454 1394 5489 ε
1432 5432 1715 5507 Ἀκήκοεν,
1765 5431 1931 5493 οἶδεν.

1134 4366 1393 4432 Ἀναστὰς
1488 4366 1542 4424 δὲ
1624 4366 1687 4425 ἐκ
1740 4375 1933 4446 νεκρῶν

2020 4361 2315 4423 victimam
2340 4364 2603 4438 offerret,
2637 4380 2959 4441 resurgens
2982 4370 3176 4425 autem
3209 4380 3280 4424 ex
3309 4363 3563 4425 mortuis
3580 4380 3671 4424 as-

2018 4458 2290 4528 sumptus
2324 4458 2433 4527 est,
2467 4458 2531 4512 ut
2552 4450 2795 4514 haberet
2826 4452 3017 4513 locum
3048 4452 3245 4533 ipsum
3275 4453 3517 4531 coelum,
3567 4450 3672 4514 ubi

2016 4539 2184 4601 illum
2216 4540 2555 4604 sacrificare
2580 4539 3189 4622 oportet.Sacrificare
3209 4556 3351 4601 vero
3373 4539 3667 4620 intelligo,

2015 4646 2123 4709 pro
2152 4628 2326 4691 nobis
2383 4629 2788 4711 interpellare.
2849 4631 3035 4692 Porro
3100 4629 3225 4689 haec
3256 4628 3458 4690 omnia
3486 4628 3671 4691 verba

2017 4717 2266 4779 humilia
2320 4725 2378 4780 et
2408 4725 2653 4800 propter
2681 4717 3111 4779 humanitatem
3145 4714 3295 4777 dixit
3337 4723 3398 4779 ει
3424 4724 3671 4799 propter

2015 4805 2323 4868 infantiam
2355 4806 2748 4871 audientium.
2791 4804 2964 4886 «_Qui
2990 4804 3233 4888 quidem
3256 4806 3605 4886 exemplari.
3633 4828 3664 4866 ι

2018 4894 2131 4968 Qui
2155 4897 2494 4958 sacerdotes
2520 4896 2884 4959 Judasorum.
2918 4897 2995 4959 Et
3016 4895 3313 4977 quomodo
3340 4895 3665 4976 exemplari

2019 4991 2077 5047 et
2106 4983 2332 5046 umbrze
2356 4984 2703 5047 deserviunt
2740 4984 3068 5048 caelestium
3091 4984 3121 5043 ?
3142 4984 3205 5045 In
3228 5001 3547 5065 progressu
3570 4984 3666 5045 di-

2017 5072 2297 5149 cit.Vide,
2330 5073 2542 5155 inquit,
2570 5083 2630 5137 ut
2673 5073 2852 5136 facias
2873 5073 3074 5136 omnia
3102 5073 3431 5135 secundum
3458 5090 3669 5134 exem-

2018 5164 2149 5242 plar
2178 5164 2333 5244 quod
2389 5171 2693 5227 ostensum
2734 5172 2826 5227 est
2848 5163 2957 5224 tibi
2988 5163 3052 5224 in
3081 5169 3324 5243 monte;
3357 5178 3491 5243 quae
3529 5178 3671 5224 vero

2014 5254 2132 5336 ipsi
2162 5267 2400 5315 ostensa
2419 5263 2608 5328 erant,
2638 5253 2877 5318 fuerunt
2895 5251 3181 5327 caalestia,
3212 5268 3429 5332 nempe
3450 5256 3510 5312 et
3536 5250 3670 5314 cul-

2015 5350 2110 5406 tus
2140 5350 2198 5406 et
2228 5352 2380 5419 vota,
2417 5350 2476 5405 et
2521 5342 2775 5406 victima:
2830 5349 2887 5403 et
2915 5341 3237 5403 exstructio
3269 5340 3667 5403 tabernaculi.

2025 5431 2576 5506 «Quemadmodum
2594 5432 2834 5494 oraculo
2855 5430 3086 5512 accepit
3105 5433 3325 5495 Moses.
3338 5428 3543 5493 nSicut
3556 5448 3671 5493 au-

290 5534 323 5577 (
354 5518 503 5577 Κατὰ
528 5520 618 5575 τὸν
646 5522 808 5579 τύπον
849 5524 941 5578 τὸν
1010 5520 1285 5603 δειχθέντα
1340 5543 1445 5580 σοι.
1488 5543 1510 5576 ι
1571 5518 1933 5604 Εὔμαθεστέρα

2019 5525 2164 5589 divit
2194 5523 2286 5585 vel
2340 5521 2655 5585 intellexit.
2715 5545 2743 5579 α
2778 5520 3118 5585 Secundum
3176 5518 3484 5603 exemplar
3511 5521 3670 5603 quod

285 5607 321 5674 ἡ
355 5603 476 5681 ὄψις
534 5607 629 5676 τῆς
670 5609 864 5678 ἀκοῆς.
916 5634 945 5667 α
977 5612 1102 5669 Νυνὶ
1164 5609 1221 5669 δὲ
1277 5607 1687 5691 διαφορωτέρας.
1721 5630 1750 5665 ι
1816 5617 1933 5673 Νυνὶ

2019 5623 2321 5679 ostensum
2384 5621 2475 5676 est
2525 5610 2655 5675 tibi.
2694 5635 2720 5672 ν
2769 5609 3027 5675 Facilius
3083 5610 3336 5676 docetur
3391 5617 3674 5692 aspectus

849 5757 1111 5825 ΡΑτιιοι..
1148 5762 1260 5826 Gn.
1293 5758 1502 5821 CXIX.

3195 5757 3265 5823 l2
