4152 6216
474 333 591 403 363

1597 338 2007 402 OECUMENII
2050 335 2349 445 ΤΗΝ.ορ
2382 331 2716 399 EPISCOPI

3728 323 3845 393 364

467 492 643 557 quam
691 474 946 537 auditus.
1001 498 1027 529 α
1062 471 1229 535 Nunc
1284 489 1423 533 vero
1482 472 1592 533 hoc
1625 470 2030 534 excellentius.
2068 494 2095 527 »

2188 466 2261 557 δὲ,
2294 468 2474 548 φησὶν,
2506 465 2689 557 ἐπειδὴ
2746 466 3013 557 μὴῗέστιν
3069 466 3153 557 ἐν-
3181 473 3248 544 τῇ
3323 471 3419 557 γῇ,
3478 461 3597 521 ἀλλ’
3656 461 3712 557 ἐν
3766 467 3846 536 τῷ

470 563 641 626 Nunc
669 571 866 626 autem
898 562 1173 644 quoniam
1197 578 1312 624 non
1336 559 1507 621 estin
1552 568 1732 636 terra,
1767 559 1978 640 inquit,
2011 559 2116 621 sed

475 653 537 714 in
569 653 739 728 coelo,
772 651 1146 733 praestantius
1168 648 1410 712 sortitus
1437 656 1527 710 est
1550 647 1947 710 ministerium
1976 649 2118 711 :hoc

472 750 562 803 est
589 743 659 803 ad
696 741 1084 804 excellentius
1118 737 1513 799 ministerium
1545 745 1633 800 est
1655 737 1937 818 pontifex.
1965 736 2117 802 Vide

469 839 662 892 autem
697 829 992 911 quomodo
1017 828 1379 902 versatur,in
1394 826 1719 889 humilibus
1750 834 1990 907 propter
2009 825 2119 887 im-

467 919 855 981 becillitatem
879 918 1215 980 auditorum
1241 934 1254 981 ε
1279 917 1420 978 576
1443 916 1597 997 quod
1640 920 1686 979 si
1712 915 1932 979 alicubi
1963 914 2119 977 dicat

467 1008 692 1089 aliquid
723 1007 1005 1089 sublime,
1042 1008 1311 1087 protinus
1343 1005 1415 1067 ab
1445 1006 1551 1068 illo
1584 1004 1860 1076 discedit,
1896 1005 2118 1067 veritus

470 1116 547 1158 ne
576 1116 697 1159 non
725 1097 1072 1177 recipiatur.
1112 1119 1135 1154 (ί
1177 1097 1302 1169 Quo
1356 1094 1802 1173 praestantioris.
1842 1119 1868 1149 η
1904 1095 2112 1174 Tanto,

467 1186 681 1267 inquit,
718 1185 1088 1267 praestantius
1120 1198 1211 1246 est
1240 1182 1642 1247 ministerium
1671 1182 2117 1265 veteri,[quanto

471 1276 647 1338 etiam
685 1275 1055 1356 praestantius
1115 1281 1204 1334 est
1258 1291 1475 1333 novum
1507 1277 1925 1335 testamentum
1950 1272 2119 1351 cujus

475 1365 765 1427 mediator
794 1374 882 1426 est
899 1364 1164 1426 Christus
1189 1383 1205 1439 ;
1233 1380 1447 1423 novum
1472 1360 1678 1423 dicens
1700 1370 2115 1424 testamentum

469 1455 649 1516 ﬁdem
680 1455 741 1514 in
770 1453 990 1535 ipsum,
1026 1470 1134 1532 per
1158 1470 1332 1532 quam
1368 1450 1543 1512 ﬁdem
1578 1451 1875 1512 mediator
1898 1452 2007 1512 fuit
2029 1451 2117 1512 in-

474 1553 567 1606 ter
597 1540 858 1623 seipsum
892 1547 954 1603 et
983 1544 1232 1602 Patrem.
1274 1564 1298 1595 α
1326 1537 1491 1611 Quod
1526 1539 1585 1599 in
1611 1538 2117 1620 praestantioribus

470 1630 786 1713 promissis
834 1630 1125 1692 sancitum
1160 1640 1269 1691 est.
1305 1654 1332 1683 »
1368 1626 1673 1707 Siquidem
1736 1638 1902 1690 vetus
1933 1637 2113 1691 testa-

471 1733 738 1783 mentnm
769 1719 928 1781 bona
957 1727 1128 1782 terra:
1158 1717 1539 1799 promittebat
1566 1735 1578 1780 :
1610 1736 1823 1779 novum
1856 1737 2113 1795 vero,re-

2200 556 2426 636 οὗρανῷ,
2481 556 2755 634 βελτιονος
2841 556 3071 638 ἐπέτυχε
3142 554 3491 634 λειτουργίας,
3551 549 3843 638 τουτέστιν,

2197 630 2284 702 ἐπὶ
2350 630 2595 723 βελτίονα
2664 630 3188 728 λειτουργίανηέστὶν
3257 630 3559 724 ἀρχιερεύς.
3615 630 3760 720 ιὈρα
3786 637 3844 696 δὲ

2198 737 2311 798 πῶς
2370 732 2677 814 ἐνδιατριϐει
2735 749 2854 800 τοῖς
2908 736 3186 799 ταπεῖνοις
3231 733 3314 791 διὰ
3356 735 3417 790 τὸ
3458 735 3561 790 τῶν
3616 728 3844 787 ἀκουόν-

2197 845 2303 881 των
2334 824 2567 889 ἀσθενές.
2612 815 2847 901 ’Υψηλὸν
2875 823 2930 880 δὲ
2990 823 3146 884 εἵπου
3175 823 3329 902 εἴπῃ,
3389 823 3533 888 εὐθὺς
3562 817 3843 878 ἀπαλλάτ-

2197 938 2369 992 τεται,
2399 914 2644 981 δεδοικὼς
2670 917 2748 993 μὴ
2777 917 2837 973 οἶ»
2884 915 3216 997 παραδεχθῇ.
3257 939 3285 971 α
3334 904 3491 987 εὈσν
3545 912 3634 969 καὶ
3661 930 3843 990 κρειτ-

2200 1005 2347 1068 τοιός
2407 1003 2540 1065 ἐστι.
2580 1027 2604 1060 Ii
2698 1006 2964 1079 Τοσούτῳ,
3019 1007 3203 1086 φησὶν,
3262 1004 3401 1061 ἐστιν
3450 1004 3496 1071 ’ἡ
3552 998 3848 1078 λειτουργία

2198 1092 2416 1170 βελτίων
2441 1099 2540 1161 τῆς
2584 1092 2839 1169 παλαιᾶς,
2892 1093 3002 1168 ὅσῳ
3042 1097 3131 1151 καὶ
3170 1096 3206 1163 ἡ
3264 1091 3487 1163 διαθήκη
3544 1092 3580 1158 ἡ
3630 1088 3745 1165 νέα,
3776 1087 3844 1154 ἧς

2202 1182 2420 1258 μεσίτης
2491 1184 2627 1240 ἐστὶν
2671 1185 2699 1239 ὁ
2756 1186 2998 1264 Χριστὸς,
3056 1183 3175 1240 νέαν
3231 1181 3374 1261 λέγω
3414 1179 3691 1252 διαθῆκην,
3743 1176 3843 1243 τὴν

2200 1272 2271 1337 εἷς
2327 1272 2484 1331 αὐτὸν
2568 1274 2764 1347 πίστιν,
2828 1273 2882 1329 ἐν
2937 1273 2973 1349 ᾗ
3059 1273 3232 1330 πίστει
3315 1273 3485 1346 ἑαυτῷ
3539 1268 3842 1345 ἐμεσίτευσε

2199 1361 2286 1416 καὶ
2342 1368 2420 1435 τῷ
2472 1361 2656 1441 Πατρί,
2722 1384 2749 1415 α
2777 1351 2955 1441 Α’Ἥτθς
3017 1361 3100 1418 ἐπὶ
3156 1361 3443 1441 κρείττοσιν
3501 1353 3841 1434 ἐπαγγελίαις

2200 1439 2628 1525 νενομοθέτηται.
2679 1469 2707 1508 ι
2749 1439 2910 1515 υΗτις
2965 1439 3218 1524 διαθήκη,
3277 1451 3430 1529 φησὶ,
3487 1446 3572 1503 ἐπὶ
3599 1445 3839 1525 κρείττο-

2200 1561 2281 1595 σιν
2338 1537 2675 1616 ἐπαγγελίαις
2771 1537 3197 1615 νενομοθέτηναι.
3302 1530 3364 1594 Ἠ
3420 1538 3518 1613 μὲν
3586 1536 3685 1615 γὰρ
3740 1554 3843 1590 πα-

2196 1624 2345 1702 λαιὰ,
2376 1629 2442 1684 τὰ
2483 1628 2653 1707 ἀγαθὰ
2680 1633 2779 1696 τῆς
2810 1628 2911 1707 γῆς
2940 1626 3243 1707 ἐπτγγελτο
3274 1646 3292 1665 ⁶
3342 1629 3378 1696 ἡ
3407 1624 3461 1683 δὲ
3513 1625 3627 1698 νέα,
3676 1624 3839 1699 βασι-

2196 1715 2337 1773 λείαν
2384 1720 2634 1795 οὐρανῶν.
2698 1720 2797 1776 Καὶ
2868 1715 3031 1780 οὕτως
3086 1718 3376 1797 κρείττονες
3424 1719 3475 1772 αἱ
3532 1713 3592 1771 ἐκ
3643 1714 3840 1778 ταύτης

468 1829 649 1890 gnum
710 1807 1090 1871 caalorum.Et
1148 1808 1226 1867 ita
1262 1807 1704 1885 praestantiores
1733 1817 1869 1870 sunt
1901 1827 1969 1869 ex
1997 1807 2102 1869 isto

2194 1804 2525 1884 ἐπαγγελίαι,
2572 1806 2652 1863 ὅτι
2721 1808 2754 1875 ἡ
2801 1806 2898 1884 μὲν
2967 1806 3276 1886 εἰσηνέχθη,
3337 1802 3658 1890 ἐκϐέϐληται
3692 1799 3747 1856 δὲ
3802 1801 3838 1867 ἡ

470 1898 901 1979 promissiones
936 1915 949 1960 :
985 1900 1122 1977 quia
1145 1914 1356 1956 novum
1389 1894 1628 1976 quidem
1661 1895 1964 1958 inductum
1998 1907 2106 1971 est,

465 1997 634 2050 vetus
663 1994 857 2049 autem
892 1984 1503 2066 ejectum.Propterea
1533 1987 1691 2047 enim
1724 2004 1938 2047 novum
1975 1985 2107 2046 vin-

464 2078 572 2153 cit,
609 2076 743 2158 quia
771 2075 1143 2157 praestantius
1200 2082 1258 2136 et
1313 2072 1386 2134 de
1435 2074 1937 2153 praestantioribus
1962 2091 2103 2153 pro-

464 2166 663 2227 missis
692 2166 898 2228 datum
935 2172 1024 2226 est
1055 2182 1068 2222 :
1135 2162 1515 2225 manifestum
1547 2170 1636 2224 est
1665 2170 1860 2225 autem
1886 2163 2108 2244 ubique

459 2254 833 2336 praestantius
846 2253 1138 2334 essequod
1155 2251 1562 2333 praestantiora
1572 2251 1954 2333 habeatprom
1965 2255 2100 2316 issa.

1092 2351 1335 2418 CAPUT
1380 2350 1479 2415 XI.

454 2454 841 2518 Excellentia
881 2455 1024 2516 novi
1074 2453 1414 2514 testamenti
1441 2467 1628 2531 supra
1656 2458 1825 2513 vetus
1852 2459 2106 2532 propter

727 2533 1228 2613 propinationem
1258 2536 1314 2593 et
1343 2533 1830 2593 sanctimoniam.

540 2632 691 2709 VIII,
728 2637 858 2698 7-9.
887 2636 966 2699 Et
997 2636 1157 2697 enim
1197 2634 1252 2696 si
1279 2634 1455 2713 prius
1473 2633 1637 2694 illud
1655 2631 1777 2694 tale
1797 2631 2011 2712 fuisset
2038 2641 2103 2695 ut

2192 1893 2415 1955 παλαιά.
2454 1898 2551 1951 Διὰ
2580 1903 2734 1954 τοῦτο
2805 1897 2904 1975 γὰρ
2957 1896 2992 1963 ἠ
3047 1895 3138 1952 νέα
3189 1908 3398 1975 κρατεῖ,
3453 1892 3534 1975 ξ’)τι
3588 1889 3833 1969 βελτίων,

2193 1985 2279 2040 καὶ
2323 1984 2407 2040 ἐπὶ
2462 1983 2721 2061 βελτίοσιν
2786 1973 3124 2063 ἐπαγγελίαις
3182 1973 3407 2044 δέδοται.
3458 1973 3520 2039 Ἡ
3591 1979 3646 2035 δὲ
3703 1977 3833 2055 βελ-

2192 2072 2331 2136 τίους
2361 2072 2559 2153 ἔχουσα
2590 2075 2684 2139 τὰς
2714 2072 3057 2153 ἐπαγγελίας,
3117 2072 3202 2130 ὅτι
3260 2072 3477 2130 Βελτίων
3508 2071 3641 2146 ἐστὶ,
3677 2067 3837 2125 παντί

2187 2183 2289 2219 που
2320 2160 2503 2228 δῆλον.

2798 2359 3049 2417 secem.
3096 2345 3206 2429 ω’,
3322 2425 3331 2434 ,

2192 2472 2220 2503 α
2258 2440 2527 2531 ’Υπεροχὴ
2555 2453 2652 2519 τῆς
2682 2449 2921 2532 δευτέρας
2964 2451 3220 2524 διαθήκης
3261 2452 3390 2531 ὑπὲρ
3418 2452 3517 2519 την
3546 2448 3825 2530 προτέραν,

2614 2532 2669 2587 ἂν
2697 2530 2908 2592 ἱλασμῶ
2935 2534 3022 2591 καὶ
3066 2534 3333 2592 ἀγιασιιῶ.
3369 2552 3398 2592 ι

2642 2555 2669 2587 ν
2700 2554 2908 2592 ιΛασμω
2935 2554 3022 2591 και
3066 2554 3333 2592 αγιασιιω.

2614 2555 2669 2587 εν
2700 2555 2908 2608 ιΛασμῳ
2935 2555 3022 2591 και
3066 2555 3333 2613 αγιασμῳ.
3369 2555 3398 2592 ι

2272 2656 2296 2687 ιι
2333 2635 2392 2689 Ei
2417 2633 2515 2713 γὰρ
2596 2636 2632 2703 ἡ
2688 2634 2875 2713 πρώτη
2934 2633 3107 2702 ἐκείνη
3176 2635 3240 2703 ἧν
3305 2633 3563 2709 ἄμεπτος,
3624 2633 3718 2688 οὐκ
3768 2632 3831 2689 ἂν

455 2722 613 2785 nihil
633 2726 777 2785 ineo
792 2725 981 2804 possit
994 2722 1361 2803 reprehendi
1366 2720 1550 2801 ,haud
1567 2739 1872 2802 quaquam
1891 2723 2102 2800 fuisset

2188 2720 2426 2802 δευτέρας
2482 2722 2726 2794 ἐζητεῖτο
2815 2725 3002 2789 τόπος.
3061 2724 3414 2804 Μεμφόμενος
3479 2723 3579 2801 γὰρ
3647 2725 3831 2787 αὐτοῖς

457 2812 712 2875 secundo
728 2815 1014 2890 quaesitus
1033 2812 1218 2874 locus.
1238 2812 1394 2871 Nam
1416 2811 1708 2872 incusans
1720 2827 1816 2872 eos
1839 2810 2102 2890 loquitur

2188 2811 2328 2891 λέγει
2375 2832 2389 2847 ·
2450 2812 2580 2871 ’ἰδοὺ
2636 2814 2829 2894 ἡμέραι
2926 2815 3198 2896 ἔρχονται,
3259 2814 3402 2894 λέγει
3463 2814 3671 2894 Κύριος,
3732 2812 3828 2869 καὶ

460 2899 584 2962 illis
610 2921 622 2957 :
648 2899 808 2962 Ecce
823 2900 951 2962 dies
970 2898 1396 2979 veniunt,dicit
1425 2899 1810 2966 Dominus.et
1832 2916 2102 2961 consum-

2188 2899 2478 2958 συντελέσω
2529 2901 2615 2959 ἐπὶ
2657 2905 2748 2959 τὸν
2798 2906 2948 2960 οἷκον
3017 2902 3231 2984 Ἰσραὴλ
3303 2904 3390 2960 καὶ
3458 2901 3542 2959 ἐπὶ
3600 2903 3690 2957 τὸν
3742 2900 3830 2957 οἶ-

458 2987 634 3050 mabo
653 3006 836 3067 super
864 2988 1108 3051 domum
1135 2988 1330 3051 Israel
1372 2992 1426 3049 et
1455 3003 1637 3067 super
1665 2986 1911 3049 domum
1939 2985 2101 3049 Juda

2188 3011 2277 3047 κον
2334 2988 2501 3048 Ἰούδα
2556 2989 2808 3062 διαθήκην
2865 2994 3080 3068 καινὴν,
3140 2996 3200 3051 οὐ
3262 2992 3395 3049 κατὰ
3448 2992 3548 3059 τὴν
3636 2987 3828 3059 διαθή-

464 3083 885 3174 testamentum
914 3095 1129 3174 novum
1142 3094 1286 3151 ,non
1301 3078 1495 3174 juxta
1515 3082 1933 3174 testamentum
1947 3074 2101 3174 quod

2188 3099 2284 3145 κην
2351 3080 2416 3145 ἣν
2474 3077 2699 3148 ἐποίησα
2765 3094 2883 3144 τοῖς
2960 3080 3217 3161 πατράσιν
3304 3080 3473 3138 αὐτῶν
3543 3077 3596 3136 ἐν
3653 3077 3827 3157 ἡμέρᾳ

448 3166 735 3246 disposui
752 3167 1034 3245 patribus
1056 3168 1301 3229 illorum
1322 3168 1387 3227 in
1405 3165 1504 3227 die
1520 3181 1656 3227 cum
1687 3163 2099 3244 apprehende-

2188 3164 2566 3245 ἐπιλαϐομένου
2646 3192 2746 3246 μου
2813 3175 2910 3238 τῆς
2978 3172 3159 3251 χειρὸς
3264 3170 3464 3249 αὐτῶν,
3547 3166 3825 3246 ἐξαγαγεῖν

459 3272 585 3316 rem
614 3272 868 3317 manum
919 3256 1194 3329 illorum,
1255 3262 1322 3317 ut
1370 3256 1688 3316 educerem
1719 3269 1818 3314 eos
1845 3255 1915 3313 de
1936 3260 2102 3315 terra

2188 3257 2370 3321 αὐτοὺς
2415 3256 2475 3314 ἐκ
2515 3262 2616 3336 γῆς
2666 3260 2950 3337 Αἰγύπτου.
3010 3249 3147 3318 ν”Οτι
3204 3261 3348 3317 αὐτοὶ
3406 3259 3500 3315 οὐκ
3554 3256 3821 3332 ἐνέμειναν

455 3342 715 3425 {Egi/pii
746 3361 765 3404 :
795 3346 1079 3423 quoniam
1110 3348 1227 3424 ipsi
1245 3362 1367 3405 non
1392 3347 1783 3422 perstiterunt
1816 3343 1883 3403 in
1912 3348 2099 3404 testa-

2188 3347 2245 3403 ἐκ
2286 3352 2354 3424 τῇ
2409 3344 2634 3425 διαθήκῃ
2705 3372 2828 3424 μου,
2888 3349 3039 3428 κάγὼ
3092 3347 3341 3426 ἠμέλησα
3412 3350 3606 3422 αὐτῶν,
3677 3344 3820 3424 λέγει

455 3441 657 3495 mento
684 3449 835 3507 meo,
870 3440 924 3494 et
943 3434 1359 3513 neglectuieos
1379 3431 1586 3510 habui,
1613 3430 1761 3492 dicit
1789 3430 2097 3492 Dominus.
2189 3436 2399 3513 Κύριος.
2440 3458 2467 3491 ιο

543 3519 604 3583 Si
632 3520 804 3595 nihil,
836 3521 1047 3602 inquit,
1078 3521 1163 3582 illi
1190 3520 1397 3595 defuit,
1440 3519 1490 3581 si
1521 3518 1851 3607 inculpatos
1870 3518 2100 3607 habuit

2265 3525 2322 3580 Εἰ
2390 3522 2536 3580 οὐδὲν
2591 3526 2741 3606 εἶχε,
2817 3528 2998 3607 φησὶν,
3081 3525 3344 3602 ἐλλειπὲς,
3403 3526 3447 3582 εἰ
3502 3523 3817 3600 ἀμέμπτους

455 3610 753 3684 homines,
792 3610 1089 3690 quomodo
1119 3610 1199 3670 ita
1229 3608 1575 3688 abrogatum
1610 3609 1743 3668 est?
1779 3628 1802 3664 α
1838 3605 1985 3668 Nam
2010 3608 2098 3668 in-

2188 3610 2343 3669 ἒποίει
2373 3614 2494 3676 τοὺς
2539 3605 2863 3694 ἀνθρώπους,
2909 3605 3024 3681 πῶς
3076 3615 3242 3680 οὕτως
3297 3612 3500 3693 διεῤῥύη
3534 3633 3550 3694 ς
3604 3635 3626 3668 ι
3663 3620 3821 3689 Μεμ-

460 3716 671 3760 cusans
701 3715 828 3760 eos.
868 3723 894 3753 »
951 3699 1092 3762 Eos.
1138 3696 1346 3770 Quos?
1396 3698 1634 3761 Judzeos
1661 3695 1780 3785 qui
1823 3696 1879 3785 in
1912 3698 2095 3758 veteri

2188 3700 2402 3779 ρόμενος
2432 3704 2531 3781 γὰρ
2557 3705 2763 3768 αὐτοῖς,
2801 3726 2824 3763 ν
2862 3704 3077 3768 Αὐτοῖς.
3132 3706 3244 3763 Τίσι
3279 3723 3295 3785 ;
3348 3713 3475 3766 Τοῖς
3518 3703 3571 3759 ἐν
3613 3708 3681 3779 τῇ
3710 3724 3821 3758 πα-

454 3794 807 3847 testamento
860 3786 1022 3865 legi-s
1059 3786 1464 3865 suscipiebant
1493 3792 1551 3847 et
1581 3783 2090 3864 gubernabantur.

2188 3791 2299 3861 ίιαιᾷ
2369 3793 2829 3868 νομοθετουμένοις
2882 3795 2970 3850 καὶ
3058 3783 3467 3869 διευθυνομένοις
3527 3788 3817 3854 Ἰουδαίοις,

460 3894 484 3930 ι
523 3873 678 3934 Ecce
707 3872 835 3935 dies
882 3872 1147 3935 veniunt.
1180 3900 1206 3930 »
1241 3878 1559 3954 Postquam
1622 3892 1728 3954 per
1756 3874 1940 3934 multa
1967 3893 2098 3954 quae

2188 3897 2210 3934 α
2249 3875 2378 3936 Ἰδοὺ
2407 3882 2594 3960 ἡμέροι
2639 3881 2907 3962 ἔρχονται.
2972 3907 3001 3939 α
3033 3884 3180 3940 Μετὰ
3232 3885 3294 3938 τὸ
3349 3880 3432 3938 διὰ
3509 3878 3722 3937 πολλῶν
3765 3880 3819 3937 ἐν

455 3961 748 4041 promissa
776 3969 913 4021 sunt
968 3962 1215 4023 astruxit
1272 3980 1483 4023 novum
1516 3965 1593 4022 3'5
1614 3964 1653 4021 7
1680 3971 2095 4023 testamentum

2188 3980 2295 4032 τοῖς
2327 3967 2437 4025 ἄνω
2479 3961 2865 4031 κατασκευάσαι
2893 3973 2991 4040 τὴν
3040 3972 3159 4028 νέαν
3227 3973 3326 4038 τῆς
3385 3974 3615 4034 παλαιᾶς
3657 3970 3820 4045 ἀμεί-

452 4049 827 4126 praestantius
840 4067 971 4110 esse
984 4051 1346 4115 veteri.nunc
1359 4050 1619 4131 apertius
1635 4068 1868 4130 quoque
1879 4050 2096 4113 veteris

2188 4076 2274 4136 νω,
2346 4064 2434 4112 νῦν
2506 4066 2739 4139 φανερῶς
2806 4061 2893 4117 καὶ
2974 4061 3072 4129 τὴν
3154 4057 3381 4128 ἐκϐολὴν
3436 4060 3533 4128 τῆς
3590 4056 3818 4123 παλαιᾶς

455 4137 810 4216 ejectionem
834 4138 1112 4216 suggillat
1151 4156 1164 4200 :
1199 4157 1401 4199 verum
1451 4139 1565 4199 hoc
1596 4156 1713 4199 non
1744 4138 1867 4199 suis
1896 4139 2096 4202 verbis

2188 4141 2448 4224 ιωμῳδεῖ,
2494 4144 2614 4202 ἀλλ’
2640 4137 2736 4205 οὐκ
2764 4147 2855 4227 ἀφ’
2886 4149 3071 4206 ἐαυτοῦ
3099 4158 3253 4207 τοῦτο
3282 4160 3452 4222 ποιεῖ,
3485 4147 3579 4202 ἵνα
3608 4146 3687 4223 μὴ
3716 4145 3817 4224 γί-

449 4226 591 4306 agit,
626 4244 700 4287 ne
729 4226 1011 4289 molestus
1041 4226 1136 4302 sit,
1158 4227 1594 4289 sedJeremiam
1623 4227 1848 4307 profert
1869 4226 1929 4288 in
1956 4246 2092 4301 me-

445 4314 609 4375 dium
643 4332 661 4375 :
702 4316 801 4377 «In
830 4314 928 4377 die
957 4334 1092 4377 cum
1118 4315 1694 4398 apprehenderem.»
1740 4314 1805 4377 In
1837 4316 1963 4397 illo,
1997 4317 2092 4378 in-

2176 4253 2330 4297 νηται
2358 4236 2629 4312 φορτικὸς,
2671 4238 2762 4292 τὸν
2804 4234 2859 4292 δὲ
2922 4228 3173 4317 Ἰερεμίαν
3214 4238 3499 4317 παραφέρει
3531 4234 3750 4314 λέγοντα
3797 4254 3814 4270 ·

2181 4337 2211 4380 (
2268 4319 2358 4377 Ἐν
2412 4322 2583 4402 ἡμέρᾳ
2647 4320 3037 4401 ἐπιλαϐομένου
3089 4348 3213 4401 μου,
3275 4349 3302 4381 ι
3362 4324 3449 4382 Ἐν
3504 4331 3574 4401 τῇ
3644 4322 3820 4402 ἡμέρᾳ

446 4401 700 4483 qu'it,die
722 4422 847 4494 quo»
869 4404 1240 4494 apprehendi
1272 4423 1513 4494 manum
1544 4404 1813 4494 ipsorum
1846 4412 1910 4464 ut
1938 4405 2089 4466 edu-

2188 4408 2366 4488 ὲκείνῃ,
2414 4401 2595 4489 φησὶν,
2654 4411 2710 4468 ἐν
2739 4414 2776 4489 ᾗ
2845 4411 3183 4491 ἐπελαϐόμην
3236 4413 3333 4482 τῆς
3402 4414 3619 4494 χειρὸς-.
3644 4413 3817 4470 αὐτῶν

452 4510 650 4553 cerem
687 4511 788 4554 eos
819 4492 893 4554 de
925 4503 1081 4555 terra
1110 4493 1362 4574 Egypti.
1396 4495 1484 4556 Ne
1524 4493 1969 4573 suspicarentur
1999 4502 2091 4555 te-

442 4579 726 4641 stamenti
745 4579 1096 4660 ejectionem
1117 4600 1248 4643 esse
1270 4581 1426 4663 quod
1449 4589 1653 4660 pactus
1677 4580 1937 4642 estDeus
1958 4599 2088 4643 cum

445 4668 749 4731 Abraham
780 4687 794 4731 :
820 4673 971 4731 Nam
996 4670 1110 4732 boc
1127 4675 1204 4733 ad
1228 4670 1522 4734 Christum
1546 4669 1762 4732 factum
1781 4676 1907 4732 erat
1934 4691 1946 4732 :
1976 4691 2001 4729 α
2023 4669 2094 4731 Et

444 4757 661 4818 semini
695 4764 817 4836 tuo,
854 4756 1072 4838 inquit,
1106 4758 1207 4839 qui
1243 4767 1332 4820 est
1359 4758 1626 4821 Christus
1648 4759 1752 4840 35;
1790 4782 1814 4814 ι)
1852 4757 2091 4838 subjun-

445 4845 530 4924 git
557 4846 727 4926 cujus
758 4846 1097 4908 testamenti
1126 4847 1372 4926 rejectio
1422 4846 1619 4909 fuerit.
1652 4846 1795 4927 Ejus
1824 4846 1908 4909 ait
1928 4849 2089 4927 quod

440 4934 504 4995 in
525 4934 723 4995 Exodo
748 4953 852 5014 per
871 4938 1095 4998 Mosem
1132 4936 1420 4997 sancitum
1454 4943 1566 4998 est.
1595 4936 1860 4998 Dicendo
1884 4934 2045 4998 enim
2070 4956 2085 4995 :

438 5022 568 5085 Non
625 5023 794 5104 juxta
844 5030 1260 5086 testamentum
1294 5024 1463 5100 illud,
1506 5024 1767 5085 ostendit
1794 5024 2087 5104 rejectum

441 5110 595 5188 esse,
631 5120 907 5192 tanquam
949 5113 1217 5175 diceret:
1251 5113 1425 5175 Altud
1454 5112 1608 5174 dabo
1641 5120 2079 5188 testamentum,

439 5220 559 5262 non
580 5201 749 5281 quale
766 5200 890 5280 jam
930 5201 1068 5264 dedi
1096 5225 1111 5278 ;
1136 5202 1282 5264 illud
1308 5202 1467 5264 enim
1503 5209 1742 5282 propter
1771 5218 1938 5263 suam
1968 5200 2085 5262 im-

437 5288 820 5350 becillitatem
875 5308 908 5350 a
941 5309 1035 5352 me
1086 5291 1377 5370 rejectum
1438 5300 1550 5353 est.
1592 5316 1617 5346 α
1649 5288 1938 5361 Quoniam
1970 5291 2086 5372 ipsi

439 5395 557 5438 non
589 5376 995 5457 perstiterunt.
1037 5404 1063 5435 n
1100 5379 1266 5451 Quod
1330 5380 1448 5443 hic
1490 5380 1713 5441 dictum
1764 5388 1854 5440 est
1905 5380 2085 5443 veluti

439 5483 616 5527 causa
638 5474 697 5528 et
722 5466 1034 5546 responsio
1073 5476 1184 5546 est,
1220 5488 1328 5531 cur
1356 5488 1391 5530 a
1418 5469 1540 5532 Deo
1572 5468 1870 5550 neglectui
1902 5468 2085 5533 habiti

513 5625 579 5678 35
605 5626 647 5693 G
697 5623 798 5690 lat.
830 5642 918 5708 Ill,
947 5629 1011 5689 6.

2172 4496 2257 4553 ἐπὶ
2298 4504 2375 4571 τῷ
2402 4496 2680 4579 ἐξαγαγεῖν
2732 4501 2916 4567 αὐτοὺς
2975 4501 3036 4558 ἐκ
3082 4490 3190 4581 γῆς
3246 4490 3532 4580 Αἰγύπτου.
3583 4490 3705 4558 ιἸνα
3735 4500 3815 4575 μὴ

2171 4584 2507 4654 ὑπονοήσωσι
2565 4592 2664 4655 τῆς
2722 4591 2853 4667 πρὸς
2922 4591 3015 4646 τὸν
3087 4587 3327 4669 Ἀϐραάμ
3354 4587 3610 4659 διαθήκης
3664 4586 3815 4645 εἶναι

2170 4673 2269 4739 τὴν
2322 4671 2547 4745 ἐκϐολήν
2582 4691 2595 4705 ⁹
2662 4679 2735 4741 εἰς
2805 4681 3028 4758 Χριστὸν
3112 4679 3210 4757 γὰρ
3293 4678 3469 4745 ἐκείνη
3535 4676 3767 4755 ἐγεγόνει
3791 4689 3809 4705 ⁸

2176 4776 2206 4817 ι
2244 4761 2340 4818 Καὶ
2384 4761 2646 4841 σπέρματί
2668 4787 2762 4823 σου
2785 4768 2908 4848 γὰρ,
2956 4767 3135 4848 φησὶν,
3199 4766 3257 4830 ὅς
3312 4766 3423 4824 ἐστι
3468 4764 3691 4846 Χριστός
3713 4783 3727 4797 ⁸
3777 4786 3809 4819 ι

2172 4849 2356 4929 ἐπάγει
2394 4853 2547 4917 ποίας
2604 4852 2860 4926 διαθήκης
2917 4856 3133 4936 γέγονεν
3189 4853 3408 4926 ἐκϐολή.
3456 4855 3563 4924 Τῆς
3619 4854 3675 4910 ἦν
3743 4857 3816 4931 τῇ

2172 4937 2351 5013 ἐξόδῳ,
2437 4943 2588 5021 φησὶ,
2659 4941 2743 5001 διὰ
2786 4947 3017 5011 Μωσέως
3069 4945 3384 5026 γενομένης.
3445 4945 3533 5020 Τῷ
3574 4944 3673 5024 γὰρ
3743 4943 3813 4999 εί-

2169 5040 2317 5103 πεῖν,
2376 5034 2448 5089 Οὐ
2501 5034 2637 5091 κατὰ
2676 5035 2775 5102 τὴν
2856 5033 3111 5107 διαθήκην
3160 5036 3388 5108 ἐκείνην,
3447 5033 3698 5092 δείκνυσιν
3729 5032 3816 5089 ἐκ-

2166 5116 2523 5196 ϐεϐλημένην,
2568 5124 2692 5180 ὡσεὶ
2732 5123 2910 5204 ἔλεγεν
2946 5146 2959 5160 '
3039 5117 3256 5193 αΑλλην
3308 5124 3462 5182 δώσω
3528 5122 3809 5199 διαθήκην,

2166 5209 2270 5286 οὐχ
2313 5208 2433 5264 οἵαν
2463 5208 2633 5267 ἔδωκα
2661 5209 2787 5280 ἤδη.
2824 5212 3033 5281 Ἐκείνη
3076 5216 3175 5317 γὰρ
3233 5213 3317 5269 διὰ
3373 5215 3434 5269 τὸ
3478 5210 3683 5278 ἀσθενὲς
3709 5215 3813 5271 αὒ-

2201 5301 2226 5309 “
2326 5294 2340 5317 ἳ
2386 5293 2498 5317 ριρς
2793 5299 2807 5317 9
2853 5302 2867 5317 θ
2957 5310 2973 5317 _
3168 5290 3213 5317 σᾼ
3334 5303 3348 5317 ε
3423 5303 3450 5314 ~
3514 5303 3528 5317 ι
3602 5301 3616 5317 ’
3669 5301 3679 5316 Ι

2165 5301 2288 5372 τῆς,
2322 5293 2638 5381 ἐκϐέϐληται
2682 5299 2807 5381 παρ’
2849 5302 3000 5378 ἐμοῦ.
3052 5290 3100 5358 α’
3143 5290 3273 5361 εὈτι
3296 5303 3452 5359 αὐτοῦ
3480 5303 3572 5359 οὐκ
3598 5301 3814 5376 ἐνέμει-

2168 5406 2282 5446 ναν.
2318 5407 2342 5442 ι
2396 5376 2613 5468 ’Ὠσπερ
2641 5376 2900 5470 ᾆπολογία
2944 5391 3054 5448 ἐστὶ
3081 5400 3175 5463 τῆς
3218 5389 3465 5467 ἀμελείας
3521 5396 3612 5447 τοῦ
3681 5396 3815 5446 Θεοῦ

2165 5476 2227 5531 τὸ
2269 5476 2544 5554 εἰρημένοι
2578 5493 2592 5507 ’
2648 5469 2834 5557 "Ott,
2867 5482 3049 5561 φησὶν,
3094 5481 3237 5538 αὐτοὶ
3292 5484 3387 5539 οὒκ
3443 5478 3712 5557 ἐνέμειναν
3755 5480 3815 5536 ἓν
