4152 6216
279 340 403 415 365

1367 360 1764 427 COMMENT.
1811 361 1895 425 IN
1938 360 2183 424 EPIST.
2233 360 2333 425 AD
2377 364 2607 426 HEBR.

3555 362 3672 430 366

276 482 600 577 tﬂ6th-dxn
630 511 758 564 μου.
815 479 1057 570 ’Ἠρξατο
1109 493 1208 573 γὰρ
1251 490 1302 559 ἐξ
1361 494 1535 550 αὐτῶν
1566 495 1602 561 ἡ
1659 495 1927 573 παρακοὴ,

2016 491 2155 555 sint.
2213 491 2505 566 Quoniam
2577 490 2714 574 ipsi,
2796 492 3007 574 inquit,
3074 512 3193 556 non
3280 494 3672 577 perstiterunt

279 573 371 629 καὶ
399 573 564 642 οὕτως
590 579 625 647 ἡ
658 585 750 636 τοῦ
776 587 908 638 Θεοῦ
938 580 1159 657 ἀμέλεια
1188 580 1637 650 ἐπηκολούθησεν.

2020 579 2081 642 in
2114 589 2465 645 testamento
2524 601 2678 645 meo.
2735 581 2825 645 Ab
2881 582 3028 664 ipsis
3058 601 3315 666 namque
3355 590 3551 664 empta
3579 591 3670 648 est

282 659 716 752 inobedientia,
750 676 809 730 et
836 668 918 731 ita
945 679 1331 734 consecutum
1363 677 1453 733 est
1482 678 1548 735 ut
1577 690 1613 734 a
1639 670 1762 734 Deo
1799 669 2103 752 neglectui
2134 671 2513 736 haberentur.

373 776 399 805 α
438 742 568 812 "On
612 742 745 825 αὕτη
817 758 854 827 ἦ
909 756 1136 832 διαθήκη
1191 783 1291 838 μου
1345 761 1413 830 ἢν
1492 760 1807 838 διαθήσομαι
1862 742 1940 836 rip

284 836 425 929 οἴκῳ
495 840 709 923 Ἰσραὴλ
782 849 918 923 μετὰ
971 850 1065 913 τὰς
1172 836 1379 929 ἧμέρας
1468 836 1719 925 ἐκείνας,
1794 849 1937 929 λέγει

285 928 496 1008 Κύριος.
553 931 720 998 διδώς
795 938 990 1013 νόμους
1084 948 1187 1015 μοῦ
1256 928 1327 1005 εἷς
1376 940 1475 1007 τὴν
1532 937 1765 997 διάνοιαν
1848 938 1937 995 αὖ·

277 1017 408 1091 τῶν,
468 1023 557 1077 καὶ
652 1023 739 1081 ἐπὶ
806 1023 1019 1105 καρδίας
1077 1030 1248 1085 αὐτῶν
1343 1026 1623 1106 ἐπιγράψω
1724 1028 1928 1091 αὐτούς.

276 1107 377 1163 Καὶ
443 1107 634 1185 ἔσομαι
692 1113 878 1178 αύτοϊς
950 1117 1025 1178 εἷς
1112 1117 1267 1189 Θεὸν,
1327 1117 1416 1172 καὶ
1502 1118 1647 1173 αύτοὶ
1730 1115 1935 1172 ἔσονταί

276 1217 370 1267 μοι
428 1199 503 1262 είς
575 1197 724 1262 λαόν.
786 1205 886 1260 Καὶ
943 1206 1004 1261 οὗ
1072 1205 1150 1281 μή
1208 1202 1481 1275 διδάξωσιν
1552 1203 1774 1270 ἕκαστος
1842 1206 1933 1261 τὸν

271 1283 503 1353 πλησίον
552 1289 734 1354 αὐτοῦ,
816 1294 905 1350 καὶ
960 1292 1181 1368 ἕκαστος
1252 1295 1343 1350 τὸν
1440 1292 1665 1374 ἀδελφὸν
1751 1294 1930 1373 αὐτοῦ,

278 1371 476 1451 λέγων,
553 1382 718 1435 Γνῶθι
777 1382 868 1436 τὸν
955 1383 1163 1461 Κύριον,
1238 1380 1319 1438 ὅτι
1400 1371 1592 1444 πάντες
1676 1371 1932 1452 εἰδήσουσῖ

282 1482 352 1535 με
422 1464 531 1520 ἀπὸ
585 1475 775 1546 μικροῦ
834 1471 1024 1533 αὑτῶν,
1094 1470 1194 1537 ἕως
1276 1469 1513 1548 μεγάλου
1585 1474 1775 1545 αὐτῶν,
1851 1468 1932 1526 ὅτι

280 1548 447 1615 ἵλεως
546 1553 736 1631 ἔσομαι
833 1572 953 1624 ταῖς
1034 1558 1256 1625 ἀδικίαις
1342 1559 1539 1632 αὒτῶν,
1644 1562 1733 1616 καὶ
1827 1565 1933 1616 τῶν

283 1638 559 1719 ἁμαρτιῶν
614 1649 786 1704 αὐτῶν
838 1650 927 1703 καὶ
981 1656 1085 1706 τῶν
1169 1649 1403 1724 ἀνομιῶν
1496 1650 1667 1706 αὐτῶν
1730 1649 1789 1705 οὖ
1856 1648 1934 1723 μὴ

286 1733 508 1803 μνησθῶ
548 1731 646 1789 ἔτι.
684 1731 775 1791 Ἐν
828 1741 907 1809 τῷ
963 1736 1137 1816 λέγειν
1190 1739 1403 1815 καινὴν,
1467 1736 1810 1794 πεπαλαίωκε
1840 1737 1935 1805 τὴν

285 1817 529 1906 πρώτην.
590 1824 660 1879 T6
729 1820 783 1880 δὲ
836 1823 1225 1901 παλαιούμενον
1306 1829 1393 1883 καὶ
1448 1827 1712 1906 γήράσκον
1783 1826 1937 1904 ἐγγὺς

285 1904 609 1986 ἀφανισμοῦ.
657 1934 686 1967 ι

371 1980 540 2055 ("oin
557 1998 688 2067 αὕτη
710 2003 745 2069 ἡ
768 2000 1055 2074 διαθήκη.»
1108 2007 1273 2072 Αῦτη.
1293 2006 1424 2063 Ποία
1461 2025 1476 2086 ;
1508 1996 1934 2085 Ἢξνέα-δηλαδὴ,

292 2087 474 2175 εμετᾶ
502 2088 596 2151 τὰς
625 2090 826 2169 ἡμέρας
874 2091 1137 2157 ὲκείνας..
1195 2094 1369 2150 Πούαο
1422 2093 1662 2175 ἡμέραςς
1696 2095 1799 2159 Τᾶς
1842 2099 1938 2160 τῆς

289 2172 490 2266 ἐξόδου,
536 2177 589 2234 ἂν
619 2182 711 2243 αἷς
741 2177 928 2238 ἔλαϐον
958 2183 1050 2237 τὸν
1079 2183 1259 2242 νόμον.
1302 2181 1494 2247 Διδοῦς
1524 2172 1713 2260 νόμους
1745 2204 1869 2258 μου,
1907 2205 1931 2237 ιι

305 2269 386 2319 Ην
414 2262 754 2343 διαθήσομαι,
800 2267 972 2334 διδοὺς
1003 2272 1198 2346 νομοὺς
1232 2294 1359 2348 μου,
1421 2297 1444 2328 κ
1483 2274 1580 2331 Καὶ
1648 2272 1733 2328 ἐπὶ
1801 2293 1936 2351 καρ-

286 2348 399 2414 δίας
471 2353 661 2413 αὐτῶν.
703 2380 728 2411 ι)
790 2356 918 2416 Οὐδὲ
968 2361 1068 2437 γὰρ
1124 2360 1175 2416 ἐν
1248 2361 1523 2439 γράμμασι
1554 2348 1932 2436 νομοθετηθεέ-

288 2462 386 2497 σαν
443 2442 542 2509 τὴν
597 2444 720 2502 νέαν
769 2445 1161 2527 παρελάϐομεν,
1251 2448 1389 2506 ἀλλὰ
1442 2448 1534 2505 διὰ
1628 2449 1934 2524 Πνεύματος

287 2529 458 2606 ἁγίου.
509 2533 607 2590 Καὶ
634 2541 790 2590 τοῦτο
820 2533 981 2602 δηλοῖ
1035 2538 1063 2592 6
1131 2539 1355 2616 Χριστὸς
1410 2536 1579 2615 λέγων
1628 2550 1747 2602 τοῖς
1794 2538 1934 2593 ἀπο-

286 2616 520 2683 στόλοις.
561 2643 584 2677 ε
621 2620 861 2688 Ἐκεῖνος
895 2622 1205 2705 (τουτέστιν,
1254 2628 1282 2682 6
1326 2624 1696 2704 Παράκλητος)
1746 2625 1933 2697 ἐλθὼν.

287 2706 583 2783 ἀναμνήσει
632 2712 769 2787 ὑμᾶς
826 2714 916 2769 καὶ
972 2711 1160 2780 διδάξει
1234 2716 1370 2790 ὑμᾶς
1459 2716 1650 2773 πάντα.
1690 2738 1713 2773 ι
1782 2706 1933 2793 Ὀρᾷς

288 2794 370 2851 ὅτι
422 2801 517 2856 οὐκ
572 2798 629 2855 έν
685 2801 991 2880 γράμμασιν
1058 2804 1094 2871 ἡ
1147 2802 1259 2877 νέα,
1327 2802 1464 2859 ἀλλὰ
1506 2801 1590 2858 διὰ
1632 2804 1934 2876 Πνεύματος

291 2885 487 2967 ἁγίου,
540 2888 761 2965 Δογίζου
830 2889 920 2946 οὖν
978 2889 1078 2958 ὅση
1133 2892 1223 2947 καὶ
1281 2893 1316 2960 ἡ
1363 2892 1605 2973 ὑπεροχὴ
1635 2896 1732 2955 τίς
1792 2890 1930 2956 νέας.

297 2996 318 3026 ι
374 2976 475 3031 Καὶ
531 2974 719 3048 ἔσομαι
767 2982 951 3044 αὐτοῖς
1022 2981 1095 3043 εἷς
1152 2980 1305 3043 Θεόν,
1345 3002 1368 3038 ο
1423 2971 1564 3039 ’Ὁτι
1613 2981 1713 3061 γὰρ
1781 2989 1934 3039 τοῦτο

292 3060 456 3145 ἔστιν,
484 3063 624 3121 ἔνθεν
682 3064 868 3134 δῆλον.
929 3068 1016 3134 Τίς
1087 3069 1390 3146 μετέπειθεν
1448 3072 1683 3150 εὐχερῶς
1737 3091 1855 3125 τινα
1881 3069 1936 3125 ἐν

290 3157 359 3227 τῇ
416 3152 619 3226 παλαιᾷ
663 3155 961 3224 ἀποστῆναι
1056 3159 1153 3226 τῆς
1263 3158 1392 3222 ἰδίας
1480 3156 1935 3239 δεισιδαιμονίας,

284 3242 585 3301 τούναντίον
643 3246 742 3320 μὲν
798 3246 887 3303 οὗν
942 3247 1048 3303 ἀπὸ
1104 3252 1204 3315 τῆς
1267 3248 1583 3326 θεογνωσίας
1640 3250 1668 3304 6
1699 3246 1933 3326 Ἰσραὴλ,

286 3332 358 3396 εἷς
383 3332 483 3399 τὴν
543 3332 754 3400 πλάνην
812 3337 1132 3411 μετετίθετο.
1209 3360 1236 3391 α
1270 3338 1368 3394 Καὶ
1424 3340 1485 3396 οὗ
1541 3336 1618 3411 μὴ
1675 3333 1937 3400 διδάξωσιν

284 3420 511 3487 ἕκαστος
541 3425 633 3480 τὸν
662 3424 887 3492 πλησίον
917 3431 1094 3489 αὒτοῦ.
1135 3449 1159 3485 ι
1253 3425 1490 3506 Διδαχὴν
1549 3426 1790 3505 ἐνταῦθα,
1834 3426 1934 3493 τὴν

285 3510 678 3591 ἐπιπονωτέραν
747 3512 1084 3572 διδασκαλίαν
1144 3515 1313 3595 λέγει.
1385 3514 1517 3572 Ἰδοὺ
1572 3515 1673 3594 γὰρ
1730 3517 1934 3593 ὁρῶμεν

285 3597 369 3655 ὅτι
395 3599 514 3657 οὸτε
556 3599 818 3658 πλειόνων
865 3601 1038 3682 λόγων
1095 3607 1249 3685 χρεία
1305 3606 1435 3683 πρὸς
1494 3605 1612 3669 τοὺς
1668 3604 1933 3682 ὑγιαίνον-

285 3710 382 3753 τας
404 3691 496 3745 τὸν
538 3699 678 3766 νοῦν,
714 3693 786 3755 εἷς
816 3694 877 3748 τὸ
934 3694 1124 3749 πεῖσαι
1180 3694 1445 3750 πιστεύειν
1490 3698 1723 3772 Χριστῷ,
1799 3700 1934 3749 Θεο-

286 3774 515 3835 δίδακτοι
546 3779 647 3858 γὰρ
690 3780 917 3843 ἅπαντές
973 3783 1103 3837 εἰσιν
1160 3778 1444 3861 ἄνθρωποι,
1494 3779 1612 3839 Ἐπὶ
1663 3782 1762 3859 γὰρ
1812 3794 1935 3845 ταῖς

284 3864 523 3945 καρδίαις
568 3875 748 3950 ημῶν,
804 3869 925 3932 τοὺς
984 3869 1175 3945 νόμους
1231 3871 1390 3927 αὐτοῦ
1456 3869 1682 3950 ἔγραψεν
1725 3872 1753 3926 6
1800 3878 1935 3949 Χρι-

285 3956 439 4018 σαός.
497 3978 525 4011 α
590 3946 721 4015 ’⁸οτι
788 3958 982 4020 πάντες
1039 3955 1300 4029 εἰδήσουσί
1343 3979 1432 4035 με,
1469 3946 1527 4014 »Γ
1566 3950 1627 4015 Ἠ
1657 3958 1785 4033 εμὲν
1833 3946 1934 4037 γὰρ

281 4040 552 4114 Ἰουδαϊκὴ
583 4053 777 4125 γνῶσις
834 4047 924 4102 καὶ
973 4047 1170 4123 πίστις,
1232 4050 1303 4112 εἷς
1349 4050 1474 4123 μίαν
1527 4052 1624 4115 τῆς
1683 4048 1932 4123 οἰκουμέ-

281 4130 380 4199 νῆς
450 4136 647 4211 γωνίαν
704 4133 1107 4210 ἂποκέκλειστο,
1164 4136 1262 4204 τὴν
1320 4135 1697 4203 Παλαιστίνην,
1761 4125 1824 4193 Ἠ
1881 4135 1933 4191 δὲ

285 4227 393 4277 τῶν
460 4225 810 4304 Χριστιανῶν,
858 4222 1068 4281 ἅπασαν
1116 4221 1405 4283 ἐπελάϐετο
1458 4226 1557 4293 τὴν
1585 4230 1710 4305 γῆν.
1746 4245 1778 4283 ι
1803 4216 1933 4284 ΗΟτι

282 4309 449 4377 ἵλεως
479 4311 671 4394 ἔσομαι
726 4312 847 4377 ταῖς
904 4311 1132 4380 ἀδικίαις
1175 4314 1368 4374 αὐτῶν.
1408 4335 1432 4370 ι
1487 4323 1617 4378 Ταῖς
1674 4336 1934 4394 προγενο-

2103 758 2255 835 VIII,
2297 762 2504 825 10-13.
2556 760 2721 824 Nam
2779 762 2887 825 hoc
2942 769 3027 824 est
3057 766 3483 827 testamentum
3511 762 3670 844 quod

2017 847 2340 928 disponam
2374 851 2583 913 domui
2609 851 2804 914 Israel
2856 856 2989 929 post
3015 850 3141 913 dies
3170 851 3329 927 illos,
3363 852 3515 914 dicit
3546 852 3669 914 Do-

2017 944 2242 1019 minus,
2273 939 2429 1002 dans
2459 939 2615 1020 leges
2644 957 2811 1002 meas
2840 946 2908 1002 in
2933 948 3188 1004 mentem
3226 941 3495 1022 illorum,
3528 948 3586 1005 et
3605 943 3670 1004 in

2015 1026 2200 1089 corde
2228 1045 2437 1091 eorum
2489 1029 2821 1092 inscribam
2874 1027 3010 1090 illas
3044 1047 3058 1091 :
3089 1036 3148 1092 et
3176 1047 3278 1092 ero
3305 1031 3451 1111 ipsis
3483 1031 3667 1111 Deus,

2014 1120 2073 1175 et
2100 1116 2218 1194 ipsi
2268 1124 2446 1179 erunt
2501 1117 2655 1180 mihi
2702 1117 2991 1198 papulus.
3050 1117 3139 1179 Et
3180 1136 3302 1180 non
3352 1117 3667 1196 docebunt,

2013 1208 2263 1283 quisque
2290 1208 2636 1286 proximum
2667 1224 2848 1269 suum
2891 1214 2951 1268 et
2972 1209 3389 1287 unusquisque
3410 1210 3671 1286 fratrem

2010 1310 2209 1356 suum.
2244 1295 2451 1358 dicens
2482 1314 2499 1358 :
2538 1298 2844 1375 Cognosce
2878 1296 3231 1378 Dominum,
3265 1298 3414 1377 quia
3462 1313 3672 1360 omnes

2012 1392 2368 1458 cognoscent
2417 1402 2512 1446 me
2537 1403 2571 1447 ιι
2602 1382 2829 1465 pusillo
2858 1385 3020 1447 inter
3049 1382 3188 1447 itlos
3215 1403 3406 1466 usque
3428 1385 3509 1447 ad
3528 1403 3667 1448 ma-

2012 1470 2251 1532 ximum
2283 1475 2443 1535 inter
2499 1473 2636 1536 illos
2659 1493 2682 1551 ;
2739 1474 3026 1552 quoniam
3050 1473 3331 1553 placatus
3358 1491 3462 1537 ero
3490 1491 3673 1556 super

2015 1558 2339 1638 injustitiis
2369 1568 2656 1643 ipsorum,
2685 1568 2743 1625 et
2760 1564 3020 1641 peccatis
3043 1579 3280 1640 eorum,
3304 1569 3359 1626 et
3383 1564 3673 1643 iniquita-

2020 1654 2146 1710 tum
2193 1667 2397 1712 eorum
2449 1669 2571 1714 non
2628 1649 2989 1714 recordabar
3043 1651 3328 1732 amplius.
3383 1651 3503 1714 Per
3558 1654 3669 1717 hoc

1960 1767 1999 1816 Β
2021 1739 2182 1816 quod
2207 1740 2360 1802 dicit
2406 1758 2643 1816 novum,
2662 1745 2669 1756 '
2686 1741 3029 1819 antiquanit
3051 1743 3255 1820 prius.
3290 1742 3482 1804 Porro
3506 1744 3672 1822 quod

2021 1829 2385 1908 antiquatur
2413 1847 2482 1892 ac
2533 1830 2814 1911 senescit,
2848 1834 2913 1891 in
2934 1832 3282 1910 propinquo
3312 1836 3398 1892 est
3425 1837 3491 1891 ut
3520 1846 3666 1893 eva-

2021 1926 2250 1979 nescat.

2108 2026 2131 2061 α
2166 2009 2316 2070 Nam
2348 2008 2461 2070 hoc
2492 2015 2581 2069 est
2610 2013 3053 2069 testamentum.
3090 2030 3118 2062 ι
3152 2004 3300 2069 Hoc.
3324 2004 3670 2078 Quodnam?

2023 2110 2234 2154 novum
2294 2094 2593 2158 videlicet.
2634 2115 2663 2155 ί
2695 2097 2835 2157 Post
2867 2093 2994 2156 dies
3038 2093 3194 2156 illos.
3232 2117 3261 2150 ι
3304 2091 3463 2166 Quos
3494 2093 3673 2156 dies?

2020 2178 2162 2243 Dies
2192 2184 2550 2261 egressionis
2579 2181 2795 2265 quibus
2823 2182 3014 2262 legem
3045 2189 3429 2263 acceperunt.
3471 2181 3663 2244 «Dans

2020 2266 2185 2345 leges
2215 2290 2401 2335 meas.
2442 2296 2466 2331 ι
2502 2271 2672 2344 Quod
2726 2271 3039 2349 disponam
3081 2270 3228 2332 dans
3281 2270 3447 2350 leges
3477 2287 3666 2333 meas.

2028 2381 2050 2413 ι
2088 2358 2157 2420 Ει
2186 2360 2247 2421 in
2277 2361 2459 2423 corde
2490 2379 2725 2422 eorum.
2764 2386 2790 2417 π
2820 2358 3025 2440 Neque
3051 2358 3212 2421 enim
3244 2358 3459 2421 litteris
3478 2358 3674 2421 sanci-

2020 2456 2140 2509 tum
2171 2468 2385 2511 novum
2411 2457 2827 2513 testamentum
2850 2447 3327 2529 accepimus,sed
3346 2466 3457 2529 per
3474 2446 3672 2531 Spiri-

2019 2542 2142 2597 tum
2174 2546 2467 2602 sanctum.
2501 2538 2574 2600 Et
2629 2539 2743 2602 hoc
2800 2538 3135 2599 manifestat
3164 2535 3436 2599 Christus
3460 2536 3672 2600 dicens

2017 2624 2315 2705 Apostolis
2347 2646 2360 2690 :
2418 2647 2449 2688 (
2482 2626 2609 2703 Ille,
2672 2645 2891 2707 nempe
2921 2626 3285 2703 Paracletus,
3317 2643 3453 2687 cum
3488 2644 3673 2689 vene-

2014 2712 2397 2792 rit,suggeret
2422 2715 2587 2778 vobis
2609 2721 2667 2776 et
2687 2712 2927 2775 docebit
2948 2730 3051 2773 vos
3079 2711 3386 2775 omnia“.
3423 2738 3450 2769 ι
3487 2712 3671 2777 Vides

2016 2818 2233 2861 novum
2278 2821 2397 2863 non
2444 2801 2572 2863 dari
2595 2801 2653 2863 in
2683 2801 2917 2877 litteris,
2949 2799 3090 2861 ’578
3126 2798 3234 2861 sed
3254 2818 3363 2881 per
3388 2798 3666 2881 Spiritum

2014 2889 2640 2953 sanctum?Considera
2651 2890 2832 2968 igitur
2844 2898 3065 2971 quanta
3077 2888 3154 2951 sit
3172 2889 3513 2970 praestantia
3530 2889 3668 2952 novi

2018 2979 2376 3041 testamenti.
2417 3002 2439 3036 ιι
2476 2979 2546 3039 Et
2566 2997 2666 3040 ero
2700 2978 2844 3060 ipsis
2866 2978 3041 3043 Deus.
3076 3002 3101 3038 υ
3124 2980 3272 3041 Nam
3296 2979 3454 3059 quod
3473 2976 3666 3054 itasit,

1954 3045 2161 3130 chinc
2218 3067 2593 3130 manifestum
2653 3045 2762 3131 esi.
2819 3066 2962 3140 Quis
3008 3085 3265 3149 unquam
3313 3045 3492 3130 iacile
3523 3045 3665 3147 per;

2020 3156 2206 3217 suasit
2234 3156 2295 3217 in
2326 3157 2508 3219 veteri
2525 3164 2900 3233 testamento,
2926 3164 2992 3219 ut
3014 3157 3352 3220 discederet
3373 3154 3668 3239 quispiam

2020 3264 2053 3306 a
2082 3264 2188 3306 sua
2206 3246 2628 3326 superstitione
2648 3246 2678 3306 ?
2704 3246 2845 3326 quin
2864 3249 3058 3326 potius
3080 3264 3113 3307 e
3134 3245 3372 3308 diverso
3393 3264 3429 3308 a
3448 3244 3557 3308 Dei
3577 3263 3677 3307 co-

2018 3334 2285 3412 gnitione
2315 3341 2733 3395 transmutatus
2775 3343 2865 3396 est
2897 3333 3075 3396 Israel
3105 3334 3179 3396 ad
3209 3352 3501 3397 errorem.
3539 3359 3568 3391 α
3598 3333 3675 3397 Et

2020 3440 2137 3485 non
2168 3422 2489 3502 docebunt,
2525 3423 2776 3503 quisque
2811 3423 3143 3502 proximum
3169 3440 3403 3484 suum.»
3424 3420 3665 3485 Doctri-

2016 3530 2150 3573 nam
2184 3510 2441 3590 appellat
2472 3512 2583 3573 hoc
2614 3512 2745 3573 loco
2778 3512 3011 3591 plenam
3043 3510 3265 3571 laboris
3300 3510 3666 3573 exhortatio-

2016 3620 2177 3663 nem.
2216 3600 2370 3661 Ecce
2404 3601 2564 3661 enim
2594 3601 2868 3663 videmus
2900 3618 2976 3662 ne
3007 3599 3208 3661 multis
3239 3599 3481 3680 quidem
3512 3619 3664 3681 opus

2016 3709 2148 3751 esse
2178 3689 2553 3751 sermonibus
2577 3690 2733 3771 apud
2765 3689 2897 3752 illos
2919 3689 3019 3771 qui
3042 3689 3172 3751 sani
3191 3696 3329 3750 sunt
3351 3696 3571 3765 mente,
3593 3689 3668 3751 ad

2016 3777 2494 3859 persuadendum
2529 3785 2595 3841 ut
2622 3778 2867 3842 credant
2895 3778 2957 3840 in
2989 3778 3315 3840 Christum.
3350 3774 3661 3859 Siquidem

2016 3867 2508 3929 omneshomines
2545 3876 2683 3930 sunt
2710 3886 2745 3930 a
2776 3866 2897 3930 Deo
2949 3866 3187 3945 edocti;
3220 3884 3360 3928 nam
3390 3865 3664 3939 Christus

2014 3956 2078 4018 in
2107 3955 2385 4019 cordibus
2443 3956 2660 4021 nostris
2716 3956 2955 4036 scripsit
3009 3956 3173 4034 leges
3220 3972 3379 4017 suas.
3454 3979 3482 4011 α
3516 3954 3664 4028 Quia

2016 4065 2225 4108 omnes
2254 4052 2616 4125 cognoscent
2648 4063 2764 4108 me.
2800 4068 2819 4099 ι
2857 4043 3106 4107 Judaica
3128 4060 3385 4124 namque
3404 4043 3662 4124 cognitio

2016 4143 2076 4196 et
2106 4135 2254 4196 ﬁdes
2304 4133 2364 4195 in
2416 4153 2597 4195 unum
2649 4132 2811 4195 orbis
2858 4132 3138 4209 angulum
3189 4132 3472 4196 conclusa
3504 4139 3661 4210 erat,

2020 4242 2237 4304 nempe
2269 4223 2636 4285 Palaestinam
2672 4240 2686 4284 :
2720 4220 3193 4285 Christianorum
3248 4238 3386 4285 vero
3416 4220 3661 4284 univer-

2019 4330 2144 4374 sam
2175 4312 2569 4395 apprchendit
2598 4319 2838 4372 terram.
2878 4332 2901 4366 (ι
2933 4310 3227 4382 Quoniam
3256 4310 3525 4391 placatus
3556 4328 3659 4373 ero

285 4399 497 4475 μέναις.
532 4391 729 4467 υιλεως
800 4399 856 4457 δὲ
883 4400 1104 4481 γίνεται,
1177 4402 1325 4483 ἀφεὶς
1366 4404 1505 4477 ἡμῖν
1546 4391 1723 4469 αὐτὰς
1760 4391 1817 4460 ἐν
1858 4410 1932 4480 τῷ

2016 4391 2550 4483 ευρείῖηῇυειὶιὶἱε
2600 4400 2896 4478 ipsorum.
2934 4422 2961 4457 »
3000 4397 3140 4472 Quae
3197 4406 3657 4480 praecesserunt.

282 4489 633 4567 βαπτίσματι.
681 4514 704 4547 ο
769 4492 869 4549 Καὶ
909 4497 1017 4546 τῶν
1070 4491 1301 4567 ἀνομιῶν
1343 4491 1515 4548 αὐτῶν
1556 4496 1615 4552 οὒ
1664 4493 1742 4568 μὴ
1787 4516 1931 4570 μνη-

283 4580 391 4633 σθῶ
432 4578 535 4642 ἔτι,
574 4603 602 4635 ι
653 4586 769 4638 Τῶν
823 4580 922 4659 γὰρ
993 4579 1049 4636 ἐν
1116 4587 1193 4656 τῷ
1241 4581 1566 4658 βαπτίσματι
1608 4580 1925 4661 ἀφεθεισῶν,

279 4676 375 4725 οῦκ
405 4666 483 4724 ἔτι
513 4670 890 4744 μιμνήσκεται,
929 4691 958 4724 ι
983 4667 1073 4727 Ἐν
1098 4672 1178 4743 τῷ
1234 4667 1409 4749 λέγειν
1467 4672 1676 4740 καινήν.
1714 4694 1743 4726 ι
1791 4670 1930 4730 Δῦτό

276 4757 379 4834 γὰρ
406 4758 469 4812 τὸ
511 4755 651 4822 ὅλως
682 4757 935 4833 ὀνομάσαι
991 4757 1210 4833 καινὴν,
1268 4759 1369 4825 τὴν
1424 4758 1641 4837 πρώτην
1695 4758 1926 4817 παλαιὰν

275 4842 551 4910 ἐποίησεν.
590 4865 614 4901 ι
648 4847 720 4903 Τὸ
748 4843 803 4900 δὲ
833 4843 1220 4921 παλαιούμενον
1276 4845 1363 4900 καὶ
1435 4845 1724 4924 γηράσκον.
1761 4869 1788 4901 ι
1823 4856 1924 4906 Νῦν

272 4928 452 4989 λαϐὼν
517 4932 811 5011 παρῥησίαν
892 4933 1034 5010 παρά
1118 4938 1211 4989 τοῦ
1266 4934 1563 5014 προφήτου,
1629 4936 1716 4990 καὶ
1770 4935 1926 4999 αὖτὸς

274 5020 645 5100 ἀποφαίνεται.
729 5024 871 5089 Αὕτη
922 5021 1068 5099 ίμὲν,
1151 5022 1303 5102 φησὶ,
1363 5023 1544 5096 καυνὴ,
1603 5021 1805 5080 παλαιὰ
1871 5022 1927 5080 δὲ

276 5109 478 5177 ἐκείνη.
540 5112 613 5167 T6
667 5108 721 5165 δὲ
776 5109 1164 5186 παλαιούμενον
1222 5111 1529 5191 ἠφάνισται,
1588 5114 1740 5191 φησί.
1802 5122 1929 5171 Τοι-

272 5205 461 5277 γαροῦν
506 5199 595 5254 καὶ
656 5196 995 5273 έκϐέϐληται,
1045 5200 1134 5255 καὶ
1174 5197 1521 5255 καταλέλυται
1571 5198 1633 5256 ἐκ
1711 5200 1804 5257 τοῦ
1832 5203 1932 5280 γή-

275 5308 383 5366 ρως
410 5301 426 5315 ⁸
458 5287 533 5349 ὡς
579 5287 622 5343 εἷ
679 5286 859 5365 ἔλεγεν
893 5303 907 5317 ⁸
941 5286 1049 5345 Οὔκ
1104 5286 1332 5367 ἀκαίρως
1388 5287 1716 5345 κατέπαυσεν
1748 5290 1783 5357 ἡ
1840 5291 1929 5346 νέα

276 5377 367 5431 τὲν
411 5374 668 5456 παλαιὰν,
699 5374 836 5432 ἀλλὰ
865 5373 948 5431 διὰ
974 5377 1036 5431 τὸ
1075 5381 1244 5455 γῆρας
1292 5378 1381 5432 καὶ
1435 5384 1535 5445 τὴν
1591 5376 1927 5446 παλαιότητα

278 5464 468 5541 αὐτῆς,
515 5464 751 5521 τουτέστι
810 5461 894 5520 διὰ
946 5465 1007 5520 τὸ
1063 5464 1272 5527 ἀσθενὲς
1328 5465 1415 5520 καὶ
1456 5464 1741 5546 ἀνωφελές,
1782 5490 1805 5523 ιι
1855 5470 1926 5527 Τὸ

359 5631 425 5684 ³ο
454 5633 625 5698 Joan.
659 5649 782 5710 xxv,
813 5635 913 5699 26.

2015 4489 2282 4553 Placatus
2310 4498 2504 4552 autem
2535 4488 2807 4563 eﬂicitur,
2840 4506 2978 4549 cum
3038 4488 3171 4549 illas
3204 4488 3375 4548 nobis
3406 4486 3660 4567 ignoscit

2012 4579 2075 4640 in
2107 4579 2475 4659 baptismate.
2516 4603 2541 4633 α
2598 4576 2669 4638 Et
2716 4576 3091 4657 iniquitatem
3143 4594 3350 4637 eorum
3412 4592 3532 4635 non
3562 4592 3659 4635 re-

2012 4667 2304 4728 cordabor
2358 4667 2637 4748 amplius.
2696 4686 2725 4727 ι
2790 4664 3097 4746 Siquidem
3161 4682 3365 4726 earum
3412 4680 3543 4745 quae
3596 4662 3657 4724 in

2012 4754 2361 4837 baptismate
2392 4755 2657 4817 remissae
2708 4763 2870 4828 sunt,
2925 4771 3045 4814 non
3088 4750 3498 4814 reminiscitur
3525 4769 3657 4813 am-

2006 4844 2185 4926 plius.
2226 4843 2374 4906 «Per
2391 4845 2501 4906 hoc
2546 4842 2703 4925 quod
2737 4842 3179 4904 dicituovum.»
3215 4839 3368 4903 Illud
3402 4858 3657 4921 namque

2008 4934 2253 4997 omnino
2310 4934 2372 4994 in
2420 4950 2599 4995 causa
2645 4931 2781 5009 fuit,
2814 4948 2920 4992 cur
2946 4930 3059 4991 hoc
3080 4937 3392 4991 vocaretur
3412 4948 3652 5005 novum,

2014 5024 2272 5102 primum
2304 5031 2498 5085 autem
2528 5029 2716 5087 ictus.
2757 5045 2783 5074 α
2819 5022 3002 5083 Porro
3036 5017 3192 5100 quod
3222 5019 3561 5099 antiquatur
3588 5035 3657 5078 ac

2011 5113 2289 5175 senescit.
2331 5137 2354 5171 υ
2383 5113 2637 5191 Accepta
2658 5129 2814 5171 nunc
2846 5107 3129 5190 loquendi
3148 5106 3420 5169 libertate
3449 5126 3484 5169 a
3511 5124 3657 5186 pro-

2012 5202 2211 5281 pheta,
2242 5201 2420 5262 etiam
2474 5201 2602 5281 ipse
2660 5196 2926 5260 enuntiat
2957 5214 3248 5277 suamque
3278 5197 3392 5257 fert
3419 5202 3655 5257 senten-

2013 5291 2175 5352 tiam.
2213 5292 2358 5367 Hoc,
2407 5288 2619 5370 inquit,
2651 5305 2864 5350 novum
2912 5295 3024 5362 est,
3050 5286 3197 5348 illud
3219 5294 3417 5348 autem
3446 5292 3609 5346 vetus
3645 5301 3660 5344 :

2010 5397 2188 5460 porro
2206 5379 2359 5459 quod
2384 5380 2698 5441 veterascit
2719 5375 2843 5457 jam
2862 5374 3156 5439 emarcuit
3183 5396 3197 5439 :
3238 5374 3440 5457 itaque
3479 5372 3656 5436 etiam

2007 5468 2300 5548 rejectum
2354 5477 2465 5543 est,
2501 5474 2561 5528 et
2590 5484 2711 5547 prae
2743 5473 3055 5527 senectute
3084 5463 3467 5527 dissolutum.
3500 5463 3663 5525 Tan-
