4152 6216
280 327 403 397 369

1396 332 1790 397 COMMENT.
1836 327 1918 394 IN
1961 329 2205 393 EPIST.
2250 330 2353 392 AD
2394 332 2624 395 HEBR.

3546 327 3667 394 370

280 470 511 543 χρυσοῦν
581 465 931 542 θυμιατήριον
986 466 1074 523 καὶ
1130 467 1165 534 ἡ
1219 463 1445 530 κιϐωτὸς
1501 469 1598 530 τῆς
1645 462 1923 532 διαθήκης-

2012 476 2264 539 namque
2298 465 2423 521 erat
2476 459 2622 522 illud
2675 459 2778 521 ubi
2831 460 3005 521 situm
3057 465 3182 522 erat
3211 476 3444 522 aeneum
3479 458 3666 521 altare

289 571 317 611 ι
383 553 737 627 Δικαιώματα
794 552 1058 633 λατρείας.
1122 578 1144 612 υ
1213 553 1504 633 ,Τύμϐολα,
1554 552 1774 629 θεσμοὺς
1830 549 1934 606 λα-

280 642 467 720 τρειῶν
495 644 582 698 καὶ
624 644 823 723 εὐχῶν.
875 668 902 699 io
939 646 1008 702 Τό
1036 666 1094 700 τε
1140 644 1290 723 α’γιον
1336 644 1616 719 κοσμικόν.
1654 643 1709 700 ι’
1738 652 1936 715 Κοσμι-

281 734 377 786 κον
411 732 536 787 αὐτὸ
578 729 744 809 λέγει,
779 730 862 789 διὰ
903 735 963 789 τὸ
992 740 1151 789 πᾶσιν
1196 734 1389 799 ἐξεῖναι
1433 732 1670 793 εἰσιέναι,
1738 719 1934 806 υΑγιον

280 818 333 876 δὲ
363 820 770 881 ἒνταῦθακαλεϊ
824 825 914 878 τὸν
971 824 1094 878 ναὸν
1149 824 1389 901 εἰκότως,
1436 822 1488 879 ἐν
1673 821 1771 886 τὴν
1814 817 1929 874 λει-

280 909 526 986 τουργίαν
561 912 566 917 ’
596 908 926 967 ἀποδίδοσἿαι
1010 918 1087 986 τῴ
1143 919 1257 987 Θεῷ
1323 908 1642 982 συνέϐαινεν,
1703 910 1816 964 εἶτε
1847 910 1933 963 καὶ

277 998 379 1063 τὴν
405 999 633 1072 σκηνὴν,
667 997 848 1066 ἐπειδὴ
879 1001 1075 1068 ταύτην
1144 1001 1198 1057 ἐν
1272 999 1411 1066 τάξει
1467 1000 1561 1056 τοῦ
1628 998 1754 1054 ναοῦ
1797 996 1931 1073 πρό-

279 1108 429 1164 τερον
458 1088 646 1166 εἶχον,
691 1090 857 1151 οὕτως
941 1091 1105 1157 αὐτὴν
1162 1089 1468 1154 καλοῦντες.
1517 1090 1614 1146 Καὶ
1642 1094 1797 1144 τοῦτο
1826 1106 1931 1159 μαι

277 1178 392 1230 θεΐν
421 1175 563 1233 ἔστιν
608 1176 712 1232 ἀπὸ
782 1178 878 1245 τῆς
935 1178 1152 1256 πρώτης
1220 1179 1326 1235 τῶν
1390 1176 1681 1234 Βασιλειῶν
1753 1180 1933 1253 σαφῶς

279 1261 541 1341 λεγούσης
579 1282 592 1295 ’
651 1287 676 1320 ι
743 1268 840 1324 Καὶ
883 1267 1136 1342 Σαμουὴλ
1183 1267 1452 1325 ἐκάθευδεν
1481 1266 1533 1322 ἐν
1578 1271 1653 1340 τῷ
1674 1272 1782 1338 ναῷ
1824 1273 1931 1320 Κυ-

276 1354 420 1426 ρῖομ,
454 1353 515 1410 οὗ
542 1354 606 1421 ἦν
638 1356 669 1422 ἡ
699 1352 922 1419 κιϐωτὸς
952 1363 1044 1412 τοῦ
1077 1363 1227 1417 Θεοῦ,
1268 1380 1293 1410 η
1362 1358 1432 1413 Τὸ
1475 1355 1561 1411 οὖν
1608 1351 1783 1432 ἅγιον,
1816 1374 1928 1430 φη-

278 1442 384 1514 σὶν,
415 1441 501 1497 ἐπὶ
531 1448 629 1509 τῆς
662 1443 890 1507 παλαιᾶς
921 1443 1176 1515 διαθήκης
1218 1446 1283 1512 ἦν
1342 1446 1618 1520 κοσμικὸν,
1672 1442 1764 1497 ’ἕνα
1794 1437 1928 1515 εἴπῃ

278 1531 368 1587 ὅτε
401 1533 787 1589 κατεσκεύαστο
840 1537 866 1590 ὁ
897 1536 1019 1598 ναὸς
1087 1537 1159 1600 εἰς
1216 1535 1378 1591 τύπον
1433 1542 1524 1590 τοῦ
1552 1534 1778 1607 κόσμου.
1814 1534 1923 1584 Πε-

2019 546 2385 609 victimarum
2439 556 2495 608 et
2553 548 3090 610 holocautomatum
3122 569 3135 626 ;
3166 547 3496 610 secundum
3528 548 3667 624 hoc,

2019 635 2093 697 de
2120 655 2236 716 quo
2260 637 2351 698 ait
2386 658 2397 701 :
2433 637 2572 696 580
2601 637 2662 699 In
2696 657 2810 717 quo
2834 646 2961 698 erat
2982 638 3227 699 lucerna
3255 644 3313 715 et
3342 637 3671 719 propositio

2022 743 2237 805 panum
2270 726 2330 787 in
2363 726 2862 788 mensa.Tertium
2894 727 2955 788 in
2986 746 3103 808 quo
3123 744 3374 790 aureum
3402 726 3670 790 thuribu-

2020 813 2142 875 lum
2175 824 2234 877 et
2265 832 2399 875 arca
2429 816 2784 878 testamenti.
2828 840 2852 871 α
2887 814 3352 878 Justiﬁcationes
3383 815 3574 877 cultus
3602 834 3664 891 ;››

2016 903 2130 964 hoc
2160 910 2251 965 est
2283 902 2546 984 symbola
2576 924 2893 986 sacrosque
2920 904 3113 967 cultus
3143 905 3361 967 rituum
3414 913 3474 967 et
3502 911 3669 966 voto-

2016 1009 2171 1053 rum.
2213 992 2330 1053 «Ac
2364 1001 2633 1055 sanctum
2667 994 3096 1056 mundanum.»
3133 993 3493 1058 Mundanum
3525 992 3672 1055 dicit

2016 1079 2210 1160 ipsum
2241 1100 2311 1142 eo
2343 1082 2498 1162 quod
2529 1084 2807 1145 omnibus
2854 1084 3066 1146 liceret
3087 1083 3236 1145 illud
3267 1082 3523 1160 ingredi.
3558 1082 3669 1147 Hic

2015 1177 2211 1231 autem
2236 1172 2521 1251 templum
2556 1172 2767 1234 merito
2793 1181 2959 1235 vocat
2996 1180 3264 1234 sanctum
3313 1172 3373 1234 in
3406 1192 3523 1255 quo
3545 1171 3666 1234 Deo

2015 1258 2307 1321 sacriﬁcia
2339 1261 2765 1344 oﬁ‘erebantur,
2801 1263 2923 1325 sive
2973 1262 3151 1326 etiam
3188 1261 3665 1339 tabernaculum,

2015 1349 2292 1428 quoniam
2327 1350 2439 1410 hoc
2471 1351 2771 1415 habebant
2802 1352 3057 1433 primum
3099 1351 3160 1412 in
3187 1349 3397 1412 ordine
3435 1349 3664 1431 templi,

2012 1434 2093 1496 ita
2123 1437 2266 1499 illud
2295 1438 2682 1519 appellantes.
2714 1439 2897 1522 quue
2936 1440 3171 1503 discere
3202 1440 3343 1501 licet
3371 1458 3438 1501 ex
3472 1439 3664 1520 primo

2010 1523 2234 1604 Regum
2267 1527 2365 1608 qui
2395 1536 2603 1608 aperte
2634 1528 2780 1591 dicit
2824 1550 2837 1591 :
2885 1552 2908 1587 ιι
2942 1529 3013 1591 Ει
3044 1528 3281 1592 Samuel
3332 1526 3668 1590 dormiebat

276 1643 477 1687 ποιηκε
509 1621 607 1696 μὲν
637 1623 725 1677 οὖν
754 1625 782 1678 ὁ
813 1625 940 1687 Θεὸς
1000 1625 1090 1679 τὸν
1147 1625 1363 1702 οὒρανὸν
1422 1624 1509 1678 καὶ
1551 1623 1647 1688 τὴν
1681 1625 1803 1697 γῆν,
1853 1619 1925 1679 ὡς

2012 1613 2071 1702 in
2100 1613 2579 1695 templo'Domini
2603 1618 2662 1679 in
2685 1637 2802 1700 quo
2827 1626 2952 1681 erat
2968 1638 3106 1680 arca
3125 1617 3326 1681 Dei38.
3342 1616 3664 1679 nSanctum

276 1714 305 1766 ὁ
382 1713 607 1777 Minor“
668 1734 851 1791 φησιν,
926 1711 980 1767 ἐν
1079 1701 1250 1793 ἀρχῇ,
1366 1712 1581 1789 οὗρανὸν
1667 1709 1926 1777 ἀνώτερον

2012 1701 2186 1793 igitur
2214 1705 2273 1793 in
2309 1706 2493 1767 veteri
2521 1715 2875 1770 testamento
2900 1708 3411 1770 eratmundanum
3442 1729 3456 1778 ;
3484 1704 3667 1768 veluti

280 1798 474 1877 λέγων,
522 1807 590 1876 τῇ
609 1790 819 1877 δευτέρᾳ
884 1801 1079 1879 ἡμέρᾳ,
1285 1801 1551 1880 ὁρώμενον
1593 1808 1774 1857 τοῦτον
1832 1798 1926 1853 οἰ-

2012 1790 2264 1853 dicendo
2298 1795 2456 1874 quod
2491 1803 2855 1857 exstructum
2884 1796 3309 1877 erattemplum
3330 1795 3391 1856 in
3414 1794 3662 1875 ﬁguram

280 1891 435 1964 ρανὸν
484 1889 538 1944 ἐν
611 1889 757 1964 μέσῳ
808 1896 913 1945 13w
967 1887 1167 1945 ὑδάτων
1234 1892 1524 1956 ὑποστῆναι
1584 1885 1921 1965 παρασκευα-

2012 1881 2237 1942 mundi.
2303 1883 2465 1944 Fecit
2513 1883 2709 1964 itaque
2782 1884 2940 1947 Deus
3016 1884 3230 1947 coelum
3300 1893 3357 1947 et
3415 1893 3659 1957 terram,

277 1999 373 2042 σας
404 1994 417 2007 ⁸
466 1978 603 2035 ὥστε
647 1979 732 2034 καὶ
762 1978 1031 2054 ὖψωθέντα
1082 1978 1227 2057 ἔχειν
1281 1979 1366 2034 ἐπὶ
1410 1979 1562 2035 νότου
1620 1979 1685 2034 τὰ
1739 1972 1917 2031 ὕδατα.

282 2057 501 2145 "dare?
573 2070 658 2123 οὖν
716 2065 979 2143 σύμϐολον
1065 2075 1154 2124 τοῦ
1235 2068 1438 2143 κόσμου
1534 2064 1923 2122 κατασκευάσαι

279 2158 415 2212 κατα
446 2179 562 2212 τινα
599 2159 760 2213 τύπον
789 2164 973 2213 Mone?
1001 2156 1224 2213 κελεύων
1283 2160 1311 2212 ὁ
1365 2158 1518 2230 Θεὸς,
1576 2156 1662 2222 τὴν
1719 2152 1923 2223 σκηνὴν

278 2244 594 2324 προσέταξεν
652 2250 792 2320 αὒτῴ
825 2262 838 2276 ·
915 2269 940 2299 α
978 2243 1255 2322 Περίϐολον
1313 2247 1556 2315 ποιήσεις
1658 2243 1762 2298 ἀπὸ
1818 2246 1924 2296 τῶν

274 2335 793 2410 καταπετασμάτων,
844 2334 990 2410 μέσῳ
1046 2333 1418 2409 διειλημμένον
1490 2333 1673 2412 ἑτέρῳ.
1716 2353 1737 2386 ι
1776 2329 1925 2388 Οῧτω

274 2421 339 2490 δὴ
387 2426 476 2479 καὶ
506 2426 532 2479 ὃ
575 2426 699 2486 ναὸς
729 2425 865 2480 κατὰ
893 2425 980 2480 τὸν
1023 2424 1180 2479 αὒτὸν
1236 2422 1448 2502 ὕστερον
1503 2422 1711 2499 ἐγένετο
1740 2422 1925 2479 τύπον.

282 2517 379 2572 Καὶ
407 2515 475 2581 ἧν
506 2518 533 2570 ὁ
565 2520 666 2576 πᾶς
712 2514 864 2577 οἶκος
922 2513 1069 2589 μέσῳ
1140 2513 1515 2589 διειλημμένος
1547 2515 1738 2593 τοίχῳ,
1792 2513 1928 2568 ὥστε

310 2606 322 2620 ε
458 2604 472 2620 \
542 2603 556 2623 ν
634 2606 647 2621 ς
1080 2607 1101 2624 ν
1184 2601 1206 2620 λ
1367 2605 1378 2617 ι
1749 2602 1760 2617 ε
1851 2600 1874 2619 κ
1904 2602 1915 2617 ι

275 2625 367 2659 τον
414 2626 511 2677 μεν
537 2625 689 2667 εκτος
734 2616 914 2676 οτπον,
961 2603 1013 2660 ἐν
1063 2628 1108 2677 ῳ
1178 2617 1262 2659 ea?
1304 2625 1421 2668 τους
1489 2606 1650 2682 ἱερεῖς
1709 2625 1807 2669 την
1845 2622 1930 2656 οια

275 2698 385 2748 τῶν
426 2696 617 2749 θυσιῶν
676 2692 949 2771 θεραπείαν
1003 2695 1092 2750 καὶ
1160 2697 1264 2748 τῶν
1335 2691 1535 2749 λοιπῦν
1592 2690 1657 2758 δὴ
1714 2682 1924 2747 πάντων

275 2779 579 2838 ἀποδιδόναι
634 2787 713 2853 τῷ
781 2789 895 2856 Θεῷ
938 2779 1204 2838 συνέϐαινε
1260 2778 1526 2856 σύμϐολον
1584 2781 1725 2838 εἶναι
1796 2780 1923 2837 τού-

277 2892 370 2927 του
506 2881 597 2929 τοῦ
621 2873 737 2948 περὶ
781 2870 879 2948 γῆν
911 2872 1096 2950 τόπου,
1131 2868 1212 2950 ἐφ’
1283 2871 1344 2927 υῦ
1386 2869 1584 2948 διάγειν
1639 2880 1726 2927 νυν
1782 2872 1923 2943 ἡμᾶς

279 2958 579 3036 συμϐέϐηκε
615 2977 632 2991 ⁸
694 2961 784 3016 τὸν
843 2958 895 3015 δὲ
977 2958 1266 3040 ὶνόοτερον,
1314 2959 1368 3015 ἐν
1417 2964 1464 3035 ᾧ
1525 2962 1615 3016 τὸν
1679 2957 1926 3038 ἀρχιερέα

279 3050 419 3116 ἅπαξ
478 3050 639 3125 μόνον
695 3072 783 3106 νου
839 3048 1075 3109 ἐνιαυτοῦ
1128 3048 1343 3106 εἰσιέναι
1403 3049 1627 3127 ἐχρῆν,“
1667 3045 1927 3122 σύμϐολον

2009 1971 2510 2049 quemadmodum
2543 1976 2739 2035 Moses
2758 1973 3063 2056 dicit39ﬁn
3096 1973 3267 2035 initio
3293 1992 3306 2038 :
3331 1972 3548 2036 cmlum
3578 1971 3665 2034 di~

2007 2077 2148 2119 cens
2178 2063 2471 2139 superius,
2531 2062 2796 2125 secundo
2855 2063 2953 2125 die
3010 2062 3246 2125 visibile
3299 2062 3413 2123 hoc
3446 2059 3659 2123 ccelum

2007 2148 2311 2209 conditum
2367 2152 2741 2213 constituisse
2798 2153 2858 2213 in
2910 2151 3106 2214 medio
3139 2169 3452 2232 aquarum,
3486 2157 3662 2229 atque

2009 2237 2087 2297 ita
2117 2236 2337 2299 habere
2397 2239 2651 2302 elevatas
2715 2259 2895 2321 aquas
2934 2240 3005 2303 ad
3037 2249 3327 2303 austrum.
3354 2238 3658 2320 Tanquam

2012 2324 2340 2405 symbolum
2394 2327 2573 2407 igitur
2627 2329 2835 2390 mundi
2884 2329 3107 2410 jubens
3173 2328 3333 2390 Deus
3390 2329 3541 2390 Mosi
3600 2334 3663 2388 ut

2013 2424 2340 2477 exstrueret
2369 2417 2542 2497 juxta
2572 2426 2773 2499 typum
2806 2417 3124 2498 quemdam
3182 2414 3655 2489 tabernaculum,

2013 2505 2295 2584 praecepit
2323 2506 2377 2566 ei
2408 2506 2617 2568 dicens
2655 2530 2666 2566 :
2724 2529 2747 2564 α
2782 2506 2989 2570 Facies
3020 2505 3311 2587 porticum
3344 2523 3477 2585 quae
3506 2502 3659 2564 divi-

2012 2591 2185 2653 datur
2216 2593 2287 2655 ab
2309 2594 2499 2658 altera
2528 2596 2723 2658 media
2754 2615 2859 2678 per
2882 2597 3011 2657 vela
3041 2595 3163 2658 sive
3214 2593 3474 2656 cortinas
3503 2592 3589 2656 40.
3629 2615 3653 2652 ι

2012 2679 2096 2742 Ita
2117 2700 2258 2743 sane
2279 2684 2559 2764 templum
2585 2686 2752 2765 juxta
2774 2685 3048 2747 eumdem
3078 2690 3428 2767 sequentem
3461 2690 3659 2763 typum

2013 2771 2235 2834 factum
2268 2782 2375 2834 est.
2427 2773 2679 2857 Eratque
2737 2775 3074 2838 universum
3108 2774 3426 2837 zediﬁcium
3462 2769 3657 2833 medio

2014 2862 2238 2941 pariete
2268 2862 2547 2939 divisum,
2582 2873 2643 2924 ut
2672 2865 2932 2928 exterior
2961 2865 3200 2947 quidem
3232 2859 3574 2937 exstructio,
3597 2859 3659 2921 in

2010 2967 2124 3029 qua
2152 2950 2462 3031 Oportebat
2491 2954 2828 3015 sacerdotes
2846 2954 3066 3016 cultum
3095 2953 3524 3016 sacriﬁciorum
3546 2967 3656 3011 caa-

2012 3045 2391 3122 terurumque
2420 3042 2682 3103 omnium
2700 3043 2981 3105 exhibere
3004 3041 3488 3124 Deo,symbolum
3515 3055 3659 3102 sane

279 3147 388 3196 τῶν
444 3138 850 3217 ὑπερουρανίων,
911 3138 964 3194 ἐν
1020 3142 1104 3203 οἷς
1149 3140 1236 3195 τὸν
1309 3126 1731 3208 Θεὸνίέδόξαζον
1762 3137 1926 3193 οἰκεῖν

2013 3136 2167 3189 esset
2198 3130 2373 3209 hujus
2423 3132 2539 3194 loci
2592 3133 2692 3212 qui
2745 3133 2902 3194 circa
2934 3141 3147 3195 terram
3209 3140 3320 3208 est,
3356 3129 3457 3212 qui
3482 3126 3656 3190 nobis

281 3233 327 3287 οἱ
373 3227 636 3289 Ἰουδαίοι.
670 3262 738 3271 -
764 3251 791 3282 α
818 3228 1002 3295 Σκηνή
1022 3229 1121 3306 γὰρ
1163 3228 1555 3294 κατεσκευάσθη
1585 3228 1619 3294 ἦ
1651 3226 1858 3305 πρώτη.
1901 3248 1923 3277 ιι

282 3318 631 3399 [ΟΙΚυΥΜ.]
681 3329 836 3397 Τρεῖς
894 3316 1307 3394 ἐσημειωσάμην
1356 3319 1428 3382 εἷς
1484 3318 1582 3384 τὴν
1653 3313 1930 3373 Ὀκτάτευ-

280 3431 386 3489 χον
418 3408 620 3474 σκηνὰς
651 3406 808 3471 οὔσας
846 3423 859 3437 ⁸
893 3407 1017 3482 μίαν
1048 3407 1168 3485 μὲν,
1211 3409 1330 3486 περὶ
1364 3410 1444 3475 ,ἧς
1491 3428 1620 3486 φησι
1678 3427 1737 3460 το
1778 3404 1929 3481 ἅγιον

277 3499 560 3573 κοσμικὸν,
636 3496 753 3553 ἔνθα
834 3497 899 3564 ἧν
959 3498 1020 3553 τὸ
1082 3495 1319 3575 χαλκοῦν
1388 3496 1753 3573 θυσιαστήριον
1824 3499 1927 3549 τῶν

277 3589 763 3669 ὁλοκαυτωμάτων,
818 3590 906 3645 καὶ
983 3588 1138 3644 παντὶ
1195 3586 1314 3654 ἐξῆν
1385 3592 1462 3659 τῷ
1518 3585 1632 3661 λαῷ
1688 3583 1921 3656 εἰσιέναι,

276 3680 366 3734 καὶ
395 3679 488 3741 τὰς
520 3678 698 3741 θυσίας
768 3675 1031 3733 ἐπιτελεῖν
1068 3697 1080 3709 ·
1155 3674 1394 3754 δευτέραν
1439 3673 1515 3748 δὲ,
1549 3673 1668 3731 ἔνθα
1695 3684 1812 3738 τοὺς
1846 3674 1927 3728 ἱε-

283 3777 459 3845 ρεῦσιν
489 3766 610 3835 ἒξῆν
670 3767 751 3823 ἀεὶ
819 3768 910 3828 τὰς
954 3764 1194 3844 λατρείας
1251 3763 1539 3836 ἐπιτελεῖν,
1601 3763 1717 3820 ἔνθα
1773 3762 1838 3829 ἧν
1892 3763 1926 3828 ἡ

277 3856 480 3936 λυχνία
506 3857 596 3912 καὶ
626 3857 660 3924 ἡ
692 3855 944 3932 τράπεζα,
997 3856 1084 3910 καὶ
1140 3857 1175 3923 ἡ
1232 3854 1474 3933 πρόθεσις
1530 3854 1633 3909 τῶν
1706 3852 1875 3931 ἄρτων
1909 3865 1924 3879 '

276 3948 488 4025 τρίτην,
521 3944 643 4001 ἔνθα
710 3944 776 4012 ἦν
834 3946 895 3999 τὸ
942 3946 1285 4022 θυμιατήριον
1354 3945 1442 4000 καὶ
1485 3945 1519 4011 ἡ
1588 3940 1840 4017 κιϐωτρς,
1873 3939 1927 3996 ἐν

276 4038 315 4111 ᾗ
350 4032 489 4099 ἅπαξ
531 4033 623 4091 τοῦ
665 4032 900 4089 ἐνιαυτοῦ
931 4033 1098 4108 εἰσῄει
1129 4033 1288 4111 μόνος
1318 4034 1347 4088 ὁ
1391 4032 1688 4111 ἀρχιερεύς,
1732 4054 1751 4085 α
1784 4031 1928 4086 Μετὰ

279 4122 334 4180 δὲ
366 4125 426 4179 τὸ
456 4120 692 4201 δεύτερον
738 4120 1143 4196 καταπέτασμα.
1182 4143 1206 4176 ι
1269 4109 1414 4199 ’Ἄρα
1467 4123 1560 4175 οὒκ
1614 4119 1680 4188 ἧν
1722 4120 1775 4175 ἐν
1820 4119 1926 4194 μό-

279 4235 369 4268 νον
424 4212 830 4286 καταπέτασμα.
888 4212 1100 4277 Σκηνήν
1144 4207 1198 4265 δὲ
1242 4209 1520 4288 πανταχοῦ
1562 4207 1742 4281 καλεῖ,
1787 4209 1927 4285 παρὰ

280 4324 344 4358 το
375 4307 602 4366 σκηνοῦν
663 4300 801 4361 ἐκεῖ.
878 4321 900 4355 ι
965 4299 1074 4365 Τὴν
1130 4296 1354 4354 κιϐωτὸν
1421 4304 1518 4364 τῆς
1573 4296 1852 4367 διαθήκης.
1902 4322 1920 4351 ι

281 4391 395 4456 Τὴν
425 4388 677 4468 φέρουσαν
733 4390 798 4444 τὰ
853 4392 954 4454 τῆς
1012 4383 1265 4456 διαθήκης
1335 4383 1593 4461 σύμϐολα,
1644 4390 1761 4441 οἷον
1834 4387 1927 4447 τὰς

282 4477 490 4540 πλάκας
521 4484 614 4534 τοὺ
663 4484 848 4554 νειμοῦ,
903 4478 989 4532 καὶ
1031 4476 1097 4531 τά
1154 4474 1310 4534 ἄλλα.
1352 4499 1376 4528 ι
1431 4474 1522 4531 Ἐν

283 4572 484 4648 χρυσῆ,
523 4588 547 4621 ι
586 4567 761 4623 Πάντα
790 4574 954 4623 ταῦτα
994 4565 1060 4632 ἧν
1115 4563 1170 4619 ἐν
1226 4570 1292 4639 τῇ
1352 4560 1580 4637 κιϐωτῷ,
1614 4563 1714 4630 τὴν
1744 4563 1923 4640 ἀγνω-

278 4654 520 4730 μοσύνην
575 4661 679 4710 τῶν
756 4651 1016 4711 Ἰουδαῖων
1089 4650 1406 4731 ἐλέγχοντα.
1444 4642 1500 4708 Ὀ
1556 4650 1653 4725 μὲν
1711 4649 1921 4728 ράϐδος,

278 4742 366 4800 διὰ
393 4744 493 4809 τὴν
517 4753 610 4801 τοῦ
636 4742 841 4821 Ἀαρὼν
886 4741 1236 4798 ἐπανάστασιν
1273 4756 1286 4769 ⁶
1345 4743 1394 4795 αἱ
1438 4736 1492 4793 δὲ
1544 4737 1765 4812 πλάκες,
1841 4739 1924 4796 διὰ

278 4835 343 4889 τὸ
400 4832 659 4913 πρόφασιν
733 4831 971 4910 γενέσθαι
1049 4830 1167 4891 τοὺς
1264 4824 1537 4889 Ἰουδαίους
1606 4835 1932 4907 κατεαγῆναι

274 4923 374 4984 τὶς
404 4923 616 5000 πρώτας
653 4938 667 4952 ’
718 4925 778 4978 τὸ
834 4918 889 4976 δὲ
934 4919 1119 4997 μέννα,
1165 4915 1250 4973 διὰ
1309 4920 1371 4973 τὸ
1424 4916 1726 4995 τρώγοντας
1787 4918 1928 4977 ἀπο..

280 5010 583 5089 γογγύζειν.
641 5000 800 5067 ’Ἔδει
882 5009 972 5065 οὖν
1056 5008 1140 5064 καὶ
1197 5008 1271 5068 εἷς
1328 5004 1574 5083 ἐκγόνους
1647 5013 1807 5063 ταῦτα
1865 5010 1930 5065 τα

279 5087 523 5173 σύμϐολα
565 5102 1018 5179 παααπεμφθῆναι
1046 5098 1176 5173 πρὸς
1228 5092 1387 5175 φόϐον
1445 5095 1638 5156 αὐτῶν,
1681 5117 1703 5150 α
1744 5087 1930 5177 ’Υπερ-

279 5188 394 5243 ἀνω
423 5185 477 5242 δὲ
507 5190 692 5254 αὐτῆς,
754 5212 772 5241 ο
837 5191 947 5254 Τῆς
989 5182 1236 5245 κιὼτοῦ,
1303 5207 1329 5237 ιι
1366 5179 1623 5260 Χερουϐίμ
1679 5181 1856 5252 δόξης,
1894 5210 1918 5243 ι

282 5274 355 5343 ἢν
383 5276 449 5331 τα
478 5272 678 5355 ἔνδοξα,
726 5275 760 5343 ἢ
791 5276 854 5331 τὰ
924 5272 1047 5329 ὄντα
1096 5278 1196 5340 τῆς
1250 5269 1424 5338 δόξης,
1488 5271 1775 5348 τουτέστιν,
1836 5282 1926 5331 τοῦ

2014 3236 2174 3278 nunc
2201 3220 2449 3299 contigit
2503 3229 2564 3282 ut
2608 3222 2668 3282 in
2721 3240 2791 3284 eo
2824 3223 3158 3285 viveremus
3192 3243 3205 3284 :
3238 3220 3490 3282 interior
3517 3234 3655 3279 vero

2011 3306 2073 3368 in
2097 3326 2211 3387 qua
2242 3311 2577 3388 pontiﬁcem
2611 3311 2796 3372 semel
2818 3312 2878 3372 in
2901 3309 3298 3390 annoingredi
3319 3305 3655 3390 oportebat,

2012 3395 2341 3475 symbolum
2400 3398 2753 3473 cmlestium,
2815 3399 2877 3461 in
2920 3400 3137 3480 quibus
3166 3399 3353 3461 Deum
3385 3396 3660 3459 habitare

2014 3484 2430 3548 existimabant
2455 3487 2666 3548 Judaei.
2700 3522 2775 3531 —
2816 3512 2835 3543 ο
2869 3487 3173 3568 Siquidem
3208 3484 3654 3549 tabernaculum

2010 3583 2368 3635 exstructum
2400 3575 2509 3638 luit
2534 3577 2814 3658 primum.
2856 3603 2878 3634 ι»
2915 3576 3054 3638 Tria
3080 3575 3355 3637 annotavi
3384 3574 3446 3637 in
3474 3572 3652 3639 Octa-

2014 3665 2297 3727 teuchum
2355 3665 2536 3728 fuisse
2594 3666 3022 3730 tabernacula:
3073 3684 3257 3729 unum
3309 3666 3551 3748 quidem
3580 3666 3657 3730 de

2011 3773 2127 3834 quo
2144 3754 2226 3816 ait
2243 3753 2522 3817 Sanctum
2556 3755 3051 3836 mundanummbi
3072 3763 3200 3818 erat
3217 3774 3450 3819 aeneum
3470 3756 3659 3839 altare

2013 3844 2546 3908 holocautomatum
2572 3865 2586 3922 ;
2621 3856 2679 3909 et
2716 3846 2991 3909 universo
3020 3846 3239 3928 popqu
3271 3845 3501 3909 licitum
3532 3852 3660 3908 erat

2017 3932 2157 3993 illud
2180 3934 2415 4014 ingredi
2437 3955 2505 3998 ac
2526 3938 2739 3999 oiferre
2754 3936 3023 3999 victimas
3044 3960 3061 4011 ;
3083 3934 3413 3998 secundum
3431 3944 3654 4012 autem,

2011 4020 2072 4081 in
2102 4041 2218 4103 quo
2273 4025 2681 4087 sacerdotibus
2740 4025 2957 4089 licebat
2987 4043 3226 4108 semper
3249 4024 3442 4088 cultus
3472 4025 3656 4107 perﬁ-

1978 4130 1981 4135 '
2012 4129 2169 4188 cere,
2195 4113 2296 4173 ubi
2328 4124 2455 4177 erat
2483 4115 2727 4178 lucerna
2771 4124 2829 4177 et
2854 4134 3060 4178 mensa
3088 4134 3159 4179 ac
3191 4117 3514 4197 propositio
3547 4134 3657 4197 pa-

2012 4220 2176 4265 num.
2238 4204 2528 4279 Tertium,
2590 4204 2690 4266 ubi
2743 4211 2870 4267 erat
2900 4204 3263 4268 thuribulum
3296 4212 3354 4267 et
3388 4223 3564 4281 arca;
3596 4205 3659 4267 in

2013 4293 2170 4372 quod
2202 4292 2652 4373 ingrediebatur
2681 4297 2868 4358 s'emel
2903 4296 2963 4357 in
2990 4314 3148 4357 anno
3177 4294 3338 4357 solus
3370 4295 3655 4377 pontifex.

2017 4384 2192 4443 cPost
2220 4383 2547 4445 secundum
2579 4395 2773 4447 autem
2803 4385 3057 4447 velum.»
3098 4382 3254 4447 Sane
3276 4400 3394 4448 non
3417 4383 3656 4447 unicum

1697 4475 2137 4550 utipvowerat
2167 4472 2382 4534 velum.
2419 4472 2603 4535 Vocat
2656 4481 2853 4537 autem
2909 4473 3130 4554 ubique
3177 4476 3402 4545 σκηνήν,
3450 4473 3509 4536 id
3542 4479 3653 4550 est,

2007 4562 2324 4623 tentorium
2381 4563 2503 4623 sive
2556 4562 3025 4634 tabernaculum,
3084 4564 3190 4620 ἀπὸ
3245 4564 3337 4622 τοῦ
3406 4572 3654 4643 σκηνοῦν,

2008 4650 2068 4710 id
2102 4651 2296 4724 est,ab
2325 4651 2712 4714 inhabitando
2736 4652 2795 4713 in
2813 4650 2953 4713 illis.
2980 4658 3131 4710 88!
3180 4674 3204 4707 α
3238 4650 3450 4714 Arcam
3475 4660 3661 4716 testa-

2012 4740 2221 4801 menti.
2261 4766 2287 4797 »
2327 4740 2468 4813 Quae
2493 4739 2755 4822 symbola
2777 4739 3053 4803 servabat
3074 4739 3658 4823 testamenti,nempe

2016 4829 2243 4892 tabulas
2274 4830 2422 4910 legis
2468 4840 2526 4893 et
2579 4830 2716 4893 alia.
2758 4850 2785 4889 ι
2818 4829 2882 4893 In
2915 4848 3031 4911 qua
3058 4835 3187 4891 erat
3207 4845 3357 4890 urna
3382 4847 3584 4893 aurea.
3625 4856 3650 4892 ι

2012 4916 2226 4981 Omnia
2281 4920 2407 4983 baac
2463 4930 2633 4983 erant
2682 4920 2745 4982 in
2802 4938 2962 4993 arca,
3011 4917 3657 4999 quaaiugratitudinem

2010 5011 2435 5072 convincerent
2483 5009 2819 5071 Judaaorum
2857 5026 2870 5071 :
2904 5007 3066 5087 virga
3121 5008 3385 5090 quidem,
3419 5020 3663 5093 propter

2012 5098 2368 5160 seditionem
2399 5099 2458 5159 in
2491 5098 2859 5161 ordinatione
2887 5096 3087 5160 Aaron
3115 5118 3132 5174 ;
3167 5097 3381 5162 tabula
3401 5118 3561 5176 vero,
3584 5120 3656 5164 eo

2011 5187 2165 5270 quod
2186 5187 2379 5252 Judaei
2409 5188 2642 5251 occasio
2664 5187 2915 5272 fuissent
2935 5205 3043 5272 cur
3063 5188 3293 5272 priores
3312 5189 3658 5272 confringe-

2009 5268 2215 5333 rentur
2243 5288 2258 5345 ;
2283 5288 2496 5331 manna
2510 5278 2706 5332 autem
2729 5268 2865 5332 ideo
2888 5270 3044 5350 quod
3061 5268 3308 5331 edentes
3328 5268 3475 5332 illud
3500 5268 3661 5335 mur-

284 5370 440 5426 Θεοῦ,
505 5386 533 5417 α
595 5364 1017 5436 Κατασκιάζοντα
1094 5364 1154 5418 τὸ
1215 5359 1539 5438 ἱλαστήριον.
1585 5382 1607 5414 ο
1692 5368 1763 5417 [ιν
1828 5366 1926 5443 γὰρ

2012 5368 2367 5424 murassent.
2430 5356 2704 5438 Oportuit
2751 5358 2933 5439 igitur
2989 5366 3054 5418 ut
3108 5357 3234 5419 haec
3286 5356 3362 5420 ad
3412 5369 3659 5441 nepotes

283 5452 465 5509 ἐπάνω
518 5454 616 5518 τῆς
681 5450 931 5525 κιϐωτοῦ,
1003 5452 1192 5507 ὡσανεὶ
1246 5448 1477 5529 τράπεζά
1532 5470 1617 5512 τις
1655 5452 1925 5530 τετράγω-

2012 5467 2245 5532 quoque
2274 5467 2381 5530 pro
2409 5456 2635 5511 terrore
2656 5446 3215 5511 transmitterentur.
3244 5471 3271 5504 ι
3290 5444 3486 5531 supra
3505 5451 3658 5517 hanc

364 5608 482 5671 381
513 5607 658 5689 Reg.
696 5627 757 5686 ιι,
792 5612 850 5673 3.
936 5609 1000 5662 59
1027 5610 1178 5675 Gen.
1211 5611 1317 5689 1,11
1356 5625 1523 5689 seqq.
1611 5608 1673 5659 40
1701 5611 1891 5674 Exod.
1926 5627 2088 5683 xxv1.
2116 5610 2208 5689 4.,
