4152 6216
474 346 585 415 371

1613 344 2020 412 ἜΟΗΜΕΝΙΙ
2065 344 2359 407 ΤΗΙΟΟᾸΒ
2402 346 2738 411 EPISCOPI

3738 349 3858 416 372

477 490 702 559 autem,
735 503 760 544 ιι
799 501 1018 566 nempe
1048 501 1267 548 arcam.
1298 506 1323 539 α
1360 480 1678 546 Cherubim
1711 479 1931 561 gloriae,
1953 499 1995 566 ί»
2028 482 2118 537 aut

2207 497 2294 538 νος
2366 478 2561 556 χρυσῆ,
2622 477 2751 549 ὅπερ
2820 478 3123 560 ἱλαστήριον
3195 480 3442 540 ἐκαλεῖτο
3498 490 3731 541 τυποῦσα
3760 485 3857 540 τὸν

477 572 864 653 gloriosa,aut
882 565 1012 654 quia
1035 584 1208 635 erant
1231 571 1680 651 gloriaa,nempe
1705 567 1835 632 Dei.
1864 565 2128 629 uObum-

472 660 709 725 brantia
755 661 1249 743 propitiatorium.
1290 685 1317 716 ι
1352 658 1491 720 Erat
1524 658 1682 720 enim
1717 672 1897 737 super
1930 671 2124 743 arcam

474 752 636 813 velut
664 742 1152 831 quadrangularis
1177 746 1446 829 quaedam
1498 764 1706 808 mensa
1734 762 1935 819 aurea,
1968 742 2128 831 quod

474 830 950 920 propitiatorium
1005 837 1338 917 dicebatur,
1383 836 1640 915 figurans
1698 832 1992 895 Christum
2024 830 2127 912 qui

473 926 690 988 dicitur
714 925 887 988 nobis
902 925 1241 1007 propitiatio
1262 926 1315 975 4¹
1349 932 1408 987 et
1439 922 1769 1003 redemptio
1798 920 2037 985 “Alide
2069 924 2124 980 in

470 1014 677 1077 Exodo
730 1013 1246 1095 praescriptionem
1296 1013 1357 1074 in
1401 1011 1494 1073 his
1526 1012 1697 1073 locis.
1736 1035 1762 1066 α
1802 1010 1880 1072 De
1911 1008 2127 1095 quibus

472 1121 591 1165 non
626 1094 927 1165 estnunc
984 1094 1330 1165 dicendum.
1371 1125 1395 1159 »
1432 1098 1566 1162 Vult
1622 1099 1939 1161 ostendere
1968 1094 2125 1178 quod

2214 567 2458 641 Χριστὸν,
2504 567 2624 648 Δ,τὸν
2681 566 2969 645 λεγόμενον
3027 570 3165 645 ἡμῖν
3234 570 3460 648 ἱλασμὸν
3517 572 3605 628 καὶ
3661 571 3859 629 ἀπολύ-

2210 675 2422 733 τρωσιν,
2501 646 2645 735 υΟρα
2714 660 2811 725 τὴν
2870 657 2924 714 ἐν
2980 665 3049 735 τῇ
3109 657 3308 735 Ἐξόδῳ
3362 646 3750 740 παραγραφὴν,
3804 661 3858 717 ἐν

2210 754 2323 807 τοῖς
2394 746 2511 823 περὶ
2580 745 2780 802 τούτων
2810 747 3024 811 τόποις.
3084 771 3110 802 ιι
3156 750 3277 827 Περὶ
3327 752 3401 805 ὧν
3460 750 3554 805 οῦκ
3604 747 3712 805 ἔστι
3770 760 3855 809 νῦν

2210 828 2404 909 λέγειν,
2472 857 2498 887 io
2558 832 2708 889 Θέλει
2761 831 2934 901 δεῖξαι
3004 834 3085 892 ὅτι
3161 838 3444 916 αἰνίγματά
3512 859 3627 894 τινα
3669 836 3737 905 ἧν
3792 841 3859 895 τὰ

2209 920 2469 998 ὁρώμενα,
2502 924 2588 979 καὶ
2616 923 2770 980 τύποι
2804 931 2909 980 τῶν
2953 923 3237 991 ἀληθινῶν.
3272 930 3380 985 Οὔκ
3448 926 3587 983 ἔστιν
3616 926 3705 982 οῦν
3735 936 3846 1007 νῦν,

2208 1010 2356 1088 φησὶ,
2395 1011 2529 1067 κατά
2560 1011 2714 1090 μέρος
2765 1010 2946 1090 λέγειν
3027 1015 3145 1093 περὶ
3202 1014 3395 1076 αιότῶν.
3459 1013 3724 1072 Πλειόνων
3756 1017 3855 1095 γὰρ

2207 1095 2408 1154 δέονται
2438 1097 2637 1176 λόγων,
2670 1101 2705 1168 ἢ
2735 1103 2868 1157 κατᾶ
2898 1103 2997 1169 τὴν
3028 1105 3291 1181 παροῦσαν
3321 1104 3515 1181 ὁρμήν,

469 1192 786 1270 enigmata
839 1191 1109 1272 quaedam
1157 1198 1327 1253 erant
1373 1208 1445 1250 ea
1496 1208 1627 1271 qua;
1679 1187 2034 1250 videbantur
2085 1202 2173 1273 ac
2202 1184 2404 1264 ﬁgure
2434 1204 2730 1249 verorum.
2774 1187 2904 1251 Non
2948 1189 3118 1252 datur
3147 1189 3324 1270 igitur
3364 1208 3522 1252 nunc
3551 1191 3764 1273 inquit,
3794 1198 3861 1253 ut

470 1281 812 1361 singulatim
830 1280 1061 1361 deipsis
1075 1281 1417 1362 loquamur:
1442 1278 1711 1359 pluribus
1740 1277 1899 1339 enim
1923 1272 2303 1358 opushabent
2325 1277 2709 1338 sermonibus
2728 1297 2906 1359 quam
2930 1280 3204 1360 praesenti
3231 1280 3505 1361 expediat
3530 1283 3853 1361 proposito.

549 1369 643 1447 IX,
673 1370 733 1444 6,
758 1371 821 1432 7.
848 1371 958 1431 His
987 1377 1189 1432 autem
1233 1371 1314 1431 ad
1333 1368 1493 1430 hunc
1515 1368 1763 1430 modum
1780 1366 2120 1436 ordinatis,

2292 1388 2319 1419 α
2365 1373 2573 1423 Τοῦτων
2633 1364 2693 1422 δα
2761 1367 2923 1433 οὕτως
3021 1370 3542 1446 κατεσκευασμένων,
3606 1372 3679 1433 εἷς
3758 1370 3855 1447 μὲν

468 1462 537 1519 in
558 1458 737 1538 prius
757 1457 997 1536 quidem
1027 1455 1485 1519 tabernaculum
1508 1472 1746 1535 semper
1767 1455 2118 1533 ingrediun-

2207 1454 2303 1520 τὴν
2358 1455 2573 1534 πρώτην
2657 1457 2861 1524 σκηνὴν
2945 1455 3228 1523 διαπαντὸς
3317 1460 3533 1516 εἰσίασιν
3593 1462 3639 1515 0i
3695 1462 3857 1539 ἱερεῖς

469 1531 949 1627 ιιιιῖεαοενῖιοιεε,
980 1549 1087 1627 qui
1139 1546 1456 1608 sacrorum
1498 1531 1656 1607 ritus
1675 1531 1971 1623 peragant
2006 1560 2019 1601 :
2055 1543 2118 1602 in

2204 1542 2297 1605 τὰς
2350 1531 2589 1613 λατρείας
2672 1544 3055 1619 ἐπιτελοῦντες,
3148 1549 3220 1610 είς
3304 1545 3357 1603 δὲ
3426 1549 3526 1615 τὴν
3581 1531 3848 1628 δευτέραν,

466 1636 798 1697 secundum
827 1643 1031 1697 autem
1061 1634 1244 1699 semel
1300 1640 1625 1714 quotannis
1653 1633 1815 1695 solus
1842 1633 2123 1712 pontifex

468 1741 591 1786 non
619 1725 749 1785 sine
777 1730 1103 1805 sanguine,
1135 1740 1309 1804 quem
1341 1722 1513 1802 offert
1541 1741 1654 1804 pro
1696 1724 1892 1802 seipso
1923 1728 1977 1782 et
2006 1737 2121 1800 pro

462 1813 678 1893 populi
707 1814 1098 1889 ignorunliis.

550 1901 627 1963 Et
656 1899 737 1962 ita
767 1900 944 1962 ﬁebat
971 1910 1036 1963 ut
1074 1921 1151 1965 ne
1200 1902 1472 1965 viderent
1502 1902 1744 1983 quidem
1771 1899 1960 1963 Judaei
1989 1914 2119 1978 quas

469 1990 1072 2070 ﬁerent,prohibente
1104 1992 1164 2053 id
1194 1992 1348 2055 velo.
1380 1992 1583 2074 Itaque
1613 2010 1730 2052 non
1762 1991 1947 2066 magis
1975 1986 2120 2067 ipsis

469 2077 811 2141 serviebant
857 2099 1031 2160 quam
1064 2079 1181 2142 illis
1211 2081 1427 2162 quibus
1449 2080 1972 2162 ‘praaﬁgurabatur,
2008 2077 2121 2137 hoc

468 2175 560 2229 est
591 2166 788 2230 nobis.
827 2187 856 2228 ι
889 2167 1086 2231 Semel
1110 2170 1425 2251 quotannis
1442 2170 1601 2232 solus
1625 2163 2119 2250 pontifex.»Quo-

476 2256 635 2317 niam
669 2255 1009 2319 offendebat
1033 2258 1195 2339 ipsos
1218 2277 1352 2321 cum
1385 2259 1639 2321 infantes
1682 2256 1875 2318 adhuc
1898 2261 2119 2324 essent,

476 2344 632 2427 quod
653 2344 827 2407 unica
851 2346 1066 2409 Christi
1115 2347 1357 2411 victima
1379 2348 1635 2426 potuerit
1664 2346 1893 2408 solvere
1918 2340 2124 2404 mundi

472 2441 736 2515 peccata,
770 2435 1030 2496 ostendit
1046 2437 1203 2516 quod
1220 2436 1281 2498 in
1305 2437 1488 2498 veteri
1512 2453 1748 2517 quoque
1771 2438 2121 2495 testamento

467 2521 530 2586 id
549 2521 749 2596 fuerit,
782 2522 939 2603 quod
966 2532 1091 2587 erat
1116 2526 1307 2605 ﬁgura
1329 2526 1490 2588 novi.
1539 2524 1601 2586 In
1645 2522 1845 2585 Exodo
1876 2520 1979 2583 ubi
2007 2520 2118 2581 ha-

2202 1630 2339 1697 ἅπαξ
2424 1643 2515 1693 τοῦ
2571 1633 2827 1709 ἐνιαυτοῦ,
2887 1635 3048 1710 μόνος
3106 1638 3134 1692 ὁ
3209 1636 3483 1717 ἀρχιερεὺς
3567 1637 3627 1691 οῦ
3681 1639 3849 1717 χωρὶς

2202 1720 2456 1801 αἵματος,
2488 1723 2515 1776 ὃ
2547 1722 2825 1802 προσφέρει
2854 1724 2986 1803 ὑπὲρ
3045 1725 3252 1799 ἑαυτοῦ,
3315 1727 3401 1781 καὶ
3453 1730 3557 1781 τῶν
3601 1734 3695 1783 τοῦ
3722 1724 3854 1781 λλοῦ

2201 1808 2582 1885 ἀγνοημάτων.
2620 1836 2646 1866 ιο

2285 1900 2380 1954 Καὶ
2410 1897 2675 1956 συνέϐαινε
2745 1903 2866 1966 τοὺς
2928 1899 3199 1967 Ἰουδαίους
3231 1904 3366 1977 μήτε
3426 1904 3548 1982 ὁρᾷν
3605 1905 3850 1982 τὰαγινό-

2203 2007 2353 2059 μενα,
2415 1986 2724 2066 διείργοντος
2767 2000 2859 2050 τοῦ
2929 1992 3424 2066 καταπετάσματος.
3540 1981 3688 2048 Ὠστε
3760 1997 3854 2051 οὐκ

2203 2074 2419 2140 ἐκείνοις
2450 2076 2649 2153 μᾶλλον
2716 2078 2806 2157 ἧν,
2879 2079 2915 2147 ἢ
2971 2083 3057 2142 οἷς
3127 2087 3508 2161 προετυποῦτο,
3582 2081 3852 2137 τουτέστιν

2204 2155 2339 2239 ἦμϊν
2402 2190 2429 2220 α
2481 2156 2664 2231 ”Απαξ
2721 2155 2811 2224 τοῦ
2864 2172 3101 2225 ἐνιαυτοῦ
3165 2155 3325 2243 μόνος
3386 2171 3414 2225 ὁ
3469 2155 3765 2249 ἀρχιερεύς.
3822 2192 3844 2225 ι

2210 2252 2426 2322 Ἐπειδὴ
2486 2256 2801 2333 προσίστατο
2859 2258 3036 2320 οὗτοτς
3126 2255 3201 2312 ἔτι
3259 2257 3468 2324 νηπίοις
3526 2258 3663 2331 οὖσι,
3735 2265 3852 2321 πῶς

2208 2340 2401 2422 ἴσχυσε
2435 2352 2526 2418 μία
2580 2346 2727 2401 θυσία
2782 2347 2816 2413 ἦ
2875 2354 2967 2402 τοῦ
3023 2352 3271 2424 Χριστοῦ,
3330 2346 3575 2425 ρύσασθαι
3632 2349 3726 2412 τας
3757 2358 3850 2407 τοῦ

2204 2432 2404 2507 κόσμου
2433 2434 2688 2512 ἁμαρτίας
2726 2453 2741 2508 ;
2777 2435 3012 2490 Δείκνυσι
3038 2436 3126 2492 καὶ
3152 2437 3210 2491 ὲν
3271 2441 3340 2512 τῇ
3408 2433 3609 2491 παλαιά
3692 2443 3846 2494 τοῦτο

2202 2521 2279 2595 ὂν,
2317 2519 2427 2587 ἥτις
2470 2526 2506 2589 ἦ
2547 2523 2708 2588 τύπος
2742 2524 2838 2591 τῆς
2895 2524 3040 2587 νέας.
3103 2521 3195 2581 Ἐν
3251 2530 3318 2601 τῇ
3364 2521 3557 2598 Ἐξὸδῳ
3624 2523 3677 2580 ἐν
3724 2539 3844 2589 τοῖς

476 2610 696 2673 bentur
715 2609 842 2673 hinc
865 2611 1247 2689 loca,dicitur
1266 2612 1321 2656 ‘3
1340 2614 1497 2694 quod
1529 2613 1621 2675 bis
1642 2610 1887 2691 singulis
1907 2609 2117 2670 diebus

2204 2610 2316 2687 περὶ
2344 2610 2538 2667 τούτων
2582 2611 2764 2674 τόποις
2822 2613 2972 2692 φησὶ,
3019 2610 3098 2667 ὅτι
3152 2609 3225 2674 δὶς
3269 2617 3367 2680 τῆς
3422 2612 3623 2692 ἡμέρας
3674 2614 3847 2690 εἰσῄει

474 2697 923 2778 ingrediebatur
944 2701 1206 2782 pontifex
1226 2704 1438 2765 Sancta
1449 2698 2118 2776 sanctorum,oblaturus

2206 2699 2233 2752 ὁ
2266 2696 2538 2777 ἀρχιερεὺς
2616 2713 2731 2763 τοῖς
2791 2698 2989 2779 Ἀγίοις
3041 2707 3147 2755 τῶν
3200 2701 3361 2778 ἁγίων
3395 2701 3707 2782 Δθυμιιιὶσων,
3742 2702 3845 2757 Γέ-

473 2785 809 2887 incensum.
863 2778 1161 2887 Scriptum
1215 2799 1305 2854 est
1358 2800 1554 2854 autem
1596 2787 1952 2887 lioc_modo:
1995 2811 2013 2842 ι
2054 2785 2118 2847 Et

2206 2807 2433 2863 γραπται
2462 2784 2517 2842 δὲ
2561 2786 2726 2851 οὕτως
2777 2804 2789 2817 ’
2828 2806 2859 2847 (
2904 2790 3000 2846 Καὶ
3049 2789 3291 2863 θυμιάσει
3321 2778 3409 2845 ἐπ’
3471 2788 3650 2865 αὐτοῦ,
3699 2810 3851 2846 τουτ-

474 2873 740 2937 adolebit
763 2894 944 2957 super
972 2878 1181 2943 illud.)
1223 2892 1457 2961 (nempe
1481 2896 1662 2961 super
1676 2878 1857 2939 altare
1878 2893 2118 2936 aureum

2207 2874 2367 2961 έστιν,
2456 2875 2541 2932 ἐπὶ
2609 2886 2700 2935 τοῦ
2752 2876 2951 2955 χρυσοῦ
3004 2878 3345 2953 Θυμιατηρίο)
3388 2879 3417 2933 ὃ
3484 2877 3551 2945 ἦν
3620 2878 3674 2934 ἐν
3726 2890 3844 2941 τοῖς

474 2962 706 3026 incensi
729 2953 885 3045 quod
909 2975 1037 3028 erat
1083 2968 1145 3029 in
1177 2953 1406 3032 Sanctis
1423 2953 1790 3044 sanctorum)
1813 2969 2009 3028 Aaron
2038 2964 2118 3024 in-

2212 2953 2405 3041 Ἀγίοις
2476 2971 2582 3020 τῶν
2632 2953 2820 3044 ἁγίων)
2901 2969 2929 3021 ὁ
2998 2964 3202 3044 Ἀαρὼν
3269 2965 3502 3042 θυμίαμα
3559 2968 3846 3031 συνθέσεως

478 3069 726 3115 censum
757 3056 1201 3137 compositionis
1233 3058 1612 3120 comminutae
1646 3078 1659 3117 :
1703 3072 1933 3137 summo
1964 3052 2118 3114 dilu-

2207 3050 2403 3120 λεπτῆς
2434 3055 2494 3109 τὸ
2536 3057 2680 3132 πρωϊ
2714 3058 2858 3131 πρωϊ
2891 3054 3015 3111 ὅταν
3070 3054 3384 3132 ἐπισκευάς-η
3440 3055 3559 3118 τοὺς
3589 3053 3842 3136 λύχνους,

473 3140 637 3215 culo,
672 3142 908 3222 quando
962 3146 1324 3226 adaptaverit
1355 3148 1627 3209 lucernas
1655 3136 1917 3208 adolebit
1944 3160 2118 3222 super

2207 3142 2445 3216 θυμιάσει
2511 3142 2592 3198 ἐπ’
2664 3144 2840 3200 αὐτοῦ.
2914 3145 3011 3201 Καὶ
3080 3142 3205 3199 ὅταν
3276 3144 3420 3220 ἅτττῇ
3468 3144 3664 3223 Ἀαρὼν
3719 3145 3841 3208 τοὺς

466 3228 641 3306 illud,
674 3236 734 3290 et
760 3234 995 3312 quando
1054 3236 1395 3298 accenderit
1449 3242 1646 3300 Aaron
1677 3236 1815 3296 582
1847 3232 2118 3292 lucernas

2204 3228 2424 3309 λύχνους
2468 3234 2528 3286 τὸ
2558 3231 2656 3306 ὀψὲ
2700 3232 2939 3307 θυμιάσει
2982 3234 3216 3308 θυμίαμα
3245 3231 3639 3313 ἐνδελεχισμοῦ.
3668 3256 3694 3287 ι
3725 3240 3847 3296 Πῶς

466 3317 704 3407 vesperi
732 3320 994 3385 adolebit
1025 3323 1337 3387 incensum
1392 3334 1766 3407 perpetuum.
1810 3322 2117 3399 Quomodo

465 3427 607 3491 ergo
640 3406 720 3469 ait
751 3409 863 3473 hoc
887 3412 1016 3475 loco
1051 3412 1220 3476 divus
1241 3406 1480 3489 Paulus,
1518 3436 1548 3474 α
1574 3414 1773 3477 Semel
1803 3414 2118 3496 quotannis

465 3498 629 3562 solus
650 3500 958 3584 pontifex?
1023 3526 1044 3559 ι
1079 3502 1153 3564 Ει
1181 3502 1436 3565 dicimus
1473 3504 1631 3585 quod
1663 3523 1797 3566 cum
1830 3504 2118 3582 sanguine

470 3588 711 3669 quidem
744 3590 1190 3670 ingrediebatur
1217 3592 1403 3654 semel
1435 3595 1745 3673 quotannis
1780 3612 1793 3652 :
1828 3592 2116 3672 quemad-

468 3679 710 3742 modum
736 3681 915 3743 etiam
938 3681 1219 3763 praedicto
1246 3682 1432 3744 Exodi
1451 3683 1579 3745 loco
1599 3682 1852 3745 dicitur:
1880 3684 1950 3744 ad
1975 3682 2111 3745 ado-

460 3766 705 3830 lendum
738 3771 1001 3845 vero,bis
1030 3770 1243 3834 diebus
1259 3772 1535 3852 singulis.
1572 3772 1805 3836 Etenim
1824 3774 1998 3833 etiam
2022 3770 2118 3833 hic

394 3866 407 3873 ‘
458 3855 623 3918 addit
658 3874 672 3919 :
712 3876 742 3916 ι
774 3857 902 3920 Νοη
935 3860 1066 3922 sine
1097 3860 1516 3939 sanguine,»id
1539 3868 1628 3922 est
1647 3879 1780 3921 cum
1804 3860 2115 3939 sanguine;

461 3951 526 4004 ut
556 3944 633 4006 sit
666 3947 778 4007 iste
807 3964 1021 4009 sensus
1053 3965 1067 4010 :
1094 3947 1288 4011 Semel
1323 3948 1641 4029 quotannis
1689 3948 1949 4028 pontifex
1982 3967 2117 4009 cum

2201 3320 2287 3375 οὖν
2317 3318 2430 3376 οῦδέ
2455 3343 2613 3402 φησιν
2657 3324 2684 3377 ὁ
2713 3320 2862 3399 ἅγιος
2895 3320 3121 3402 Παῦλος,
3188 3344 3212 3378 (ι
3251 3312 3433 3387 "Arrcti
3476 3329 3567 3378 τοῦ
3609 3321 3847 3379 ἐνιαυτοῦ

2202 3408 2359 3483 μόνος
2392 3412 2419 3465 ὁ
2450 3409 2723 3489 ἀρχιερεύς
2759 3430 2773 3489 ;
2829 3434 2854 3464 α
2891 3411 2989 3467 Καί
3016 3432 3211 3489 φαμεν,
3271 3410 3351 3465 ὅτι
3405 3412 3541 3485 μετά
3613 3408 3844 3486 αἵματος

2200 3498 2298 3571 μὲν
2327 3496 2463 3563 ἅπαξ
2507 3498 2670 3573 εἰσῄει
2727 3505 2821 3554 τοῦ
2873 3498 3131 3579 ἐνιαυτοῦ,
3206 3502 3276 3565 ὡς
3334 3501 3420 3555 καὶ
3483 3498 3537 3553 ἐν
3593 3499 3734 3573 αῦτῴ
3764 3508 3843 3573 τῷ

2200 3584 2348 3659 τόπῳ
2375 3591 2473 3653 τῆς
2503 3584 2711 3651 Ἐξόδου
2738 3589 2887 3667 φησὶ,
2950 3589 3229 3663 Θυμιάσων
3299 3585 3376 3663 δὲ,
3421 3585 3496 3651 δὶς
3552 3588 3648 3656 τὰς
3693 3588 3836 3663 ἡμέ-

2200 3696 2315 3750 ρας,
2354 3677 2448 3732 Καὶ
2475 3677 2574 3754 γὰρ
2605 3677 2693 3732 καὶ
2734 3675 2835 3732 ὧδέ
2864 3698 3045 3755 φησιν,
3106 3701 3129 3731 ιι
3168 3677 3238 3733 Οὔ
3289 3678 3454 3756 χωρὶς
3511 3675 3764 3756 αἵματος,
3804 3700 3832 3731 ι

2199 3763 2453 3843 τουτέστι,
2488 3766 2619 3840 μετά
2665 3765 2917 3845 α”ματος,
2974 3764 3156 3841 ivx-(5
3221 3764 3388 3830 οὕτως
3424 3782 3437 3795 ⁸
3510 3755 3685 3832 "Aan
3746 3774 3838 3823 τοῦ

2198 3852 2434 3911 ἐνιαυτοῦ
2491 3857 2519 3909 ὁ
2586 3854 2869 3933 ἀρχιερεὺς
2958 3854 3091 3929 μετά
3187 3854 3442 3929 α’ἷματος,
3546 3858 3606 3913 οῦ
3705 3858 3840 3930 μετά

2195 3941 2545 4039 θυμιάματος.
2603 3966 2622 3995 ιι
2687 3944 2759 3999 Οὒ
2816 3944 2982 4022 χωρὶς
3040 3942 3296 4017 α’ἷματος.
3330 3963 3359 4002 )
3425 3944 3569 3999 Μετὰ
3623 3944 3835 4021 θυσιῶν,

462 4033 751 4112 sanguine
779 4053 898 4096 non
929 4054 1061 4098 cum
1094 4018 1364 4101 incenso:
1389 4062 1415 4093 α
1439 4036 1568 4099 Non
1601 4018 1730 4098 sine
1761 4038 2110 4117 sanguine:

2204 4028 2377 4106 φησίν.
2427 4018 2600 4087 υιὲστε
2669 4032 2757 4087 καὶ
2810 4033 2870 4087 τὸ
2943 4038 3035 4088 τοῦ
3092 4030 3345 4112 αἵματος,
3392 4033 3554 4097 τύπος
3622 4032 3687 4099 ἧν
3742 4042 3837 4090 τοῦ

458 4111 604 4183 Cum
631 4122 915 4205 victimis,
943 4124 1155 4205 inquit.
1178 4124 1382 4207 Itaque
1400 4127 1457 4188 id
1478 4126 1651 4188 etiam
1683 4125 1838 4206 quod
1863 4111 1936 4186 de
1968 4144 2103 4188 san-

2204 4124 2442 4195 Χριστοῦ.
2481 4138 2523 4207 α.
2571 4111 2647 4177 ιὈ
2717 4119 2995 4200 προσφέρει
3064 4120 3192 4199 ὑπὲρ
3262 4111 3473 4183 ἑαυτο),
3541 4144 3565 4176 ι
3622 4127 3833 4177 Παντα-

456 4209 638 4288 guine
660 4209 828 4293 dicit,
854 4200 1074 4275 Christi
1105 4200 1303 4293 ﬁgura
1322 4223 1486 4276 erat:
1519 4239 1545 4269 α
1572 4200 1759 4285 Quem
1806 4214 1977 4275 offert
2006 4233 2109 4294 pro

2278 4214 2298 4223 ν
2510 4200 2523 4219 ε
2614 4209 2625 4221 ι
3031 4212 3040 4223 ι
3253 4207 3276 4228 κ
3390 4211 3403 4227 \
3553 4211 3566 4228 \
3640 4207 3663 4228 λ

2204 4228 2303 4286 χου
2347 4210 2432 4282 τὸ,
2532 4217 2667 4287 Γπερ
2720 4208 2929 4281 ἑαυτου,
2991 4212 3185 4284 τίθησι,
3247 4226 3447 4273 οεικνυς
3516 4232 3578 4265 το
3634 4224 3826 4290 οιαφο-

459 4297 681 4379 seipso.
698 4323 717 4355 ι
749 4298 981 4382 Ubique
1011 4301 1196 4379 addit,
1221 4302 1332 4364 Pro
1356 4303 1579 4384 seipso,
1604 4301 1925 4363 ostendens
1943 4303 2113 4365 Chri-

2204 4316 2287 4373 ρον
2307 4306 2399 4354 τοῦ
2428 4304 2652 4375 Χριστοῦ
2692 4297 2777 4353 καὶ
2835 4300 2923 4353 τοῦ
2992 4298 3133 4375 παρὰ
3193 4296 3455 4361 Ἰουδαίοις
3512 4298 3828 4378 ἀρχιερέως.

452 4386 530 4448 sti
560 4388 978 4453 excellentiam
1003 4408 1182 4471 supra
1211 4383 1555 4469 pontiﬁcem
1579 4389 1940 4453 Judaaorum.
1979 4417 2004 4447 ι
2041 4391 2111 4453 Ει

2204 4406 2226 4437 α
2268 4388 2360 4441 Καὶ
2390 4391 2494 4440 τῶν
2537 4386 2628 4441 τοῦ
2655 4383 2805 4458 λαοῦ,
2836 4389 3013 4465 φησὶν,
3065 4386 3438 4464 ἀγνοημάτων.
3478 4410 3502 4443 ι
3541 4389 3636 4444 Καὶ
3693 4385 3832 4442 ’ἐνθεν

454 4492 564 4556 pro
598 4478 804 4557 p0puli
834 4477 1213 4557 ignorantiis.
1245 4505 1267 4537 ο
1297 4480 1492 4545 Etiam
1523 4480 1664 4543 hinc
1695 4478 2105 4542 excellentiam

449 4564 707 4627 ostendit
718 4568 875 4646 quod
888 4566 1392 4650 victimasquidem
1406 4568 1731 4632 secundum
1746 4567 1936 4647 legem
1950 4568 2109 4631 obla-

450 4660 660 4733 tae,pro
680 4654 1033 4733 ignorantiis
1057 4657 1460 4720 offerebantur
1476 4679 1489 4718 :
1507 4656 1925 4720 eondonabant
1946 4657 2104 4718 enim

445 4749 693 4821 peccata
710 4762 844 4823 quae
867 4763 975 4826 per
997 4746 1393 4825 ignorantiam
1407 4745 1722 4809 commissa
1734 4751 1920 4807 crant:
1941 4743 2107 4807 Chri-

443 4828 692 4916 sti_\_r_ero
722 4832 980 4916 victima,
1008 4834 1187 4916 etiam
1219 4854 1350 4916 quas
1379 4836 1640 4899 scientes
1672 4832 2104 4896 commisimus.

548 4854 692 4892 vero
722 4854 980 4916 vicuma,
1008 4854 1187 4897 euam
1260 4855 1350 4898 uae
1379 4854 1640 4899 scientes
1672 4854 2104 4896 commnsrmus.

523 4908 629 4984 IX,
660 4912 839 4977 8-l0.
870 4913 1033 4977 Illud
1059 4854 1450 4996 signiﬁcate
1469 4916 1710 4997 Spiritu
1730 4919 1937 4975 sancto
1958 4932 2106 4976 non-

444 4997 588 5061 dum
623 5004 1079 5082 manifestatam
1118 5021 1241 5066 esse
1285 5012 1643 5068 sanctorum
1687 5004 1875 5075 viam,
1911 5002 2107 5065 adhuc

434 5089 648 5167 priore
679 5090 1067 5155 tabernaculo
1098 5094 1510 5157 consistente:
1551 5111 1683 5171 qua:
1709 5098 1849 5153 erat
1877 5092 2101 5154 simili-

441 5176 590 5240 ιηάο
618 5178 698 5241 ad
741 5186 973 5261 tempus
1022 5181 1184 5263 quod
1233 5182 1527 5259 instabat,
1560 5180 1891 5245 secundum
1919 5198 2102 5261 quam

436 5263 604 5328 dona
631 5276 694 5329 et
723 5270 1026 5351 sacriﬁcia
1055 5269 1492 5352 offerebantur,
1524 5288 1662 5352 quae
1682 5289 1802 5333 non
1814 5279 2103 5352 poterant

433 5351 617 5427 iuwla
635 5358 1071 5421 conscientiam
1083 5360 1417 5439 perfectum
1433 5351 1689 5422 reddere
1711 5351 2100 5436 éultorem,iu

432 5439 587 5504 cibis
602 5442 910 5508 duntaxat
932 5451 991 5509 et
1026 5447 1394 5526 potionibus,
1418 5456 1475 5511 et
1487 5448 1747 5511 diversis
1762 5448 2097 5515 ablutioni-

2191 4474 2252 4527 τὸ
2280 4471 2522 4553 διάφορον
2565 4471 2840 4549 δείκνυσιν,
2876 4473 2956 4529 ὅτι
3016 4476 3065 4529 αἱ
3096 4475 3193 4549 μὲν
3246 4477 3382 4532 κατα
3435 4475 3595 4551 νόμον
3638 4476 3829 4545 θυσίαι,

2188 4561 2315 4639 ὑπὲρ
2384 4561 2737 4639 ἀγνοημάτων
2808 4561 3211 4642 προσεφέροντο.
3274 4566 3347 4621 Τὰ
3390 4565 3489 4643 γὰρ
3542 4562 3597 4618 ἐν
3651 4563 3836 4639 ἀγνοίᾳ

2189 4651 2521 4729 συνεχώρουν
2564 4652 2939 4729 ἁμαρτήματα,
2986 4654 3021 4719 ἡ
3051 4650 3104 4708 δὲ
3163 4653 3385 4732 Χρίστοῦ
3438 4652 3607 4732 θυσία,
3641 4653 3728 4707 καὶ
3769 4652 3837 4707 τὰ

2189 4737 2241 4794 ἐν
2286 4738 2502 4816 γνώσει.

2280 4938 2300 4970 ι
2342 4924 2505 4974 Τοῦτο
2602 4916 2886 4985 δηλοῦντος
2981 4928 3072 4977 τοῦ
3157 4920 3454 4995 Πνεύματος
3508 4926 3600 4977 τοῦ
3657 4921 3830 4999 ἁγίου,

2188 5007 2265 5079 μή
2324 5028 2411 5061 πω
2475 5010 2869 5085 πεφανερῶσθαι
2953 5007 3052 5074 τὴν
3149 5008 3251 5065 τῶν
3329 5009 3494 5085 ἁγίων
3519 5006 3667 5098 Ἀὁδὸν

2186 5097 2283 5162 τῆς
2371 5095 2587 5174 πρώτης
2660 5100 2863 5164 σκηνῆς
2916 5095 3149 5176 ἐχούσης
3249 5098 3449 5157 στάσιν.
3523 5095 3659 5160 Ἠτις
3717 5120 3828 5153 πα-

2185 5184 2384 5264 ραϐολὴ
2455 5189 2526 5252 εἰς
2577 5191 2667 5245 τὸν
2742 5190 2920 5268 καιρὸν
3000 5191 3089 5244 τὸν
3189 5188 3508 5256 ἐνεστηκότα
3575 5189 3693 5245 καθ’
3762 5190 3830 5256 ἦν

2183 5273 2324 5354 δῶρά
2380 5298 2436 5332 τε
2491 5300 2580 5334 και
2651 5278 2819 5337 Θυσίαι
2903 5277 3309 5358 προσφέρονται,
3400 5279 3476 5353 μὴ
3547 5276 3827 5354 δυνάμεναι

2183 5368 2318 5421 κατὰ
2454 5364 2748 5433 συνειδησιν
2879 5364 3158 5422 τελειῶσαι
3289 5370 3378 5423 τὸν
3485 5365 3825 5447 λατρεύοντα,

2182 5456 2344 5531 μόνον
2408 5455 2492 5511 ἐπὶ
2580 5456 2822 5533 βρώμασι
2905 5453 3000 5511 καὶ
3112 5456 3316 5531 πόμασι
3400 5456 3486 5513 καὶ
3557 5453 3831 5533 διαφόροις

3674 5056 3690 5089 ,
3753 5008 3830 5065 ἔτι

519 5610 576 5662 ﬂ
609 5613 785 5678 Joan.
815 5630 879 5690 u,
913 5611 976 5675 2.
1064 5613 1122 5665 4³
1153 5616 1178 5679 Ι
1209 5614 1344 5680 Cor.
1377 5632 1423 5689 ι,
1455 5615 1555 5679 30.
1642 5617 1705 5668 4³
1733 5616 1922 5687 Exod.
1951 5638 2093 5700 xxx,
2125 5625 2228 5687 10.
