4152 6216
477 332 594 409 375
1603 347 2017 416 (ECUMENII
2059 345 2354 411 TRICC/E
2394 352 2727 417 EPISCOPI
3742 349 3860 418 376

988 491 1150 546 εει
1195 480 1439 548 CAPUT
1483 482 1611 546 XII.

2830 495 3082 550 ΚΕΦΑΛ.
3118 479 3224 553 m'.

478 587 571 652 De
623 592 924 678 sanguine
973 590 1200 678 Christi
1257 591 1323 652 in
1360 608 1476 678 quo
1515 590 2113 678 condebaturnovum

2212 614 2240 646 α
2274 596 2397 673 Περὶ
2424 605 2516 655 τοῦ
2544 595 2772 673 α’ίματος
2804 604 2895 654 τοῦ
2923 605 3148 678 Χριστοῦ
3190 598 3244 655 ἐν
3301 605 3347 673 ᾦ
3403 596 3468 665 ἧν
3536 598 3572 666 ἡ
3604 596 3697 653 νέα
3737 595 3853 653 δια-

560 670 1111 757 τεειατξιεηιιιηι,ιιιιὶ
1132 670 2113 757 veraminduci/puriﬁcationem,

2283 670 2446 757 θήκη,
2480 674 2560 732 ὅυι
2590 670 2744 734 τοῦτο
2773 670 2982 745 ἀληθὲς·
3014 679 3294 757 καθάρσιον
3320 670 3330 673 τ
3353 678 3570 756 εἰσάγει,
3617 682 3676 736 οὒ
3703 679 3768 734 τὰ
3797 677 3852 733 ἐν

557 767 682 813 non
707 749 1052 832 frequentia
1076 750 1377 832 sacriﬁcia
1423 768 1561 832 quae
1585 749 1811 832 ﬁebant
1838 767 1951 831 per
1977 766 2113 811 san-

558 831 807 893 ouinem
837 830 1224 893 animalium.
1468 848 1473 854 ·

2288 749 2475 830 αἵμοσι
2504 756 2653 827 ζώων
2698 756 2958 822 πολλάκις
3002 749 3420 840 προσερερόμενα.
3471 749 3499 813 ί

554 848 807 911 guinem
837 848 1199 893 ammauum
1210 875 1224 889 .

554 943 656 1008 IX.
680 947 899 1011 11-12.
920 948 1004 1010 At
1032 946 1310 1010 Christus
1325 965 1463 1010 cum
1476 948 1817 1010 accessisset
1830 947 2122 1028 ponti/"em

470 1031 823 1112 futurorum
855 1034 1145 1099 bonorum
1170 1054 1285 1116 per
1323 1037 1526 1116 majus
1555 1045 1610 1098 et
1660 1036 1991 1116 perfectius
2023 1042 2121 1098 ta-

474 1120 865 1188 bernaculum
910 1143 1035 1188 non
1062 1127 1502 1204 manufactum,
1551 1125 1657 1187 hoc
1680 1133 1909 1187 estnon
1944 1123 2124 1203 hujus

473 1212 832 1275 creationis:
853 1231 1048 1293 neque
1057 1232 1166 1295 per
1181 1216 1540 1294 sanguinem
1559 1213 1869 1276 hircorum
1880 1232 1951 1276 ac
1971 1213 2126 1275 vitu-

472 1297 699 1378 lorum,
726 1302 832 1364 sed
840 1320 953 1382 per
964 1303 1290 1384 proprium
1310 1304 1674 1383 sanguinem
1695 1304 2008 1384 ingressus
2036 1307 2125 1363 est

471 1388 656 1451 semel
684 1395 753 1453 in
778 1380 1038 1466 Sancta,
1073 1380 1305 1454 interna
1336 1380 1745 1470 redemptione
1765 1380 2036 1453 inventa.

2201 1382 2413 1437 αἰωνίαν
2442 1380 2697 1463 λύτρωσιν
2721 1384 3021 1463 εὑρόμενος,
3074 1409 3100 1440 ι

552 1479 702 1541 Cum
735 1477 810 1540 ob
841 1479 979 1557 hoc,
1012 1479 1226 1561 inquit,
1260 1466 1631 1556 accessisset,
1685 1478 1759 1540 ob
1792 1480 1905 1540 hoc
1933 1479 2113 1540 factus

2283 1466 2403 1561 Ἐπὶ
2456 1472 2648 1545 τούτῳ,
2722 1475 2872 1552 φησὶ,
2925 1474 3350 1553 παραγενόμενος
3409 1474 3494 1530 ἐπὶ
3551 1482 3625 1549 τῷ
3684 1474 3845 1553 γενέ-

472 1573 564 1629 est
591 1566 852 1647 pontifex
905 1576 971 1630 ut
1003 1557 1179 1632 etiam
1236 1568 1535 1631 victimam
1599 1567 1860 1631 oﬂ‘erret.
1895 1568 1972 1628 At
2002 1586 2113 1628 non

2201 1561 2316 1647 σθαι
2349 1557 2622 1639 ἀρχιερεὺς
2664 1563 2750 1618 καί
2782 1561 3122 1639 προσενέγκαι
3165 1563 3225 1617 τὸ
3280 1564 3438 1638 θῦμα.
3512 1560 3699 1621 Ἀλλὰ⁹
3754 1564 3849 1619 οὒκ

472 1646 641 1729 dixit,
692 1655 1034 1731 Victimam,
1083 1657 1188 1719 sed
1221 1657 1282 1719 in
1313 1657 1576 1719 medium
1610 1657 1879 1737 proferre
1917 1655 2113 1716 volens

2202 1646 2350 1727 εἶπε,
2380 1651 2451 1706 Τὸ
2479 1652 2636 1724 θῦμα,
2684 1650 2793 1717 Τὴν
2840 1649 2899 1705 ἐκ
2944 1651 3035 1707 τοῦ
3088 1651 3315 1726 θυμάτος
3386 1649 3441 1706 δὲ
3498 1654 3837 1730 παραστῆσαι

471 1742 720 1805 salutem
753 1763 886 1826 quae
914 1763 988 1808 ex
1017 1746 1256 1809 victima
1271 1746 1558 1825 consequi
1579 1735 1751 1818 solet,
1783 1745 1863 1806 ait
1890 1764 1903 1803 .-
1938 1769 1960 1800 ιι
1996 1746 2113 1807 Fu-

2201 1735 2463 1815 σωτηρίαν
2504 1737 2845 1826 βουλόμενος,
2912 1739 3040 1818 φησί
3073 1754 3086 1769 ⁸
3159 1762 3187 1794 α
3234 1744 3349 1796 Τῶν
3379 1739 3676 1817 γενομένων
3707 1740 3846 1819 ἀγα-

470 1837 741 1894 turorum
774 1824 1066 1896 bonorum
1093 1852 1113 1909 ;
1150 1859 1172 1893 ι)
1208 1834 1271 1895 in
1293 1852 1400 1896 nos
1419 1824 1718 1896 videlicet.
1744 1858 1771 1889 α
1806 1834 1918 1895 Per
1933 1834 2113 1913 majus

2200 1826 2302 1895 θεον
2340 1840 2354 1855 '
2406 1849 2432 1878 ι
2481 1829 2552 1890 εἷς
2583 1828 2724 1902 ἡμᾶς
2754 1824 3020 1893 δηλονότι.
3080 1850 3109 1883 α
3174 1829 3269 1884 Διὰ
3326 1832 3424 1893 τῆς
3495 1828 3733 1902 μείζονος
3760 1828 3849 1884 καί

470 1926 530 1982 et
555 1921 876 2000 perfectius
904 1921 1378 1985 tabernaculum.
1413 1948 1435 1983 ι)
1473 1921 1693 1986 Christi
1723 1941 1937 2003 corpus
1952 1911 2113 1984 vocat

2200 1911 2523 1992 τελειοτέρας
2581 1921 2807 1983 σκηνῆς.
2847 1938 2870 1973 ι)
2949 1918 3164 1985 Σκηνὴν
3246 1918 3307 1972 τὸ
3391 1923 3547 1992 σῶμα
3625 1924 3847 1995 Χριστοῦ

468 1999 942 2085 tabernaculum,
1000 2029 1070 2072 eo
1127 2010 1286 2091 quod
1340 2010 1402 2072 in
1432 2012 1562 2092 ipso
1610 1999 1900 2079 inhabitet
1927 2010 2113 2072 omnis

2202 1999 2368 2080 λέγει,
2414 2001 2497 2059 διὰ
2529 2006 2588 2059 τὸ
2620 2003 2673 2059 ἐν
2730 2007 2871 2080 αὗτῷ
2925 2005 3293 2079 κατῳκηκέναι
3350 2011 3454 2062 πᾶν
3484 2008 3544 2062 τὸ
3574 2004 3843 2085 πλήρωμα

2291 959 2315 989 ιι
2352 940 2572 1015 Χριστὸς
2600 937 2655 994 δὲ
2724 943 3152 1019 παραγενόμενος
3209 940 3488 1022 ἀρχιερεὺς
3538 946 3643 996 τῶν
3712 938 3849 1016 μελ-

2202 1024 2403 1083 λόντων
2499 1028 2731 1105 ἀγαθῶν,
2791 1027 2875 1085 διὰ
2927 1035 3027 1098 τῆς
3100 1029 3336 1105 μείζονος
3395 1032 3482 1086 καὶ
3524 1028 3849 1110 τελειοτέρας

2202 1119 2403 1182 σκηνῆς
2498 1117 2556 1173 οὐ
2637 1120 3037 1197 χειροποιήτου,
3127 1119 3416 1192 τουτέστιν,
3494 1119 3553 1174 οὗ
3650 1120 3846 1185 ταύτης

2202 1208 2298 1269 τῆς
2329 1206 2571 1279 κτίσεῶς,
2642 1204 2756 1261 οὐδὲ
2804 1205 2873 1262 δι’
2929 1208 3159 1284 αἵματος
3218 1209 3426 1286 τράγων
3478 1210 3566 1264 καὶ
3598 1208 3845 1288 μόσχων.

2207 1292 2303 1348 Διὰ
2331 1290 2384 1347 δὲ
2414 1315 2506 1349 του
2532 1292 2658 1351 ἰδίου
2688 1293 2919 1371 αἵματος
2950 1295 3189 1363 εἰσῆλθεν
3219 1294 3422 1375 ἐφαπαξ
3455 1299 3527 1362 εἰς
3550 1298 3617 1353 τὰ
3648 1286 3845 1376 ιἈγια,

467 2095 774 2177 plenitudo
802 2097 1126 2162 divinitatis
1149 2099 1539 2181 corporaliter
1558 2101 1638 2158 45.
1675 2101 1865 2180 Majus
1894 2107 2116 2174 autem,

471 2202 542 2247 eo
571 2186 728 2266 quod
776 2188 937 2250 Deus
975 2186 1087 2249 sit:
1140 2188 1466 2269 perfectius
1495 2207 1634 2249 vero
1666 2207 1737 2250 eo
1768 2188 1926 2269 quod
1952 2188 2024 2249 ad
2056 2206 2121 2250 se

468 2273 825 2339 accedentes
885 2277 1173 2356 perﬁciat.
1234 2300 1258 2333 ιι
1294 2276 1422 2339 Non
1473 2277 1893 2338 manufactum.
1936 2299 1958 2335 ι
1990 2275 2119 2337 Non

468 2364 546 2425 ad
575 2362 992 2438 imitationem,
1024 2366 1239 2447 inquit,
1270 2364 1503 2428 Judaici
1550 2366 1937 2428 tabernaculi.
1972 2364 2118 2426 Nam

468 2450 584 2514 hoc
611 2452 744 2515 loco
774 2454 1225 2517 tabernaculum
1249 2474 1366 2517 non
1391 2454 1784 2516 manufactum
1808 2453 2120 2534 appellavit

473 2546 741 2603 naturam
773 2542 1305 2626 humanam,quam
1329 2544 1594 2624 suscepit
1620 2544 1891 2606 Christus
1911 2543 2117 2604 Domi-

470 2647 610 2694 nus.
640 2628 847 2712 Neque
874 2632 1036 2694 enim
1068 2633 1408 2714 nuptiarum
1431 2632 1607 2694 modo
1630 2640 1867 2712 paratus
1885 2633 2119 2716 est‘tha-

469 2716 660 2781 lamus
689 2719 990 2801 nuptialis,
1034 2722 1139 2784 sed
1170 2716 1605 2784 sanctissimus”
1639 2721 1894 2802 Spiritus
1926 2723 2121 2782 taber-

2202 2097 2299 2158 τῆς
2337 2093 2587 2159 θεότητος
2656 2101 2996 2169 σωματικῶς,
3057 2095 3278 2166 Μείζονα
3333 2094 3412 2168 δὲ,
3459 2092 3543 2150 διὰ
3585 2098 3645 2150 τὸ
3716 2098 3844 2152 Θεὸν

2203 2182 2344 2236 εἶναι
2382 2199 2395 2211 ⁸
2442 2180 2768 2260 τελειοτέραν
2810 2181 2888 2261 δὲ,
2916 2180 3000 2239 διὰ
3042 2185 3102 2239 τὸ
3158 2182 3389 2240 τελειοῦν
3445 2184 3566 2247 τοὺς
3630 2206 3851 2264 προσερ-

2202 2268 2465 2349 χομένους
2512 2273 2670 2345 αὐτῷ.
2712 2295 2739 2325 α
2774 2274 2847 2329 Οὐ
2874 2274 3279 2352 χειροποιήτου.
3325 2296 3347 2327 s
3402 2272 3472 2330 Οὒ
3503 2275 3637 2329 κατὰ
3669 2279 3844 2350 μίμη-

2201 2382 2303 2432 σιν,
2378 2361 2528 2439 φησὶ,
2586 2367 2684 2429 τῆς
2751 2361 2893 2441 παρὰ
2967 2360 3231 2426 Ἰουδαίοις
3297 2366 3525 2428 σκηνῆς.
3589 2360 3845 2423 Ἐνταῦθα

2201 2451 2300 2529 γὰρ
2370 2453 2572 2516 σκηνὴν
2650 2450 3084 2530 ἀχειροποίητον,
3142 2451 3241 2518 τὴν
3302 2451 3624 2529 ἀνθρωπείαν
3694 2451 3845 2531 φύσιν

2201 2537 2468 2613 ἐκάλεσεν,
2501 2539 2564 2605 ἢν
2591 2536 2838 2597 ἀνέλαϐεν
2894 2542 2922 2595 ὁ
2988 2540 3264 2606 Δεσπότης
3319 2538 3565 2619 Χριστός,
3641 2542 3714 2597 Οὐ
3743 2541 3843 2620 γὰρ

2201 2630 2334 2685 κατὰ
2380 2629 2606 2706 γαμικὸν
2679 2628 2957 2706 γεγένηται
3015 2630 3207 2706 γάμον,
3269 2627 3407 2684 ἀλλὰ
3455 2630 3514 2685 τὸ
3585 2629 3843 2707 πανάγιον

2201 2722 2412 2792 Πνεῦμα
2456 2717 2554 2783 τὴν
2596 2717 2801 2784 σκηνὴν
2841 2719 3212 2778 κατεσκεύασε,
3274 2719 3344 2775 Τὸ
3387 2716 3460 2791 δὲ,
3524 2739 3547 2771 ιι
3598 2718 3670 2774 Οὐ
3710 2719 3841 2773 ταύ-

466 2807 747 2870 naculum
772 2810 1081 2873 exstruxit.
1114 2808 1282 2882 Quod
1313 2819 1508 2873 autem
1542 2810 1622 2871 ait
1657 2831 1669 2872 :
1732 2832 1754 2867 ιι
1777 2808 1905 2870 Non
1935 2809 2113 2888 hujus

2200 2826 2291 2871 της
2319 2809 2418 2872 τῆς
2448 2806 2689 2885 κτίσεως,
2727 2829 2754 2861 at
2790 2805 2902 2862 ἀντὶ
2948 2813 3061 2876 τοῦ,
3128 2809 3200 2864 Οὒ
3247 2806 3381 2862 κατὰ
3452 2808 3610 2881 νόμον
3640 2807 3841 2885 φύσεως

465 2895 810 2972 creationis,
847 2916 878 2958 ›
908 2897 1022 2960 hoc
1052 2906 1143 2961 est
1171 2918 1291 2961 non
1315 2900 1484 2979 juxta
1516 2898 1705 2977 legem
1738 2906 1961 2958 naturae
1984 2916 2113 2978 quae

2200 2898 2291 2960 τῆς
2321 2894 2374 2950 ἐν
2416 2900 2485 2970 τῇ
2515 2895 2679 2951 κτίσει
2749 2893 3192 2971 πολιτευομένης.
3259 2918 3286 2949 ιι
3348 2897 3420 2952 Οὒ
3474 2897 3669 2961 ταύτης
3738 2892 3839 2962 τῆς

465 2985 530 3046 in
561 2993 835 3048 creatura
892 2997 1182 3052 versatur.
1219 3012 1247 3044 α
1280 2989 1412 3051 Non
1473 2988 1652 3068 hujus
1699 2986 2040 3052 creationis.
2076 3011 2105 3045 ι

2200 2983 2434 3046 κτίσεως.
2489 3003 2513 3038 ι)
2577 2985 2647 3040 Τὸ
2706 2989 2862 3058 σῶμα
2916 2990 3161 3063 Χριστοῦ,
3222 2986 3307 3039 καὶ
3363 2984 3556 3051 ταύτης
3632 2984 3697 3051 ἦν
3740 2989 3838 3050 τῆς

465 3073 695 3155 Corpus
722 3074 942 3139 Christi
997 3083 1058 3139 et
1094 3078 1273 3158 hujus
1333 3086 1459 3139 erat
1505 3076 1849 3151 creationis,
1884 3082 1943 3137 et
1992 3096 2110 3138 non

2200 3072 2429 3137 κτίσεως,
2478 3072 2565 3128 καὶ
2610 3071 2668 3127 οὒ
2723 3073 2942 3139 ταύτης.
3006 3074 3211 3139 Ταύτης
3270 3072 3389 3148 μὲν,
3448 3074 3583 3129 κατὰ
3614 3074 3674 3128 τὸ
3716 3071 3839 3129 ’ίσον

464 3136 666 3243 hujus.
726 3136 940 3245 sunt
969 3136 1267 3249 quid—eiii:
1299 3136 1898 3248 οξίῖιιίόίῖἓέάυεῐιε
1952 3136 2109 3228 esset

2200 3161 2333 3217 εἶναι
2376 3163 2463 3218 καὶ
2511 3159 2595 3218 διὰ
2662 3162 2873 3219 πάντων
2921 3161 3107 3238 ὅμοιον
3163 3169 3240 3237 τῷ
3289 3164 3426 3237 ἦμετ
3448 3161 3548 3236 έρω
3604 3162 3835 3241 σώματι,

464 3260 524 3314 et
551 3270 660 3334 per
715 3253 917 3316 omnia
969 3254 1162 3319 simile
1217 3264 1418 3318 nostro
1469 3256 1750 3338 corpori:
1785 3274 1903 3317 non
1936 3255 2109 3335 hujus

2200 3252 2249 3307 οὐ
2279 3252 2471 3318 ταύτης
2502 3248 2580 3324 δὲ,
2639 3251 2775 3307 κατὰ
2830 3253 2890 3307 τὸ
2963 3249 3109 3331 ἔχειν
3166 3252 3483 3331 ἆσυγχύτως
3540 3252 3625 3306 καὶ
3673 3248 3838 3305 ἀδιαι-

459 3358 627 3417 vero,
664 3360 736 3405 eo
763 3342 919 3424 quod
971 3363 1088 3406 non
1120 3346 1368 3408 confuse
1397 3364 1509 3409 nec
1555 3337 1969 3427 s’eparabiliter
1997 3343 2107 3406 ad-

2200 3339 2352 3419 οέτως
2383 3342 2481 3408 τὴν
2509 3340 2756 3406 θεότητα.
2788 3342 2858 3397 Τὸ
2887 3340 2973 3397 οὖν
3042 3339 3318 3419 εἰρημένον
3360 3347 3437 3414 τῷ
3494 3337 3831 3418 Ἀποστολῳ,

451 3429 720 3512 junctam
779 3431 1052 3496 habuerit
1107 3432 1500 3498 divinitatem.
1552 3435 1693 3496 385
1733 3433 1896 3507 Quod
1932 3432 2112 3512 igitur

2200 3433 2264 3487 Οὐ
2319 3430 2512 3497 ταύτης
2587 3429 2682 3497 τῆς
2735 3429 2973 3503 κτίσεως,
3036 3427 3175 3494 δέξαι
3229 3431 3302 3492 ὡς
3359 3430 3488 3507 πρὸς
3558 3429 3619 3484 τὸ
3690 3427 3836 3507 ἔχειν

459 3517 533 3583 ab
562 3520 846 3602 Apostolo
893 3520 1116 3585 dictum
1155 3532 1267 3599 est,
1313 3524 1442 3587 Non
1466 3525 1641 3605 hujus
1661 3522 2002 3596 creationis,
2033 3520 2110 3582 ad

458 3609 575 3672 hoc
602 3609 827 3672 referas
854 3611 1010 3693 quod
1042 3612 1411 3678 divinitatem
1438 3613 1737 3688 habuerit,
1772 3629 2105 3694 quanquam

456 3699 658 3780 ipsum
685 3717 829 3761 sane
857 3718 1071 3781 corpus
1099 3701 1162 3763 in
1193 3722 1258 3765 se
1288 3703 1558 3784 ejusdem
1580 3709 1736 3765 esset
1767 3698 2110 3763 substantiae

461 3804 598 3852 cum
628 3795 830 3850 nostro
859 3806 1133 3869 corpore.
1158 3791 1275 3854 Aut
1297 3793 1451 3874 quod
1478 3808 1596 3853 non
1616 3798 1778 3853 esset
1798 3790 1926 3870 ejus
1949 3806 2108 3849 crea-

456 3881 608 3937 turas
633 3875 760 3938 sive
791 3875 1079 3948 materias,
1139 3879 1311 3960 cujus
1370 3888 1499 3942 erat
1526 3878 1971 3941 tabernaculum
1999 3876 2108 3939 Ju-

459 3962 746 4026 daaorum.
778 3960 1066 4036 Quoniam
1102 3966 1264 4029 enim
1323 3967 1769 4031 tabernaculum
1798 3974 2109 4028 vocaverat

457 4051 677 4115 Christi
727 4070 966 4132 corpus,
1032 4071 1181 4135 opus
1231 4055 1342 4118 fuit
1391 4055 1738 4138 hujusmodi
1792 4056 2106 4117 verborum

453 4139 928 4222 praescriptione.
1002 4160 1032 4201 ι
1063 4143 1268 4225 Neque
1300 4164 1407 4226 per
1435 4145 1782 4225 sanguinem
1808 4145 2107 4205 hircorum

452 4246 521 4292 ac
550 4228 892 4292 vitulorum.
929 4254 958 4286 ι
994 4229 1137 4303 Quae
1160 4234 1404 4297 Judaica
1429 4242 1675 4297 erantet
1712 4251 1817 4315 per
1847 4252 1977 4314 quae
2013 4232 2104 4293 in-

453 4317 840 4399 grediebatur
853 4318 1114 4400 pontifex
1127 4321 1189 4383 in
1213 4321 1428 4386 Sancta
1447 4331 1812 4386 sanctorum.
1827 4322 2109 4383 a/Eterna

2191 3519 2290 3585 τὴν
2316 3522 2565 3586 θεότητα.
2604 3509 2695 3581 ιδὶς
2725 3518 2785 3574 τό
2813 3540 2875 3596 γε
2944 3525 3099 3596 σῶμα
3130 3520 3254 3574 αὐτὸ
3308 3515 3423 3574 καθ’
3455 3516 3603 3594 αὐτὸ,
3638 3517 3838 3591 ὁμοού-

2190 3628 2302 3663 σιον
2356 3607 2420 3674 ἦν
2474 3613 2551 3680 τῷ
2618 3589 2882 3686 ἦμετέρίρ,
2949 3589 3145 3664 ’,Η-ὅτι
3217 3609 3310 3665 οὒκ
3361 3605 3428 3673 ἦν
3484 3589 3678 3672 ταύτης
3734 3605 3834 3671 τῆς

2188 3695 2431 3777 κτίσεως,
2463 3699 2643 3778 φησὶν,
2717 3696 2767 3762 ἐξ
2836 3695 2900 3762 ἧς
2943 3700 2977 3765 ἡ
3035 3692 3296 3753 Ἰουδαίων
3355 3716 3550 3761 σκηνη.
3613 3691 3834 3761 Ἐπειδὴ

2189 3786 2288 3865 γὰρ
2331 3788 2503 3852 σκηνή
2568 3787 2629 3842 τὸ
2686 3790 2840 3858 σῶμα
2908 3783 3126 3841 ἐκάλεσε
3168 3784 3258 3839 τἰὖ
3310 3789 3556 3862 Χριστοῦ,
3640 3780 3831 3852 ἐδεήθη

2189 3876 2372 3932 τούτου
2401 3882 2488 3931 τοῦ
2520 3873 2913 3953 προδιορισμοῦ.
2980 3895 3005 3929 ιι
3044 3872 3171 3931 Οὐδὲ
3242 3870 3308 3928 δι’
3365 3872 3596 3946 αἵματος
3625 3873 3831 3949 τράγων

2190 3965 2278 4019 καὶ
2314 3963 2560 4043 μόσχων.
2598 3987 2625 4018 ιι
2681 3973 2823 4041 Απερ
2872 3963 2934 4030 ἧν
2981 3960 3265 4034 Ἰουδαϊκὰ,
3316 3961 3403 4017 καὶ
3446 3959 3517 4016 δι’
3562 3962 3637 4013 ῶν
3667 3960 3831 4036 εἰσῄει

2190 4055 2219 4109 ὓ
2248 4054 2521 4133 ἀρχιερεὺς
2554 4054 2627 4115 εἰς
2676 4053 2742 4108 τὰ
2775 4045 2947 4131 ι’Λγια
3002 4059 3106 4109 τῶν
3165 4052 3349 4130 ἁγίων,
3418 4071 3441 4105 ιι
3482 4049 3700 4104 Λίωνίαν
3730 4047 3831 4104 λύ-

2190 4165 2382 4221 τρωσιν
2412 4142 2710 4221 εὖρόμενος.
2764 4166 2790 4197 s
2856 4141 3125 4220 Τουτέστι,
3202 4140 3556 4217 κατορθώσας,
3618 4138 3831 4193 αἰωνίαν

2190 4230 2443 4311 λύτρωσιν
2472 4228 2678 4309 εὕρατο.
2710 4236 2826 4311 Οὐχ
2882 4233 3072 4305 ἑαυτῷ,
3121 4228 3290 4311 Δ(πῶς
3348 4230 3446 4307 γὰρ
3515 4231 3543 4285 ὁ
3586 4226 3829 4305 ἀναμάρ-

2189 4330 2404 4400 τητοςς)
2441 4318 2577 4378 ἀλλὰ
2610 4327 2687 4395 τῷ
2716 4319 2828 4395 λαῴ
2878 4322 3055 4379 αὖτοῦ.
3121 4299 3183 4377 ῃ[Ι
3258 4315 3440 4384 ἐπειδὴ
3496 4314 3702 4396 κεφαλὴ
3729 4321 3828 4383 τῆς

449 4407 863 4489 redemptione
913 4408 1174 4474 inventa.
1214 4435 1238 4470 υ
1278 4418 1405 4476 Hoc
1459 4422 1548 4476 est
1582 4434 1598 4475 :
1635 4414 1780 4475 Cum
1814 4411 2108 4474 effecisset

2200 4410 2588 4489 ἰινθρωπότητος
2631 4408 2849 4476 ἠξίωσεν
2903 4410 3067 4483 εἶναι,
3140 4410 3206 4465 τὰ
3264 4410 3398 4483 ἡμῖν
3440 4404 3829 4483 κατορθωθέντα

454 4505 736 4560 teternam
791 4496 1291 4578 redemptionem,
1351 4502 1575 4566 invenit
1628 4521 1784 4576 eam,
1836 4519 1956 4562 non
1985 4498 2100 4561 sibi

2184 4505 2325 4575 αὒτῷ
2354 4502 2709 4577 κατορθῶσθαι
2739 4498 2883 4577 λέγει
2914 4501 2942 4555 ὁ
2976 4498 3319 4563 Ἀπόστολος,

447 4587 607 4670 ipsi;
642 4605 778 4651 nam
811 4605 1070 4668 quonam
1098 4591 1273 4655 modo
1307 4592 1367 4654 id
1399 4593 1529 4655 ﬁeri
1560 4590 1847 4674 potuisset
1891 4608 2023 4651 cum
2056 4590 2188 4669 ipse
2237 4605 2484 4669 peccare
2541 4586 2921 4667 nequiverit?
2951 4587 3054 4650 sed
3084 4607 3191 4649 suo
3241 4586 3481 4668 populo.
3526 4587 3645 4648 Aut
3672 4602 3825 4664 quo-

451 4674 608 4741 niam
641 4678 1031 4742 bumanitatis
1059 4689 1234 4762 caput
1261 4701 1392 4745 essc
1423 4682 1697 4762 dignatus
1728 4688 1839 4761 est,
1872 4698 2002 4761 quae
2033 4677 2207 4741 nobis
2237 4677 2526 4758 acquisita
2555 4686 2713 4751 sunt,
2744 4676 2857 4758 ipsi
2879 4677 3105 4759 acquiri
3130 4677 3272 4739 dicit
3305 4675 3645 4757 Apostolus.

528 4764 626 4848 IX,
654 4765 755 4847 l3,
786 4768 885 4830 14.
916 4770 1079 4835 Nam
1133 4773 1188 4833 si
1248 4774 1504 4852 sanguis
1533 4779 1853 4835 taurorum
1883 4775 1939 4829 et
1969 4767 2101 4828 hii-

445 4872 681 4938 corum,
727 4859 1000 4942 cinisque
1033 4863 1314 4941 juvenem
1356 4877 1691 4942 aspergens
1748 4856 2101 4935 inquinatos
2183 4857 2271 4923 δὸς

2274 4791 2295 4822 ιι
2348 4768 2405 4825 Εἰ
2434 4768 2534 4845 γὰρ
2577 4768 2637 4822 τὸ
2683 4770 2819 4842 αἷμα
2849 4769 3051 4845 ταύρων
3107 4768 3194 4824 καὶ
3251 4767 3477 4847 τράγων,
3549 4770 3636 4824 καὶ
3684 4789 3824 4824 σπο-

2380 4853 2657 4930 δαμάλεως
2777 4857 3078 4935 ῥαντίζουσα
3199 4860 3319 4921 τοὺς
3410 4857 3823 4931 κεκοινωμένους

443 4946 782 5026 sanctiﬁrat
812 4949 891 5010 ad
931 4952 1139 5013 carnis
1164 4951 1680 5032 puriﬁcationem,
1716 4952 1942 5027 quanto
1971 4961 2101 5005 ma-

2200 4946 2384 5025 ιγιάζει
2451 4947 2581 5021 πρὸς
2652 4944 2749 5011 τὴν
2805 4949 2902 5015 τῆς
2960 4949 3152 5024 σαρκὸς
3242 4948 3596 5027 καθαρότητα,
3670 4947 3823 5021 πόσῳ

442 5038 538 5115 gis
564 5038 818 5117 sanguis
878 5040 1134 5120 Christi,
1181 5040 1290 5119 qui
1314 5056 1425 5120 per
1481 5038 1775 5118 Spiritum
1803 5043 2100 5097 aeternum

2200 5034 2387 5092 ιᾶλλον
2441 5035 2503 5089 τὸ
2562 5038 2703 5109 αἷμα
2732 5043 2827 5093 τοῦ
2881 5041 3127 5115 Χρισαοῦ,
3199 5037 3256 5099 ὃς
3343 5033 3427 5091 διὰ
3513 5037 3823 5111 Πνεύματος

442 5124 708 5206 seipsum
736 5125 951 5190 obtulit
980 5128 1438 5192 immaculatum
1471 5127 1619 5208 Deo,
1646 5122 1935 5207 purgabit
1961 5138 2099 5185 con-

2200 5126 2409 5197 ιίωνίου,
2471 5125 2654 5180 ἑαυτὸν
2724 5126 3081 5203 προσήνεγκεν
3180 5124 3403 5201 ἄμωμον
3514 5132 3591 5201 τῷ
3681 5131 3818 5198 Θεῷ,

442 5214 768 5280 scientiam
819 5224 1088 5281 vestram
1144 5221 1219 5282 ab
1270 5216 1556 5301 operibus
1583 5215 1835 5277 mortuis
1866 5211 1947 5275 ad
1978 5228 2097 5273 ser-

2200 5218 2417 5293 ιαθαριεϊ
2445 5215 2543 5280 την
2571 5211 2860 5280 συνείδησιν
2890 5214 3034 5289 ὕμῶν
3056 5214 3161 5271 ἀπὸ
3201 5219 3397 5294 νεκρῶν
3429 5213 3618 5292 ἔργων,
3657 5215 3729 5276 εἰς
3759 5217 3821 5271 τὸ

442 5302 734 5367 ciendum
762 5302 890 5368 Deo
908 5305 1160 5370 viventi.

2200 5305 2440 5373 ,ατρεύειν
2484 5309 2599 5375 Θεῳ
2628 5303 2784 5373 ζῶντι
2805 5322 2820 5383 ς

518 5388 748 5455 Deinde
775 5396 1055 5475 quoniam
1085 5394 1437 5458 incredibile
1465 5393 1775 5458 videbatur
1798 5391 1956 5474 quod
1986 5410 2094 5472 per

2259 5394 2402 5464 Εἶτα,
2451 5389 2633 5458 ἐπειδὴ
2705 5390 2950 5449 ἀπίθανον
3009 5393 3150 5449 εἶναι
3208 5391 3374 5450 ἐδόκει
3444 5396 3505 5451 τὸ
3562 5391 3646 5449 διὰ
3691 5399 3819 5468 μιᾶς

439 5496 617 5542 unam
647 5480 943 5546 victimam
975 5503 1281 5567 unumque
1304 5483 1654 5565 sanguinem
1679 5489 1961 5545 aeternam
1994 5498 2093 5561 pa-

2201 5483 2344 5547 υσίας
2401 5481 2486 5536 καὶ
2554 5481 2785 5555 αἳματος
2849 5479 2961 5546 ἐνὸς
3031 5479 3284 5561 λύτρωσιν
3375 5483 3585 5538 αἰωνίαν
3642 5504 3808 5556 παρα-

436 5565 1437 5651 rassetretributionem,contirmat
1451 5573 1564 5636 hoc
1595 5579 1654 5635 et
1682 5569 1942 5634 ostendit
1964 5588 2091 5631 cre-

2200 5582 2353 5651 χετν,
2385 5568 2763 5639 κατασκευάζει
2824 5570 2972 5650 αὐτὸ,
3009 5571 3096 5626 καὶ
3163 5569 3387 5628 δείκνυσι
3452 5571 3668 5628 πιθανόν
3724 5565 3819 5627 καὶ

514 5702 582 5756 4⁵
607 5703 834 5782 Coloss,
863 5721 929 5783 ιι,
960 5705 1020 5769 9.
