4152 6216
360 296 468 364 381

1496 297 1895 365 COMMENT.
1941 296 2024 359 IN
2070 297 2310 360 EPIST.
2361 299 2462 362 AD
2505 299 2734 362 HEBR.

3634 300 3749 368 382

361 455 389 490 α
425 435 566 491 Αῦτὰ
594 432 650 490 δὲ
678 435 744 491 τὰ
771 434 1074 514 ἐπουράνια.
1110 457 1138 490 υ
1194 435 1269 493 ra
1310 435 1405 503 τῆς
1452 434 1639 511 μένας.
1678 456 1706 488 ε
1755 432 2005 512 Κρείττοσ

2106 430 2227 511 typi
2258 438 2426 493 erant
2455 430 2619 495 novi.
2638 456 2662 487 α
2693 430 2871 495 Hisce
2899 431 3083 496 rebus
3113 432 3522 512 puriﬁcentur.
3549 458 3577 489 ι
3608 433 3751 506 Quae

351 524 578 587 θυσίαις.
642 543 670 583 ι
728 520 876 580 Ἐπεὶ
924 523 1014 579 οῦν
1072 522 1268 604 ἔχρῃζε
1323 525 1460 581 κατά
1513 525 1607 589 τὰς
1655 522 1798 589 ἀξίας
1856 519 2005 576 αῦτῶ¹

2108 517 2283 581 dictae
2303 527 2460 582 sunt.
2484 541 2521 587 ,ι
2543 522 2834 584 Caeterum
2855 522 2982 602 ipsa
2999 523 3285 585 cmlestia.
3319 547 3340 579 ι
3363 521 3576 596 Quaein
3587 522 3748 585 Novo

352 615 651 692 κρείττονος
721 612 922 676 θυσίας.
1005 614 1161 677 αῦτὸς
1250 616 1278 670 6
1331 622 1424 673 τοῦ
1479 619 1609 669 Θεοῦ
1667 613 1786 675 Υἱὸς
1841 610 2019 688 ἐτύθη,

352 703 497 760 ὥστε
527 705 556 759 6
612 702 832 768 θανάτος
890 712 985 762 τοῦ
1042 703 1248 782 Κῦρίου.
1309 702 1369 760 οὗ
1423 702 1583 778 μόνον
1625 702 1756 781 πρὸς
1810 702 1873 757 τὸ
1925 700 2021 776 βε-

352 792 582 852 ϐαιιῖισαι
675 795 775 862 τὴν
868 792 1125 865 διαθήκην
1194 793 1442 875 ὠφέλησε
1525 796 1613 851 καὶ
1696 793 2011 872 ἐνήργησεν,

352 882 493 940 ἀλλά
543 884 631 940 καὶ
686 884 935 963 πρὸς-,τὸ
992 884 1315 963 καθαρισμὸν
1381 882 1555 959 ἀληθῇ
1610 883 1697 939 καὶ
1781 882 2012 961 ψυχικὸν

351 973 773 1052 ἀπεργάσασθαι.
836 961 995 1030 "Amo
1042 971 1097 1028 δὲ
1130 961 1233 1029 καὶ
1275 972 1423 1030 κάτω
1473 973 1565 1029 τὸν
1620 971 1841 1028 θάνατον
1872 970 2012 1027 ἀπο-

350 1060 576 1119 δείκνυσι
631 1067 724 1117 τοῦ
781 1060 990 1140 Κυρίου,
1071 1060 1171 1128 τὴν
1244 1060 1507 1139 σωτηρίαν
1573 1065 1652 1133 τῷ
1718 1059 1860 1137 γένει
1905 1065 2011 1116 τῶν

351 1151 639 1231 ἀνθρώπων
683 1148 1062 1229 ἐργασάμενον,
1120 1148 1203 1207 διὰ
1261 1150 1319 1206 τό
1361 1172 1509 1213 τινας
1567 1154 1671 1205 τῶν
1702 1148 2010 1206 ἀσθενεστέο

358 1264 465 1317 ρων
494 1240 918 1315 σκανδαλίζεσθαι
952 1241 1047 1299 ἐπὶ
1076 1249 1153 1317 τῷ
1182 1249 1410 1322 σταυρῷ.

443 1532 466 1565 ο
517 1515 589 1570 Οὐ
631 1511 730 1589 γὰρ
786 1512 859 1574 εἰς
916 1512 1266 1590 χειροποίητα
1320 1509 1446 1589 ἅγια
1504 1508 1743 1577 εἰσῆλθεν
1786 1512 1814 1565 6
1872 1516 2004 1588 Χρι-

352 1601 477 1662 στὸς
578 1599 831 1659 ἀντίτυπα
914 1606 1019 1656 τῶν
1119 1598 1405 1680 ἀληθινῶν,
1497 1597 1617 1656 ἀλλ’
1688 1600 1759 1665 εἰς
1859 1600 2015 1655 αὒτὸν

352 1690 447 1744 τὸν
508 1690 752 1769 οὐρανὸν,
840 1697 925 1748 νῦν
1002 1688 1383 1769 ἐμφανισθῆναι
1460 1696 1537 1764 τῷ
1591 1694 1860 1766 προσώπῳ
1924 1694 2015 1744 τοῦ

354 1785 488 1834 Θεοῦ
556 1766 687 1855 ῦπὲρ
772 1780 952 1851 ἡμῶν,
1043 1766 1151 1834 οὔδ’
1235 1777 1329 1833 ἵνα
1417 1777 1673 1841 πολλάκις
1742 1777 2013 1858 προσφέρῃ

351 1868 565 1943 ἑαυτὸν,
666 1866 842 1947 ὥσπερ
942 1870 970 1923 6
1053 1867 1329 1947 ἀρχιερεὺς
1415 1866 1707 1947 εἰσέρχεται
1792 1868 1864 1930 εἰς
1948 1869 2012 1923 τὰ

352 1957 482 2034 ἅγια
570 1953 690 2013 κατ’
776 1955 1010 2013 ἐνιαυτὸν
1093 1956 1148 2011 ἐν
1236 1954 1426 2032 αἵματι
1496 1954 1775 2035 ἀλλοτρίῳ.
1865 1954 2011 2014 Ἐπεὶ

353 2043 457 2101 ἔδει
560 2048 718 2103 αὐτὸν
829 2044 1086 2109 πολλάκις
1196 2048 1384 2102 παθεῖν
1495 2044 1600 2101 ἀπὸ
1705 2042 2009 2113 καταϐολῆς

349 2136 577 2208 κόσμου.
660 2140 763 2192 Νῦν
833 2131 888 2189 δὲ
957 2131 1095 2199 ἅπαξ
1174 2132 1259 2189 ἐπὶ
1339 2131 1604 2205 συντελειᾷ
1686 2139 1791 2190 τῶν
1874 2135 2007 2191 αἰώ-

352 2245 461 2278 νων
546 2223 619 2287 εἰς
691 2221 943 2290 ἀθέτησιν
1007 2222 1285 2301 ἁμαρτίας,
1359 2221 1443 2279 διὰ
1496 2228 1594 2290 τῆς
1663 2225 1839 2288 θυσίας
1910 2228 2008 2283 αῦ-

352 2320 452 2370 τοῦ
567 2310 957 2390 πεφανέρωται,
1045 2312 1145 2369 Καὶ
1224 2311 1447 2369 καθόσον
1531 2312 1807 2369 ἀπόκειται
1891 2326 2008 2376 τοῖς

351 2399 649 2479 ἀνθρώποις
721 2399 859 2465 ἅπαξ
948 2400 1254 2474 ἀποθανεῖν,
1331 2402 1464 2477 μετὰ
1544 2399 1598 2457 δὲ
1669 2409 1822 2459 τοῦτο
1888 2404 2007 2482 κρί-

351 2511 436 2551 σις
469 2506 484 2521 ⁸
544 2486 709 2553 οὕτως
752 2490 840 2545 καὶ
870 2492 898 2545 ὁ
930 2490 1179 2568 Χριστὸς,
1213 2488 1353 2555 ἅπαξ
1382 2492 1756 2570 προσενεχθεὶς
1816 2492 1887 2555 εἰς
1945 2493 2006 2549 τὸ

351 2575 447 2634 πο)
460 2574 567 2633 λῶν
600 2576 900 2656 ἀνενεγκεῖν
942 2578 1222 2658 ἁμαρτίας,
1252 2578 1312 2634 ἐκ
1339 2575 1577 2656 δευτέρου
1630 2581 1795 2659 χωρὶς
1829 2581 2004 2661 ἆμαρ-

349 2676 467 2728 τίας
526 2666 811 2745 ὀφθήσεται
867 2679 983 2730 τοῖς
1037 2668 1192 2724 αυτὸν
1248 2665 1699 2747 ἀπεκδεχομένοις
1756 2670 1827 2733 εἰς
1892 2692 2003 2727 σω-

348 2754 535 2831 τηρίαν
549 2798 563 2813 .
598 2777 626 2808 ι

435 2840 657 2910 Ἐπειδὴ
690 2843 828 2923 μέγα
885 2844 1132 2923 ἐφρόνουν
1187 2844 1272 2902 ἐπὶ
1327 2851 1404 2920 τῷ
1459 2849 1569 2920 ναῷ
1637 2850 1683 2903 οἱ
1738 2845 2006 2922 Ἰουδαῖοι,

348 2930 446 3011 ὅρα
522 2935 636 2996 πῶς
692 2935 934 3011 καθαιρεῖ
988 2935 1113 2991 αὐτὸ
1173 2940 1242 3011 τῇ
1297 2934 1578 3010 παραθέσει
1620 2937 1713 2992 τοῦ
1767 2936 2003 3015 οῦρανοῦ.

2105 615 2244 669 sunt
2263 608 2666 672 Testamento.
2689 633 2713 666 α
2742 610 3086 674 Melioribus
3100 610 3374 675 victimis.
3399 636 3426 669 ι
3458 611 3749 685 Quoniam

2101 695 2281 775 igitur
2308 716 2458 779 opus
2483 699 2785 780 fuitjuxta
2813 701 3079 781 ipsorum
3142 700 3459 781 dignitates
3511 700 3751 765 meliori

2100 784 2336 849 victima
2363 796 2423 850 et
2451 788 2768 860 sacriﬁcio,
2802 788 2929 869 ipse
2981 788 3090 854 Dei
3142 788 3330 852 Filius
3384 790 3747 854 sacriﬁcatus

2095 883 2205 939 est.
2240 878 2401 939 Mors
2432 876 2630 957 itaque
2690 876 2927 939 Domini
2990 897 3107 939 non
3165 879 3235 940 ad
3270 880 3746 941 conﬁrmandum

2094 962 2377 1026 duntaxat
2400 972 2820 1028 testamentum
2857 967 3076 1047 profuit
3130 984 3199 1030 ac
3232 968 3344 1030 vim
3378 968 3606 1042 habuit,
3638 987 3743 1030 ve-

2092 1068 2224 1112 rum
2258 1053 2437 1115 etiam
2454 1054 2526 1115 ad
2551 1055 2664 1116 hoc
2682 1064 2743 1117 ut
2786 1074 2984 1117 veram
3022 1056 3235 1119 animae
3260 1057 3737 1139 puriﬁcationem

2093 1138 2377 1205 efﬁceret.
2408 1142 2476 1203 Et
2498 1143 2557 1204 in
2579 1144 3054 1224 praecedentibus
3074 1138 3273 1208 autem
3304 1153 3363 1207 et
3390 1146 3450 1207 in
3485 1164 3743 1227 sequen-

2096 1228 2253 1291 tibus
2276 1230 2642 1294 demonstrat
2672 1232 2910 1295 Domini
2943 1242 3194 1297 mortem
3228 1235 3488 1297 humano
3528 1234 3736 1314 generi

2092 1328 2389 1398 operatam
2415 1340 2550 1383 esse
2578 1322 2855 1395 salutem,
2877 1341 2945 1384 eo
2961 1324 3115 1403 quod
3134 1324 3380 1385 nonnuli
3398 1323 3743 1387 imbecillio-

2089 1424 2188 1469 res
2215 1410 2659 1472 oﬁ'enderentur
2687 1419 2927 1491 propter
2955 1430 3222 1475 crucem.

2179 1496 2283 1570 IX,
2316 1499 2524 1562 24-98.
2560 1499 2694 1563 Non
2726 1503 2891 1563 enim
2918 1504 2984 1563 in
3014 1505 3369 1581 manufacta
3396 1512 3607 1566 sancta
3638 1504 3741 1565 in-

2095 1605 2339 1668 gressas
2369 1596 2460 1652 est
2490 1589 2774 1653 Christus
2804 1592 3186 1672 exemplaria
3208 1610 3514 1667 verorum,
3538 1594 3647 1655 sed
3675 1595 3743 1655 in

2097 1677 2295 1755 ipsum
2328 1681 2566 1753 cretum,
2600 1688 2671 1741 ut
2729 1698 2890 1743 nunc
2933 1689 3228 1762 appareat
3259 1684 3597 1762 conspectui
3630 1682 3744 1744 Dei

2092 1784 2200 1845 pro
2228 1767 2435 1831 nobis:
2474 1786 2596 1831 non
2616 1776 2683 1831 ut
2707 1772 2929 1849 sapius
2944 1772 3571 1852 o/I'eratsemetipsum,
3596 1788 3742 1850 que-

2094 1856 2479 1918 madmodum
2508 1860 2786 1937 ponti/ea:
2818 1860 3173 1939 ingreditur
3204 1861 3263 1920 in
3294 1867 3505 1922 sancta
3522 1861 3737 1939 singu-

2091 1940 2167 2003 lis
2196 1946 2375 2006 armis
2394 1962 2508 2024 per
2534 1949 2897 2025 sanguinem
2959 1945 3250 2009 alienum.
3286 1945 3523 2025 Alioqui
3552 1962 3737 2025 opor-

2091 2034 2303 2094 tuisset
2358 2033 2529 2095 illum
2586 2036 2804 2114 saepius
2853 2052 3103 2114 passum
3151 2037 3345 2110 [uisse
3403 2052 3441 2096 a
3489 2037 3740 2097 condito

2089 2126 2314 2184 mundo
2369 2122 2549 2186 Nunc
2576 2130 2775 2185 autem
2806 2124 2992 2186 semel
3017 2124 3125 2186 sub
3156 2130 3739 2187 ronsummatt‘onem

2090 2209 2443 2273 swculorum
2487 2212 2566 2274 ad
2613 2213 3106 2292 proﬂigationcm
3155 2214 3383 2291 peccati
3409 2230 3524 2292 per
3552 2213 3736 2275 victi-

2090 2315 2252 2360 mam
2296 2316 2468 2362 suam
2518 2302 2825 2379 apparuit.
2888 2301 2973 2365 Et
3023 2309 3321 2383 quatenus
3355 2302 3507 2365 illud
3538 2308 3737 2364 manet

2088 2386 2372 2451 homines
2401 2395 2468 2452 ut
2520 2390 2703 2452 semel
2744 2393 3111 2466 moriantur,
3168 2399 3304 2472 post
3363 2392 3473 2454 hoc
3527 2398 3734 2453 autem

2087 2478 2433 2553 iudicium:
2494 2482 2582 2543 ita
2641 2479 2916 2543 Christus
2972 2480 3159 2543 semel
3208 2482 3446 2545 oblatus
3475 2489 3540 2543 ut
3569 2479 3734 2543 mul-

2090 2573 2289 2629 torum
2333 2568 2630 2648 perferret
2676 2576 2954 2650 peccata,
2994 2586 3215 2632 rursus
3245 2569 3472 2650 absque
3496 2576 3735 2651 peccato

2087 2658 2557 2736 conspiciemur,
2616 2659 2691 2720 iis
2725 2659 2835 2738 qui
2888 2657 3063 2721 illum
3118 2665 3467 2740 exspectant
3521 2663 3587 2720 in
3629 2675 3735 2720 sa-

2090 2743 2273 2808 lutem
2287 2796 2298 2806 .

2167 2834 2454 2908 Quoniam
2484 2834 2676 2899 Judaei
2710 2836 2920 2899 cristas
2953 2837 3259 2916 erigebant
3309 2847 3552 2918 propter
3582 2843 3734 2898 tem-

2092 2923 2254 3005 plum
2288 2926 2420 2988 vide
2447 2927 2750 3007 quomodo
2784 2926 2933 2989 illud
2966 2926 3264 3009 deprimat
3297 2926 3439 2989 589
3484 2942 3731 3007 compa-

356 3044 381 3076 ε
439 3018 725 3079 Ἀντίτυπα
767 3028 874 3078 τῶν
931 3020 1214 3089 ἀληθινῶν.
1295 3046 1321 3077 ι»
1371 3015 1427 3081 Ὀ
1498 3025 1598 3104 γάρ
1640 3026 1762 3090 ναὸς
1819 3012 2005 3106 χειρο-

2092 3013 2322 3076 ratione
2347 3014 2418 3076 ad
2450 3016 2687 3077 cmlum.
2728 3015 3163 3096 iExemplaria
3192 3033 3489 3078 verorum.
3522 3038 3546 3074 ι
3581 3012 3730 3106 Nam

347 3110 570 3177 ποίητός
599 3131 657 3168 τε
698 3111 789 3185 ἦν,
823 3114 909 3167 καὶ
938 3111 1217 3175 ἀντίτυπος
1269 3119 1361 3169 τοῦ
1415 3116 1633 3192 οόρανοῦ
1684 3117 2005 3173 κατεσκεύα-

2092 3107 2374 3192 templum
2412 3122 2588 3166 manu
2641 3105 2860 3167 factum
2893 3093 3040 3177 erat,
3076 3113 3134 3166 et
3163 3104 3225 3166 in
3257 3104 3562 3185 exemplar
3585 3102 3734 3192 caali

349 3220 467 3260 στο.
506 3223 533 3253 ε
568 3196 718 3254 Ἀλλ’
750 3201 820 3262 εἰς
867 3201 1019 3256 αὐτὸν
1048 3202 1140 3255 τὸν
1197 3200 1434 3279 ο·’›ρανόν.
1494 3222 1516 3255 ι
1580 3202 1672 3270 T6,
1733 3203 1820 3264 Εἰς
1851 3201 2007 3257 αὐτὸν

348 3285 587 3354 εἰσῆλθεν
629 3290 718 3344 τὸν
750 3287 991 3366 οῦρανὸν,
1024 3288 1129 3344 ἀπὸ
1171 3295 1351 3345 κοινοῦ
1397 3286 1650 3354 ληπτέον,
1697 3293 1835 3363 οἷον,
1884 3288 2001 3347 038⁸

352 3375 447 3432 ἵνα
473 3375 734 3440 πολλάκις
793 3376 1057 3457 προσφέρῃ
1091 3377 1297 3456 ἑαυτὸν,
1360 3376 1599 3443 εἷσήλθεν
1643 3380 1716 3441 εἰς
1760 3381 1850 3434 τὸν
1908 3383 2003 3437 οῦ-

353 3466 530 3543 ρανόν,
591 3467 663 3523 Τὸ
715 3466 815 3545 γὰρ
870 3464 1130 3528 πολλάκις
1185 3466 1360 3529 θύσιας
1433 3464 1485 3522 ἐν
1545 3466 1733 3542 α”ματι
1764 3468 2002 3547 προσφέ-

350 3576 482 3633 ρειν,
542 3560 647 3610 τῶν
706 3554 1092 3634 εἰσερχομένων
1164 3555 1236 3619 εἰς
1280 3556 1345 3609 τὰ
1400 3554 1650 3611 ἀντίτυπα
1707 3562 1810 3611 τῶν
1860 3556 2001 3623 ἀλη-

348 3646 502 3697 θινῶν
550 3641 715 3722 ἐστιν,
772 3641 893 3722 τῆλ’
950 3644 1072 3721 οὐχὶ
1132 3649 1224 3699 τοῦ
1284 3640 1603 3707 εἰσελθόντος
1659 3645 1730 3706 εἰς
1787 3646 1878 3700 τὸν
1910 3648 2002 3704 οὒ-

347 3734 502 3809 ρανὸν
566 3732 741 3792 αὒτόν,
812 3755 836 3786 ιι
877 3732 1421 3812 Νῦνέμφανισθῆναι,
1473 3756 1500 3786 ι
1535 3734 1680 3789 Μετά
1721 3738 1819 3799 τῆς
1879 3756 2000 3813 σαρ-

346 3821 442 3883 κός
526 3844 689 3902 φησιν
795 3820 1205 3902 ἐμφανισθῆναι,
1298 3844 1318 3878 ε
1413 3829 1499 3897 Τῷ
1608 3822 1833 3901 προσώῳ
1915 3832 2005 3881 τοῦ

348 3916 501 3970 Θεοῦ.
556 3932 579 3965 ι
628 3912 689 3967 Τί
737 3908 961 3990 λέγεις,
1009 3907 1135 3966 Ἐὰν
1165 3910 1242 3984 μὴ
1289 3909 1494 3987 εἰσέλθῃ
1540 3912 1611 3974 εἰς
1645 3913 1734 3966 τὸν
1763 3913 1999 3988 οὐρανὸν,

351 4002 446 4056 οὒκ
502 3998 837 4079 ἐμφανίζεται
894 4006 970 4073 τῷ
1012 3999 1281 4077 προσώπῳ
1342 4010 1434 4058 τοῦ
1493 4001 1718 4079 Ματρὸς,
1778 4002 1805 4056 6
1862 4023 2003 4057 παν-

346 4095 520 4167 ταχοῦ
576 4089 743 4167 παρὸν
794 4090 881 4144 καὶ
924 4089 990 4144 τὰ
1022 4088 1194 4143 πάντα
1236 4087 1455 4165 πληρῶν
1490 4108 1507 4168 ;
1573 4080 1724 4167 Ὀρᾷς
1768 4087 1847 4145 ὅτι
1904 4094 2002 4156 τῆς

2087 3188 2457 3254 fabricatum.
2498 3192 2649 3256 «Sed
2674 3194 2732 3254 in
2753 3193 2946 3272 ipsum
2965 3193 3176 3255 coelum
3193 3242 3207 3257 .
3231 3218 3253 3252 ι
3283 3192 3420 3255 Haec
3444 3191 3735 3273 particula

2088 3279 2147 3339 in
2178 3280 2373 3360 ipsum
2404 3282 2706 3360 ingressus
2738 3288 2828 3342 est
2857 3279 3094 3352 uelum,
3120 3280 3503 3360 intelligenda
3521 3286 3609 3340 est
3626 3297 3733 3360 per

2087 3367 2332 3446 ﬁguram
2356 3390 2487 3452 quae
2508 3370 2730 3431 dicitur
2751 3371 2856 3426 ἀπὸ
2879 3381 3077 3441 κοινοῦ,
3116 3369 3175 3431 id
3219 3377 3328 3445 est,
3361 3388 3394 3430 a
3425 3368 3732 3430 communi

2085 3459 2380 3519 sententia
2409 3462 2674 3539 acceptio
2692 3458 2815 3520 sive
2833 3476 3079 3536 zeugma
3105 3479 3121 3535 ;
3147 3476 3363 3537 nempe
3384 3458 3497 3518 hoc
3514 3455 3724 3519 modo:

2084 3544 2287 3627 Neque
2318 3556 2378 3608 ut
2399 3547 2739 3626 frequenter
2782 3548 3167 3628 semetipsum
3195 3547 3401 3608 offerat
3422 3544 3730 3624 ingressus

2087 3642 2175 3695 est
2205 3636 2264 3696 in
2295 3637 2533 3698 cmlum.
2587 3635 2892 3717 Siquidem
2951 3637 3300 3717 fin-quenter
3328 3634 3594 3697 victimas
3624 3653 3733 3714 per

2087 3725 2432 3804 sanguinem
2466 3725 2706 3805 offerre,
2739 3744 2945 3786 eorum
3003 3734 3092 3787 est
3141 3727 3237 3807 qui
3273 3725 3335 3785 in
3366 3723 3726 3804 eXemplaria

2088 3832 2359 3876 verorum
2394 3814 2839 3895 ingrediuntur,
2876 3826 2935 3877 at
2967 3834 3081 3878 non
3118 3816 3276 3878 illius
3307 3813 3407 3897 qui
3439 3814 3500 3874 in
3534 3813 3726 3893 ipsum

2087 3903 2397 3983 ingressus
2425 3912 2513 3965 est
2546 3903 2786 3967 caelum.
2820 3928 2845 3958 α
2875 3903 2945 3966 Ut
2987 3924 3144 3967 nunc
3180 3913 3481 3987 appareat.
3512 3925 3545 3981 ρ
3584 3902 3729 3964 Cum

2087 4011 2287 4073 carne,
2311 3993 2526 4075 inquit,
2556 4007 2856 4075 appareat.
2890 4019 2914 4050 «ι
2952 3993 3311 4077 CouSpectui
3341 3995 3467 4058 Dei.
3512 4019 3538 4051 ιο
3575 3990 3729 4065 Quid

2085 4082 2213 4144 ais?
2240 4083 2369 4148 Nisi
2406 4086 2707 4160 ingressus
2731 4092 2888 4145 esset
2911 4083 2972 4145 in
2997 4085 3234 4159 caelum,
3266 4106 3382 4147 non
3414 4089 3732 4166 appareret

347 4178 649 4252 οἰκονομίας
676 4176 785 4233 ἐστὶ
819 4178 883 4233 τὰ
924 4176 1147 4234 ταπεινά
1180 4196 1196 4256 ;
1237 4200 1256 4230 ι
1298 4169 1454 4257 ’Υπὲρ
1486 4180 1658 4253 ἡμῶν,
1695 4203 1719 4231 η
1758 4179 2000 4234 Μετὰθυσ

2092 4172 2427 4252 conspectui
2445 4171 2763 4253 Patris,qui
2786 4172 3004 4251 ubique
3024 4192 3284 4254 praesens
3297 4184 3384 4237 est
3411 4173 3731 4252 omniaque

348 4265 463 4329 σίας
517 4264 710 4334 ἀνῆλθε
764 4268 864 4332 τῆς
933 4275 1024 4324 τοῦ
1077 4264 1203 4322 ἰδίου
1257 4266 1528 4345 σώματος,
1587 4265 1678 4322 ’ίνα
1748 4268 1881 4347 ὀφθῇ
1922 4275 1998 4343 τῷ

2092 4261 2299 4342 replet?
2334 4261 2513 4326 Vides
2529 4263 2683 4343 quod
2699 4261 3161 4343 dispensationis
3177 4264 3296 4325 sint
3313 4266 3423 4327 ista
3437 4262 3680 4326 humilia
3701 4257 3732 4317 ?

350 4356 512 4432 Πατρί
579 4354 705 4434 ὑπὲρ
781 4354 960 4430 ἡμῶν,
1046 4354 1306 4430 τουτέστι,
1395 4353 1772 4413 καταλλάσσων
1858 4358 1999 4432 ἡμᾶς

2093 4352 2240 4413 ινω
2257 4350 2485 4415 nobis.»
2521 4353 2665 4415 Cum
2688 4351 2921 4413 victima
2942 4353 3164 4433 prpprii
3182 4355 3449 4436 corporis
3462 4353 3733 4419 ascendit

346 4446 510 4518 αὐτῷ.
569 4451 679 4513 Τῆς
739 4447 839 4524 γὰρ
898 4446 1094 4524 σαρκὸς
1166 4444 1548 4522 ἐπιλαϐόμενος
1633 4450 1661 4503 6
1744 4449 1999 4528 μακάριος

2092 4440 2636 4521 utappareretapud
2664 4438 2893 4528 l‘atrem
2920 4460 3025 4521 pro
3053 4442 3243 4505 nobis.
3274 4445 3386 4506 hoc
3423 4455 3512 4506 est
3536 4454 3597 4507 ut
3622 4463 3730 4506 nos

346 4532 578 4614 Παῦλος,
620 4536 792 4592 πάντα
845 4536 911 4592 τὰ
964 4536 1186 4591 ταπεινά
1228 4533 1393 4601 ἀδεῶς
1449 4532 1625 4592 λαλεῖ.
1692 4558 1716 4593 ι
1749 4526 2001 4595 Οὖόνῖνα

2092 4528 2193 4607 Ipsi
2212 4526 2962 4609 reconciliaret.Siquidem
2983 4529 3132 4591 facta
3147 4531 3220 4591 de
3234 4551 3411 4594 carne
3428 4534 3731 4597 mentione

344 4620 604 4686 πολλάκις
652 4622 924 4703 προσφέρῃ
976 4623 1185 4695 ἑαυτὸν,
1253 4647 1277 4678 ιι
1301 4632 1491 4706 Δ*τοῦτο
1547 4623 1787 4700 ἐποίησε,
1846 4628 1998 4706 φησὶ,

2092 4614 2291 4706 beatus
2322 4617 2536 4681 Paulus
2577 4617 2778 4679 omnia
2820 4617 3067 4679 humilia
3107 4619 3399 4701 intrepide
3439 4623 3723 4705 loquitur.

342 4712 407 4795 τὸ
447 4709 687 4768 ἀνελθεῖν
717 4713 789 4775 εἰς
833 4714 924 4768 τὸν
956 4713 1192 4790 οὗρανόν.
1235 4736 1255 4767 v
1298 4702 1516 4793 Ηιὶσπερ
1560 4716 1589 4770 6
1619 4702 1915 4795 ἀρχιερεύς.

2092 4705 2252 4767 «Non
2268 4706 2553 4787 utsaepius
2568 4707 2772 4795 oﬁ‘erat
2787 4702 3726 4795 semetipsmunhocfecitﬂnquit,

1046 4354 1306 4430 τουτέστι,

349 4789 502 4878 Ὀρᾷς
532 4799 832 4879 διαφοράν;
891 4789 1054 4864 Οὗ;ος
1110 4799 1230 4858 κατ’
1286 4789 1542 4878 ἐνιαυτὸν,
1610 4789 1729 4859 ὁθέ
1774 4789 1997 4883 Χριστὸς

345 4886 504 4954 ἅπαξ.
575 4911 599 4945 ι
649 4888 736 4946 Ἐν
790 4889 982 4966 α”ματι
1053 4888 1335 4969 ἀλλοτρίῳ,
1397 4910 1428 4950 ι
1486 4893 1649 4956 Οὗτος
1694 4890 1747 4948 ἐν
1810 4893 2004 4969 α”ματι

345 4974 626 5056 ἀλλοτρίορ,
683 4979 887 5057 ταύρων
942 4980 1029 5036 καὶ
1084 4979 1316 5057 τράγων,
1378 4982 1407 5036 ὁ
1463 4976 1516 5035 δὲ
1577 4983 1798 5060 Χριστὸς
1843 4982 1897 5037 ἐν
1927 4991 2003 5059 τῷ

344 5062 475 5139 Bap,
527 5089 556 5121 α
603 5064 751 5124 Ἐπεὶ
808 5066 909 5123 ἔδει
953 5070 1108 5126 αὖτὸν
1152 5066 1410 5131 πολλάκις
1453 5069 1670 5128 παθεῖν.
1727 5090 1751 5125 ι
1801 5072 1860 5127 Εἰ
1902 5074 2001 5152 γὰρ

344 5153 513 5235 ἐχρῆν
562 5158 720 5215 αὐτὸν
768 5155 1026 5220 πολλάκις
1083 5157 1396 5238 προσφέρειν
1437 5158 1613 5217 θυσίαν
1686 5155 1787 5214 ἔδει
1844 5163 2000 5218 αὗτὸν

344 5241 395 5309 ἐξ
467 5245 531 5300 οὗ
607 5242 910 5315 κατεϐλήθη
978 5247 1050 5308 εἷς
1121 5246 1289 5303 κτίσιν
1363 5248 1391 5302 6
1447 5247 1671 5322 κόσμος,
1746 5246 1997 5315 πολλάκις

342 5330 647 5405 ἀποθανεῖν,
693 5334 767 5397 ὡς
826 5336 1023 5391 οἰκεῖον
1079 5338 1217 5409 αἷμα
1259 5334 1643 5416 προσφέροντα.
1707 5355 1729 5389 α
1794 5344 1895 5393 Νῦν
1943 5335 1998 5394 δὲ

340 5419 479 5486 ἅπαξ
537 5420 621 5478 ἐπὶ
678 5421 949 5497 συντελείᾳ
1003 5428 1109 5479 τῶν
1166 5424 1393 5486 αἰώνων.
1447 5450 1472 5479 ι
1535 5422 1657 5483 Ἐπὶ
1729 5426 1998 5500 συντελείᾳ

342 5514 448 5565 τῶν
489 5510 716 5591 αἰώνων,
750 5512 1042 5586 τουτέστιν,
1103 5512 1191 5569 ἐπ’
1251 5514 1385 5590 αὐτῇ
1437 5519 1506 5590 τῇ
1546 5512 1818 5593 πληρώσει
1891 5517 1997 5573 τῶν

346 5598 574 5679 αἰώνων,
603 5600 691 5656 καὶ
720 5598 804 5656 ἐπ’
855 5600 997 5677 αὐτῷ
1038 5609 1115 5678 τῷ
1144 5600 1306 5664 τέλει.
1343 5603 1413 5659 T6
1441 5600 1732 5681 ὑπερϐατὸν
1759 5605 1995 5685 πεφανέ-

2083 4811 2300 4875 nempe
2320 4795 2477 4877 quod
2501 4794 2774 4858 ascendit
2796 4793 2857 4854 in
2879 4795 3114 4857 caelum.
3149 4822 3174 4852 ι
3213 4796 3724 4870 Quemadmodum

2088 4884 2373 4963 pontifex.
2388 4885 2607 4949 oVides
2626 4883 3117 4966 praecellentiam?
3148 4887 3254 4950 llic
3272 4889 3725 4969 singulisannis,

2086 4971 2354 5037 Christus
2382 4993 2520 5037 vero
2554 4973 2764 5037 semel.
2806 4999 2830 5028 α
2866 4974 2978 5036 Per
3008 4976 3358 5057 sanguinem
3390 4980 3673 5044 alienum.
3696 5007 3722 5036 ι

2083 5061 2194 5124 Hic
2225 5082 2332 5144 pe'
2362 5064 2713 5141 sanguinem
2771 5062 3031 5125 alienum
3090 5074 3388 5130 taurorum
3424 5089 3638 5150 nempe
3670 5079 3728 5131 et

2083 5152 2410 5227 hircorum,
2446 5152 2719 5216 Christus
2752 5170 2888 5214 vero
2926 5172 3033 5233 per
3062 5156 3387 5236 proprium.
3428 5182 3458 5220 ι
3484 5160 3726 5240 Alioqui

2082 5242 2440 5323 oportuisset
2484 5242 2649 5304 illum
2682 5245 2895 5322 saepius
2928 5261 3165 5324 passum
3195 5244 3400 5312 fuisse.
3428 5274 3448 5303 ιι
3481 5251 3541 5311 Si
3566 5250 3725 5311 enim

2082 5330 2442 5412 Oportuisset
2472 5332 2640 5394 illum
2694 5331 2913 5409 saepius
2942 5334 3158 5396 offerre
3193 5336 3510 5415 victimam,
3545 5360 3726 5422 Opor-

2085 5420 2293 5483 tuisset
2315 5439 2448 5482 eum
2475 5439 2545 5483 ex
2567 5438 2638 5483 eo
2664 5429 2950 5502 tempore,
3000 5442 3117 5503 quo
3158 5425 3315 5506 jac:a
3349 5443 3488 5490 sunt
3521 5420 3724 5492 mundi

2080 5509 2468 5572 fundamenta
2496 5509 2844 5593 frequenter
2875 5522 3176 5576 mortuum
3236 5516 3444 5593 fuisse,
3504 5528 3568 5580 ut
3626 5519 3727 5602 qui

2078 5602 2385 5687 proprium
2406 5602 2648 5666 oﬁ‘erret
2669 5603 3042 5685 sanguinem.
3073 5630 3100 5661 α
3127 5605 3293 5671 Nunc
3317 5619 3520 5674 autem
3542 5613 3729 5676 semel
