4180 6212
416 337 538 408 383

1446 370 1453 376 ε
1549 340 1963 406 CECUMENII
2008 340 2303 403 ΤΗΝ]οΕ
2344 336 2680 405 EPISCOPI

3687 333 3802 401 384

419 474 529 538 sub
560 475 1074 539 consummatione
1131 476 1507 539 saecnlorum.
1576 498 1598 530 ιι
1655 473 1781 537 Hoc
1810 480 1921 550 est,
1956 470 2065 534 sub

2150 494 2311 552 ρωται
2343 488 2358 504 ·
2410 473 2772 554 πεφανέρωται
2809 471 2862 530 δὲ
2896 475 2967 539 εἷς
3008 475 3070 531 τὸ
3101 468 3351 545 ἀθετῆσαι
3383 474 3467 530 καὶ
3493 469 3677 530 σϐέσαι
3703 471 3805 539 τὴν

415 564 603 645 ipsam
634 565 1092 646 completionem
1126 566 1476 628 saeculorum
1528 568 1587 625 et
1633 563 1743 625 sub
1768 563 1959 644 ipsum
1995 563 2069 623 ti-

416 671 578 714 nem.
605 652 678 716 Et
707 672 813 734 per
835 654 1200 736 hyperbaton
1220 652 1598 735 jungendum
1625 660 1735 720 est.
1756 651 2059 732 Apparuit

413 741 705 823 Apparuit
735 750 933 804 autem
965 750 1029 804 ut
1059 744 1404 824 proﬂigaret
1424 749 1481 804 et
1503 742 1906 819 exstingueret
1935 759 2069 821 pec-

416 838 612 892 catum
662 830 866 893 mundi
892 849 999 913 per
1019 831 1321 894 victimam
1348 849 1536 892 suam.
1566 848 1739 910 quam
1767 849 1871 910 pro
1901 828 2070 891 nobis

419 918 652 983 obtulit.
689 943 712 970 α
757 922 870 983 Per
905 921 1201 983 victimam
1234 938 1399 982 suam
1430 918 1721 1000 apparuit,
1757 944 1776 975 ι
1815 920 1924 980 hoc
1956 925 2066 997 est,

417 1025 549 1069 cum
579 1026 760 1069 carne
781 1008 1100 1072 inmundo.
1123 1034 1147 1065 α
1173 1009 1245 1071 Et
1266 1017 1558 1089 quatenus
1583 1006 1722 1069 illud
1747 1007 2063 1071 homines»

417 1094 639 1171 Semel,
670 1096 886 1178 inquit,
923 1116 1104 1159 omne
1159 1116 1348 1177 genus
1406 1097 1733 1159 humanum
1763 1095 2072 1177 oportebat

419 1185 576 1246 mori
602 1203 615 1247 :
668 1187 781 1247 hoc
812 1194 876 1248 ut
902 1188 1086 1249 semel
1119 1187 1311 1255 ﬁeret,
1350 1205 1454 1267 pro
1486 1185 1657 1248 nobis
1688 1193 1952 1247 mortuus
1983 1193 2072 1247 est

419 1274 718 1338 Christus.
749 1274 920 1337 Nunc
951 1277 1150 1357 itaque
1205 1275 1380 1338 etiam
1433 1275 1481 1337 si
1540 1277 1889 1350 moriamur,
1949 1294 2068 1336 non

418 1363 757 1426 detinemur
788 1382 822 1425 a
861 1356 1098 1428 morte:
1158 1364 1276 1426 imo
1303 1356 1307 1363 ’
1339 1365 1398 1425 in
1450 1362 1665 1424 virtute
1696 1366 1808 1425 hoc
1834 1383 1954 1426 non
1980 1371 2069 1425 est

423 1451 595 1513 mori.
635 1477 661 1508 α
697 1455 783 1516 Ita
813 1461 872 1515 et
926 1452 1217 1516 Christus.
1279 1478 1306 1509 »
1368 1451 1657 1525 Quoniam
1709 1453 1885 1514 homo
1917 1461 2061 1526 erat,

417 1558 757 1621 quanquam
792 1541 971 1602 simul
1004 1548 1159 1603 esset
1186 1542 1366 1622 Deus,
1399 1542 1575 1602 etiam
1606 1540 1734 1621 ipse
1763 1541 1923 1622 quod
1953 1543 2064 1603 ho-

422 1628 685 1690 minibus
716 1648 1033 1691 commune
1065 1639 1193 1692 erat
1222 1629 1523 1693 sustinuit.
1552 1628 2063 1702 Quemadmodum

417 1717 576 1779 enim
608 1718 882 1780 homines
929 1719 1115 1781 semel
1179 1720 1532 1793 moriuntur,
1583 1720 1664 1779 ita
1718 1726 1774 1780 et
1803 1718 2067 1782 Christus

2150 562 2404 640 ἁμαρτίαν
2446 569 2538 618 τοῦ
2565 562 2767 638 κόσμου
2810 561 2894 619 διὰ
2952 568 3053 630 τῆς
3094 564 3272 627 θυσίας
3332 565 3520 643 αὐτοῦ,
3585 561 3650 627 ἣν
3679 561 3805 638 ὑπὲρ

2150 652 2302 719 ἡμῶν
2345 653 2697 730 προσήνεγκε.
2752 674 2779 706 α
2818 652 2915 707 Διὰ
2961 657 3057 718 τῆς
3109 652 3287 717 θυσίας
3330 650 3692 733 πεφανέρωται
3719 668 3734 683 ’
3770 672 3798 704 ι

2150 739 2384 797 τουτέστι
2413 741 2546 817 μετὰ
2574 745 2675 807 τῆς
2718 743 2913 820 σαρκὸς
2957 740 3011 796 ἐν
3040 746 3118 815 τῷ
3145 741 3357 817 κόσμῳ,
3395 759 3425 800 (
3456 741 3556 798 Καὶ
3582 738 3802 795 καθόσον

2151 828 2429 885 ἀπόκειται
2474 829 2594 894 τοῖς
2651 829 2963 908 ἀνθρώποις.
3004 852 3028 886 ι
3117 829 3286 902 Απαξ,
3339 829 3487 909 φησὶ,
3546 828 3646 895 τὴν
3701 827 3799 883 ἁν-

2151 918 2467 995 θρωπότητα
2517 924 2690 975 πᾶσαν
2733 918 2902 998 ἐχρῆν
2950 918 3257 998 ἀποθανεῖν.
3317 923 3480 976 Τοῦτο
3537 918 3597 973 τὸ
3664 913 3802 982 ἅπαξ

2149 1008 2278 1085 ὑπὲρ
2307 1008 2462 1081 ἡμῶν
2506 996 2817 1063 ἆπὲθανενίδ
2873 1008 3120 1084 Χριστός,
3185 996 3358 1063 ιὨστιρε
3413 1007 3503 1062 καὶ
3559 1005 3799 1073 ἀποθνή-

2151 1116 2365 1159 σκοντες
2410 1103 2518 1174 νῦν,
2563 1095 2622 1152 οὗ
2677 1096 3003 1175 κρατούμεθα
3060 1095 3168 1152 ἀπὸ
3215 1102 3306 1152 τοῦ
3358 1096 3602 1167 θανάτου,
3648 1095 3676 1150 ὃ
3733 1099 3802 1170 τῇ

2150 1183 2385 1260 δυνάμει,
2421 1182 2537 1243 οὐδὲ
2585 1184 2871 1241 ἀποθανεῖν
2930 1182 3061 1243 ἔστι.
3132 1205 3155 1241 ιι
3190 1184 3369 1249 Οὕτως
3412 1184 3501 1241 καὶ
3566 1185 3598 1240 6
3660 1189 3799 1263 Χρι-

2150 1274 2296 1337 στός,
2357 1296 2380 1331 ιι
2435 1270 2651 1340 Ἐπειδὴ
2695 1272 2965 1353 ἅνθρωπος
3011 1274 3077 1341 ἧν
3135 1274 3268 1349 μετὰ
3310 1279 3404 1330 τοῦ
3444 1272 3588 1329 εἶναι
3644 1273 3797 1345 Θεὸς,

2147 1365 2236 1419 καὶ
2278 1364 2457 1442 αὐτὸς,
2518 1363 2670 1441 φησὶ,
2723 1363 2785 1418 τὸ
2839 1363 3014 1418 κοινὸν
3071 1368 3175 1418 τῶν
3246 1362 3531 1441 ἀνθρώπων
3573 1360 3799 1437 ὑπέμει-

2149 1474 2254 1514 νεν,
2305 1440 2541 1530 υιὶσπερ
2583 1452 2681 1529 γὰρ
2743 1454 2789 1506 οἱ
2843 1449 3104 1530 ἄνθρωποι
3162 1448 3299 1516 ἅπαξ
3344 1440 3794 1524 ἀποθνήσκουσιν,

2146 1540 2312 1605 οὕτως
2370 1540 2458 1596 καὶ
2516 1542 2544 1596 6
2602 1541 2857 1619 Χριστὸς,
2946 1537 3085 1606 ἅπαξ
3166 1540 3558 1619 προσενεχθεὶς,
3644 1539 3800 1601 αὐτὸς

2147 1633 2328 1689 ἑαυτὸν
2384 1630 2762 1709 προσενέγκας.
2829 1630 2901 1688 Οὐ
2954 1630 3053 1709 γάρ
3116 1631 3227 1688 ἐστι
3284 1630 3443 1707 μόνον
3496 1628 3796 1709 ἀρχιερεὺς,

2148 1719 2283 1776 ἀλλὰ
2340 1721 2426 1776 καὶ
2487 1724 2644 1795 θῦμα,
2703 1719 3034 1797 Ἐνενεγκεϊν
3105 1721 3384 1799 ἁμαρτίας.
3422 1741 3452 1779 ι
3512 1715 3799 1796 Ἀνήνεγκε

418 1807 605 1869 semel
627 1806 882 1882 oblatus,
898 1808 1029 1889 ipse
1048 1808 1130 1870 sei
1147 1827 1314 1889 psum
1342 1792 1582 1871 ob'ulit.
1606 1809 2065 1888 590$iquidem

2149 1811 2243 1874 τὰς
2300 1792 2559 1888 ἁμαρτίας
2613 1809 2717 1866 τῶν
2775 1792 3061 1888 ἁνθρῶπων
3088 1868 3091 1873 _
3117 1792 3194 1884 τῷ
3219 1792 3433 1889 ’Πατρὶ,
3482 1808 3576 1865 ἵνα
3644 1792 3796 1871 αὐτὸς

420 1913 540 1957 non
568 1903 798 1959 tantum
832 1896 1422 1977 estpontifex,sedet
1443 1898 1699 1960 victima.
1750 1923 1776 1953 α
1829 1898 2069 1959 Perfer-

418 1993 512 2047 ret
536 1995 796 2066 peccata.
830 2012 856 2043 η
888 1987 1140 2048 Pertulit
1169 2006 1236 2048 ac
1271 1987 1470 2049 retulit
1494 1987 1799 2049 hominum
1833 1995 2072 2069 peccata

416 2074 601 2151 Patri,
626 2086 689 2138 ut
712 2077 813 2139 ille
835 2076 1220 2145 condonaret.
1240 2078 1484 2159 ipsaque
1503 2076 2069 2149 deleret.Quam0b-

417 2182 545 2226 rem
605 2183 744 2228 vero
804 2166 971 2240 dixit,
1024 2167 1365 2241 Multorum,
1424 2174 1482 2229 et
1534 2185 1677 2239 non,
1739 2164 2070 2230 Omnium?

420 2254 569 2328 Quia
596 2274 712 2316 non
738 2274 947 2318 omnes
970 2256 1357 2318 crediderunt
1385 2278 1399 2337 ;
1438 2274 1647 2318 eorum
1679 2274 1937 2338 namque
1966 2259 2070 2337 qui

420 2344 673 2406 credunt
692 2344 884 2407 aufert
913 2354 1174 2425 peccata.
1212 2348 1479 2408 Mortuus
1501 2344 1659 2406 enim
1683 2353 2067 2408 estutomnes

420 2433 612 2495 salvos
632 2434 876 2509 faceret,
904 2435 1059 2515 quod
1080 2436 1151 2495 ad
1179 2435 1371 2515 ipsum
1388 2434 1666 2516 pertinet,
1692 2452 1896 2496 verum
1920 2454 2063 2515 pec-

418 2530 545 2582 cata
574 2522 717 2582 solis
741 2524 991 2585 remittit
1022 2522 1428 2585 credentibus.
1462 2524 1599 2595 Aut,
1642 2523 1718 2586 Ut
1749 2522 2064 2585 multorum

421 2610 714 2688 perferret
740 2619 981 2691 peccata
1003 2610 1062 2673 in
1093 2629 1270 2673 cruce
1294 2611 1441 2673 dicit
1467 2628 1482 2685 ;
1505 2618 1567 2671 ut
1586 2610 1716 2690 ipsa
1740 2611 1914 2671 etiam
1938 2628 2065 2671 exs-

418 2698 736 2778 tingueret,
770 2700 920 2762 dans
945 2719 1146 2781 poenas
1172 2720 1276 2781 pro
1301 2700 1467 2781 ipsis.
1521 2725 1546 2755 α
1593 2699 1818 2761 Rursus
1839 2697 2065 2778 absque

419 2797 688 2867 peccato.
730 2813 752 2847 ιθ
787 2789 903 2852 Aut
929 2790 1041 2851 hoc
1067 2790 1209 2851 dicit
1229 2789 1385 2871 quod
1407 2787 1559 2853 Uubi
1580 2808 1668 2849 rut
1686 2806 1786 2849 sus
1808 2788 2059 2869 venerit,

419 2896 537 2938 non
572 2877 734 2939 venit
764 2888 828 2940 ut
855 2879 1070 2942 iterum
1106 2879 1319 2941 debeat
1378 2897 1482 2960 pro
1544 2876 1802 2959 peccatis
1856 2879 2062 2939 vestris

420 2966 595 3043 mori,
620 2975 719 3029 aut
746 2968 927 3048 quod,
949 2988 1066 3030 non
1114 2968 1369 3049 amplius
1410 2966 1687 3029 liberabit
1720 2984 1823 3027 vos
1864 2975 2001 3028 tunc
2030 2985 2065 3028 a

420 3055 703 3134 peccatis,
742 3057 895 3119 sicut
922 3057 1049 3138 ipsa
1082 3076 1237 3119 nunc
1295 3057 1485 3118 aufert
1518 3077 1531 3117 :
1595 3064 1696 3117 aut
1745 3053 1903 3135 quod
1935 3054 2062 3117 Non

2152 1899 2481 1978 συγχωρήσῃ
2525 1897 2610 1954 καὶ
2663 1895 2930 1978 ἐξαλείψῃ,
2956 1897 3135 1961 αὒτάς.
3173 1898 3270 1954 Διὰ
3297 1898 3346 1953 τί
3386 1895 3441 1953 δὲ
3471 1897 3616 1971 εἶπε,
3663 1894 3799 1954 Πολ-

2151 1986 2281 2061 λῶν,
2312 1989 2401 2043 καὶ
2432 1987 2531 2061 μὴ,
2576 1987 2842 2066 Πάντωνς
2898 1977 3025 2045 ’Ὀτι
3080 1987 3158 2062 μὴ
3216 1986 3408 2050 πάντες
3465 1986 3794 2047 ἐπίστευσαν.

2150 2083 2266 2135 Τῶν
2349 2077 2448 2155 γὰρ
2530 2077 2882 2134 πιστευόντων
2964 2076 3269 2158 ἀφαιρεῖται
3353 2076 3446 2139 τὰς
3514 2076 3794 2153 ἁμαρτίας.

2152 2163 2405 2223 Ἀπέθανε
2435 2168 2554 2245 γὰρ,
2589 2168 2661 2231 εἷς
2713 2168 2774 2222 τὸ
2811 2166 3010 2229 πάντας
3070 2171 3261 2244 σῶσαι,
3318 2165 3378 2221 τό
3434 2186 3495 2241 γε
3550 2164 3681 2232 ἧκον
3723 2166 3796 2227 είς

2150 2255 2327 2333 αὺτὸν,
2361 2256 2455 2318 τὰς
2489 2252 2543 2311 δὲ
2587 2256 2840 2335 ἁμαρτίας
2892 2254 3075 2334 ἀφίησι
3127 2267 3244 2317 τοῖς
3313 2262 3532 2317 πιστοῖς
3587 2252 3795 2328 μόνοις,

2171 2350 2213 2398 Η
2276 2345 2361 2423 τὸ,
2423 2346 2510 2406 Εἷς
2554 2345 2614 2399 τὸ
2671 2342 2883 2400 πολλῶν
2925 2343 3228 2421 ἁνενεγκεῖν
3270 2343 3552 2422 ἁμαγτίας,
3612 2344 3666 2398 ἓν
3720 2345 3799 2415 τῷ

2148 2438 2377 2511 σταυρῷ,
2452 2434 2633 2513 φησὶν,
2702 2432 2796 2489 ’ἕνα
2863 2432 3022 2496 αὐτὰς
3080 2432 3167 2488 καὶ
3222 2429 3411 2508 σϐέσῃ,
3468 2428 3633 2494 διδοὺς
3694 2431 3793 2497 τὴν

2146 2520 2275 2600 ὑπὲρ
2300 2521 2471 2577 αὐτῶν
2501 2520 2672 2589 δίκην.
2733 2545 2754 2576 ι
2810 2519 2906 2578 Ἐκ
2931 2519 3169 2601 δευτέρου
3222 2521 3391 2600 χωρὶς
3448 2520 3727 2599 ἁμαρτίας,
3763 2543 3791 2574 ι

2166 2617 2211 2667 Η
2280 2618 2436 2668 τοῦτο
2494 2610 2658 2689 λέγει,
2719 2612 2798 2667 ὅτι
2855 2608 2953 2669 Ἐκ
3000 2609 3236 2688 δευτέρου
3305 2610 3621 2689 ἐρχόμενος,
3693 2608 3798 2688 οὐχ

2152 2698 2257 2766 ἥξει
2302 2699 2461 2756 πάλιν
2518 2698 2601 2756 διὰ
2643 2701 2737 2763 τὰς
2793 2702 2939 2776 ὑμῶν
3009 2700 3266 2779 ἁμαρτίας
3323 2697 3545 2779 ὀφείλων
3593 2698 3799 2754 ἀποθα-

2146 2803 2255 2846 νεῖν
2288 2808 2300 2826 ⁸
2360 2789 2422 2864 ἢ,
2479 2788 2559 2845 ὅτι
2617 2789 2801 2849 Οὒκέτι
2871 2790 3075 2867 ῥύσεται
3158 2789 3292 2862 ὑμᾶς
3352 2789 3469 2844 τότε
3527 2788 3801 2866 ἁμαρτιῶν

2145 2878 2323 2957 ὥσπερ
2352 2879 2440 2933 καὶ
2469 2885 2555 2933 νῦν
2597 2878 2832 2958 ἀφαιρῶν
2885 2879 3042 2941 αὐτάς
3078 2896 3091 2909 ³
3138 2875 3199 2955 ἢ,
3231 2874 3312 2932 ὅτι
3352 2880 3468 2955 Οὐχ
3496 2876 3795 2954 ἁμαρτήσει

2143 2965 2379 3037 κολάζων
2433 2968 2551 3032 τοὺς
2602 2967 2794 3030 αἱτίους
2844 2968 2932 3024 καὶ
2987 2966 3234 3049 ἐνόχους,
3290 2964 3377 3023 διὰ
3415 2967 3476 3023 τὸ
3548 2987 3788 3043 σταυρω-

2146 3059 2298 3122 θῆναι
2362 3054 2491 3135 ὑπὲρ
2546 3056 2725 3130 ἡμῶν.
2787 3054 3114 3134 [ΟΙΚΟΥΜ.]
3192 3065 3294 3116 Νῦν
3364 3056 3464 3134 γὰρ
3534 3053 3790 3133 ἁμαρτίαν

421 3143 713 3225 peccabit,
739 3164 879 3208 reos
901 3144 1891 3227 etpeccatisobnoxiospuniens,eo
1906 3145 2061 3225 quod

2148 3146 2374 3213 ποιήσας
2407 3146 2560 3200 αύτὸν
2589 3146 2617 3200 6
2649 3146 2830 3215 Πατὴρ
2886 3143 3116 3220 ἔπεμψε.
3180 3146 3277 3203 Καὶ
3327 3146 3427 3223 γὰρ
3479 3144 3544 3212 ἦν
3597 3139 3791 3223 σφόδρα

421 3252 527 3307 pro
548 3233 720 3297 nobis
745 3236 1061 3298 cruciﬁxus
1084 3236 1180 3297 sit.
1212 3271 1270 3282 -
1332 3238 1503 3299 Nunc
1528 3234 1686 3297 enim
1711 3235 1881 3294 Pater
1907 3233 2068 3295 misit

416 3320 613 3401 ipsum
629 3323 843 3386 factum
862 3334 1167 3407 peccatum
1181 3324 1433 3387 .Etenim
1454 3324 1725 3387 Christus
1741 3321 2065 3384 vehemen-

417 3418 515 3472 ter
535 3420 809 3492 peccator
832 3423 978 3491 erat,
1007 3414 1187 3496 utqui
1228 3415 1408 3477 totius
1448 3412 1651 3475 mundi
1695 3420 1933 3492 peccata
1963 3430 2066 3472 as-

417 3511 775 3582 sumpserat,
802 3504 1035 3586 sibique
1062 3504 1299 3585 propria
1348 3503 1608 3567 fecerat:
1642 3501 1748 3563 sed
1782 3499 1932 3561 datis
1962 3519 2069 3583 per

420 3607 658 3653 crucem
692 3592 884 3673 poenis
912 3612 1042 3675 quae
1073 3593 1247 3655 nobis
1296 3592 1709 3674 peccatoribus
1741 3591 2065 3654 convenie-

419 3677 559 3740 bant
576 3699 646 3742 ac
668 3680 1061 3759 debebantur,
1095 3682 1468 3764 postmodum
1496 3686 1631 3745 c'um
1659 3684 1906 3742 Paterna
1930 3699 2065 3745 ven-

418 3774 584 3831 turus
615 3776 706 3834 est
733 3771 939 3850 gloria,
975 3791 1091 3834 non
1121 3772 1237 3850 jam
1274 3783 1547 3852 tanquam
1567 3778 1840 3853 peccator
1855 3783 2062 3839 etcum

421 3854 643 3945 iniquis
674 3868 1002 3939 reputatus.
1053 3859 1220 3933 Quod
1285 3861 1441 3922 enim
1489 3861 1758 3926 Christus
1789 3875 2067 3945 peccator

418 3942 620 4020 fuerit,
652 3946 830 4011 audi:
865 3947 1013 4010 Eum
1047 3949 1147 4030 qui
1180 3958 1486 4030 peccatum
1520 3968 1638 4012 non
1670 3942 1935 4028 noverat,
1965 3954 2064 4015 in-

418 4033 568 4132 quit,
630 4054 735 4115 pro
792 4036 966 4099 nobis
1020 4046 1324 4118 peccatum
1381 4038 1540 4113 fecit,
1605 4046 1878 4122 tanquam
1938 4062 2066 4105 rem

419 4139 605 4201 ipsam
639 4143 772 4205 quae
801 4134 1106 4206 peccatum
1140 4135 1249 4189 est.

498 4210 571 4291 X,
608 4214 739 4278 1-4.
771 4214 932 4276 Nam
981 4214 1079 4277 lea:
1126 4215 1405 4279 umbram
1455 4218 1686 4280 habens
1710 4220 2057 4296 futurorum

424 4299 742 4384 bonorum,
777 4322 891 4366 non
922 4306 1115 4384 ipsam
1138 4307 1467 4388 imaginem
1498 4307 2061 4387 rerum,hishostiis

417 4406 571 4471 quas
598 4390 853 4472 singulis
880 4396 1061 4456 annis
1100 4393 1331 4455 easdem
1362 4396 1744 4457 continenter
1772 4398 2056 4476 offerunt.

2148 3231 2462 3313 ἁμαρτωλὸς
2533 3235 2561 3289 6
2614 3235 2860 3312 Χριστὸς,
2922 3234 2995 3297 ὡς
3042 3234 3135 3299 τὰς
3192 3235 3282 3290 τοῦ
3337 3233 3536 3296 παντὸς
3593 3231 3793 3307 κόσμου

2149 3320 2424 3379 ἀναλαϐὼν
2480 3322 2568 3379 καὶ
2639 3323 3048 3398 οἰκειωσάμενος
3112 3324 3390 3403 ἁμαρτίας,
3464 3319 3630 3378 Ἀλλὰ
3696 3320 3794 3388 τὴν

2147 3414 2283 3489 ἡμῖν
2312 3426 2429 3477 τοῖς
2486 3411 2828 3492 ἁμαρτωλοῖς
2884 3416 3253 3493 προσήκουσαν
3302 3415 3391 3470 καὶ
3444 3410 3794 3490 ὀφειλομένην

2148 3499 2296 3568 δίκην
2339 3498 2507 3566 διδοὺς
2564 3499 2648 3557 διὰ
2698 3511 2789 3560 τοῦ
2819 3510 3061 3581 σταυροῦ,
3119 3499 3305 3558 λοιπὸν
3360 3500 3497 3576 μετὰ
3535 3503 3635 3565 τῆς
3690 3504 3797 3554 Πα-

2145 3593 2317 3673 τρῴας
2381 3591 2486 3659 ἥξει
2527 3591 2704 3663 δόξης,
2765 3591 2936 3651 οὐκέτι
2992 3595 3065 3673 ὡς
3119 3592 3434 3671 ἁμαρτωλὸς
3502 3590 3592 3647 καὶ
3662 3589 3796 3665 μετὰ

2146 3682 2359 3758 ἀνόμων
2437 3680 2943 3761 καταλογιζόμενος.
3026 3672 3040 3695 ”
3064 3690 3161 3739 Οτι
3230 3681 3329 3760 γὰρ
3385 3677 3695 3756 ἁμαρτωλὸς
3765 3680 3794 3734 6

2147 3772 2394 3849 Χριστὸς,
2441 3766 2620 3830 ἄκουε.
2667 3771 2768 3828 Τὸν
2820 3770 2920 3850 γὰρ
2975 3773 3054 3846 μὴ
3111 3769 3325 3848 γνόντα,
3385 3771 3567 3849 φησὶν,
3612 3768 3790 3846 ἁμαρ-

2147 3859 2283 3940 τίαν,
2315 3859 2443 3940 ὑπὲρ
2490 3862 2643 3936 ἡμῶν
2691 3859 2948 3939 ἁμαρτίαν
3002 3859 3270 3933 ἐποίησεν,
3316 3861 3433 3915 οἷον
3475 3857 3795 3937 αὐτόχρημα

2148 3950 2402 4027 ἁμαρτίαν
2412 3998 2426 4013 ,

2229 4240 2256 4271 α
2315 4215 2477 4272 Σκιὰν
2531 4216 2631 4295 γὰρ
2685 4215 2828 4296 ἔχων
2885 4218 2913 4272 6
2967 4216 3128 4292 νόμος
3159 4222 3264 4272 τῶν
3294 4213 3597 4291 μελλόντων
3649 4216 3790 4294 ἁγα-

2143 4309 2270 4385 θὼν,
2330 4305 2423 4361 οὒκ
2479 4304 2642 4371 αὐτὴν
2694 4306 2794 4372 τὴν
2849 4304 3026 4361 εὶκόνα
3095 4310 3200 4360 τῶν
3264 4306 3614 4382 πραγμάτων,
3672 4301 3794 4361 κατ’

2144 4393 2378 4450 ἐνιαυτὸν
2460 4406 2582 4457 ταῖς
2688 4397 2877 4457 αὐταῖς
2970 4394 3169 4457 θυσίαις
3269 4393 3331 4457 ἃς
3413 4390 3789 4475 προσφέρουσιν

417 4497 734 4572 nunquam
776 4488 970 4563 potest
1015 4482 1362 4546 accedentes
1416 4485 1716 4564 per/crtus
1785 4488 2057 4552 reddere.

2148 4484 2215 4547 εἰς
2269 4484 2332 4539 τὸ
2390 4480 2652 4558 διηνεκὲς,
2724 4480 2970 4539 οὐδέποτε
3040 4480 3280 4539 δύνανται
3355 4484 3478 4545 τοὺς
3563 4504 3792 4563 προσερ-

412 4569 656 4648 Alioqui
682 4588 884 4634 nonne
921 4572 1236 4635 desiissent
1285 4572 1493 4653 afferri
1548 4582 1870 4654 propterea
1899 4579 2064 4658 quod

420 4661 547 4736 iam
576 4659 815 4723 nullam
846 4660 1200 4724 habuissent
1228 4668 1655 4724 conscientiam
1685 4673 2062 4742 peccatorum

417 4751 521 4827 qui
542 4749 983 4831 sgcriﬁcassent
1011 4768 1080 4813 ac
1105 4753 1287 4814 semet
1304 4754 1563 4832 purgati
1590 4752 1834 4813 essent?
1871 4755 2063 4836 Atqui

414 4842 482 4898 in
511 4838 647 4900 istis
675 4841 1157 4903 commemoratio
1202 4841 1271 4920 fit
1307 4848 1693 4921 peccatorum
1726 4846 2061 4920 quotannis

409 4924 551 4988 Non
578 4932 740 4989 enim
766 4934 960 5009 potest
986 4931 1240 5010 sanguis
1290 4938 1612 4994 taurorum
1658 4936 1718 4991 et
1747 4929 2059 4994 hircorum

421 5016 667 5095 auferre
689 5025 960 5097 peccata.
1322 5076 1342 5085 -

506 5129 528 5161 ιι
562 5102 844 5168 Umbram
870 5106 1098 5170 habens
1119 5107 1232 5169 lex.
1268 5132 1291 5163 η
1334 5106 1560 5188 Typum
1592 5106 1875 5169 duntaxat
1898 5107 2060 5172 futu-

413 5211 616 5255 rorum
658 5193 972 5272 bonorum,
1009 5196 1140 5259 novi
1170 5196 1449 5260 videlicet
1493 5200 1849 5258 testamenti.
1887 5197 2062 5261 Potes

416 5290 473 5342 et
502 5281 615 5344 hoc
648 5282 823 5345 modo
857 5284 1220 5365 intelligere.
1256 5289 1305 5350 A
1339 5285 1471 5347 divo
1506 5283 2059 5369 GregorioinApo-

405 5369 668 5451 togetico
699 5371 827 5434 etin
845 5374 1135 5438 Oratione
1147 5376 1227 5438 ad
1238 5374 1694 5446 subditosﬂicta
1710 5383 1844 5437 sunt
1857 5394 1924 5437 ea
1936 5395 2067 5458 quae

419 5477 578 5521 nunc
608 5468 862 5539 aguntur
893 5479 960 5524 ac
992 5471 1317 5527 tractantur
1346 5464 1651 5545 mysteria,
1705 5465 2068 5546 exemplaria

422 5564 554 5635 esse
583 5549 875 5629 majorum
902 5552 1035 5614 39!
1092 5548 1535 5633 mysteriorum.
1595 5554 1974 5635 Rursumque
2004 5554 2066 5615 in

423 5634 578 5698 libro
599 5638 693 5702 De
708 5640 1156 5704 resurrectione
1182 5658 1196 5703 :
1230 5640 1582 5724 Participes,
1614 5640 1834 5723 inquit,
1866 5634 2070 5705 Sumus

434 5726 680 5794 Pascbae
708 5744 723 5793 :
758 5745 914 5791 nunc
938 5729 1177 5812 quidem
1207 5730 1399 5793 adhuc
1443 5730 1662 5812 typice,
1692 5731 2071 5811 postmodum

2145 4569 2405 4653 χομένοξς
2434 4569 2734 4633 τελειῶσαι.
2769 4567 2918 4628 Ἐπεὶ
2947 4573 3042 4628 οὐκ
3069 4570 3131 4627 ἂν
3160 4571 3454 4629 ἐπαύσαντο
3494 4574 3791 4653 προσφερό-

2145 4683 2298 4737 μεναι
2327 4659 2411 4717 διὰ
2464 4661 2525 4716 τὸ
2569 4657 2830 4736 μηδεμίαν
2873 4658 3028 4741 ἔχειν
3070 4659 3144 4717 ἔτι
3204 4658 3494 4729 συνείδησιν
3524 4661 3794 4740 ἁμαρτιῶν

2143 4751 2263 4813 τοὺς
2294 4747 2635 4827 λατρεύοντας
2677 4746 2816 4814 ἅπαξ
2844 4749 3261 4827 κεκαθαρμένους
3296 4768 3313 4823 ;
3345 4746 3493 4807 Ἀλλ’
3521 4753 3575 4806 ὲν
3604 4752 3791 4812 αὒταϊς

2144 4839 2436 4916 ὁνάμνησις
2519 4839 2814 4918 ἁμαρτιῶν,
2922 4838 3041 4895 κατ’
3136 4838 3397 4898 ὶνιαυτόν.
3512 4835 3793 4896 Ἀδύνατον

2143 4929 2242 5007 γὰρ
2334 4931 2474 5004 αἷμα
2563 4927 2762 5007 ταύρων
2848 4927 2936 4984 καὶ
3014 4928 3220 5008 τράγων
3291 4929 3534 5008 ἀφαιρεῖν
3618 4928 3789 5006 ἁμαρ·

2141 5020 2276 5081 τίας.
2318 5043 2339 5072 ο

2230 5127 2253 5161 α
2313 5106 2475 5162 Σκιὰν
2530 5106 2630 5186 γὰρ
2692 5103 2836 5186 ἔχων
2877 5107 2906 5161 6
2948 5105 3134 5181 νόμος.
3202 5129 3226 5164 n
3291 5106 3463 5165 Τύπον
3493 5106 3656 5180 μόνον
3684 5109 3790 5161 τῶν

2143 5194 2445 5272 μελλόντων
2509 5194 2738 5274 ἂγαθών,
2812 5197 2910 5263 τῆς
2992 5194 3110 5258 νέας
3199 5192 3454 5266 διαθήκης
3518 5192 3789 5261 δηλονότι.

2150 5286 2290 5361 Δύνῃ
2346 5285 2434 5340 καὶ
2489 5282 2654 5348 οὕτως
2737 5287 2948 5350 νοῆσαι,
3032 5317 3103 5328 —
3173 5280 3496 5366 [ΟΙΚΟΥΜ.]
3567 5281 3791 5362 Εἴρηται

2146 5382 2222 5449 τῷ
2304 5372 2359 5429 ἐν
2440 5373 2605 5451 ἁγίοις
2686 5372 2958 5451 Γρηγορίσρ
3066 5372 3120 5429 ἐν
3202 5374 3280 5448 τῷ
3361 5371 3790 5452 Ἀπολογητικῷ,

2148 5465 2233 5520 καὶ
2316 5461 2371 5517 ἐν
2452 5467 2530 5536 τῷ
2616 5463 2748 5541 Πρὸς
2832 5463 2953 5525 τοὺς
3035 5460 3488 5536 πολιτευομένους,
3572 5461 3639 5519 τὰ
3706 5466 3796 5518 νῦν

2147 5557 2267 5611 θετα
2324 5552 2609 5631 μυστήρια,
2657 5550 2908 5613 ἀντίτυπα
2962 5552 3104 5609 εἶναι
3162 5552 3416 5628 μειζόνων
3471 5549 3792 5630 μυστηρίων.

2154 5642 2252 5700 Καὶ
2331 5640 2491 5698 πάλιν
2573 5641 2628 5697 ἂν
2709 5645 2787 5717 τῷ
2868 5640 2992 5720 Περὶ
3072 5640 3407 5705 ἀναστάσεως
3441 5656 3454 5669 ’
3548 5637 3796 5706 Macula.-

2153 5731 2361 5807 ψόμεθα
2402 5729 2492 5788 τοῦ
2545 5730 2762 5811 Πάσχα,
2820 5730 2970 5812 φησὶ,
3016 5738 3105 5790 νῦν
3149 5728 3244 5806 μὲν
3302 5733 3558 5803 τυπικῶς,
3603 5726 3680 5784 ἔτι
3722 5728 3795 5792 εἰς
