  <div class='ocr_page' id='page_1' title='image "/cluster/home/n/w/nwhite01/storage/ocr_20150623/119/hvd.32044073502494/201.png"; bbox 0 0 4180 6212; ppageno 0'>
   <div class='ocr_carea' id='block_1_1' title="bbox 456 302 573 372">
    <p class='ocr_par' dir='ltr' id='par_1_1' title="bbox 456 302 573 372">
     <span class='ocr_line' id='line_1_1' title="bbox 456 302 573 372; baseline 0.026 -3"><span class='ocrx_word' id='word_1_1' title='bbox 456 302 573 372; x_wconf 90' lang='lat'><strong><em>387</em></strong></span> 
     </span>
    </p>
   </div>
   <div class='ocr_carea' id='block_1_2' title="bbox 1065 442 1501 508">
    <p class='ocr_par' dir='ltr' id='par_1_2' title="bbox 1065 442 1501 508">
     <span class='ocr_line' id='line_1_2' title="bbox 1065 442 1501 508; baseline -0.005 0"><span class='ocrx_word' id='word_1_2' title='bbox 1065 442 1305 508; x_wconf 88' lang='lat' dir='ltr'><strong><em>CAPUT</em></strong></span> <span class='ocrx_word' id='word_1_3' title='bbox 1348 443 1501 508; x_wconf 85' lang='lat' dir='ltr'><strong>XIII.</strong></span> 
     </span>
    </p>
   </div>
   <div class='ocr_carea' id='block_1_3' title="bbox 456 536 2094 680">
    <p class='ocr_par' dir='ltr' id='par_1_3' title="bbox 456 536 2094 680">
     <span class='ocr_line' id='line_1_3' title="bbox 456 536 2094 678; baseline 0.007 -80"><span class='ocrx_word' id='word_1_4' title='bbox 456 536 886 599; x_wconf 75' lang='lat' dir='ltr'><strong><em>Testimonium</em></strong></span> <span class='ocrx_word' id='word_1_5' title='bbox 915 536 988 599; x_wconf 83' lang='lat' dir='ltr'><strong><em>de</em></strong></span> <span class='ocrx_word' id='word_1_6' title='bbox 1026 540 1158 600; x_wconf 86' lang='lat' dir='ltr'><strong><em>sola</em></strong></span> <span class='ocrx_word' id='word_1_7' title='bbox 1172 538 1623 678; x_wconf 59' lang='lat' dir='ltr'><strong><em>(puriﬁcatione</em></strong></span> <span class='ocrx_word' id='word_1_8' title='bbox 1649 549 1704 604; x_wconf 89' lang='lat' dir='ltr'><strong><em>et</em></strong></span> <span class='ocrx_word' id='word_1_9' title='bbox 1732 560 1975 608; x_wconf 83' lang='lat' dir='ltr'><strong><em>accessu</em></strong></span> <span class='ocrx_word' id='word_1_10' title='bbox 2011 549 2094 610; x_wconf 86' lang='lat' dir='ltr'><strong><em>ad</em></strong></span> 
     </span>
     <span class='ocr_line' id='line_1_4' title="bbox 1226 636 1382 680; baseline -0.013 -1"><span class='ocrx_word' id='word_1_11' title='bbox 1226 636 1382 680; x_wconf 87' lang='lat' dir='ltr'><strong><em>eum.</em></strong></span> 
     </span>
    </p>
   </div>
   <div class='ocr_carea' id='block_1_4' title="bbox 531 710 2087 791">
    <p class='ocr_par' dir='ltr' id='par_1_4' title="bbox 531 710 2087 791">
     <span class='ocr_line' id='line_1_5' title="bbox 531 710 2087 791; baseline 0.007 -18"><span class='ocrx_word' id='word_1_12' title='bbox 531 710 778 786; x_wconf 82' lang='lat' dir='ltr'><strong><em>X,5-IO.</em></strong></span> <span class='ocrx_word' id='word_1_13' title='bbox 803 710 1182 791; x_wconf 76' lang='lat' dir='ltr'><strong><em>Quapropter</em></strong></span> <span class='ocrx_word' id='word_1_14' title='bbox 1202 712 1547 790; x_wconf 76' lang='lat' dir='ltr'><strong><em>ingrediens</em></strong></span> <span class='ocrx_word' id='word_1_15' title='bbox 1566 719 1867 780; x_wconf 82' lang='lat' dir='ltr'><strong><em>mundum</em></strong></span> <span class='ocrx_word' id='word_1_16' title='bbox 1900 719 2050 784; x_wconf 77' lang='lat' dir='ltr'><strong><em>dicit</em></strong></span> <span class='ocrx_word' id='word_1_17' title='bbox 2074 740 2087 784; x_wconf 91' lang='lat'>:</span> 
     </span>
    </p>
   </div>
   <div class='ocr_carea' id='block_1_5' title="bbox 446 799 2092 886">
    <p class='ocr_par' dir='ltr' id='par_1_5' title="bbox 446 799 2092 886">
     <span class='ocr_line' id='line_1_6' title="bbox 446 799 2092 886; baseline 0.005 -22"><span class='ocrx_word' id='word_1_18' title='bbox 446 800 835 882; x_wconf 81' lang='lat' dir='ltr'><strong><em>Sacriﬁcium</em></strong></span> <span class='ocrx_word' id='word_1_19' title='bbox 863 807 919 863; x_wconf 89' lang='lat' dir='ltr'><strong><em>et</em></strong></span> <span class='ocrx_word' id='word_1_20' title='bbox 944 799 1306 862; x_wconf 74' lang='lat' dir='ltr'><strong><em>oblationem</em></strong></span> <span class='ocrx_word' id='word_1_21' title='bbox 1345 801 1615 877; x_wconf 83' lang='lat' dir='ltr'><strong><em>noluisti,</em></strong></span> <span class='ocrx_word' id='word_1_22' title='bbox 1650 823 1868 886; x_wconf 86' lang='lat' dir='ltr'><strong><em>corpus</em></strong></span> <span class='ocrx_word' id='word_1_23' title='bbox 1888 816 2092 873; x_wconf 80' lang='lat' dir='ltr'><strong><em>autem</em></strong></span> 
     </span>
    </p>
   </div>
   <div class='ocr_carea' id='block_1_6' title="bbox 446 888 2091 978">
    <p class='ocr_par' dir='ltr' id='par_1_6' title="bbox 446 888 2091 978">
     <span class='ocr_line' id='line_1_7' title="bbox 446 888 2091 978; baseline 0.005 -26"><span class='ocrx_word' id='word_1_24' title='bbox 446 891 674 970; x_wconf 83' lang='lat' dir='ltr'><strong><em>optasti</em></strong></span> <span class='ocrx_word' id='word_1_25' title='bbox 683 888 857 978; x_wconf 78' lang='lat' dir='ltr'><strong><em>mihi.</em></strong></span> <span class='ocrx_word' id='word_1_26' title='bbox 867 888 1361 978; x_wconf 79' lang='lat' dir='ltr'><strong><em>Holocautomata</em></strong></span> <span class='ocrx_word' id='word_1_27' title='bbox 1373 898 1432 952; x_wconf 77' lang='lat' dir='ltr'><strong><em>ei</em></strong></span> <span class='ocrx_word' id='word_1_28' title='bbox 1451 910 1564 970; x_wconf 81' lang='lat' dir='ltr'><strong><em>pro</em></strong></span> <span class='ocrx_word' id='word_1_29' title='bbox 1571 905 1815 973; x_wconf 83' lang='lat' dir='ltr'><strong><em>peccato</em></strong></span> <span class='ocrx_word' id='word_1_30' title='bbox 1829 915 1950 959; x_wconf 87' lang='lat' dir='ltr'><strong><em>non</em></strong></span> <span class='ocrx_word' id='word_1_31' title='bbox 1961 899 2091 978; x_wconf 83' lang='lat' dir='ltr'><strong><em>pla-</em></strong></span> 
     </span>
    </p>
   </div>
   <div class='ocr_carea' id='block_1_7' title="bbox 445 977 2090 1065">
    <p class='ocr_par' dir='ltr' id='par_1_7' title="bbox 445 977 2090 1065">
     <span class='ocr_line' id='line_1_8' title="bbox 445 977 2090 1065; baseline 0.006 -24"><span class='ocrx_word' id='word_1_32' title='bbox 445 985 705 1041; x_wconf 76' lang='lat' dir='ltr'><strong><em>cuerunt</em></strong></span> <span class='ocrx_word' id='word_1_33' title='bbox 727 977 835 1041; x_wconf 83' lang='lat' dir='ltr'><strong><em>tibi</em></strong></span> <span class='ocrx_word' id='word_1_34' title='bbox 858 996 875 1039; x_wconf 91' lang='lat'><strong><em>:</em></strong></span> <span class='ocrx_word' id='word_1_35' title='bbox 893 986 1036 1040; x_wconf 88' lang='lat' dir='ltr'><strong><em>tunc</em></strong></span> <span class='ocrx_word' id='word_1_36' title='bbox 1049 978 1206 1040; x_wconf 67' lang='lat' dir='ltr'><strong><em>dixi:</em></strong></span> <span class='ocrx_word' id='word_1_37' title='bbox 1218 977 1372 1041; x_wconf 84' lang='lat' dir='ltr'><strong><em>Ecce</em></strong></span> <span class='ocrx_word' id='word_1_38' title='bbox 1385 980 1607 1043; x_wconf 82' lang='lat' dir='ltr'><em>adsum</em></span> <span class='ocrx_word' id='word_1_39' title='bbox 1640 982 1713 1046; x_wconf 87' lang='lat' dir='ltr'><strong><em>In</em></strong></span> <span class='ocrx_word' id='word_1_40' title='bbox 1728 990 1928 1065; x_wconf 78' lang='lat' dir='ltr'><strong><em>capite</em></strong></span> <span class='ocrx_word' id='word_1_41' title='bbox 1943 977 2090 1051; x_wconf 81' lang='lat' dir='ltr'><strong><em>libri</em></strong></span> 
     </span>
    </p>
   </div>
   <div class='ocr_carea' id='block_1_8' title="bbox 442 1067 2086 1148">
    <p class='ocr_par' dir='ltr' id='par_1_8' title="bbox 442 1067 2086 1148">
     <span class='ocr_line' id='line_1_9' title="bbox 442 1067 2086 1148; baseline 0.006 -19"><span class='ocrx_word' id='word_1_42' title='bbox 442 1069 732 1147; x_wconf 85' lang='lat' dir='ltr'><strong><em>scriptum</em></strong></span> <span class='ocrx_word' id='word_1_43' title='bbox 773 1074 857 1129; x_wconf 84' lang='lat' dir='ltr'><strong><em>est</em></strong></span> <span class='ocrx_word' id='word_1_44' title='bbox 893 1067 965 1129; x_wconf 86' lang='lat' dir='ltr'><strong><em>de</em></strong></span> <span class='ocrx_word' id='word_1_45' title='bbox 985 1086 1075 1126; x_wconf 89' lang='lat' dir='ltr'><strong><em>me</em></strong></span> <span class='ocrx_word' id='word_1_46' title='bbox 1108 1073 1176 1130; x_wconf 90' lang='lat' dir='ltr'><strong><em>ut</em></strong></span> <span class='ocrx_word' id='word_1_47' title='bbox 1213 1067 1461 1148; x_wconf 82' lang='lat' dir='ltr'><strong><em>faciam,</em></strong></span> <span class='ocrx_word' id='word_1_48' title='bbox 1506 1070 1681 1144; x_wconf 64' lang='lat' dir='ltr'><strong><em>Deus,</em></strong></span> <span class='ocrx_word' id='word_1_49' title='bbox 1718 1076 2086 1139; x_wconf 75' lang='lat' dir='ltr'><strong><em>voluntatem</em></strong></span> 
     </span>
    </p>
   </div>
   <div class='ocr_carea' id='block_1_9' title="bbox 446 1155 2084 1237">
    <p class='ocr_par' dir='ltr' id='par_1_9' title="bbox 446 1155 2084 1237">
     <span class='ocr_line' id='line_1_10' title="bbox 446 1155 2084 1237; baseline 0.005 -19"><span class='ocrx_word' id='word_1_50' title='bbox 446 1155 945 1236; x_wconf 80' lang='lat' dir='ltr'><strong><em>tuam.Superius</em></strong></span> <span class='ocrx_word' id='word_1_51' title='bbox 966 1173 1096 1217; x_wconf 82' lang='lat' dir='ltr'><strong><em>cum</em></strong></span> <span class='ocrx_word' id='word_1_52' title='bbox 1115 1157 1267 1218; x_wconf 79' lang='lat' dir='ltr'><strong><em>dicit</em></strong></span> <span class='ocrx_word' id='word_1_53' title='bbox 1296 1174 1314 1217; x_wconf 93' lang='lat'><em>:</em></span> <span class='ocrx_word' id='word_1_54' title='bbox 1341 1158 1718 1237; x_wconf 82' lang='lat' dir='ltr'><strong><em>Sacri/icium</em></strong></span> <span class='ocrx_word' id='word_1_55' title='bbox 1736 1172 1794 1224; x_wconf 84' lang='lat' dir='ltr'><strong><em>et</em></strong></span> <span class='ocrx_word' id='word_1_56' title='bbox 1822 1164 2084 1228; x_wconf 82' lang='lat' dir='ltr'><strong><em>oblatio-</em></strong></span> 
     </span>
    </p>
   </div>
   <div class='ocr_carea' id='block_1_10' title="bbox 439 1244 2087 1335">
    <p class='ocr_par' dir='ltr' id='par_1_10' title="bbox 439 1244 2087 1335">
     <span class='ocr_line' id='line_1_11' title="bbox 439 1244 2087 1335; baseline 0.007 -30"><span class='ocrx_word' id='word_1_57' title='bbox 439 1262 577 1306; x_wconf 86' lang='lat' dir='ltr'><strong><em>nem</em></strong></span> <span class='ocrx_word' id='word_1_58' title='bbox 597 1252 649 1308; x_wconf 91' lang='lat' dir='ltr'><strong><em>et</em></strong></span> <span class='ocrx_word' id='word_1_59' title='bbox 661 1244 1147 1335; x_wconf 86' lang='lat' dir='ltr'><strong><em>holocautomata</em></strong></span> <span class='ocrx_word' id='word_1_60' title='bbox 1161 1252 1217 1307; x_wconf 87' lang='lat' dir='ltr'><strong><em>et</em></strong></span> <span class='ocrx_word' id='word_1_61' title='bbox 1232 1263 1347 1325; x_wconf 85' lang='lat' dir='ltr'><strong><em>pro</em></strong></span> <span class='ocrx_word' id='word_1_62' title='bbox 1361 1256 1600 1326; x_wconf 83' lang='lat' dir='ltr'><strong><em>peccato</em></strong></span> <span class='ocrx_word' id='word_1_63' title='bbox 1617 1252 2087 1335; x_wconf 81' lang='lat' dir='ltr'><strong><em>noluisti,neque</em></strong></span> 
     </span>
    </p>
   </div>
   <div class='ocr_carea' id='block_1_11' title="bbox 433 1334 2085 1419">
    <p class='ocr_par' dir='ltr' id='par_1_11' title="bbox 433 1334 2085 1419">
     <span class='ocr_line' id='line_1_12' title="bbox 433 1334 2085 1419; baseline 0.007 -25"><span class='ocrx_word' id='word_1_64' title='bbox 433 1337 803 1415; x_wconf 79' lang='lat' dir='ltr'><strong><em>placuerunt</em></strong></span> <span class='ocrx_word' id='word_1_65' title='bbox 824 1334 938 1394; x_wconf 70' lang='lat' dir='ltr'><strong><em>tibi</em></strong></span> <span class='ocrx_word' id='word_1_66' title='bbox 967 1335 1291 1414; x_wconf 72' lang='lat' dir='ltr'><strong><em>qucejuxta</em></strong></span> <span class='ocrx_word' id='word_1_67' title='bbox 1316 1334 1506 1416; x_wconf 73' lang='lat' dir='ltr'><strong><em>legem</em></strong></span> <span class='ocrx_word' id='word_1_68' title='bbox 1534 1337 1917 1419; x_wconf 73' lang='lat' dir='ltr'><strong><em>offeruntur;</em></strong></span> <span class='ocrx_word' id='word_1_69' title='bbox 1940 1334 2085 1406; x_wconf 83' lang='lat' dir='ltr'><strong><em>tunc</em></strong></span> 
     </span>
    </p>
   </div>
   <div class='ocr_carea' id='block_1_12' title="bbox 438 1422 2082 1502">
    <p class='ocr_par' dir='ltr' id='par_1_12' title="bbox 438 1422 2082 1502">
     <span class='ocr_line' id='line_1_13' title="bbox 438 1422 2082 1502; baseline 0.006 -17"><span class='ocrx_word' id='word_1_70' title='bbox 438 1424 625 1486; x_wconf 73' lang='lat' dir='ltr'><strong><em>dixit:</em></strong></span> <span class='ocrx_word' id='word_1_71' title='bbox 671 1422 821 1484; x_wconf 76' lang='lat' dir='ltr'><strong><em>Ecce</em></strong></span> <span class='ocrx_word' id='word_1_72' title='bbox 858 1423 1073 1484; x_wconf 85' lang='lat' dir='ltr'><strong><em>adsum</em></strong></span> <span class='ocrx_word' id='word_1_73' title='bbox 1113 1431 1179 1484; x_wconf 81' lang='lat' dir='ltr'><strong><em>ut</em></strong></span> <span class='ocrx_word' id='word_1_74' title='bbox 1220 1426 1466 1501; x_wconf 76' lang='lat' dir='ltr'><strong><em>faciam,</em></strong></span> <span class='ocrx_word' id='word_1_75' title='bbox 1509 1427 1685 1502; x_wconf 79' lang='lat' dir='ltr'><strong><em>Deus,</em></strong></span> <span class='ocrx_word' id='word_1_76' title='bbox 1714 1430 2082 1495; x_wconf 82' lang='lat' dir='ltr'><strong><em>voluntatem</em></strong></span> 
     </span>
    </p>
   </div>
   <div class='ocr_carea' id='block_1_13' title="bbox 439 1511 2085 1600">
    <p class='ocr_par' dir='ltr' id='par_1_13' title="bbox 439 1511 2085 1600">
     <span class='ocr_line' id='line_1_14' title="bbox 439 1511 2085 1600; baseline 0.007 -27"><span class='ocrx_word' id='word_1_77' title='bbox 439 1519 631 1575; x_wconf 85' lang='lat' dir='ltr'><strong><em>tuam.</em></strong></span> <span class='ocrx_word' id='word_1_78' title='bbox 661 1511 837 1574; x_wconf 87' lang='lat' dir='ltr'><strong><em>Tollit</em></strong></span> <span class='ocrx_word' id='word_1_79' title='bbox 870 1513 1044 1591; x_wconf 86' lang='lat' dir='ltr'><strong><em>prius</em></strong></span> <span class='ocrx_word' id='word_1_80' title='bbox 1078 1520 1144 1574; x_wconf 85' lang='lat' dir='ltr'><strong><em>ut</em></strong></span> <span class='ocrx_word' id='word_1_81' title='bbox 1169 1520 1466 1592; x_wconf 83' lang='lat' dir='ltr'><strong><em>posterius</em></strong></span> <span class='ocrx_word' id='word_1_82' title='bbox 1489 1524 1741 1590; x_wconf 82' lang='lat' dir='ltr'><strong><em>statuat;</em></strong></span> <span class='ocrx_word' id='word_1_83' title='bbox 1758 1537 1868 1599; x_wconf 82' lang='lat' dir='ltr'><strong><em>per</em></strong></span> <span class='ocrx_word' id='word_1_84' title='bbox 1901 1539 2085 1600; x_wconf 87' lang='lat' dir='ltr'><strong><em>quam</em></strong></span> 
     </span>
    </p>
   </div>
   <div class='ocr_carea' id='block_1_14' title="bbox 434 1601 2086 1686">
    <p class='ocr_par' dir='ltr' id='par_1_14' title="bbox 434 1601 2086 1686">
     <span class='ocr_line' id='line_1_15' title="bbox 434 1601 2086 1686; baseline 0.005 -22"><span class='ocrx_word' id='word_1_85' title='bbox 434 1601 796 1665; x_wconf 82' lang='lat' dir='ltr'><strong><em>voluntatem</em></strong></span> <span class='ocrx_word' id='word_1_86' title='bbox 809 1602 1520 1681; x_wconf 52' lang='lat' dir='ltr'><strong><em>smeﬁﬁcahaumusgui</em></strong></span> <span class='ocrx_word' id='word_1_87' title='bbox 1532 1605 1699 1667; x_wconf 86' lang='lat' dir='ltr'><strong><em>illam</em></strong></span> <span class='ocrx_word' id='word_1_88' title='bbox 1711 1625 1827 1686; x_wconf 81' lang='lat' dir='ltr'><strong><em>per</em></strong></span> <span class='ocrx_word' id='word_1_89' title='bbox 1837 1608 2086 1673; x_wconf 73' lang='lat' dir='ltr'><strong><em>oblatio-</em></strong></span> 
     </span>
    </p>
   </div>
   <div class='ocr_carea' id='block_1_15' title="bbox 434 1688 2058 1770">
    <p class='ocr_par' dir='ltr' id='par_1_15' title="bbox 434 1688 2058 1770">
     <span class='ocr_line' id='line_1_16' title="bbox 434 1688 2058 1770; baseline 0.007 -20"><span class='ocrx_word' id='word_1_90' title='bbox 434 1708 566 1751; x_wconf 88' lang='lat' dir='ltr'><strong><em>nem</em></strong></span> <span class='ocrx_word' id='word_1_91' title='bbox 580 1690 848 1770; x_wconf 87' lang='lat' dir='ltr'><strong><em>corporis</em></strong></span> <span class='ocrx_word' id='word_1_92' title='bbox 867 1688 1002 1751; x_wconf 82' lang='lat' dir='ltr'><strong><em>Iesu</em></strong></span> <span class='ocrx_word' id='word_1_93' title='bbox 1012 1690 1192 1752; x_wconf 86' lang='lat' dir='ltr'><strong><em>semel</em></strong></span> <span class='ocrx_word' id='word_1_94' title='bbox 1200 1700 1515 1770; x_wconf 70' lang='lat' dir='ltr'><strong><em>peractam</em></strong></span> <span class='ocrx_word' id='word_1_95' title='bbox 1536 1698 1839 1757; x_wconf 79' lang='lat' dir='ltr'><strong><em>consecuti</em></strong></span> <span class='ocrx_word' id='word_1_96' title='bbox 1850 1715 1978 1760; x_wconf 83' lang='lat' dir='ltr'><strong><em>sum</em></strong></span> <span class='ocrx_word' id='word_1_97' title='bbox 1989 1719 2058 1761; x_wconf 87' lang='lat' dir='ltr'><strong><em>us</em></strong></span> 
     </span>
    </p>
   </div>
   <div class='ocr_carea' id='block_1_16' title="bbox 514 1778 2141 1874">
    <p class='ocr_par' dir='ltr' id='par_1_16' title="bbox 514 1778 2141 1874">
     <span class='ocr_line' id='line_1_17' title="bbox 514 1778 2141 1874; baseline 0.007 -33"><span class='ocrx_word' id='word_1_98' title='bbox 514 1778 802 1854; x_wconf 82' lang='lat' dir='ltr'><strong><em>Christus,</em></strong></span> <span class='ocrx_word' id='word_1_99' title='bbox 846 1778 1063 1874; x_wconf 68' lang='lat' dir='ltr'><strong><em>inquit,</em></strong></span> <span class='ocrx_word' id='word_1_100' title='bbox 1117 1783 1707 1874; x_wconf 73' lang='lat' dir='ltr'><strong><em>c_orpor_e_mundum</em></strong></span> <span class='ocrx_word' id='word_1_101' title='bbox 1740 1786 2141 1874; x_wconf 73' lang='lat' dir='ltr'><strong><em>ingrediensB</em></strong></span> 
     </span>
    </p>
   </div>
   <div class='ocr_carea' id='block_1_17' title="bbox 431 1866 2080 1955">
    <p class='ocr_par' dir='ltr' id='par_1_17' title="bbox 431 1866 2080 1955">
     <span class='ocr_line' id='line_1_18' title="bbox 431 1866 2080 1955; baseline 0.006 -25"><span class='ocrx_word' id='word_1_102' title='bbox 431 1867 574 1930; x_wconf 85' lang='lat' dir='ltr'><strong><em>dicit</em></strong></span> <span class='ocrx_word' id='word_1_103' title='bbox 600 1886 705 1947; x_wconf 90' lang='lat' dir='ltr'><strong><em>per</em></strong></span> <span class='ocrx_word' id='word_1_104' title='bbox 725 1866 987 1928; x_wconf 89' lang='lat' dir='ltr'><strong><em>medium</em></strong></span> <span class='ocrx_word' id='word_1_105' title='bbox 1025 1868 1228 1930; x_wconf 81' lang='lat' dir='ltr'><strong><em>David.</em></strong></span> <span class='ocrx_word' id='word_1_106' title='bbox 1282 1868 1344 1930; x_wconf 89' lang='lat' dir='ltr'><strong><em>Si</em></strong></span> <span class='ocrx_word' id='word_1_107' title='bbox 1390 1868 1910 1955; x_wconf 62' lang='lat' dir='ltr'><strong><em>inutiies,_inquit,</em></strong></span> <span class='ocrx_word' id='word_1_108' title='bbox 1944 1889 2080 1940; x_wconf 89' lang='lat' dir='ltr'><strong><em>sunt</em></strong></span> 
     </span>
    </p>
   </div>
   <div class='ocr_carea' id='block_1_18' title="bbox 1572 316 2701 386">
    <p class='ocr_par' dir='ltr' id='par_1_18' title="bbox 1572 316 2701 386">
     <span class='ocr_line' id='line_1_19' title="bbox 1572 316 2701 386; baseline 0.004 -5"><span class='ocrx_word' id='word_1_109' title='bbox 1572 316 1983 384; x_wconf 82' lang='lat' dir='ltr'><strong><em>(ECUMENII</em></strong></span> <span class='ocrx_word' id='word_1_110' title='bbox 2028 318 2323 383; x_wconf 65' lang='lat' dir='ltr'><strong><em>TRICGE</em></strong></span> <span class='ocrx_word' id='word_1_111' title='bbox 2362 319 2701 386; x_wconf 83' lang='lat' dir='ltr'><strong><em>EPISCOPI</em></strong></span> 
     </span>
    </p>
   </div>
   <div class='ocr_carea' id='block_1_19' title="bbox 3720 318 3838 386">
    <p class='ocr_par' dir='ltr' id='par_1_19' title="bbox 3720 318 3838 386">
     <span class='ocr_line' id='line_1_20' title="bbox 3720 318 3838 386; baseline 0.017 -2"><span class='ocrx_word' id='word_1_112' title='bbox 3720 318 3838 386; x_wconf 89' lang='lat'><strong><em>388</em></strong></span> 
     </span>
    </p>
   </div>
   <div class='ocr_carea' id='block_1_20' title="bbox 2810 443 3215 518">
    <p class='ocr_par' dir='ltr' id='par_1_20' title="bbox 2810 443 3215 518">
     <span class='ocr_line' id='line_1_21' title="bbox 2810 443 3215 518; baseline 0.005 -3"><span class='ocrx_word' id='word_1_113' title='bbox 2810 461 3061 518; x_wconf 76' lang='grc' dir='ltr'><strong>ΚΕΦΑΛ.</strong></span> <span class='ocrx_word' id='word_1_114' title='bbox 3108 443 3215 517; x_wconf 85' lang='lat' dir='ltr'><strong><em>ir&#39;.</em></strong></span> 
     </span>
    </p>
   </div>
   <div class='ocr_carea' id='block_1_21' title="bbox 2183 543 3832 626">
    <p class='ocr_par' dir='ltr' id='par_1_21' title="bbox 2183 543 3832 626">
     <span class='ocr_line' id='line_1_22' title="bbox 2183 543 3832 626; baseline 0.001 -29"><span class='ocrx_word' id='word_1_115' title='bbox 2183 563 2211 597; x_wconf 73' lang='grc' dir='ltr'><strong><em>α</em></strong></span> <span class='ocrx_word' id='word_1_116' title='bbox 2243 546 2507 624; x_wconf 79' lang='grc' dir='ltr'>Μαρτυρία</span> <span class='ocrx_word' id='word_1_117' title='bbox 2535 546 2653 626; x_wconf 86' lang='grc' dir='ltr'>περὶ</span> <span class='ocrx_word' id='word_1_118' title='bbox 2692 545 2791 614; x_wconf 91' lang='grc' dir='ltr'><strong><em>τῆς</em></strong></span> <span class='ocrx_word' id='word_1_119' title='bbox 2816 544 2980 621; x_wconf 78' lang='grc' dir='ltr'>μονῆς</span> <span class='ocrx_word' id='word_1_120' title='bbox 3021 544 3322 626; x_wconf 70' lang='grc' dir='ltr'>καθάρσεως</span> <span class='ocrx_word' id='word_1_121' title='bbox 3353 545 3442 604; x_wconf 76' lang='grc' dir='ltr'><strong><em>κάὶ</em></strong></span> <span class='ocrx_word' id='word_1_122' title='bbox 3470 543 3832 624; x_wconf 74' lang='grc' dir='ltr'><strong><em>προσαγωγῆς</em></strong></span> 
     </span>
    </p>
   </div>
   <div class='ocr_carea' id='block_1_22' title="bbox 2801 624 3182 703">
    <p class='ocr_par' dir='ltr' id='par_1_22' title="bbox 2801 624 3182 703">
     <span class='ocr_line' id='line_1_23' title="bbox 2801 624 3182 703; baseline -0.005 -21"><span class='ocrx_word' id='word_1_123' title='bbox 2801 627 2932 703; x_wconf 81' lang='grc' dir='ltr'>πρὸς</span> <span class='ocrx_word' id='word_1_124' title='bbox 2960 624 3112 682; x_wconf 89' lang='grc' dir='ltr'>Θεόν.</span> <span class='ocrx_word' id='word_1_125' title='bbox 3153 647 3182 680; x_wconf 72' lang='grc' dir='ltr'><strong><em>ι</em></strong></span> 
     </span>
    </p>
   </div>
   <div class='ocr_carea' id='block_1_23' title="bbox 2263 711 3833 795">
    <p class='ocr_par' dir='ltr' id='par_1_23' title="bbox 2263 711 3833 795">
     <span class='ocr_line' id='line_1_24' title="bbox 2263 711 3833 795; baseline 0 -27"><span class='ocrx_word' id='word_1_126' title='bbox 2263 731 2287 767; x_wconf 74' lang='grc' dir='ltr'>ι</span> <span class='ocrx_word' id='word_1_127' title='bbox 2325 715 2419 770; x_wconf 80' lang='grc' dir='ltr'><strong><em>Διὸ</em></strong></span> <span class='ocrx_word' id='word_1_128' title='bbox 2448 714 2823 795; x_wconf 79' lang='grc' dir='ltr'><strong><em>εἰσερχόμενος</em></strong></span> <span class='ocrx_word' id='word_1_129' title='bbox 2853 716 2926 777; x_wconf 81' lang='grc' dir='ltr'>εἰς</span> <span class='ocrx_word' id='word_1_130' title='bbox 2985 716 3073 772; x_wconf 81' lang='grc' dir='ltr'><strong><em>τὸν</em></strong></span> <span class='ocrx_word' id='word_1_131' title='bbox 3129 713 3333 789; x_wconf 78' lang='grc' dir='ltr'>κόσμον</span> <span class='ocrx_word' id='word_1_132' title='bbox 3388 711 3531 792; x_wconf 82' lang='grc' dir='ltr'><strong><em>λέγει</em></strong></span> <span class='ocrx_word' id='word_1_133' title='bbox 3566 727 3583 744; x_wconf 79' lang='grc'><strong>⁸</strong></span> <span class='ocrx_word' id='word_1_134' title='bbox 3645 714 3833 769; x_wconf 80' lang='grc' dir='ltr'>Θυσίαν</span> 
     </span>
    </p>
   </div>
   <div class='ocr_carea' id='block_1_24' title="bbox 2173 799 3831 883">
    <p class='ocr_par' dir='ltr' id='par_1_24' title="bbox 2173 799 3831 883">
     <span class='ocr_line' id='line_1_25' title="bbox 2173 799 3831 883; baseline 0.001 -27"><span class='ocrx_word' id='word_1_135' title='bbox 2173 802 2261 856; x_wconf 86' lang='grc' dir='ltr'>καὶ</span> <span class='ocrx_word' id='word_1_136' title='bbox 2328 805 2629 883; x_wconf 76' lang='grc' dir='ltr'>προσφορὰν</span> <span class='ocrx_word' id='word_1_137' title='bbox 2687 807 2781 863; x_wconf 74' lang='grc' dir='ltr'>οὐκ</span> <span class='ocrx_word' id='word_1_138' title='bbox 2867 800 3155 878; x_wconf 73' lang='grc' dir='ltr'><strong><em>ἠθέλησας,</em></strong></span> <span class='ocrx_word' id='word_1_139' title='bbox 3229 809 3385 877; x_wconf 83' lang='grc' dir='ltr'>σῶμα</span> <span class='ocrx_word' id='word_1_140' title='bbox 3482 799 3539 857; x_wconf 74' lang='grc' dir='ltr'>δὲ</span> <span class='ocrx_word' id='word_1_141' title='bbox 3624 821 3831 879; x_wconf 85' lang='grc' dir='ltr'>κατηρ-</span> 
     </span>
    </p>
   </div>
   <div class='ocr_carea' id='block_1_25' title="bbox 2174 883 3832 969">
    <p class='ocr_par' dir='ltr' id='par_1_25' title="bbox 2174 883 3832 969">
     <span class='ocr_line' id='line_1_26' title="bbox 2174 883 3832 969; baseline 0.002 -26"><span class='ocrx_word' id='word_1_142' title='bbox 2174 887 2299 944; x_wconf 83' lang='grc' dir='ltr'>τίσω</span> <span class='ocrx_word' id='word_1_143' title='bbox 2368 913 2483 966; x_wconf 67' lang='lat' dir='ltr'><strong><em>pot.</em></strong></span> <span class='ocrx_word' id='word_1_144' title='bbox 2561 883 3008 966; x_wconf 78' lang='grc' dir='ltr'>Ὀλοκαυτώματα</span> <span class='ocrx_word' id='word_1_145' title='bbox 3074 891 3163 947; x_wconf 83' lang='grc' dir='ltr'><strong><em>καὶ</em></strong></span> <span class='ocrx_word' id='word_1_146' title='bbox 3234 891 3353 969; x_wconf 82' lang='grc' dir='ltr'>περὶ</span> <span class='ocrx_word' id='word_1_147' title='bbox 3409 889 3669 968; x_wconf 75' lang='grc' dir='ltr'>ἁμαρτίας</span> <span class='ocrx_word' id='word_1_148' title='bbox 3738 892 3832 948; x_wconf 80' lang='grc' dir='ltr'>οὒκ</span> 
     </span>
    </p>
   </div>
   <div class='ocr_carea' id='block_1_26' title="bbox 2171 975 3829 1058">
    <p class='ocr_par' dir='ltr' id='par_1_26' title="bbox 2171 975 3829 1058">
     <span class='ocr_line' id='line_1_27' title="bbox 2171 975 3829 1058; baseline 0.001 -26"><span class='ocrx_word' id='word_1_149' title='bbox 2171 975 2482 1054; x_wconf 68' lang='grc' dir='ltr'>εὐδόκησας,</span> <span class='ocrx_word' id='word_1_150' title='bbox 2543 981 2660 1037; x_wconf 89' lang='grc' dir='ltr'>τότε</span> <span class='ocrx_word' id='word_1_151' title='bbox 2717 981 2899 1052; x_wconf 80' lang='grc' dir='ltr'>εἷπον,</span> <span class='ocrx_word' id='word_1_152' title='bbox 2983 977 3114 1036; x_wconf 86' lang='grc' dir='ltr'>Ἰδοὺ</span> <span class='ocrx_word' id='word_1_153' title='bbox 3419 976 3511 1036; x_wconf 80' lang='grc' dir='ltr'>Ἐν</span> <span class='ocrx_word' id='word_1_154' title='bbox 3595 975 3829 1058; x_wconf 72' lang='grc' dir='ltr'>κεφαλίδι</span> 
     </span>
    </p>
   </div>
   <div class='ocr_carea' id='block_1_27' title="bbox 2168 1063 3829 1149">
    <p class='ocr_par' dir='ltr' id='par_1_27' title="bbox 2168 1063 3829 1149">
     <span class='ocr_line' id='line_1_28' title="bbox 2168 1063 3829 1149; baseline 0.001 -27"><span class='ocrx_word' id='word_1_155' title='bbox 2168 1063 2369 1141; x_wconf 77' lang='grc' dir='ltr'>βιϐλίου</span> <span class='ocrx_word' id='word_1_156' title='bbox 2452 1069 2742 1149; x_wconf 79' lang='grc' dir='ltr'>γέγραπται</span> <span class='ocrx_word' id='word_1_157' title='bbox 2825 1071 2944 1149; x_wconf 85' lang='grc' dir='ltr'>περὶ</span> <span class='ocrx_word' id='word_1_158' title='bbox 3043 1069 3195 1145; x_wconf 79' lang='grc' dir='ltr'>ἐμοῦ,</span> <span class='ocrx_word' id='word_1_159' title='bbox 3301 1075 3393 1124; x_wconf 84' lang='grc' dir='ltr'><strong><em>τοῦ</em></strong></span> <span class='ocrx_word' id='word_1_160' title='bbox 3494 1067 3715 1135; x_wconf 85' lang='grc' dir='ltr'>ποιῆσαι</span> <span class='ocrx_word' id='word_1_161' title='bbox 3800 1070 3829 1123; x_wconf 85' lang='grc' dir='ltr'>ὁ</span> 
     </span>
    </p>
   </div>
   <div class='ocr_carea' id='block_1_28' title="bbox 2171 1153 3828 1237">
    <p class='ocr_par' dir='ltr' id='par_1_28' title="bbox 2171 1153 3828 1237">
     <span class='ocr_line' id='line_1_29' title="bbox 2171 1153 3828 1237; baseline 0.001 -27"><span class='ocrx_word' id='word_1_162' title='bbox 2171 1157 2320 1232; x_wconf 83' lang='grc' dir='ltr'>Θεὸς,</span> <span class='ocrx_word' id='word_1_163' title='bbox 2382 1160 2445 1214; x_wconf 86' lang='grc' dir='ltr'>τὸ</span> <span class='ocrx_word' id='word_1_164' title='bbox 2496 1158 2703 1234; x_wconf 84' lang='grc' dir='ltr'>θέλημά</span> <span class='ocrx_word' id='word_1_165' title='bbox 2755 1181 2872 1233; x_wconf 92' lang='grc' dir='ltr'>σου,</span> <span class='ocrx_word' id='word_1_166' title='bbox 2933 1158 3196 1237; x_wconf 80' lang='grc' dir='ltr'>ἀνώτερον</span> <span class='ocrx_word' id='word_1_167' title='bbox 3273 1155 3442 1235; x_wconf 84' lang='grc' dir='ltr'>λέγων</span> <span class='ocrx_word' id='word_1_168' title='bbox 3499 1153 3581 1211; x_wconf 79' lang='grc' dir='ltr'><strong><em>ὅτι</em></strong></span> <span class='ocrx_word' id='word_1_169' title='bbox 3648 1155 3828 1215; x_wconf 79' lang='grc' dir='ltr'>θυσίαν</span> 
     </span>
    </p>
   </div>
   <div class='ocr_carea' id='block_1_29' title="bbox 2166 1246 3825 1328">
    <p class='ocr_par' dir='ltr' id='par_1_29' title="bbox 2166 1246 3825 1328">
     <span class='ocr_line' id='line_1_30' title="bbox 2166 1246 3825 1328; baseline 0 -28"><span class='ocrx_word' id='word_1_170' title='bbox 2166 1246 2273 1301; x_wconf 65' lang='grc' dir='ltr'><em>καῖ</em></span> <span class='ocrx_word' id='word_1_171' title='bbox 2321 1249 2622 1328; x_wconf 77' lang='grc' dir='ltr'>προσφορὰν</span> <span class='ocrx_word' id='word_1_172' title='bbox 2680 1251 2767 1305; x_wconf 85' lang='grc' dir='ltr'>καὶ</span> <span class='ocrx_word' id='word_1_173' title='bbox 2836 1247 3256 1323; x_wconf 69' lang='grc' dir='ltr'><strong><em>ὁλοκαυτώματα</em></strong></span> <span class='ocrx_word' id='word_1_174' title='bbox 3326 1248 3414 1302; x_wconf 85' lang='grc' dir='ltr'><strong><em>καὶ</em></strong></span> <span class='ocrx_word' id='word_1_175' title='bbox 3469 1247 3590 1325; x_wconf 85' lang='grc' dir='ltr'>περὶ</span> <span class='ocrx_word' id='word_1_176' title='bbox 3647 1247 3825 1324; x_wconf 81' lang='grc' dir='ltr'>ἀμαρ-</span> 
     </span>
    </p>
   </div>
   <div class='ocr_carea' id='block_1_30' title="bbox 2164 1332 3826 1413">
    <p class='ocr_par' dir='ltr' id='par_1_30' title="bbox 2164 1332 3826 1413">
     <span class='ocr_line' id='line_1_31' title="bbox 2164 1332 3826 1413; baseline 0 -24"><span class='ocrx_word' id='word_1_177' title='bbox 2164 1332 2302 1413; x_wconf 84' lang='grc' dir='ltr'>τίας,</span> <span class='ocrx_word' id='word_1_178' title='bbox 2370 1340 2464 1394; x_wconf 72' lang='grc' dir='ltr'>οὐκ</span> <span class='ocrx_word' id='word_1_179' title='bbox 2533 1336 2796 1404; x_wconf 74' lang='grc' dir='ltr'>ἠθέλησας</span> <span class='ocrx_word' id='word_1_180' title='bbox 2855 1334 2970 1394; x_wconf 66' lang='grc' dir='ltr'>οὐδὲ</span> <span class='ocrx_word' id='word_1_181' title='bbox 3053 1334 3364 1408; x_wconf 65' lang='grc' dir='ltr'>εὐδόκησας,</span> <span class='ocrx_word' id='word_1_182' title='bbox 3427 1333 3628 1399; x_wconf 71' lang='grc' dir='ltr'>αἵτινες</span> <span class='ocrx_word' id='word_1_183' title='bbox 3688 1335 3826 1390; x_wconf 84' lang='grc' dir='ltr'>κατὰ</span> 
     </span>
    </p>
   </div>
   <div class='ocr_carea' id='block_1_31' title="bbox 2165 1420 3827 1506">
    <p class='ocr_par' dir='ltr' id='par_1_31' title="bbox 2165 1420 3827 1506">
     <span class='ocr_line' id='line_1_32' title="bbox 2165 1420 3827 1506; baseline 0.002 -30"><span class='ocrx_word' id='word_1_184' title='bbox 2165 1423 2254 1477; x_wconf 77' lang='grc' dir='ltr'><strong><em>τὸν</em></strong></span> <span class='ocrx_word' id='word_1_185' title='bbox 2313 1424 2475 1498; x_wconf 88' lang='grc' dir='ltr'>νόμον</span> <span class='ocrx_word' id='word_1_186' title='bbox 2503 1426 2886 1506; x_wconf 82' lang='grc' dir='ltr'>προσφέρονται</span> <span class='ocrx_word' id='word_1_187' title='bbox 2924 1441 2937 1455; x_wconf 83' lang='lat'><strong>‘</strong></span> <span class='ocrx_word' id='word_1_188' title='bbox 2973 1428 3093 1482; x_wconf 90' lang='grc' dir='ltr'>τότε</span> <span class='ocrx_word' id='word_1_189' title='bbox 3126 1422 3342 1505; x_wconf 81' lang='grc' dir='ltr'>εἴρηκεν</span> <span class='ocrx_word' id='word_1_190' title='bbox 3375 1439 3390 1454; x_wconf 90' lang='lat'><strong>&#39;</strong></span> <span class='ocrx_word' id='word_1_191' title='bbox 3427 1420 3558 1480; x_wconf 78' lang='grc' dir='ltr'>Ἰδοὺ</span> <span class='ocrx_word' id='word_1_192' title='bbox 3586 1421 3706 1489; x_wconf 71' lang='grc' dir='ltr'><strong><em>¹ἥκω</em></strong></span> <span class='ocrx_word' id='word_1_193' title='bbox 3734 1429 3827 1479; x_wconf 90' lang='grc' dir='ltr'><strong><em>τοῦ</em></strong></span> 
     </span>
    </p>
   </div>
   <div class='ocr_carea' id='block_1_32' title="bbox 2166 1513 3820 1594">
    <p class='ocr_par' dir='ltr' id='par_1_32' title="bbox 2166 1513 3820 1594">
     <span class='ocr_line' id='line_1_33' title="bbox 2166 1513 3820 1594; baseline 0.001 -28"><span class='ocrx_word' id='word_1_194' title='bbox 2166 1517 2408 1586; x_wconf 84' lang='grc' dir='ltr'>ποιῆσαι,</span> <span class='ocrx_word' id='word_1_195' title='bbox 2442 1516 2471 1570; x_wconf 82' lang='grc' dir='ltr'>ὁ</span> <span class='ocrx_word' id='word_1_196' title='bbox 2502 1516 2656 1594; x_wconf 77' lang='grc' dir='ltr'>Θεὸς,</span> <span class='ocrx_word' id='word_1_197' title='bbox 2688 1517 2749 1571; x_wconf 82' lang='grc' dir='ltr'>τὸ</span> <span class='ocrx_word' id='word_1_198' title='bbox 2788 1514 2998 1590; x_wconf 82' lang='grc' dir='ltr'>θέλημά</span> <span class='ocrx_word' id='word_1_199' title='bbox 3047 1535 3163 1594; x_wconf 90' lang='grc' dir='ltr'>σου,</span> <span class='ocrx_word' id='word_1_200' title='bbox 3222 1513 3459 1590; x_wconf 81' lang='grc' dir='ltr'>Ἀναιρεϊ</span> <span class='ocrx_word' id='word_1_201' title='bbox 3486 1513 3549 1568; x_wconf 81' lang='grc' dir='ltr'>τὸ</span> <span class='ocrx_word' id='word_1_202' title='bbox 3588 1517 3820 1589; x_wconf 86' lang='grc' dir='ltr'>πρῶτον,</span> 
     </span>
    </p>
   </div>
   <div class='ocr_carea' id='block_1_33' title="bbox 2164 1597 3823 1683">
    <p class='ocr_par' dir='ltr' id='par_1_33' title="bbox 2164 1597 3823 1683">
     <span class='ocr_line' id='line_1_34' title="bbox 2164 1597 3823 1683; baseline 0.002 -29"><span class='ocrx_word' id='word_1_203' title='bbox 2164 1597 2257 1656; x_wconf 70' lang='grc' dir='ltr'><strong><em>ἵνα</em></strong></span> <span class='ocrx_word' id='word_1_204' title='bbox 2326 1604 2387 1656; x_wconf 78' lang='grc' dir='ltr'>τὸ</span> <span class='ocrx_word' id='word_1_205' title='bbox 2443 1599 2675 1683; x_wconf 82' lang='grc' dir='ltr'>δεύτερον</span> <span class='ocrx_word' id='word_1_206' title='bbox 2722 1606 2918 1681; x_wconf 79' lang='grc' dir='ltr'>στήσῃ,</span> <span class='ocrx_word' id='word_1_207' title='bbox 2967 1601 3057 1659; x_wconf 89' lang='grc' dir='ltr'><strong><em>Ἐν</em></strong></span> <span class='ocrx_word' id='word_1_208' title='bbox 3113 1607 3159 1677; x_wconf 80' lang='grc' dir='ltr'>ᾧ</span> <span class='ocrx_word' id='word_1_209' title='bbox 3200 1599 3457 1675; x_wconf 77' lang='grc' dir='ltr'>θελήματι</span> <span class='ocrx_word' id='word_1_210' title='bbox 3509 1598 3823 1678; x_wconf 73' lang='grc' dir='ltr'>ἡγιασμένοι</span> 
     </span>
    </p>
   </div>
   <div class='ocr_carea' id='block_1_34' title="bbox 2166 1687 3816 1773">
    <p class='ocr_par' dir='ltr' id='par_1_34' title="bbox 2166 1687 3816 1773">
     <span class='ocr_line' id='line_1_35' title="bbox 2166 1687 3816 1773; baseline 0.003 -30"><span class='ocrx_word' id='word_1_211' title='bbox 2166 1689 2349 1771; x_wconf 75' lang='grc' dir='ltr'>ἐσμὲν,</span> <span class='ocrx_word' id='word_1_212' title='bbox 2362 1694 2408 1748; x_wconf 78' lang='grc' dir='ltr'>οἱ</span> <span class='ocrx_word' id='word_1_213' title='bbox 2433 1690 2517 1749; x_wconf 84' lang='grc' dir='ltr'><strong><em>διὰ</em></strong></span> <span class='ocrx_word' id='word_1_214' title='bbox 2536 1693 2631 1761; x_wconf 89' lang='grc' dir='ltr'><strong><em>τῆς</em></strong></span> <span class='ocrx_word' id='word_1_215' title='bbox 2662 1700 2962 1773; x_wconf 77' lang='grc' dir='ltr'>προσφορᾶς</span> <span class='ocrx_word' id='word_1_216' title='bbox 2991 1698 3082 1748; x_wconf 92' lang='grc' dir='ltr'><strong><em>τοῦ</em></strong></span> <span class='ocrx_word' id='word_1_217' title='bbox 3101 1691 3348 1767; x_wconf 87' lang='grc' dir='ltr'>σώματος</span> <span class='ocrx_word' id='word_1_218' title='bbox 3369 1687 3545 1756; x_wconf 89' lang='grc' dir='ltr'>Ἰησοῦ</span> <span class='ocrx_word' id='word_1_219' title='bbox 3569 1696 3816 1768; x_wconf 78' lang='grc' dir='ltr'>Χριστοῦ,</span> 
     </span>
    </p>
   </div>
   <div class='ocr_carea' id='block_1_35' title="bbox 2166 1777 2463 1858">
    <p class='ocr_par' dir='ltr' id='par_1_35' title="bbox 2166 1777 2463 1858">
     <span class='ocr_line' id='line_1_36' title="bbox 2166 1777 2463 1858; baseline 0.024 -26"><span class='ocrx_word' id='word_1_220' title='bbox 2166 1777 2390 1858; x_wconf 76' lang='grc' dir='ltr'>ἐφάπαξ.</span> <span class='ocrx_word' id='word_1_221' title='bbox 2433 1799 2463 1839; x_wconf 66' lang='grc' dir='ltr'><strong>ι</strong></span> 
     </span>
    </p>
   </div>
   <div class='ocr_carea' id='block_1_36' title="bbox 2246 1858 3819 1950">
    <p class='ocr_par' dir='ltr' id='par_1_36' title="bbox 2246 1858 3819 1950">
     <span class='ocr_line' id='line_1_37' title="bbox 2246 1858 3819 1950; baseline -0.002 -25"><span class='ocrx_word' id='word_1_222' title='bbox 2246 1858 2305 1925; x_wconf 64' lang='grc' dir='ltr'><strong><em>ιΟ</em></strong></span> <span class='ocrx_word' id='word_1_223' title='bbox 2330 1870 2575 1949; x_wconf 78' lang='grc' dir='ltr'>Χριστὸς,</span> <span class='ocrx_word' id='word_1_224' title='bbox 2620 1871 2802 1950; x_wconf 73' lang='grc' dir='ltr'>φησὶν,</span> <span class='ocrx_word' id='word_1_225' title='bbox 2849 1873 2904 1926; x_wconf 71' lang='grc' dir='ltr'><strong><em>εν</em></strong></span> <span class='ocrx_word' id='word_1_226' title='bbox 2948 1869 3156 1945; x_wconf 86' lang='grc' dir='ltr'>σώματι</span> <span class='ocrx_word' id='word_1_227' title='bbox 3214 1869 3287 1932; x_wconf 75' lang='grc' dir='ltr'><strong><em>είς</em></strong></span> <span class='ocrx_word' id='word_1_228' title='bbox 3347 1869 3438 1924; x_wconf 81' lang='grc' dir='ltr'>τὸν</span> <span class='ocrx_word' id='word_1_229' title='bbox 3467 1866 3668 1941; x_wconf 86' lang='grc' dir='ltr'>κόσμον</span> <span class='ocrx_word' id='word_1_230' title='bbox 3711 1867 3819 1922; x_wconf 82' lang='grc' dir='ltr'>εἰσ-</span> 
     </span>
    </p>
   </div>
   <div class='ocr_carea' id='block_1_37' title="bbox 429 1954 2068 2062">
    <p class='ocr_par' dir='ltr' id='par_1_37' title="bbox 429 1954 2068 2037">
     <span class='ocr_line' id='line_1_38' title="bbox 429 1954 2068 2037; baseline 0.007 -19"><span class='ocrx_word' id='word_1_231' title='bbox 429 1957 658 2031; x_wconf 72' lang='lat' dir='ltr'><strong><em>hostiae,</em></strong></span> <span class='ocrx_word' id='word_1_232' title='bbox 691 1974 874 2037; x_wconf 90' lang='lat' dir='ltr'><strong><em>quare</em></strong></span> <span class='ocrx_word' id='word_1_233' title='bbox 922 1956 1164 2017; x_wconf 86' lang='lat' dir='ltr'><strong><em>omnino</em></strong></span> <span class='ocrx_word' id='word_1_234' title='bbox 1210 1957 1448 2020; x_wconf 82' lang='lat' dir='ltr'><strong><em>fuerunt</em></strong></span> <span class='ocrx_word' id='word_1_235' title='bbox 1498 1954 1814 2024; x_wconf 67' lang='lat' dir='ltr'><strong><em>institutae?</em></strong></span> <span class='ocrx_word' id='word_1_236' title='bbox 1842 1964 2068 2037; x_wconf 76' lang='lat' dir='ltr'><strong><em>Quarel</em></strong></span> 
     </span>
    </p>
   </div>
   <div class='ocr_carea' id='block_1_38' title="bbox 2158 1954 3814 2062">
    <p class='ocr_par' dir='ltr' id='par_1_38' title="bbox 2160 1954 3814 2038">
     <span class='ocr_line' id='line_1_39' title="bbox 2160 1954 3814 2038; baseline -0.001 -26"><span class='ocrx_word' id='word_1_237' title='bbox 2160 1957 2478 2038; x_wconf 82' lang='grc' dir='ltr'>ερχόμενος,</span> <span class='ocrx_word' id='word_1_238' title='bbox 2549 1958 2692 2037; x_wconf 81' lang='grc' dir='ltr'>λέγει</span> <span class='ocrx_word' id='word_1_239' title='bbox 2737 1958 2821 2017; x_wconf 76' lang='grc' dir='ltr'><strong><em>διὰ</em></strong></span> <span class='ocrx_word' id='word_1_240' title='bbox 2880 1959 3041 2036; x_wconf 85' lang='grc' dir='ltr'>μέσου</span> <span class='ocrx_word' id='word_1_241' title='bbox 3095 1965 3188 2015; x_wconf 89' lang='grc' dir='ltr'><strong><em>τοῦ</em></strong></span> <span class='ocrx_word' id='word_1_242' title='bbox 3234 1954 3421 2020; x_wconf 74' lang='grc' dir='ltr'>Δαυίδ,</span> <span class='ocrx_word' id='word_1_243' title='bbox 3488 1957 3548 2012; x_wconf 78' lang='grc' dir='ltr'><strong><em>Εἰ</em></strong></span> <span class='ocrx_word' id='word_1_244' title='bbox 3604 1955 3814 2036; x_wconf 80' lang='grc' dir='ltr'>ἀνωφε-</span> 
     </span>
    </p>
   </div>
   <div class='ocr_carea' id='block_1_39' title="bbox 426 2044 2068 2149">
    <p class='ocr_par' dir='ltr' id='par_1_39' title="bbox 426 2045 2068 2149">
     <span class='ocr_line' id='line_1_40' title="bbox 426 2045 2068 2149; baseline 0.006 -41"><span class='ocrx_word' id='word_1_245' title='bbox 426 2045 677 2125; x_wconf 79' lang='lat' dir='ltr'><strong><em>Pr0pler</em></strong></span> <span class='ocrx_word' id='word_1_246' title='bbox 716 2046 1106 2149; x_wconf 72' lang='lat' dir='ltr'><strong><em>pervicaciam</em></strong></span> <span class='ocrx_word' id='word_1_247' title='bbox 1150 2045 1579 2149; x_wconf 49' lang='lat' dir='ltr'><strong><em>Judfeorummt</em></strong></span> <span class='ocrx_word' id='word_1_248' title='bbox 1623 2053 1764 2149; x_wconf 58' lang='grc' dir='ltr'><strong><em>ζιθὸ</em></strong></span> <span class='ocrx_word' id='word_1_249' title='bbox 1785 2054 1923 2149; x_wconf 80' lang='lat' dir='ltr'><strong><em>quia</em></strong></span> <span class='ocrx_word' id='word_1_250' title='bbox 1953 2055 2068 2149; x_wconf 84' lang='lat' dir='ltr'><strong><em>Deo</em></strong></span> 
     </span>
    </p>
   </div>
   <div class='ocr_carea' id='block_1_40' title="bbox 2158 2044 3814 2149">
    <p class='ocr_par' dir='ltr' id='par_1_40' title="bbox 2158 2044 3814 2149">
     <span class='ocr_line' id='line_1_41' title="bbox 2158 2044 3814 2149; baseline 0.001 -47"><span class='ocrx_word' id='word_1_251' title='bbox 2158 2044 2298 2126; x_wconf 80' lang='grc' dir='ltr'>λετς,</span> <span class='ocrx_word' id='word_1_252' title='bbox 2356 2049 2536 2125; x_wconf 83' lang='grc' dir='ltr'>φησὶν,</span> <span class='ocrx_word' id='word_1_253' title='bbox 2611 2051 2664 2104; x_wconf 75' lang='grc' dir='ltr'>αἱ</span> <span class='ocrx_word' id='word_1_254' title='bbox 2716 2049 2911 2123; x_wconf 82' lang='grc' dir='ltr'>θυσίαι,</span> <span class='ocrx_word' id='word_1_255' title='bbox 2963 2047 3049 2104; x_wconf 81' lang='grc' dir='ltr'><strong><em>διὰ</em></strong></span> <span class='ocrx_word' id='word_1_256' title='bbox 3103 2047 3152 2103; x_wconf 89' lang='grc' dir='ltr'><strong><em>τί</em></strong></span> <span class='ocrx_word' id='word_1_257' title='bbox 3210 2045 3349 2110; x_wconf 77' lang='grc' dir='ltr'>ὅλως</span> <span class='ocrx_word' id='word_1_258' title='bbox 3394 2045 3814 2149; x_wconf 32' lang='grc' dir='ltr'>ἐγίνοντοκςνΔιὰ</span> 
     </span>
    </p>
   </div>
   <div class='ocr_carea' id='block_1_41' title="bbox 424 2134 2068 2223">
    <p class='ocr_par' dir='ltr' id='par_1_41' title="bbox 424 2136 2068 2223">
     <span class='ocr_line' id='line_1_42' title="bbox 424 2136 2068 2223; baseline 0.007 -28"><span class='ocrx_word' id='word_1_259' title='bbox 424 2152 666 2216; x_wconf 86' lang='lat' dir='ltr'><strong><em>semper</em></strong></span> <span class='ocrx_word' id='word_1_260' title='bbox 692 2136 978 2197; x_wconf 85' lang='lat' dir='ltr'><strong><em>adversati</em></strong></span> <span class='ocrx_word' id='word_1_261' title='bbox 1010 2137 1409 2199; x_wconf 88' lang='lat' dir='ltr'><strong><em>sunt.Deinde</em></strong></span> <span class='ocrx_word' id='word_1_262' title='bbox 1432 2140 1693 2203; x_wconf 81' lang='lat' dir='ltr'><strong><em>ostendit</em></strong></span> <span class='ocrx_word' id='word_1_263' title='bbox 1720 2144 1873 2223; x_wconf 89' lang='lat' dir='ltr'><strong><em>quod</em></strong></span> <span class='ocrx_word' id='word_1_264' title='bbox 1894 2145 2068 2207; x_wconf 87' lang='lat' dir='ltr'><strong><em>etiam</em></strong></span> 
     </span>
    </p>
   </div>
   <div class='ocr_carea' id='block_1_42' title="bbox 2158 2134 3813 2223">
    <p class='ocr_par' dir='ltr' id='par_1_42' title="bbox 2158 2134 3813 2217">
     <span class='ocr_line' id='line_1_43' title="bbox 2158 2134 3813 2217; baseline -0.001 -27"><span class='ocrx_word' id='word_1_265' title='bbox 2158 2135 2254 2215; x_wconf 70' lang='lat' dir='ltr'><strong><em>tl;</em></strong></span> <span class='ocrx_word' id='word_1_266' title='bbox 2316 2138 2413 2191; x_wconf 83' lang='grc' dir='ltr'><strong><em>Διὰ</em></strong></span> <span class='ocrx_word' id='word_1_267' title='bbox 2464 2137 2565 2204; x_wconf 80' lang='grc' dir='ltr'><strong><em>τήν</em></strong></span> <span class='ocrx_word' id='word_1_268' title='bbox 2618 2136 2940 2217; x_wconf 75' lang='grc' dir='ltr'>φιλονεικίαν</span> <span class='ocrx_word' id='word_1_269' title='bbox 2997 2144 3102 2194; x_wconf 85' lang='grc' dir='ltr'><strong><em>τῶν</em></strong></span> <span class='ocrx_word' id='word_1_270' title='bbox 3162 2134 3444 2210; x_wconf 78' lang='grc' dir='ltr'>Ἰουδαίων,</span> <span class='ocrx_word' id='word_1_271' title='bbox 3504 2136 3593 2190; x_wconf 86' lang='grc' dir='ltr'><strong><em>καὶ</em></strong></span> <span class='ocrx_word' id='word_1_272' title='bbox 3634 2134 3723 2194; x_wconf 71' lang='grc' dir='ltr'><strong><em>διὰ</em></strong></span> <span class='ocrx_word' id='word_1_273' title='bbox 3752 2134 3813 2189; x_wconf 82' lang='grc' dir='ltr'>τὸ</span> 
     </span>
    </p>
   </div>
   <div class='ocr_carea' id='block_1_43' title="bbox 423 2221 2068 2302">
    <p class='ocr_par' dir='ltr' id='par_1_43' title="bbox 423 2221 2068 2297">
     <span class='ocr_line' id='line_1_44' title="bbox 423 2221 2068 2297; baseline 0.008 -12"><span class='ocrx_word' id='word_1_274' title='bbox 423 2231 558 2286; x_wconf 88' lang='lat' dir='ltr'><strong><em>ante</em></strong></span> <span class='ocrx_word' id='word_1_275' title='bbox 587 2223 822 2285; x_wconf 91' lang='lat' dir='ltr'><strong><em>Domini</em></strong></span> <span class='ocrx_word' id='word_1_276' title='bbox 860 2222 1327 2287; x_wconf 87' lang='lat' dir='ltr'><strong><em>incarnationem</em></strong></span> <span class='ocrx_word' id='word_1_277' title='bbox 1359 2226 1496 2288; x_wconf 90' lang='lat' dir='ltr'><strong><em>odio</em></strong></span> <span class='ocrx_word' id='word_1_278' title='bbox 1535 2221 1755 2292; x_wconf 56' lang='lat' dir='ltr'><strong><em>habitis</em></strong></span> <span class='ocrx_word' id='word_1_279' title='bbox 1795 2231 2068 2297; x_wconf 77' lang='lat' dir='ltr'><strong><em>fuerinta</em></strong></span> 
     </span>
    </p>
   </div>
   <div class='ocr_carea' id='block_1_44' title="bbox 2158 2221 3807 2302">
    <p class='ocr_par' dir='ltr' id='par_1_44' title="bbox 2158 2221 3807 2302">
     <span class='ocr_line' id='line_1_45' title="bbox 2158 2221 3807 2302; baseline 0.002 -24"><span class='ocrx_word' id='word_1_280' title='bbox 2158 2224 2232 2279; x_wconf 78' lang='grc' dir='ltr'>ὰεὶ</span> <span class='ocrx_word' id='word_1_281' title='bbox 2261 2222 2611 2282; x_wconf 69' lang='grc' dir='ltr'>ἐναντιοῦσθαι</span> <span class='ocrx_word' id='word_1_282' title='bbox 2661 2229 2738 2302; x_wconf 83' lang='grc' dir='ltr'><strong><em>τῷ</em></strong></span> <span class='ocrx_word' id='word_1_283' title='bbox 2794 2233 2933 2301; x_wconf 81' lang='grc' dir='ltr'>Θεῷ,</span> <span class='ocrx_word' id='word_1_284' title='bbox 2997 2227 3095 2284; x_wconf 82' lang='grc' dir='ltr'>Καὶ</span> <span class='ocrx_word' id='word_1_285' title='bbox 3150 2223 3337 2281; x_wconf 80' lang='grc' dir='ltr'>λοιπὸν</span> <span class='ocrx_word' id='word_1_286' title='bbox 3392 2221 3648 2280; x_wconf 82' lang='grc' dir='ltr'>δείκνυσιν</span> <span class='ocrx_word' id='word_1_287' title='bbox 3706 2226 3807 2281; x_wconf 74' lang='grc' dir='ltr'><strong><em>αὖ·</em></strong></span> 
     </span>
    </p>
   </div>
   <div class='ocr_carea' id='block_1_45' title="bbox 418 2311 2068 2417">
    <p class='ocr_par' dir='ltr' id='par_1_45' title="bbox 418 2311 2064 2417">
     <span class='ocr_line' id='line_1_46' title="bbox 418 2311 2064 2417; baseline 0.007 -42"><span class='ocrx_word' id='word_1_288' title='bbox 418 2311 791 2417; x_wconf 58' lang='grc' dir='ltr'>ρεο.ῌορυε</span> <span class='ocrx_word' id='word_1_289' title='bbox 808 2311 966 2417; x_wconf 71' lang='lat' dir='ltr'><strong><em>enim</em></strong></span> <span class='ocrx_word' id='word_1_290' title='bbox 1001 2312 1493 2417; x_wconf 61' lang='lat' dir='ltr'><strong><em>dixit_,lngressus</em></strong></span> <span class='ocrx_word' id='word_1_291' title='bbox 1526 2320 1580 2377; x_wconf 90' lang='lat' dir='ltr'><strong><em>in</em></strong></span> <span class='ocrx_word' id='word_1_292' title='bbox 1619 2320 2064 2417; x_wconf 79' lang='lat' dir='ltr'><strong><em>mundum,sed,</em></strong></span> 
     </span>
    </p>
   </div>
   <div class='ocr_carea' id='block_1_46' title="bbox 2158 2311 3810 2417">
    <p class='ocr_par' dir='ltr' id='par_1_46' title="bbox 2158 2313 3810 2393">
     <span class='ocr_line' id='line_1_47' title="bbox 2158 2313 3810 2393; baseline -0.002 -25"><span class='ocrx_word' id='word_1_293' title='bbox 2158 2313 2269 2388; x_wconf 80' lang='grc' dir='ltr'>τὰς,</span> <span class='ocrx_word' id='word_1_294' title='bbox 2306 2315 2394 2369; x_wconf 87' lang='grc' dir='ltr'>καὶ</span> <span class='ocrx_word' id='word_1_295' title='bbox 2435 2315 2536 2393; x_wconf 88' lang='grc' dir='ltr'><strong><em>πρὸ</em></strong></span> <span class='ocrx_word' id='word_1_296' title='bbox 2584 2314 2681 2382; x_wconf 87' lang='grc' dir='ltr'><strong><em>τῆς</em></strong></span> <span class='ocrx_word' id='word_1_297' title='bbox 2738 2315 3185 2393; x_wconf 77' lang='grc' dir='ltr'>ἐνανθρωπήσεως</span> <span class='ocrx_word' id='word_1_298' title='bbox 3229 2322 3321 2371; x_wconf 87' lang='grc' dir='ltr'><strong><em>τοῦ</em></strong></span> <span class='ocrx_word' id='word_1_299' title='bbox 3378 2314 3589 2391; x_wconf 79' lang='grc' dir='ltr'>Κυρίου,</span> <span class='ocrx_word' id='word_1_300' title='bbox 3651 2332 3810 2386; x_wconf 88' lang='grc' dir='ltr'>μεμι-</span> 
     </span>
    </p>
   </div>
   <div class='ocr_carea' id='block_1_47' title="bbox 415 2400 2068 2489">
    <p class='ocr_par' dir='ltr' id='par_1_47' title="bbox 415 2400 2068 2489">
     <span class='ocr_line' id='line_1_48' title="bbox 415 2400 2068 2489; baseline 0.007 -26"><span class='ocrx_word' id='word_1_301' title='bbox 415 2400 763 2482; x_wconf 81' lang='lat' dir='ltr'><strong><em>Ingrediens</em></strong></span> <span class='ocrx_word' id='word_1_302' title='bbox 788 2421 803 2462; x_wconf 90' lang='lat'><strong>:</strong></span> <span class='ocrx_word' id='word_1_303' title='bbox 830 2401 1200 2464; x_wconf 89' lang='lat' dir='ltr'><strong><em>ostendendo</em></strong></span> <span class='ocrx_word' id='word_1_304' title='bbox 1223 2401 1379 2485; x_wconf 85' lang='lat' dir='ltr'><strong><em>quod</em></strong></span> <span class='ocrx_word' id='word_1_305' title='bbox 1404 2404 1746 2486; x_wconf 85' lang='lat' dir='ltr'><strong><em>priusquam</em></strong></span> <span class='ocrx_word' id='word_1_306' title='bbox 1769 2407 2068 2489; x_wconf 80' lang='lat' dir='ltr'><strong><em>ingressus</em></strong></span> 
     </span>
    </p>
   </div>
   <div class='ocr_carea' id='block_1_48' title="bbox 2158 2400 3804 2489">
    <p class='ocr_par' dir='ltr' id='par_1_48' title="bbox 2158 2400 3804 2489">
     <span class='ocr_line' id='line_1_49' title="bbox 2158 2400 3804 2489; baseline -0.001 -33"><span class='ocrx_word' id='word_1_307' title='bbox 2158 2401 2388 2478; x_wconf 83' lang='grc' dir='ltr'>σημένας</span> <span class='ocrx_word' id='word_1_308' title='bbox 2445 2409 2561 2478; x_wconf 81' lang='grc' dir='ltr'><strong><em>Θεῷ</em></strong></span> <span class='ocrx_word' id='word_1_309' title='bbox 2596 2419 2608 2433; x_wconf 85' lang='grc'><strong><em>⁸</em></strong></span> <span class='ocrx_word' id='word_1_310' title='bbox 2659 2407 2719 2463; x_wconf 71' lang='grc' dir='ltr'>οὗ</span> <span class='ocrx_word' id='word_1_311' title='bbox 2774 2406 2875 2483; x_wconf 77' lang='grc' dir='ltr'><strong><em>γὰρ</em></strong></span> <span class='ocrx_word' id='word_1_312' title='bbox 2918 2405 3099 2477; x_wconf 82' lang='grc' dir='ltr'>εἶπεν,</span> <span class='ocrx_word' id='word_1_313' title='bbox 3161 2400 3421 2460; x_wconf 80' lang='grc' dir='ltr'>Εἱσελθων</span> <span class='ocrx_word' id='word_1_314' title='bbox 3478 2403 3507 2456; x_wconf 82' lang='grc' dir='ltr'>ὁ</span> <span class='ocrx_word' id='word_1_315' title='bbox 3552 2402 3804 2489; x_wconf 79' lang='grc' dir='ltr'>Χριστὸς,</span> 
     </span>
    </p>
   </div>
   <div class='ocr_carea' id='block_1_49' title="bbox 420 2488 2068 2572">
    <p class='ocr_par' dir='ltr' id='par_1_49' title="bbox 420 2488 1855 2572">
     <span class='ocr_line' id='line_1_50' title="bbox 420 2488 1855 2572; baseline -0.001 -18"><span class='ocrx_word' id='word_1_316' title='bbox 420 2499 601 2572; x_wconf 84' lang='lat' dir='ltr'><strong><em>esset,</em></strong></span> <span class='ocrx_word' id='word_1_317' title='bbox 633 2491 770 2552; x_wconf 83' lang='lat' dir='ltr'><strong><em>odio</em></strong></span> <span class='ocrx_word' id='word_1_318' title='bbox 793 2491 1012 2554; x_wconf 64' lang='lat' dir='ltr'><strong><em>habita;</em></strong></span> <span class='ocrx_word' id='word_1_319' title='bbox 1040 2500 1229 2553; x_wconf 82' lang='lat' dir='ltr'><strong><em>erant.</em></strong></span> <span class='ocrx_word' id='word_1_320' title='bbox 1842 2488 1855 2489; x_wconf 27' lang='grc' dir='ltr'>ί</span> 
     </span>
    </p>
   </div>
   <div class='ocr_carea' id='block_1_50' title="bbox 2158 2488 3805 2572">
    <p class='ocr_par' dir='ltr' id='par_1_50' title="bbox 2158 2488 3805 2572">
     <span class='ocr_line' id='line_1_51' title="bbox 2158 2488 3805 2572; baseline -0.002 -26"><span class='ocrx_word' id='word_1_321' title='bbox 2158 2488 2295 2564; x_wconf 67' lang='grc' dir='ltr'>ἄλλ’,</span> <span class='ocrx_word' id='word_1_322' title='bbox 2325 2492 2744 2572; x_wconf 80' lang='grc' dir='ltr'>Είσερχόμενος,</span> <span class='ocrx_word' id='word_1_323' title='bbox 2790 2491 2992 2557; x_wconf 79' lang='grc' dir='ltr'>δεικνὺς</span> <span class='ocrx_word' id='word_1_324' title='bbox 3049 2491 3130 2548; x_wconf 82' lang='grc' dir='ltr'><strong><em>ὅτι</em></strong></span> <span class='ocrx_word' id='word_1_325' title='bbox 3186 2493 3303 2571; x_wconf 83' lang='grc' dir='ltr'>πρὶν</span> <span class='ocrx_word' id='word_1_326' title='bbox 3348 2488 3555 2567; x_wconf 77' lang='grc' dir='ltr'>εἰσέλθῃ</span> <span class='ocrx_word' id='word_1_327' title='bbox 3611 2488 3805 2565; x_wconf 78' lang='grc' dir='ltr'>ἐμεμί-</span> 
     </span>
    </p>
   </div>
   <div class='ocr_carea' id='block_1_51' title="bbox 493 2580 2342 2680">
    <p class='ocr_par' dir='ltr' id='par_1_51' title="bbox 493 2580 2342 2680">
     <span class='ocr_line' id='line_1_52' title="bbox 493 2580 2342 2680; baseline 0.001 -39"><span class='ocrx_word' id='word_1_328' title='bbox 493 2582 643 2644; x_wconf 80' lang='lat' dir='ltr'><strong><em>Alio</em></strong></span> <span class='ocrx_word' id='word_1_329' title='bbox 680 2581 872 2680; x_wconf 74' lang='lat' dir='ltr'><strong><em>modo.</em></strong></span> <span class='ocrx_word' id='word_1_330' title='bbox 920 2580 1266 2680; x_wconf 78' lang='lat' dir='ltr'><strong><em>Ingrediens</em></strong></span> <span class='ocrx_word' id='word_1_331' title='bbox 1295 2582 1364 2680; x_wconf 41' lang='lat' dir='ltr'><strong><em>in.</em></strong></span> <span class='ocrx_word' id='word_1_332' title='bbox 1387 2585 1678 2680; x_wconf 73' lang='lat' dir='ltr'><strong><em>mundum</em></strong></span> <span class='ocrx_word' id='word_1_333' title='bbox 1709 2587 1857 2680; x_wconf 73' lang='lat' dir='ltr'><strong><em>dixit</em></strong></span> <span class='ocrx_word' id='word_1_334' title='bbox 1887 2589 2063 2680; x_wconf 67' lang='grc' dir='ltr'><strong><em>βίη-ί·</em></strong></span> <span class='ocrx_word' id='word_1_335' title='bbox 2149 2600 2342 2680; x_wconf 23' lang='grc' dir='ltr'><strong><em>σηγςςοῖ.</em></strong></span> 
     </span>
    </p>
   </div>
   <div class='ocr_carea' id='block_1_52' title="bbox 413 2667 2068 2755">
    <p class='ocr_par' dir='ltr' id='par_1_52' title="bbox 413 2668 2066 2755">
     <span class='ocr_line' id='line_1_53' title="bbox 413 2668 2066 2755; baseline 0.008 -26"><span class='ocrx_word' id='word_1_336' title='bbox 413 2677 564 2750; x_wconf 90' lang='lat' dir='ltr'><strong><em>slus,</em></strong></span> <span class='ocrx_word' id='word_1_337' title='bbox 617 2668 722 2731; x_wconf 84' lang='lat' dir='ltr'><strong><em>sed</em></strong></span> <span class='ocrx_word' id='word_1_338' title='bbox 768 2687 885 2730; x_wconf 91' lang='lat' dir='ltr'><strong><em>non</em></strong></span> <span class='ocrx_word' id='word_1_339' title='bbox 932 2671 1285 2750; x_wconf 79' lang='lat' dir='ltr'><strong><em>ingressus:</em></strong></span> <span class='ocrx_word' id='word_1_340' title='bbox 1313 2672 1590 2736; x_wconf 74' lang='lat' dir='ltr'><strong><em>videlicet</em></strong></span> <span class='ocrx_word' id='word_1_341' title='bbox 1621 2675 2066 2755; x_wconf 78' lang='lat' dir='ltr'><strong><em>ingrediebatur</em></strong></span> 
     </span>
    </p>
   </div>
   <div class='ocr_carea' id='block_1_53' title="bbox 2158 2667 3802 2755">
    <p class='ocr_par' dir='ltr' id='par_1_53' title="bbox 2233 2667 3802 2752">
     <span class='ocr_line' id='line_1_54' title="bbox 2233 2667 3802 2752; baseline -0.002 -26"><span class='ocrx_word' id='word_1_342' title='bbox 2233 2667 2478 2733; x_wconf 81' lang='grc' dir='ltr'>”Λλλως.</span> <span class='ocrx_word' id='word_1_343' title='bbox 2531 2671 2921 2752; x_wconf 78' lang='grc' dir='ltr'>Εἰσερχόμενος</span> <span class='ocrx_word' id='word_1_344' title='bbox 2976 2672 3048 2735; x_wconf 80' lang='grc' dir='ltr'><strong><em>είς</em></strong></span> <span class='ocrx_word' id='word_1_345' title='bbox 3106 2672 3196 2727; x_wconf 79' lang='grc' dir='ltr'>τὸν</span> <span class='ocrx_word' id='word_1_346' title='bbox 3239 2671 3464 2749; x_wconf 77' lang='grc' dir='ltr'>κόσμον,</span> <span class='ocrx_word' id='word_1_347' title='bbox 3522 2668 3701 2742; x_wconf 75' lang='grc' dir='ltr'>εἶπεν,</span> <span class='ocrx_word' id='word_1_348' title='bbox 3771 2669 3802 2723; x_wconf 83' lang='grc' dir='ltr'>ὁ</span> 
     </span>
    </p>
   </div>
   <div class='ocr_carea' id='block_1_54' title="bbox 412 2755 2068 2848">
    <p class='ocr_par' dir='ltr' id='par_1_54' title="bbox 412 2757 2058 2848">
     <span class='ocr_line' id='line_1_55' title="bbox 412 2757 2058 2848; baseline 0.008 -30"><span class='ocrx_word' id='word_1_349' title='bbox 412 2757 646 2848; x_wconf 81' lang='lat' dir='ltr'><strong><em>quando</em></strong></span> <span class='ocrx_word' id='word_1_350' title='bbox 682 2757 1056 2848; x_wconf 77' lang='lat' dir='ltr'><strong><em>promittebat</em></strong></span> <span class='ocrx_word' id='word_1_351' title='bbox 1078 2758 1191 2840; x_wconf 88' lang='lat' dir='ltr'><strong><em>ipsi</em></strong></span> <span class='ocrx_word' id='word_1_352' title='bbox 1216 2760 1396 2823; x_wconf 81' lang='lat' dir='ltr'><strong><em>David</em></strong></span> <span class='ocrx_word' id='word_1_353' title='bbox 1421 2770 1479 2823; x_wconf 88' lang='lat' dir='ltr'><strong><em>et</em></strong></span> <span class='ocrx_word' id='word_1_354' title='bbox 1498 2763 1874 2827; x_wconf 80' lang='lat' dir='ltr'><strong><em>asseverabat</em></strong></span> <span class='ocrx_word' id='word_1_355' title='bbox 1901 2769 2058 2848; x_wconf 86' lang='lat' dir='ltr'><strong><em>quod</em></strong></span> 
     </span>
    </p>
   </div>
   <div class='ocr_carea' id='block_1_55' title="bbox 2158 2755 3797 2848">
    <p class='ocr_par' dir='ltr' id='par_1_55' title="bbox 2158 2755 3797 2848">
     <span class='ocr_line' id='line_1_56' title="bbox 2158 2755 3797 2848; baseline -0.002 -33"><span class='ocrx_word' id='word_1_356' title='bbox 2158 2760 2393 2848; x_wconf 68' lang='lat' dir='ltr'><strong><em>liptctbc,</em></strong></span> <span class='ocrx_word' id='word_1_357' title='bbox 2427 2756 2549 2848; x_wconf 75' lang='grc' dir='ltr'>ἀλλ’</span> <span class='ocrx_word' id='word_1_358' title='bbox 2606 2759 2731 2841; x_wconf 74' lang='grc' dir='ltr'>οὐχὶ</span> <span class='ocrx_word' id='word_1_359' title='bbox 2774 2758 3042 2819; x_wconf 74' lang='grc' dir='ltr'>εἰσελθών.</span> <span class='ocrx_word' id='word_1_360' title='bbox 3092 2761 3388 2848; x_wconf 13' lang='grc' dir='ltr'>Εγῖσήρχετο</span> <span class='ocrx_word' id='word_1_361' title='bbox 3429 2756 3489 2848; x_wconf 69' lang='grc' dir='ltr'><strong><em>δέ</em></strong></span> <span class='ocrx_word' id='word_1_362' title='bbox 3527 2755 3797 2836; x_wconf 83' lang='grc' dir='ltr'>δηλονότι,</span> 
     </span>
    </p>
   </div>
   <div class='ocr_carea' id='block_1_56' title="bbox 413 2845 2068 2933">
    <p class='ocr_par' dir='ltr' id='par_1_56' title="bbox 413 2845 2059 2933">
     <span class='ocr_line' id='line_1_57' title="bbox 413 2845 2059 2933; baseline 0.007 -27"><span class='ocrx_word' id='word_1_363' title='bbox 413 2848 488 2906; x_wconf 85' lang='lat' dir='ltr'><strong><em>de</em></strong></span> <span class='ocrx_word' id='word_1_364' title='bbox 510 2846 701 2908; x_wconf 84' lang='lat' dir='ltr'><strong><em>fructu</em></strong></span> <span class='ocrx_word' id='word_1_365' title='bbox 729 2845 950 2909; x_wconf 80' lang='lat' dir='ltr'><strong><em>ventris</em></strong></span> <span class='ocrx_word' id='word_1_366' title='bbox 965 2849 1055 2909; x_wconf 79' lang='lat' dir='ltr'><strong><em>sui</em></strong></span> <span class='ocrx_word' id='word_1_367' title='bbox 1081 2848 1292 2911; x_wconf 89' lang='lat' dir='ltr'><strong><em>sedere</em></strong></span> <span class='ocrx_word' id='word_1_368' title='bbox 1321 2848 1542 2912; x_wconf 82' lang='lat' dir='ltr'><strong><em>laceret</em></strong></span> <span class='ocrx_word' id='word_1_369' title='bbox 1577 2869 1760 2933; x_wconf 89' lang='lat' dir='ltr'><strong><em>super</em></strong></span> <span class='ocrx_word' id='word_1_370' title='bbox 1783 2845 2059 2918; x_wconf 78' lang='lat' dir='ltr'><strong><em>thronum</em></strong></span> 
     </span>
    </p>
   </div>
   <div class='ocr_carea' id='block_1_57' title="bbox 2158 2845 3794 2933">
    <p class='ocr_par' dir='ltr' id='par_1_57' title="bbox 2158 2845 3794 2930">
     <span class='ocr_line' id='line_1_58' title="bbox 2158 2845 3794 2930; baseline -0.001 -27"><span class='ocrx_word' id='word_1_371' title='bbox 2158 2845 2230 2903; x_wconf 66' lang='lat' dir='ltr'><strong><em>ita</em></strong></span> <span class='ocrx_word' id='word_1_372' title='bbox 2257 2854 2335 2923; x_wconf 84' lang='grc' dir='ltr'>τῷ</span> <span class='ocrx_word' id='word_1_373' title='bbox 2366 2847 2533 2906; x_wconf 69' lang='grc' dir='ltr'><strong><em>Δαυῖδ</em></strong></span> <span class='ocrx_word' id='word_1_374' title='bbox 2573 2849 2915 2930; x_wconf 74' lang='grc' dir='ltr'>ὑπισχνεῖτο,</span> <span class='ocrx_word' id='word_1_375' title='bbox 2973 2851 3060 2908; x_wconf 80' lang='grc' dir='ltr'>καὶ</span> <span class='ocrx_word' id='word_1_376' title='bbox 3116 2847 3413 2928; x_wconf 85' lang='grc' dir='ltr'>διετείνετο,</span> <span class='ocrx_word' id='word_1_377' title='bbox 3474 2846 3535 2903; x_wconf 79' lang='grc' dir='ltr'>ἐκ</span> <span class='ocrx_word' id='word_1_378' title='bbox 3588 2852 3794 2926; x_wconf 81' lang='grc' dir='ltr'>καρποῦ</span> 
     </span>
    </p>
   </div>
   <div class='ocr_carea' id='block_1_58' title="bbox 410 2934 2068 3043">
    <p class='ocr_par' dir='ltr' id='par_1_58' title="bbox 410 2934 2056 3043">
     <span class='ocr_line' id='line_1_59' title="bbox 410 2934 2056 3043; baseline 0.006 -47"><span class='ocrx_word' id='word_1_379' title='bbox 410 2953 583 2997; x_wconf 84' lang='lat' dir='ltr'><strong><em>suum</em></strong></span> <span class='ocrx_word' id='word_1_380' title='bbox 614 2953 800 3016; x_wconf 90' lang='lat' dir='ltr'><strong><em>usque</em></strong></span> <span class='ocrx_word' id='word_1_381' title='bbox 819 2934 880 2997; x_wconf 86' lang='lat' dir='ltr'><strong><em>in</em></strong></span> <span class='ocrx_word' id='word_1_382' title='bbox 901 2936 1266 3043; x_wconf 43' lang='grc' dir='ltr'>ειειυιυῐξιξε.</span> <span class='ocrx_word' id='word_1_383' title='bbox 1302 2936 1651 3016; x_wconf 79' lang='lat' dir='ltr'><strong><em>Ingrediens</em></strong></span> <span class='ocrx_word' id='word_1_384' title='bbox 1681 2941 1857 3021; x_wconf 82' lang='lat' dir='ltr'><strong><em>igitur</em></strong></span> <span class='ocrx_word' id='word_1_385' title='bbox 1881 2963 2056 3006; x_wconf 92' lang='lat' dir='ltr'><strong><em>mun-</em></strong></span> 
     </span>
    </p>
   </div>
   <div class='ocr_carea' id='block_1_59' title="bbox 2158 2934 3796 3043">
    <p class='ocr_par' dir='ltr' id='par_1_59' title="bbox 2158 2934 3796 3043">
     <span class='ocr_line' id='line_1_60' title="bbox 2158 2934 3796 3043; baseline -0.009 -40"><span class='ocrx_word' id='word_1_386' title='bbox 2158 2940 2238 3003; x_wconf 75' lang='grc' dir='ltr'><strong><em>τῆς</em></strong></span> <span class='ocrx_word' id='word_1_387' title='bbox 2306 2934 2508 3000; x_wconf 84' lang='grc' dir='ltr'>κοιλίας</span> <span class='ocrx_word' id='word_1_388' title='bbox 2563 2940 2745 3018; x_wconf 72' lang='grc' dir='ltr'>αὐτοῦ,</span> <span class='ocrx_word' id='word_1_389' title='bbox 2829 2938 3034 2998; x_wconf 86' lang='grc' dir='ltr'>καθίσαι</span> <span class='ocrx_word' id='word_1_390' title='bbox 3113 2939 3270 2995; x_wconf 74' lang='grc' dir='ltr'>αὐτὸν</span> <span class='ocrx_word' id='word_1_391' title='bbox 3326 2936 3413 2992; x_wconf 78' lang='grc' dir='ltr'><strong><em>ἐπὶ</em></strong></span> <span class='ocrx_word' id='word_1_392' title='bbox 3469 2935 3561 2992; x_wconf 75' lang='grc' dir='ltr'><strong><em>τοῦ</em></strong></span> <span class='ocrx_word' id='word_1_393' title='bbox 3611 2935 3796 3043; x_wconf 73' lang='grc' dir='ltr'>θρόνου</span> 
     </span>
    </p>
   </div>
   <div class='ocr_carea' id='block_1_60' title="bbox 408 3023 2068 3115">
    <p class='ocr_par' dir='ltr' id='par_1_60' title="bbox 408 3023 2061 3115">
     <span class='ocr_line' id='line_1_61' title="bbox 408 3023 2061 3115; baseline 0.006 -30"><span class='ocrx_word' id='word_1_394' title='bbox 408 3023 551 3086; x_wconf 91' lang='lat' dir='ltr'><strong><em>dum</em></strong></span> <span class='ocrx_word' id='word_1_395' title='bbox 572 3042 691 3115; x_wconf 81' lang='lat' dir='ltr'><strong><em>per</em></strong></span> <span class='ocrx_word' id='word_1_396' title='bbox 720 3032 891 3115; x_wconf 83' lang='lat' dir='ltr'><strong><em>pacta</em></strong></span> <span class='ocrx_word' id='word_1_397' title='bbox 920 3024 990 3086; x_wconf 87' lang='lat' dir='ltr'><strong><em>ad</em></strong></span> <span class='ocrx_word' id='word_1_398' title='bbox 1027 3024 1206 3115; x_wconf 82' lang='lat' dir='ltr'><strong><em>David</em></strong></span> <span class='ocrx_word' id='word_1_399' title='bbox 1236 3026 1409 3109; x_wconf 81' lang='lat' dir='ltr'><strong><em>facta,</em></strong></span> <span class='ocrx_word' id='word_1_400' title='bbox 1441 3028 1616 3089; x_wconf 88' lang='lat' dir='ltr'><strong><em>etiam</em></strong></span> <span class='ocrx_word' id='word_1_401' title='bbox 1647 3030 1761 3093; x_wconf 93' lang='lat' dir='ltr'><strong><em>hoc</em></strong></span> <span class='ocrx_word' id='word_1_402' title='bbox 1778 3031 1922 3094; x_wconf 89' lang='lat' dir='ltr'><strong><em>dicit</em></strong></span> <span class='ocrx_word' id='word_1_403' title='bbox 1952 3053 2061 3115; x_wconf 90' lang='lat' dir='ltr'><strong><em>per</em></strong></span> 
     </span>
    </p>
   </div>
   <div class='ocr_carea' id='block_1_61' title="bbox 2158 3023 3796 3115">
    <p class='ocr_par' dir='ltr' id='par_1_61' title="bbox 2158 3023 3796 3107">
     <span class='ocr_line' id='line_1_62' title="bbox 2158 3023 3796 3107; baseline -0.002 -26"><span class='ocrx_word' id='word_1_404' title='bbox 2158 3025 2297 3085; x_wconf 69' lang='grc' dir='ltr'>ιῦτοῦ</span> <span class='ocrx_word' id='word_1_405' title='bbox 2346 3024 2449 3089; x_wconf 76' lang='grc' dir='ltr'>ἕως</span> <span class='ocrx_word' id='word_1_406' title='bbox 2492 3033 2584 3084; x_wconf 90' lang='grc' dir='ltr'><strong><em>τοῦ</em></strong></span> <span class='ocrx_word' id='word_1_407' title='bbox 2641 3028 2853 3092; x_wconf 79' lang='grc' dir='ltr'>αἰῶνος.</span> <span class='ocrx_word' id='word_1_408' title='bbox 2900 3027 3287 3107; x_wconf 79' lang='grc' dir='ltr'>Εἱσερχόμενος</span> <span class='ocrx_word' id='word_1_409' title='bbox 3343 3032 3431 3082; x_wconf 91' lang='grc' dir='ltr'><strong><em>οῦν</em></strong></span> <span class='ocrx_word' id='word_1_410' title='bbox 3474 3025 3547 3088; x_wconf 81' lang='grc' dir='ltr'>εἷς</span> <span class='ocrx_word' id='word_1_411' title='bbox 3575 3024 3666 3079; x_wconf 83' lang='grc' dir='ltr'>τὸν</span> <span class='ocrx_word' id='word_1_412' title='bbox 3694 3023 3796 3079; x_wconf 86' lang='grc' dir='ltr'>κό-</span> 
     </span>
    </p>
   </div>
   <div class='ocr_carea' id='block_1_62' title="bbox 410 3113 2068 3196">
    <p class='ocr_par' dir='ltr' id='par_1_62' title="bbox 410 3113 2051 3188">
     <span class='ocr_line' id='line_1_63' title="bbox 410 3113 2051 3188; baseline 0.005 -12"><span class='ocrx_word' id='word_1_413' title='bbox 410 3113 686 3176; x_wconf 89' lang='lat' dir='ltr'><strong><em>eumdem</em></strong></span> <span class='ocrx_word' id='word_1_414' title='bbox 720 3114 899 3177; x_wconf 86' lang='lat' dir='ltr'><strong><em>David</em></strong></span> <span class='ocrx_word' id='word_1_415' title='bbox 933 3132 946 3177; x_wconf 88' lang='lat'><strong>:</strong></span> <span class='ocrx_word' id='word_1_416' title='bbox 984 3140 1006 3169; x_wconf 80' lang='grc' dir='ltr'><strong><em>ιι</em></strong></span> <span class='ocrx_word' id='word_1_417' title='bbox 1034 3113 1182 3188; x_wconf 87' lang='lat' dir='ltr'><strong><em>Quia</em></strong></span> <span class='ocrx_word' id='word_1_418' title='bbox 1207 3116 1564 3179; x_wconf 87' lang='lat' dir='ltr'><strong><em>sacriﬁcium</em></strong></span> <span class='ocrx_word' id='word_1_419' title='bbox 1596 3126 1653 3180; x_wconf 92' lang='lat' dir='ltr'><strong><em>et</em></strong></span> <span class='ocrx_word' id='word_1_420' title='bbox 1690 3113 2051 3185; x_wconf 78' lang='lat' dir='ltr'><strong><em>oblationem</em></strong></span> 
     </span>
    </p>
   </div>
   <div class='ocr_carea' id='block_1_63' title="bbox 2158 3113 3794 3196">
    <p class='ocr_par' dir='ltr' id='par_1_63' title="bbox 2158 3113 3794 3196">
     <span class='ocr_line' id='line_1_64' title="bbox 2158 3113 3794 3196; baseline 0.001 -29"><span class='ocrx_word' id='word_1_421' title='bbox 2158 3135 2273 3190; x_wconf 63' lang='grc' dir='ltr'>ιμον</span> <span class='ocrx_word' id='word_1_422' title='bbox 2329 3113 2411 3171; x_wconf 75' lang='grc' dir='ltr'><strong><em>διὰ</em></strong></span> <span class='ocrx_word' id='word_1_423' title='bbox 2470 3122 2576 3173; x_wconf 85' lang='grc' dir='ltr'><strong><em>τῶν</em></strong></span> <span class='ocrx_word' id='word_1_424' title='bbox 2630 3118 2763 3196; x_wconf 83' lang='grc' dir='ltr'>πρὸς</span> <span class='ocrx_word' id='word_1_425' title='bbox 2824 3119 2912 3173; x_wconf 84' lang='grc' dir='ltr'>τὸν</span> <span class='ocrx_word' id='word_1_426' title='bbox 2975 3115 3143 3172; x_wconf 71' lang='grc' dir='ltr'><strong><em>Δαυῖδ</em></strong></span> <span class='ocrx_word' id='word_1_427' title='bbox 3188 3116 3482 3189; x_wconf 77' lang='grc' dir='ltr'>συνθηκῶν,</span> <span class='ocrx_word' id='word_1_428' title='bbox 3526 3114 3615 3171; x_wconf 80' lang='grc' dir='ltr'><strong><em>καὶ</em></strong></span> <span class='ocrx_word' id='word_1_429' title='bbox 3642 3118 3794 3169; x_wconf 75' lang='grc' dir='ltr'>τοῦτο</span> 
     </span>
    </p>
   </div>
   <div class='ocr_carea' id='block_1_64' title="bbox 410 3202 2056 3290">
    <p class='ocr_par' dir='ltr' id='par_1_64' title="bbox 410 3202 2056 3290">
     <span class='ocr_line' id='line_1_65' title="bbox 410 3202 2056 3290; baseline 0.006 -26"><span class='ocrx_word' id='word_1_430' title='bbox 410 3202 650 3265; x_wconf 88' lang='lat' dir='ltr'><strong><em>noluisti</em></strong></span> <span class='ocrx_word' id='word_1_431' title='bbox 669 3202 790 3285; x_wconf 64' lang='lat'><strong><em>49,:</em></strong></span> <span class='ocrx_word' id='word_1_432' title='bbox 815 3222 1010 3285; x_wconf 85' lang='lat' dir='ltr'><strong><em>neque</em></strong></span> <span class='ocrx_word' id='word_1_433' title='bbox 1029 3205 1382 3284; x_wconf 77' lang='lat' dir='ltr'><strong><em>placuerunt</em></strong></span> <span class='ocrx_word' id='word_1_434' title='bbox 1402 3204 1507 3267; x_wconf 89' lang='lat' dir='ltr'><strong><em>tibi</em></strong></span> <span class='ocrx_word' id='word_1_435' title='bbox 1530 3225 1662 3287; x_wconf 63' lang='lat' dir='ltr'><strong><em>quae</em></strong></span> <span class='ocrx_word' id='word_1_436' title='bbox 1684 3207 1742 3269; x_wconf 91' lang='lat' dir='ltr'><strong><em>in</em></strong></span> <span class='ocrx_word' id='word_1_437' title='bbox 1761 3209 1890 3290; x_wconf 83' lang='lat' dir='ltr'><strong><em>lege</em></strong></span> <span class='ocrx_word' id='word_1_438' title='bbox 1916 3229 2056 3290; x_wconf 86' lang='lat' dir='ltr'><strong><em>per-</em></strong></span> 
     </span>
    </p>
   </div>
   <div class='ocr_carea' id='block_1_65' title="bbox 404 3291 2056 3378">
    <p class='ocr_par' dir='ltr' id='par_1_65' title="bbox 404 3291 2056 3378">
     <span class='ocr_line' id='line_1_66' title="bbox 404 3291 2056 3378; baseline 0.006 -25"><span class='ocrx_word' id='word_1_439' title='bbox 404 3291 856 3370; x_wconf 78' lang='lat' dir='ltr'><strong><em>agebanturzet</em></strong></span> <span class='ocrx_word' id='word_1_440' title='bbox 884 3312 1002 3355; x_wconf 89' lang='lat' dir='ltr'><strong><em>non</em></strong></span> <span class='ocrx_word' id='word_1_441' title='bbox 1051 3293 1218 3370; x_wconf 76' lang='lat' dir='ltr'><strong><em>dixit,</em></strong></span> <span class='ocrx_word' id='word_1_442' title='bbox 1254 3292 1384 3356; x_wconf 90' lang='lat' dir='ltr'><strong><em>Non</em></strong></span> <span class='ocrx_word' id='word_1_443' title='bbox 1425 3295 1663 3376; x_wconf 81' lang='lat' dir='ltr'><strong><em>placent</em></strong></span> <span class='ocrx_word' id='word_1_444' title='bbox 1708 3316 1904 3377; x_wconf 89' lang='lat' dir='ltr'><strong><em>neque</em></strong></span> <span class='ocrx_word' id='word_1_445' title='bbox 1948 3301 2056 3378; x_wconf 85' lang='lat' dir='ltr'><strong><em>vis,</em></strong></span> 
     </span>
    </p>
   </div>
   <div class='ocr_carea' id='block_1_66' title="bbox 403 3381 2057 3463">
    <p class='ocr_par' dir='ltr' id='par_1_66' title="bbox 403 3381 2057 3463">
     <span class='ocr_line' id='line_1_67' title="bbox 403 3381 2057 3463; baseline 0.007 -22"><span class='ocrx_word' id='word_1_446' title='bbox 403 3381 1021 3459; x_wconf 80' lang='lat' dir='ltr'><strong><em>sed,Noluisti,neque</em></strong></span> <span class='ocrx_word' id='word_1_447' title='bbox 1046 3383 1540 3463; x_wconf 84' lang='lat' dir='ltr'><strong><em>placuerunttibi;</em></strong></span> <span class='ocrx_word' id='word_1_448' title='bbox 1565 3393 1793 3449; x_wconf 83' lang='lat' dir='ltr'><strong><em>tantum</em></strong></span> <span class='ocrx_word' id='word_1_449' title='bbox 1824 3407 1942 3451; x_wconf 90' lang='lat' dir='ltr'><strong><em>non</em></strong></span> <span class='ocrx_word' id='word_1_450' title='bbox 1962 3389 2057 3451; x_wconf 87' lang='lat' dir='ltr'><strong><em>di-</em></strong></span> 
     </span>
    </p>
   </div>
   <div class='ocr_carea' id='block_1_67' title="bbox 400 3470 2060 3560">
    <p class='ocr_par' dir='ltr' id='par_1_67' title="bbox 400 3470 2060 3560">
     <span class='ocr_line' id='line_1_68' title="bbox 400 3470 2060 3560; baseline 0.006 -29"><span class='ocrx_word' id='word_1_451' title='bbox 400 3488 562 3532; x_wconf 89' lang='lat' dir='ltr'><strong><em>cens:</em></strong></span> <span class='ocrx_word' id='word_1_452' title='bbox 591 3470 683 3531; x_wconf 81' lang='lat' dir='ltr'><strong><em>Ab</em></strong></span> <span class='ocrx_word' id='word_1_453' title='bbox 716 3471 843 3545; x_wconf 88' lang='lat' dir='ltr'><strong><em>ipsa</em></strong></span> <span class='ocrx_word' id='word_1_454' title='bbox 890 3471 1126 3534; x_wconf 90' lang='lat' dir='ltr'><strong><em>illarum</em></strong></span> <span class='ocrx_word' id='word_1_455' title='bbox 1185 3473 1613 3535; x_wconf 84' lang='lat' dir='ltr'><strong><em>constitutione</em></strong></span> <span class='ocrx_word' id='word_1_456' title='bbox 1665 3484 1723 3537; x_wconf 89' lang='lat' dir='ltr'><strong><em>et</em></strong></span> <span class='ocrx_word' id='word_1_457' title='bbox 1770 3477 2060 3560; x_wconf 84' lang='lat' dir='ltr'><strong><em>principio</em></strong></span> 
     </span>
    </p>
   </div>
   <div class='ocr_carea' id='block_1_68' title="bbox 398 3564 2047 3646">
    <p class='ocr_par' dir='ltr' id='par_1_68' title="bbox 398 3564 2047 3646">
     <span class='ocr_line' id='line_1_69' title="bbox 398 3564 2047 3646; baseline 0.006 -23"><span class='ocrx_word' id='word_1_458' title='bbox 398 3581 518 3623; x_wconf 92' lang='lat' dir='ltr'><strong><em>non</em></strong></span> <span class='ocrx_word' id='word_1_459' title='bbox 549 3571 718 3625; x_wconf 88' lang='lat' dir='ltr'><strong><em>erant</em></strong></span> <span class='ocrx_word' id='word_1_460' title='bbox 740 3564 844 3625; x_wconf 89' lang='lat' dir='ltr'><strong><em>tibi</em></strong></span> <span class='ocrx_word' id='word_1_461' title='bbox 864 3574 1045 3643; x_wconf 66' lang='lat' dir='ltr'><strong><em>gratae</em></strong></span> <span class='ocrx_word' id='word_1_462' title='bbox 1069 3584 1264 3646; x_wconf 68' lang='lat' dir='ltr'><strong><em>neque</em></strong></span> <span class='ocrx_word' id='word_1_463' title='bbox 1289 3565 1588 3646; x_wconf 84' lang='lat' dir='ltr'><strong><em>placentes</em></strong></span> <span class='ocrx_word' id='word_1_464' title='bbox 1620 3569 1848 3634; x_wconf 82' lang='lat' dir='ltr'><strong><em>hostiae.</em></strong></span> <span class='ocrx_word' id='word_1_465' title='bbox 1882 3569 2047 3644; x_wconf 89' lang='lat' dir='ltr'><strong><em>Quod</em></strong></span> 
     </span>
    </p>
   </div>
   <div class='ocr_carea' id='block_1_69' title="bbox 397 3650 2022 3739">
    <p class='ocr_par' dir='ltr' id='par_1_69' title="bbox 397 3650 2022 3739">
     <span class='ocr_line' id='line_1_70' title="bbox 397 3650 2022 3739; baseline 0.006 -27"><span class='ocrx_word' id='word_1_466' title='bbox 397 3650 447 3712; x_wconf 90' lang='lat' dir='ltr'><strong><em>si</em></strong></span> <span class='ocrx_word' id='word_1_467' title='bbox 472 3651 613 3732; x_wconf 89' lang='lat' dir='ltr'><strong><em>quid</em></strong></span> <span class='ocrx_word' id='word_1_468' title='bbox 633 3651 810 3712; x_wconf 88' lang='lat' dir='ltr'><strong><em>etiam</em></strong></span> <span class='ocrx_word' id='word_1_469' title='bbox 834 3653 1043 3714; x_wconf 88' lang='lat' dir='ltr'><strong><em>horum</em></strong></span> <span class='ocrx_word' id='word_1_470' title='bbox 1065 3662 1176 3715; x_wconf 84' lang='lat' dir='ltr'><strong><em>ate</em></strong></span> <span class='ocrx_word' id='word_1_471' title='bbox 1197 3666 1541 3736; x_wconf 87' lang='lat' dir='ltr'><strong><em>susceptum</em></strong></span> <span class='ocrx_word' id='word_1_472' title='bbox 1557 3664 1668 3737; x_wconf 86' lang='lat' dir='ltr'><strong><em>est,</em></strong></span> <span class='ocrx_word' id='word_1_473' title='bbox 1693 3665 1934 3739; x_wconf 84' lang='lat' dir='ltr'><strong><em>prapter</em></strong></span> <span class='ocrx_word' id='word_1_474' title='bbox 1953 3679 2022 3722; x_wconf 89' lang='lat' dir='ltr'><strong><em>ac</em></strong></span> 
     </span>
    </p>
   </div>
   <div class='ocr_carea' id='block_1_70' title="bbox 395 3740 2044 3828">
    <p class='ocr_par' dir='ltr' id='par_1_70' title="bbox 395 3740 2044 3828">
     <span class='ocr_line' id='line_1_71' title="bbox 395 3740 2044 3828; baseline 0.006 -28"><span class='ocrx_word' id='word_1_475' title='bbox 395 3740 734 3801; x_wconf 83' lang='lat' dir='ltr'><strong><em>cedentium</em></strong></span> <span class='ocrx_word' id='word_1_476' title='bbox 766 3740 1233 3805; x_wconf 78' lang='lat' dir='ltr'><strong><em>imbecillitatem</em></strong></span> <span class='ocrx_word' id='word_1_477' title='bbox 1271 3754 1610 3824; x_wconf 89' lang='lat' dir='ltr'><strong><em>susceptum</em></strong></span> <span class='ocrx_word' id='word_1_478' title='bbox 1630 3754 1748 3807; x_wconf 88' lang='lat' dir='ltr'><strong><em>est:</em></strong></span> <span class='ocrx_word' id='word_1_479' title='bbox 1772 3748 2044 3828; x_wconf 90' lang='lat' dir='ltr'><strong><em>quando-</em></strong></span> 
     </span>
    </p>
   </div>
   <div class='ocr_carea' id='block_1_71' title="bbox 396 3829 2044 3915">
    <p class='ocr_par' dir='ltr' id='par_1_71' title="bbox 396 3829 2044 3915">
     <span class='ocr_line' id='line_1_72' title="bbox 396 3829 2044 3915; baseline 0.007 -28"><span class='ocrx_word' id='word_1_480' title='bbox 396 3830 639 3908; x_wconf 86' lang='lat' dir='ltr'><strong><em>quidem</em></strong></span> <span class='ocrx_word' id='word_1_481' title='bbox 675 3845 815 3906; x_wconf 83' lang='lat' dir='ltr'><strong><em>ergo</em></strong></span> <span class='ocrx_word' id='word_1_482' title='bbox 847 3829 974 3891; x_wconf 57' lang='lat' dir='ltr'><strong><em>haec</em></strong></span> <span class='ocrx_word' id='word_1_483' title='bbox 1006 3832 1277 3911; x_wconf 90' lang='lat' dir='ltr'><strong><em>repulisti</em></strong></span> <span class='ocrx_word' id='word_1_484' title='bbox 1325 3840 1385 3893; x_wconf 91' lang='lat' dir='ltr'><strong><em>et</em></strong></span> <span class='ocrx_word' id='word_1_485' title='bbox 1434 3853 1648 3913; x_wconf 82' lang='lat' dir='ltr'><strong><em>corpus</em></strong></span> <span class='ocrx_word' id='word_1_486' title='bbox 1680 3836 1892 3915; x_wconf 85' lang='lat' dir='ltr'><strong><em>aptasti</em></strong></span> <span class='ocrx_word' id='word_1_487' title='bbox 1929 3839 2044 3898; x_wconf 88' lang='lat' dir='ltr'><strong><em>mi-</em></strong></span> 
     </span>
    </p>
   </div>
   <div class='ocr_carea' id='block_1_72' title="bbox 393 3915 2046 3994">
    <p class='ocr_par' dir='ltr' id='par_1_72' title="bbox 393 3915 2046 3994">
     <span class='ocr_line' id='line_1_73' title="bbox 393 3915 2046 3994; baseline 0.008 -19"><span class='ocrx_word' id='word_1_488' title='bbox 393 3915 479 3994; x_wconf 90' lang='lat' dir='ltr'><strong><em>hi,</em></strong></span> <span class='ocrx_word' id='word_1_489' title='bbox 505 3923 644 3976; x_wconf 90' lang='lat' dir='ltr'><strong><em>tunc</em></strong></span> <span class='ocrx_word' id='word_1_490' title='bbox 674 3916 844 3977; x_wconf 86' lang='lat' dir='ltr'><strong><em>venio</em></strong></span> <span class='ocrx_word' id='word_1_491' title='bbox 876 3925 939 3978; x_wconf 92' lang='lat' dir='ltr'><strong><em>ut</em></strong></span> <span class='ocrx_word' id='word_1_492' title='bbox 968 3916 1180 3980; x_wconf 83' lang='lat' dir='ltr'><strong><em>faciam</em></strong></span> <span class='ocrx_word' id='word_1_493' title='bbox 1238 3919 1396 3981; x_wconf 91' lang='lat' dir='ltr'><strong><em>Deus</em></strong></span> <span class='ocrx_word' id='word_1_494' title='bbox 1454 3924 1810 3984; x_wconf 86' lang='lat' dir='ltr'><strong><em>voluntatem</em></strong></span> <span class='ocrx_word' id='word_1_495' title='bbox 1866 3933 2046 3989; x_wconf 89' lang='lat' dir='ltr'><strong><em>tuam.</em></strong></span> 
     </span>
    </p>
   </div>
   <div class='ocr_carea' id='block_1_73' title="bbox 391 4002 2050 4095">
    <p class='ocr_par' dir='ltr' id='par_1_73' title="bbox 391 4002 2050 4095">
     <span class='ocr_line' id='line_1_74' title="bbox 391 4002 2050 4095; baseline 0.006 -30"><span class='ocrx_word' id='word_1_496' title='bbox 391 4002 537 4095; x_wconf 64' lang='lat' dir='ltr'><strong><em>Nam</em></strong></span> <span class='ocrx_word' id='word_1_497' title='bbox 565 4012 623 4065; x_wconf 91' lang='lat' dir='ltr'><strong><em>et</em></strong></span> <span class='ocrx_word' id='word_1_498' title='bbox 655 4005 768 4065; x_wconf 85' lang='lat' dir='ltr'><strong><em>hoc</em></strong></span> <span class='ocrx_word' id='word_1_499' title='bbox 788 4005 865 4067; x_wconf 89' lang='lat' dir='ltr'><strong><em>de</em></strong></span> <span class='ocrx_word' id='word_1_500' title='bbox 895 4025 990 4068; x_wconf 91' lang='lat' dir='ltr'><strong><em>me</em></strong></span> <span class='ocrx_word' id='word_1_501' title='bbox 1015 4007 1239 4069; x_wconf 91' lang='lat' dir='ltr'><strong><em>dictum</em></strong></span> <span class='ocrx_word' id='word_1_502' title='bbox 1258 4018 1496 4091; x_wconf 90' lang='lat' dir='ltr'><strong><em>est,non</em></strong></span> <span class='ocrx_word' id='word_1_503' title='bbox 1522 4021 2050 4095; x_wconf 88' lang='lat' dir='ltr'><strong><em>utcunque,neque</em></strong></span> 
     </span>
    </p>
   </div>
   <div class='ocr_carea' id='block_1_74' title="bbox 391 4092 2049 4183">
    <p class='ocr_par' dir='ltr' id='par_1_74' title="bbox 391 4092 2049 4183">
     <span class='ocr_line' id='line_1_75' title="bbox 391 4092 2049 4183; baseline 0.007 -29"><span class='ocrx_word' id='word_1_504' title='bbox 391 4092 451 4154; x_wconf 90' lang='lat' dir='ltr'><strong><em>in</em></strong></span> <span class='ocrx_word' id='word_1_505' title='bbox 486 4096 959 4183; x_wconf 84' lang='lat' dir='ltr'><strong><em>transcursu,sed</em></strong></span> <span class='ocrx_word' id='word_1_506' title='bbox 997 4096 1057 4156; x_wconf 92' lang='lat' dir='ltr'><strong><em>in</em></strong></span> <span class='ocrx_word' id='word_1_507' title='bbox 1090 4114 1269 4179; x_wconf 78' lang='lat' dir='ltr'><strong><em>scopo</em></strong></span> <span class='ocrx_word' id='word_1_508' title='bbox 1304 4105 1362 4159; x_wconf 88' lang='lat' dir='ltr'><strong><em>et</em></strong></span> <span class='ocrx_word' id='word_1_509' title='bbox 1395 4108 1746 4175; x_wconf 80' lang='lat' dir='ltr'><strong><em>argumento</em></strong></span> <span class='ocrx_word' id='word_1_510' title='bbox 1778 4100 1916 4163; x_wconf 87' lang='lat' dir='ltr'><strong><em>libri</em></strong></span> <span class='ocrx_word' id='word_1_511' title='bbox 1949 4092 2049 4183; x_wconf 75' lang='lat' dir='ltr'><strong><em>qui</em></strong></span> 
     </span>
    </p>
   </div>
   <div class='ocr_carea' id='block_1_75' title="bbox 388 4181 2049 4253">
    <p class='ocr_par' dir='ltr' id='par_1_75' title="bbox 388 4181 2049 4253">
     <span class='ocr_line' id='line_1_76' title="bbox 388 4181 2049 4253; baseline 0.007 -12"><span class='ocrx_word' id='word_1_512' title='bbox 388 4181 866 4244; x_wconf 84' lang='lat' dir='ltr'><strong><em>vaticinationem</em></strong></span> <span class='ocrx_word' id='word_1_513' title='bbox 898 4185 973 4247; x_wconf 89' lang='lat' dir='ltr'><strong><em>de</em></strong></span> <span class='ocrx_word' id='word_1_514' title='bbox 998 4205 1095 4247; x_wconf 90' lang='lat' dir='ltr'><strong><em>me</em></strong></span> <span class='ocrx_word' id='word_1_515' title='bbox 1141 4185 1303 4248; x_wconf 85' lang='lat' dir='ltr'><strong><em>facit.</em></strong></span> <span class='ocrx_word' id='word_1_516' title='bbox 1361 4188 1605 4250; x_wconf 84' lang='lat' dir='ltr'><strong><em>Librum</em></strong></span> <span class='ocrx_word' id='word_1_517' title='bbox 1653 4198 1851 4250; x_wconf 87' lang='lat' dir='ltr'><strong><em>autem</em></strong></span> <span class='ocrx_word' id='word_1_518' title='bbox 1902 4181 2049 4253; x_wconf 62' lang='lat' dir='ltr'><strong><em>diiit</em></strong></span> 
     </span>
    </p>
   </div>
   <div class='ocr_carea' id='block_1_76' title="bbox 389 4272 2048 4356">
    <p class='ocr_par' dir='ltr' id='par_1_76' title="bbox 389 4272 2048 4356">
     <span class='ocr_line' id='line_1_77' title="bbox 389 4272 2048 4356; baseline 0.008 -25"><span class='ocrx_word' id='word_1_519' title='bbox 389 4277 576 4332; x_wconf 91' lang='lat' dir='ltr'><strong><em>totum</em></strong></span> <span class='ocrx_word' id='word_1_520' title='bbox 635 4279 803 4333; x_wconf 89' lang='lat' dir='ltr'><strong><em>vetus</em></strong></span> <span class='ocrx_word' id='word_1_521' title='bbox 844 4272 1333 4338; x_wconf 84' lang='lat' dir='ltr'><strong><em>instrumentum.</em></strong></span> <span class='ocrx_word' id='word_1_522' title='bbox 1386 4275 1751 4356; x_wconf 66' lang='lat' dir='ltr'><strong><em>Praecipuum</em></strong></span> <span class='ocrx_word' id='word_1_523' title='bbox 1801 4278 1960 4341; x_wconf 89' lang='lat' dir='ltr'><strong><em>enim</em></strong></span> <span class='ocrx_word' id='word_1_524' title='bbox 1988 4291 2048 4345; x_wconf 93' lang='lat' dir='ltr'><strong><em>et</em></strong></span> 
     </span>
    </p>
   </div>
   <div class='ocr_carea' id='block_1_77' title="bbox 387 4357 2046 4444">
    <p class='ocr_par' dir='ltr' id='par_1_77' title="bbox 387 4357 2046 4444">
     <span class='ocr_line' id='line_1_78' title="bbox 387 4357 2046 4444; baseline 0.007 -26"><span class='ocrx_word' id='word_1_525' title='bbox 387 4357 800 4437; x_wconf 81' lang='lat' dir='ltr'><strong><em>dignissimum</em></strong></span> <span class='ocrx_word' id='word_1_526' title='bbox 832 4361 1054 4424; x_wconf 87' lang='lat' dir='ltr'><strong><em>veteris</em></strong></span> <span class='ocrx_word' id='word_1_527' title='bbox 1088 4363 1465 4426; x_wconf 89' lang='lat' dir='ltr'><strong><em>instrumenti</em></strong></span> <span class='ocrx_word' id='word_1_528' title='bbox 1498 4376 1916 4444; x_wconf 80' lang='lat' dir='ltr'><strong><em>argumentum</em></strong></span> <span class='ocrx_word' id='word_1_529' title='bbox 1950 4387 2046 4430; x_wconf 86' lang='lat' dir='ltr'><strong><em>va-</em></strong></span> 
     </span>
    </p>
   </div>
   <div class='ocr_carea' id='block_1_78' title="bbox 2142 3201 3793 3282">
    <p class='ocr_par' dir='ltr' id='par_1_78' title="bbox 2142 3201 3793 3282">
     <span class='ocr_line' id='line_1_79' title="bbox 2142 3201 3793 3282; baseline -0.001 -24"><span class='ocrx_word' id='word_1_530' title='bbox 2142 3201 2285 3282; x_wconf 83' lang='grc' dir='ltr'>λέγει</span> <span class='ocrx_word' id='word_1_531' title='bbox 2315 3201 2382 3260; x_wconf 84' lang='grc' dir='ltr'><strong><em>δι’</em></strong></span> <span class='ocrx_word' id='word_1_532' title='bbox 2440 3208 2617 3281; x_wconf 73' lang='grc' dir='ltr'>αὐτοῦ,</span> <span class='ocrx_word' id='word_1_533' title='bbox 2679 3203 2761 3261; x_wconf 81' lang='grc' dir='ltr'><strong><em>ὅτι</em></strong></span> <span class='ocrx_word' id='word_1_534' title='bbox 2823 3228 2852 3260; x_wconf 72' lang='grc' dir='ltr'><strong><em>ε</em></strong></span> <span class='ocrx_word' id='word_1_535' title='bbox 2913 3202 3062 3262; x_wconf 80' lang='grc' dir='ltr'>Ἐπεὶ</span> <span class='ocrx_word' id='word_1_536' title='bbox 3118 3204 3295 3260; x_wconf 87' lang='grc' dir='ltr'>θυσίαν</span> <span class='ocrx_word' id='word_1_537' title='bbox 3351 3203 3441 3259; x_wconf 84' lang='grc' dir='ltr'><strong><em>καὶ</em></strong></span> <span class='ocrx_word' id='word_1_538' title='bbox 3495 3201 3793 3281; x_wconf 70' lang='grc' dir='ltr'>προσφορὰν</span> 
     </span>
    </p>
   </div>
   <div class='ocr_carea' id='block_1_79' title="bbox 2143 3289 3795 3370">
    <p class='ocr_par' dir='ltr' id='par_1_79' title="bbox 2143 3289 3795 3370">
     <span class='ocr_line' id='line_1_80' title="bbox 2143 3289 3795 3370; baseline -0.004 -19"><span class='ocrx_word' id='word_1_539' title='bbox 2143 3295 2237 3351; x_wconf 75' lang='grc' dir='ltr'>οὐκ</span> <span class='ocrx_word' id='word_1_540' title='bbox 2305 3292 2590 3370; x_wconf 79' lang='grc' dir='ltr'>ἠθέλησας,</span> <span class='ocrx_word' id='word_1_541' title='bbox 2643 3316 2670 3350; x_wconf 69' lang='grc' dir='ltr'><strong>ι</strong></span> <span class='ocrx_word' id='word_1_542' title='bbox 2747 3292 2864 3352; x_wconf 67' lang='grc' dir='ltr'>οὐδὲ</span> <span class='ocrx_word' id='word_1_543' title='bbox 2916 3289 3216 3361; x_wconf 73' lang='grc' dir='ltr'>ηὖδόκησας</span> <span class='ocrx_word' id='word_1_544' title='bbox 3274 3293 3341 3349; x_wconf 78' lang='grc' dir='ltr'>τὰ</span> <span class='ocrx_word' id='word_1_545' title='bbox 3396 3291 3450 3347; x_wconf 81' lang='grc' dir='ltr'>ὲν</span> <span class='ocrx_word' id='word_1_546' title='bbox 3519 3297 3595 3365; x_wconf 83' lang='grc' dir='ltr'>τῷ</span> <span class='ocrx_word' id='word_1_547' title='bbox 3648 3290 3795 3365; x_wconf 86' lang='grc' dir='ltr'>νόμῳ</span> 
     </span>
    </p>
   </div>
   <div class='ocr_carea' id='block_1_80' title="bbox 2143 3376 3791 3461">
    <p class='ocr_par' dir='ltr' id='par_1_80' title="bbox 2143 3376 3791 3461">
     <span class='ocr_line' id='line_1_81' title="bbox 2143 3376 3791 3461; baseline -0.003 -24"><span class='ocrx_word' id='word_1_548' title='bbox 2143 3380 2451 3459; x_wconf 83' lang='grc' dir='ltr'>τελούμενα.</span> <span class='ocrx_word' id='word_1_549' title='bbox 2515 3384 2614 3441; x_wconf 85' lang='grc' dir='ltr'><strong><em>Καὶ</em></strong></span> <span class='ocrx_word' id='word_1_550' title='bbox 2684 3386 2780 3440; x_wconf 69' lang='grc' dir='ltr'>οὔκ</span> <span class='ocrx_word' id='word_1_551' title='bbox 2831 3384 3010 3461; x_wconf 78' lang='grc' dir='ltr'>εἶπεν,</span> <span class='ocrx_word' id='word_1_552' title='bbox 3083 3381 3162 3439; x_wconf 80' lang='grc' dir='ltr'><strong><em>ὅτι</em></strong></span> <span class='ocrx_word' id='word_1_553' title='bbox 3219 3382 3327 3440; x_wconf 78' lang='grc' dir='ltr'>Οὐκ</span> <span class='ocrx_word' id='word_1_554' title='bbox 3381 3378 3617 3444; x_wconf 76' lang='grc' dir='ltr'>εὖδοκεῖς</span> <span class='ocrx_word' id='word_1_555' title='bbox 3676 3376 3791 3438; x_wconf 75' lang='grc' dir='ltr'>οὐδὲ</span> 
     </span>
    </p>
   </div>
   <div class='ocr_carea' id='block_1_81' title="bbox 2140 3469 3792 3552">
    <p class='ocr_par' dir='ltr' id='par_1_81' title="bbox 2140 3469 3792 3552">
     <span class='ocr_line' id='line_1_82' title="bbox 2140 3469 3792 3552; baseline -0.001 -26"><span class='ocrx_word' id='word_1_556' title='bbox 2140 3469 2329 3547; x_wconf 82' lang='grc' dir='ltr'>θέλεις,</span> <span class='ocrx_word' id='word_1_557' title='bbox 2363 3471 2507 3548; x_wconf 82' lang='grc' dir='ltr'>ἀλλ’,</span> <span class='ocrx_word' id='word_1_558' title='bbox 2542 3477 2650 3531; x_wconf 74' lang='grc' dir='ltr'><strong><em>Οὐκ</em></strong></span> <span class='ocrx_word' id='word_1_559' title='bbox 2700 3471 2989 3552; x_wconf 82' lang='grc' dir='ltr'>ἠθέλησας,</span> <span class='ocrx_word' id='word_1_560' title='bbox 3045 3470 3161 3528; x_wconf 70' lang='grc' dir='ltr'>οὐδὲ</span> <span class='ocrx_word' id='word_1_561' title='bbox 3213 3469 3538 3549; x_wconf 73' lang='grc' dir='ltr'>ἠῦδόκησας,</span> <span class='ocrx_word' id='word_1_562' title='bbox 3604 3489 3792 3545; x_wconf 89' lang='grc' dir='ltr'>μονον-</span> 
     </span>
    </p>
   </div>
   <div class='ocr_carea' id='block_1_82' title="bbox 2141 3556 3788 3642">
    <p class='ocr_par' dir='ltr' id='par_1_82' title="bbox 2141 3556 3788 3642">
     <span class='ocr_line' id='line_1_83' title="bbox 2141 3556 3788 3642; baseline 0 -27"><span class='ocrx_word' id='word_1_563' title='bbox 2141 3580 2200 3616; x_wconf 90' lang='grc' dir='ltr'><strong><em>ου</em></strong></span> <span class='ocrx_word' id='word_1_564' title='bbox 2206 3562 2264 3640; x_wconf 54' lang='grc' dir='ltr'><strong><em>λὶ</em></strong></span> <span class='ocrx_word' id='word_1_565' title='bbox 2316 3559 2510 3642; x_wconf 85' lang='grc' dir='ltr'>λέγων,</span> <span class='ocrx_word' id='word_1_566' title='bbox 2555 3564 2629 3625; x_wconf 84' lang='grc' dir='ltr'>ὡς</span> <span class='ocrx_word' id='word_1_567' title='bbox 2688 3559 2808 3618; x_wconf 83' lang='grc' dir='ltr'><strong><em>Ἀπ’</em></strong></span> <span class='ocrx_word' id='word_1_568' title='bbox 2867 3565 3032 3630; x_wconf 65' lang='grc' dir='ltr'>αὐτῆς</span> <span class='ocrx_word' id='word_1_569' title='bbox 3091 3565 3191 3628; x_wconf 86' lang='grc' dir='ltr'><strong><em>τῆς</em></strong></span> <span class='ocrx_word' id='word_1_570' title='bbox 3248 3556 3549 3625; x_wconf 81' lang='grc' dir='ltr'>καταϐολῆς</span> <span class='ocrx_word' id='word_1_571' title='bbox 3620 3559 3788 3619; x_wconf 81' lang='grc' dir='ltr'>αὐτῶν</span> 
     </span>
    </p>
   </div>
   <div class='ocr_carea' id='block_1_83' title="bbox 2139 3646 3789 3729">
    <p class='ocr_par' dir='ltr' id='par_1_83' title="bbox 2139 3646 3789 3729">
     <span class='ocr_line' id='line_1_84' title="bbox 2139 3646 3789 3729; baseline -0.002 -24"><span class='ocrx_word' id='word_1_572' title='bbox 2139 3651 2226 3706; x_wconf 81' lang='grc' dir='ltr'><strong><em>καὶ</em></strong></span> <span class='ocrx_word' id='word_1_573' title='bbox 2276 3655 2375 3717; x_wconf 83' lang='grc' dir='ltr'><strong><em>τῆς</em></strong></span> <span class='ocrx_word' id='word_1_574' title='bbox 2432 3650 2727 3729; x_wconf 75' lang='grc' dir='ltr'>εἰσαγωγῆς</span> <span class='ocrx_word' id='word_1_575' title='bbox 2784 3651 2879 3707; x_wconf 82' lang='grc' dir='ltr'>οὖκ</span> <span class='ocrx_word' id='word_1_576' title='bbox 2946 3651 3081 3718; x_wconf 80' lang='grc' dir='ltr'>ἦσάν</span> <span class='ocrx_word' id='word_1_577' title='bbox 3136 3671 3219 3705; x_wconf 88' lang='grc' dir='ltr'><strong><em>σοι</em></strong></span> <span class='ocrx_word' id='word_1_578' title='bbox 3289 3650 3352 3705; x_wconf 87' lang='grc' dir='ltr'>τὸ</span> <span class='ocrx_word' id='word_1_579' title='bbox 3394 3646 3517 3703; x_wconf 81' lang='grc' dir='ltr'>ὅλον</span> <span class='ocrx_word' id='word_1_580' title='bbox 3556 3646 3789 3703; x_wconf 79' lang='grc' dir='ltr'>καταθύ-</span> 
     </span>
    </p>
   </div>
   <div class='ocr_carea' id='block_1_84' title="bbox 2138 3734 3787 3819">
    <p class='ocr_par' dir='ltr' id='par_1_84' title="bbox 2138 3734 3787 3819">
     <span class='ocr_line' id='line_1_85' title="bbox 2138 3734 3787 3819; baseline -0.001 -25"><span class='ocrx_word' id='word_1_581' title='bbox 2138 3761 2249 3814; x_wconf 90' lang='grc' dir='ltr'>μιοι</span> <span class='ocrx_word' id='word_1_582' title='bbox 2292 3741 2380 3796; x_wconf 81' lang='grc' dir='ltr'><strong><em>καὶ</em></strong></span> <span class='ocrx_word' id='word_1_583' title='bbox 2423 3741 2686 3819; x_wconf 73' lang='grc' dir='ltr'>εὐάρεστοι</span> <span class='ocrx_word' id='word_1_584' title='bbox 2744 3743 2794 3796; x_wconf 77' lang='grc' dir='ltr'>αἱ</span> <span class='ocrx_word' id='word_1_585' title='bbox 2848 3742 3037 3798; x_wconf 86' lang='grc' dir='ltr'>θυσίαι.</span> <span class='ocrx_word' id='word_1_586' title='bbox 3097 3738 3265 3796; x_wconf 79' lang='grc' dir='ltr'><strong><em>Ἀλλὰ</em></strong></span> <span class='ocrx_word' id='word_1_587' title='bbox 3322 3738 3408 3793; x_wconf 87' lang='grc' dir='ltr'><strong><em>καὶ</em></strong></span> <span class='ocrx_word' id='word_1_588' title='bbox 3451 3734 3504 3792; x_wconf 78' lang='grc' dir='ltr'><strong><em>εἴ</em></strong></span> <span class='ocrx_word' id='word_1_589' title='bbox 3573 3757 3623 3791; x_wconf 88' lang='grc' dir='ltr'><strong><em>τι</em></strong></span> <span class='ocrx_word' id='word_1_590' title='bbox 3685 3738 3787 3793; x_wconf 78' lang='grc' dir='ltr'><strong><em>αὖ·-</em></strong></span> 
     </span>
    </p>
   </div>
   <div class='ocr_carea' id='block_1_85' title="bbox 2134 3822 3784 3904">
    <p class='ocr_par' dir='ltr' id='par_1_85' title="bbox 2134 3822 3784 3904">
     <span class='ocr_line' id='line_1_86' title="bbox 2134 3822 3784 3904; baseline -0.002 -21"><span class='ocrx_word' id='word_1_591' title='bbox 2134 3828 2241 3884; x_wconf 88' lang='grc' dir='ltr'><strong><em>τῶν</em></strong></span> <span class='ocrx_word' id='word_1_592' title='bbox 2283 3828 2620 3886; x_wconf 82' lang='grc' dir='ltr'>ἀποδέδεκταί</span> <span class='ocrx_word' id='word_1_593' title='bbox 2662 3851 2768 3904; x_wconf 90' lang='grc' dir='ltr'>σοι,</span> <span class='ocrx_word' id='word_1_594' title='bbox 2830 3827 2913 3886; x_wconf 82' lang='grc' dir='ltr'><strong><em>διὰ</em></strong></span> <span class='ocrx_word' id='word_1_595' title='bbox 2974 3830 3073 3898; x_wconf 78' lang='grc' dir='ltr'>τὴν</span> <span class='ocrx_word' id='word_1_596' title='bbox 3132 3828 3400 3884; x_wconf 81' lang='grc' dir='ltr'>ἀσθένειαν</span> <span class='ocrx_word' id='word_1_597' title='bbox 3443 3822 3784 3882; x_wconf 81' lang='grc' dir='ltr'>ἀποδέδεκται</span> 
     </span>
    </p>
   </div>
   <div class='ocr_carea' id='block_1_86' title="bbox 2133 3914 3778 3997">
    <p class='ocr_par' dir='ltr' id='par_1_86' title="bbox 2133 3914 3778 3997">
     <span class='ocr_line' id='line_1_87' title="bbox 2133 3914 3778 3997; baseline -0.001 -26"><span class='ocrx_word' id='word_1_598' title='bbox 2133 3922 2240 3972; x_wconf 89' lang='grc' dir='ltr'><strong><em>τῶν</em></strong></span> <span class='ocrx_word' id='word_1_599' title='bbox 2312 3918 2706 3997; x_wconf 87' lang='grc' dir='ltr'>προσαγόντων,</span> <span class='ocrx_word' id='word_1_600' title='bbox 2796 3917 2944 3975; x_wconf 85' lang='grc' dir='ltr'>Ἐπεὶ</span> <span class='ocrx_word' id='word_1_601' title='bbox 3011 3918 3100 3976; x_wconf 79' lang='grc' dir='ltr'>οὖν</span> <span class='ocrx_word' id='word_1_602' title='bbox 3168 3918 3255 3973; x_wconf 83' lang='grc' dir='ltr'><strong><em>καὶ</em></strong></span> <span class='ocrx_word' id='word_1_603' title='bbox 3322 3925 3487 3975; x_wconf 81' lang='grc' dir='ltr'>ταῦτα</span> <span class='ocrx_word' id='word_1_604' title='bbox 3557 3914 3778 3990; x_wconf 81' lang='grc' dir='ltr'>ἀπώσω,</span> 
     </span>
    </p>
   </div>
   <div class='ocr_carea' id='block_1_87' title="bbox 2132 4004 3778 4086">
    <p class='ocr_par' dir='ltr' id='par_1_87' title="bbox 2132 4004 3778 4086">
     <span class='ocr_line' id='line_1_88' title="bbox 2132 4004 3778 4086; baseline -0.002 -25"><span class='ocrx_word' id='word_1_605' title='bbox 2132 4007 2219 4062; x_wconf 84' lang='grc' dir='ltr'>καὶ</span> <span class='ocrx_word' id='word_1_606' title='bbox 2273 4013 2428 4083; x_wconf 84' lang='grc' dir='ltr'>σῶμα</span> <span class='ocrx_word' id='word_1_607' title='bbox 2481 4007 2782 4086; x_wconf 85' lang='grc' dir='ltr'>κατηρτίσω</span> <span class='ocrx_word' id='word_1_608' title='bbox 2839 4030 2952 4083; x_wconf 90' lang='grc' dir='ltr'>μοι,</span> <span class='ocrx_word' id='word_1_609' title='bbox 3009 4007 3129 4064; x_wconf 88' lang='grc' dir='ltr'>τότε</span> <span class='ocrx_word' id='word_1_610' title='bbox 3171 4004 3291 4073; x_wconf 77' lang='grc' dir='ltr'><strong><em>ἥκω</em></strong></span> <span class='ocrx_word' id='word_1_611' title='bbox 3346 4004 3432 4062; x_wconf 79' lang='grc' dir='ltr'>ἐπὶ</span> <span class='ocrx_word' id='word_1_612' title='bbox 3481 4010 3559 4079; x_wconf 84' lang='grc' dir='ltr'>τῷ</span> <span class='ocrx_word' id='word_1_613' title='bbox 3613 4006 3778 4069; x_wconf 85' lang='grc' dir='ltr'>ποιῆ-</span> 
     </span>
    </p>
   </div>
   <div class='ocr_carea' id='block_1_88' title="bbox 2130 4092 3778 4176">
    <p class='ocr_par' dir='ltr' id='par_1_88' title="bbox 2130 4092 3778 4176">
     <span class='ocr_line' id='line_1_89' title="bbox 2130 4092 3778 4176; baseline -0.002 -27"><span class='ocrx_word' id='word_1_614' title='bbox 2130 4115 2217 4150; x_wconf 84' lang='grc' dir='ltr'><strong><em>σαι</em></strong></span> <span class='ocrx_word' id='word_1_615' title='bbox 2273 4097 2334 4151; x_wconf 85' lang='grc' dir='ltr'>τὸ</span> <span class='ocrx_word' id='word_1_616' title='bbox 2386 4094 2593 4172; x_wconf 78' lang='grc' dir='ltr'>θέλημά</span> <span class='ocrx_word' id='word_1_617' title='bbox 2652 4117 2768 4160; x_wconf 87' lang='grc' dir='ltr'>σου.</span> <span class='ocrx_word' id='word_1_618' title='bbox 2827 4106 2992 4156; x_wconf 89' lang='grc' dir='ltr'>Τοῦτο</span> <span class='ocrx_word' id='word_1_619' title='bbox 3062 4098 3162 4176; x_wconf 81' lang='grc' dir='ltr'>γὰρ</span> <span class='ocrx_word' id='word_1_620' title='bbox 3242 4096 3330 4150; x_wconf 87' lang='grc' dir='ltr'><strong><em>καί</em></strong></span> <span class='ocrx_word' id='word_1_621' title='bbox 3382 4093 3593 4172; x_wconf 82' lang='grc' dir='ltr'>εἴρηται</span> <span class='ocrx_word' id='word_1_622' title='bbox 3662 4092 3778 4170; x_wconf 85' lang='grc' dir='ltr'>περὶ</span> 
     </span>
    </p>
   </div>
   <div class='ocr_carea' id='block_1_89' title="bbox 2129 4179 3777 4265">
    <p class='ocr_par' dir='ltr' id='par_1_89' title="bbox 2129 4179 3777 4265">
     <span class='ocr_line' id='line_1_90' title="bbox 2129 4179 3777 4265; baseline -0.002 -28"><span class='ocrx_word' id='word_1_623' title='bbox 2129 4181 2258 4258; x_wconf 83' lang='grc' dir='ltr'>ἐμοῦ</span> <span class='ocrx_word' id='word_1_624' title='bbox 2288 4185 2409 4265; x_wconf 79' lang='grc' dir='ltr'>οὐχὶ</span> <span class='ocrx_word' id='word_1_625' title='bbox 2444 4184 2625 4251; x_wconf 84' lang='grc' dir='ltr'>ἁπλῶς</span> <span class='ocrx_word' id='word_1_626' title='bbox 2676 4187 2765 4242; x_wconf 85' lang='grc' dir='ltr'><strong><em>καὶ</em></strong></span> <span class='ocrx_word' id='word_1_627' title='bbox 2816 4187 2955 4243; x_wconf 79' lang='grc' dir='ltr'>κατὰ</span> <span class='ocrx_word' id='word_1_628' title='bbox 3005 4184 3253 4265; x_wconf 80' lang='grc' dir='ltr'>πάροδον,</span> <span class='ocrx_word' id='word_1_629' title='bbox 3314 4181 3450 4239; x_wconf 84' lang='grc' dir='ltr'>ἀλλὰ</span> <span class='ocrx_word' id='word_1_630' title='bbox 3492 4179 3777 4262; x_wconf 79' lang='grc' dir='ltr'>κεφάλαιον</span> 
     </span>
    </p>
   </div>
   <div class='ocr_carea' id='block_1_90' title="bbox 2127 4268 3774 4353">
    <p class='ocr_par' dir='ltr' id='par_1_90' title="bbox 2127 4268 3774 4353">
     <span class='ocr_line' id='line_1_91' title="bbox 2127 4268 3774 4353; baseline -0.002 -26"><span class='ocrx_word' id='word_1_631' title='bbox 2127 4273 2214 4328; x_wconf 87' lang='grc' dir='ltr'>καὶ</span> <span class='ocrx_word' id='word_1_632' title='bbox 2284 4274 2524 4331; x_wconf 84' lang='grc' dir='ltr'>ὑπόθεσιν</span> <span class='ocrx_word' id='word_1_633' title='bbox 2574 4281 2667 4331; x_wconf 91' lang='grc' dir='ltr'><strong><em>τοῦ</em></strong></span> <span class='ocrx_word' id='word_1_634' title='bbox 2719 4271 2919 4352; x_wconf 77' lang='grc' dir='ltr'>βιϐλίου</span> <span class='ocrx_word' id='word_1_635' title='bbox 2975 4276 3075 4342; x_wconf 79' lang='grc' dir='ltr'>τὴν</span> <span class='ocrx_word' id='word_1_636' title='bbox 3132 4275 3248 4353; x_wconf 85' lang='grc' dir='ltr'>περὶ</span> <span class='ocrx_word' id='word_1_637' title='bbox 3304 4272 3434 4348; x_wconf 80' lang='grc' dir='ltr'>ἐμοῦ</span> <span class='ocrx_word' id='word_1_638' title='bbox 3491 4268 3774 4351; x_wconf 71' lang='grc' dir='ltr'>πρόρρησιν</span> 
     </span>
    </p>
   </div>
   <div class='ocr_carea' id='block_1_91' title="bbox 2127 4358 3773 4444">
    <p class='ocr_par' dir='ltr' id='par_1_91' title="bbox 2127 4358 3773 4444">
     <span class='ocr_line' id='line_1_92' title="bbox 2127 4358 3773 4444; baseline -0.001 -28"><span class='ocrx_word' id='word_1_639' title='bbox 2127 4362 2460 4439; x_wconf 83' lang='grc' dir='ltr'>ποιουμένου.</span> <span class='ocrx_word' id='word_1_640' title='bbox 2497 4362 2705 4421; x_wconf 79' lang='grc' dir='ltr'>Βιϐλίον</span> <span class='ocrx_word' id='word_1_641' title='bbox 2748 4362 2824 4444; x_wconf 81' lang='grc' dir='ltr'><strong><em>δέ,</em></strong></span> <span class='ocrx_word' id='word_1_642' title='bbox 2874 4362 3007 4432; x_wconf 82' lang='grc' dir='ltr'>ὅλην</span> <span class='ocrx_word' id='word_1_643' title='bbox 3050 4363 3194 4441; x_wconf 84' lang='grc' dir='ltr'>λέγει</span> <span class='ocrx_word' id='word_1_644' title='bbox 3249 4363 3348 4429; x_wconf 80' lang='grc' dir='ltr'>τὴν</span> <span class='ocrx_word' id='word_1_645' title='bbox 3399 4358 3653 4417; x_wconf 84' lang='grc' dir='ltr'>παλαιάν.</span> <span class='ocrx_word' id='word_1_646' title='bbox 3702 4360 3773 4415; x_wconf 86' lang='grc' dir='ltr'>Τὸ</span> 
     </span>
    </p>
   </div>
   <div class='ocr_carea' id='block_1_92' title="bbox 385 4447 2068 4533">
    <p class='ocr_par' dir='ltr' id='par_1_92' title="bbox 385 4447 2068 4519">
     <span class='ocr_line' id='line_1_93' title="bbox 385 4447 2068 4519; baseline 0.006 -11"><span class='ocrx_word' id='word_1_647' title='bbox 385 4447 589 4510; x_wconf 89' lang='lat' dir='ltr'><strong><em>ticinia</em></strong></span> <span class='ocrx_word' id='word_1_648' title='bbox 617 4454 756 4510; x_wconf 91' lang='lat' dir='ltr'><strong><em>sunt</em></strong></span> <span class='ocrx_word' id='word_1_649' title='bbox 802 4449 878 4511; x_wconf 86' lang='lat' dir='ltr'><strong><em>de</em></strong></span> <span class='ocrx_word' id='word_1_650' title='bbox 916 4450 1172 4514; x_wconf 63' lang='lat' dir='ltr'><strong><em>Chrisxo.</em></strong></span> <span class='ocrx_word' id='word_1_651' title='bbox 1215 4472 1245 4512; x_wconf 84' lang='grc'><strong>(</strong></span> <span class='ocrx_word' id='word_1_652' title='bbox 1277 4450 1653 4515; x_wconf 88' lang='lat' dir='ltr'><strong><em>Sacriﬁcium</em></strong></span> <span class='ocrx_word' id='word_1_653' title='bbox 1685 4462 1745 4515; x_wconf 90' lang='lat' dir='ltr'><strong><em>et</em></strong></span> <span class='ocrx_word' id='word_1_654' title='bbox 1776 4454 2068 4519; x_wconf 70' lang='lat' dir='ltr'><strong><em>oblatio-t</em></strong></span> 
     </span>
    </p>
   </div>
   <div class='ocr_carea' id='block_1_93' title="bbox 2158 4447 3770 4533">
    <p class='ocr_par' dir='ltr' id='par_1_93' title="bbox 2158 4449 3770 4533">
     <span class='ocr_line' id='line_1_94' title="bbox 2158 4449 3770 4533; baseline 0.004 -27"><span class='ocrx_word' id='word_1_655' title='bbox 2158 4452 2220 4530; x_wconf 79' lang='grc' dir='ltr'>ὰρ</span> <span class='ocrx_word' id='word_1_656' title='bbox 2260 4450 2545 4533; x_wconf 68' lang='grc' dir='ltr'>κεφάλαιον</span> <span class='ocrx_word' id='word_1_657' title='bbox 2604 4455 2691 4510; x_wconf 84' lang='grc' dir='ltr'><strong><em>καὶ</em></strong></span> <span class='ocrx_word' id='word_1_658' title='bbox 2773 4456 2808 4523; x_wconf 73' lang='grc' dir='ltr'>ἡ</span> <span class='ocrx_word' id='word_1_659' title='bbox 2892 4452 3288 4533; x_wconf 77' lang='grc' dir='ltr'>ἀξιολογωτάτη</span> <span class='ocrx_word' id='word_1_660' title='bbox 3370 4449 3613 4512; x_wconf 76' lang='grc' dir='ltr'>ὑπόθεσις</span> <span class='ocrx_word' id='word_1_661' title='bbox 3671 4449 3770 4515; x_wconf 75' lang='grc' dir='ltr'><strong><em>τῆς</em></strong></span> 
     </span>
    </p>
   </div>
   <div class='ocr_carea' id='block_1_94' title="bbox 386 4538 2068 4625">
    <p class='ocr_par' dir='ltr' id='par_1_94' title="bbox 386 4539 2035 4625">
     <span class='ocr_line' id='line_1_95' title="bbox 386 4539 2035 4625; baseline 0.006 -25"><span class='ocrx_word' id='word_1_662' title='bbox 386 4556 522 4600; x_wconf 90' lang='lat' dir='ltr'><strong><em>nem</em></strong></span> <span class='ocrx_word' id='word_1_663' title='bbox 558 4539 824 4604; x_wconf 88' lang='lat' dir='ltr'><strong><em>noluisti.</em></strong></span> <span class='ocrx_word' id='word_1_664' title='bbox 860 4564 882 4598; x_wconf 75' lang='grc' dir='ltr'><strong><em>ι</em></strong></span> <span class='ocrx_word' id='word_1_665' title='bbox 920 4540 1032 4604; x_wconf 86' lang='lat' dir='ltr'><strong><em>Hic</em></strong></span> <span class='ocrx_word' id='word_1_666' title='bbox 1078 4543 1322 4605; x_wconf 82' lang='lat' dir='ltr'><strong><em>aﬂ‘ertur</em></strong></span> <span class='ocrx_word' id='word_1_667' title='bbox 1368 4543 1590 4607; x_wconf 87' lang='lat' dir='ltr'><strong><em>Christi</em></strong></span> <span class='ocrx_word' id='word_1_668' title='bbox 1644 4562 1900 4625; x_wconf 89' lang='lat' dir='ltr'><strong><em>persona</em></strong></span> <span class='ocrx_word' id='word_1_669' title='bbox 1940 4547 2035 4610; x_wconf 90' lang='lat' dir='ltr'><strong><em>lo-</em></strong></span> 
     </span>
    </p>
   </div>
   <div class='ocr_carea' id='block_1_95' title="bbox 2158 4538 3768 4625">
    <p class='ocr_par' dir='ltr' id='par_1_95' title="bbox 2167 4538 3768 4622">
     <span class='ocr_line' id='line_1_96' title="bbox 2167 4538 3768 4622; baseline -0.002 -26"><span class='ocrx_word' id='word_1_670' title='bbox 2167 4539 2372 4621; x_wconf 84' lang='grc' dir='ltr'>ιλαιᾶς,</span> <span class='ocrx_word' id='word_1_671' title='bbox 2435 4544 2487 4598; x_wconf 80' lang='grc' dir='ltr'>αἱ</span> <span class='ocrx_word' id='word_1_672' title='bbox 2539 4544 2656 4622; x_wconf 81' lang='grc' dir='ltr'>περὶ</span> <span class='ocrx_word' id='word_1_673' title='bbox 2698 4549 2925 4622; x_wconf 74' lang='grc' dir='ltr'>Χριστοῦ</span> <span class='ocrx_word' id='word_1_674' title='bbox 2992 4541 3300 4621; x_wconf 73' lang='grc' dir='ltr'>προῤῥησεις</span> <span class='ocrx_word' id='word_1_675' title='bbox 3356 4538 3509 4600; x_wconf 78' lang='grc' dir='ltr'>εἰσίν.</span> <span class='ocrx_word' id='word_1_676' title='bbox 3575 4555 3608 4597; x_wconf 87' lang='grc'><strong>(</strong></span> <span class='ocrx_word' id='word_1_677' title='bbox 3658 4543 3768 4593; x_wconf 83' lang='grc' dir='ltr'><strong><em>Θυ-</em></strong></span> 
     </span>
    </p>
   </div>
   <div class='ocr_carea' id='block_1_96' title="bbox 382 4625 2068 4735">
    <p class='ocr_par' dir='ltr' id='par_1_96' title="bbox 382 4629 2032 4735">
     <span class='ocr_line' id='line_1_97' title="bbox 382 4629 2032 4735; baseline 0.006 -46"><span class='ocrx_word' id='word_1_678' title='bbox 382 4646 577 4735; x_wconf 66' lang='lat' dir='ltr'><strong><em>quens</em></strong></span> <span class='ocrx_word' id='word_1_679' title='bbox 593 4629 663 4729; x_wconf 77' lang='lat' dir='ltr'><strong><em>ad</em></strong></span> <span class='ocrx_word' id='word_1_680' title='bbox 697 4631 979 4735; x_wconf 43' lang='lat' dir='ltr'><strong><em>Patrem...</em></strong></span> <span class='ocrx_word' id='word_1_681' title='bbox 995 4629 1511 4735; x_wconf 72' lang='lat' dir='ltr'><strong><em>Quandoquidem,</em></strong></span> <span class='ocrx_word' id='word_1_682' title='bbox 1528 4632 1814 4735; x_wconf 38' lang='lat' dir='ltr'><strong><em>inquit“?</em></strong></span> <span class='ocrx_word' id='word_1_683' title='bbox 1836 4634 2032 4735; x_wconf 58' lang='lat' dir='ltr'><strong><em>Pater,</em></strong></span> 
     </span>
    </p>
   </div>
   <div class='ocr_carea' id='block_1_97' title="bbox 2158 4625 3767 4735">
    <p class='ocr_par' dir='ltr' id='par_1_97' title="bbox 2158 4625 3767 4711">
     <span class='ocr_line' id='line_1_98' title="bbox 2158 4625 3767 4711; baseline -0.002 -27"><span class='ocrx_word' id='word_1_684' title='bbox 2158 4627 2234 4685; x_wconf 85' lang='grc' dir='ltr'><strong><em>ίαν</em></strong></span> <span class='ocrx_word' id='word_1_685' title='bbox 2314 4632 2401 4686; x_wconf 79' lang='grc' dir='ltr'><strong><em>καὶ</em></strong></span> <span class='ocrx_word' id='word_1_686' title='bbox 2484 4632 2782 4711; x_wconf 78' lang='grc' dir='ltr'>προσφορὰν</span> <span class='ocrx_word' id='word_1_687' title='bbox 2849 4632 2945 4688; x_wconf 79' lang='grc' dir='ltr'><strong><em>οὒκ</em></strong></span> <span class='ocrx_word' id='word_1_688' title='bbox 3015 4631 3292 4699; x_wconf 75' lang='grc' dir='ltr'>ἐθέλησας.</span> <span class='ocrx_word' id='word_1_689' title='bbox 3373 4649 3402 4688; x_wconf 73' lang='grc' dir='ltr'><strong><em>ι</em></strong></span> <span class='ocrx_word' id='word_1_690' title='bbox 3499 4625 3767 4685; x_wconf 84' lang='grc' dir='ltr'>Ἐντεῦθεν</span> 
     </span>
    </p>
   </div>
   <div class='ocr_carea' id='block_1_98' title="bbox 382 4716 2068 4803">
    <p class='ocr_par' dir='ltr' id='par_1_98' title="bbox 382 4716 2038 4803">
     <span class='ocr_line' id='line_1_99' title="bbox 382 4716 2038 4803; baseline 0.006 -25"><span class='ocrx_word' id='word_1_691' title='bbox 382 4716 742 4779; x_wconf 80' lang='lat' dir='ltr'><strong><em>sacriﬁcium</em></strong></span> <span class='ocrx_word' id='word_1_692' title='bbox 788 4727 848 4782; x_wconf 90' lang='lat' dir='ltr'><strong><em>et</em></strong></span> <span class='ocrx_word' id='word_1_693' title='bbox 884 4717 1246 4784; x_wconf 80' lang='lat' dir='ltr'><strong><em>oblationem</em></strong></span> <span class='ocrx_word' id='word_1_694' title='bbox 1301 4720 1567 4797; x_wconf 80' lang='lat' dir='ltr'><strong><em>noluisti,</em></strong></span> <span class='ocrx_word' id='word_1_695' title='bbox 1600 4740 1730 4803; x_wconf 76' lang='lat' dir='ltr'><strong><em>quae</em></strong></span> <span class='ocrx_word' id='word_1_696' title='bbox 1760 4716 2038 4790; x_wconf 81' lang='lat' dir='ltr'><strong><em>videlicet</em></strong></span> 
     </span>
    </p>
   </div>
   <div class='ocr_carea' id='block_1_99' title="bbox 2158 4716 3764 4803">
    <p class='ocr_par' dir='ltr' id='par_1_99' title="bbox 2158 4716 3764 4800">
     <span class='ocr_line' id='line_1_100' title="bbox 2158 4716 3764 4800; baseline -0.001 -26"><span class='ocrx_word' id='word_1_697' title='bbox 2158 4718 2408 4799; x_wconf 67' lang='grc' dir='ltr'>,σφέρεται</span> <span class='ocrx_word' id='word_1_698' title='bbox 2490 4722 2554 4776; x_wconf 86' lang='grc' dir='ltr'>τὸ</span> <span class='ocrx_word' id='word_1_699' title='bbox 2607 4730 2700 4778; x_wconf 82' lang='grc' dir='ltr'><strong><em>τοῦ</em></strong></span> <span class='ocrx_word' id='word_1_700' title='bbox 2752 4727 2975 4795; x_wconf 79' lang='grc' dir='ltr'>Χριστοῦ</span> <span class='ocrx_word' id='word_1_701' title='bbox 3042 4720 3348 4800; x_wconf 85' lang='grc' dir='ltr'>πρόσωπον,</span> <span class='ocrx_word' id='word_1_702' title='bbox 3410 4716 3564 4797; x_wconf 82' lang='grc' dir='ltr'>λέγον</span> <span class='ocrx_word' id='word_1_703' title='bbox 3630 4717 3764 4796; x_wconf 86' lang='grc' dir='ltr'>πρὸς</span> 
     </span>
    </p>
   </div>
   <div class='ocr_carea' id='block_1_100' title="bbox 373 4804 2068 4893">
    <p class='ocr_par' dir='ltr' id='par_1_100' title="bbox 373 4804 2030 4893">
     <span class='ocr_line' id='line_1_101' title="bbox 373 4804 2030 4893; baseline 0.005 -26"><span class='ocrx_word' id='word_1_704' title='bbox 373 4804 1313 4891; x_wconf 63' lang='lat' dir='ltr'><strong><em>juxialegemoﬂ‘eruntnr,ne.lue</em></strong></span> <span class='ocrx_word' id='word_1_705' title='bbox 1330 4809 1440 4872; x_wconf 82' lang='lat' dir='ltr'><strong><em>fuit</em></strong></span> <span class='ocrx_word' id='word_1_706' title='bbox 1463 4810 1570 4872; x_wconf 88' lang='lat' dir='ltr'><strong><em>tibi</em></strong></span> <span class='ocrx_word' id='word_1_707' title='bbox 1592 4810 2030 4893; x_wconf 89' lang='lat' dir='ltr'><strong><em>beneplacitum</em></strong></span> 
     </span>
    </p>
   </div>
   <div class='ocr_carea' id='block_1_101' title="bbox 2158 4804 3764 4893">
    <p class='ocr_par' dir='ltr' id='par_1_101' title="bbox 2158 4806 3764 4893">
     <span class='ocr_line' id='line_1_102' title="bbox 2158 4806 3764 4893; baseline -0.002 -30"><span class='ocrx_word' id='word_1_708' title='bbox 2158 4809 2207 4866; x_wconf 63' lang='grc' dir='ltr'>ὃν</span> <span class='ocrx_word' id='word_1_709' title='bbox 2292 4806 2523 4887; x_wconf 83' lang='grc' dir='ltr'>Πατέρα.</span> <span class='ocrx_word' id='word_1_710' title='bbox 2608 4807 2854 4884; x_wconf 78' lang='grc' dir='ltr'>Ἐπειδὴ,</span> <span class='ocrx_word' id='word_1_711' title='bbox 2938 4811 3124 4891; x_wconf 77' lang='grc' dir='ltr'>φησὶν,</span> <span class='ocrx_word' id='word_1_712' title='bbox 3204 4812 3250 4864; x_wconf 82' lang='grc' dir='ltr'>ὦ</span> <span class='ocrx_word' id='word_1_713' title='bbox 3332 4809 3529 4886; x_wconf 84' lang='grc' dir='ltr'>Πάτερ,</span> <span class='ocrx_word' id='word_1_714' title='bbox 3588 4806 3764 4893; x_wconf 88' lang='grc' dir='ltr'>θυσίαν</span> 
     </span>
    </p>
   </div>
   <div class='ocr_carea' id='block_1_102' title="bbox 378 4892 2068 4982">
    <p class='ocr_par' dir='ltr' id='par_1_102' title="bbox 378 4892 2031 4982">
     <span class='ocr_line' id='line_1_103' title="bbox 378 4892 2031 4982; baseline 0.006 -27"><span class='ocrx_word' id='word_1_715' title='bbox 378 4895 441 4956; x_wconf 92' lang='lat' dir='ltr'><strong><em>in</em></strong></span> <span class='ocrx_word' id='word_1_716' title='bbox 463 4896 956 4960; x_wconf 88' lang='lat' dir='ltr'><strong><em>bolocautomatis</em></strong></span> <span class='ocrx_word' id='word_1_717' title='bbox 972 4898 1406 4977; x_wconf 81' lang='lat' dir='ltr'><strong><em>legalibus,boc</em></strong></span> <span class='ocrx_word' id='word_1_718' title='bbox 1425 4910 1740 4982; x_wconf 87' lang='lat' dir='ltr'><strong><em>est,neque</em></strong></span> <span class='ocrx_word' id='word_1_719' title='bbox 1752 4892 2031 4965; x_wconf 77' lang='lat' dir='ltr'><strong><em>holocau-</em></strong></span> 
     </span>
    </p>
   </div>
   <div class='ocr_carea' id='block_1_103' title="bbox 2158 4892 3761 4982">
    <p class='ocr_par' dir='ltr' id='par_1_103' title="bbox 2158 4892 3761 4978">
     <span class='ocr_line' id='line_1_104' title="bbox 2158 4892 3761 4978; baseline -0.002 -26"><span class='ocrx_word' id='word_1_720' title='bbox 2158 4897 2201 4953; x_wconf 79' lang='grc' dir='ltr'><strong><em>ιὶ</em></strong></span> <span class='ocrx_word' id='word_1_721' title='bbox 2248 4898 2548 4978; x_wconf 73' lang='grc' dir='ltr'>προσφορὰν</span> <span class='ocrx_word' id='word_1_722' title='bbox 2605 4897 2701 4955; x_wconf 72' lang='grc' dir='ltr'><strong><em>οὐκ</em></strong></span> <span class='ocrx_word' id='word_1_723' title='bbox 2755 4897 3037 4976; x_wconf 81' lang='grc' dir='ltr'>ἐθέλησας,</span> <span class='ocrx_word' id='word_1_724' title='bbox 3095 4898 3193 4966; x_wconf 81' lang='grc' dir='ltr'>τὴν</span> <span class='ocrx_word' id='word_1_725' title='bbox 3261 4898 3398 4955; x_wconf 77' lang='grc' dir='ltr'>κατὰ</span> <span class='ocrx_word' id='word_1_726' title='bbox 3454 4896 3613 4972; x_wconf 89' lang='grc' dir='ltr'>νόμον</span> <span class='ocrx_word' id='word_1_727' title='bbox 3657 4892 3761 4961; x_wconf 86' lang='grc' dir='ltr'>δη-</span> 
     </span>
    </p>
   </div>
   <div class='ocr_carea' id='block_1_104' title="bbox 381 4983 2068 5072">
    <p class='ocr_par' dir='ltr' id='par_1_104' title="bbox 381 4985 2031 5072">
     <span class='ocr_line' id='line_1_105' title="bbox 381 4985 2031 5072; baseline 0.005 -27"><span class='ocrx_word' id='word_1_728' title='bbox 381 4992 438 5045; x_wconf 93' lang='lat' dir='ltr'><strong><em>to</em></strong></span> <span class='ocrx_word' id='word_1_729' title='bbox 450 4995 606 5048; x_wconf 88' lang='lat' dir='ltr'><strong><em>mata</em></strong></span> <span class='ocrx_word' id='word_1_730' title='bbox 626 4985 978 5066; x_wconf 84' lang='lat' dir='ltr'><strong><em>placuerunt</em></strong></span> <span class='ocrx_word' id='word_1_731' title='bbox 1001 4987 1111 5051; x_wconf 88' lang='lat' dir='ltr'><strong><em>tibi</em></strong></span> <span class='ocrx_word' id='word_1_732' title='bbox 1124 4996 1305 5051; x_wconf 87' lang='lat' dir='ltr'><strong><em>antea</em></strong></span> <span class='ocrx_word' id='word_1_733' title='bbox 1318 4988 1575 5050; x_wconf 87' lang='lat' dir='ltr'><strong><em>voluisti.</em></strong></span> <span class='ocrx_word' id='word_1_734' title='bbox 1608 5014 1634 5044; x_wconf 74' lang='grc' dir='ltr'><strong><em>α</em></strong></span> <span class='ocrx_word' id='word_1_735' title='bbox 1656 4988 1725 5051; x_wconf 82' lang='grc' dir='ltr'>Ει</span> <span class='ocrx_word' id='word_1_736' title='bbox 1751 5007 1858 5072; x_wconf 89' lang='lat' dir='ltr'><strong><em>pro</em></strong></span> <span class='ocrx_word' id='word_1_737' title='bbox 1888 5009 2031 5071; x_wconf 92' lang='lat' dir='ltr'><strong><em>pec-</em></strong></span> 
     </span>
    </p>
   </div>
   <div class='ocr_carea' id='block_1_105' title="bbox 2158 4983 3757 5072">
    <p class='ocr_par' dir='ltr' id='par_1_105' title="bbox 2158 4983 3757 5072">
     <span class='ocr_line' id='line_1_106' title="bbox 2158 4983 3757 5072; baseline -0.002 -29"><span class='ocrx_word' id='word_1_738' title='bbox 2158 4986 2287 5043; x_wconf 69' lang='grc' dir='ltr'>)νότι</span> <span class='ocrx_word' id='word_1_739' title='bbox 2318 4987 2776 5067; x_wconf 78' lang='grc' dir='ltr'>προσφερομένην,</span> <span class='ocrx_word' id='word_1_740' title='bbox 2837 4989 2954 5045; x_wconf 73' lang='grc' dir='ltr'>οὔτε</span> <span class='ocrx_word' id='word_1_741' title='bbox 3011 4989 3120 5065; x_wconf 79' lang='grc' dir='ltr'>μὴν</span> <span class='ocrx_word' id='word_1_742' title='bbox 3163 4985 3463 5056; x_wconf 73' lang='grc' dir='ltr'>ηὗδόκησας</span> <span class='ocrx_word' id='word_1_743' title='bbox 3520 4984 3576 5041; x_wconf 78' lang='grc' dir='ltr'>ἐν</span> <span class='ocrx_word' id='word_1_744' title='bbox 3631 4983 3757 5072; x_wconf 85' lang='grc' dir='ltr'>ὁλο-</span> 
     </span>
    </p>
   </div>
   <div class='ocr_carea' id='block_1_106' title="bbox 376 5071 2068 5158">
    <p class='ocr_par' dir='ltr' id='par_1_106' title="bbox 376 5071 2029 5158">
     <span class='ocr_line' id='line_1_107' title="bbox 376 5071 2029 5158; baseline 0.005 -25"><span class='ocrx_word' id='word_1_745' title='bbox 376 5081 570 5134; x_wconf 72' lang='grc' dir='ltr'>εαιο.»</span> <span class='ocrx_word' id='word_1_746' title='bbox 599 5073 724 5136; x_wconf 85' lang='lat' dir='ltr'><strong><em>Hoc</em></strong></span> <span class='ocrx_word' id='word_1_747' title='bbox 746 5076 1091 5149; x_wconf 85' lang='lat' dir='ltr'><strong><em>est,oblatio</em></strong></span> <span class='ocrx_word' id='word_1_748' title='bbox 1124 5096 1229 5158; x_wconf 89' lang='lat' dir='ltr'><strong><em>pro</em></strong></span> <span class='ocrx_word' id='word_1_749' title='bbox 1263 5087 1531 5158; x_wconf 85' lang='lat' dir='ltr'><strong><em>peccato:</em></strong></span> <span class='ocrx_word' id='word_1_750' title='bbox 1558 5096 1591 5138; x_wconf 88' lang='lat' dir='ltr'><strong><em>a</em></strong></span> <span class='ocrx_word' id='word_1_751' title='bbox 1616 5071 2029 5142; x_wconf 87' lang='lat' dir='ltr'><strong><em>communiin-</em></strong></span> 
     </span>
    </p>
   </div>
   <div class='ocr_carea' id='block_1_107' title="bbox 2158 5071 3758 5158">
    <p class='ocr_par' dir='ltr' id='par_1_107' title="bbox 2158 5071 3758 5158">
     <span class='ocr_line' id='line_1_108' title="bbox 2158 5071 3758 5158; baseline 0 -28"><span class='ocrx_word' id='word_1_752' title='bbox 2158 5076 2418 5152; x_wconf 79' lang='grc' dir='ltr'>ιυτώμασι</span> <span class='ocrx_word' id='word_1_753' title='bbox 2485 5089 2605 5140; x_wconf 77' lang='grc' dir='ltr'>τοῖς</span> <span class='ocrx_word' id='word_1_754' title='bbox 2674 5079 2812 5133; x_wconf 81' lang='grc' dir='ltr'>κατὰ</span> <span class='ocrx_word' id='word_1_755' title='bbox 2865 5080 2956 5134; x_wconf 82' lang='grc' dir='ltr'>τὸν</span> <span class='ocrx_word' id='word_1_756' title='bbox 3027 5078 3210 5158; x_wconf 85' lang='grc' dir='ltr'>νόμον,</span> <span class='ocrx_word' id='word_1_757' title='bbox 3296 5075 3585 5149; x_wconf 86' lang='grc' dir='ltr'>τουτέστιν,</span> <span class='ocrx_word' id='word_1_758' title='bbox 3644 5071 3758 5133; x_wconf 70' lang='grc' dir='ltr'>οῦδὶ</span> 
     </span>
    </p>
   </div>
   <div class='ocr_carea' id='block_1_108' title="bbox 377 5161 2068 5246">
    <p class='ocr_par' dir='ltr' id='par_1_108' title="bbox 377 5161 2025 5246">
     <span class='ocr_line' id='line_1_109' title="bbox 377 5161 2025 5246; baseline 0.005 -24"><span class='ocrx_word' id='word_1_759' title='bbox 377 5161 614 5225; x_wconf 91' lang='lat' dir='ltr'><strong><em>tellectu</em></strong></span> <span class='ocrx_word' id='word_1_760' title='bbox 634 5163 893 5246; x_wconf 80' lang='lat' dir='ltr'><strong><em>sumitur</em></strong></span> <span class='ocrx_word' id='word_1_761' title='bbox 922 5163 1146 5228; x_wconf 87' lang='lat' dir='ltr'><strong><em>Placuit</em></strong></span> <span class='ocrx_word' id='word_1_762' title='bbox 1178 5165 1304 5230; x_wconf 88' lang='lat' dir='ltr'><strong><em>tibi.</em></strong></span> <span class='ocrx_word' id='word_1_763' title='bbox 1341 5167 1528 5230; x_wconf 81' lang='lat' dir='ltr'><strong><em>Recte</em></strong></span> <span class='ocrx_word' id='word_1_764' title='bbox 1551 5173 1747 5227; x_wconf 88' lang='lat' dir='ltr'><strong><em>autem</em></strong></span> <span class='ocrx_word' id='word_1_765' title='bbox 1778 5165 1880 5243; x_wconf 88' lang='lat' dir='ltr'><strong><em>ait,</em></strong></span> <span class='ocrx_word' id='word_1_766' title='bbox 1913 5167 2025 5231; x_wconf 90' lang='lat' dir='ltr'><strong><em>Pro</em></strong></span> 
     </span>
    </p>
   </div>
   <div class='ocr_carea' id='block_1_109' title="bbox 2158 5161 3756 5246">
    <p class='ocr_par' dir='ltr' id='par_1_109' title="bbox 2158 5164 3756 5246">
     <span class='ocr_line' id='line_1_110' title="bbox 2158 5164 3756 5246; baseline -0.001 -25"><span class='ocrx_word' id='word_1_767' title='bbox 2158 5166 2525 5241; x_wconf 60' lang='lat' dir='ltr'><strong><em>lonaonbpzta</em></strong></span> <span class='ocrx_word' id='word_1_768' title='bbox 2594 5165 2917 5244; x_wconf 77' lang='grc' dir='ltr'>ηὖδόκησας,</span> <span class='ocrx_word' id='word_1_769' title='bbox 2989 5166 3150 5246; x_wconf 62' lang='grc' dir='ltr'>ἤγουν</span> <span class='ocrx_word' id='word_1_770' title='bbox 3207 5164 3495 5234; x_wconf 82' lang='grc' dir='ltr'>ἠθέλησας.</span> <span class='ocrx_word' id='word_1_771' title='bbox 3560 5188 3587 5220; x_wconf 77' lang='grc' dir='ltr'><strong><em>σ</em></strong></span> <span class='ocrx_word' id='word_1_772' title='bbox 3661 5164 3756 5222; x_wconf 79' lang='grc' dir='ltr'>Καὶ</span> 
     </span>
    </p>
   </div>
   <div class='ocr_carea' id='block_1_110' title="bbox 377 5241 2068 5336">
    <p class='ocr_par' dir='ltr' id='par_1_110' title="bbox 377 5241 2023 5334">
     <span class='ocr_line' id='line_1_111' title="bbox 377 5241 2023 5334; baseline 0.005 -23"><span class='ocrx_word' id='word_1_773' title='bbox 377 5241 647 5329; x_wconf 53' lang='lat' dir='ltr'><strong><em>peccato;</em></strong></span> <span class='ocrx_word' id='word_1_774' title='bbox 666 5250 811 5312; x_wconf 87' lang='lat' dir='ltr'><strong><em>Nam</em></strong></span> <span class='ocrx_word' id='word_1_775' title='bbox 845 5252 1000 5315; x_wconf 89' lang='lat' dir='ltr'><strong><em>inter</em></strong></span> <span class='ocrx_word' id='word_1_776' title='bbox 1022 5254 1334 5330; x_wconf 89' lang='lat' dir='ltr'><strong><em>sacriﬁcia,</em></strong></span> <span class='ocrx_word' id='word_1_777' title='bbox 1370 5254 1638 5334; x_wconf 62' lang='lat' dir='ltr'><strong><em>quaedam</em></strong></span> <span class='ocrx_word' id='word_1_778' title='bbox 1672 5272 1780 5333; x_wconf 85' lang='lat' dir='ltr'><strong><em>pro</em></strong></span> <span class='ocrx_word' id='word_1_779' title='bbox 1811 5241 2023 5334; x_wconf 72' lang='lat' dir='ltr'><strong><em>salute,</em></strong></span> 
     </span>
    </p>
   </div>
   <div class='ocr_carea' id='block_1_111' title="bbox 2158 5241 3755 5336">
    <p class='ocr_par' dir='ltr' id='par_1_111' title="bbox 2158 5241 3755 5336">
     <span class='ocr_line' id='line_1_112' title="bbox 2158 5241 3755 5336; baseline -0.001 -26"><span class='ocrx_word' id='word_1_780' title='bbox 2158 5255 2223 5333; x_wconf 78' lang='grc' dir='ltr'><strong><em>ερὶ</em></strong></span> <span class='ocrx_word' id='word_1_781' title='bbox 2288 5256 2568 5335; x_wconf 85' lang='grc' dir='ltr'>ἁμαρτίας.</span> <span class='ocrx_word' id='word_1_782' title='bbox 2636 5279 2660 5311; x_wconf 75' lang='lat' dir='ltr'><strong><em>u</em></strong></span> <span class='ocrx_word' id='word_1_783' title='bbox 2719 5241 2987 5332; x_wconf 81' lang='grc' dir='ltr'>Τουτέστι,</span> <span class='ocrx_word' id='word_1_784' title='bbox 3043 5241 3359 5336; x_wconf 48' lang='grc' dir='ltr'>’προσφορὰν</span> <span class='ocrx_word' id='word_1_785' title='bbox 3417 5256 3533 5333; x_wconf 84' lang='grc' dir='ltr'>περὶ</span> <span class='ocrx_word' id='word_1_786' title='bbox 3588 5254 3755 5332; x_wconf 83' lang='grc' dir='ltr'>ἆμαρ·</span> 
     </span>
    </p>
   </div>
   <div class='ocr_carea' id='block_1_112' title="bbox 374 5339 2068 5426">
    <p class='ocr_par' dir='ltr' id='par_1_112' title="bbox 374 5339 2023 5421">
     <span class='ocr_line' id='line_1_113' title="bbox 374 5339 2023 5421; baseline 0.007 -23"><span class='ocrx_word' id='word_1_787' title='bbox 374 5339 645 5418; x_wconf 66' lang='lat' dir='ltr'><strong><em>quaadam</em></strong></span> <span class='ocrx_word' id='word_1_788' title='bbox 673 5357 811 5402; x_wconf 90' lang='lat' dir='ltr'><strong><em>vero</em></strong></span> <span class='ocrx_word' id='word_1_789' title='bbox 833 5360 938 5421; x_wconf 89' lang='lat' dir='ltr'><strong><em>pro</em></strong></span> <span class='ocrx_word' id='word_1_790' title='bbox 966 5350 1208 5420; x_wconf 91' lang='lat' dir='ltr'><strong><em>peccato</em></strong></span> <span class='ocrx_word' id='word_1_791' title='bbox 1235 5343 1659 5406; x_wconf 71' lang='lat' dir='ltr'><strong><em>offerebantur.</em></strong></span> <span class='ocrx_word' id='word_1_792' title='bbox 1677 5345 1760 5405; x_wconf 89' lang='lat' dir='ltr'><strong><em>Ac</em></strong></span> <span class='ocrx_word' id='word_1_793' title='bbox 1784 5345 1833 5407; x_wconf 92' lang='lat' dir='ltr'><strong><em>si</em></strong></span> <span class='ocrx_word' id='word_1_794' title='bbox 1855 5346 2023 5409; x_wconf 90' lang='lat' dir='ltr'><strong><em>dice-</em></strong></span> 
     </span>
    </p>
   </div>
   <div class='ocr_carea' id='block_1_113' title="bbox 2158 5339 3752 5426">
    <p class='ocr_par' dir='ltr' id='par_1_113' title="bbox 2161 5340 3752 5426">
     <span class='ocr_line' id='line_1_114' title="bbox 2161 5340 3752 5426; baseline -0.002 -27"><span class='ocrx_word' id='word_1_795' title='bbox 2161 5367 2242 5407; x_wconf 76' lang='grc' dir='ltr'>κς.</span> <span class='ocrx_word' id='word_1_796' title='bbox 2335 5346 2467 5401; x_wconf 82' lang='grc' dir='ltr'><strong><em>Ἀπὸ</em></strong></span> <span class='ocrx_word' id='word_1_797' title='bbox 2548 5355 2726 5404; x_wconf 84' lang='grc' dir='ltr'>κοινοῦ</span> <span class='ocrx_word' id='word_1_798' title='bbox 2816 5348 2899 5426; x_wconf 87' lang='grc' dir='ltr'>τὸ,</span> <span class='ocrx_word' id='word_1_799' title='bbox 3010 5345 3340 5413; x_wconf 75' lang='grc' dir='ltr'>Εὖδόκησας.</span> <span class='ocrx_word' id='word_1_800' title='bbox 3429 5342 3616 5406; x_wconf 80' lang='grc' dir='ltr'>Καλῶς</span> <span class='ocrx_word' id='word_1_801' title='bbox 3698 5340 3752 5397; x_wconf 84' lang='grc' dir='ltr'><strong><em>δέ</em></strong></span> 
     </span>
    </p>
   </div>
   <div class='ocr_carea' id='block_1_114' title="bbox 374 5427 2068 5517">
    <p class='ocr_par' dir='ltr' id='par_1_114' title="bbox 374 5427 2027 5514">
     <span class='ocr_line' id='line_1_115' title="bbox 374 5427 2027 5514; baseline 0.007 -26"><span class='ocrx_word' id='word_1_802' title='bbox 374 5434 484 5489; x_wconf 91' lang='lat' dir='ltr'><strong><em>ret:</em></strong></span> <span class='ocrx_word' id='word_1_803' title='bbox 497 5427 786 5500; x_wconf 82' lang='lat' dir='ltr'><strong><em>Quoniam</em></strong></span> <span class='ocrx_word' id='word_1_804' title='bbox 806 5448 1177 5514; x_wconf 87' lang='lat' dir='ltr'><strong><em>nequaquam</em></strong></span> <span class='ocrx_word' id='word_1_805' title='bbox 1191 5431 1522 5496; x_wconf 87' lang='lat' dir='ltr'><strong><em>oblationes</em></strong></span> <span class='ocrx_word' id='word_1_806' title='bbox 1535 5449 1728 5513; x_wconf 86' lang='lat' dir='ltr'><strong><em>neque</em></strong></span> <span class='ocrx_word' id='word_1_807' title='bbox 1740 5435 2027 5499; x_wconf 85' lang='lat' dir='ltr'><strong><em>sacriﬁcia</em></strong></span> 
     </span>
    </p>
   </div>
   <div class='ocr_carea' id='block_1_115' title="bbox 2158 5427 3750 5517">
    <p class='ocr_par' dir='ltr' id='par_1_115' title="bbox 2158 5430 3750 5517">
     <span class='ocr_line' id='line_1_116' title="bbox 2158 5430 3750 5517; baseline -0.003 -28"><span class='ocrx_word' id='word_1_808' title='bbox 2158 5454 2236 5499; x_wconf 74' lang='grc' dir='ltr'><strong><em>ησι</em></strong></span> <span class='ocrx_word' id='word_1_809' title='bbox 2295 5436 2418 5514; x_wconf 86' lang='grc' dir='ltr'>Περὶ</span> <span class='ocrx_word' id='word_1_810' title='bbox 2479 5434 2758 5513; x_wconf 84' lang='grc' dir='ltr'>ἁμαρτίας.</span> <span class='ocrx_word' id='word_1_811' title='bbox 2845 5438 2961 5494; x_wconf 87' lang='grc' dir='ltr'>Τῶν</span> <span class='ocrx_word' id='word_1_812' title='bbox 3043 5437 3144 5517; x_wconf 81' lang='grc' dir='ltr'><strong><em>γὰρ</em></strong></span> <span class='ocrx_word' id='word_1_813' title='bbox 3221 5437 3435 5514; x_wconf 81' lang='grc' dir='ltr'>θυσιῶν,</span> <span class='ocrx_word' id='word_1_814' title='bbox 3519 5434 3571 5489; x_wconf 82' lang='grc' dir='ltr'>αἱ</span> <span class='ocrx_word' id='word_1_815' title='bbox 3653 5430 3750 5507; x_wconf 81' lang='grc' dir='ltr'>μὲν</span> 
     </span>
    </p>
   </div>
   <div class='ocr_carea' id='block_1_116' title="bbox 452 5596 1732 5678">
    <p class='ocr_par' dir='ltr' id='par_1_116' title="bbox 452 5596 1732 5678">
     <span class='ocr_line' id='line_1_117' title="bbox 452 5596 1732 5678; baseline 0.005 -17"><span class='ocrx_word' id='word_1_816' title='bbox 452 5599 516 5650; x_wconf 77' lang='grc'><strong><em>48</em></strong></span> <span class='ocrx_word' id='word_1_817' title='bbox 543 5596 698 5661; x_wconf 87' lang='lat' dir='ltr'><strong><em>Psal.</em></strong></span> <span class='ocrx_word' id='word_1_818' title='bbox 739 5614 939 5678; x_wconf 76' lang='lat' dir='ltr'><strong><em>cxxxx,</em></strong></span> <span class='ocrx_word' id='word_1_819' title='bbox 975 5602 1072 5664; x_wconf 82' lang='grc'><strong><em>11.</em></strong></span> <span class='ocrx_word' id='word_1_820' title='bbox 1160 5602 1221 5653; x_wconf 67' lang='grc' dir='ltr'>ιθ</span> <span class='ocrx_word' id='word_1_821' title='bbox 1249 5601 1402 5665; x_wconf 87' lang='lat' dir='ltr'><strong><em>Psal.</em></strong></span> <span class='ocrx_word' id='word_1_822' title='bbox 1434 5618 1633 5677; x_wconf 78' lang='lat' dir='ltr'><strong><em>mox,</em></strong></span> <span class='ocrx_word' id='word_1_823' title='bbox 1664 5603 1732 5667; x_wconf 87' lang='lat'><strong><em>7.</em></strong></span> 
     </span>
    </p>
   </div>
  </div>
