4180 6212
339 334 461 405 389

1425 344 1820 413 COMMENT.
1866 342 1950 413 IN
1993 345 2237 414 EPIST.
2281 352 2386 414 AD
2426 351 2656 414 HEBR.

3608 350 3727 417 390

340 470 788 566 buép‘ctoinpiac,
828 478 893 566 ai
944 474 1001 534 δὲ
1062 478 1194 566 ὑπὲρ
1246 478 1503 557 ἁμαρτίας
1560 478 1948 560 προσεφέροντο
1981 496 1993 509 ·

2083 480 2339 557 voluisti,
2367 500 2564 564 neque
2608 483 3082 546 holocautomata
3121 503 3233 547 nec
3263 502 3371 566 pro
3399 485 3590 549 salute
3616 505 3727 550 nec

337 560 413 622 ὡς
457 561 501 616 εί
561 563 719 625 εἶπεν
752 580 766 594 ⁸
827 562 978 623 Ἐπεὶ
1034 565 1215 624 οὐδένα
1271 568 1463 647 τρόπον
1518 575 1816 649 προσφορᾶς
1874 567 1989 627 οῦδὲ

335 649 511 714 θυσίας
556 649 882 728 ἠϐουλήθης,
944 653 1061 713 οῦδὲ
1117 654 1562 737 ὁλοκαυτώματα,
1617 662 1676 717 οὗ
1732 660 1846 736 περὶ
1876 680 1990 715 σω-

336 739 545 817 τηρίας,
623 740 683 797 οὗ
739 745 857 822 περὶ
912 744 1193 823 ἁμαρτίας,
1256 744 1371 813 ἥκω
1445 751 1600 822 σῶμα
1657 744 1855 822 λαϐὼν,
1935 749 1991 803 τὸ

336 825 554 907 ὀφεῖλον
624 830 862 937 γενέσθαι
932 835 1080 893 θυσία
1151 834 1438 937 εῦάρεστόῖ
1484 855 1591 910 σοι,
1650 833 1779 937 ὅπερ
1835 837 1991 937 αὐτός

339 938 434 1003 μοι
493 920 816 998 κατηρτίσω.
864 923 936 981 Ti:
983 929 1195 999 Πνευμα
1245 925 1346 1003 γὰρ
1401 922 1553 1000 ἅγιον
1603 926 1692 982 καὶ
1750 920 1995 1001 Ὑψίστου

337 1002 582 1084 δύναμις,
629 1007 903 1067 ἐπεσκίασε
949 1017 1017 1088 τῇ
1088 1012 1353 1090 Παρθένῳ.
1419 1002 1586 1069 εἨιιω
1641 1010 1717 1089 δὲ,
1789 1013 1882 1071 ’ίνα
1934 1015 1996 1070 τὸ

344 1097 434 1152 σὸν
490 1101 703 1168 ποιήσω
743 1101 947 1177 θέλημα
1003 1110 1096 1160 τοῦ
1153 1104 1357 1183 Πατρός
1395 1120 1409 1134 ·
1472 1104 1566 1160 ’ἕνα
1623 1105 1710 1168 οὒς
1767 1103 1995 1168 δέδωκάς

343 1211 459 1276 μοι,
531 1194 610 1266 μὴ
666 1193 913 1251 ἀπολέσω
970 1194 1023 1262 ἐξ
1092 1199 1286 1276 αὗτων,
1349 1195 1611 1276 Κεοριλίδα
1671 1194 1726 1253 δὲ
1798 1195 1998 1273 βιϐλίου

347 1273 586 1359 Ἑϐραῖοι
643 1283 733 1338 τὸν
788 1283 963 1359 Νόμον
993 1285 1171 1365 φασίν,
1220 1273 1446 1349 Ἠσαίας
1503 1284 1557 1341 δὲ
1612 1287 1674 1342 τὸ
1732 1288 1849 1367 περὶ
1904 1286 2000 1355 τῆς

341 1368 789 1449 ἐνανθρωπήσεως
870 1375 1157 1453 μυστήριον
1252 1384 1345 1433 τοῦ
1438 1380 1766 1453 Μονογενοῦς
1851 1372 2001 1431 διδα-

341 1460 629 1533 σκόμενος,
659 1458 825 1543 ἤκουε.
852 1479 870 1497 °
936 1481 961 1516 I
1018 1464 1227 1541 Γρᾶψόν
1283 1484 1375 1538 μοι
1448 1465 1520 1527 εἷς
1581 1465 1737 1522 αὐτὸν
1796 1462 2002 1543 γραφίδι

340 1546 639 1626 ἀνθρώπου.
706 1572 734 1603 ι
789 1539 920 1608 ιὈτι
975 1539 1149 1607 θυσίαν
1189 1554 1276 1609 καὶ
1318 1553 1645 1632 προσφοράν.
1711 1539 1864 1630 Ὀρᾷς
1914 1539 2001 1615 ⁷ὅτι

340 1639 392 1692 αἱ
420 1638 593 1694 θυσίαι
644 1634 988 1705 ἐξεϐέϐληντο
1036 1642 1124 1696 καὶ
1181 1642 1281 1720 πρὸ
1335 1643 1433 1707 τῆς
1505 1640 1999 1720 ένανθρωπήσεως;

2074 587 2177 648 pro
2193 572 2638 650 peccato.venio
2667 581 2862 653 aptato
2880 592 3133 653 corpore
3157 574 3312 655 quod
3338 572 3552 638 debeat
3572 576 3725 641 allici

2073 657 2401 747 h_ostia_tibi
2454 657 2882 742 beneplaceus,
2917 663 3074 741 quod
3128 662 3256 742 ipse
3308 663 3454 726 mihi
3486 666 3723 747 aptasti.

2073 743 2219 806 Nam
2260 744 2514 828 Spiritus
2537 759 2777 812 sanctus
2797 760 2857 813 et
2872 750 3160 813 Altissimi
3190 752 3376 815 virtus
3403 743 3723 818 obumbra-

2078 832 2155 894 vit
2188 833 2513 915 Virgini-’50.
2543 836 2731 900 Venio
2772 852 2969 901 autem
2997 848 3059 900 ut
3090 849 3247 901 tuam
3272 840 3481 903 faciam
3513 844 3726 906 volun-

2074 932 2278 1005 tatem,
2334 929 2502 989 l'ater
2530 930 2615 1002 5|,
2650 937 2791 1007 puta
2829 935 2890 988 ut
2945 930 3168 989 nullum
3224 948 3292 991 ex
3339 930 3432 992 his
3479 932 3724 1013 perdam

2077 1031 2226 1093 quos
2261 1013 2476 1076 dedisti
2510 1015 2755 1077 mihi52.
2793 1018 2931 1078 “594
2961 1020 3145 1098 Caput
3175 1037 3313 1080 vero
3357 1019 3492 1084 libri
3523 1022 3728 1085 dicunt

2076 1101 2311 1163 Hebraei
2342 1121 2473 1165 esse
2494 1104 2710 1183 legem.
2741 1105 2918 1168 Isaias
2948 1124 3089 1168 vero
3124 1108 3462 1187 mysterium
3496 1111 3570 1172 de
3585 1112 3724 1174 uni-

2081 1190 2262 1269 geniti
2286 1191 2699 1255 incarnatione
2721 1195 2993 1269 edoctus,
3018 1196 3249 1259 audivit
3269 1217 3323 1258 τι
3351 1195 3557 1261 Scribe
3581 1201 3728 1264 mihi

2079 1278 2141 1340 in
2174 1281 2289 1341 isto
2323 1281 2455 1342 stilo
2507 1283 2765 1344 hominis
2785 1286 2911 1347 55.»
2989 1283 3353 1347 Sacriﬁcium
3393 1295 3451 1348 et
3471 1289 3725 1352 oblatio-

2086 1388 2244 1430 nem.
2280 1396 2302 1426 η
2328 1369 2511 1432 Vides
2555 1374 2709 1452 quod
2747 1372 3040 1434 sacriﬁcia
3071 1372 3245 1434 etiam
3280 1385 3416 1437 ante
3443 1376 3724 1441 incarna-

2087 1458 2309 1521 tionem
2342 1459 2571 1539 abjecta
2604 1463 2833 1525 essent?
2852 1465 2996 1525 Cum
3029 1463 3187 1524 enim
3217 1464 3407 1526 nolles
3438 1467 3729 1531 sacriﬁcia

2086 1556 2145 1610 et
2193 1548 2682 1624 holocautomata,
2741 1562 2883 1613 tunc
2938 1552 3057 1612 dixi
3094 1569 3107 1614 :
3142 1553 3299 1614 Ecce
3349 1554 3541 1617 venio.
3586 1556 3730 1629 Quis

2085 1637 2262 1697 dixit:
2314 1638 2467 1699 Ecce
2485 1639 2683 1701 venio?
2714 1640 2982 1702 Christus
3012 1640 3508 1704 videlicet.Venio
3531 1654 3725 1707 autem

345 1727 489 1782 Μετᾶ
532 1729 633 1807 γὰρ
684 1728 744 1783 τὸ
788 1728 866 1802 μὴ
917 1727 1137 1796 θελῆσαί
1178 1751 1262 1804 σε,
1320 1731 1469 1811 φησὶ,
1529 1730 1624 1792 τὰς
1682 1731 1857 1794 θυσίας
1916 1742 1997 1796 καὶ

2086 1736 2146 1785 ut
2175 1727 2756 1822 faciamvoluutatem
2792 1730 3201 1822 tuamlthuaa
3242 1730 3349 1822 fuit
3400 1735 3588 1796 Patris
3617 1754 3724 1797 vo-

341 1817 408 1871 τὰ
436 1814 878 1897 ὁλοκαυτώματα,
938 1826 1059 1873 τότε
1114 1819 1296 1893 εἶπον,
1356 1816 1488 1875 Ἰδοὺ
1527 1818 1669 1885 ἥκω.
1704 1820 1789 1883 Τίς
1819 1818 1996 1896 εἶπεν,

2082 1816 2421 1891 luntas,nisi
2454 1827 2514 1876 ut
2544 1816 2725 1878 Filius
2775 1817 3268 1895 cruciﬁgeretur?
3315 1819 3482 1893 Quod
3529 1833 3725 1886 autem

340 1901 476 1960 ’ἰδοὺ
511 1902 623 1970 ἥκω
656 1925 672 1985 ;
724 1898 781 1963 Ὀ
827 1907 1049 1984 Χριστὸς
1093 1904 1363 1974 δηλονότι.
1413 1896 1579 1963 ’Ἥκω
1609 1905 1686 1982 δὲ,
1720 1906 1804 1962 ἐπὶ
1834 1914 1909 1981 τῷ
1938 1908 1998 1962 τὸ

341 1991 550 2068 θέλημα
607 2018 698 2051 σου
740 1996 984 2062 ποιῆσαι.
1031 1996 1092 2055 Τί
1131 1994 1186 2052 δέ
1236 1998 1297 2052 τὸ
1356 1995 1563 2072 θέλημα
1620 2002 1711 2052 τοῦ
1767 1998 1989 2074 Πατρὸς,

343 2082 496 2150 ἢτὸν
548 2086 667 2141 Υἱὸν
722 2088 1132 2166 σταυρωθῆναι;
1197 2076 1326 2144 ’Ὁτι
1383 2084 1436 2141 δὲ
1492 2087 1580 2141 καὶ
1643 2084 1770 2157 ἥξω,
1830 2084 1992 2165 φησῖ,

342 2174 429 2227 καὶ
501 2174 561 2229 τὸ
615 2172 822 2250 θέλημά
898 2196 989 2232 σου
1062 2176 1296 2251 ποιήσω,
1368 2175 1423 2230 έν
1499 2172 1735 2253 κεφαλίδι
1792 2172 1993 2250 βιϐλίου

340 2260 658 2340 γέγραπται,
732 2264 882 2345 φησὶ,
963 2265 1082 2343 περὶ
1150 2264 1281 2338 ἐμοῦ
1362 2269 1547 2323 ταῦτα.
1622 2262 1798 2325 0'5th
1885 2264 1996 2343 χρὴ

339 2348 605 2415 συντάξαι,
693 2352 1003 2432 Προφητικὰ
1102 2352 1203 2431 γὰρ
1304 2352 1452 2427 ὄντα,
1558 2350 1746 2412 σκολιά
1831 2353 1994 2416 ἐστιν,

347 2463 371 2496 ε
421 2442 529 2500 Οὔκ
565 2441 852 2523 ἠθέλησας,
913 2440 1028 2501 οῦδὲ
1081 2441 1387 2512 εὒδόκησας.
1433 2466 1458 2500 ι
1516 2446 1678 2511 Αὐτὸς
1720 2447 1847 2505 αὒτὸ
1906 2445 1996 2525 ἑρ-

343 2531 564 2604 μηνεύει
608 2530 947 2612 σαφέστερον.
1023 2556 1047 2586 ιι
1098 2531 1310 2598 Οτῖτινες
1364 2533 1498 2591 κατᾶ
1556 2535 1647 2589 τὸν
1716 2534 1895 2610 νόμον.
1964 2556 1992 2587 ι

341 2620 436 2674 τὸν
517 2618 809 2677 ’ἰουδαῖκὸν
891 2618 1160 2696 δηλονότι,
1248 2623 1334 2678 καὶ
1415 2623 1517 2679 ὑπὸ
1578 2629 1681 2679 τῶν
1741 2620 1999 2680 Ἰουδαίων

342 2704 399 2762 δὲ
463 2708 866 2788 προσφέρονται.
958 2700 1112 2787 ιΟρᾷς
1168 2707 1248 2765 ὅτι
1307 2712 1408 2789 πρὸ
1464 2710 1560 2778 τῆς
1629 2709 1994 2784 καταϐάσεως,

345 2796 670 2873 ἐμεμίσηντο
713 2802 765 2855 αἱ
806 2799 1016 2878 ductim;
1056 2819 1079 2853 ε
1135 2806 1236 2856 Τοῦ
1276 2803 1498 2867 ποιῆσαι
1542 2803 1570 2857 ὁ
1614 2802 1743 2864 Θεὸς
1797 2803 1861 2857 τὸ
1905 2800 1997 2857 θέ-

343 2884 496 2961 λημά
553 2909 670 2950 σου,
734 2910 762 2941 ι
823 2886 883 2945 Τί
941 2887 1073 2963 οὖν;
1135 2890 1196 2943 Αἱ
1250 2889 1385 2946 κατὰ
1454 2889 1615 2965 νόμον
1682 2890 1848 2946 θυσίαι
1905 2889 1998 2947 οὐκ

343 2973 480 3042 ἦσαν
540 2974 798 3052 θελήματι
857 2983 1037 3057 Θεοῦς
1120 2965 1286 3034 Ἦσαν
1354 2977 1474 3054 μὲν,
1548 2975 1667 3034 ἀλλ’
1752 2978 1994 3056 ἀναγκα-

2082 1912 2139 1963 et
2173 1915 2449 1965 venturus
2478 1905 2587 1966 sim
2614 1914 2671 1966 et
2696 1906 3050 1967 voluntatem
3095 1916 3250 1968 tuam
3293 1909 3569 1991 facturus,
3602 1911 3727 1975 haec

2076 1990 2141 2052 in
2176 1993 2369 2071 capite
2393 1993 2528 2054 libri
2560 1994 2635 2054 de
2667 2013 2761 2055 me
2784 1996 3002 2073 scripta
3030 2005 3187 2058 sunt.
3215 1998 3299 2059 lta
3331 2007 3469 2059 sunt
3500 1998 3612 2061 ista
3633 2019 3727 2061 er-

2076 2081 2338 2143 dinanda
2374 2099 2387 2144 :
2423 2101 2554 2142 nam
2589 2100 2719 2143 cum
2766 2084 3107 2163 praphetica
3177 2086 3315 2164 sint,
3382 2087 3623 2168 obliqua
3671 2097 3728 2151 et

2077 2178 2343 2233 contorta
2376 2179 2535 2232 sunt.
2566 2196 2590 2226 α
2620 2170 2871 2233 Noluisti
2909 2191 3102 2252 neque
3155 2173 3504 2253 placuerunt
3528 2177 3653 2238 tibi.
3691 2201 3718 2238 ι

2078 2257 2211 2340 Ipse
2240 2259 2395 2320 idem
2432 2261 2693 2341 apertius
2725 2260 3170 2340 interpretatur.
3217 2286 3239 2319 α
3268 2262 3410 2336 Quae
3430 2266 3598 2345 juxta
3626 2268 3713 2329 le-

2080 2367 2236 2427 gem,
2272 2374 2294 2406 »
2328 2349 2633 2412 Judaicam
2685 2350 2982 2430 vide‘icet,
3015 2358 3074 2411 et
3098 2370 3228 2432 qnze
3259 2371 3291 2413 a
3323 2352 3542 2415 Judaeis
3572 2357 3721 2419 ol't‘e-

2078 2446 2310 2499 runtur.
2346 2438 2528 2501 Vides
2571 2439 2729 2519 quod
2776 2448 2913 2499 ante
2944 2439 3160 2502 Christi
3190 2440 3542 2505 descensum
3584 2445 3725 2507 odio

2082 2526 2448 2589 haberentur
2478 2529 2798 2590 sacriﬁcia?
2828 2555 2850 2582 α
2878 2526 2953 2591 Ut
2985 2530 3218 2604 faciam,
3255 2530 3432 2608 Deus,
3451 2532 3723 2596 volunta-

2084 2624 2202 2678 tem
2235 2625 2418 2679 tuam.
2460 2644 2483 2673 ι»
2514 2617 2663 2689 Quid
2712 2617 2903 2696 ergo?
2954 2616 3258 2681 Sacriﬁcia
3307 2621 3476 2700 juxta
3532 2624 3721 2703 legem

2081 2724 2203 2767 non
2234 2714 2403 2767 erant
2432 2725 2501 2767 ex
2546 2706 2652 2767 Dei
2701 2706 3040 2768 voluntate?
3097 2711 3277 2771 Erant
3319 2711 3585 2793 quidem,
3619 2713 3719 2774 sed

2082 2795 2260 2857 veluti
2289 2804 2508 2859 coacle.
2546 2796 2977 2876 Propemodum
3010 2797 3169 2858 enim
3203 2798 3350 2862 dixit
3381 2798 3500 2863 illis
3535 2820 3548 2864 :
3580 2802 3722 2865 Mihi

2080 2882 2139 2944 in
2173 2884 2510 2963 universum
2576 2884 3042 2961 sanguinolenta:
3082 2887 3334 2949 victimae
3373 2906 3480 2950 suo
3510 2906 3725 2952 cruore

2078 2972 2489 3035 abominandae
2512 2983 2647 3035 sunt
2672 2974 2807 3036 :sed
2841 2975 3118 3055 quoniam
3149 2977 3459 3040 immolare
3480 2979 3717 3059 cupitis,

342 3071 504 3129 στῶς.
555 3065 729 3123 Μόνον
755 3066 854 3145 γὰρ
897 3064 956 3121 οῦ
1008 3072 1164 3123 τοῦτο
1206 3065 1360 3123 εἶπεν
1405 3065 1610 3131 αῦτοτς,
1645 3065 1725 3122 ὅτι
1758 3065 1994 3125 Καθόλου

2081 3062 2224 3123 mihi
2256 3081 2399 3123 sane
2433 3071 2490 3125 et
2522 3081 2636 3124 non
2666 3063 2844 3125 idolis
2879 3063 3217 3128 immolata:
3252 3066 3407 3146 quod
3442 3086 3561 3129 non
3599 3076 3725 3131 erat

341 3154 439 3229 μὲν
466 3157 518 3210 αἱ
551 3153 723 3212 ἓνυλοι
778 3154 944 3212 θυσίαι
1003 3154 1120 3231 ἐμοὶ
1175 3162 1253 3229 τῷ
1295 3153 1459 3229 ἆῦλῳ,
1506 3152 1781 3232 βδελυκταί
1837 3157 1989 3218 εἰσιν,

2081 3170 2238 3232 pura:
2287 3171 2354 3213 ac
2402 3152 2696 3232 primariae
2739 3153 3069 3215 voluntatis.
3136 3175 3159 3210 α
3216 3152 3394 3217 Tollit
3450 3158 3639 3237 prius.
3694 3183 3721 3214 ι

340 3239 494 3299 Ἀλλ’
558 3242 739 3311 ἐπειδὴ
797 3242 1101 3319 ἐπιθυμεῖτε
1157 3245 1317 3318 θύειν,
1394 3243 1551 3322 ἐμοὶ]
1580 3251 1704 3323 γοῦν
1756 3246 1843 3302 καὶ
1913 3246 1991 3321 μὴ

338 3346 460 3397 τοϊς
498 3330 731 3397 εἰδώλοις
758 3335 928 3409 θύετε,
976 3332 1105 3412 ὅπερ
1161 3338 1255 3392 οὐκ
1305 3332 1371 3401 ἧν
1427 3337 1653 3413 καθαροῦ
1695 3336 1783 3391 καὶ
1835 3356 1989 3415 πρω-

340 3422 568 3480 τοτύπου
597 3421 920 3498 θελήματος.
973 3446 1001 3478 α
1063 3422 1301 3503 Ἀναιρεϊ
1356 3425 1418 3479 τὸ
1473 3428 1707 3500 πρῶτον,
1753 3442 1783 3482 )
1832 3424 2000 3487 Ποῖόν

346 3511 457 3568 ἐστι
498 3514 560 3568 τὸ
616 3518 871 3592 πρῶτον;
924 3515 987 3569 Αἱ
1040 3512 1233 3571 θυσίαι.
1294 3519 1462 3569 Ποῖον
1517 3509 1570 3565 δὲ
1602 3513 1663 3568 τὸ
1711 3510 1999 3593 δεύτερονς

349 3592 408 3659 (Ο
441 3602 686 3681 σταυρός.
716 3605 777 3659 Αἱ
809 3601 978 3658 θυσίαι
1036 3602 1124 3659 οῦν
1182 3598 1550 3675 ἐκϐάλλονται,
1605 3605 1693 3659 καὶ
1748 3604 1776 3658 ὁ
1835 3592 2002 3659 σταυὲ

345 3691 456 3769 ρὸς,
504 3689 797 3763 τουτέστιν,
866 3691 904 3759 ἡ
962 3697 1055 3747 τοῦ
1114 3697 1338 3770 Χριστοῦ
1386 3690 1552 3770 θυσία,
1611 3691 1998 3769 ἀντεισάγεται.

353 3803 380 3835 ι
444 3778 534 3838 Ἐν
588 3783 634 3855 ᾧ
673 3779 930 3855 θελήματι
980 3781 1297 3860 ἡγιασμένοι
1354 3780 1536 3857 ἐσμέν.
1587 3806 1616 3837 ι
1682 3780 1761 3838 Δι’
1816 3784 1877 3839 οὗ
1921 3785 2003 3838 θε-

348 3868 614 3943 λήματος,
700 3870 879 3948 φησὶν,
965 3869 1281 3948 ἡγιασμένοι
1364 3870 1503 3930 ἐστέ.
1566 3872 1723 3928 Ποίου
1778 3871 1997 3950 τούτου,

348 3958 452 4016 Τοῦ
534 3957 779 4036 σταυροῦ,
861 3962 963 4024 τῆς
1048 3965 1348 4039 προσφορᾶς
1432 3966 1523 4016 τοῦ
1607 3957 1855 4036 σώματος
1907 3967 1999 4015 τοῦ

348 4053 595 4125 Χριστοῦ.
629 4050 702 4105 Οῦ
758 4046 856 4126 γὰρ
908 4046 1075 4123 μόνον
1131 4046 1367 4126 ἀφέσεως
1417 4050 1812 4129 τετυχήκαμεν,
1866 4046 2000 4103 ἀλλὰ

347 4136 434 4191 καὶ
477 4136 829 4213 ἡγιάσθημεν.
896 4155 920 4191 α
985 4137 1045 4192 Οἱ
1101 4132 1186 4191 διὰ
1234 4137 1332 4202 τῆς
1361 4143 1660 4217 προσφορᾶς
1688 4142 1781 4194 τοῦ
1808 4135 1999 4211 σώμα-

346 4245 436 4287 τος
481 4223 663 4291 Ἰησοῦ
723 4230 967 4303 Χριστοῦ.
1009 4246 1037 4278 ι
1073 4221 1205 4281 Ἰδοὺ
1259 4225 1585 4304 ἡρμήνευσε,
1640 4227 1690 4281 τί
1744 4223 1884 4281 ἐστιν
1940 4226 2001 4281 τὸ

347 4312 558 4389 θέλημα
623 4314 720 4372 τοῦ
788 4311 994 4392 Πατρός
1029 4332 1044 4349 ·
1112 4315 1146 4382 ἡ
1226 4315 1497 4394 προσφορὰ
1578 4320 1671 4371 τοῦ
1754 4314 2000 4389 σώματος

2074 3239 2380 3312 Quodnam
2416 3250 2502 3302 est
2556 3241 2758 3320 prius?
2808 3241 3127 3305 Sacriﬁcia.
3184 3241 3491 3315 Quodnam
3529 3254 3725 3309 autem

2075 3337 2164 3390 est
2194 3327 2535 3409 posterius?
2569 3328 2721 3390 Crux
2780 3337 2836 3391 et
2896 3349 3055 3391 mors
3098 3328 3334 3393 Christi.
3385 3333 3721 3412 Ejiciuntur

2084 3416 2285 3497 itaque
2316 3418 2611 3479 sacriﬁcia
2638 3427 2744 3479 :-et
2774 3437 2939 3497 crux,
2983 3418 3095 3479 hoc
3136 3428 3225 3480 est
3255 3418 3469 3483 Christi
3502 3424 3724 3484 sacriﬁ-

2084 3505 2263 3575 cium,
2285 3524 2488 3566 earum
2524 3508 2648 3566 loco
2681 3505 3096 3569 introducitur.
3136 3531 3161 3562 α
3196 3505 3308 3568 Per
3338 3527 3511 3589 quam
3528 3512 3728 3573 volun-

2087 3604 2262 3657 tatem
2296 3594 2643 3656 sanctiﬁcali
2672 3614 2899 3657 sumus.
2937 3621 2962 3651 ι)
2993 3595 3104 3656 Per
3134 3615 3332 3677 quam,
3364 3598 3580 3677 inquit,
3617 3621 3725 3662 v0-

2084 3684 2367 3746 luntatem
2388 3683 2730 3745 sanctiﬁcati
2761 3684 2925 3748 estis.
2943 3682 3224 3757 Quaenam
3245 3695 3333 3747 est
3356 3686 3520 3751 haec?
3543 3691 3724 3768 Crux,

2083 3772 2323 3848 oblatio,
2360 3790 2575 3852 corpus
2614 3773 3069 3855 Christi.Neque
3102 3774 3259 3835 enim
3311 3777 3724 3841 remissionem

2085 3870 2310 3923 tantum
2345 3862 2648 3923 consecuti
2678 3864 3014 3939 sumus,sed
3040 3865 3461 3928 etsanctiﬂcati
3494 3887 3724 3930 sumus.

2089 3977 2116 4008 α
2154 3951 2262 4023 Qui
2302 3951 2463 4012 illam
2497 3968 2600 4031 per
2622 3950 2981 4013 oblationem
3000 3952 3417 4033 corporisJesu
3441 3954 3721 4021 Christi.»

2084 4045 2242 4103 Ecce
2290 4040 3097 4122 interprt-tatusestquzenam
3131 4043 3486 4106 sitvoluntas
3520 4046 3725 4122 Patris,

2084 4146 2302 4207 nempe
2320 4130 2541 4190 oblatio
2570 4129 2835 4210 corporis
2855 4129 3092 4192 Christi.
3130 4130 3271 4193 Cum
3300 4132 3457 4193 enim
3484 4133 3544 4194 in
3579 4154 3727 4215 prae~

2083 4218 2431 4281 cedentibus
2485 4227 2544 4280 et
2592 4217 2979 4299 sequentibus
3028 4219 3102 4281 de
3158 4219 3455 4283 voluntate
3485 4223 3725 4302 dixerit,

2084 4314 2521 4388 consequenter
2551 4308 2843 4388 expressit
2878 4326 3010 4388 quae
3038 4307 3115 4370 sit
3143 4309 3431 4370 voluntas.
3468 4336 3494 4366 α
3530 4310 3730 4375 Semel

348 4409 443 4459 τοῦ
486 4406 740 4481 Χριστοῦ.
790 4389 1009 4468 Ἐπειδὴ
1068 4401 1167 4480 γὰρ
1236 4389 1347 4458 ἅνω
1379 4389 1490 4458 καὶ
1545 4403 1692 4459 κάτω
1732 4402 1850 4481 περὶ
1910 4404 1997 4459 θε-

2084 4406 2402 4478 peractam.
2442 4419 2461 4453 ι
2498 4393 2623 4457 Hoc
2653 4404 2763 4471 est,
2799 4416 2916 4457 non
2956 4397 3016 4459 in
3050 4397 3289 4458 modum
3346 4399 3729 4463 Judaicorum

350 4490 595 4568 λήματος
652 4487 855 4569 ἔλεγεν,
914 4489 1040 4546 εἷπε
1093 4488 1305 4565 λοιπὸν,
1376 4489 1428 4546 τί
1494 4488 1604 4546 ἐστι
1653 4491 1716 4547 τὸ
1767 4488 1996 4565 θέλημα.

2081 4486 2533 4560 sacriﬁciorum,
2567 4485 2672 4546 sed
2722 4488 2908 4547 semel
2950 4485 3011 4547 id
3062 4486 3276 4546 factum
3321 4495 3433 4549 est.
3477 4513 3498 4543 ι
3527 4490 3728 4552 Semel

360 4601 390 4638 ε
450 4577 713 4660 Ἐφάπαξ,
764 4600 790 4637 ι
850 4579 1005 4660 φησὶ,
1063 4578 1355 4659 τουτέστιν,
1401 4582 1462 4638 οῦ
1514 4580 1648 4636 κατὰ
1671 4580 1763 4637 τὸν
1806 4580 1997 4659 τρόπον

2084 4583 2407 4656 peractam.
2449 4599 2472 4632 ε
2535 4571 2646 4645 Qui
2696 4573 2855 4634 illam
2916 4593 3023 4655 per
3062 4573 3422 4637 oblationem
3459 4579 3729 4659 corporis

353 4676 460 4727 τῶν
488 4665 792 4726 Ἰουδαϊκῶν
820 4672 1033 4742 θυσιῶν,
1091 4664 1209 4724 ἀλλ’
1265 4666 1489 4749 ἐφάπαξ.
1530 4687 1554 4722 ι
1591 4666 1710 4749 Ἐφ,
1768 4665 1930 4733 ἅπαξ.
1968 4690 1997 4724 ι

2084 4665 2223 4728 Jesu
2299 4662 2517 4727 Christi
2589 4664 2777 4724 semel
2864 4671 3160 4744 peractam
3234 4664 3538 4727 consecuti
3621 4685 3727 4729 su-

354 4760 416 4816 Oi
469 4755 554 4814 διᾶ
605 4761 706 4825 τῆς
749 4755 952 4838 ἐφάπαξ
1011 4763 1311 4839 προσφορᾶς
1381 4762 1475 4814 τοῦ
1529 4756 1775 4832 σώματος
1828 4757 2005 4825 Ἰησοῦ
2087 4770 2239 4818 mus.

356 4854 601 4909 Χριστοῦ.

404 4869 623 4994 ρζπέαὶ
672 4940 775 4999 πᾶς
834 4935 932 5011 μὲν
974 4937 1137 5016 ἱερεὺς
1195 4934 1387 5003 ἔστηκε
1444 4932 1559 4992 καθ’
1613 4934 1817 5015 ἡμέραν
1886 4934 2004 4992 λει-

352 5029 587 5104 τουργῶν
692 5026 781 5082 καὶ
884 5026 979 5090 τὰς
1084 5026 1243 5090 αὐτὰς
1344 5022 1605 5087 πολλάκις
1701 5024 2007 5106 προσφέρων

354 5115 556 5187 θυσίας,
696 5113 898 5178 α’ίτινες
1020 5112 1268 5173 οὐδέποτε
1397 5110 1634 5172 δύνανται
1745 5111 2009 5194 περιελεῖν

358 5202 642 5283 ἁμαρτίας.
719 5204 885 5267 Αὐτὸς
953 5201 1009 5259 δὲ
1090 5205 1213 5267 μίαν
1292 5202 1422 5283 ὑπὲρ
1491 5202 1760 5283 ἁμαρτιῶν
1840 5224 1997 5283 προσ-

2089 5206 2249 5261 cata.
2282 5195 2401 5259 Hic
2428 5213 2565 5258 vero
2585 5213 2709 5257 una
2729 5196 2867 5257 595
2883 5215 2996 5278 pro
3036 5202 3289 5278 peccatis
3324 5201 3529 5263 oblata
3562 5204 3734 5266 victi-

356 5289 573 5371 ενέγκας
675 5293 874 5367 θυσίαν,
980 5294 1053 5356 εἷς
1152 5293 1214 5349 τὸ
1314 5290 1552 5360 διηνεκὲς
1635 5291 1870 5349 ἐκάθισεν
1953 5292 1997 5348 ἐι

2088 5305 2210 5363 ma,
2232 5291 2520 5366 perpetuo
2544 5284 2703 5346 sedet
2732 5285 2812 5347 ad
2840 5285 3155 5350 dexteram
3188 5288 3319 5365 Dei,
3355 5290 3419 5352 id
3448 5291 3608 5371 quod
3636 5310 3732 5355 su-

358 5377 499 5453 δεξιᾷ
597 5380 690 5438 τοῦ
772 5387 925 5462 Θεοῦ,
1010 5383 1073 5438 τὸ
1183 5379 1371 5439 λοιπὸν
1454 5379 1819 5462 ἐνδεχόμενος,
1906 5380 1997 5446 ἕως

2081 5382 2305 5463 perest
2323 5379 2673 5463 exspectans
2700 5374 2886 5437 donec
2909 5377 3090 5456 positi
3115 5378 3237 5441 sint
3266 5379 3502 5442 inimici
3535 5382 3732 5463 ipsius

359 5471 576 5528 τεθῶσιν
653 5473 701 5527 0i
781 5470 962 5551 ἐχθροὶ
1044 5472 1200 5529 αὐτοῦ
1279 5461 1578 5529 ὑποπόδιον
1642 5476 1748 5527 τῶν
1833 5468 1997 5529 ποδῶι

2087 5461 2411 5531 scabelium
2436 5462 2659 5543 pedum
2687 5479 2957 5529 suorum.
3004 5463 3192 5529 Unica
3242 5470 3404 5531 enim
3434 5461 3737 5539 oblatione

2170 4928 2243 5010 X,
2287 4930 2481 4991 tt-t8.
2533 4929 2613 4992 Et
2659 4930 2852 4991 omnis
2900 4930 3142 5009 quidem
3183 4935 3465 4997 sacerdos
3500 4935 3730 5001 assistit

2091 5018 2360 5100 quotidie
2396 5034 2573 5081 sacra
2614 5034 2933 5099 peragens,
2970 5026 3029 5080 et
3077 5021 3313 5084 easdem
3339 5025 3559 5104 sapius
3583 5025 3730 5106 olfe-

2092 5125 2233 5171 rens
2263 5109 2517 5181 hostias,
2558 5124 2691 5186 quae
2720 5125 3035 5187 nunquam
3073 5114 3302 5189 possint
3330 5114 3572 5189 auferre
3592 5131 3732 5194 pec-

437 5639 501 5690 50
533 5639 679 5702 Luc.
713 5656 752 5716 ι,
785 5640 885 5703 35.
968 5640 1024 5693 54
1055 5638 1227 5704 Joan.
1261 5656 1345 5717 vr,
1376 5638 1476 5704 38.
1558 5638 1622 5692 53
1650 5641 1821 5704 Joan.
1851 5655 2020 5717 xviii,
2051 5640 2111 5702 9.
2195 5634 2259 5686 ⁵³
2290 5632 2405 5697 lsa.
2436 5648 2564 5709 VIII,
2601 5635 2659 5696 1ο
