4180 6212
444 264 569 373 391
1573 303 1988 371 (ECUMENII
2034 298 2331 371 παραλίης
2356 297 2705 371 .EPISGOPI
3712 300 3837 371 392

438 444 735 524 perfectos
748 443 949 524 eﬁ’ecit
963 442 1033 506 in
1053 449 1421 525 perpetuum
1453 459 1549 504 eos
1568 441 1676 522 qui
1704 439 2073 520 sanctiﬁcan‘

2177 437 2354 525 αὐτοῦ.
2447 442 2553 509 Hui
2637 437 2737 515 γὰρ
2820 443 3090 518 προσφορᾷ
3186 435 3530 495 τετελείωκεν
3608 441 3689 504 εἰς
3770 440 3833 496 τὸ

446 522 569 596 tur.
581 531 630 595 T
627 522 967 612 esliﬁ'catur
995 522 1194 595 autem
1226 531 1394 595 nobis
1425 537 1482 593 et
1513 534 1642 611 ipse
1663 532 1918 611 spiritus
1937 545 2073 591 san-

2172 522 2410 592 διηνεκὲς
2506 526 2629 590 τοὺς
2710 525 3116 604 ἁγιαζομένους.
3206 533 3481 608 Μαρτυρεῖ
3564 526 3619 586 δὲ
3701 529 3830 605 ὑμῖν

443 630 600 702 ctus,
649 623 944 684 nimirum
984 638 1117 683 cum
1165 621 1561 701 prwdixerit:
1606 621 1723 681 Hoc
1768 625 1853 682 est
1904 625 2073 681 testa-

2172 615 2260 670 καὶ
2341 614 2400 670 τὸ
2484 620 2697 690 Πνεῦμα
2778 617 2839 672 τὸ
2924 614 3100 694 ἅγιον,
3188 618 3334 677 Μετὰ
3419 618 3519 697 γὰρ
3574 620 3636 674 τὸ
3691 639 3829 697 προ-

440 701 710 773 meutum
739 710 899 791 quod
929 710 1187 772 condam
1234 726 1385 791 erga
1417 707 1558 771 illos
1604 717 1739 789 post
1769 708 1895 771 dies
1926 707 2073 770 illos.

2182 702 2471 782 ειρηκέναι,
2539 701 2680 771 Αὕτη
2735 706 2770 773 ἡ
2845 702 3071 775 διαθήκη
3156 704 3222 771 ἣν
3299 704 3616 783 διαθήσομαι
3698 707 3829 788 πρὸς

440 800 584 863 dicit
615 799 925 880 Dominus,
956 798 1112 861 dans
1139 800 1295 878 leges
1325 816 1490 889 meas
1524 805 1586 861 in
1633 799 1811 861 corde
1863 796 2073 860 eorum

2183 792 2389 868 αὐτοὺς,
2448 793 2585 868 μετὰ
2647 793 2743 858 τὰς
2816 793 3017 873 ἡμέρας
3093 793 3317 876 ἐκείνας,
3401 794 3546 874 λέγει
3620 797 3826 876 Κύριος,

445 892 598 951 etin
628 878 925 950 mentibus
970 888 1239 966 ipsorum
1270 886 1599 950 inscribam
1625 906 1728 950 eas
1763 905 1774 945 :
1811 893 1870 949 et
1889 903 2069 966 pecca

2181 878 2347 946 διδοὺς
2400 882 2590 956 νόμους
2664 904 2767 957 μου
2847 882 2933 939 ἐπὶ
2996 880 3207 962 καρδίας
3297 885 3492 964 αὐτῶν,
3576 887 3662 943 καὶ
3745 884 3829 941 ἐπὶ

444 985 642 1040 torum
687 994 899 1039 eorum
949 984 1130 1057 atque
1194 977 1594 1057 iniquitalum
1655 980 1923 1058 ipsorum
1976 994 2073 1037 non

2173 976 2286 1025 τῶν
2366 968 2607 1028 διανοιῶν
2688 970 2858 1029 αὖτῶν
2940 971 3219 1052 ἐπιγράψω
3299 974 3513 1053 αὐτοὺς,
3584 975 3670 1031 καὶ
3721 979 3828 1033 τῶν

2172 1061 2440 1139 ἁμαρτιῶν
2470 1063 2661 1131 αὐτῶν,
2692 1061 2780 1116 καὶ
2808 1067 2913 1118 τῶν
2943 1060 3179 1137 ἀνομιῶν
3207 1063 3378 1118 αὐτῶν
3410 1067 3469 1122 οὐ
3498 1063 3576 1138 μὴ
3609 1067 3825 1138 μνησθῶ

442 1065 811 1129 recordabar
848 1068 1135 1146 amplius.
1190 1068 1384 1128 Porro
1433 1067 1545 1129 ubi
1599 1067 1817 1128 horum
1867 1072 1953 1127 est
1984 1062 2111 1135 res

443 1156 722 1234 misssio,
793 1172 918 1216 non
974 1162 1061 1216 est
1135 1155 1403 1234 amplius
1478 1155 1702 1217 oblatio
1774 1172 1884 1234 pro
1944 1171 2086 1234 pec-

440 1253 592 1307 οαιο.

525 1361 551 1391 α
586 1335 655 1397 Ει
691 1334 885 1396 omnis
912 1334 1148 1415 quidem
1182 1336 1463 1396 sacerdos
1492 1334 1771 1398 assistit.»
1806 1337 1962 1398 Sane
1982 1354 2084 1397 as—

439 1424 653 1487 sistere
687 1430 745 1485 et
776 1433 969 1485 astare
1023 1422 1335 1485 ministerii
1392 1433 1482 1485 est
1540 1424 1772 1504 signum
1822 1424 2085 1486 :sedere

434 1531 580 1574 vero
611 1511 1115 1593 quemadmodum
1146 1510 1417 1575 Christus
1462 1513 1611 1575 sedit
1664 1513 1739 1574 ad
1772 1513 2080 1575 dexteram

434 1600 651 1677 Patris,
703 1602 939 1679 signum
970 1608 1059 1662 est
1088 1600 1243 1682 quod
1277 1600 1391 1662 sibi
1426 1601 1818 1677 ministretur,
1871 1612 1934 1663 ut
1981 1602 2081 1683 qui

435 1689 593 1751 Deus
624 1690 725 1751 sit.
757 1713 781 1746 ιι
815 1688 1088 1761 Quotidie
1119 1708 1290 1751 sacra
1324 1707 1634 1770 peragens,
1670 1699 1727 1752 et
1761 1691 2023 1753 easdem.
2050 1717 2076 1748 ιι

2170 1147 2269 1210 ἔτι.
2320 1139 2499 1207 ’Όπου
2555 1146 2610 1205 δὲ
2669 1147 2852 1229 ἄφεσις
2881 1150 3106 1231 τούτων,
3138 1154 3236 1212 οὒκ
3277 1148 3354 1207 ἔτι
3396 1153 3674 1233 προσφορὰ
3704 1153 3824 1231 περὶ

2168 1238 2425 1316 ἁμαρτίας
2436 1286 2450 1300 .
2489 1262 2512 1296 ο
2998 1306 3003 1311 ι

2250 1344 2281 1387 (
2315 1328 2413 1384 Καὶ
2440 1332 2544 1392 πᾶς
2574 1329 2673 1405 μὲν
2721 1329 2884 1409 ἱερεὺς
2931 1327 3147 1397 ἕστηκε.
3198 1350 3226 1383 n
3291 1318 3457 1408 ”Αρα·
3495 1330 3557 1386 τὸ
3582 1329 3821 1406 ἑστάναι,

2167 1416 2396 1491 σημεῖόν
2457 1416 2567 1473 ἐστι
2645 1427 2737 1477 τοῦ
2820 1418 3169 1497 λειτουργεῖν.
3245 1418 3317 1475 Τὸ
3399 1415 3455 1474 δὲ
3537 1422 3837 1495 καθῆσθαι,’

2166 1502 2343 1583 ὥσπερ
2412 1507 2440 1562 ὁ
2517 1509 2741 1585 Χριστὸς
2823 1506 3062 1563 ἐκάθισεν
3117 1507 3172 1563 ἐν
3242 1503 3382 1578 δεξιᾷ
3437 1514 3530 1564 τοῦ
3587 1509 3817 1588 Πατρδς,

2167 1594 2395 1669 σημεῖόν
2448 1594 2560 1651 ἐστι
2618 1606 2712 1656 τοῦ
2766 1595 3216 1676 λειτουργεϊσθαι,
3298 1600 3391 1652 οἶα
3456 1600 3589 1655 Θεὸν
3670 1599 3829 1659 ὅνταί

2171 1705 2198 1736 α
2249 1681 2374 1740 Καθ’
2417 1682 2619 1762 ἡμέραν
2661 1683 3000 1764 λειτουργῶν.
3054 1708 3079 1744 ο
3119 1685 3324 1762 ίΦδὶτιί
3359 1686 3462 1749 Τὰς
3496 1686 3682 1767 αὐτὰς,
3716 1710 3818 1767 φη-

436 1779 1088 1860 Easdem,inquit,quia
1107 1796 1212 1860 pro
1237 1779 1463 1842 eisdem
1484 1798 1726 1861 semper
1747 1779 2073 1842 offereban-

2169 1771 2270 1845 σὶν,
2353 1770 2434 1828 ὅτι
2503 1773 2631 1852 ὑπὲρ
2688 1779 2795 1831 τῶν
2878 1774 3049 1830 αὖτῶν
3120 1772 3504 1853 προσεφέροντο
3562 1775 3663 1855 ἀεὶ,
3738 1776 3817 1852 μὴ

440 1876 558 1944 tur,
594 1887 730 1930 cum
784 1886 899 1929 non
946 1876 1187 1948 possent
1228 1870 1314 1931 vel
1368 1869 1679 1950 prasteritaz
1700 1869 1789 1932 vel
1815 1888 2080 1950 prassen-

444 1967 532 2019 tes
551 1958 802 2019 victimae
824 1965 881 2019 et
903 1956 1257 2031 oblationes,
1279 1959 1366 2019 vel
1401 1977 1581 2019 unum
1609 1969 1913 2035 peccatum
1940 1977 2086 2038 pure

439 2064 509 2107 ac
536 2044 762 2121 integre
784 2045 1194 2108 aulerre.«Hic
1225 2065 1428 2119 vero,»
1466 2047 1734 2110 Christus
1783 2048 2084 2113 videlicet.

443 2155 466 2192 ι
493 2137 607 2197 Pro
641 2135 927 2214 peccatis,
965 2160 991 2191 »
1024 2135 1263 2210 nostris,
1318 2156 1423 2217 pro
1463 2135 1679 2217 quibus
1732 2155 1939 2217 passus
1969 2145 2078 2199 est.

435 2246 465 2284 ε
488 2225 806 2305 Perpetuo.
836 2249 857 2281 ιο
897 2224 1044 2287 Cum
1076 2243 1192 2286 una
1222 2233 1508 2306 perpetuo
1538 2225 1808 2287 sufficiat.
1852 2250 1876 2281 ι
1914 2225 2079 2299 Quod

434 2321 708 2391 superest
739 2320 1145 2392 exspectans.-
1183 2317 1254 2376 Et
1282 2332 1465 2394 quare
1518 2333 1634 2375 non
1678 2315 1870 2376 statim
1904 2315 2080 2395 positi

432 2408 570 2462 sunt
601 2398 826 2460 inimici
848 2399 982 2479 ejus
1011 2400 1121 2463 sub
1149 2401 1404 2478 pedibus
1433 2402 1671 2483 ipsius?
1702 2405 1952 2481 Prdpter
1978 2404 2075 2465 fu-

437 2497 599 2550 turos
626 2508 694 2550 ac
725 2488 1058 2550 nascituros
1082 2489 1525 2573 ﬁdeles.Neque
1543 2491 1700 2554 enim
1727 2492 1840 2554 soli
1863 2493 2079 2554 deamo.-

435 2596 541 2638 nes
562 2577 788 2639 inimici
811 2578 1082 2657 sunt,sed
1103 2578 1279 2640 etiam
1311 2580 1873 2644 increduli.«Donec
1901 2581 2076 2662 positi

435 2665 555 2726 sint
589 2692 610 2723 ι
636 2663 764 2727 Non
791 2664 1381 2747 ilixit,Subjiciantur
1408 2689 1420 2729 :
1443 2669 1546 2730 sed
1574 2670 1885 2730 maximam
1906 2670 2075 2731 desi—

432 2773 620 2834 gnans
650 2754 1111 2836 subiectionem,
1135 2756 1249 2818 ait:
1285 2758 1460 2819 Positi
1483 2758 1948 2821 sintscabellum
1984 2779 2082 2839 pe-

431 2845 571 2905 dum
602 2862 868 2908 suorum.
902 2842 1067 2917 Quod
1114 2853 1310 2908 autem
1365 2846 1475 2928 ipsi
1524 2856 1815 2927 ponantur
1845 2847 2076 2910 scabel-

431 2932 577 3007 lum,
632 2933 876 2994 evidens
927 2932 1194 3014 probatio
1244 2944 1351 3006 est,
1406 2937 1560 3016 quod
1615 2940 1740 3016 ipse
1773 2936 1977 2998 sedeat
2005 2937 2075 2998 ad

2166 1859 2462 1938 ἷσχυουσῶν
2533 1864 2636 1917 τῶν
2705 1868 2994 1941 γεγονυιῶν
3091 1864 3178 1919 καὶ
3252 1861 3542 1941 γινομένων
3626 1866 3815 1922 θυσιῶν

2169 1948 2256 2002 καὶ
2324 1955 2632 2029 προσφορῶν
2717 1949 2983 2027 μηδεμιαν
3056 1952 3314 2030 ἁμαρτίαν
3400 1952 3639 2030 καθαρῶς
3721 1976 3820 2010 πε-

2169 2034 2365 2115 ριελεῖν
2405 2039 2494 2094 καὶ
2547 2036 2875 2121 ὁλοκλήρως.
2939 2059 2971 2097 σ
3031 2042 3197 2104 Αὐτὸς
3238 2037 3293 2096 δὲ
3339 2030 3460 2115 μίαν
3498 2058 3512 2071 ·
3544 2060 3575 2101 »
3624 2044 3652 2097 ὁ
3683 2049 3816 2121 Χρι-

2170 2126 2292 2188 στὸς
2318 2123 2584 2192 δηλονότι.
2624 2149 2652 2182 α
2696 2118 2852 2207 ’Υπὲρ
2901 2129 3193 2208 ἁμαρτιῶν,
3256 2152 3284 2184 ι
3346 2135 3462 2186 Τῶν
3516 2118 3811 2210 ἡμετέρῶν,

2164 2215 2291 2293 ὑπὲρ
2319 2217 2394 2271 ῶν
2422 2214 2696 2274 πέπονθεν.
2738 2238 2765 2271 α
2814 2219 2900 2282 Εἰς
2943 2220 3005 2274 τὸ
3046 2215 3304 2285 διηνεκές.
3362 2240 3383 2273 ι
3447 2219 3603 2294 Μίαν,
3649 2222 3722 2284 εἰς
3751 2223 3813 2277 τὸ

2163 2300 2399 2371 διηνεκὲς
2428 2305 2678 2367 ἀκοῦσαν.
2738 2326 2762 2361 α
2826 2309 2897 2365 Τὸ
2953 2306 3140 2363 λοιπὸν
3184 2306 3564 2387 ἐκδεχόμενος.
3626 2333 3648 2368 ι
3717 2312 3814 2369 Καὶ

2160 2392 2297 2456 τίνος
2367 2391 2541 2450 ἕνεκεν
2613 2396 2706 2451 οὐκ
2775 2394 2960 2461 εὐθέως
3016 2396 3267 2463 ἐτέθησαν
3329 2396 3429 2452 ὑπὸ
3471 2397 3592 2462 τοὺς
3648 2397 3813 2463 πόδας

2160 2485 2317 2539 αὐτοῦ
2386 2486 2433 2539 οἱ
2488 2482 2665 2563 ἐχθροὶ
2723 2488 2931 2565 αὐτοῦ,
2995 2486 3093 2541 Δια
3162 2486 3283 2550 τοὺς
3363 2483 3654 2560 μέλλοντας
3733 2494 3815 2566 γί-

2159 2575 2333 2628 νεσθαι
2401 2574 2489 2629 καὶ
2555 2575 2816 2630 τίκτεσθαι
2898 2576 3141 2639 πιστούς.
3235 2577 3309 2633 Οὐ
3390 2577 3489 2654 γὰρ
3572 2572 3812 2652 δαίμονες

2161 2660 2319 2735 μόνον
2350 2664 2475 2718 εἰσὶν
2519 2662 2720 2742 ἐχθροὶ,
2754 2662 2890 2719 ἀλλὰ
2930 2666 3018 2720 καὶ
3059 2662 3297 2726 ἄπιστοι.
3349 2686 3377 2721 α
3443 2657 3594 2730 (Ἕως
3649 2670 3806 2722 τεθῶ-

2161 2772 2264 2812 σιν.
2312 2770 2342 2811 )
2405 2756 2513 2811 Οὐκ
2566 2753 2719 2809 εἶπεν
2795 2743 3179 2833 ιΥποταγῶσιν,
3254 2752 3392 2811 ἀλλὰ
3444 2755 3506 2811 τὸ
3560 2753 3810 2833 μέγιστον

2159 2844 2257 2905 τῆς
2300 2841 2571 2919 ὑποταγῆς
2617 2844 2915 2917 σημαίνων,
2982 2846 3233 2917 Τεθῶσιν,
3292 2845 3470 2924 εἶπεν,
3527 2842 3809 2901 ὑποπόδιον

2161 2928 2264 2984 τῶν
2320 2926 2494 2985 ποδῶν
2564 2932 2740 2990 αὐτοῦ.
2800 2938 2900 2989 Τοῦ
2952 2929 3007 2987 δὲ
3064 2934 3275 2998 τεθῆναι
3345 2933 3530 2996 αὐτοὺς
3594 2934 3805 2989 ὑποπό-

431 3021 732 3083 dexteram
765 3021 974 3084 Patris.
1006 3046 1027 3079 ι
1069 3021 1256 3086 Unica
1285 3014 1443 3085 enim
1477 3014 1799 3096 oblatione,
1842 3052 1864 3084 ι)
1902 3045 2073 3106 quam

2161 3014 2291 3091 διον,
2366 3016 2626 3085 ἀπόδειξις
2692 3022 2755 3076 τὸ
2839 3023 3094 3086 καθῆσθαι
3172 3019 3330 3076 αὐτὸν
3398 3020 3452 3076 ἐν
3524 3018 3663 3094 δεξιᾷ
3715 3028 3806 3078 τοῦ

431 3109 643 3172 obtulit.
675 3110 965 3186 Christus,
1013 3113 1261 3193 perfecit
1289 3113 1413 3176 sive
1454 3115 1746 3196 perfectos
1788 3114 2071 3193 reddidit,

428 3200 690 3279 perfecte
713 3218 747 3260 a
779 3200 1034 3281 peccatis
1060 3201 1356 3267 liberavit.
1396 3202 1543 3265 «Eos
1572 3203 1673 3282 qui
1691 3204 2074 3266 sanctiﬁcan-

432 3294 567 3350 tur:
605 3313 628 3346 ο
667 3288 779 3351 hoc
810 3298 921 3366 est,
954 3289 1199 3354 fideles:
1236 3311 1374 3355 nam
1405 3292 1466 3353 hi
1499 3311 1567 3354 ex
1598 3292 1756 3355 dicta
1780 3291 2077 3355 oblatione

429 3376 893 3439 sanctificantur.
937 3402 958 3430 οι
1003 3378 1376 3444 Testiﬁcatur
1412 3390 1609 3443 autem
1658 3380 1830 3443 nobis
1860 3390 1918 3442 et
1947 3381 2074 3461 ipse

425 3462 682 3544 Spiritus
711 3474 1011 3528 sanctus.»
1040 3467 1190 3541 Quid
1217 3470 1562 3532 testiﬁcatur
1586 3469 1611 3533 ?
1634 3469 1802 3542 Quod
1822 3470 2076 3532 remissa

426 3553 545 3614 sint
569 3563 767 3616 nostra
797 3557 1178 3635 peccata.«Et
1191 3568 1570 3639 peccatorum
1596 3577 1864 3622 eorum»
1892 3558 2073 3622 Addi-

424 3641 767 3729 dit,inquit,
793 3643 863 3705 Et
892 3657 1269 3726 peccatorum
1311 3667 1515 3709 eorum
1567 3667 1684 3710 non
1718 3648 2074 3709 rrcordabor

421 3731 697 3809 amplius.
732 3732 916 3795 Vides
954 3752 1092 3813 ergo
1146 3737 1303 3817 quod
1362 3738 1713 3800 testificatus
1745 3736 1821 3798 sit
1849 3736 2069 3798 remis-

419 3817 647 3879 sionem
727 3819 855 3881 ﬁeri
930 3824 1359 3902 peccatorum?
1419 3826 1558 3886 596
1637 3824 1805 3886 Tunc
1869 3835 2068 3887 autem

421 3906 656 3968 remisit
703 3909 946 3987 quando
998 3930 1212 3973 novum
1261 3913 1552 3976 condebat
1602 3922 2065 3975 testamentum:

424 4013 640 4082 novum
671 4012 809 4058 vero
842 4004 1257 4061 testamentum
1304 4002 1578 4063 condidit
1606 4019 1714 4082 per
1766 4003 2067 4064 victimam

425 4081 553 4144 Filii
585 4084 677 4145 sui
705 4085 844 4147 Jesu
886 4086 1110 4150 Christi
1165 4088 1405 4151 Domini
1438 4081 1645 4152 nostri.
1688 4114 1713 4146 α
1751 4092 1933 4152 Porro
1965 4089 2068 4152 ubi

423 4170 640 4233 horum
671 4180 760 4234 est
777 4173 1070 4236 remissio.
1111 4200 1133 4234 υ
1158 4180 1544 4245 Peccatorum
1578 4178 1911 4241 videlicetx
1941 4178 2066 4240 Non

420 4267 514 4321 est
542 4260 797 4341 amplius
828 4260 1047 4324 oblatio
1082 4283 1187 4345 pro
1220 4274 1525 4346 peccem.-
1563 4265 1705 4338 Quae
1763 4266 1922 4328 enim
1959 4285 2067 4328 ne—

2159 3106 2387 3186 Πατρός,
2459 3127 2489 3167 ι
2571 3114 2685 3181 Μιᾷ
2753 3109 2853 3188 γὰρ
2907 3115 3200 3188 προσφορᾷ,
3281 3132 3304 3166 ο
3381 3109 3447 3175 ἦν
3502 3111 3807 3188 προσήνεγ-

2156 3216 2247 3252 κεν
2330 3200 2358 3253 ὁ
2442 3199 2689 3276 Χριστὸς,
2775 3196 3132 3273 τετελείωκεν,
3236 3197 3464 3262 τελείους
3546 3198 3806 3279 ἀπειργά-

2157 3306 2306 3361 σατο,
2378 3284 2592 3350 τελείως
2663 3285 2931 3357 ἀπήλλαξε
3000 3292 3104 3343 τῶν
3190 3287 3482 3367 ἁμαρτιῶν,
3577 3310 3598 3344 ι
3676 3290 3807 3354 Τοὺς

2157 3374 2555 3451 ἁγιαζομένους.
2642 3394 2671 3436 ι
2762 3375 3030 3450 Τουτέστι,
3114 3381 3235 3442 τους
3326 3376 3566 3441 πιστούς.
3651 3378 3805 3434 Οὗτοι

2154 3464 2254 3541 γὰρ
2296 3462 2358 3520 ἐκ
2397 3466 2496 3531 τῆς
2526 3463 2810 3542 εἰρημένης
2842 3470 3141 3544 προσφορᾶς
3179 3465 3505 3544 ἀγιάζονται.
3568 3488 3597 3521 α
3652 3472 3803 3545 Μαρ-

2154 3565 2303 3635 τυρεῖ
2369 3549 2428 3625 δὲ
2495 3555 2632 3629 ἡμῖν
2688 3556 2775 3610 καὶ
2842 3555 2903 3609 τὸ
2958 3560 3195 3630 Πνεῦμα.
3260 3577 3288 3609 κ
3364 3555 3424 3613 Τί
3493 3568 3803 3635 μαρτυρεϊ;

2160 3630 2289 3699 εὈτι
2320 3642 2586 3722 ἀφέθησαν
2629 3644 2782 3719 ἡμῶν
2814 3645 2865 3699 αἱ
2908 3643 3179 3723 ἁμαρτίαι.
3246 3663 3277 3703 (
3311 3646 3408 3702 Καὶ
3452 3630 3583 3701 τῶν*
3624 3630 3805 3723 apag;

2153 3734 2278 3788 τιῶν
2335 3735 2527 3796 αὐτῶν,
2598 3755 2627 3788 ι
2695 3731 3018 3813 Προσέθηκε,
3078 3736 3228 3814 φησὶ,
3305 3733 3410 3792 Καὶ
3465 3735 3571 3790 τῶν
3624 3735 3806 3812 ἁμαρ-

2151 3823 2276 3877 τιῶν
2334 3821 2505 3878 αὐτῶν
2574 3823 2634 3878 οὐ
2695 3823 2772 3897 μὴ
2829 3825 3048 3897 μνησθῶ
3108 3820 3210 3881 ἔτι.
3287 3814 3440 3902 Ὀρᾷς
3495 3821 3575 3878 ὅτι
3630 3821 3803 3901 ἐμαρ-

2152 3910 2371 3991 τύρησεν
2428 3910 2613 3990 ἄφεσιν
2662 3912 2982 3990 ἁμαρτιῶν;
3045 3911 3175 3968 Τότε
3254 3909 3309 3967 δὲ
3395 3912 3627 3992 ἀφῶκεν,
3714 3911 3804 3970 ὅτε

2152 4005 2250 4066 την
2319 3998 2438 4056 νέαν
2495 3996 2659 4055 ἐδίδου
2726 3997 3003 4070 διαθήκην.
3064 4000 3174 4067 Τὴν
3227 3998 3281 4056 δὲ
3354 4000 3474 4057 νέαν
3521 3998 3798 4080 διαθήκην,

2151 4086 2235 4144 διὰ
2302 4091 2401 4156 τῆς
2456 4090 2633 4153 θυσίας
2692 4086 2852 4147 ἔδωκε
2920 4088 3013 4146 τοῦ
3057 4092 3180 4148 Υἱοΰ
3224 4089 3379 4147 αὖτοῦ
3438 4087 3613 4157 Ἰησοῦ
3667 4097 3802 4168 Χρι-

2151 4184 2277 4233 στοῦ
2317 4184 2408 4234 τοῦ
2468 4178 2654 4257 Κυρίου
2695 4181 2873 4254 ἡμῶν,
2927 4200 2952 4236 α
2989 4169 3171 4237 υΟπου
3199 4176 3255 4235 δὲ
3297 4177 3481 4257 ἄφεσις
3506 4180 3725 4237 τούτων.
3765 4201 3793 4234 ι

2152 4273 2267 4323 Τῶν
2298 4267 2566 4344 ἁμαρτιῶν
2624 4265 2889 4335 δηλονότι.
2953 4291 2979 4322 ι
3052 4268 3159 4325 Οὐκ
3218 4266 3292 4324 ἔτι
3357 4269 3631 4347 προσφορὰ
3682 4268 3801 4347 περὶ

421 4347 668 4411 cessitas
686 4358 783 4438 est
814 4351 1125 4438 multarum
1161 4353 1547 4429 oblationum,
1584 4374 1717 4416 cum
1766 4355 1941 4416 unica
1969 4355 2068 4417 illa

2159 4356 2427 4430 ἆμαρτίας.
2478 4379 2505 4411 ι
2560 4358 2647 4419 Τίς
2689 4358 2811 4436 γὰρ,
2852 4358 3003 4436 φησὶ,
3034 4356 3188 4437 χρεία
3215 4355 3427 4414 πολλῶν
3459 4363 3793 4438 προσφορῶν,

421 4455 597 4517 quam
631 4437 897 4499 exhibuit
926 4439 1190 4503 Christus
1238 4441 1415 4504 fuerit
1444 4443 1744 4506 sufﬁciens
1792 4444 1864 4505 ad
1895 4444 2066 4505 aufe-

417 4526 610 4589 renda
639 4536 882 4608 peccata
908 4531 939 4589 ι

501 4615 574 4698 Χ,
615 4620 827 4680 19-23.
865 4620 1016 4682 Cum
1067 4621 1279 4702 igitur,
1328 4624 1589 4700 fratres,
1632 4619 1960 4686 habeamus
1988 4622 2066 4685 li-

420 4705 715 4769 bertatem
766 4708 849 4769 ad
895 4709 1128 4772 aditum
1182 4716 1247 4772 in
1292 4718 1507 4774 sancta
1548 4727 1667 4791 per
1704 4712 2067 4789 sanguinem

419 4795 586 4872 Jesu,
611 4813 787 4876 quem
815 4798 1130 4862 innovavit
1150 4798 1324 4863 nobis
1340 4808 1633 4862 recentem
1655 4818 1724 4863 ac
1744 4803 2061 4877 viventem,

412 4901 527 4965 per
555 4888 987 4957 uelamentum.
1043 4888 1153 4950 hoc
1203 4895 1291 4952 est
1341 4905 1452 4969 per
1500 4906 1750 4950 carnem
1778 4906 1979 4963 suum,
2009 4897 2065 4953 et

414 4975 794 5036 sacerdotem
842 4993 1127 5055 magnum
1165 4982 1494 5058 perlectum
1544 4977 1756 5039 Domni
1799 4976 1937 5051 Dei,
1969 4996 2065 5040 ac-

411 5064 682 5125 cedemus
703 5080 839 5125 cum
872 5082 1007 5127 vero
1036 5065 1219 5128 corde
1266 5066 1332 5128 in
1369 5067 1737 5130 certitudine
1757 5066 1920 5146 ﬁdei,
1955 5085 2063 5130 as-

407 5154 609 5233 persis
663 5151 966 5235 cordibus,
1018 5171 1088 5217 ac
1144 5154 1399 5236 depulsa
1446 5158 1814 5219 conscientia
1870 5157 2060 5239 mala,

415 5249 472 5303 et
503 5240 695 5303 abluti
724 5258 973 5322 corpore
1001 5260 1163 5323 aqua
1179 5262 1369 5325 pura,
1396 5251 1706 5308 teneamus
1733 5248 2061 5325 confessio-

412 5345 552 5391 nem
581 5331 711 5410 spei
739 5348 860 5397 non
909 5334 1306 5397 vacillantem
1340 5354 1353 5395 :
1388 5334 1590 5417 ﬁdelis
1633 5336 1795 5399 enim
1842 5343 1925 5399 est
1954 5338 2063 5417 qui

405 5420 718 5498 promisit.

494 5507 781 5581 Quoniam
834 5516 1260 5577 demonstravit
1300 5517 1546 5578 multum
1583 5516 1874 5581 interesse
1911 5518 2065 5581 inter

375 5594 386 5605 ”
420 5614 634 5661 novum
660 5610 715 5663 et
737 5611 902 5666 vetus
926 5609 1365 5679 testamentum,
1384 5604 1704 5668 acceditad
1726 5623 2064 5669 sermonem

2150 4449 2247 4509 τῆς
2279 4450 2401 4520 μιᾶς
2445 4445 2509 4512 ἣν
2540 4447 2764 4524 Χριστὸς
2792 4447 3150 4525 προσήγαγεν,
3207 4446 3503 4526 ἰσχυσάσης
3532 4444 3798 4525 περιελεῖν

2148 4535 2243 4598 τὰς
2274 4534 2531 4613 ἁμαρτίας
2564 4552 2580 4614 ;

2234 4646 2263 4678 ιι
2298 4614 2569 4704 ’Ἔχοντες
2594 4622 2705 4695 οὖν,
2751 4620 2981 4703 ἀδελφοὶ,
3030 4622 3321 4704 παρρησίαν
3349 4625 3424 4687 εἰς
3468 4624 3566 4691 τὴν
3590 4622 3799 4681 εἴσοδον

2147 4715 2252 4769 τῶν
2277 4714 2440 4791 ἁγίων
2470 4734 2524 4771 εν
2555 4720 2629 4787 τῷ
2684 4712 2874 4789 α’ίματι
2934 4713 3133 4794 Ἰησοῦ,
3180 4713 3247 4779 ἣν
3304 4712 3621 4771 ἐνεκαίνισεν
3661 4716 3799 4789 ἡμῖν

2149 4801 2264 4859 ὁδὸν
2311 4802 2615 4882 πρόσφατον
2661 4803 2749 4858 καὶ
2793 4808 2966 4872 ζῶσαν
3022 4801 3107 4858 διὰ
3160 4809 3251 4859 τοῦ
3299 4803 3795 4880 καταπετάσματος,

2145 4890 2405 4966 τουτέστι,
2435 4897 2535 4959 τῆς
2563 4894 2755 4971 σαρκὸς
2807 4892 2986 4963 αὐτοῦ,
3033 4893 3121 4948 καὶ
3161 4892 3303 4971 ἱερέα
3344 4891 3512 4970 μέγαν
3566 4892 3651 4949 ἐπὶ
3704 4894 3795 4948 τὸν

2146 4981 2301 5038 οἶκον
2330 5002 2420 5037 του
2464 4987 2614 5060 Θεοῦ,
2645 4981 3063 5060 προσερχώμεθα
3106 4983 3241 5057 μετὰ
3296 4980 3553 5049 ἀληθινῆς
3583 4979 3795 5060 καρδίας

2143 5073 2200 5126 ἒν
2268 5067 2598 5151 πληροφορίᾳ
2642 5070 2892 5146 πίστεως,
2964 5068 3353 5148 ἐῤῥαντισμένοι
3415 5072 3511 5134 τὰς
3581 5068 3794 5150 καρδίας

2143 5159 2251 5215 ἀπὸ
2358 5158 2705 5229 συνειδήσεως
2802 5165 3059 5238 πονηρᾶς,
3159 5162 3247 5216 καὶ
3340 5159 3649 5237 λελουμένοι
3731 5161 3794 5216 τὸ

2144 5254 2300 5323 σῶμα
2381 5245 2525 5304 ὕδατι
2608 5252 2839 5328 καθαρῷ,
2929 5248 3246 5329 κατέχωμεν
3326 5252 3426 5318 τὴν
3509 5249 3793 5328 ὁμοΑογίαν

2143 5342 2241 5404 τῆς
2296 5333 2502 5401 ἐλπίδος
2559 5336 2772 5413 ἀκλινῆ..
2844 5338 3036 5402 Πιστὸς
3091 5339 3190 5417 γὰρ
3265 5340 3294 5396 ὁ
3372 5336 3794 5418 ἐπαγγγειλάμε-

2143 5446 2257 5490 νος.
2324 5448 2345 5482 ι

2227 5512 2444 5583 Ἐπειδὴ
2486 5513 2721 5581 ἀπέδειξε
2762 5514 2899 5573 πολὺ
2938 5518 3000 5573 τὸ
3055 5514 3216 5593 μέσον
3263 5522 3363 5585 τῆς
3416 5515 3534 5581 νέας
3563 5518 3636 5582 ὡς
3664 5517 3794 5596 πρὸς

2146 5606 2241 5674 τὴν
2298 5602 2551 5679 παλαιάν,
2592 5603 2746 5672 ἦλθεν
2815 5606 2889 5669 εἷς
2943 5607 3033 5662 τὸν
3088 5607 3207 5684 περὶ
3259 5610 3486 5669 πίστεως
3538 5607 3625 5663 καὶ
3679 5605 3792 5682 βίου
