4180 6212
520 377 637 444 395

1639 376 2049 440 CECUMENII
2090 368 2386 433 TRICCzE
2422 360 2757 429 EPISCOPI

3770 346 3888 417 396

520 532 686 595 spem
735 514 966 575 firmam
1013 520 1074 576 et
1127 512 1563 573 inconcussam.
1598 507 1782 581 Quam
1841 508 2056 587 spem?
2083 505 2157 569 Ut

2240 504 2336 568 της
2409 496 2615 564 ἐλπίδος
2689 498 2887 564 ταὺεης
2959 494 3247 595 ὁμολογίαν
3316 490 3554 595 βεϐαίαέι
3601 490 3727 588 καὶ-
3758 486 3884 595 ἀσά-

520 622 828 683 speremus
854 620 959 683 per
988 600 1333 679 sanguinem
1365 597 1585 659 Christi
1608 596 1914 661 introitum
1945 598 2005 659 in
2036 616 2161 659 caa-

519 690 662 771 lum,
699 694 857 771 quod
881 708 991 770 per
1035 688 1228 768 ipsum
1281 686 1664 765 ignoscantur
1693 686 1863 748 nobis
1895 694 2156 767 peccata,

520 780 677 859 quod
716 798 821 857 per
840 779 1032 857 ipsum
1068 775 1228 853 digni
1259 775 1586 837 habeamur
1618 775 1718 856 qui
1747 776 1806 837 in
1833 775 1985 837 ﬁlios
2010 776 2159 837 ado-

520 876 814 947 ptemur.c
843 860 1064 927 Fidelis
1093 866 1252 926 enim
1274 873 1364 927 est
1392 865 1491 944 qui
1524 864 1815 944 promisit.
1838 890 1863 921 ι
1896 868 2024 927 Hoc
2047 873 2155 940 est,

516 972 709 1015 verax.
741 954 891 1025 Quid
924 963 1122 1015 autem
1159 952 1473 1032 promisit?
1503 952 1665 1024 Quod
1704 953 2162 1033 ingrederemur

521 1043 582 1104 in
613 1061 860 1122 regnum
892 1042 1101 1124 ipsius.
1144 1063 1173 1101 ei
1195 1042 1362 1117 Volo,
1390 1042 1607 1122 inquit,
1641 1049 1704 1102 ut
1733 1042 1834 1104 ubi
1880 1061 2012 1104 sum
2051 1062 2159 1122 ego

520 1139 579 1193 et
601 1132 717 1212 ipsi
748 1132 867 1194 sint
909 1150 1141 1194 mecum
1171 1133 1252 1194 55.
1283 1157 1309 1188 ››
1347 1131 1501 1193 Dixit
1532 1130 1713 1207 enim,
1746 1132 1886 1212 Ipsi,
1922 1140 2162 1213 propter

521 1218 750 1283 ﬁdeles.

1020 1401 1159 1463 598
1201 1400 1446 1465 CAPUT
1492 1399 1642 1464 XIV.

602 1493 981 1557 Exhortatio
1036 1494 1116 1556 ad
1173 1496 1456 1635 virtpltem
1513 1512 1591 1557 ea:
1640 1496 1855 1557 timore
1883 1493 2085 1573 futuri

1225 1593 1289 1637 iu
1339 1594 1463 1637 ιοιι.
1814 1588 1815 1591 ‘

1250 1593 1463 1637 uaicii.

602 1667 673 1742 X,
713 1668 930 1730 94-25.
958 1668 1040 1730 Et
1069 1593 1641 1731 consideremusuos
1674 1669 1933 1730 invicem
1963 1669 2028 1730 in
2053 1667 2164 1729 hoc

520 1764 589 1820 ut
611 1774 1000 1838 provocemus
1019 1758 1097 1819 ad
1123 1758 1492 1820 charitatem
1527 1766 1588 1819 et
1621 1757 1777 1819 bona
1805 1774 2014 1836 opera,
2042 1776 2163 1819 non

521 1847 855 1909 deserentes
884 1847 1349 1927 aggregationes
1401 1847 1619 1922 nostri,
1679 1847 1861 1908 sicuti
1899 1864 2025 1908 mos
2073 1854 2164 1908 est

2242 588 2446 651 λευτον,
2510 590 2668 651 Ποίας
2727 584 2985 665 ἐλπίδος,
3060 586 3132 642 Τὸ
3188 582 3413 653 ἐλπίζειν
3483 578 3569 636 διὰ
3636 576 3729 635 τοῦ
3798 574 3893 665 α’ἷέ

2242 699 2407 754 ματος
2459 684 2550 733 τοῦ
2610 681 2835 754 Χριστοῦ
2903 664 3000 740 τὴν
3058 674 3132 736 είς
3188 673 3435 749 οὒρανοῦς
3506 664 3777 754 εἴσοδοι*
3819 664 3892 721 Τὸ

2242 751 2486 847 ἀφεῖσθαι
2544 751 2677 839 ἡμῖν
2734 761 2802 820 δι’
2861 763 3017 821 αὒτοῦ
3070 762 3165 826 τὰς
3222 758 3506 839 ἁμαρτίας.
3566 758 3659 835 Τὸ,
3719 751 3890 818 ἀξιω-

2241 856 2489 925 θήσεσθαι
2544 855 2797 916 υἱοθεσίας
2858 849 2924 907 δι’
2968 853 3150 909 αὖτοῦ.
3231 873 3251 905 ι
3302 848 3495 912 Πιστὸς
3551 847 3675 925 γὰρ,
3701 866 3729 899 ι
3762 862 3893 899 του-

2243 944 2437 1018 τέστιν,
2495 966 2523 999 α
2554 940 2757 1009 ἀληθὴς
2816 944 2845 997 ὁ
2887 937 3359 1019 ἐπαγγειλάμενος,
3409 959 3438 992 ι
3486 935 3547 994 Τί
3602 932 3657 989 δὲ
3714 931 3893 1009 ,ἐπηγ-

2241 1032 2454 1111 γειλατο
2488 1051 2505 1112 ς
2551 1034 2611 1087 τὸ
2640 1028 2893 1087 εἰσελθεῖν
2920 1030 3063 1103 ἡμᾶς
3109 1029 3182 1091 εἷς
3240 1027 3336 1095 τὴν
3394 1022 3663 1103 βασιλείαν
3704 1023 3885 1089 αὐτοῦ·

2248 1144 2276 1177 α
2311 1120 2460 1178 Θέλω
2488 1121 2611 1200 γὰρ,
2664 1120 2846 1200 φησὶν,
2902 1118 2995 1174 ἵνα
3058 1114 3192 1173 ὅπου
3248 1117 3354 1192 εἰμὶ
3417 1114 3549 1194 ἐγὼ,
3608 1112 3694 1169 καὶ
3745 1113 3886 1167 οὗτοι

2244 1211 2343 1268 ῶσι
2373 1208 2490 1286 μετ’
2523 1209 2674 1285 ἐμοῦ.
2728 1232 2751 1266 ι)
2816 1209 2886 1266 Τὸ
2929 1208 3052 1287 γὰρ,
3099 1208 3276 1266 Οὗτοι.
3333 1203 3417 1261 διὰ
3484 1204 3603 1269 τοὺς
3672 1200 3890 1263 πιστοὺς

2245 1300 2423 1365 εἶπεν,

2873 1394 3122 1448 ΚΕΦΑΛ.
3162 1374 3273 1447 IA'.

2332 1502 2359 1534 α
2399 1479 2677 1559 Προτροπὴ
2721 1476 2953 1542 σπουδῆς
2983 1477 3145 1559 ,κατὰ
3180 1470 3342 1554 φρϐον
3370 1476 3470 1540 τῆς
3514 1470 3811 1548 μελλούσης

2907 1558 3151 1637 κρίσεως,
3189 1579 3217 1610 ι

2329 1670 2351 1703 ι
2391 1649 2489 1706 Καὶ
2531 1655 2874 1724 κατανοῶμεν
2912 1644 3176 1716 ἀλλήλους
3208 1646 3280 1707 εἷς
3312 1641 3643 1723 παροξυσμὸν
3675 1640 3890 1718 ἀγάπης

2248 1737 2331 1792 καὶ
2361 1736 2539 1793 καλῶν
2570 1735 2759 1817 ἔργων,
2793 1737 2870 1812 μὴ
2901 1734 3340 1814 ἐγκαταλιπόντες
3363 1732 3460 1799 τὴν
3483 1728 3886 1807 ἐπισυναγωγὴν

2243 1825 2465 1899 ἑαυτῶν,
2524 1827 2696 1890 καθὼς
2741 1824 2855 1891 ἔθος
2914 1826 3071 1904 τισὶν,
3127 1822 3265 1879 ἀλλά
3307 1819 3754 1900 παρακαλοῦντες,
3801 1818 3889 1872 καὶ

516 1906 832 1998 totum
855 1956 868 1996 ε
889 1906 1010 1997 λς’ἓᾶ
1040 1906 1655 2015 εὲιιονεαήεεέζίάςᾶε
1684 1906 2157 2014 inungi-igua

2246 1922 2494 1972 τοσοῦτον
2589 1913 2815 1995 μᾶλλον,
2916 1913 3025 1987 ὅσῳ
3105 1911 3327 1989 βλέπετε
3407 1910 3710 1989 ἐγγίζουσαν
3788 1906 3887 1971 τὴν

515 2025 733 2087 uidetis
761 2025 1348 2106 appropinquantem
1370 2025 1553 2086 diem.

603 2114 720 2176 (Et
745 2112 1191 2175 consideremus
1220 2132 1329 2174 nos
1384 2112 1662 2187 invicem,
1705 2139 1726 2168 ι
1756 2112 1912 2192 quod
1947 2110 2163 2172 fratres

519 2203 706 2265 simus
734 2222 748 2262 :
775 2202 929 2283 quod
960 2220 1098 2280 grex
1141 2220 1293 2262 unus
1324 2202 1498 2263 unius
1532 2200 1825 2282 pastoris:
1860 2202 1970 2262 hoc
2003 2199 2160 2261 enim

520 2291 759 2370 augebit
790 2302 1056 2351 mutuam
1083 2289 1613 2353 dilectionem.Aut
1643 2289 2096 2351 consideremus
2112 2287 2161 2348 si

525 2381 657 2461 quis
688 2378 909 2461 probus
955 2379 1051 2451 sit,
1083 2386 1149 2439 ut
1203 2380 1362 2442 huuc
1406 2379 1692 2441 imitetur.
1725 2379 1840 2440 Aut
1886 2378 2047 2440 circa
2093 2396 2161 2438 ea

522 2469 906 2540 nosiinvicem
954 2466 1422 2544 consideremus,
1469 2486 1717 2548 quorum
1759 2466 2072 2529 curiositas
2105 2474 2162 2527 et

469 2623 472 2626 ,
524 2567 862 2619 scrutamen
895 2574 964 2616 ac
1005 2554 1502 2630 consideratio,ad
1526 2554 1905 2617 dilectionem
1928 2553 2163 2617 exacuit

520 2652 580 2708 et
599 2645 802 2707 incitat
830 2663 842 2706 :
878 2645 990 2705 hoc
1010 2651 1205 2705 autem
1238 2644 1462 2707 faciunt
1490 2645 1592 2724 qui
1635 2643 1782 2706 nihil
1816 2662 2056 2724 pravum
2085 2643 2159 2705 de

521 2753 586 2795 se
608 2733 863 2796 invicem
911 2733 1132 2812 ferunt,
1166 2738 1366 2794 omnia
1410 2742 1605 2795 autom
1636 2732 1698 2793 in
1723 2731 1937 2793 bonam
1961 2750 2026 2792 ac
2061 2749 2150 2791 sa-

521 2823 753 2884 niorem
789 2831 1012 2903 partem
1046 2821 1541 2903 rejiciunt,etiam
1572 2840 1702 2901 quas
1729 2821 2003 2881 videntur
2029 2837 2158 2881 esse

525 2911 760 2973 delicta.
798 2935 819 2967 α
855 2912 925 2973 Ut
950 2927 1340 2989 provocemus
1366 2910 1438 2971 ad
1473 2909 1843 2972 charitatem.
1874 2933 1900 2963 »
1934 2906 2009 2970 Ut
2029 2925 2160 2970 exa-

525 3015 771 3060 ccamus
820 3004 877 3058 et
920 3015 1235 3075 augeamus
1290 3004 1551 3058 mutuam
1591 2995 1991 3058 dilectionem.
2030 3019 2055 3050 α
2089 2993 2159 3055 Et

519 3086 677 3149 bona
706 3085 1028 3165 opera.»Et
1058 3093 1119 3147 ut
1150 3103 1504 3147 exacuamur
1533 3086 1602 3147 ad
1628 3083 1978 3145 imitandum
2024 3082 2158 3144 illos

519 3174 620 3255 qui
644 3182 952 3236 versantur
978 3173 1040 3234 in
1068 3173 1240 3235 bonis
1272 3172 1571 3254 operibus.
1603 3198 1630 3230 α
1664 3172 2153 3252 Aggregationem

518 3261 848 3325 nostri.nUt
878 3281 1118 3341 semper
1145 3262 1205 3323 in
1232 3262 1507 3323 eumdem
1555 3263 1747 3324 locum
1778 3260 2152 3333 conveniant,

524 3351 862 3414 dilectionis
891 3360 984 3412 est
1013 3350 1425 3431 productivum
1457 3370 1469 3414 :
1506 3350 1728 3412 idcirco
1762 3349 2035 3430 prohibet
2062 3367 2156 3410 se-

517 3442 887 3521 parationem
911 3463 922 3497 :
949 3457 1097 3518 opus
1128 3439 1286 3499 enim
1320 3438 1621 3501 charitatis
1652 3457 1768 3499 non
1800 3446 1889 3499 est
1918 3436 2149 3511 divisio,

518 3531 623 3591 sed
656 3528 825 3591 fortis
851 3536 909 3590 et
940 3537 1139 3590 exacta
1163 3527 1820 3607 unio.Aggregationem
1842 3525 2157 3606 appellavit

518 3628 785 3679 mutuum
844 3635 1225 3679 consensum.
1266 3642 1292 3671 «
1319 3618 1436 3678 Sed
1486 3617 1887 3678 exhortantes.
1927 3639 1951 3668 »
1980 3612 2156 3686 Qum-

519 3708 707 3768 nam?
764 3707 1235 3785 aggregationem
1300 3706 1506 3782 nostri,
1558 3707 1670 3768 hoc
1716 3714 1831 3778 est,
1867 3711 2151 3766 mutuam.

522 3794 667 3856 Nam
687 3813 720 3854 a
742 3794 1045 3855 communi
1076 3813 1254 3855 sensu
1295 3795 1723 3856 resumendum
1758 3802 1847 3856 est
1874 3810 2155 3871 aggrega-

514 3884 734 3943 tionem
768 3877 976 3942 nostri.
1033 3881 1373 3944 Exhortatio
1407 3900 1544 3944 vero
1584 3882 2015 3962 aggregationis
2044 3887 2151 3955 est,

509 3978 579 4032 ut
605 3978 874 4051 prompte
893 3979 950 4031 et
981 3970 1158 4049 longo
1183 3980 1451 4052 tempore
1473 3971 1641 4033 nobis
1675 3980 1874 4032 mutuo
1898 3971 2155 4047 conjun-

509 4077 824 4137 gamur.—
855 4057 984 4119 Alio
1024 4060 1216 4121 modo.
1260 4086 1286 4115 α
1333 4059 1450 4122 Sed
1509 4061 1905 4121 exhortantes.
1955 4082 1977 4113 ι)
2030 4059 2150 4119 lm-

512 4147 848 4208 becilliores
877 4147 1252 4209 videlicet.Et
1288 4156 1469 4224 tanto,
1503 4148 1715 4229 inquit,
1750 4147 1921 4207 nobis
1970 4146 2155 4224 magis

512 4254 659 4316 opus
694 4243 783 4295 est
831 4235 1179 4298 charitatem
1228 4256 1297 4298 ac
1326 4237 1479 4298 bona
1510 4255 1692 4317 opera
1723 4235 2065 4296 desiderare
2099 4242 2156 4294 et

510 4324 781 4405 adipisci,
810 4332 1025 4404 quanto
1081 4344 1268 4406 magis
1311 4329 1747 4407 appropinquat
1772 4323 2150 4402 diesjutlicii.

512 4415 638 4477 Hoc
694 4421 891 4475 autem
952 4421 1125 4475 etiam
1174 4416 1245 4476 ad
1305 4416 1770 4476 consolationem
1829 4413 1974 4493 ipsis
2007 4422 2151 4486 erat,

513 4521 729 4583 nempe
762 4502 1093 4579 defatigatis
1125 4512 1366 4584 propter
1390 4504 1762 4565 aliiictiones.

592 4591 990 4666 599X,96-3t
1011 4594 1191 4656 .Nam
1214 4595 1316 4655 ubi
1340 4596 1681 4656 voluntarie
1695 4609 2009 4672 peccamus
2027 4599 2156 4669 post

511 4692 814 4761 acceptum
832 4683 1224 4761 cognitionem
1247 4684 1668 4762 veritatismon
1691 4681 1863 4743 ultra
1892 4698 2000 4760 pro
2012 4696 2157 4760 pec-

514 4776 666 4833 catis
690 4768 925 4848 reliqua
961 4779 1048 4831 est
1086 4770 1417 4846 hostia,sed
1453 4768 1858 4850 formidabilis
1882 4768 2160 4848 quaedam

512 4859 1102 4939 exspectatiojudicii
1112 4868 1164 4923 et
1176 4864 1343 4938 ignis
1358 4860 1525 4922 zelus
1542 4859 1643 4939 qui
1664 4858 2057 4923 devoraturus
2076 4861 2163 4919 est

512 4948 931 5011 adversarios.
945 4947 1070 5023 Qui
1094 4956 1456 5029 aspernatus
1469 4948 1817 5028 fueritMosi
1840 4944 2161 5027 legem,ab-

508 5054 652 5116 sque
690 5037 1125 5100 misericordia
1158 5040 1267 5100 sub
1302 5039 1533 5101 duobus
1569 5042 1678 5099 aut
1707 5036 1898 5099 tribus
1919 5033 2162 5097 testibus

504 5126 1042 5200 moritur.0aanto
1057 5130 1287 5206 putatis
1302 5129 1497 5209 pejori
1512 5126 1826 5206 afﬁcietur
1842 5124 2156 5204 supplicio,

508 5219 617 5295 qui
644 5213 868 5277 Filium
902 5213 1019 5276 Dei
1045 5216 1557 5291 conculcaverit,et
1581 5216 1939 5294 sanguinem
1972 5218 2154 5273 testa-

506 5304 693 5365 menti
711 5320 1083 5364 communem
1100 5306 1380 5369 habuerit
1393 5323 1507 5386 per
1522 5322 1695 5384 quem
1718 5304 1920 5380 fuerat
1933 5306 2156 5363 sancti-

2242 2003 2464 2080 ἡμέραν,
2510 2028 2530 2060 ι

2330 2027 2350 2059 ε
2383 2028 2464 2066 αν,
2510 2028 2530 2060 ι

2330 2027 2378 2147 «ρ
2448 2094 2543 2151 Καὶ
2610 2094 3024 2170 κατανοήσωμεν
3076 2089 3366 2164 ἀλλήλους,
3438 2112 3465 2145 ι
3527 2087 3631 2165 ὅτι,
3705 2090 3886 2168 φησὶν,

2244 2179 2453 2261 ἀδελφοί
2536 2181 2716 2258 ἐσμεν,
2805 2181 2886 2237 ὅτι
2956 2180 3157 2255 ποίμνη
3243 2178 3335 2255 μία
3414 2176 3667 2254 ποιμένος
3749 2176 3889 2261 ἑνόξ.

2242 2248 2406 2327 Tauro
2449 2271 2547 2349 γὰρ
2597 2248 2828 2340 ἀὐξήσει
2884 2271 2984 2338 τὴν
3050 2248 3127 2332 ἐἷς
3184 2248 3446 2339 ἀλλήλους
3501 2248 3736 2345 ἀγάπην.
3827 2248 3889 2323 Ἦ

2242 2365 2584 2436 κατανοῶμεν
2628 2357 2681 2414 εἴ
2724 2381 2803 2421 τις
2873 2358 3136 2436 ἐνάρετος,
3208 2356 3303 2413 ἵνα
3369 2362 3552 2412 τοῦτον
3609 2353 3879 2431 ζηλῶμεν,

2250 2428 2308 2503 Ἦ
2363 2428 2498 2525 περὶ*
2525 2447 2705 2504 ἐκεῖνα
2746 2428 3035 2521 ἀλλήλους,
3080 2428 3444 2521 κατανοῶμεν,
3504 2447 3578 2499 ῶν
3620 2447 3655 2513 ἡ
3712 2428 3882 2501 πολυ-

2241 2535 2589 2615 πραγμοσύνη
2658 2538 2746 2592 καὶ
2814 2534 2995 2612 ἔρευνα
3062 2536 3149 2591 καὶ
3218 2534 3538 2601 κατανόησις
3596 2535 3668 2598 εἰς
3742 2534 3883 2612 ἀγά-

2241 2646 2350 2691 πην
2420 2625 2582 2698 ἀκονᾷ
2638 2626 2726 2681 καὶ
2774 2625 3091 2704 παραθήγει.
3146 2623 3311 2681 Τοῦτο
3392 2620 3446 2677 δὲ
3515 2629 3753 2678 ποιοῦσιν
3837 2624 3885 2678 οἱ

2243 2711 2436 2792 φαυλον
2520 2715 2618 2789 μὲν
2699 2715 2817 2792 περὶ
2914 2711 3186 2784 ἀλλήλων,
3287 2708 3452 2788 μηδὲν
3534 2710 3882 2791 ἀνεχόμενοι,

2242 2801 2411 2857 πάντα
2451 2799 2506 2857 δὲ
2549 2804 2620 2866 εἰς
2661 2803 2723 2858 τὸ
2765 2802 2959 2879 ἀγαθὸν
3023 2802 3111 2857 καὶ
3171 2798 3385 2876 ἄμεινον
3442 2796 3880 2875 ἐκλαμϐάνοντες,

2240 2891 2328 2945 καὶ
2385 2890 2417 2946 ἃ
2470 2888 2621 2948 δοκεῖ
2678 2890 2820 2947 εἶναι
2864 2888 3237 2965 ἐλαττώματα,
3315 2910 3342 2944 ι
3404 2890 3492 2952 Eli;
3553 2887 3886 2963 παροξυσμὸν

2240 2977 2476 3057 ἀγάπης.
2554 3003 2577 3038 ι
2653 2981 2739 3046 Είς
2820 2982 2880 3034 τὸ
2962 2977 3242 3057 παροξῦναι
3312 2978 3400 3034 καὶ
3483 2975 3700 3043 αὐξῆσαι
3784 2978 3882 3043 τὴν

2240 3068 2313 3129 εἷς
2356 3066 2619 3139 ἀλλήλους
2674 3069 2912 3147 ἀγάπην.
2974 3091 2995 3124 ι
3060 3069 3159 3125 Καὶ
3211 3064 3385 3123 καλῶν
3443 3065 3627 3144 ἔργων,
3696 3088 3723 3119 ι
3784 3067 3883 3122 Καὶ

2175 3135 2328 3211 C'iva
2397 3135 2796 3237 παροξυνθῶμεν
2849 3156 3042 3228 ζηλοῦν
3109 3157 3227 3220 τοὺς
3297 3156 3351 3212 ἐν
3405 3135 3623 3234 ἀγαθοῖς
3681 3153 3875 3233 ἔργοις.

2244 3268 2272 3299 α
2333 3246 2440 3313 Τὴν
2482 3247 2568 3303 ἐπὶ
2619 3247 2931 3325 συναγωγὴν
3001 3247 3220 3305 ἑαυτῶν.
3269 3264 3299 3304 ι
3357 3246 3427 3302 Τὸ
3483 3246 3582 3323 γὰρ
3639 3244 3719 3299 ἀεὶ
3762 3266 3878 3299 συνο

2237 3339 2404 3415 ἦχθαι
2434 3336 2519 3392 ἐπὶ
2547 3338 2607 3392 τὸ
2638 3338 2786 3398 αὐτὸ.
2819 3336 3042 3415 ἀγάπης
3093 3335 3200 3391 ἐστὶ
3243 3335 3574 3413 γεννητικόν.
3638 3334 3731 3389 Διὸ
3787 3335 3879 3389 τὸν

2236 3413 2512 3503 χωρισμὸν
2585 3425 2918 3504 ἀπαγορεύει.
3009 3413 3209 3502 ’Ἔργον
3289 3424 3387 3502 γὰρ
3465 3427 3562 3488 τῆς
3639 3422 3874 3500 ἀγάπης,

2240 3518 2342 3593 οὐχ
2398 3517 2431 3581 ἡ
2488 3513 2755 3595 διαίρεσις,
2815 3512 2933 3569 ἀλλ’
2991 3515 3025 3581 ἡ
3083 3510 3300 3593 ἀκριϐής
3355 3510 3562 3574 ἕνωσις.
3624 3509 3876 3568 Ἐπισυν-

2240 3605 2454 3680 ἀγωγὴν
2496 3611 2593 3671 την
2640 3604 2939 3684 συμφωνίαν
2996 3601 3263 3661 ἐκάλεσεν.
3318 3622 3342 3658 ι
3405 3599 3566 3658 Ἀλλὰ
3621 3623 3875 3674 παρακα-

2238 3690 2470 3755 λοῦντες.
2505 3712 2535 3751 ι
2585 3694 2755 3772 Τίνας
2814 3699 2911 3759 τὴν
2969 3692 3373 3770 ἐπισυναγωγὴν
3436 3692 3653 3766 ἑαυτῶν,
3721 3713 3878 3747 τουτ-

2240 3782 2399 3857 ἐστιν,
2446 3781 2733 3852 ἀλλήλους,
2793 3780 2927 3838 Ἀπὸ
2978 3789 3157 3838 κοινοῦ
3212 3783 3310 3860 γὰρ
3363 3781 3461 3842 τὴν
3545 3780 3880 3859 ἐπισυναγω-

2238 3871 2339 3948 γὴν
2398 3871 2595 3927 ἑαυτῶν
2649 3870 2904 3938 ληπτέον.
2998 3869 3332 3948 Παράκλησις
3409 3866 3463 3925 δὲ
3542 3868 3880 3946 ἐπισυναγω-

2237 3965 2363 4038 γῆς,
2448 3962 2508 4015 τὸ
2591 3961 2889 4039 προθύμως,
2976 3960 3061 4017 καὶ
3118 3957 3201 4016 διὰ
3253 3968 3454 4059 μακροῦ
3522 3965 3615 4015 τοῦ
3684 3960 3879 4037 χρόνου

2236 4048 2669 4106 ἐπισυνάπτεσθαι
2708 4051 2939 4113 ἑαυτοῖς.
2976 4082 3049 4093 —-
3101 4047 3313 4126 [@212]
3372 4046 3611 4113 ⁷ΑΑλως.
3655 4069 3683 4106 ι
3716 4046 3879 4104 Ἀλλὰ

2236 4138 2681 4216 παρακαλοῦντες.
2745 4163 2771 4193 ))
2836 4149 2962 4203 Τοῖς
3022 4137 3407 4216 ἀσθενεστέροις
3450 4134 3719 4204 δηλονότι.
3780 4136 3883 4193 Καὶ

2236 4228 2491 4302 τοσούτῳ,
2525 4231 2674 4308 φησὶ,
2709 4227 2909 4303 μᾶλλον
2952 4225 3035 4283 δεῖ
3083 4227 3221 4301 ἡμῖν
3285 4227 3498 4304 ἀγάπης
3556 4228 3642 4282 καὶ
3697 4223 3875 4282 καλῶν

2237 4314 2372 4391 ἔγων
2395 4317 2800 4396 ἀντιποιεῖσθαι,
2832 4316 2940 4389 ὅσῳ
2969 4315 3170 4392 μᾶλλον
3199 4313 3480 4386 πλησιάζει
3512 4317 3545 4383 ἡ
3577 4314 3748 4395 ἡμέρα
3781 4318 3880 4380 τῆς

2236 4405 2475 4482 κρίσεως.
2513 4416 2674 4465 Τοῦτο
2704 4403 2757 4461 δὲ
2788 4407 2873 4461 καὶ
2901 4406 3197 4481 παραμυθία
3226 4403 3289 4470 ἧν
3320 4403 3524 4479 αὐτοῖς,
3559 4403 3882 4483 ἀπειρηκόσι

2181 4497 2222 4546 D
2241 4496 2369 4570 πρὸς
2399 4495 2517 4558 τοὺς
2548 4496 2890 4573 πειρασμούς.

2323 4604 2351 4639 σ
2434 4587 2695 4648 Εκουσίως
2774 4584 2873 4663 γὰρ
2942 4582 3347 4660 ἁμαρτανόντων
3421 4584 3576 4660 ἡμῶν
3631 4583 3765 4660 μετὰ
3822 4582 3884 4637 τὸ

2240 4670 2423 4729 λαϐεῖν
2508 4674 2606 4742 τήν
2690 4672 2969 4753 ἐπίγνωσιν
3070 4672 3166 4738 τῆς
3271 4670 3542 4747 ἀληθείας,
3628 4673 3721 4728 οὐκ
3805 4668 3881 4726 ἔτι

2241 4762 2359 4839 περὶ
2442 4763 2713 4841 ἁμαρτιῶν
2813 4760 3153 4819 ἀπολείπεται
3238 4762 3384 4818 θυσία
3419 4776 3433 4791 ⁸
3537 4758 3731 4840 φοϐερά
3826 4756 3884 4815 δέ

2241 4870 2319 4914 τις
2402 4848 2603 4931 ἐκδοχὴ
2697 4851 2913 4929 κρίσεως
3016 4852 3101 4907 καὶ
3197 4852 3356 4929 πυρὸς
3452 4848 3613 4920 ζῆλος
3694 4847 3884 4905 ἐσθίειν

2244 4937 2530 5014 μέλλοντος
2612 4940 2734 5006 τοὺς
2813 4941 3171 5004 ὑπεναντίους.
3265 4939 3559 5008 Ἀθετήσας
3640 4959 3719 5001 τις
3802 4937 3889 4994 νό-

2243 5050 2339 5106 μον
2414 5029 2673 5095 Μωϋσέως
2742 5031 2908 5110 χωρὶς
2980 5029 3263 5107 οἰκτιρμῶν
3335 5026 3420 5083 ἐπὶ
3478 5024 3617 5083 δυσὶν
3675 5026 3710 5094 ἢ
3752 5028 3893 5106 τρισὶ⁵

2243 5119 2493 5199 μάρτυσιν
2602 5118 2948 5189 ἀποθνήσκει.
3078 5117 3233 5191 Πόσῳ
3334 5113 3541 5173 δοκεῖτε
3652 5116 3895 5195 χείρονος

2237 5207 2580 5278 ἀξιωθήσεται
2676 5208 2955 5289 τιμωρίας,
3059 5210 3087 5264 ὁ
3188 5207 3277 5262 τὸν
3384 5206 3503 5261 Υἱὸν
3585 5213 3677 5262 τοῦ
3760 5210 3895 5259 Θεου

2235 5303 2639 5374 καταπατήσας,
2712 5301 2798 5355 καὶ
2864 5301 2924 5355 τὸ
2996 5303 3134 5374 αἷμα
3202 5300 3299 5365 τῆς
3359 5292 3619 5365 διαθήκης
3712 5296 3894 5352 κοινὸν

505 5392 807 5471 ﬁcatits,et
822 5394 1109 5471 spiritum
1131 5396 1350 5474 gratiae
1371 5382 1599 5472 injuria
1619 5389 1931 5472 aﬂ’ecerit?
1958 5388 2153 5453 Novi-

2239 5388 2596 5470 ἡγησάμενος,
2654 5389 2708 5445 ἐν
2764 5391 2810 5444 ὧ
2877 5388 3127 5467 ἡγιάσθη,
3202 5386 3290 5441 καὶ
3358 5386 3419 5441 τὸ
3496 5388 3702 5460 πνεῦμα
3746 5382 3884 5474 Δοτῆς

508 5497 642 5541 mus
670 5481 830 5541 enim
863 5497 999 5542 eum
1047 5485 1153 5563 qui
1191 5485 1392 5546 dimit'
1430 5487 1627 5546 Meum
1656 5488 1741 5543 est
1783 5479 2011 5560 ulcisci,
2045 5498 2153 5562 ego

586 5640 650 5692 55
678 5641 848 5703 Joan.
881 5656 1000 5718 xvr,
1043 5641 1142 5706 24.

2235 5480 2452 5560 χάριτος
2546 5476 2833 5558 ἐνυϐρίσας,
2946 5474 3179 5553 Οἴδαμεν
3287 5474 3385 5554 γὰρ
3467 5474 3557 5529 τὸν
3640 5471 3879 5548 εἰπόντα,
