  <div class='ocr_page' id='page_1' title='image "/cluster/home/n/w/nwhite01/storage/ocr_20150623/119/hvd.32044073502494/206.png"; bbox 0 0 4180 6212; ppageno 0'>
   <div class='ocr_carea' id='block_1_1' title="bbox 304 345 428 415">
    <p class='ocr_par' dir='ltr' id='par_1_1' title="bbox 304 345 428 415">
     <span class='ocr_line' id='line_1_1' title="bbox 304 345 428 415; baseline 0 -1"><span class='ocrx_word' id='word_1_1' title='bbox 304 345 428 415; x_wconf 88' lang='grc'><strong>397</strong></span> 
     </span>
    </p>
   </div>
   <div class='ocr_carea' id='block_1_2' title="bbox 1392 348 2618 419">
    <p class='ocr_par' dir='ltr' id='par_1_2' title="bbox 1392 348 2618 419">
     <span class='ocr_line' id='line_1_2' title="bbox 1392 348 2618 419; baseline -0.006 0"><span class='ocrx_word' id='word_1_2' title='bbox 1392 354 1786 419; x_wconf 87' lang='lat' dir='ltr'><strong>COMMENT.</strong></span> <span class='ocrx_word' id='word_1_3' title='bbox 1834 352 1916 413; x_wconf 89' lang='lat' dir='ltr'><strong>IN</strong></span> <span class='ocrx_word' id='word_1_4' title='bbox 1960 348 2200 414; x_wconf 87' lang='lat' dir='ltr'><strong>EPIST.</strong></span> <span class='ocrx_word' id='word_1_5' title='bbox 2247 353 2350 415; x_wconf 88' lang='lat' dir='ltr'><strong>AD</strong></span> <span class='ocrx_word' id='word_1_6' title='bbox 2390 352 2618 414; x_wconf 82' lang='lat' dir='ltr'><strong>HEBR.</strong></span> 
     </span>
    </p>
   </div>
   <div class='ocr_carea' id='block_1_3' title="bbox 3567 344 3685 412">
    <p class='ocr_par' dir='ltr' id='par_1_3' title="bbox 3567 344 3685 412">
     <span class='ocr_line' id='line_1_3' title="bbox 3567 344 3685 412; baseline 0.008 -1"><span class='ocrx_word' id='word_1_7' title='bbox 3567 344 3685 412; x_wconf 85' lang='lat'><strong>398</strong></span> 
     </span>
    </p>
   </div>
   <div class='ocr_carea' id='block_1_4' title="bbox 304 479 1960 566">
    <p class='ocr_par' dir='ltr' id='par_1_4' title="bbox 304 481 1960 566">
     <span class='ocr_line' id='line_1_4' title="bbox 304 481 1960 566; baseline 0 -27"><span class='ocrx_word' id='word_1_8' title='bbox 304 481 458 558; x_wconf 83' lang='grc' dir='ltr'>Ἐμοὶ</span> <span class='ocrx_word' id='word_1_9' title='bbox 487 483 779 566; x_wconf 77' lang='grc' dir='ltr'>ἐκδίκησις,</span> <span class='ocrx_word' id='word_1_10' title='bbox 827 486 936 565; x_wconf 82' lang='grc' dir='ltr'>ἐγὼ</span> <span class='ocrx_word' id='word_1_11' title='bbox 990 485 1371 561; x_wconf 79' lang='grc' dir='ltr'>ἀνταποδώσω,</span> <span class='ocrx_word' id='word_1_12' title='bbox 1425 484 1566 563; x_wconf 71' lang='grc' dir='ltr'>ὶέγει</span> <span class='ocrx_word' id='word_1_13' title='bbox 1618 486 1825 563; x_wconf 77' lang='grc' dir='ltr'>Κύριος.</span> <span class='ocrx_word' id='word_1_14' title='bbox 1862 482 1960 542; x_wconf 85' lang='grc' dir='ltr'><strong>Καὶ</strong></span> 
     </span>
    </p>
   </div>
   <div class='ocr_carea' id='block_1_5' title="bbox 2046 479 3690 566">
    <p class='ocr_par' dir='ltr' id='par_1_5' title="bbox 2046 479 3690 560">
     <span class='ocr_line' id='line_1_5' title="bbox 2046 479 3690 560; baseline 0.002 -20"><span class='ocrx_word' id='word_1_15' title='bbox 2046 483 2395 560; x_wconf 84' lang='lat' dir='ltr'><strong>rependam,</strong></span> <span class='ocrx_word' id='word_1_16' title='bbox 2429 482 2575 545; x_wconf 71' lang='lat' dir='ltr'><strong>dicit</strong></span> <span class='ocrx_word' id='word_1_17' title='bbox 2600 483 2915 545; x_wconf 82' lang='lat' dir='ltr'><strong>Dominus.</strong></span> <span class='ocrx_word' id='word_1_18' title='bbox 2947 479 3032 545; x_wconf 82' lang='lat' dir='ltr'><strong>Et</strong></span> <span class='ocrx_word' id='word_1_19' title='bbox 3070 496 3358 544; x_wconf 82' lang='lat' dir='ltr'><strong>rursum:</strong></span> <span class='ocrx_word' id='word_1_20' title='bbox 3395 481 3690 543; x_wconf 76' lang='lat' dir='ltr'><strong>Dominus</strong></span> 
     </span>
    </p>
   </div>
   <div class='ocr_carea' id='block_1_6' title="bbox 299 569 1960 654">
    <p class='ocr_par' dir='ltr' id='par_1_6' title="bbox 299 570 1951 654">
     <span class='ocr_line' id='line_1_6' title="bbox 299 570 1951 654; baseline 0.002 -27"><span class='ocrx_word' id='word_1_21' title='bbox 299 570 462 628; x_wconf 82' lang='grc' dir='ltr'>πάλιν</span> <span class='ocrx_word' id='word_1_22' title='bbox 492 589 507 605; x_wconf 82' lang='grc'><strong><em>⁸</em></strong></span> <span class='ocrx_word' id='word_1_23' title='bbox 544 574 731 652; x_wconf 81' lang='grc' dir='ltr'>Κύριος</span> <span class='ocrx_word' id='word_1_24' title='bbox 758 589 932 650; x_wconf 80' lang='grc' dir='ltr'>κρινεῖ</span> <span class='ocrx_word' id='word_1_25' title='bbox 952 577 1044 632; x_wconf 82' lang='grc' dir='ltr'>τὸν</span> <span class='ocrx_word' id='word_1_26' title='bbox 1065 574 1193 632; x_wconf 83' lang='grc' dir='ltr'>λαὸν</span> <span class='ocrx_word' id='word_1_27' title='bbox 1223 576 1400 634; x_wconf 72' lang='grc' dir='ltr'>αὐτοῦ.</span> <span class='ocrx_word' id='word_1_28' title='bbox 1434 572 1667 654; x_wconf 78' lang='grc' dir='ltr'>Φοϐερὸν</span> <span class='ocrx_word' id='word_1_29' title='bbox 1699 575 1760 630; x_wconf 83' lang='grc' dir='ltr'>τὸ</span> <span class='ocrx_word' id='word_1_30' title='bbox 1790 574 1951 649; x_wconf 82' lang='grc' dir='ltr'>ἐμπε-</span> 
     </span>
    </p>
   </div>
   <div class='ocr_carea' id='block_1_7' title="bbox 2046 569 3690 654">
    <p class='ocr_par' dir='ltr' id='par_1_7' title="bbox 2046 569 3690 652">
     <span class='ocr_line' id='line_1_7' title="bbox 2046 569 3690 652; baseline 0.002 -23"><span class='ocrx_word' id='word_1_31' title='bbox 2046 569 2327 633; x_wconf 56' lang='lat' dir='ltr'><strong>iudicabit</strong></span> <span class='ocrx_word' id='word_1_32' title='bbox 2355 578 2645 652; x_wconf 84' lang='lat' dir='ltr'><strong>poputum</strong></span> <span class='ocrx_word' id='word_1_33' title='bbox 2673 589 2874 634; x_wconf 86' lang='lat' dir='ltr'><strong>suum.</strong></span> <span class='ocrx_word' id='word_1_34' title='bbox 2907 571 3297 636; x_wconf 82' lang='lat' dir='ltr'><strong>Horrendum</strong></span> <span class='ocrx_word' id='word_1_35' title='bbox 3313 579 3397 634; x_wconf 86' lang='lat' dir='ltr'><strong>est</strong></span> <span class='ocrx_word' id='word_1_36' title='bbox 3421 570 3690 633; x_wconf 73' lang='lat' dir='ltr'><strong>incidere</strong></span> 
     </span>
    </p>
   </div>
   <div class='ocr_carea' id='block_1_8' title="bbox 298 664 1244 743">
    <p class='ocr_par' dir='ltr' id='par_1_8' title="bbox 298 664 1244 743">
     <span class='ocr_line' id='line_1_8' title="bbox 298 664 1244 743; baseline 0.006 -28"><span class='ocrx_word' id='word_1_37' title='bbox 298 673 418 717; x_wconf 74' lang='grc' dir='ltr'>σετν</span> <span class='ocrx_word' id='word_1_38' title='bbox 442 664 514 743; x_wconf 75' lang='grc' dir='ltr'><strong>εἰς</strong></span> <span class='ocrx_word' id='word_1_39' title='bbox 558 677 753 743; x_wconf 77' lang='grc' dir='ltr'>χεῖρας</span> <span class='ocrx_word' id='word_1_40' title='bbox 785 671 919 721; x_wconf 90' lang='grc' dir='ltr'>Θεοῦ</span> <span class='ocrx_word' id='word_1_41' title='bbox 960 669 1180 735; x_wconf 85' lang='grc' dir='ltr'>ζῶντος.</span> <span class='ocrx_word' id='word_1_42' title='bbox 1220 687 1244 722; x_wconf 79' lang='grc' dir='ltr'><strong>ιι</strong></span> 
     </span>
    </p>
   </div>
   <div class='ocr_carea' id='block_1_9' title="bbox 388 742 1950 833">
    <p class='ocr_par' dir='ltr' id='par_1_9' title="bbox 388 742 1950 833">
     <span class='ocr_line' id='line_1_9' title="bbox 388 742 1950 833; baseline -0.009 -12"><span class='ocrx_word' id='word_1_43' title='bbox 388 774 417 805; x_wconf 76' lang='grc' dir='ltr'><strong>ε</strong></span> <span class='ocrx_word' id='word_1_44' title='bbox 452 742 735 818; x_wconf 67' lang='grc' dir='ltr'><strong>Ἐκόνσῖὼς</strong></span> <span class='ocrx_word' id='word_1_45' title='bbox 764 753 888 833; x_wconf 82' lang='grc' dir='ltr'>γάρ.</span> <span class='ocrx_word' id='word_1_46' title='bbox 929 775 951 811; x_wconf 77' lang='grc' dir='ltr'><strong>ιι</strong></span> <span class='ocrx_word' id='word_1_47' title='bbox 990 787 1067 799; x_wconf 77' lang='grc'><strong><em>-</em></strong></span> <span class='ocrx_word' id='word_1_48' title='bbox 1112 751 1443 832; x_wconf 60' lang='lat' dir='ltr'><strong>[morm]</strong></span> <span class='ocrx_word' id='word_1_49' title='bbox 1481 743 1667 833; x_wconf 48' lang='lat' dir='ltr'><strong>‘one</strong></span> <span class='ocrx_word' id='word_1_50' title='bbox 1710 773 1769 830; x_wconf 86' lang='grc' dir='ltr'><strong>γε</strong></span> <span class='ocrx_word' id='word_1_51' title='bbox 1795 751 1950 809; x_wconf 74' lang='grc' dir='ltr'>ἀκού-</span> 
     </span>
    </p>
   </div>
   <div class='ocr_carea' id='block_1_10' title="bbox 2032 658 2797 724">
    <p class='ocr_par' dir='ltr' id='par_1_10' title="bbox 2032 658 2797 724">
     <span class='ocr_line' id='line_1_10' title="bbox 2032 658 2797 724; baseline 0.005 -5"><span class='ocrx_word' id='word_1_52' title='bbox 2032 658 2101 720; x_wconf 78' lang='lat' dir='ltr'><strong>t&#39;n</strong></span> <span class='ocrx_word' id='word_1_53' title='bbox 2128 677 2346 722; x_wconf 80' lang='lat' dir='ltr'><strong>manus</strong></span> <span class='ocrx_word' id='word_1_54' title='bbox 2378 662 2483 723; x_wconf 77' lang='lat' dir='ltr'><strong>Dei</strong></span> <span class='ocrx_word' id='word_1_55' title='bbox 2513 662 2797 724; x_wconf 73' lang='lat' dir='ltr'><strong>viventis.</strong></span> 
     </span>
    </p>
   </div>
   <div class='ocr_carea' id='block_1_11' title="bbox 2117 746 3689 829">
    <p class='ocr_par' dir='ltr' id='par_1_11' title="bbox 2117 746 3689 829">
     <span class='ocr_line' id='line_1_11' title="bbox 2117 746 3689 829; baseline 0.004 -25"><span class='ocrx_word' id='word_1_56' title='bbox 2117 773 2145 804; x_wconf 73' lang='grc' dir='ltr'><strong>α</strong></span> <span class='ocrx_word' id='word_1_57' title='bbox 2178 747 2322 811; x_wconf 89' lang='lat' dir='ltr'><strong>Nam</strong></span> <span class='ocrx_word' id='word_1_58' title='bbox 2357 748 2457 811; x_wconf 90' lang='lat' dir='ltr'><strong>ubi</strong></span> <span class='ocrx_word' id='word_1_59' title='bbox 2489 750 2838 812; x_wconf 80' lang='lat' dir='ltr'><strong>voluntarie.</strong></span> <span class='ocrx_word' id='word_1_60' title='bbox 2880 774 2902 807; x_wconf 75' lang='grc' dir='ltr'><strong>ο</strong></span> <span class='ocrx_word' id='word_1_61' title='bbox 2942 746 3689 829; x_wconf 79' lang='lat' dir='ltr'><strong>Tanquam,involuntaria</strong></span> 
     </span>
    </p>
   </div>
   <div class='ocr_carea' id='block_1_12' title="bbox 300 831 1960 923">
    <p class='ocr_par' dir='ltr' id='par_1_12' title="bbox 300 831 1947 923">
     <span class='ocr_line' id='line_1_12' title="bbox 300 831 1947 923; baseline 0.001 -28"><span class='ocrx_word' id='word_1_62' title='bbox 300 860 391 895; x_wconf 90' lang='grc' dir='ltr'><strong>σια</strong></span> <span class='ocrx_word' id='word_1_63' title='bbox 433 831 787 922; x_wconf 72' lang='grc' dir='ltr'>ἐλαφροτέραν</span> <span class='ocrx_word' id='word_1_64' title='bbox 837 831 954 923; x_wconf 74' lang='grc' dir='ltr'>ἔχει</span> <span class='ocrx_word' id='word_1_65' title='bbox 1012 842 1110 910; x_wconf 75' lang='grc' dir='ltr'>τὴν</span> <span class='ocrx_word' id='word_1_66' title='bbox 1135 831 1140 832; x_wconf 19' lang='grc'><strong><em>⁷</em></strong></span> <span class='ocrx_word' id='word_1_67' title='bbox 1164 843 1449 921; x_wconf 72' lang='grc' dir='ltr'><strong>τιμωρίαν.</strong></span> <span class='ocrx_word' id='word_1_68' title='bbox 1517 860 1547 899; x_wconf 69' lang='grc' dir='ltr'>ί</span> <span class='ocrx_word' id='word_1_69' title='bbox 1587 831 1947 919; x_wconf 71' lang='grc' dir='ltr'>Ἃμαρτανόν-</span> 
     </span>
    </p>
   </div>
   <div class='ocr_carea' id='block_1_13' title="bbox 2046 831 3690 923">
    <p class='ocr_par' dir='ltr' id='par_1_13' title="bbox 2046 836 3690 919">
     <span class='ocr_line' id='line_1_13' title="bbox 2046 836 3690 919; baseline 0.001 -21"><span class='ocrx_word' id='word_1_70' title='bbox 2046 838 2217 899; x_wconf 74' lang='lat' dir='ltr'><strong>levius</strong></span> <span class='ocrx_word' id='word_1_71' title='bbox 2276 838 2617 919; x_wconf 74' lang='lat' dir='ltr'><strong>puniantur.</strong></span> <span class='ocrx_word' id='word_1_72' title='bbox 2685 863 2708 894; x_wconf 78' lang='grc' dir='ltr'><strong>ιι</strong></span> <span class='ocrx_word' id='word_1_73' title='bbox 2768 840 3113 901; x_wconf 85' lang='lat' dir='ltr'><strong>Peccamus.</strong></span> <span class='ocrx_word' id='word_1_74' title='bbox 3162 857 3188 904; x_wconf 67' lang='grc' dir='ltr'><strong>ν</strong></span> <span class='ocrx_word' id='word_1_75' title='bbox 3263 836 3690 900; x_wconf 82' lang='lat' dir='ltr'><strong>Animadverte</strong></span> 
     </span>
    </p>
   </div>
   <div class='ocr_carea' id='block_1_14' title="bbox 284 929 1953 1009">
    <p class='ocr_par' dir='ltr' id='par_1_14' title="bbox 284 929 1953 1009">
     <span class='ocr_line' id='line_1_14' title="bbox 284 929 1953 1009; baseline 0.001 -26"><span class='ocrx_word' id='word_1_76' title='bbox 284 948 407 1001; x_wconf 22' lang='grc' dir='ltr'>,των</span> <span class='ocrx_word' id='word_1_77' title='bbox 436 930 613 1004; x_wconf 77' lang='grc' dir='ltr'>ἡμῶν,</span> <span class='ocrx_word' id='word_1_78' title='bbox 673 953 697 987; x_wconf 75' lang='grc' dir='ltr'><strong>ι</strong></span> <span class='ocrx_word' id='word_1_79' title='bbox 754 932 1065 1007; x_wconf 88' lang='grc' dir='ltr'>Σημείωσαι</span> <span class='ocrx_word' id='word_1_80' title='bbox 1121 929 1203 987; x_wconf 84' lang='grc' dir='ltr'><strong>ὅτι</strong></span> <span class='ocrx_word' id='word_1_81' title='bbox 1246 934 1341 989; x_wconf 70' lang='grc' dir='ltr'><strong>οὐκ</strong></span> <span class='ocrx_word' id='word_1_82' title='bbox 1383 930 1538 987; x_wconf 75' lang='grc' dir='ltr'>εἶπεν</span> <span class='ocrx_word' id='word_1_83' title='bbox 1607 930 1953 1009; x_wconf 83' lang='grc' dir='ltr'>ἁμαρτησάν-</span> 
     </span>
    </p>
   </div>
   <div class='ocr_carea' id='block_1_15' title="bbox 298 1017 1953 1100">
    <p class='ocr_par' dir='ltr' id='par_1_15' title="bbox 298 1017 1953 1100">
     <span class='ocr_line' id='line_1_15' title="bbox 298 1017 1953 1100; baseline 0.001 -27"><span class='ocrx_word' id='word_1_84' title='bbox 298 1038 429 1096; x_wconf 87' lang='grc' dir='ltr'>των,</span> <span class='ocrx_word' id='word_1_85' title='bbox 492 1017 629 1074; x_wconf 76' lang='grc' dir='ltr'>ἀλλὰ</span> <span class='ocrx_word' id='word_1_86' title='bbox 682 1027 758 1095; x_wconf 85' lang='grc' dir='ltr'><strong>τῷ</strong></span> <span class='ocrx_word' id='word_1_87' title='bbox 815 1026 1160 1097; x_wconf 82' lang='grc' dir='ltr'>παρατατικῷ</span> <span class='ocrx_word' id='word_1_88' title='bbox 1215 1021 1510 1100; x_wconf 76' lang='grc' dir='ltr'>ἒχρήσατο,</span> <span class='ocrx_word' id='word_1_89' title='bbox 1567 1017 1731 1100; x_wconf 61' lang='grc' dir='ltr'>δεῖξαι</span> <span class='ocrx_word' id='word_1_90' title='bbox 1789 1017 1953 1076; x_wconf 89' lang='grc' dir='ltr'>θέλων</span> 
     </span>
    </p>
   </div>
   <div class='ocr_carea' id='block_1_16' title="bbox 300 1097 1952 1189">
    <p class='ocr_par' dir='ltr' id='par_1_16' title="bbox 300 1097 1952 1189">
     <span class='ocr_line' id='line_1_16' title="bbox 300 1097 1952 1189; baseline 0.002 -28"><span class='ocrx_word' id='word_1_91' title='bbox 300 1107 362 1161; x_wconf 81' lang='grc' dir='ltr'>τὸ</span> <span class='ocrx_word' id='word_1_92' title='bbox 391 1104 519 1188; x_wconf 76' lang='grc' dir='ltr'>ἄχρι</span> <span class='ocrx_word' id='word_1_93' title='bbox 544 1107 797 1176; x_wconf 78' lang='grc' dir='ltr'><strong>τελευτῆς</strong></span> <span class='ocrx_word' id='word_1_94' title='bbox 861 1109 1127 1185; x_wconf 76' lang='grc' dir='ltr'>ἐπιμένειν</span> <span class='ocrx_word' id='word_1_95' title='bbox 1170 1097 1540 1189; x_wconf 40' lang='grc' dir='ltr'>τῇηᾶμαρτίᾳ.</span> <span class='ocrx_word' id='word_1_96' title='bbox 1607 1097 1799 1165; x_wconf 68' lang='grc' dir='ltr'>’Ἔνθεν</span> <span class='ocrx_word' id='word_1_97' title='bbox 1854 1109 1952 1188; x_wconf 76' lang='grc' dir='ltr'>γὰρ</span> 
     </span>
    </p>
   </div>
   <div class='ocr_carea' id='block_1_17' title="bbox 301 1195 1947 1278">
    <p class='ocr_par' dir='ltr' id='par_1_17' title="bbox 301 1195 1947 1278">
     <span class='ocr_line' id='line_1_17' title="bbox 301 1195 1947 1278; baseline 0.002 -26"><span class='ocrx_word' id='word_1_98' title='bbox 301 1195 535 1272; x_wconf 81' lang='grc' dir='ltr'>μάλιστα</span> <span class='ocrx_word' id='word_1_99' title='bbox 603 1196 789 1272; x_wconf 83' lang='grc' dir='ltr'>δῆλον,</span> <span class='ocrx_word' id='word_1_100' title='bbox 854 1197 935 1256; x_wconf 77' lang='grc' dir='ltr'><strong>ὅτι</strong></span> <span class='ocrx_word' id='word_1_101' title='bbox 1012 1199 1106 1256; x_wconf 72' lang='grc' dir='ltr'>οὔκ</span> <span class='ocrx_word' id='word_1_102' title='bbox 1168 1198 1373 1278; x_wconf 76' lang='grc' dir='ltr'>ἀναιρεῖ</span> <span class='ocrx_word' id='word_1_103' title='bbox 1454 1197 1556 1265; x_wconf 71' lang='grc' dir='ltr'>τὴν</span> <span class='ocrx_word' id='word_1_104' title='bbox 1642 1196 1947 1273; x_wconf 86' lang='grc' dir='ltr'>μετάνοιαν.</span> 
     </span>
    </p>
   </div>
   <div class='ocr_carea' id='block_1_18' title="bbox 309 1285 1953 1366">
    <p class='ocr_par' dir='ltr' id='par_1_18' title="bbox 309 1285 1953 1366">
     <span class='ocr_line' id='line_1_18' title="bbox 309 1285 1953 1366; baseline 0.001 -25"><span class='ocrx_word' id='word_1_105' title='bbox 309 1305 336 1342; x_wconf 77' lang='lat' dir='ltr'><strong>e</strong></span> <span class='ocrx_word' id='word_1_106' title='bbox 385 1287 534 1349; x_wconf 71' lang='grc' dir='ltr'>Μετὰ</span> <span class='ocrx_word' id='word_1_107' title='bbox 590 1290 650 1343; x_wconf 85' lang='grc' dir='ltr'>τὸ</span> <span class='ocrx_word' id='word_1_108' title='bbox 707 1285 893 1345; x_wconf 80' lang='grc' dir='ltr'>λαϐεῖν</span> <span class='ocrx_word' id='word_1_109' title='bbox 947 1288 1046 1356; x_wconf 78' lang='grc' dir='ltr'><strong>τὴν</strong></span> <span class='ocrx_word' id='word_1_110' title='bbox 1098 1287 1401 1366; x_wconf 81' lang='grc' dir='ltr'>ἐπίγνωσιν,</span> <span class='ocrx_word' id='word_1_111' title='bbox 1450 1306 1480 1347; x_wconf 84' lang='grc'><strong>)</strong></span> <span class='ocrx_word' id='word_1_112' title='bbox 1510 1285 1809 1363; x_wconf 84' lang='grc' dir='ltr'>·Τουτέστι,</span> <span class='ocrx_word' id='word_1_113' title='bbox 1855 1287 1953 1354; x_wconf 79' lang='grc' dir='ltr'><strong>τὴν</strong></span> 
     </span>
    </p>
   </div>
   <div class='ocr_carea' id='block_1_19' title="bbox 299 1376 1951 1457">
    <p class='ocr_par' dir='ltr' id='par_1_19' title="bbox 299 1376 1951 1457">
     <span class='ocr_line' id='line_1_19' title="bbox 299 1376 1951 1457; baseline -0.001 -24"><span class='ocrx_word' id='word_1_114' title='bbox 299 1377 419 1455; x_wconf 76' lang='grc' dir='ltr'>περὶ</span> <span class='ocrx_word' id='word_1_115' title='bbox 476 1384 703 1457; x_wconf 78' lang='grc' dir='ltr'><strong>Χριστοῦ</strong></span> <span class='ocrx_word' id='word_1_116' title='bbox 759 1378 956 1441; x_wconf 87' lang='grc' dir='ltr'>πίστιν,</span> <span class='ocrx_word' id='word_1_117' title='bbox 1009 1400 1036 1433; x_wconf 78' lang='grc' dir='ltr'><strong>α</strong></span> <span class='ocrx_word' id='word_1_118' title='bbox 1084 1377 1194 1436; x_wconf 80' lang='grc' dir='ltr'><strong>Οὒκ</strong></span> <span class='ocrx_word' id='word_1_119' title='bbox 1246 1376 1322 1433; x_wconf 79' lang='grc' dir='ltr'>ἔτι</span> <span class='ocrx_word' id='word_1_120' title='bbox 1391 1377 1511 1457; x_wconf 63' lang='grc' dir='ltr'>περὶ</span> <span class='ocrx_word' id='word_1_121' title='bbox 1581 1377 1873 1454; x_wconf 82' lang='grc' dir='ltr'>ἁμαρτιῶν.</span> <span class='ocrx_word' id='word_1_122' title='bbox 1924 1399 1951 1431; x_wconf 74' lang='grc' dir='ltr'>ιο</span> 
     </span>
    </p>
   </div>
   <div class='ocr_carea' id='block_1_20' title="bbox 303 1452 1957 1544">
    <p class='ocr_par' dir='ltr' id='par_1_20' title="bbox 303 1452 1957 1544">
     <span class='ocr_line' id='line_1_20' title="bbox 303 1452 1957 1544; baseline -0.001 -23"><span class='ocrx_word' id='word_1_123' title='bbox 303 1452 394 1529; x_wconf 56' lang='lat' dir='ltr'><strong>Et:</strong></span> <span class='ocrx_word' id='word_1_124' title='bbox 445 1452 537 1522; x_wconf 35' lang='grc' dir='ltr'><strong>τὸ-</strong></span> <span class='ocrx_word' id='word_1_125' title='bbox 572 1464 850 1543; x_wconf 71' lang='grc' dir='ltr'>ἐξαλεῖψαι</span> <span class='ocrx_word' id='word_1_126' title='bbox 919 1467 1014 1530; x_wconf 81' lang='grc' dir='ltr'><strong>τὰς</strong></span> <span class='ocrx_word' id='word_1_127' title='bbox 1085 1465 1367 1544; x_wconf 81' lang='grc' dir='ltr'>ἁμαρτίας.</span> <span class='ocrx_word' id='word_1_128' title='bbox 1426 1452 1595 1522; x_wconf 65' lang='grc' dir='ltr'><strong>τΙῖσαν</strong></span> <span class='ocrx_word' id='word_1_129' title='bbox 1650 1452 1750 1543; x_wconf 60' lang='grc' dir='ltr'><strong>γὰρ</strong></span> <span class='ocrx_word' id='word_1_130' title='bbox 1818 1464 1957 1544; x_wconf 83' lang='grc' dir='ltr'>παρὰ</span> 
     </span>
    </p>
   </div>
   <div class='ocr_carea' id='block_1_21' title="bbox 301 1551 1955 1636">
    <p class='ocr_par' dir='ltr' id='par_1_21' title="bbox 301 1551 1955 1636">
     <span class='ocr_line' id='line_1_21' title="bbox 301 1551 1955 1636; baseline -0.001 -25"><span class='ocrx_word' id='word_1_131' title='bbox 301 1551 575 1620; x_wconf 75' lang='grc' dir='ltr'>Ἰουδαίοις</span> <span class='ocrx_word' id='word_1_132' title='bbox 636 1555 1056 1636; x_wconf 69' lang='grc' dir='ltr'>προσφερόμεναι</span> <span class='ocrx_word' id='word_1_133' title='bbox 1126 1554 1292 1610; x_wconf 82' lang='grc' dir='ltr'>θυσίαι</span> <span class='ocrx_word' id='word_1_134' title='bbox 1362 1554 1492 1631; x_wconf 75' lang='grc' dir='ltr'>ὑπὲρ</span> <span class='ocrx_word' id='word_1_135' title='bbox 1561 1552 1797 1635; x_wconf 80' lang='grc' dir='ltr'><strong>ἀφέσεως</strong></span> <span class='ocrx_word' id='word_1_136' title='bbox 1856 1556 1955 1610; x_wconf 78' lang='grc' dir='ltr'><strong>αὐ-</strong></span> 
     </span>
    </p>
   </div>
   <div class='ocr_carea' id='block_1_22' title="bbox 299 1641 1955 1723">
    <p class='ocr_par' dir='ltr' id='par_1_22' title="bbox 299 1641 1955 1723">
     <span class='ocr_line' id='line_1_22' title="bbox 299 1641 1955 1723; baseline 0 -24"><span class='ocrx_word' id='word_1_137' title='bbox 299 1649 432 1723; x_wconf 84' lang='grc' dir='ltr'>τῶν,</span> <span class='ocrx_word' id='word_1_138' title='bbox 477 1644 556 1720; x_wconf 79' lang='grc' dir='ltr'>μή</span> <span class='ocrx_word' id='word_1_139' title='bbox 599 1644 680 1701; x_wconf 84' lang='grc' dir='ltr'><strong>ὅτι</strong></span> <span class='ocrx_word' id='word_1_140' title='bbox 736 1647 823 1701; x_wconf 83' lang='grc' dir='ltr'><strong>καὶ</strong></span> <span class='ocrx_word' id='word_1_141' title='bbox 852 1644 1052 1701; x_wconf 79' lang='grc' dir='ltr'>ἐκεῖναι</span> <span class='ocrx_word' id='word_1_142' title='bbox 1110 1643 1240 1721; x_wconf 77' lang='grc' dir='ltr'>ὑπὲρ</span> <span class='ocrx_word' id='word_1_143' title='bbox 1286 1641 1566 1705; x_wconf 77' lang='grc' dir='ltr'>ἀκουσίων,</span> <span class='ocrx_word' id='word_1_144' title='bbox 1613 1663 1636 1698; x_wconf 85' lang='grc' dir='ltr'><strong>ιι</strong></span> <span class='ocrx_word' id='word_1_145' title='bbox 1702 1641 1955 1700; x_wconf 80' lang='grc' dir='ltr'>Ἀπολεί-</span> 
     </span>
    </p>
   </div>
   <div class='ocr_carea' id='block_1_23' title="bbox 2035 925 3688 1008">
    <p class='ocr_par' dir='ltr' id='par_1_23' title="bbox 2035 925 3688 1008">
     <span class='ocr_line' id='line_1_23' title="bbox 2035 925 3688 1008; baseline 0.001 -22"><span class='ocrx_word' id='word_1_146' title='bbox 2035 925 2191 1006; x_wconf 90' lang='lat' dir='ltr'><strong>quod</strong></span> <span class='ocrx_word' id='word_1_147' title='bbox 2215 945 2329 987; x_wconf 90' lang='lat' dir='ltr'><strong>non</strong></span> <span class='ocrx_word' id='word_1_148' title='bbox 2361 926 2579 989; x_wconf 76' lang='lat' dir='ltr'><strong>dixerit</strong></span> <span class='ocrx_word' id='word_1_149' title='bbox 2602 928 2998 1008; x_wconf 72' lang='lat' dir='ltr'><strong>peccavimus,</strong></span> <span class='ocrx_word' id='word_1_150' title='bbox 3031 925 3133 989; x_wconf 90' lang='lat' dir='ltr'><strong>sed</strong></span> <span class='ocrx_word' id='word_1_151' title='bbox 3165 926 3522 1005; x_wconf 78' lang='lat' dir='ltr'><strong>imperfecto</strong></span> <span class='ocrx_word' id='word_1_152' title='bbox 3541 944 3688 988; x_wconf 89' lang='lat' dir='ltr'><strong>usus</strong></span> 
     </span>
    </p>
   </div>
   <div class='ocr_carea' id='block_1_24' title="bbox 2037 1015 3690 1097">
    <p class='ocr_par' dir='ltr' id='par_1_24' title="bbox 2037 1015 3690 1097">
     <span class='ocr_line' id='line_1_24' title="bbox 2037 1015 3690 1097; baseline 0.002 -23"><span class='ocrx_word' id='word_1_153' title='bbox 2037 1021 2125 1075; x_wconf 91' lang='lat' dir='ltr'><strong>est</strong></span> <span class='ocrx_word' id='word_1_154' title='bbox 2149 1015 2481 1096; x_wconf 89' lang='lat' dir='ltr'><strong>participio,</strong></span> <span class='ocrx_word' id='word_1_155' title='bbox 2516 1019 2943 1097; x_wconf 74' lang='grc' dir='ltr'>ἁμαρτανόντων,</span> <span class='ocrx_word' id='word_1_156' title='bbox 2982 1015 3299 1078; x_wconf 84' lang='lat' dir='ltr'><strong>ostendere</strong></span> <span class='ocrx_word' id='word_1_157' title='bbox 3327 1015 3534 1078; x_wconf 88' lang='lat' dir='ltr'><strong>volens</strong></span> <span class='ocrx_word' id='word_1_158' title='bbox 3556 1034 3690 1096; x_wconf 85' lang='lat' dir='ltr'><strong>per-</strong></span> 
     </span>
    </p>
   </div>
   <div class='ocr_carea' id='block_1_25' title="bbox 2036 1103 3690 1187">
    <p class='ocr_par' dir='ltr' id='par_1_25' title="bbox 2036 1103 3690 1187">
     <span class='ocr_line' id='line_1_25' title="bbox 2036 1103 3690 1187; baseline 0.002 -23"><span class='ocrx_word' id='word_1_159' title='bbox 2036 1105 2424 1166; x_wconf 87' lang='lat' dir='ltr'><strong>severantiam</strong></span> <span class='ocrx_word' id='word_1_160' title='bbox 2455 1104 2515 1167; x_wconf 90' lang='lat' dir='ltr'><strong>in</strong></span> <span class='ocrx_word' id='word_1_161' title='bbox 2548 1114 2791 1187; x_wconf 89' lang='lat' dir='ltr'><strong>peccato</strong></span> <span class='ocrx_word' id='word_1_162' title='bbox 2836 1123 3024 1187; x_wconf 90' lang='lat' dir='ltr'><strong>usque</strong></span> <span class='ocrx_word' id='word_1_163' title='bbox 3080 1105 3150 1167; x_wconf 91' lang='lat' dir='ltr'><strong>ad</strong></span> <span class='ocrx_word' id='word_1_164' title='bbox 3211 1113 3485 1169; x_wconf 89' lang='lat' dir='ltr'><strong>mortem.</strong></span> <span class='ocrx_word' id='word_1_165' title='bbox 3535 1103 3690 1168; x_wconf 87' lang='lat' dir='ltr'><strong>Hinc</strong></span> 
     </span>
    </p>
   </div>
   <div class='ocr_carea' id='block_1_26' title="bbox 2036 1191 3688 1276">
    <p class='ocr_par' dir='ltr' id='par_1_26' title="bbox 2036 1191 3688 1276">
     <span class='ocr_line' id='line_1_26' title="bbox 2036 1191 3688 1276; baseline 0.002 -24"><span class='ocrx_word' id='word_1_166' title='bbox 2036 1191 2193 1252; x_wconf 89' lang='lat' dir='ltr'><strong>enim</strong></span> <span class='ocrx_word' id='word_1_167' title='bbox 2230 1194 2539 1273; x_wconf 87' lang='lat' dir='ltr'><strong>potissime</strong></span> <span class='ocrx_word' id='word_1_168' title='bbox 2587 1194 2965 1257; x_wconf 83' lang='lat' dir='ltr'><strong>manifestum</strong></span> <span class='ocrx_word' id='word_1_169' title='bbox 3016 1203 3105 1258; x_wconf 88' lang='lat' dir='ltr'><strong>est</strong></span> <span class='ocrx_word' id='word_1_170' title='bbox 3149 1194 3306 1276; x_wconf 90' lang='lat' dir='ltr'><strong>quod</strong></span> <span class='ocrx_word' id='word_1_171' title='bbox 3370 1214 3490 1256; x_wconf 92' lang='lat' dir='ltr'><strong>non</strong></span> <span class='ocrx_word' id='word_1_172' title='bbox 3522 1194 3688 1256; x_wconf 86' lang='lat' dir='ltr'><strong>tollat</strong></span> 
     </span>
    </p>
   </div>
   <div class='ocr_carea' id='block_1_27' title="bbox 2038 1281 3680 1364">
    <p class='ocr_par' dir='ltr' id='par_1_27' title="bbox 2038 1281 3680 1364">
     <span class='ocr_line' id='line_1_27' title="bbox 2038 1281 3680 1364; baseline -0.001 -23"><span class='ocrx_word' id='word_1_173' title='bbox 2038 1281 2539 1361; x_wconf 89' lang='lat' dir='ltr'><strong>resipiscentiam.</strong></span> <span class='ocrx_word' id='word_1_174' title='bbox 2579 1309 2601 1340; x_wconf 87' lang='lat'><strong>«</strong></span> <span class='ocrx_word' id='word_1_175' title='bbox 2638 1282 2777 1345; x_wconf 86' lang='lat' dir='ltr'><strong>Post</strong></span> <span class='ocrx_word' id='word_1_176' title='bbox 2832 1292 3138 1364; x_wconf 70' lang='lat' dir='ltr'><strong>acceptam</strong></span> <span class='ocrx_word' id='word_1_177' title='bbox 3172 1282 3612 1363; x_wconf 91' lang='lat' dir='ltr'><strong>cognitionem:</strong></span> <span class='ocrx_word' id='word_1_178' title='bbox 3652 1308 3680 1340; x_wconf 75' lang='grc' dir='ltr'>ι)</span> 
     </span>
    </p>
   </div>
   <div class='ocr_carea' id='block_1_28' title="bbox 2038 1367 3690 1454">
    <p class='ocr_par' dir='ltr' id='par_1_28' title="bbox 2038 1367 3690 1454">
     <span class='ocr_line' id='line_1_28' title="bbox 2038 1367 3690 1454; baseline 0.004 -25"><span class='ocrx_word' id='word_1_179' title='bbox 2038 1367 2165 1431; x_wconf 83' lang='grc' dir='ltr'>Ηοο</span> <span class='ocrx_word' id='word_1_180' title='bbox 2198 1379 2309 1446; x_wconf 88' lang='lat' dir='ltr'><strong>est,</strong></span> <span class='ocrx_word' id='word_1_181' title='bbox 2342 1372 2523 1434; x_wconf 90' lang='lat' dir='ltr'><strong>ﬁdem</strong></span> <span class='ocrx_word' id='word_1_182' title='bbox 2553 1371 2629 1433; x_wconf 92' lang='lat' dir='ltr'><strong>de</strong></span> <span class='ocrx_word' id='word_1_183' title='bbox 2660 1370 2916 1436; x_wconf 84' lang='lat' dir='ltr'><strong>Christo.</strong></span> <span class='ocrx_word' id='word_1_184' title='bbox 2949 1397 2975 1429; x_wconf 74' lang='grc' dir='ltr'><strong>ι</strong></span> <span class='ocrx_word' id='word_1_185' title='bbox 3001 1372 3128 1434; x_wconf 89' lang='lat' dir='ltr'><strong>Non</strong></span> <span class='ocrx_word' id='word_1_186' title='bbox 3152 1372 3310 1435; x_wconf 87' lang='lat' dir='ltr'><strong>ultra</strong></span> <span class='ocrx_word' id='word_1_187' title='bbox 3346 1390 3456 1452; x_wconf 87' lang='lat' dir='ltr'><strong>pro</strong></span> <span class='ocrx_word' id='word_1_188' title='bbox 3480 1391 3690 1454; x_wconf 88' lang='lat' dir='ltr'><strong>pecca-</strong></span> 
     </span>
    </p>
   </div>
   <div class='ocr_carea' id='block_1_29' title="bbox 2038 1457 3684 1542">
    <p class='ocr_par' dir='ltr' id='par_1_29' title="bbox 2038 1457 3684 1542">
     <span class='ocr_line' id='line_1_29' title="bbox 2038 1457 3684 1542; baseline 0.002 -23"><span class='ocrx_word' id='word_1_189' title='bbox 2038 1457 2151 1520; x_wconf 87' lang='lat' dir='ltr'><strong>tis:</strong></span> <span class='ocrx_word' id='word_1_190' title='bbox 2193 1484 2215 1515; x_wconf 68' lang='grc' dir='ltr'><strong>ρ</strong></span> <span class='ocrx_word' id='word_1_191' title='bbox 2253 1459 2324 1521; x_wconf 92' lang='lat' dir='ltr'><strong>ad</strong></span> <span class='ocrx_word' id='word_1_192' title='bbox 2357 1460 2612 1523; x_wconf 87' lang='lat' dir='ltr'><strong>delenda</strong></span> <span class='ocrx_word' id='word_1_193' title='bbox 2644 1460 2741 1523; x_wconf 88' lang='lat' dir='ltr'><strong>illa</strong></span> <span class='ocrx_word' id='word_1_194' title='bbox 2790 1470 3053 1542; x_wconf 89' lang='lat' dir='ltr'><strong>peccata.</strong></span> <span class='ocrx_word' id='word_1_195' title='bbox 3110 1460 3290 1523; x_wconf 87' lang='lat' dir='ltr'><strong>Erant</strong></span> <span class='ocrx_word' id='word_1_196' title='bbox 3338 1460 3499 1523; x_wconf 91' lang='lat' dir='ltr'><strong>enim</strong></span> <span class='ocrx_word' id='word_1_197' title='bbox 3529 1460 3684 1542; x_wconf 85' lang='lat' dir='ltr'><strong>apud</strong></span> 
     </span>
    </p>
   </div>
   <div class='ocr_carea' id='block_1_30' title="bbox 2035 1546 3687 1631">
    <p class='ocr_par' dir='ltr' id='par_1_30' title="bbox 2035 1546 3687 1631">
     <span class='ocr_line' id='line_1_30' title="bbox 2035 1546 3687 1631; baseline 0.004 -25"><span class='ocrx_word' id='word_1_198' title='bbox 2035 1546 2274 1608; x_wconf 68' lang='lat' dir='ltr'><strong>Judaaos</strong></span> <span class='ocrx_word' id='word_1_199' title='bbox 2306 1548 2521 1612; x_wconf 77' lang='lat' dir='ltr'><strong>hostiae</strong></span> <span class='ocrx_word' id='word_1_200' title='bbox 2550 1569 2681 1631; x_wconf 67' lang='lat' dir='ltr'><strong>quae</strong></span> <span class='ocrx_word' id='word_1_201' title='bbox 2710 1567 2816 1629; x_wconf 91' lang='lat' dir='ltr'><strong>pro</strong></span> <span class='ocrx_word' id='word_1_202' title='bbox 2849 1550 3114 1631; x_wconf 90' lang='lat' dir='ltr'><strong>ipsorum</strong></span> <span class='ocrx_word' id='word_1_203' title='bbox 3143 1549 3494 1614; x_wconf 86' lang='lat' dir='ltr'><strong>remissione</strong></span> <span class='ocrx_word' id='word_1_204' title='bbox 3538 1551 3687 1613; x_wconf 68' lang='grc' dir='ltr'>οσο-</span> 
     </span>
    </p>
   </div>
   <div class='ocr_carea' id='block_1_31' title="bbox 2035 1636 3684 1720">
    <p class='ocr_par' dir='ltr' id='par_1_31' title="bbox 2035 1636 3684 1720">
     <span class='ocr_line' id='line_1_31' title="bbox 2035 1636 3684 1720; baseline 0.004 -25"><span class='ocrx_word' id='word_1_205' title='bbox 2035 1636 2348 1714; x_wconf 84' lang='lat' dir='ltr'><strong>rebantur,</strong></span> <span class='ocrx_word' id='word_1_206' title='bbox 2384 1638 2468 1700; x_wconf 90' lang='lat' dir='ltr'><strong>sic</strong></span> <span class='ocrx_word' id='word_1_207' title='bbox 2502 1647 2566 1700; x_wconf 90' lang='lat' dir='ltr'><strong>ut</strong></span> <span class='ocrx_word' id='word_1_208' title='bbox 2594 1640 2710 1701; x_wconf 85' lang='lat' dir='ltr'><strong>illae</strong></span> <span class='ocrx_word' id='word_1_209' title='bbox 2743 1658 2858 1700; x_wconf 89' lang='lat' dir='ltr'><strong>non</strong></span> <span class='ocrx_word' id='word_1_210' title='bbox 2881 1648 3081 1701; x_wconf 90' lang='lat' dir='ltr'><strong>essent</strong></span> <span class='ocrx_word' id='word_1_211' title='bbox 3112 1658 3220 1720; x_wconf 91' lang='lat' dir='ltr'><strong>pro</strong></span> <span class='ocrx_word' id='word_1_212' title='bbox 3252 1639 3684 1703; x_wconf 88' lang='lat' dir='ltr'><strong>involuntariis.</strong></span> 
     </span>
    </p>
   </div>
   <div class='ocr_carea' id='block_1_32' title="bbox 302 1723 1960 1810">
    <p class='ocr_par' dir='ltr' id='par_1_32' title="bbox 302 1731 1951 1810">
     <span class='ocr_line' id='line_1_32' title="bbox 302 1731 1951 1810; baseline -0.001 -21"><span class='ocrx_word' id='word_1_213' title='bbox 302 1754 461 1789; x_wconf 82' lang='grc' dir='ltr'>πεται</span> <span class='ocrx_word' id='word_1_214' title='bbox 516 1733 686 1794; x_wconf 87' lang='grc' dir='ltr'>θυσία.</span> <span class='ocrx_word' id='word_1_215' title='bbox 729 1757 752 1791; x_wconf 71' lang='grc' dir='ltr'><strong>ι</strong></span> <span class='ocrx_word' id='word_1_216' title='bbox 791 1735 897 1791; x_wconf 71' lang='grc' dir='ltr'><strong>Οὐκ</strong></span> <span class='ocrx_word' id='word_1_217' title='bbox 952 1732 1161 1810; x_wconf 80' lang='grc' dir='ltr'>ἀναιρεῖ</span> <span class='ocrx_word' id='word_1_218' title='bbox 1216 1732 1312 1798; x_wconf 74' lang='grc' dir='ltr'><strong>τὴν</strong></span> <span class='ocrx_word' id='word_1_219' title='bbox 1368 1732 1672 1806; x_wconf 87' lang='grc' dir='ltr'>μετάνοιαν,</span> <span class='ocrx_word' id='word_1_220' title='bbox 1719 1731 1796 1806; x_wconf 79' lang='grc' dir='ltr'>μὴ</span> <span class='ocrx_word' id='word_1_221' title='bbox 1854 1732 1951 1810; x_wconf 83' lang='grc' dir='ltr'>γέ-</span> 
     </span>
    </p>
   </div>
   <div class='ocr_carea' id='block_1_33' title="bbox 2046 1723 3683 1810">
    <p class='ocr_par' dir='ltr' id='par_1_33' title="bbox 2046 1723 3683 1810">
     <span class='ocr_line' id='line_1_33' title="bbox 2046 1723 3683 1810; baseline 0.007 -29"><span class='ocrx_word' id='word_1_222' title='bbox 2046 1748 2063 1781; x_wconf 84' lang='grc' dir='ltr'><strong>ι</strong></span> <span class='ocrx_word' id='word_1_223' title='bbox 2101 1723 2353 1806; x_wconf 84' lang='lat' dir='ltr'><strong>Reliqua</strong></span> <span class='ocrx_word' id='word_1_224' title='bbox 2396 1735 2485 1788; x_wconf 90' lang='lat' dir='ltr'><strong>est</strong></span> <span class='ocrx_word' id='word_1_225' title='bbox 2524 1728 2739 1791; x_wconf 90' lang='lat' dir='ltr'><strong>hostia.</strong></span> <span class='ocrx_word' id='word_1_226' title='bbox 2780 1753 2804 1784; x_wconf 86' lang='lat'><strong>»</strong></span> <span class='ocrx_word' id='word_1_227' title='bbox 2840 1727 2970 1790; x_wconf 89' lang='lat' dir='ltr'><strong>Non</strong></span> <span class='ocrx_word' id='word_1_228' title='bbox 2999 1730 3152 1791; x_wconf 89' lang='lat' dir='ltr'><strong>tollit</strong></span> <span class='ocrx_word' id='word_1_229' title='bbox 3182 1729 3683 1810; x_wconf 88' lang='lat' dir='ltr'><strong>resipiscentiam.</strong></span> 
     </span>
    </p>
   </div>
   <div class='ocr_carea' id='block_1_34' title="bbox 304 1814 1960 1900">
    <p class='ocr_par' dir='ltr' id='par_1_34' title="bbox 304 1820 1947 1900">
     <span class='ocr_line' id='line_1_34' title="bbox 304 1820 1947 1900; baseline -0.001 -24"><span class='ocrx_word' id='word_1_230' title='bbox 304 1842 447 1878; x_wconf 80' lang='grc' dir='ltr'>νοιτο</span> <span class='ocrx_word' id='word_1_231' title='bbox 479 1838 495 1855; x_wconf 86' lang='grc'>⁶</span> <span class='ocrx_word' id='word_1_232' title='bbox 554 1820 690 1878; x_wconf 77' lang='grc' dir='ltr'>ἀλλὰ</span> <span class='ocrx_word' id='word_1_233' title='bbox 730 1823 793 1877; x_wconf 81' lang='grc' dir='ltr'>τὸ</span> <span class='ocrx_word' id='word_1_234' title='bbox 836 1822 977 1878; x_wconf 76' lang='grc' dir='ltr'>εἶναι</span> <span class='ocrx_word' id='word_1_235' title='bbox 1025 1820 1258 1900; x_wconf 81' lang='grc' dir='ltr'>δεύτερον</span> <span class='ocrx_word' id='word_1_236' title='bbox 1302 1820 1576 1896; x_wconf 81' lang='grc' dir='ltr'>βάπτισμα</span> <span class='ocrx_word' id='word_1_237' title='bbox 1605 1820 1947 1899; x_wconf 81' lang='grc' dir='ltr'>ἀπαγορεύει,</span> 
     </span>
    </p>
   </div>
   <div class='ocr_carea' id='block_1_35' title="bbox 2046 1814 3683 1900">
    <p class='ocr_par' dir='ltr' id='par_1_35' title="bbox 2046 1814 3683 1898">
     <span class='ocr_line' id='line_1_35' title="bbox 2046 1814 3683 1898; baseline 0.003 -25"><span class='ocrx_word' id='word_1_238' title='bbox 2046 1814 2282 1875; x_wconf 87' lang='lat' dir='ltr'><strong>minime</strong></span> <span class='ocrx_word' id='word_1_239' title='bbox 2296 1816 2597 1894; x_wconf 85' lang='lat' dir='ltr'><strong>gentium:</strong></span> <span class='ocrx_word' id='word_1_240' title='bbox 2629 1817 2733 1878; x_wconf 92' lang='lat' dir='ltr'><strong>sed</strong></span> <span class='ocrx_word' id='word_1_241' title='bbox 2755 1817 3019 1879; x_wconf 90' lang='lat' dir='ltr'><strong>secundo</strong></span> <span class='ocrx_word' id='word_1_242' title='bbox 3046 1817 3332 1898; x_wconf 89' lang='lat' dir='ltr'><strong>baptizari</strong></span> <span class='ocrx_word' id='word_1_243' title='bbox 3353 1817 3683 1880; x_wconf 88' lang='lat' dir='ltr'><strong>interdicit.</strong></span> 
     </span>
    </p>
   </div>
   <div class='ocr_carea' id='block_1_36' title="bbox 305 1901 1960 1989">
    <p class='ocr_par' dir='ltr' id='par_1_36' title="bbox 305 1909 1955 1989">
     <span class='ocr_line' id='line_1_36' title="bbox 305 1909 1955 1989; baseline -0.001 -22"><span class='ocrx_word' id='word_1_244' title='bbox 305 1910 497 1967; x_wconf 81' lang='grc' dir='ltr'>Θυσίαν</span> <span class='ocrx_word' id='word_1_245' title='bbox 540 1911 640 1989; x_wconf 77' lang='grc' dir='ltr'><strong>γὰρ</strong></span> <span class='ocrx_word' id='word_1_246' title='bbox 683 1910 920 1983; x_wconf 80' lang='grc' dir='ltr'>ἐνταῦθα,</span> <span class='ocrx_word' id='word_1_247' title='bbox 994 1912 1085 1966; x_wconf 83' lang='grc' dir='ltr'><strong>τὸν</strong></span> <span class='ocrx_word' id='word_1_248' title='bbox 1156 1911 1379 1988; x_wconf 77' lang='grc' dir='ltr'>σταυρὸν</span> <span class='ocrx_word' id='word_1_249' title='bbox 1432 1910 1520 1967; x_wconf 82' lang='grc' dir='ltr'><strong>καὶ</strong></span> <span class='ocrx_word' id='word_1_250' title='bbox 1562 1910 1624 1966; x_wconf 83' lang='grc' dir='ltr'>τὸ</span> <span class='ocrx_word' id='word_1_251' title='bbox 1680 1909 1955 1986; x_wconf 78' lang='grc' dir='ltr'>βάπτισμα</span> 
     </span>
    </p>
   </div>
   <div class='ocr_carea' id='block_1_37' title="bbox 2046 1901 3687 1989">
    <p class='ocr_par' dir='ltr' id='par_1_37' title="bbox 2046 1901 3687 1987">
     <span class='ocr_line' id='line_1_37' title="bbox 2046 1901 3687 1987; baseline 0.003 -24"><span class='ocrx_word' id='word_1_252' title='bbox 2046 1901 2183 1963; x_wconf 88' lang='lat' dir='ltr'><strong>Nam</strong></span> <span class='ocrx_word' id='word_1_253' title='bbox 2210 1904 2461 1965; x_wconf 89' lang='lat' dir='ltr'><strong>hostiam</strong></span> <span class='ocrx_word' id='word_1_254' title='bbox 2498 1905 2646 1965; x_wconf 90' lang='lat' dir='ltr'><strong>dicit</strong></span> <span class='ocrx_word' id='word_1_255' title='bbox 2691 1907 2802 1967; x_wconf 87' lang='lat' dir='ltr'><strong>hoc</strong></span> <span class='ocrx_word' id='word_1_256' title='bbox 2824 1905 2954 1966; x_wconf 88' lang='lat' dir='ltr'><strong>loco</strong></span> <span class='ocrx_word' id='word_1_257' title='bbox 2973 1906 3311 1986; x_wconf 87' lang='lat' dir='ltr'><strong>passionem</strong></span> <span class='ocrx_word' id='word_1_258' title='bbox 3358 1916 3417 1968; x_wconf 91' lang='lat' dir='ltr'><strong>et</strong></span> <span class='ocrx_word' id='word_1_259' title='bbox 3458 1905 3687 1987; x_wconf 88' lang='lat' dir='ltr'><strong>baptis-</strong></span> 
     </span>
    </p>
   </div>
   <div class='ocr_carea' id='block_1_38' title="bbox 302 1997 1956 2079">
    <p class='ocr_par' dir='ltr' id='par_1_38' title="bbox 302 1997 1956 2079">
     <span class='ocr_line' id='line_1_38' title="bbox 302 1997 1956 2079; baseline 0 -24"><span class='ocrx_word' id='word_1_260' title='bbox 302 1998 485 2074; x_wconf 77' lang='grc' dir='ltr'>καλεῖ,</span> <span class='ocrx_word' id='word_1_261' title='bbox 532 2000 705 2062; x_wconf 82' lang='grc' dir='ltr'>καθὼς</span> <span class='ocrx_word' id='word_1_262' title='bbox 760 2000 849 2056; x_wconf 83' lang='grc' dir='ltr'><strong>καὶ</strong></span> <span class='ocrx_word' id='word_1_263' title='bbox 905 1997 1151 2079; x_wconf 82' lang='grc' dir='ltr'>ἀλλαχοῦ</span> <span class='ocrx_word' id='word_1_264' title='bbox 1192 2021 1344 2078; x_wconf 82' lang='grc' dir='ltr'>φησι.</span> <span class='ocrx_word' id='word_1_265' title='bbox 1426 2021 1447 2055; x_wconf 74' lang='grc' dir='ltr'><strong>ι</strong></span> <span class='ocrx_word' id='word_1_266' title='bbox 1510 2005 1617 2071; x_wconf 82' lang='grc' dir='ltr'>Μιᾷ</span> <span class='ocrx_word' id='word_1_267' title='bbox 1670 1999 1770 2078; x_wconf 80' lang='grc' dir='ltr'><strong>γὰρ</strong></span> <span class='ocrx_word' id='word_1_268' title='bbox 1810 2000 1956 2072; x_wconf 82' lang='grc' dir='ltr'>θυσίᾳ</span> 
     </span>
    </p>
   </div>
   <div class='ocr_carea' id='block_1_39' title="bbox 301 2085 1953 2167">
    <p class='ocr_par' dir='ltr' id='par_1_39' title="bbox 301 2085 1953 2167">
     <span class='ocr_line' id='line_1_39' title="bbox 301 2085 1953 2167; baseline 0 -24"><span class='ocrx_word' id='word_1_269' title='bbox 301 2086 642 2143; x_wconf 73' lang='grc' dir='ltr'>τετελείωκεν</span> <span class='ocrx_word' id='word_1_270' title='bbox 685 2090 757 2151; x_wconf 74' lang='grc' dir='ltr'>εἷς</span> <span class='ocrx_word' id='word_1_271' title='bbox 787 2089 848 2144; x_wconf 81' lang='grc' dir='ltr'><strong>τὸ</strong></span> <span class='ocrx_word' id='word_1_272' title='bbox 875 2085 1115 2156; x_wconf 80' lang='grc' dir='ltr'>διηνεκὲς</span> <span class='ocrx_word' id='word_1_273' title='bbox 1173 2088 1295 2152; x_wconf 79' lang='grc' dir='ltr'>τοὺς</span> <span class='ocrx_word' id='word_1_274' title='bbox 1350 2087 1748 2167; x_wconf 78' lang='grc' dir='ltr'>ἁγιαζομένους.</span> <span class='ocrx_word' id='word_1_275' title='bbox 1804 2112 1826 2143; x_wconf 72' lang='grc' dir='ltr'><strong>ι</strong></span> <span class='ocrx_word' id='word_1_276' title='bbox 1879 2123 1953 2133; x_wconf 94' lang='grc'><strong><em>-</em></strong></span> 
     </span>
    </p>
   </div>
   <div class='ocr_carea' id='block_1_40' title="bbox 311 2167 1953 2257">
    <p class='ocr_par' dir='ltr' id='par_1_40' title="bbox 311 2167 1953 2257">
     <span class='ocr_line' id='line_1_40' title="bbox 311 2167 1953 2257; baseline 0.001 -25"><span class='ocrx_word' id='word_1_277' title='bbox 311 2194 344 2236; x_wconf 80' lang='grc'><strong>(</strong></span> <span class='ocrx_word' id='word_1_278' title='bbox 389 2177 491 2234; x_wconf 73' lang='grc' dir='ltr'>Καὶ</span> <span class='ocrx_word' id='word_1_279' title='bbox 531 2177 690 2254; x_wconf 81' lang='grc' dir='ltr'>πυρὸς</span> <span class='ocrx_word' id='word_1_280' title='bbox 742 2175 922 2247; x_wconf 78' lang='grc' dir='ltr'>ζῆλος.</span> <span class='ocrx_word' id='word_1_281' title='bbox 974 2200 1002 2232; x_wconf 75' lang='grc' dir='ltr'><strong>κο</strong></span> <span class='ocrx_word' id='word_1_282' title='bbox 1070 2167 1289 2256; x_wconf 78' lang='grc' dir='ltr'><strong>ΗΩσπερ</strong></span> <span class='ocrx_word' id='word_1_283' title='bbox 1336 2177 1434 2257; x_wconf 77' lang='grc' dir='ltr'><strong>γὰρ</strong></span> <span class='ocrx_word' id='word_1_284' title='bbox 1484 2178 1583 2233; x_wconf 77' lang='grc' dir='ltr'>ὑπὸ</span> <span class='ocrx_word' id='word_1_285' title='bbox 1624 2176 1787 2248; x_wconf 79' lang='grc' dir='ltr'>ζήλου</span> <span class='ocrx_word' id='word_1_286' title='bbox 1815 2180 1953 2242; x_wconf 85' lang='grc' dir='ltr'>τινὸς</span> 
     </span>
    </p>
   </div>
   <div class='ocr_carea' id='block_1_41' title="bbox 302 2263 1955 2339">
    <p class='ocr_par' dir='ltr' id='par_1_41' title="bbox 302 2263 1955 2339">
     <span class='ocr_line' id='line_1_41' title="bbox 302 2263 1955 2339; baseline 0.001 -19"><span class='ocrx_word' id='word_1_287' title='bbox 302 2264 649 2338; x_wconf 79' lang='grc' dir='ltr'>κεντούμενον</span> <span class='ocrx_word' id='word_1_288' title='bbox 705 2264 881 2321; x_wconf 76' lang='grc' dir='ltr'>έκεῖνο</span> <span class='ocrx_word' id='word_1_289' title='bbox 938 2267 1000 2321; x_wconf 82' lang='grc' dir='ltr'>τὸ</span> <span class='ocrx_word' id='word_1_290' title='bbox 1058 2271 1180 2339; x_wconf 85' lang='grc' dir='ltr'>πῦρ,</span> <span class='ocrx_word' id='word_1_291' title='bbox 1244 2263 1473 2337; x_wconf 81' lang='grc' dir='ltr'>δαπανᾷ,</span> <span class='ocrx_word' id='word_1_292' title='bbox 1558 2266 1647 2321; x_wconf 84' lang='grc' dir='ltr'><strong>καὶ</strong></span> <span class='ocrx_word' id='word_1_293' title='bbox 1700 2267 1955 2323; x_wconf 82' lang='grc' dir='ltr'>κατεσθίει</span> 
     </span>
    </p>
   </div>
   <div class='ocr_carea' id='block_1_42' title="bbox 303 2344 1957 2433">
    <p class='ocr_par' dir='ltr' id='par_1_42' title="bbox 303 2344 1957 2433">
     <span class='ocr_line' id='line_1_42' title="bbox 303 2344 1957 2433; baseline 0.001 -24"><span class='ocrx_word' id='word_1_294' title='bbox 303 2353 429 2416; x_wconf 82' lang='grc' dir='ltr'>τοὺς</span> <span class='ocrx_word' id='word_1_295' title='bbox 487 2351 869 2428; x_wconf 79' lang='grc' dir='ltr'>ἒμϐληθέντας.</span> <span class='ocrx_word' id='word_1_296' title='bbox 946 2344 1309 2417; x_wconf 64' lang='grc' dir='ltr'>’Υπεναντίους</span> <span class='ocrx_word' id='word_1_297' title='bbox 1362 2352 1415 2409; x_wconf 84' lang='grc' dir='ltr'>δὲ</span> <span class='ocrx_word' id='word_1_298' title='bbox 1472 2352 1641 2433; x_wconf 78' lang='grc' dir='ltr'>λέγει,</span> <span class='ocrx_word' id='word_1_299' title='bbox 1694 2356 1753 2411; x_wconf 74' lang='grc' dir='ltr'>οὗ</span> <span class='ocrx_word' id='word_1_300' title='bbox 1796 2355 1957 2430; x_wconf 85' lang='grc' dir='ltr'>μόνον</span> 
     </span>
    </p>
   </div>
   <div class='ocr_carea' id='block_1_43' title="bbox 303 2440 1956 2522">
    <p class='ocr_par' dir='ltr' id='par_1_43' title="bbox 303 2440 1956 2522">
     <span class='ocr_line' id='line_1_43' title="bbox 303 2440 1956 2522; baseline 0.001 -24"><span class='ocrx_word' id='word_1_301' title='bbox 303 2442 430 2507; x_wconf 82' lang='grc' dir='ltr'>τοὺς</span> <span class='ocrx_word' id='word_1_302' title='bbox 463 2441 736 2515; x_wconf 81' lang='grc' dir='ltr'>ἀπίστους,</span> <span class='ocrx_word' id='word_1_303' title='bbox 798 2440 937 2502; x_wconf 80' lang='grc' dir='ltr'>ἀλλὰ</span> <span class='ocrx_word' id='word_1_304' title='bbox 987 2444 1077 2499; x_wconf 82' lang='grc' dir='ltr'><strong>καὶ</strong></span> <span class='ocrx_word' id='word_1_305' title='bbox 1134 2443 1256 2504; x_wconf 82' lang='grc' dir='ltr'>τοὺς</span> <span class='ocrx_word' id='word_1_306' title='bbox 1315 2442 1554 2521; x_wconf 76' lang='grc' dir='ltr'>ἄντικρυς</span> <span class='ocrx_word' id='word_1_307' title='bbox 1612 2449 1717 2500; x_wconf 84' lang='grc' dir='ltr'><strong>τῶν</strong></span> <span class='ocrx_word' id='word_1_308' title='bbox 1745 2466 1956 2522; x_wconf 85' lang='grc' dir='ltr'>παραγ-</span> 
     </span>
    </p>
   </div>
   <div class='ocr_carea' id='block_1_44' title="bbox 306 2529 1958 2611">
    <p class='ocr_par' dir='ltr' id='par_1_44' title="bbox 306 2529 1958 2611">
     <span class='ocr_line' id='line_1_44' title="bbox 306 2529 1958 2611; baseline 0.002 -24"><span class='ocrx_word' id='word_1_309' title='bbox 306 2530 596 2609; x_wconf 83' lang='grc' dir='ltr'>γελμάτιον</span> <span class='ocrx_word' id='word_1_310' title='bbox 666 2538 758 2588; x_wconf 86' lang='grc' dir='ltr'><strong>τοῦ</strong></span> <span class='ocrx_word' id='word_1_311' title='bbox 830 2539 1054 2611; x_wconf 80' lang='grc' dir='ltr'>Χριστοῦ</span> <span class='ocrx_word' id='word_1_312' title='bbox 1131 2532 1479 2611; x_wconf 85' lang='grc' dir='ltr'>πράττοντας.</span> <span class='ocrx_word' id='word_1_313' title='bbox 1569 2549 1599 2590; x_wconf 80' lang='grc'><strong>(</strong></span> <span class='ocrx_word' id='word_1_314' title='bbox 1672 2529 1958 2603; x_wconf 82' lang='grc' dir='ltr'>Ἀθετήσας</span> 
     </span>
    </p>
   </div>
   <div class='ocr_carea' id='block_1_45' title="bbox 305 2617 1957 2699">
    <p class='ocr_par' dir='ltr' id='par_1_45' title="bbox 305 2617 1957 2699">
     <span class='ocr_line' id='line_1_45' title="bbox 305 2617 1957 2699; baseline 0.001 -23"><span class='ocrx_word' id='word_1_315' title='bbox 305 2641 388 2684; x_wconf 88' lang='grc' dir='ltr'><strong>τις</strong></span> <span class='ocrx_word' id='word_1_316' title='bbox 432 2620 592 2695; x_wconf 82' lang='grc' dir='ltr'>νόμον</span> <span class='ocrx_word' id='word_1_317' title='bbox 652 2618 943 2683; x_wconf 78' lang='grc' dir='ltr'>Μωῦσέως,</span> <span class='ocrx_word' id='word_1_318' title='bbox 983 2642 1008 2675; x_wconf 79' lang='grc' dir='ltr'>ι)</span> <span class='ocrx_word' id='word_1_319' title='bbox 1046 2618 1181 2676; x_wconf 81' lang='grc' dir='ltr'><strong>Ἀπὸ</strong></span> <span class='ocrx_word' id='word_1_320' title='bbox 1207 2625 1299 2675; x_wconf 89' lang='grc' dir='ltr'><strong>τοῦ</strong></span> <span class='ocrx_word' id='word_1_321' title='bbox 1352 2617 1628 2684; x_wconf 77' lang='grc' dir='ltr'>ἐλάττονος</span> <span class='ocrx_word' id='word_1_322' title='bbox 1656 2621 1691 2688; x_wconf 81' lang='grc' dir='ltr'>ἡ</span> <span class='ocrx_word' id='word_1_323' title='bbox 1736 2621 1957 2699; x_wconf 78' lang='grc' dir='ltr'>σύγκρι-</span> 
     </span>
    </p>
   </div>
   <div class='ocr_carea' id='block_1_46' title="bbox 308 2706 1957 2787">
    <p class='ocr_par' dir='ltr' id='par_1_46' title="bbox 308 2706 1957 2787">
     <span class='ocr_line' id='line_1_46' title="bbox 308 2706 1957 2787; baseline 0.001 -23"><span class='ocrx_word' id='word_1_324' title='bbox 308 2730 416 2771; x_wconf 84' lang='grc' dir='ltr'>σις,</span> <span class='ocrx_word' id='word_1_325' title='bbox 451 2707 700 2767; x_wconf 76' lang='grc' dir='ltr'>Βούλεται</span> <span class='ocrx_word' id='word_1_326' title='bbox 744 2709 846 2787; x_wconf 80' lang='grc' dir='ltr'><strong>γὰρ</strong></span> <span class='ocrx_word' id='word_1_327' title='bbox 902 2706 1068 2774; x_wconf 74' lang='grc' dir='ltr'>δεῖξαι</span> <span class='ocrx_word' id='word_1_328' title='bbox 1124 2711 1223 2775; x_wconf 82' lang='grc' dir='ltr'>τὴν</span> <span class='ocrx_word' id='word_1_329' title='bbox 1282 2717 1373 2766; x_wconf 88' lang='grc' dir='ltr'><strong>τοῦ</strong></span> <span class='ocrx_word' id='word_1_330' title='bbox 1426 2710 1587 2786; x_wconf 84' lang='grc' dir='ltr'>πυρὸς</span> <span class='ocrx_word' id='word_1_331' title='bbox 1642 2718 1824 2767; x_wconf 82' lang='grc' dir='ltr'>καῦσιν</span> <span class='ocrx_word' id='word_1_332' title='bbox 1873 2708 1957 2765; x_wconf 89' lang='grc' dir='ltr'>δι-</span> 
     </span>
    </p>
   </div>
   <div class='ocr_carea' id='block_1_47' title="bbox 310 2794 1958 2873">
    <p class='ocr_par' dir='ltr' id='par_1_47' title="bbox 310 2794 1958 2873">
     <span class='ocr_line' id='line_1_47' title="bbox 310 2794 1958 2873; baseline 0.001 -21"><span class='ocrx_word' id='word_1_333' title='bbox 310 2796 473 2860; x_wconf 83' lang='grc' dir='ltr'>καίως</span> <span class='ocrx_word' id='word_1_334' title='bbox 544 2796 700 2853; x_wconf 81' lang='grc' dir='ltr'>οὖσαν</span> <span class='ocrx_word' id='word_1_335' title='bbox 742 2797 880 2853; x_wconf 78' lang='grc' dir='ltr'>κατὰ</span> <span class='ocrx_word' id='word_1_336' title='bbox 920 2802 1026 2853; x_wconf 84' lang='grc' dir='ltr'><strong>τῶν</strong></span> <span class='ocrx_word' id='word_1_337' title='bbox 1070 2796 1412 2858; x_wconf 69' lang='grc' dir='ltr'>ὑπεναντίων.</span> <span class='ocrx_word' id='word_1_338' title='bbox 1466 2797 1652 2873; x_wconf 67' lang='grc' dir='ltr'>Νόμαν</span> <span class='ocrx_word' id='word_1_339' title='bbox 1685 2794 1740 2852; x_wconf 80' lang='grc' dir='ltr'>δὲ</span> <span class='ocrx_word' id='word_1_340' title='bbox 1800 2805 1958 2854; x_wconf 79' lang='grc' dir='ltr'><strong>Μωϋ-</strong></span> 
     </span>
    </p>
   </div>
   <div class='ocr_carea' id='block_1_48' title="bbox 310 2882 1958 2962">
    <p class='ocr_par' dir='ltr' id='par_1_48' title="bbox 310 2882 1958 2962">
     <span class='ocr_line' id='line_1_48' title="bbox 310 2882 1958 2962; baseline 0.001 -21"><span class='ocrx_word' id='word_1_341' title='bbox 310 2884 445 2947; x_wconf 87' lang='grc' dir='ltr'>σέως</span> <span class='ocrx_word' id='word_1_342' title='bbox 476 2882 643 2962; x_wconf 83' lang='grc' dir='ltr'>λέγει,</span> <span class='ocrx_word' id='word_1_343' title='bbox 690 2884 775 2942; x_wconf 81' lang='grc' dir='ltr'><strong>διὰ</strong></span> <span class='ocrx_word' id='word_1_344' title='bbox 803 2886 865 2942; x_wconf 83' lang='grc' dir='ltr'>τὸ</span> <span class='ocrx_word' id='word_1_345' title='bbox 889 2886 956 2942; x_wconf 80' lang='grc' dir='ltr'>τὰ</span> <span class='ocrx_word' id='word_1_346' title='bbox 980 2882 1153 2941; x_wconf 79' lang='grc' dir='ltr'>πολλὰ</span> <span class='ocrx_word' id='word_1_347' title='bbox 1208 2890 1315 2941; x_wconf 82' lang='grc' dir='ltr'><strong>τῶν</strong></span> <span class='ocrx_word' id='word_1_348' title='bbox 1357 2883 1411 2939; x_wconf 80' lang='grc' dir='ltr'>ἐν</span> <span class='ocrx_word' id='word_1_349' title='bbox 1469 2891 1547 2959; x_wconf 84' lang='grc' dir='ltr'><strong>τῷ</strong></span> <span class='ocrx_word' id='word_1_350' title='bbox 1602 2885 1751 2961; x_wconf 83' lang='grc' dir='ltr'>νόμῳ</span> <span class='ocrx_word' id='word_1_351' title='bbox 1805 2888 1958 2943; x_wconf 76' lang='grc' dir='ltr'>αὐτὸν</span> 
     </span>
    </p>
   </div>
   <div class='ocr_carea' id='block_1_49' title="bbox 311 2972 1962 3055">
    <p class='ocr_par' dir='ltr' id='par_1_49' title="bbox 311 2972 1962 3055">
     <span class='ocr_line' id='line_1_49' title="bbox 311 2972 1962 3055; baseline 0.002 -25"><span class='ocrx_word' id='word_1_352' title='bbox 311 2973 706 3054; x_wconf 82' lang='grc' dir='ltr'>διατεταχέναι.</span> <span class='ocrx_word' id='word_1_353' title='bbox 767 2999 795 3029; x_wconf 74' lang='grc' dir='ltr'><strong>α</strong></span> <span class='ocrx_word' id='word_1_354' title='bbox 858 2972 979 3032; x_wconf 85' lang='grc' dir='ltr'>Ἐπὶ</span> <span class='ocrx_word' id='word_1_355' title='bbox 1021 2972 1162 3030; x_wconf 81' lang='grc' dir='ltr'>δυσὶν</span> <span class='ocrx_word' id='word_1_356' title='bbox 1218 2974 1254 3042; x_wconf 75' lang='grc' dir='ltr'><strong>ἢ</strong></span> <span class='ocrx_word' id='word_1_357' title='bbox 1282 2976 1418 3054; x_wconf 86' lang='grc' dir='ltr'>τρισὶ</span> <span class='ocrx_word' id='word_1_358' title='bbox 1461 2976 1734 3055; x_wconf 82' lang='grc' dir='ltr'>μάρτυσιν,</span> <span class='ocrx_word' id='word_1_359' title='bbox 1773 2999 1801 3031; x_wconf 72' lang='grc' dir='ltr'><strong><em>ι</em></strong></span> <span class='ocrx_word' id='word_1_360' title='bbox 1838 2973 1962 3046; x_wconf 80' lang='grc' dir='ltr'>Ἐὰν</span> 
     </span>
    </p>
   </div>
   <div class='ocr_carea' id='block_1_50' title="bbox 312 3061 1963 3144">
    <p class='ocr_par' dir='ltr' id='par_1_50' title="bbox 312 3061 1963 3144">
     <span class='ocr_line' id='line_1_50' title="bbox 312 3061 1963 3144; baseline 0.001 -24"><span class='ocrx_word' id='word_1_361' title='bbox 312 3064 413 3142; x_wconf 77' lang='grc' dir='ltr'><strong>γὰρ</strong></span> <span class='ocrx_word' id='word_1_362' title='bbox 443 3061 531 3120; x_wconf 79' lang='grc' dir='ltr'>δύο</span> <span class='ocrx_word' id='word_1_363' title='bbox 574 3064 609 3132; x_wconf 77' lang='grc' dir='ltr'><strong>ἢ</strong></span> <span class='ocrx_word' id='word_1_364' title='bbox 650 3078 797 3143; x_wconf 81' lang='grc' dir='ltr'>τρεῖς</span> <span class='ocrx_word' id='word_1_365' title='bbox 851 3063 1237 3144; x_wconf 79' lang='grc' dir='ltr'>ἐμαρτύρησαν,</span> <span class='ocrx_word' id='word_1_366' title='bbox 1299 3064 1394 3119; x_wconf 80' lang='grc' dir='ltr'><strong>οῦκ</strong></span> <span class='ocrx_word' id='word_1_367' title='bbox 1450 3062 1525 3120; x_wconf 78' lang='grc' dir='ltr'>ἔτι</span> <span class='ocrx_word' id='word_1_368' title='bbox 1582 3064 1646 3131; x_wconf 74' lang='grc' dir='ltr'>ἦν</span> <span class='ocrx_word' id='word_1_369' title='bbox 1697 3066 1963 3144; x_wconf 82' lang='grc' dir='ltr'>οἰκτιρμὸς</span> 
     </span>
    </p>
   </div>
   <div class='ocr_carea' id='block_1_51' title="bbox 315 3150 1966 3233">
    <p class='ocr_par' dir='ltr' id='par_1_51' title="bbox 315 3150 1966 3233">
     <span class='ocr_line' id='line_1_51' title="bbox 315 3150 1966 3233; baseline 0.002 -26"><span class='ocrx_word' id='word_1_370' title='bbox 315 3152 354 3221; x_wconf 75' lang='grc' dir='ltr'><strong>ἢ</strong></span> <span class='ocrx_word' id='word_1_371' title='bbox 411 3153 730 3231; x_wconf 81' lang='grc' dir='ltr'>συγγνώμη,</span> <span class='ocrx_word' id='word_1_372' title='bbox 817 3150 935 3209; x_wconf 82' lang='grc' dir='ltr'>ἀλλ’</span> <span class='ocrx_word' id='word_1_373' title='bbox 1010 3153 1360 3220; x_wconf 86' lang='grc' dir='ltr'>ἀπέθνησκεν.</span> <span class='ocrx_word' id='word_1_374' title='bbox 1438 3155 1521 3227; x_wconf 47' lang='grc' dir='ltr'><strong>ΙΞί⁵</strong></span> <span class='ocrx_word' id='word_1_375' title='bbox 1551 3153 1639 3210; x_wconf 82' lang='grc' dir='ltr'>οὖν</span> <span class='ocrx_word' id='word_1_376' title='bbox 1695 3153 1966 3233; x_wconf 72' lang='grc' dir='ltr'>ἀνθρώπου</span> 
     </span>
    </p>
   </div>
   <div class='ocr_carea' id='block_1_52' title="bbox 312 3240 1963 3322">
    <p class='ocr_par' dir='ltr' id='par_1_52' title="bbox 312 3240 1963 3322">
     <span class='ocr_line' id='line_1_52' title="bbox 312 3240 1963 3322; baseline 0.002 -25"><span class='ocrx_word' id='word_1_377' title='bbox 312 3263 396 3305; x_wconf 88' lang='grc' dir='ltr'><strong>τις</strong></span> <span class='ocrx_word' id='word_1_378' title='bbox 458 3242 641 3316; x_wconf 86' lang='grc' dir='ltr'>νόμον,</span> <span class='ocrx_word' id='word_1_379' title='bbox 709 3242 839 3320; x_wconf 74' lang='grc' dir='ltr'>φησὶ</span> <span class='ocrx_word' id='word_1_380' title='bbox 880 3240 1141 3303; x_wconf 87' lang='grc' dir='ltr'>τουτέστι.</span> <span class='ocrx_word' id='word_1_381' title='bbox 1204 3240 1467 3307; x_wconf 76' lang='grc' dir='ltr'>Μωϋσέως</span> <span class='ocrx_word' id='word_1_382' title='bbox 1510 3242 1671 3318; x_wconf 85' lang='grc' dir='ltr'>νόμον</span> <span class='ocrx_word' id='word_1_383' title='bbox 1727 3241 1963 3322; x_wconf 78' lang='grc' dir='ltr'>παραϐὰς</span> 
     </span>
    </p>
   </div>
   <div class='ocr_carea' id='block_1_53' title="bbox 310 3329 1967 3409">
    <p class='ocr_par' dir='ltr' id='par_1_53' title="bbox 310 3329 1967 3409">
     <span class='ocr_line' id='line_1_53' title="bbox 310 3329 1967 3409; baseline 0.001 -24"><span class='ocrx_word' id='word_1_384' title='bbox 310 3329 698 3408; x_wconf 83' lang='grc' dir='ltr'>ἆσυγγνώστως</span> <span class='ocrx_word' id='word_1_385' title='bbox 761 3331 895 3405; x_wconf 79' lang='grc' dir='ltr'>μετὰ</span> <span class='ocrx_word' id='word_1_386' title='bbox 953 3330 1052 3398; x_wconf 77' lang='grc' dir='ltr'>τὴν</span> <span class='ocrx_word' id='word_1_387' title='bbox 1134 3331 1416 3409; x_wconf 82' lang='grc' dir='ltr'>μαρτυρίαν</span> <span class='ocrx_word' id='word_1_388' title='bbox 1493 3330 1835 3407; x_wconf 78' lang='grc' dir='ltr'>ἀποθνήσκει,</span> <span class='ocrx_word' id='word_1_389' title='bbox 1921 3332 1967 3388; x_wconf 84' lang='grc' dir='ltr'><strong>τί</strong></span> 
     </span>
    </p>
   </div>
   <div class='ocr_carea' id='block_1_54' title="bbox 312 3416 1964 3499">
    <p class='ocr_par' dir='ltr' id='par_1_54' title="bbox 312 3416 1964 3499">
     <span class='ocr_line' id='line_1_54' title="bbox 312 3416 1964 3499; baseline 0.002 -25"><span class='ocrx_word' id='word_1_390' title='bbox 312 3416 520 3475; x_wconf 81' lang='grc' dir='ltr'>δοκεῖτε</span> <span class='ocrx_word' id='word_1_391' title='bbox 587 3417 698 3476; x_wconf 81' lang='grc' dir='ltr'>δεῖν</span> <span class='ocrx_word' id='word_1_392' title='bbox 754 3419 1034 3495; x_wconf 75' lang='grc' dir='ltr'>ὑπομένειν</span> <span class='ocrx_word' id='word_1_393' title='bbox 1084 3420 1214 3499; x_wconf 82' lang='grc' dir='ltr'>τοὺς</span> <span class='ocrx_word' id='word_1_394' title='bbox 1261 3426 1354 3476; x_wconf 93' lang='grc' dir='ltr'><strong>τοῦ</strong></span> <span class='ocrx_word' id='word_1_395' title='bbox 1398 3426 1623 3499; x_wconf 81' lang='grc' dir='ltr'>Χριστοῦ</span> <span class='ocrx_word' id='word_1_396' title='bbox 1689 3423 1809 3485; x_wconf 88' lang='grc' dir='ltr'>τοὺς</span> <span class='ocrx_word' id='word_1_397' title='bbox 1869 3420 1964 3477; x_wconf 87' lang='grc' dir='ltr'>νό-</span> 
     </span>
    </p>
   </div>
   <div class='ocr_carea' id='block_1_55' title="bbox 311 3497 1961 3588">
    <p class='ocr_par' dir='ltr' id='par_1_55' title="bbox 311 3497 1961 3588">
     <span class='ocr_line' id='line_1_55' title="bbox 311 3497 1961 3588; baseline 0.001 -25"><span class='ocrx_word' id='word_1_398' title='bbox 311 3530 446 3582; x_wconf 87' lang='grc' dir='ltr'>μους</span> <span class='ocrx_word' id='word_1_399' title='bbox 499 3508 1034 3588; x_wconf 69' lang='grc' dir='ltr'>καταπατήσανταςς</span> <span class='ocrx_word' id='word_1_400' title='bbox 1097 3527 1121 3564; x_wconf 76' lang='grc' dir='ltr'>α</span> <span class='ocrx_word' id='word_1_401' title='bbox 1203 3497 1260 3564; x_wconf 72' lang='grc' dir='ltr'><strong>ιΟ</strong></span> <span class='ocrx_word' id='word_1_402' title='bbox 1316 3509 1409 3564; x_wconf 84' lang='grc' dir='ltr'>τὸν</span> <span class='ocrx_word' id='word_1_403' title='bbox 1450 3497 1597 3565; x_wconf 61' lang='grc' dir='ltr'><strong>⁷Υἱὸν</strong></span> <span class='ocrx_word' id='word_1_404' title='bbox 1666 3515 1758 3566; x_wconf 84' lang='grc' dir='ltr'><strong>τοῦ</strong></span> <span class='ocrx_word' id='word_1_405' title='bbox 1830 3515 1961 3565; x_wconf 84' lang='grc' dir='ltr'>Θεοῦ</span> 
     </span>
    </p>
   </div>
   <div class='ocr_carea' id='block_1_56' title="bbox 311 3594 1961 3665">
    <p class='ocr_par' dir='ltr' id='par_1_56' title="bbox 311 3594 1961 3665">
     <span class='ocr_line' id='line_1_56' title="bbox 311 3594 1961 3665; baseline 0 -12"><span class='ocrx_word' id='word_1_406' title='bbox 311 3597 725 3665; x_wconf 69' lang='grc' dir='ltr'>καταπατήσας.</span> <span class='ocrx_word' id='word_1_407' title='bbox 765 3619 789 3653; x_wconf 72' lang='grc' dir='ltr'><strong>ι</strong></span> <span class='ocrx_word' id='word_1_408' title='bbox 828 3602 947 3660; x_wconf 82' lang='grc' dir='ltr'><strong>Πῶς</strong></span> <span class='ocrx_word' id='word_1_409' title='bbox 993 3594 1048 3652; x_wconf 86' lang='grc' dir='ltr'><strong>δέ</strong></span> <span class='ocrx_word' id='word_1_410' title='bbox 1077 3618 1156 3659; x_wconf 88' lang='grc' dir='ltr'><strong>τις</strong></span> <span class='ocrx_word' id='word_1_411' title='bbox 1185 3609 1484 3654; x_wconf 83' lang='grc' dir='ltr'>καταπατεϊ</span> <span class='ocrx_word' id='word_1_412' title='bbox 1538 3599 1630 3654; x_wconf 82' lang='grc' dir='ltr'><strong>τὸν</strong></span> <span class='ocrx_word' id='word_1_413' title='bbox 1688 3599 1807 3653; x_wconf 78' lang='grc' dir='ltr'><strong>Υἱὸν</strong></span> <span class='ocrx_word' id='word_1_414' title='bbox 1869 3604 1961 3653; x_wconf 90' lang='grc' dir='ltr'><strong>τοῦ</strong></span> 
     </span>
    </p>
   </div>
   <div class='ocr_carea' id='block_1_57' title="bbox 315 3675 1957 3765">
    <p class='ocr_par' dir='ltr' id='par_1_57' title="bbox 315 3675 1957 3765">
     <span class='ocr_line' id='line_1_57' title="bbox 315 3675 1957 3765; baseline -0.001 -23"><span class='ocrx_word' id='word_1_415' title='bbox 315 3692 490 3765; x_wconf 81' lang='grc' dir='ltr'>Θεοῦ;</span> <span class='ocrx_word' id='word_1_416' title='bbox 541 3675 717 3743; x_wconf 72' lang='grc' dir='ltr'><strong>ΗΟταιν</strong></span> <span class='ocrx_word' id='word_1_417' title='bbox 747 3689 905 3744; x_wconf 69' lang='grc' dir='ltr'>αὐτοῦ</span> <span class='ocrx_word' id='word_1_418' title='bbox 952 3685 1248 3765; x_wconf 80' lang='grc' dir='ltr'>παρακούῃ,</span> <span class='ocrx_word' id='word_1_419' title='bbox 1303 3684 1427 3741; x_wconf 85' lang='grc' dir='ltr'>ὅταν</span> <span class='ocrx_word' id='word_1_420' title='bbox 1470 3684 1626 3745; x_wconf 77' lang='grc' dir='ltr'>αὐτοῦ</span> <span class='ocrx_word' id='word_1_421' title='bbox 1677 3686 1957 3762; x_wconf 82' lang='grc' dir='ltr'>μεταλαμ-</span> 
     </span>
    </p>
   </div>
   <div class='ocr_carea' id='block_1_58' title="bbox 317 3773 1959 3855">
    <p class='ocr_par' dir='ltr' id='par_1_58' title="bbox 317 3773 1959 3855">
     <span class='ocr_line' id='line_1_58' title="bbox 317 3773 1959 3855; baseline 0 -24"><span class='ocrx_word' id='word_1_422' title='bbox 317 3773 510 3847; x_wconf 76' lang='grc' dir='ltr'>ϐάνων,</span> <span class='ocrx_word' id='word_1_423' title='bbox 580 3775 838 3855; x_wconf 79' lang='grc' dir='ltr'>ἁμαρτίας</span> <span class='ocrx_word' id='word_1_424' title='bbox 891 3775 1186 3854; x_wconf 80' lang='grc' dir='ltr'>ἐργάζεται.</span> <span class='ocrx_word' id='word_1_425' title='bbox 1248 3783 1410 3832; x_wconf 89' lang='grc' dir='ltr'>Τοῦτο</span> <span class='ocrx_word' id='word_1_426' title='bbox 1464 3775 1563 3854; x_wconf 84' lang='grc' dir='ltr'><strong>γὰρ</strong></span> <span class='ocrx_word' id='word_1_427' title='bbox 1643 3777 1959 3842; x_wconf 78' lang='grc' dir='ltr'>ταταπατῆ-</span> 
     </span>
    </p>
   </div>
   <div class='ocr_carea' id='block_1_59' title="bbox 2041 1993 3685 2075">
    <p class='ocr_par' dir='ltr' id='par_1_59' title="bbox 2041 1993 3685 2075">
     <span class='ocr_line' id='line_1_59' title="bbox 2041 1993 3685 2075; baseline 0.004 -23"><span class='ocrx_word' id='word_1_428' title='bbox 2041 2009 2160 2062; x_wconf 90' lang='lat' dir='ltr'><strong>ma,</strong></span> <span class='ocrx_word' id='word_1_429' title='bbox 2196 1993 2698 2071; x_wconf 77' lang='lat' dir='ltr'><strong>quemadmodum</strong></span> <span class='ocrx_word' id='word_1_430' title='bbox 2733 1994 2909 2055; x_wconf 86' lang='lat' dir='ltr'><strong>etiam</strong></span> <span class='ocrx_word' id='word_1_431' title='bbox 2961 1994 3021 2055; x_wconf 94' lang='lat' dir='ltr'><strong>in</strong></span> <span class='ocrx_word' id='word_1_432' title='bbox 3072 1995 3485 2075; x_wconf 81' lang='lat' dir='ltr'><strong>superioribus</strong></span> <span class='ocrx_word' id='word_1_433' title='bbox 3515 1994 3685 2060; x_wconf 84' lang='lat' dir='ltr'><strong>dicit.</strong></span> 
     </span>
    </p>
   </div>
   <div class='ocr_carea' id='block_1_60' title="bbox 2045 2078 3689 2167">
    <p class='ocr_par' dir='ltr' id='par_1_60' title="bbox 2045 2078 3689 2167">
     <span class='ocr_line' id='line_1_60' title="bbox 2045 2078 3689 2167; baseline 0.006 -30"><span class='ocrx_word' id='word_1_434' title='bbox 2045 2102 2069 2137; x_wconf 82' lang='grc' dir='ltr'><strong>ιι</strong></span> <span class='ocrx_word' id='word_1_435' title='bbox 2104 2078 2289 2144; x_wconf 90' lang='lat' dir='ltr'><strong>Unica</strong></span> <span class='ocrx_word' id='word_1_436' title='bbox 2312 2081 2470 2143; x_wconf 91' lang='lat' dir='ltr'><strong>enim</strong></span> <span class='ocrx_word' id='word_1_437' title='bbox 2496 2082 2688 2144; x_wconf 89' lang='lat' dir='ltr'><strong>hostia</strong></span> <span class='ocrx_word' id='word_1_438' title='bbox 2706 2083 3002 2163; x_wconf 84' lang='lat' dir='ltr'><strong>perfectos</strong></span> <span class='ocrx_word' id='word_1_439' title='bbox 3023 2083 3219 2145; x_wconf 67' lang='lat' dir='ltr'><strong>effecit</strong></span> <span class='ocrx_word' id='word_1_440' title='bbox 3251 2084 3313 2146; x_wconf 91' lang='lat' dir='ltr'><strong>in</strong></span> <span class='ocrx_word' id='word_1_441' title='bbox 3336 2093 3689 2167; x_wconf 88' lang='lat' dir='ltr'><strong>perpetuum</strong></span> 
     </span>
    </p>
   </div>
   <div class='ocr_carea' id='block_1_61' title="bbox 2038 2171 3687 2253">
    <p class='ocr_par' dir='ltr' id='par_1_61' title="bbox 2038 2171 3687 2253">
     <span class='ocr_line' id='line_1_61' title="bbox 2038 2171 3687 2253; baseline 0.005 -24"><span class='ocrx_word' id='word_1_442' title='bbox 2038 2187 2141 2230; x_wconf 92' lang='lat' dir='ltr'><strong>eos</strong></span> <span class='ocrx_word' id='word_1_443' title='bbox 2169 2172 2271 2250; x_wconf 87' lang='lat' dir='ltr'><strong>qui</strong></span> <span class='ocrx_word' id='word_1_444' title='bbox 2301 2172 2765 2235; x_wconf 90' lang='lat' dir='ltr'><strong>sanctiﬁcantur.</strong></span> <span class='ocrx_word' id='word_1_445' title='bbox 2793 2196 2815 2230; x_wconf 83' lang='lat' dir='ltr'><strong>o</strong></span> <span class='ocrx_word' id='word_1_446' title='bbox 2853 2207 2930 2217; x_wconf 93' lang='lat'><strong>—</strong></span> <span class='ocrx_word' id='word_1_447' title='bbox 2966 2195 2991 2229; x_wconf 77' lang='grc' dir='ltr'><strong>ιι</strong></span> <span class='ocrx_word' id='word_1_448' title='bbox 3026 2171 3097 2234; x_wconf 89' lang='grc' dir='ltr'>Ει</span> <span class='ocrx_word' id='word_1_449' title='bbox 3124 2173 3280 2253; x_wconf 85' lang='lat' dir='ltr'><strong>ignis</strong></span> <span class='ocrx_word' id='word_1_450' title='bbox 3308 2174 3496 2239; x_wconf 88' lang='lat' dir='ltr'><strong>zelus.</strong></span> <span class='ocrx_word' id='word_1_451' title='bbox 3528 2199 3551 2232; x_wconf 71' lang='grc' dir='ltr'><strong>ι</strong></span> <span class='ocrx_word' id='word_1_452' title='bbox 3585 2172 3687 2236; x_wconf 92' lang='lat' dir='ltr'><strong>Si-</strong></span> 
     </span>
    </p>
   </div>
   <div class='ocr_carea' id='block_1_62' title="bbox 2041 2258 3688 2341">
    <p class='ocr_par' dir='ltr' id='par_1_62' title="bbox 2041 2258 3688 2341">
     <span class='ocr_line' id='line_1_62' title="bbox 2041 2258 3688 2341; baseline 0.004 -23"><span class='ocrx_word' id='word_1_453' title='bbox 2041 2258 2282 2338; x_wconf 90' lang='lat' dir='ltr'><strong>quidem</strong></span> <span class='ocrx_word' id='word_1_454' title='bbox 2311 2267 2586 2339; x_wconf 90' lang='lat' dir='ltr'><strong>tanquam</strong></span> <span class='ocrx_word' id='word_1_455' title='bbox 2620 2259 3029 2323; x_wconf 85' lang='lat' dir='ltr'><strong>exstimulatus</strong></span> <span class='ocrx_word' id='word_1_456' title='bbox 3060 2261 3160 2324; x_wconf 90' lang='lat' dir='ltr'><strong>ille</strong></span> <span class='ocrx_word' id='word_1_457' title='bbox 3188 2262 3344 2341; x_wconf 83' lang='lat' dir='ltr'><strong>ignis</strong></span> <span class='ocrx_word' id='word_1_458' title='bbox 3392 2263 3688 2326; x_wconf 88' lang='lat' dir='ltr'><strong>consumit</strong></span> 
     </span>
    </p>
   </div>
   <div class='ocr_carea' id='block_1_63' title="bbox 2039 2348 3689 2429">
    <p class='ocr_par' dir='ltr' id='par_1_63' title="bbox 2039 2348 3689 2429">
     <span class='ocr_line' id='line_1_63' title="bbox 2039 2348 3689 2429; baseline 0.006 -23"><span class='ocrx_word' id='word_1_459' title='bbox 2039 2364 2108 2407; x_wconf 92' lang='lat' dir='ltr'><strong>ac</strong></span> <span class='ocrx_word' id='word_1_460' title='bbox 2132 2348 2371 2409; x_wconf 89' lang='lat' dir='ltr'><strong>devorat</strong></span> <span class='ocrx_word' id='word_1_461' title='bbox 2395 2367 2499 2409; x_wconf 86' lang='lat' dir='ltr'><strong>eos</strong></span> <span class='ocrx_word' id='word_1_462' title='bbox 2529 2348 2630 2429; x_wconf 88' lang='lat' dir='ltr'><strong>qui</strong></span> <span class='ocrx_word' id='word_1_463' title='bbox 2659 2348 2865 2429; x_wconf 88' lang='lat' dir='ltr'><strong>injecti</strong></span> <span class='ocrx_word' id='word_1_464' title='bbox 2894 2358 3050 2413; x_wconf 88' lang='lat' dir='ltr'><strong>sunt.</strong></span> <span class='ocrx_word' id='word_1_465' title='bbox 3082 2350 3468 2414; x_wconf 89' lang='lat' dir='ltr'><strong>Adversarios</strong></span> <span class='ocrx_word' id='word_1_466' title='bbox 3488 2361 3689 2416; x_wconf 87' lang='lat' dir='ltr'><strong>autem</strong></span> 
     </span>
    </p>
   </div>
   <div class='ocr_carea' id='block_1_64' title="bbox 2039 2438 3688 2519">
    <p class='ocr_par' dir='ltr' id='par_1_64' title="bbox 2039 2438 3688 2519">
     <span class='ocr_line' id='line_1_64' title="bbox 2039 2438 3688 2519; baseline 0.006 -24"><span class='ocrx_word' id='word_1_467' title='bbox 2039 2442 2208 2496; x_wconf 89' lang='lat' dir='ltr'><strong>vocat</strong></span> <span class='ocrx_word' id='word_1_468' title='bbox 2239 2455 2356 2497; x_wconf 89' lang='lat' dir='ltr'><strong>non</strong></span> <span class='ocrx_word' id='word_1_469' title='bbox 2384 2443 2607 2498; x_wconf 90' lang='lat' dir='ltr'><strong>tantum</strong></span> <span class='ocrx_word' id='word_1_470' title='bbox 2638 2438 3000 2519; x_wconf 90' lang='lat' dir='ltr'><strong>incredulos,</strong></span> <span class='ocrx_word' id='word_1_471' title='bbox 3018 2455 3214 2502; x_wconf 75' lang='lat' dir='ltr'><strong>verum</strong></span> <span class='ocrx_word' id='word_1_472' title='bbox 3240 2440 3412 2504; x_wconf 89' lang='lat' dir='ltr'><strong>etiam</strong></span> <span class='ocrx_word' id='word_1_473' title='bbox 3447 2452 3688 2504; x_wconf 89' lang='lat' dir='ltr'><strong>contra-</strong></span> 
     </span>
    </p>
   </div>
   <div class='ocr_carea' id='block_1_65' title="bbox 2046 2524 3688 2610">
    <p class='ocr_par' dir='ltr' id='par_1_65' title="bbox 2046 2524 3688 2610">
     <span class='ocr_line' id='line_1_65' title="bbox 2046 2524 3688 2610; baseline 0.005 -25"><span class='ocrx_word' id='word_1_474' title='bbox 2046 2524 2136 2585; x_wconf 91' lang='lat' dir='ltr'><strong>rio</strong></span> <span class='ocrx_word' id='word_1_475' title='bbox 2167 2525 2345 2586; x_wconf 89' lang='lat' dir='ltr'><strong>modo</strong></span> <span class='ocrx_word' id='word_1_476' title='bbox 2373 2534 2689 2606; x_wconf 89' lang='lat' dir='ltr'><strong>operantes</strong></span> <span class='ocrx_word' id='word_1_477' title='bbox 2747 2544 2921 2606; x_wconf 90' lang='lat' dir='ltr'><strong>quam</strong></span> <span class='ocrx_word' id='word_1_478' title='bbox 2968 2526 3226 2589; x_wconf 89' lang='lat' dir='ltr'><strong>habeant</strong></span> <span class='ocrx_word' id='word_1_479' title='bbox 3275 2529 3497 2592; x_wconf 88' lang='lat' dir='ltr'><strong>Christi</strong></span> <span class='ocrx_word' id='word_1_480' title='bbox 3528 2549 3688 2610; x_wconf 68' lang='lat' dir='ltr'><strong>pras-</strong></span> 
     </span>
    </p>
   </div>
   <div class='ocr_carea' id='block_1_66' title="bbox 2043 2612 3693 2695">
    <p class='ocr_par' dir='ltr' id='par_1_66' title="bbox 2043 2612 3693 2695">
     <span class='ocr_line' id='line_1_66' title="bbox 2043 2612 3693 2695; baseline 0.005 -22"><span class='ocrx_word' id='word_1_481' title='bbox 2043 2622 2235 2692; x_wconf 86' lang='lat' dir='ltr'><strong>cepta.</strong></span> <span class='ocrx_word' id='word_1_482' title='bbox 2297 2636 2317 2669; x_wconf 74' lang='grc' dir='ltr'><strong>ι</strong></span> <span class='ocrx_word' id='word_1_483' title='bbox 2352 2612 2463 2685; x_wconf 86' lang='lat' dir='ltr'><strong>Qui</strong></span> <span class='ocrx_word' id='word_1_484' title='bbox 2520 2623 2872 2692; x_wconf 88' lang='lat' dir='ltr'><strong>aspernatus</strong></span> <span class='ocrx_word' id='word_1_485' title='bbox 2927 2614 3105 2677; x_wconf 86' lang='lat' dir='ltr'><strong>fuerit</strong></span> <span class='ocrx_word' id='word_1_486' title='bbox 3159 2617 3353 2695; x_wconf 83' lang='lat' dir='ltr'><strong>legem</strong></span> <span class='ocrx_word' id='word_1_487' title='bbox 3412 2618 3582 2683; x_wconf 78' lang='lat' dir='ltr'><strong>Mosi.</strong></span> <span class='ocrx_word' id='word_1_488' title='bbox 3640 2619 3693 2681; x_wconf 88' lang='lat' dir='ltr'><strong>A</strong></span> 
     </span>
    </p>
   </div>
   <div class='ocr_carea' id='block_1_67' title="bbox 2043 2700 3693 2789">
    <p class='ocr_par' dir='ltr' id='par_1_67' title="bbox 2043 2700 3693 2789">
     <span class='ocr_line' id='line_1_67' title="bbox 2043 2700 3693 2789; baseline 0.005 -28"><span class='ocrx_word' id='word_1_489' title='bbox 2043 2700 2262 2762; x_wconf 90' lang='lat' dir='ltr'><strong>minori</strong></span> <span class='ocrx_word' id='word_1_490' title='bbox 2293 2702 2358 2763; x_wconf 91' lang='lat' dir='ltr'><strong>ﬁt</strong></span> <span class='ocrx_word' id='word_1_491' title='bbox 2382 2702 2770 2783; x_wconf 83' lang='lat' dir='ltr'><strong>comparatio.</strong></span> <span class='ocrx_word' id='word_1_492' title='bbox 2807 2701 2949 2765; x_wconf 86' lang='lat' dir='ltr'><strong>Vult</strong></span> <span class='ocrx_word' id='word_1_493' title='bbox 2979 2704 3139 2765; x_wconf 91' lang='lat' dir='ltr'><strong>enim</strong></span> <span class='ocrx_word' id='word_1_494' title='bbox 3170 2708 3489 2771; x_wconf 90' lang='lat' dir='ltr'><strong>ostendere</strong></span> <span class='ocrx_word' id='word_1_495' title='bbox 3537 2707 3693 2789; x_wconf 91' lang='lat' dir='ltr'><strong>ignis</strong></span> 
     </span>
    </p>
   </div>
   <div class='ocr_carea' id='block_1_68' title="bbox 2043 2790 3692 2871">
    <p class='ocr_par' dir='ltr' id='par_1_68' title="bbox 2043 2790 3692 2871">
     <span class='ocr_line' id='line_1_68' title="bbox 2043 2790 3692 2871; baseline 0.006 -20"><span class='ocrx_word' id='word_1_496' title='bbox 2043 2790 2413 2853; x_wconf 84' lang='lat' dir='ltr'><strong>exustionem</strong></span> <span class='ocrx_word' id='word_1_497' title='bbox 2440 2793 2600 2871; x_wconf 86' lang='lat' dir='ltr'><strong>juste</strong></span> <span class='ocrx_word' id='word_1_498' title='bbox 2648 2791 2866 2853; x_wconf 88' lang='lat' dir='ltr'><strong>immiti</strong></span> <span class='ocrx_word' id='word_1_499' title='bbox 2895 2801 3101 2856; x_wconf 90' lang='lat' dir='ltr'><strong>contra</strong></span> <span class='ocrx_word' id='word_1_500' title='bbox 3142 2794 3537 2860; x_wconf 88' lang='lat' dir='ltr'><strong>adversarios.</strong></span> <span class='ocrx_word' id='word_1_501' title='bbox 3571 2796 3692 2861; x_wconf 90' lang='lat' dir='ltr'><strong>Le-</strong></span> 
     </span>
    </p>
   </div>
   <div class='ocr_carea' id='block_1_69' title="bbox 2046 2880 3688 2968">
    <p class='ocr_par' dir='ltr' id='par_1_69' title="bbox 2046 2880 3688 2968">
     <span class='ocr_line' id='line_1_69' title="bbox 2046 2880 3688 2968; baseline 0.007 -30"><span class='ocrx_word' id='word_1_502' title='bbox 2046 2896 2181 2959; x_wconf 87' lang='lat' dir='ltr'><strong>gem</strong></span> <span class='ocrx_word' id='word_1_503' title='bbox 2212 2888 2408 2941; x_wconf 91' lang='lat' dir='ltr'><strong>autem</strong></span> <span class='ocrx_word' id='word_1_504' title='bbox 2440 2882 2586 2942; x_wconf 87' lang='lat' dir='ltr'><strong>dicit</strong></span> <span class='ocrx_word' id='word_1_505' title='bbox 2615 2880 2944 2953; x_wconf 74' lang='lat' dir='ltr'><strong>Mosi56,eo</strong></span> <span class='ocrx_word' id='word_1_506' title='bbox 2978 2883 3137 2965; x_wconf 91' lang='lat' dir='ltr'><strong>quod</strong></span> <span class='ocrx_word' id='word_1_507' title='bbox 3177 2884 3278 2947; x_wconf 88' lang='lat' dir='ltr'><strong>ille</strong></span> <span class='ocrx_word' id='word_1_508' title='bbox 3320 2886 3503 2948; x_wconf 86' lang='lat' dir='ltr'><strong>multa</strong></span> <span class='ocrx_word' id='word_1_509' title='bbox 3536 2904 3688 2968; x_wconf 65' lang='lat' dir='ltr'><strong>pra)-</strong></span> 
     </span>
    </p>
   </div>
   <div class='ocr_carea' id='block_1_70' title="bbox 2045 2968 3690 3051">
    <p class='ocr_par' dir='ltr' id='par_1_70' title="bbox 2045 2968 3690 3051">
     <span class='ocr_line' id='line_1_70' title="bbox 2045 2968 3690 3051; baseline 0.007 -23"><span class='ocrx_word' id='word_1_510' title='bbox 2045 2968 2271 3048; x_wconf 88' lang='lat' dir='ltr'><strong>ceperit</strong></span> <span class='ocrx_word' id='word_1_511' title='bbox 2300 2988 2507 3032; x_wconf 90' lang='lat' dir='ltr'><strong>eorum</strong></span> <span class='ocrx_word' id='word_1_512' title='bbox 2538 2989 2670 3051; x_wconf 73' lang='lat' dir='ltr'><strong>quae</strong></span> <span class='ocrx_word' id='word_1_513' title='bbox 2697 2972 2759 3032; x_wconf 93' lang='lat' dir='ltr'><strong>in</strong></span> <span class='ocrx_word' id='word_1_514' title='bbox 2786 2972 2916 3051; x_wconf 86' lang='lat' dir='ltr'><strong>lege</strong></span> <span class='ocrx_word' id='word_1_515' title='bbox 2938 2974 3343 3037; x_wconf 89' lang='lat' dir='ltr'><strong>continentur.</strong></span> <span class='ocrx_word' id='word_1_516' title='bbox 3359 2974 3515 3039; x_wconf 73' lang='lat' dir='ltr'><strong>«Sub</strong></span> <span class='ocrx_word' id='word_1_517' title='bbox 3536 2977 3690 3039; x_wconf 90' lang='lat' dir='ltr'><strong>duo-</strong></span> 
     </span>
    </p>
   </div>
   <div class='ocr_carea' id='block_1_71' title="bbox 2046 3054 3690 3128">
    <p class='ocr_par' dir='ltr' id='par_1_71' title="bbox 2046 3054 3690 3128">
     <span class='ocr_line' id='line_1_71' title="bbox 2046 3054 3690 3128; baseline 0.007 -12"><span class='ocrx_word' id='word_1_518' title='bbox 2046 3054 2158 3118; x_wconf 89' lang='lat' dir='ltr'><strong>bus</strong></span> <span class='ocrx_word' id='word_1_519' title='bbox 2188 3064 2287 3118; x_wconf 89' lang='lat' dir='ltr'><strong>aut</strong></span> <span class='ocrx_word' id='word_1_520' title='bbox 2317 3058 2504 3120; x_wconf 91' lang='lat' dir='ltr'><strong>tribus</strong></span> <span class='ocrx_word' id='word_1_521' title='bbox 2536 3060 2846 3123; x_wconf 71' lang='lat' dir='ltr'><strong>testibus.»</strong></span> <span class='ocrx_word' id='word_1_522' title='bbox 2881 3059 3024 3122; x_wconf 87' lang='lat' dir='ltr'><strong>Nam</strong></span> <span class='ocrx_word' id='word_1_523' title='bbox 3059 3062 3110 3122; x_wconf 92' lang='lat' dir='ltr'><strong>si</strong></span> <span class='ocrx_word' id='word_1_524' title='bbox 3137 3062 3258 3124; x_wconf 93' lang='lat' dir='ltr'><strong>duo</strong></span> <span class='ocrx_word' id='word_1_525' title='bbox 3289 3072 3389 3125; x_wconf 91' lang='lat' dir='ltr'><strong>aut</strong></span> <span class='ocrx_word' id='word_1_526' title='bbox 3418 3072 3540 3127; x_wconf 89' lang='lat' dir='ltr'><strong>tres</strong></span> <span class='ocrx_word' id='word_1_527' title='bbox 3568 3075 3690 3128; x_wconf 86' lang='lat' dir='ltr'><strong>tes-</strong></span> 
     </span>
    </p>
   </div>
   <div class='ocr_carea' id='block_1_72' title="bbox 2049 3143 3693 3231">
    <p class='ocr_par' dir='ltr' id='par_1_72' title="bbox 2049 3143 3693 3231">
     <span class='ocr_line' id='line_1_72' title="bbox 2049 3143 3693 3231; baseline 0.008 -27"><span class='ocrx_word' id='word_1_528' title='bbox 2049 3143 2250 3206; x_wconf 89' lang='lat' dir='ltr'><strong>tiﬁcati</strong></span> <span class='ocrx_word' id='word_1_529' title='bbox 2284 3154 2503 3222; x_wconf 90' lang='lat' dir='ltr'><strong>essent,</strong></span> <span class='ocrx_word' id='word_1_530' title='bbox 2540 3167 2658 3209; x_wconf 91' lang='lat' dir='ltr'><strong>non</strong></span> <span class='ocrx_word' id='word_1_531' title='bbox 2690 3157 2815 3210; x_wconf 91' lang='lat' dir='ltr'><strong>erat</strong></span> <span class='ocrx_word' id='word_1_532' title='bbox 2842 3149 3100 3231; x_wconf 87' lang='lat' dir='ltr'><strong>amplius</strong></span> <span class='ocrx_word' id='word_1_533' title='bbox 3131 3152 3554 3216; x_wconf 65' lang='lat' dir='ltr'><strong>misericordiae</strong></span> <span class='ocrx_word' id='word_1_534' title='bbox 3590 3163 3693 3217; x_wconf 88' lang='lat' dir='ltr'><strong>aut</strong></span> 
     </span>
    </p>
   </div>
   <div class='ocr_carea' id='block_1_73' title="bbox 2046 3232 3693 3321">
    <p class='ocr_par' dir='ltr' id='par_1_73' title="bbox 2046 3232 3693 3321">
     <span class='ocr_line' id='line_1_73' title="bbox 2046 3232 3693 3321; baseline 0.008 -29"><span class='ocrx_word' id='word_1_535' title='bbox 2046 3232 2234 3293; x_wconf 83' lang='lat' dir='ltr'><strong>veniae</strong></span> <span class='ocrx_word' id='word_1_536' title='bbox 2289 3234 2476 3307; x_wconf 90' lang='lat' dir='ltr'><strong>locus,</strong></span> <span class='ocrx_word' id='word_1_537' title='bbox 2540 3236 2643 3297; x_wconf 92' lang='lat' dir='ltr'><strong>sed</strong></span> <span class='ocrx_word' id='word_1_538' title='bbox 2705 3237 3093 3302; x_wconf 89' lang='lat' dir='ltr'><strong>moriebatur.</strong></span> <span class='ocrx_word' id='word_1_539' title='bbox 3148 3240 3289 3300; x_wconf 77' lang='lat'><strong>400</strong></span> <span class='ocrx_word' id='word_1_540' title='bbox 3336 3241 3400 3304; x_wconf 86' lang='lat' dir='ltr'><strong>Si</strong></span> <span class='ocrx_word' id='word_1_541' title='bbox 3446 3243 3498 3304; x_wconf 85' lang='lat' dir='ltr'><strong>is</strong></span> <span class='ocrx_word' id='word_1_542' title='bbox 3553 3260 3693 3321; x_wconf 87' lang='lat' dir='ltr'><strong>ergo</strong></span> 
     </span>
    </p>
   </div>
   <div class='ocr_carea' id='block_1_74' title="bbox 2046 3322 3689 3409">
    <p class='ocr_par' dir='ltr' id='par_1_74' title="bbox 2046 3322 3689 3409">
     <span class='ocr_line' id='line_1_74' title="bbox 2046 3322 3689 3409; baseline 0.007 -27"><span class='ocrx_word' id='word_1_543' title='bbox 2046 3322 2147 3402; x_wconf 90' lang='lat' dir='ltr'><strong>qui</strong></span> <span class='ocrx_word' id='word_1_544' title='bbox 2178 3323 2439 3387; x_wconf 90' lang='lat' dir='ltr'><strong>hominis</strong></span> <span class='ocrx_word' id='word_1_545' title='bbox 2462 3325 2675 3407; x_wconf 64' lang='lat' dir='ltr'><strong>legem,</strong></span> <span class='ocrx_word' id='word_1_546' title='bbox 2711 3328 2823 3389; x_wconf 93' lang='lat' dir='ltr'><strong>hoc</strong></span> <span class='ocrx_word' id='word_1_547' title='bbox 2856 3337 2949 3391; x_wconf 90' lang='lat' dir='ltr'><strong>est</strong></span> <span class='ocrx_word' id='word_1_548' title='bbox 2976 3329 3145 3404; x_wconf 81' lang='lat' dir='ltr'><strong>Mosi,</strong></span> <span class='ocrx_word' id='word_1_549' title='bbox 3178 3340 3546 3409; x_wconf 87' lang='lat' dir='ltr'><strong>trangressus</strong></span> <span class='ocrx_word' id='word_1_550' title='bbox 3577 3340 3689 3409; x_wconf 90' lang='lat' dir='ltr'><strong>est,</strong></span> 
     </span>
    </p>
   </div>
   <div class='ocr_carea' id='block_1_75' title="bbox 2046 3410 3689 3498">
    <p class='ocr_par' dir='ltr' id='par_1_75' title="bbox 2046 3410 3689 3498">
     <span class='ocr_line' id='line_1_75' title="bbox 2046 3410 3689 3498; baseline 0.007 -27"><span class='ocrx_word' id='word_1_551' title='bbox 2046 3410 2269 3492; x_wconf 88' lang='lat' dir='ltr'><strong>absque</strong></span> <span class='ocrx_word' id='word_1_552' title='bbox 2318 3414 2491 3476; x_wconf 91' lang='lat' dir='ltr'><strong>venia</strong></span> <span class='ocrx_word' id='word_1_553' title='bbox 2532 3423 2664 3496; x_wconf 91' lang='lat' dir='ltr'><strong>post</strong></span> <span class='ocrx_word' id='word_1_554' title='bbox 2713 3416 2896 3478; x_wconf 91' lang='lat' dir='ltr'><strong>latum</strong></span> <span class='ocrx_word' id='word_1_555' title='bbox 2958 3420 3358 3482; x_wconf 89' lang='lat' dir='ltr'><strong>testimonium</strong></span> <span class='ocrx_word' id='word_1_556' title='bbox 3412 3422 3689 3498; x_wconf 89' lang='lat' dir='ltr'><strong>moritur,</strong></span> 
     </span>
    </p>
   </div>
   <div class='ocr_carea' id='block_1_76' title="bbox 2044 3499 3690 3592">
    <p class='ocr_par' dir='ltr' id='par_1_76' title="bbox 2044 3499 3690 3592">
     <span class='ocr_line' id='line_1_76' title="bbox 2044 3499 3690 3592; baseline 0.007 -33"><span class='ocrx_word' id='word_1_557' title='bbox 2044 3499 2258 3592; x_wconf 73' lang='lat' dir='ltr'><strong>inquit,</strong></span> <span class='ocrx_word' id='word_1_558' title='bbox 2310 3502 2458 3592; x_wconf 88' lang='lat' dir='ltr'><strong>quid</strong></span> <span class='ocrx_word' id='word_1_559' title='bbox 2540 3521 2641 3564; x_wconf 89' lang='lat' dir='ltr'><strong>eos</strong></span> <span class='ocrx_word' id='word_1_560' title='bbox 2701 3504 2820 3583; x_wconf 90' lang='lat' dir='ltr'><strong>pati</strong></span> <span class='ocrx_word' id='word_1_561' title='bbox 2901 3517 3180 3587; x_wconf 88' lang='lat' dir='ltr'><strong>oportere</strong></span> <span class='ocrx_word' id='word_1_562' title='bbox 3253 3509 3535 3588; x_wconf 89' lang='lat' dir='ltr'><strong>judicatis</strong></span> <span class='ocrx_word' id='word_1_563' title='bbox 3587 3511 3690 3592; x_wconf 91' lang='lat' dir='ltr'><strong>qui</strong></span> 
     </span>
    </p>
   </div>
   <div class='ocr_carea' id='block_1_77' title="bbox 2042 3588 3692 3671">
    <p class='ocr_par' dir='ltr' id='par_1_77' title="bbox 2042 3588 3692 3671">
     <span class='ocr_line' id='line_1_77' title="bbox 2042 3588 3692 3671; baseline 0.008 -24"><span class='ocrx_word' id='word_1_564' title='bbox 2042 3588 2260 3659; x_wconf 84' lang='lat' dir='ltr'><strong>Christi</strong></span> <span class='ocrx_word' id='word_1_565' title='bbox 2306 3589 2504 3671; x_wconf 83' lang='lat' dir='ltr'><strong>legem</strong></span> <span class='ocrx_word' id='word_1_566' title='bbox 2562 3594 3087 3657; x_wconf 81' lang='lat' dir='ltr'><strong>conculcaverint?</strong></span> <span class='ocrx_word' id='word_1_567' title='bbox 3122 3621 3141 3652; x_wconf 75' lang='grc' dir='ltr'><strong>ε</strong></span> <span class='ocrx_word' id='word_1_568' title='bbox 3189 3595 3299 3668; x_wconf 88' lang='lat' dir='ltr'><strong>Qui</strong></span> <span class='ocrx_word' id='word_1_569' title='bbox 3347 3598 3535 3660; x_wconf 89' lang='lat' dir='ltr'><strong>ﬁlium</strong></span> <span class='ocrx_word' id='word_1_570' title='bbox 3585 3588 3692 3662; x_wconf 79' lang='lat' dir='ltr'><strong>Dei</strong></span> 
     </span>
    </p>
   </div>
   <div class='ocr_carea' id='block_1_78' title="bbox 2044 3678 3687 3769">
    <p class='ocr_par' dir='ltr' id='par_1_78' title="bbox 2044 3678 3687 3769">
     <span class='ocr_line' id='line_1_78' title="bbox 2044 3678 3687 3769; baseline 0.009 -33"><span class='ocrx_word' id='word_1_571' title='bbox 2044 3678 2442 3769; x_wconf 23' lang='lat' dir='ltr'><strong>conculcarit.‘</strong></span> <span class='ocrx_word' id='word_1_572' title='bbox 2459 3678 2798 3769; x_wconf 65' lang='lat' dir='ltr'><strong>sQuomodo</strong></span> <span class='ocrx_word' id='word_1_573' title='bbox 2829 3692 3025 3745; x_wconf 89' lang='lat' dir='ltr'><strong>autem</strong></span> <span class='ocrx_word' id='word_1_574' title='bbox 3052 3684 3360 3747; x_wconf 77' lang='lat' dir='ltr'><strong>conculcet</strong></span> <span class='ocrx_word' id='word_1_575' title='bbox 3387 3686 3687 3769; x_wconf 89' lang='lat' dir='ltr'><strong>quispiam</strong></span> 
     </span>
    </p>
   </div>
   <div class='ocr_carea' id='block_1_79' title="bbox 2041 3763 3693 3856">
    <p class='ocr_par' dir='ltr' id='par_1_79' title="bbox 2041 3763 3693 3856">
     <span class='ocr_line' id='line_1_79' title="bbox 2041 3763 3693 3856; baseline 0.008 -32"><span class='ocrx_word' id='word_1_576' title='bbox 2041 3763 2257 3856; x_wconf 81' lang='lat' dir='ltr'><strong>Filium</strong></span> <span class='ocrx_word' id='word_1_577' title='bbox 2292 3766 2681 3839; x_wconf 88' lang='lat' dir='ltr'><strong>Dei?Qando</strong></span> <span class='ocrx_word' id='word_1_578' title='bbox 2711 3769 2907 3849; x_wconf 92' lang='lat' dir='ltr'><strong>ipsum</strong></span> <span class='ocrx_word' id='word_1_579' title='bbox 2961 3791 3078 3833; x_wconf 92' lang='lat' dir='ltr'><strong>non</strong></span> <span class='ocrx_word' id='word_1_580' title='bbox 3137 3772 3326 3849; x_wconf 88' lang='lat' dir='ltr'><strong>audit,</strong></span> <span class='ocrx_word' id='word_1_581' title='bbox 3378 3763 3612 3856; x_wconf 71' lang='lat' dir='ltr'><strong>quando</strong></span> <span class='ocrx_word' id='word_1_582' title='bbox 3640 3776 3693 3838; x_wconf 87' lang='lat' dir='ltr'><strong>is</strong></span> 
     </span>
    </p>
   </div>
   <div class='ocr_carea' id='block_1_80' title="bbox 317 3854 1960 3944">
    <p class='ocr_par' dir='ltr' id='par_1_80' title="bbox 317 3854 1960 3944">
     <span class='ocr_line' id='line_1_80' title="bbox 317 3854 1960 3944; baseline 0.002 -25"><span class='ocrx_word' id='word_1_583' title='bbox 317 3886 430 3937; x_wconf 86' lang='grc' dir='ltr'>σαι,</span> <span class='ocrx_word' id='word_1_584' title='bbox 475 3865 537 3920; x_wconf 81' lang='grc' dir='ltr'><strong>τὸ</strong></span> <span class='ocrx_word' id='word_1_585' title='bbox 568 3854 982 3944; x_wconf 77' lang='grc' dir='ltr'>καταφρονῆσαι.</span> <span class='ocrx_word' id='word_1_586' title='bbox 1021 3882 1045 3918; x_wconf 75' lang='grc' dir='ltr'><strong>α</strong></span> <span class='ocrx_word' id='word_1_587' title='bbox 1081 3864 1178 3920; x_wconf 82' lang='grc' dir='ltr'>Καὶ</span> <span class='ocrx_word' id='word_1_588' title='bbox 1204 3864 1266 3918; x_wconf 79' lang='grc' dir='ltr'>τὸ</span> <span class='ocrx_word' id='word_1_589' title='bbox 1308 3866 1448 3938; x_wconf 82' lang='grc' dir='ltr'>αἷμα</span> <span class='ocrx_word' id='word_1_590' title='bbox 1471 3865 1570 3930; x_wconf 75' lang='grc' dir='ltr'>τῆς</span> <span class='ocrx_word' id='word_1_591' title='bbox 1614 3861 1893 3934; x_wconf 79' lang='grc' dir='ltr'>διαθήκης.</span> <span class='ocrx_word' id='word_1_592' title='bbox 1931 3883 1960 3922; x_wconf 69' lang='grc' dir='ltr'><strong>ι</strong></span> 
     </span>
    </p>
   </div>
   <div class='ocr_carea' id='block_1_81' title="bbox 2046 3854 3692 3944">
    <p class='ocr_par' dir='ltr' id='par_1_81' title="bbox 2046 3854 3692 3942">
     <span class='ocr_line' id='line_1_81' title="bbox 2046 3854 3692 3942; baseline 0.008 -28"><span class='ocrx_word' id='word_1_593' title='bbox 2046 3854 2147 3936; x_wconf 89' lang='lat' dir='ltr'><strong>qui</strong></span> <span class='ocrx_word' id='word_1_594' title='bbox 2177 3874 2310 3915; x_wconf 89' lang='lat' dir='ltr'><strong>cum</strong></span> <span class='ocrx_word' id='word_1_595' title='bbox 2342 3874 2412 3917; x_wconf 91' lang='lat' dir='ltr'><strong>eo</strong></span> <span class='ocrx_word' id='word_1_596' title='bbox 2443 3857 2782 3940; x_wconf 79' lang='lat' dir='ltr'><strong>participat,</strong></span> <span class='ocrx_word' id='word_1_597' title='bbox 2815 3871 3057 3940; x_wconf 89' lang='lat' dir='ltr'><strong>peccata</strong></span> <span class='ocrx_word' id='word_1_598' title='bbox 3082 3870 3360 3942; x_wconf 87' lang='lat' dir='ltr'><strong>operatur</strong></span> <span class='ocrx_word' id='word_1_599' title='bbox 3393 3854 3414 3925; x_wconf 71' lang='grc' dir='ltr'>ξ</span> <span class='ocrx_word' id='word_1_600' title='bbox 3461 3883 3600 3926; x_wconf 88' lang='lat' dir='ltr'><strong>nam</strong></span> <span class='ocrx_word' id='word_1_601' title='bbox 3629 3865 3692 3927; x_wconf 93' lang='lat' dir='ltr'><strong>id</strong></span> 
     </span>
    </p>
   </div>
   <div class='ocr_carea' id='block_1_82' title="bbox 316 3946 1960 4034">
    <p class='ocr_par' dir='ltr' id='par_1_82' title="bbox 316 3951 1960 4031">
     <span class='ocr_line' id='line_1_82' title="bbox 316 3951 1960 4031; baseline -0.001 -22"><span class='ocrx_word' id='word_1_602' title='bbox 316 3956 468 4028; x_wconf 78' lang='grc' dir='ltr'>Αἷμα</span> <span class='ocrx_word' id='word_1_603' title='bbox 512 3951 792 4024; x_wconf 83' lang='grc' dir='ltr'>διαθήκης,</span> <span class='ocrx_word' id='word_1_604' title='bbox 850 3953 912 4007; x_wconf 80' lang='grc' dir='ltr'>τὸ</span> <span class='ocrx_word' id='word_1_605' title='bbox 967 3954 1107 4027; x_wconf 83' lang='grc' dir='ltr'>αἷμα</span> <span class='ocrx_word' id='word_1_606' title='bbox 1163 3959 1387 4030; x_wconf 83' lang='grc' dir='ltr'>Χριστοῦ</span> <span class='ocrx_word' id='word_1_607' title='bbox 1439 3974 1591 4031; x_wconf 82' lang='grc' dir='ltr'>φησι,</span> <span class='ocrx_word' id='word_1_608' title='bbox 1632 3974 1654 4007; x_wconf 76' lang='grc' dir='ltr'><strong>ι</strong></span> <span class='ocrx_word' id='word_1_609' title='bbox 1697 3952 1774 4008; x_wconf 87' lang='grc' dir='ltr'><strong>Δι’</strong></span> <span class='ocrx_word' id='word_1_610' title='bbox 1807 3953 1960 4009; x_wconf 71' lang='grc' dir='ltr'>αὖτου</span> 
     </span>
    </p>
   </div>
   <div class='ocr_carea' id='block_1_83' title="bbox 2046 3946 3691 4034">
    <p class='ocr_par' dir='ltr' id='par_1_83' title="bbox 2048 3946 3691 4034">
     <span class='ocr_line' id='line_1_83' title="bbox 2048 3946 3691 4034; baseline 0.006 -28"><span class='ocrx_word' id='word_1_611' title='bbox 2048 3952 2138 4006; x_wconf 91' lang='lat' dir='ltr'><strong>est</strong></span> <span class='ocrx_word' id='word_1_612' title='bbox 2183 3946 2557 4022; x_wconf 87' lang='lat' dir='ltr'><strong>conculcare,</strong></span> <span class='ocrx_word' id='word_1_613' title='bbox 2606 3967 2822 4029; x_wconf 88' lang='lat' dir='ltr'><strong>nempe</strong></span> <span class='ocrx_word' id='word_1_614' title='bbox 2853 3959 3255 4014; x_wconf 90' lang='lat' dir='ltr'><strong>contemnere.</strong></span> <span class='ocrx_word' id='word_1_615' title='bbox 3297 3977 3324 4008; x_wconf 75' lang='grc' dir='ltr'><strong>α</strong></span> <span class='ocrx_word' id='word_1_616' title='bbox 3350 3951 3422 4014; x_wconf 92' lang='grc' dir='ltr'>Ει</span> <span class='ocrx_word' id='word_1_617' title='bbox 3448 3953 3691 4034; x_wconf 86' lang='lat' dir='ltr'><strong>sangui-</strong></span> 
     </span>
    </p>
   </div>
   <div class='ocr_carea' id='block_1_84' title="bbox 318 4035 1960 4121">
    <p class='ocr_par' dir='ltr' id='par_1_84' title="bbox 318 4038 1960 4121">
     <span class='ocr_line' id='line_1_84' title="bbox 318 4038 1960 4121; baseline 0 -24"><span class='ocrx_word' id='word_1_618' title='bbox 318 4042 419 4120; x_wconf 76' lang='grc' dir='ltr'><strong>γὰρ</strong></span> <span class='ocrx_word' id='word_1_619' title='bbox 452 4041 552 4107; x_wconf 78' lang='grc' dir='ltr'><strong>τὴν</strong></span> <span class='ocrx_word' id='word_1_620' title='bbox 611 4040 731 4098; x_wconf 78' lang='grc' dir='ltr'>νέαν</span> <span class='ocrx_word' id='word_1_621' title='bbox 788 4038 1084 4121; x_wconf 68' lang='grc' dir='ltr'>εἷλήφαμεν</span> <span class='ocrx_word' id='word_1_622' title='bbox 1113 4038 1391 4110; x_wconf 73' lang='grc' dir='ltr'>διαθήκην,</span> <span class='ocrx_word' id='word_1_623' title='bbox 1444 4064 1470 4095; x_wconf 74' lang='grc' dir='ltr'><strong>α</strong></span> <span class='ocrx_word' id='word_1_624' title='bbox 1522 4042 1707 4099; x_wconf 77' lang='grc' dir='ltr'>Κοινὸν</span> <span class='ocrx_word' id='word_1_625' title='bbox 1748 4041 1960 4120; x_wconf 80' lang='grc' dir='ltr'>ἡγησά-</span> 
     </span>
    </p>
   </div>
   <div class='ocr_carea' id='block_1_85' title="bbox 2046 4035 3699 4121">
    <p class='ocr_par' dir='ltr' id='par_1_85' title="bbox 2050 4035 3699 4121">
     <span class='ocr_line' id='line_1_85' title="bbox 2050 4035 3699 4121; baseline 0.007 -29"><span class='ocrx_word' id='word_1_626' title='bbox 2050 4050 2187 4121; x_wconf 85' lang='lat' dir='ltr'><strong>nem</strong></span> <span class='ocrx_word' id='word_1_627' title='bbox 2221 4035 2994 4117; x_wconf 84' lang='lat' dir='ltr'><strong>testamenti.»Sanguinem</strong></span> <span class='ocrx_word' id='word_1_628' title='bbox 3026 4040 3367 4102; x_wconf 72' lang='lat' dir='ltr'><strong>testamenti</strong></span> <span class='ocrx_word' id='word_1_629' title='bbox 3397 4039 3541 4103; x_wconf 85' lang='lat' dir='ltr'><strong>dicit</strong></span> <span class='ocrx_word' id='word_1_630' title='bbox 3563 4060 3699 4104; x_wconf 84' lang='lat' dir='ltr'><strong>san-</strong></span> 
     </span>
    </p>
   </div>
   <div class='ocr_carea' id='block_1_86' title="bbox 316 4120 1960 4211">
    <p class='ocr_par' dir='ltr' id='par_1_86' title="bbox 316 4120 1960 4208">
     <span class='ocr_line' id='line_1_86' title="bbox 316 4120 1960 4208; baseline 0.001 -23"><span class='ocrx_word' id='word_1_631' title='bbox 316 4151 499 4205; x_wconf 85' lang='grc' dir='ltr'>μενος,</span> <span class='ocrx_word' id='word_1_632' title='bbox 538 4153 566 4184; x_wconf 74' lang='grc' dir='ltr'><strong>α</strong></span> <span class='ocrx_word' id='word_1_633' title='bbox 599 4132 811 4204; x_wconf 78' lang='grc' dir='ltr'>Κοινὸν,</span> <span class='ocrx_word' id='word_1_634' title='bbox 855 4120 934 4185; x_wconf 14' lang='grc' dir='ltr'><strong>τὸγ</strong></span> <span class='ocrx_word' id='word_1_635' title='bbox 972 4126 1109 4205; x_wconf 79' lang='grc' dir='ltr'>μηδὲ</span> <span class='ocrx_word' id='word_1_636' title='bbox 1166 4128 1271 4184; x_wconf 77' lang='grc' dir='ltr'><strong>τῶν</strong></span> <span class='ocrx_word' id='word_1_637' title='bbox 1326 4127 1503 4185; x_wconf 71' lang='grc' dir='ltr'>ἄλλων</span> <span class='ocrx_word' id='word_1_638' title='bbox 1530 4127 1770 4208; x_wconf 77' lang='grc' dir='ltr'>διαφέρον</span> <span class='ocrx_word' id='word_1_639' title='bbox 1803 4148 1818 4163; x_wconf 78' lang='grc'><strong>⁸</strong></span> <span class='ocrx_word' id='word_1_640' title='bbox 1852 4134 1960 4186; x_wconf 79' lang='grc' dir='ltr'>οἷον</span> 
     </span>
    </p>
   </div>
   <div class='ocr_carea' id='block_1_87' title="bbox 2046 4120 3697 4211">
    <p class='ocr_par' dir='ltr' id='par_1_87' title="bbox 2053 4120 3697 4211">
     <span class='ocr_line' id='line_1_87' title="bbox 2053 4120 3697 4211; baseline 0.007 -31"><span class='ocrx_word' id='word_1_641' title='bbox 2053 4120 2293 4201; x_wconf 88' lang='lat' dir='ltr'><strong>guinem</strong></span> <span class='ocrx_word' id='word_1_642' title='bbox 2318 4123 2534 4184; x_wconf 90' lang='lat' dir='ltr'><strong>Christi</strong></span> <span class='ocrx_word' id='word_1_643' title='bbox 2555 4143 2568 4186; x_wconf 89' lang='lat'><strong>:</strong></span> <span class='ocrx_word' id='word_1_644' title='bbox 2594 4143 2699 4203; x_wconf 87' lang='lat' dir='ltr'><strong>per</strong></span> <span class='ocrx_word' id='word_1_645' title='bbox 2717 4126 2911 4205; x_wconf 88' lang='lat' dir='ltr'><strong>ipsum</strong></span> <span class='ocrx_word' id='word_1_646' title='bbox 2938 4128 3098 4189; x_wconf 90' lang='lat' dir='ltr'><strong>enim</strong></span> <span class='ocrx_word' id='word_1_647' title='bbox 3118 4127 3458 4211; x_wconf 90' lang='lat' dir='ltr'><strong>accepimus</strong></span> <span class='ocrx_word' id='word_1_648' title='bbox 3480 4149 3697 4192; x_wconf 89' lang='lat' dir='ltr'><strong>novum</strong></span> 
     </span>
    </p>
   </div>
   <div class='ocr_carea' id='block_1_88' title="bbox 314 4215 1960 4298">
    <p class='ocr_par' dir='ltr' id='par_1_88' title="bbox 314 4215 1960 4298">
     <span class='ocr_line' id='line_1_88' title="bbox 314 4215 1960 4298; baseline 0 -24"><span class='ocrx_word' id='word_1_649' title='bbox 314 4216 559 4295; x_wconf 77' lang='grc' dir='ltr'>λέγωσιν</span> <span class='ocrx_word' id='word_1_650' title='bbox 591 4220 637 4274; x_wconf 76' lang='grc' dir='ltr'>οἱ</span> <span class='ocrx_word' id='word_1_651' title='bbox 693 4219 983 4298; x_wconf 77' lang='grc' dir='ltr'>φάσκοντες</span> <span class='ocrx_word' id='word_1_652' title='bbox 1039 4219 1195 4274; x_wconf 77' lang='grc' dir='ltr'>αὐτὸν</span> <span class='ocrx_word' id='word_1_653' title='bbox 1246 4215 1402 4292; x_wconf 81' lang='grc' dir='ltr'>ψιλὸν</span> <span class='ocrx_word' id='word_1_654' title='bbox 1460 4216 1754 4296; x_wconf 74' lang='grc' dir='ltr'>ἄνθρωπον.</span> <span class='ocrx_word' id='word_1_655' title='bbox 1817 4219 1960 4277; x_wconf 71' lang='grc' dir='ltr'>Οὗτοι</span> 
     </span>
    </p>
   </div>
   <div class='ocr_carea' id='block_1_89' title="bbox 2046 4215 3695 4298">
    <p class='ocr_par' dir='ltr' id='par_1_89' title="bbox 2055 4217 3695 4285">
     <span class='ocr_line' id='line_1_89' title="bbox 2055 4217 3695 4285; baseline 0.008 -13"><span class='ocrx_word' id='word_1_656' title='bbox 2055 4220 2494 4277; x_wconf 80' lang='lat' dir='ltr'><strong>testamentum.</strong></span> <span class='ocrx_word' id='word_1_657' title='bbox 2538 4238 2562 4268; x_wconf 79' lang='grc' dir='ltr'><strong>α</strong></span> <span class='ocrx_word' id='word_1_658' title='bbox 2591 4217 2977 4278; x_wconf 87' lang='lat' dir='ltr'><strong>Communem</strong></span> <span class='ocrx_word' id='word_1_659' title='bbox 3012 4217 3303 4281; x_wconf 87' lang='lat' dir='ltr'><strong>habuerit.</strong></span> <span class='ocrx_word' id='word_1_660' title='bbox 3346 4245 3369 4279; x_wconf 76' lang='grc' dir='ltr'><strong>ιι</strong></span> <span class='ocrx_word' id='word_1_661' title='bbox 3408 4221 3695 4285; x_wconf 83' lang='lat' dir='ltr'><strong>Comum-</strong></span> 
     </span>
    </p>
   </div>
   <div class='ocr_carea' id='block_1_90' title="bbox 314 4304 1960 4404">
    <p class='ocr_par' dir='ltr' id='par_1_90' title="bbox 314 4304 1960 4387">
     <span class='ocr_line' id='line_1_90' title="bbox 314 4304 1960 4387; baseline 0.001 -25"><span class='ocrx_word' id='word_1_662' title='bbox 314 4308 419 4385; x_wconf 78' lang='grc' dir='ltr'>γὰρ</span> <span class='ocrx_word' id='word_1_663' title='bbox 475 4304 623 4362; x_wconf 69' lang='grc' dir='ltr'>οὐδὲν</span> <span class='ocrx_word' id='word_1_664' title='bbox 678 4314 771 4362; x_wconf 89' lang='grc' dir='ltr'><strong>τοῦ</strong></span> <span class='ocrx_word' id='word_1_665' title='bbox 821 4306 1080 4387; x_wconf 78' lang='grc' dir='ltr'>ἡμετέρου</span> <span class='ocrx_word' id='word_1_666' title='bbox 1136 4304 1443 4363; x_wconf 80' lang='grc' dir='ltr'>διαλλάττον</span> <span class='ocrx_word' id='word_1_667' title='bbox 1528 4308 1601 4370; x_wconf 80' lang='grc' dir='ltr'>εἷς</span> <span class='ocrx_word' id='word_1_668' title='bbox 1657 4308 1818 4383; x_wconf 73' lang='grc' dir='ltr'>τιμὴν</span> <span class='ocrx_word' id='word_1_669' title='bbox 1873 4307 1960 4364; x_wconf 85' lang='grc' dir='ltr'>λέ-</span> 
     </span>
    </p>
   </div>
   <div class='ocr_carea' id='block_1_91' title="bbox 2046 4304 3691 4404">
    <p class='ocr_par' dir='ltr' id='par_1_91' title="bbox 2057 4305 3691 4401">
     <span class='ocr_line' id='line_1_91' title="bbox 2057 4305 3691 4401; baseline 0.004 -37"><span class='ocrx_word' id='word_1_670' title='bbox 2057 4310 2503 4401; x_wconf 75' lang='lat' dir='ltr'><strong>nem,tanquam</strong></span> <span class='ocrx_word' id='word_1_671' title='bbox 2526 4305 2755 4367; x_wconf 81' lang='lat' dir='ltr'><strong>caeteris</strong></span> <span class='ocrx_word' id='word_1_672' title='bbox 2770 4306 2917 4368; x_wconf 90' lang='lat' dir='ltr'><strong>nihil</strong></span> <span class='ocrx_word' id='word_1_673' title='bbox 2940 4307 3328 4370; x_wconf 78' lang='lat' dir='ltr'><strong>excellentius</strong></span> <span class='ocrx_word' id='word_1_674' title='bbox 3351 4307 3691 4390; x_wconf 87' lang='lat' dir='ltr'><strong>habentem,</strong></span> 
     </span>
    </p>
   </div>
   <div class='ocr_carea' id='block_1_92' title="bbox 316 4388 1960 4477">
    <p class='ocr_par' dir='ltr' id='par_1_92' title="bbox 316 4394 1960 4477">
     <span class='ocr_line' id='line_1_92' title="bbox 316 4394 1960 4477; baseline 0.002 -27"><span class='ocrx_word' id='word_1_675' title='bbox 316 4417 502 4473; x_wconf 86' lang='grc' dir='ltr'>γουσιν</span> <span class='ocrx_word' id='word_1_676' title='bbox 556 4396 705 4457; x_wconf 73' lang='grc' dir='ltr'>αὐτὸ.</span> <span class='ocrx_word' id='word_1_677' title='bbox 776 4396 912 4453; x_wconf 74' lang='grc' dir='ltr'>Εἶτα</span> <span class='ocrx_word' id='word_1_678' title='bbox 951 4398 1013 4451; x_wconf 82' lang='grc' dir='ltr'><strong>τὸ</strong></span> <span class='ocrx_word' id='word_1_679' title='bbox 1041 4396 1332 4475; x_wconf 85' lang='grc' dir='ltr'>ἀχάριστον</span> <span class='ocrx_word' id='word_1_680' title='bbox 1376 4399 1543 4454; x_wconf 66' lang='grc' dir='ltr'>αὐτῶν</span> <span class='ocrx_word' id='word_1_681' title='bbox 1586 4394 1808 4472; x_wconf 84' lang='grc' dir='ltr'>δεικνὺς,</span> <span class='ocrx_word' id='word_1_682' title='bbox 1856 4420 1960 4477; x_wconf 81' lang='grc' dir='ltr'>φη-</span> 
     </span>
    </p>
   </div>
   <div class='ocr_carea' id='block_1_93' title="bbox 2046 4388 3696 4477">
    <p class='ocr_par' dir='ltr' id='par_1_93' title="bbox 2051 4388 3696 4473">
     <span class='ocr_line' id='line_1_93' title="bbox 2051 4388 3696 4473; baseline 0.005 -22"><span class='ocrx_word' id='word_1_683' title='bbox 2051 4388 2220 4451; x_wconf 89' lang='lat' dir='ltr'><strong>sicuti</strong></span> <span class='ocrx_word' id='word_1_684' title='bbox 2254 4391 2460 4452; x_wconf 89' lang='lat' dir='ltr'><strong>dicunt</strong></span> <span class='ocrx_word' id='word_1_685' title='bbox 2499 4392 2598 4473; x_wconf 91' lang='lat' dir='ltr'><strong>qui</strong></span> <span class='ocrx_word' id='word_1_686' title='bbox 2646 4393 2837 4473; x_wconf 91' lang='lat' dir='ltr'><strong>ipsum</strong></span> <span class='ocrx_word' id='word_1_687' title='bbox 2867 4397 3032 4459; x_wconf 88' lang='lat' dir='ltr'><strong>aiunt</strong></span> <span class='ocrx_word' id='word_1_688' title='bbox 3062 4399 3287 4459; x_wconf 90' lang='lat' dir='ltr'><strong>nudum</strong></span> <span class='ocrx_word' id='word_1_689' title='bbox 3319 4415 3452 4459; x_wconf 87' lang='lat' dir='ltr'><strong>esse</strong></span> <span class='ocrx_word' id='word_1_690' title='bbox 3497 4388 3696 4459; x_wconf 54' lang='lat' dir='ltr'><strong>homié</strong></span> 
     </span>
    </p>
   </div>
   <div class='ocr_carea' id='block_1_94' title="bbox 318 4479 1960 4569">
    <p class='ocr_par' dir='ltr' id='par_1_94' title="bbox 318 4482 1960 4569">
     <span class='ocr_line' id='line_1_94' title="bbox 318 4482 1960 4569; baseline 0.001 -30"><span class='ocrx_word' id='word_1_691' title='bbox 318 4485 425 4563; x_wconf 81' lang='grc' dir='ltr'>σὶν,</span> <span class='ocrx_word' id='word_1_692' title='bbox 477 4482 531 4538; x_wconf 80' lang='grc' dir='ltr'>ἒν</span> <span class='ocrx_word' id='word_1_693' title='bbox 572 4487 620 4558; x_wconf 78' lang='grc' dir='ltr'>ᾧ</span> <span class='ocrx_word' id='word_1_694' title='bbox 674 4485 931 4569; x_wconf 77' lang='grc' dir='ltr'>ἡγιάσθη,</span> <span class='ocrx_word' id='word_1_695' title='bbox 989 4506 1016 4539; x_wconf 75' lang='grc' dir='ltr'><strong>α</strong></span> <span class='ocrx_word' id='word_1_696' title='bbox 1077 4486 1174 4541; x_wconf 84' lang='grc' dir='ltr'>Καὶ</span> <span class='ocrx_word' id='word_1_697' title='bbox 1233 4485 1294 4540; x_wconf 83' lang='grc' dir='ltr'>τὸ</span> <span class='ocrx_word' id='word_1_698' title='bbox 1346 4490 1551 4560; x_wconf 78' lang='grc' dir='ltr'>πνεῦμα</span> <span class='ocrx_word' id='word_1_699' title='bbox 1592 4485 1687 4553; x_wconf 72' lang='grc' dir='ltr'><strong>τῆς</strong></span> <span class='ocrx_word' id='word_1_700' title='bbox 1746 4485 1960 4569; x_wconf 82' lang='grc' dir='ltr'>χάριτος</span> 
     </span>
    </p>
   </div>
   <div class='ocr_carea' id='block_1_95' title="bbox 2046 4479 3699 4569">
    <p class='ocr_par' dir='ltr' id='par_1_95' title="bbox 2053 4479 3699 4569">
     <span class='ocr_line' id='line_1_95' title="bbox 2053 4479 3699 4569; baseline 0.004 -30"><span class='ocrx_word' id='word_1_701' title='bbox 2053 4498 2212 4541; x_wconf 89' lang='lat' dir='ltr'><strong>nem.</strong></span> <span class='ocrx_word' id='word_1_702' title='bbox 2254 4479 2336 4569; x_wconf 14' lang='lat' dir='ltr'><strong>7H1</strong></span> <span class='ocrx_word' id='word_1_703' title='bbox 2366 4500 2621 4562; x_wconf 90' lang='lat' dir='ltr'><strong>namque</strong></span> <span class='ocrx_word' id='word_1_704' title='bbox 2653 4483 2801 4543; x_wconf 90' lang='lat' dir='ltr'><strong>nihil</strong></span> <span class='ocrx_word' id='word_1_705' title='bbox 2831 4503 2963 4546; x_wconf 90' lang='lat' dir='ltr'><strong>esse</strong></span> <span class='ocrx_word' id='word_1_706' title='bbox 2994 4485 3198 4546; x_wconf 91' lang='lat' dir='ltr'><strong>dicunt</strong></span> <span class='ocrx_word' id='word_1_707' title='bbox 3238 4485 3404 4547; x_wconf 89' lang='lat' dir='ltr'><strong>illum</strong></span> <span class='ocrx_word' id='word_1_708' title='bbox 3451 4485 3699 4565; x_wconf 86' lang='lat' dir='ltr'><strong>sangui-</strong></span> 
     </span>
    </p>
   </div>
   <div class='ocr_carea' id='block_1_96' title="bbox 321 4564 1960 4655">
    <p class='ocr_par' dir='ltr' id='par_1_96' title="bbox 321 4564 1960 4653">
     <span class='ocr_line' id='line_1_96' title="bbox 321 4564 1960 4653; baseline 0.001 -25"><span class='ocrx_word' id='word_1_709' title='bbox 321 4570 612 4650; x_wconf 72' lang='grc' dir='ltr'>ἐνυϐρίσας.</span> <span class='ocrx_word' id='word_1_710' title='bbox 675 4596 704 4628; x_wconf 71' lang='grc' dir='ltr'><strong><em>ι</em></strong></span> <span class='ocrx_word' id='word_1_711' title='bbox 757 4564 814 4631; x_wconf 61' lang='grc' dir='ltr'>Ὀ</span> <span class='ocrx_word' id='word_1_712' title='bbox 870 4574 969 4653; x_wconf 73' lang='grc' dir='ltr'><strong>γὰρ</strong></span> <span class='ocrx_word' id='word_1_713' title='bbox 1026 4573 1125 4638; x_wconf 81' lang='grc' dir='ltr'>τὴν</span> <span class='ocrx_word' id='word_1_714' title='bbox 1190 4570 1468 4649; x_wconf 83' lang='grc' dir='ltr'>διδομένην</span> <span class='ocrx_word' id='word_1_715' title='bbox 1525 4564 1836 4653; x_wconf 59' lang='grc' dir='ltr'>εὐεργεσίαν</span> <span class='ocrx_word' id='word_1_716' title='bbox 1889 4574 1960 4651; x_wconf 74' lang='grc' dir='ltr'><strong>μὴ</strong></span> 
     </span>
    </p>
   </div>
   <div class='ocr_carea' id='block_1_97' title="bbox 2046 4564 3694 4655">
    <p class='ocr_par' dir='ltr' id='par_1_97' title="bbox 2054 4564 3694 4655">
     <span class='ocr_line' id='line_1_97' title="bbox 2054 4564 3694 4655; baseline 0.005 -27"><span class='ocrx_word' id='word_1_717' title='bbox 2054 4586 2217 4648; x_wconf 92' lang='lat' dir='ltr'><strong>nem,</strong></span> <span class='ocrx_word' id='word_1_718' title='bbox 2250 4568 2310 4629; x_wconf 92' lang='lat' dir='ltr'><strong>in</strong></span> <span class='ocrx_word' id='word_1_719' title='bbox 2342 4588 2456 4650; x_wconf 91' lang='lat' dir='ltr'><strong>quo</strong></span> <span class='ocrx_word' id='word_1_720' title='bbox 2504 4572 2767 4633; x_wconf 87' lang='lat' dir='ltr'><strong>varietur</strong></span> <span class='ocrx_word' id='word_1_721' title='bbox 2794 4591 2827 4634; x_wconf 88' lang='lat' dir='ltr'><strong>a</strong></span> <span class='ocrx_word' id='word_1_722' title='bbox 2857 4581 3060 4635; x_wconf 89' lang='lat' dir='ltr'><strong>nostro</strong></span> <span class='ocrx_word' id='word_1_723' title='bbox 3110 4594 3224 4655; x_wconf 91' lang='lat' dir='ltr'><strong>quo</strong></span> <span class='ocrx_word' id='word_1_724' title='bbox 3274 4576 3347 4636; x_wconf 87' lang='lat' dir='ltr'><strong>ad</strong></span> <span class='ocrx_word' id='word_1_725' title='bbox 3404 4564 3694 4638; x_wconf 84' lang='lat' dir='ltr'><strong>honorem</strong></span> 
     </span>
    </p>
   </div>
   <div class='ocr_carea' id='block_1_98' title="bbox 321 4658 1960 4746">
    <p class='ocr_par' dir='ltr' id='par_1_98' title="bbox 321 4658 1960 4746">
     <span class='ocr_line' id='line_1_98' title="bbox 321 4658 1960 4746; baseline -0.001 -28"><span class='ocrx_word' id='word_1_726' title='bbox 321 4659 639 4741; x_wconf 79' lang='grc' dir='ltr'>δεχόμενος,</span> <span class='ocrx_word' id='word_1_727' title='bbox 701 4659 877 4740; x_wconf 72' lang='grc' dir='ltr'>ὕϐρισε</span> <span class='ocrx_word' id='word_1_728' title='bbox 928 4663 1019 4718; x_wconf 80' lang='grc' dir='ltr'><strong>τὸν</strong></span> <span class='ocrx_word' id='word_1_729' title='bbox 1061 4660 1388 4741; x_wconf 84' lang='grc' dir='ltr'>παρέχοντα.</span> <span class='ocrx_word' id='word_1_730' title='bbox 1451 4658 1704 4739; x_wconf 72' lang='grc' dir='ltr'>Ἐποίησε</span> <span class='ocrx_word' id='word_1_731' title='bbox 1750 4665 1960 4746; x_wconf 57' lang='grc' dir='ltr'>σε-υἱὸκ</span> 
     </span>
    </p>
   </div>
   <div class='ocr_carea' id='block_1_99' title="bbox 2046 4658 3698 4746">
    <p class='ocr_par' dir='ltr' id='par_1_99' title="bbox 2054 4659 3698 4746">
     <span class='ocr_line' id='line_1_99' title="bbox 2054 4659 3698 4746; baseline 0.005 -28"><span class='ocrx_word' id='word_1_732' title='bbox 2054 4659 2562 4739; x_wconf 88' lang='lat' dir='ltr'><strong>pertinet.Deinde</strong></span> <span class='ocrx_word' id='word_1_733' title='bbox 2593 4662 2828 4724; x_wconf 90' lang='lat' dir='ltr'><strong>illorum</strong></span> <span class='ocrx_word' id='word_1_734' title='bbox 2861 4667 3184 4727; x_wconf 87' lang='lat' dir='ltr'><strong>ostendens</strong></span> <span class='ocrx_word' id='word_1_735' title='bbox 3213 4664 3698 4746; x_wconf 90' lang='lat' dir='ltr'><strong>ingratitudinem</strong></span> 
     </span>
    </p>
   </div>
   <div class='ocr_carea' id='block_1_100' title="bbox 324 4739 1960 4835">
    <p class='ocr_par' dir='ltr' id='par_1_100' title="bbox 324 4739 1960 4827">
     <span class='ocr_line' id='line_1_100' title="bbox 324 4739 1960 4827; baseline 0 -20"><span class='ocrx_word' id='word_1_736' title='bbox 324 4739 482 4823; x_wconf 81' lang='grc' dir='ltr'>Θεοῦ,</span> <span class='ocrx_word' id='word_1_737' title='bbox 542 4752 603 4806; x_wconf 79' lang='grc' dir='ltr'>σὺ</span> <span class='ocrx_word' id='word_1_738' title='bbox 673 4747 729 4806; x_wconf 79' lang='grc' dir='ltr'>δὲ</span> <span class='ocrx_word' id='word_1_739' title='bbox 811 4748 987 4827; x_wconf 79' lang='grc' dir='ltr'>βούλει</span> <span class='ocrx_word' id='word_1_740' title='bbox 1058 4739 1208 4806; x_wconf 71' lang='grc' dir='ltr'>εἶναι</span> <span class='ocrx_word' id='word_1_741' title='bbox 1228 4739 1236 4741; x_wconf 18' lang='grc' dir='ltr'><em>Ὗ</em></span> <span class='ocrx_word' id='word_1_742' title='bbox 1276 4748 1459 4813; x_wconf 82' lang='grc' dir='ltr'>δοῦλος</span> <span class='ocrx_word' id='word_1_743' title='bbox 1532 4753 1736 4810; x_wconf 83' lang='grc' dir='ltr'>παθῶν.</span> <span class='ocrx_word' id='word_1_744' title='bbox 1817 4739 1960 4809; x_wconf 63' lang='lat' dir='ltr'><strong>T£1ch</strong></span> 
     </span>
    </p>
   </div>
   <div class='ocr_carea' id='block_1_101' title="bbox 2046 4739 3695 4835">
    <p class='ocr_par' dir='ltr' id='par_1_101' title="bbox 2058 4739 3695 4835">
     <span class='ocr_line' id='line_1_101' title="bbox 2058 4739 3695 4835; baseline 0.002 -25"><span class='ocrx_word' id='word_1_745' title='bbox 2058 4750 2174 4810; x_wconf 85' lang='lat' dir='ltr'><strong>ait:</strong></span> <span class='ocrx_word' id='word_1_746' title='bbox 2213 4750 2329 4810; x_wconf 89' lang='lat' dir='ltr'><strong>Per</strong></span> <span class='ocrx_word' id='word_1_747' title='bbox 2356 4769 2532 4830; x_wconf 91' lang='lat' dir='ltr'><strong>quem</strong></span> <span class='ocrx_word' id='word_1_748' title='bbox 2562 4751 2753 4814; x_wconf 83' lang='lat' dir='ltr'><strong>fuerat</strong></span> <span class='ocrx_word' id='word_1_749' title='bbox 2799 4754 3221 4817; x_wconf 86' lang='lat' dir='ltr'><strong>sanctiﬁcatus.</strong></span> <span class='ocrx_word' id='word_1_750' title='bbox 3253 4739 3390 4815; x_wconf 75' lang='grc' dir='ltr'><strong>«Ἐι</strong></span> <span class='ocrx_word' id='word_1_751' title='bbox 3418 4754 3695 4835; x_wconf 85' lang='lat' dir='ltr'><strong>spiritum</strong></span> 
     </span>
    </p>
   </div>
   <div class='ocr_carea' id='block_1_102' title="bbox 323 4835 1960 4924">
    <p class='ocr_par' dir='ltr' id='par_1_102' title="bbox 323 4836 1960 4924">
     <span class='ocr_line' id='line_1_102' title="bbox 323 4836 1960 4924; baseline 0.001 -29"><span class='ocrx_word' id='word_1_752' title='bbox 323 4837 594 4924; x_wconf 66' lang='grc' dir='ltr'>ἐνοικήσαι</span> <span class='ocrx_word' id='word_1_753' title='bbox 647 4838 701 4895; x_wconf 75' lang='grc' dir='ltr'>ἐν</span> <span class='ocrx_word' id='word_1_754' title='bbox 748 4840 851 4919; x_wconf 84' lang='grc' dir='ltr'>σοὶ,</span> <span class='ocrx_word' id='word_1_755' title='bbox 894 4839 957 4895; x_wconf 80' lang='grc' dir='ltr'>σὺ</span> <span class='ocrx_word' id='word_1_756' title='bbox 1014 4836 1070 4894; x_wconf 79' lang='grc' dir='ltr'>δὲ</span> <span class='ocrx_word' id='word_1_757' title='bbox 1127 4836 1424 4917; x_wconf 79' lang='grc' dir='ltr'>ἐπεισάγεις</span> <span class='ocrx_word' id='word_1_758' title='bbox 1482 4838 1657 4914; x_wconf 77' lang='grc' dir='ltr'><strong>σαῦτῷ</strong></span> <span class='ocrx_word' id='word_1_759' title='bbox 1710 4841 1801 4897; x_wconf 86' lang='grc' dir='ltr'><strong>τὸν</strong></span> <span class='ocrx_word' id='word_1_760' title='bbox 1854 4839 1960 4897; x_wconf 82' lang='grc' dir='ltr'>διά-</span> 
     </span>
    </p>
   </div>
   <div class='ocr_carea' id='block_1_103' title="bbox 2046 4835 3698 4924">
    <p class='ocr_par' dir='ltr' id='par_1_103' title="bbox 2057 4835 3698 4924">
     <span class='ocr_line' id='line_1_103' title="bbox 2057 4835 3698 4924; baseline 0.005 -28"><span class='ocrx_word' id='word_1_761' title='bbox 2057 4835 2260 4915; x_wconf 75' lang='lat' dir='ltr'><strong>gratize</strong></span> <span class='ocrx_word' id='word_1_762' title='bbox 2314 4837 2531 4918; x_wconf 86' lang='lat' dir='ltr'><strong>injuria</strong></span> <span class='ocrx_word' id='word_1_763' title='bbox 2588 4840 2877 4904; x_wconf 81' lang='lat' dir='ltr'><strong>aﬂ&#39;ecerit.</strong></span> <span class='ocrx_word' id='word_1_764' title='bbox 2916 4868 2943 4897; x_wconf 80' lang='grc' dir='ltr'>ι)</span> <span class='ocrx_word' id='word_1_765' title='bbox 2979 4840 3122 4904; x_wconf 88' lang='lat' dir='ltr'><strong>Nam</strong></span> <span class='ocrx_word' id='word_1_766' title='bbox 3187 4842 3288 4924; x_wconf 89' lang='lat' dir='ltr'><strong>qui</strong></span> <span class='ocrx_word' id='word_1_767' title='bbox 3345 4842 3546 4903; x_wconf 89' lang='lat' dir='ltr'><strong>datum</strong></span> <span class='ocrx_word' id='word_1_768' title='bbox 3578 4853 3698 4904; x_wconf 87' lang='lat' dir='ltr'><strong>non</strong></span> 
     </span>
    </p>
   </div>
   <div class='ocr_carea' id='block_1_104' title="bbox 323 4916 1973 5010">
    <p class='ocr_par' dir='ltr' id='par_1_104' title="bbox 323 4916 1973 5010">
     <span class='ocr_line' id='line_1_104' title="bbox 323 4916 1973 5010; baseline 0.001 -26"><span class='ocrx_word' id='word_1_769' title='bbox 323 4925 507 4989; x_wconf 82' lang='grc' dir='ltr'>ϐολον.</span> <span class='ocrx_word' id='word_1_770' title='bbox 542 4916 671 5001; x_wconf 65' lang='grc' dir='ltr'>Ἆρα</span> <span class='ocrx_word' id='word_1_771' title='bbox 728 4916 892 4984; x_wconf 79' lang='grc' dir='ltr'>ταυτα</span> <span class='ocrx_word' id='word_1_772' title='bbox 950 4930 1055 5007; x_wconf 78' lang='grc' dir='ltr'><strong>οὐχ</strong></span> <span class='ocrx_word' id='word_1_773' title='bbox 1107 4923 1248 5005; x_wconf 77' lang='grc' dir='ltr'>ὕϐρις</span> <span class='ocrx_word' id='word_1_774' title='bbox 1298 4916 1432 4983; x_wconf 83' lang='grc' dir='ltr'>κατὰ</span> <span class='ocrx_word' id='word_1_775' title='bbox 1486 4936 1577 4986; x_wconf 90' lang='grc' dir='ltr'><strong>τοῦ</strong></span> <span class='ocrx_word' id='word_1_776' title='bbox 1629 4928 1973 5010; x_wconf 70' lang='grc' dir='ltr'>πνεύματοςς</span> 
     </span>
    </p>
   </div>
   <div class='ocr_carea' id='block_1_105' title="bbox 330 5013 1973 5096">
    <p class='ocr_par' dir='ltr' id='par_1_105' title="bbox 330 5013 1973 5096">
     <span class='ocr_line' id='line_1_105' title="bbox 330 5013 1973 5096; baseline 0.001 -24"><span class='ocrx_word' id='word_1_777' title='bbox 330 5039 361 5072; x_wconf 74' lang='grc' dir='ltr'><strong>σ</strong></span> <span class='ocrx_word' id='word_1_778' title='bbox 395 5013 636 5091; x_wconf 80' lang='grc' dir='ltr'>Οἴδαμεν</span> <span class='ocrx_word' id='word_1_779' title='bbox 678 5017 779 5096; x_wconf 77' lang='grc' dir='ltr'>γὰρ</span> <span class='ocrx_word' id='word_1_780' title='bbox 809 5018 899 5074; x_wconf 83' lang='grc' dir='ltr'>τὸν</span> <span class='ocrx_word' id='word_1_781' title='bbox 930 5016 1166 5074; x_wconf 74' lang='grc' dir='ltr'>εἰπόντα.</span> <span class='ocrx_word' id='word_1_782' title='bbox 1219 5037 1243 5073; x_wconf 75' lang='grc' dir='ltr'><strong>ι</strong></span> <span class='ocrx_word' id='word_1_783' title='bbox 1295 5015 1401 5074; x_wconf 67' lang='grc' dir='ltr'><strong>Καὶ</strong></span> <span class='ocrx_word' id='word_1_784' title='bbox 1445 5014 1523 5071; x_wconf 78' lang='grc' dir='ltr'><strong>ὅτι</strong></span> <span class='ocrx_word' id='word_1_785' title='bbox 1582 5022 1746 5072; x_wconf 87' lang='grc' dir='ltr'>ταῦτα</span> <span class='ocrx_word' id='word_1_786' title='bbox 1776 5015 1973 5092; x_wconf 80' lang='grc' dir='ltr'>ἀληθη,</span> 
     </span>
    </p>
   </div>
   <div class='ocr_carea' id='block_1_106' title="bbox 326 5103 1973 5187">
    <p class='ocr_par' dir='ltr' id='par_1_106' title="bbox 326 5103 1973 5187">
     <span class='ocr_line' id='line_1_106' title="bbox 326 5103 1973 5187; baseline 0.001 -27"><span class='ocrx_word' id='word_1_787' title='bbox 326 5105 512 5187; x_wconf 77' lang='grc' dir='ltr'>φησὶν,</span> <span class='ocrx_word' id='word_1_788' title='bbox 558 5104 714 5171; x_wconf 69' lang='grc' dir='ltr'>αὐτὸς</span> <span class='ocrx_word' id='word_1_789' title='bbox 779 5108 808 5162; x_wconf 83' lang='grc' dir='ltr'><strong>ὁ</strong></span> <span class='ocrx_word' id='word_1_790' title='bbox 839 5107 969 5169; x_wconf 81' lang='grc' dir='ltr'>Θεὸς</span> <span class='ocrx_word' id='word_1_791' title='bbox 1013 5116 1289 5183; x_wconf 76' lang='grc' dir='ltr'>μαρτυρεῖ,</span> <span class='ocrx_word' id='word_1_792' title='bbox 1323 5103 1491 5183; x_wconf 85' lang='grc' dir='ltr'>λέγων</span> <span class='ocrx_word' id='word_1_793' title='bbox 1524 5124 1539 5138; x_wconf 72' lang='grc' dir='ltr'><strong>ο</strong></span> <span class='ocrx_word' id='word_1_794' title='bbox 1591 5126 1619 5158; x_wconf 75' lang='grc' dir='ltr'><strong>α</strong></span> <span class='ocrx_word' id='word_1_795' title='bbox 1648 5104 1804 5187; x_wconf 53' lang='grc' dir='ltr'>ξΕμοὶ</span> <span class='ocrx_word' id='word_1_796' title='bbox 1835 5104 1973 5163; x_wconf 80' lang='grc' dir='ltr'>ἐκδί-</span> 
     </span>
    </p>
   </div>
   <div class='ocr_carea' id='block_1_107' title="bbox 326 5184 1978 5272">
    <p class='ocr_par' dir='ltr' id='par_1_107' title="bbox 326 5184 1978 5272">
     <span class='ocr_line' id='line_1_107' title="bbox 326 5184 1978 5272; baseline 0.001 -22"><span class='ocrx_word' id='word_1_797' title='bbox 326 5184 512 5262; x_wconf 84' lang='grc' dir='ltr'>κησις,</span> <span class='ocrx_word' id='word_1_798' title='bbox 570 5216 597 5248; x_wconf 76' lang='grc' dir='ltr'>ι)</span> <span class='ocrx_word' id='word_1_799' title='bbox 645 5193 913 5270; x_wconf 86' lang='grc' dir='ltr'>Τουτὲστι,</span> <span class='ocrx_word' id='word_1_800' title='bbox 974 5192 1098 5272; x_wconf 88' lang='grc' dir='ltr'>παρ’</span> <span class='ocrx_word' id='word_1_801' title='bbox 1154 5190 1272 5268; x_wconf 80' lang='grc' dir='ltr'>ἐμοὶ</span> <span class='ocrx_word' id='word_1_802' title='bbox 1323 5194 1399 5272; x_wconf 17' lang='grc' dir='ltr'>,τὸ</span> <span class='ocrx_word' id='word_1_803' title='bbox 1453 5184 1702 5251; x_wconf 71' lang='grc' dir='ltr'>ἐκδικεῖν.</span> <span class='ocrx_word' id='word_1_804' title='bbox 1758 5216 1785 5249; x_wconf 75' lang='grc' dir='ltr'><strong>α</strong></span> <span class='ocrx_word' id='word_1_805' title='bbox 1833 5196 1978 5272; x_wconf 85' lang='grc' dir='ltr'><strong>Ἐγὼ</strong></span> 
     </span>
    </p>
   </div>
   <div class='ocr_carea' id='block_1_108' title="bbox 328 5271 1974 5365">
    <p class='ocr_par' dir='ltr' id='par_1_108' title="bbox 328 5271 1974 5365">
     <span class='ocr_line' id='line_1_108' title="bbox 328 5271 1974 5365; baseline 0 -26"><span class='ocrx_word' id='word_1_806' title='bbox 328 5280 713 5365; x_wconf 81' lang='grc' dir='ltr'>ἀνταποδώσω,</span> <span class='ocrx_word' id='word_1_807' title='bbox 758 5283 904 5363; x_wconf 79' lang='grc' dir='ltr'>λέγει</span> <span class='ocrx_word' id='word_1_808' title='bbox 961 5271 1171 5362; x_wconf 79' lang='grc' dir='ltr'>Κύριος.</span> <span class='ocrx_word' id='word_1_809' title='bbox 1232 5304 1261 5337; x_wconf 68' lang='lat' dir='ltr'><strong>n</strong></span> <span class='ocrx_word' id='word_1_810' title='bbox 1321 5271 1517 5360; x_wconf 81' lang='grc' dir='ltr'>Ἠρέμα</span> <span class='ocrx_word' id='word_1_811' title='bbox 1571 5279 1626 5337; x_wconf 76' lang='grc' dir='ltr'>δὲ</span> <span class='ocrx_word' id='word_1_812' title='bbox 1684 5289 1839 5339; x_wconf 89' lang='grc' dir='ltr'>τοῦτο</span> <span class='ocrx_word' id='word_1_813' title='bbox 1896 5271 1974 5339; x_wconf 80' lang='grc' dir='ltr'><strong>εἱ-</strong></span> 
     </span>
    </p>
   </div>
   <div class='ocr_carea' id='block_1_109' title="bbox 329 5369 1976 5454">
    <p class='ocr_par' dir='ltr' id='par_1_109' title="bbox 329 5369 1976 5454">
     <span class='ocr_line' id='line_1_109' title="bbox 329 5369 1976 5454; baseline -0.001 -23"><span class='ocrx_word' id='word_1_814' title='bbox 329 5374 471 5454; x_wconf 86' lang='grc' dir='ltr'>πὼν,</span> <span class='ocrx_word' id='word_1_815' title='bbox 504 5375 592 5430; x_wconf 85' lang='grc' dir='ltr'>καὶ</span> <span class='ocrx_word' id='word_1_816' title='bbox 619 5376 1006 5452; x_wconf 77' lang='grc' dir='ltr'>παραμυθεῖται</span> <span class='ocrx_word' id='word_1_817' title='bbox 1055 5371 1237 5434; x_wconf 68' lang='grc' dir='ltr'>αὐτοὺς</span> <span class='ocrx_word' id='word_1_818' title='bbox 1285 5369 1366 5450; x_wconf 76' lang='grc' dir='ltr'><strong>ἐφ’</strong></span> <span class='ocrx_word' id='word_1_819' title='bbox 1397 5374 1481 5433; x_wconf 80' lang='grc' dir='ltr'>οἷς</span> <span class='ocrx_word' id='word_1_820' title='bbox 1512 5391 1703 5436; x_wconf 71' lang='grc' dir='ltr'>κακολς</span> <span class='ocrx_word' id='word_1_821' title='bbox 1736 5371 1976 5452; x_wconf 76' lang='grc' dir='ltr'>ἔπασχον</span> 
     </span>
    </p>
   </div>
   <div class='ocr_carea' id='block_1_110' title="bbox 330 5457 1980 5541">
    <p class='ocr_par' dir='ltr' id='par_1_110' title="bbox 330 5457 1980 5541">
     <span class='ocr_line' id='line_1_110' title="bbox 330 5457 1980 5541; baseline 0 -22"><span class='ocrx_word' id='word_1_822' title='bbox 330 5464 433 5519; x_wconf 73' lang='grc' dir='ltr'>ὑπὸ</span> <span class='ocrx_word' id='word_1_823' title='bbox 488 5469 594 5519; x_wconf 82' lang='grc' dir='ltr'>τῶν</span> <span class='ocrx_word' id='word_1_824' title='bbox 634 5460 776 5519; x_wconf 71' lang='grc' dir='ltr'>ἶδὶων</span> <span class='ocrx_word' id='word_1_825' title='bbox 830 5459 1192 5541; x_wconf 69' lang='grc' dir='ltr'>συμφυλετῶν,</span> <span class='ocrx_word' id='word_1_826' title='bbox 1240 5460 1363 5515; x_wconf 77' lang='grc' dir='ltr'>ὡσεὶ</span> <span class='ocrx_word' id='word_1_827' title='bbox 1412 5457 1557 5539; x_wconf 74' lang='grc' dir='ltr'>ἔλεγε</span> <span class='ocrx_word' id='word_1_828' title='bbox 1589 5474 1602 5489; x_wconf 89' lang='grc'><strong>⁹</strong></span> <span class='ocrx_word' id='word_1_829' title='bbox 1660 5459 1721 5517; x_wconf 79' lang='grc' dir='ltr'>Τί</span> <span class='ocrx_word' id='word_1_830' title='bbox 1779 5459 1980 5535; x_wconf 74' lang='grc' dir='ltr'>ἀδημο-</span> 
     </span>
    </p>
   </div>
   <div class='ocr_carea' id='block_1_111' title="bbox 413 5618 1115 5701">
    <p class='ocr_par' dir='ltr' id='par_1_111' title="bbox 413 5618 1115 5701">
     <span class='ocr_line' id='line_1_111' title="bbox 413 5618 1115 5701; baseline -0.003 -18"><span class='ocrx_word' id='word_1_831' title='bbox 413 5619 479 5673; x_wconf 77' lang='grc'><strong>56</strong></span> <span class='ocrx_word' id='word_1_832' title='bbox 510 5620 692 5684; x_wconf 82' lang='lat' dir='ltr'><strong>Levit.</strong></span> <span class='ocrx_word' id='word_1_833' title='bbox 727 5637 807 5698; x_wconf 84' lang='lat' dir='ltr'><strong>tv,</strong></span> <span class='ocrx_word' id='word_1_834' title='bbox 842 5618 920 5681; x_wconf 70' lang='grc'><strong>22</strong></span> <span class='ocrx_word' id='word_1_835' title='bbox 946 5636 1115 5701; x_wconf 88' lang='lat' dir='ltr'><strong>seqq.</strong></span> 
     </span>
    </p>
   </div>
   <div class='ocr_carea' id='block_1_112' title="bbox 2058 4925 3697 5012">
    <p class='ocr_par' dir='ltr' id='par_1_112' title="bbox 2058 4925 3697 5012">
     <span class='ocr_line' id='line_1_112' title="bbox 2058 4925 3697 5012; baseline 0.003 -25"><span class='ocrx_word' id='word_1_836' title='bbox 2058 4925 2321 5007; x_wconf 87' lang='lat' dir='ltr'><strong>suscepit</strong></span> <span class='ocrx_word' id='word_1_837' title='bbox 2349 4927 2875 5007; x_wconf 85' lang='lat' dir='ltr'><strong>beneﬁcium,eum</strong></span> <span class='ocrx_word' id='word_1_838' title='bbox 2908 4931 3009 5012; x_wconf 90' lang='lat' dir='ltr'><strong>qui</strong></span> <span class='ocrx_word' id='word_1_839' title='bbox 3044 4930 3427 5005; x_wconf 84' lang='lat' dir='ltr'><strong>dabat,afﬁcit</strong></span> <span class='ocrx_word' id='word_1_840' title='bbox 3455 4931 3697 5011; x_wconf 86' lang='lat' dir='ltr'><strong>injuria,</strong></span> 
     </span>
    </p>
   </div>
   <div class='ocr_carea' id='block_1_113' title="bbox 2058 5012 3696 5094">
    <p class='ocr_par' dir='ltr' id='par_1_113' title="bbox 2058 5012 3696 5094">
     <span class='ocr_line' id='line_1_113' title="bbox 2058 5012 3696 5094; baseline 0.002 -19"><span class='ocrx_word' id='word_1_841' title='bbox 2058 5012 2223 5077; x_wconf 87' lang='lat' dir='ltr'><strong>Fecit</strong></span> <span class='ocrx_word' id='word_1_842' title='bbox 2252 5024 2310 5078; x_wconf 87' lang='lat' dir='ltr'><strong>te</strong></span> <span class='ocrx_word' id='word_1_843' title='bbox 2343 5018 2450 5079; x_wconf 88' lang='lat' dir='ltr'><strong>Dei</strong></span> <span class='ocrx_word' id='word_1_844' title='bbox 2482 5018 2692 5094; x_wconf 89' lang='lat' dir='ltr'><strong>ﬁlium,</strong></span> <span class='ocrx_word' id='word_1_845' title='bbox 2734 5027 2797 5080; x_wconf 92' lang='lat' dir='ltr'><strong>tu</strong></span> <span class='ocrx_word' id='word_1_846' title='bbox 2827 5029 3023 5082; x_wconf 85' lang='lat' dir='ltr'><strong>autem</strong></span> <span class='ocrx_word' id='word_1_847' title='bbox 3054 5021 3237 5082; x_wconf 87' lang='lat' dir='ltr'><strong>mavis</strong></span> <span class='ocrx_word' id='word_1_848' title='bbox 3284 5020 3439 5082; x_wconf 83' lang='lat' dir='ltr'><strong>efﬁci</strong></span> <span class='ocrx_word' id='word_1_849' title='bbox 3466 5038 3696 5082; x_wconf 88' lang='lat' dir='ltr'><strong>servus.</strong></span> 
     </span>
    </p>
   </div>
   <div class='ocr_carea' id='block_1_114' title="bbox 2062 5104 3698 5190">
    <p class='ocr_par' dir='ltr' id='par_1_114' title="bbox 2062 5104 3698 5190">
     <span class='ocr_line' id='line_1_114' title="bbox 2062 5104 3698 5190; baseline 0.004 -26"><span class='ocrx_word' id='word_1_850' title='bbox 2062 5104 2236 5165; x_wconf 80' lang='lat' dir='ltr'><strong>Venit</strong></span> <span class='ocrx_word' id='word_1_851' title='bbox 2266 5114 2328 5165; x_wconf 92' lang='lat' dir='ltr'><strong>ut</strong></span> <span class='ocrx_word' id='word_1_852' title='bbox 2358 5105 2418 5167; x_wconf 90' lang='lat' dir='ltr'><strong>in</strong></span> <span class='ocrx_word' id='word_1_853' title='bbox 2452 5114 2506 5167; x_wconf 91' lang='lat' dir='ltr'><strong>te</strong></span> <span class='ocrx_word' id='word_1_854' title='bbox 2529 5106 2913 5183; x_wconf 86' lang='lat' dir='ltr'><strong>habitaret,tu</strong></span> <span class='ocrx_word' id='word_1_855' title='bbox 2936 5128 3073 5172; x_wconf 89' lang='lat' dir='ltr'><strong>vero</strong></span> <span class='ocrx_word' id='word_1_856' title='bbox 3095 5109 3400 5173; x_wconf 79' lang='lat' dir='ltr'><strong>diabolum</strong></span> <span class='ocrx_word' id='word_1_857' title='bbox 3424 5110 3486 5170; x_wconf 91' lang='lat' dir='ltr'><strong>in</strong></span> <span class='ocrx_word' id='word_1_858' title='bbox 3505 5110 3698 5190; x_wconf 90' lang='lat' dir='ltr'><strong>teipso</strong></span> 
     </span>
    </p>
   </div>
   <div class='ocr_carea' id='block_1_115' title="bbox 2059 5192 3703 5276">
    <p class='ocr_par' dir='ltr' id='par_1_115' title="bbox 2059 5192 3703 5276">
     <span class='ocr_line' id='line_1_115' title="bbox 2059 5192 3703 5276; baseline 0.004 -23"><span class='ocrx_word' id='word_1_859' title='bbox 2059 5192 2412 5257; x_wconf 87' lang='lat' dir='ltr'><strong>introducis.</strong></span> <span class='ocrx_word' id='word_1_860' title='bbox 2444 5200 2655 5258; x_wconf 84' lang='lat' dir='ltr'><strong>Annon</strong></span> <span class='ocrx_word' id='word_1_861' title='bbox 2687 5197 2906 5276; x_wconf 78' lang='lat' dir='ltr'><strong>injuria</strong></span> <span class='ocrx_word' id='word_1_862' title='bbox 2937 5206 2989 5261; x_wconf 91' lang='lat' dir='ltr'><strong>et</strong></span> <span class='ocrx_word' id='word_1_863' title='bbox 3020 5198 3384 5261; x_wconf 89' lang='lat' dir='ltr'><strong>contumelia</strong></span> <span class='ocrx_word' id='word_1_864' title='bbox 3410 5205 3549 5260; x_wconf 90' lang='lat' dir='ltr'><strong>sunt</strong></span> <span class='ocrx_word' id='word_1_865' title='bbox 3577 5197 3703 5259; x_wconf 60' lang='lat' dir='ltr'><strong>haec</strong></span> 
     </span>
    </p>
   </div>
   <div class='ocr_carea' id='block_1_116' title="bbox 2058 5282 3710 5369">
    <p class='ocr_par' dir='ltr' id='par_1_116' title="bbox 2058 5282 3710 5369">
     <span class='ocr_line' id='line_1_116' title="bbox 2058 5282 3710 5369; baseline 0.002 -26"><span class='ocrx_word' id='word_1_866' title='bbox 2058 5282 2340 5344; x_wconf 87' lang='lat' dir='ltr'><strong>adversus</strong></span> <span class='ocrx_word' id='word_1_867' title='bbox 2394 5283 2710 5364; x_wconf 84' lang='lat' dir='ltr'><strong>spiritum?</strong></span> <span class='ocrx_word' id='word_1_868' title='bbox 2767 5311 2792 5341; x_wconf 73' lang='grc' dir='ltr'><strong>α</strong></span> <span class='ocrx_word' id='word_1_869' title='bbox 2843 5286 3132 5350; x_wconf 88' lang='lat' dir='ltr'><strong>Novimus</strong></span> <span class='ocrx_word' id='word_1_870' title='bbox 3191 5288 3351 5350; x_wconf 89' lang='lat' dir='ltr'><strong>enim</strong></span> <span class='ocrx_word' id='word_1_871' title='bbox 3410 5306 3544 5350; x_wconf 90' lang='lat' dir='ltr'><strong>eum</strong></span> <span class='ocrx_word' id='word_1_872' title='bbox 3603 5286 3710 5369; x_wconf 90' lang='lat' dir='ltr'><strong>qui</strong></span> 
     </span>
    </p>
   </div>
   <div class='ocr_carea' id='block_1_117' title="bbox 2061 5371 3707 5460">
    <p class='ocr_par' dir='ltr' id='par_1_117' title="bbox 2061 5371 3707 5460">
     <span class='ocr_line' id='line_1_117' title="bbox 2061 5371 3707 5460; baseline 0.004 -27"><span class='ocrx_word' id='word_1_873' title='bbox 2061 5371 2226 5434; x_wconf 88' lang='lat' dir='ltr'><strong>dixit.</strong></span> <span class='ocrx_word' id='word_1_874' title='bbox 2265 5396 2293 5428; x_wconf 78' lang='grc' dir='ltr'>ιο</span> <span class='ocrx_word' id='word_1_875' title='bbox 2330 5371 2400 5433; x_wconf 88' lang='grc' dir='ltr'>Ει</span> <span class='ocrx_word' id='word_1_876' title='bbox 2432 5374 2588 5452; x_wconf 88' lang='lat' dir='ltr'><strong>quod</strong></span> <span class='ocrx_word' id='word_1_877' title='bbox 2620 5375 2745 5439; x_wconf 58' lang='lat' dir='ltr'><strong>haec</strong></span> <span class='ocrx_word' id='word_1_878' title='bbox 2775 5394 2915 5438; x_wconf 89' lang='lat' dir='ltr'><strong>vera</strong></span> <span class='ocrx_word' id='word_1_879' title='bbox 2942 5377 3088 5459; x_wconf 87' lang='lat' dir='ltr'><strong>sint,</strong></span> <span class='ocrx_word' id='word_1_880' title='bbox 3138 5375 3356 5460; x_wconf 88' lang='lat' dir='ltr'><strong>inquit,</strong></span> <span class='ocrx_word' id='word_1_881' title='bbox 3398 5382 3707 5441; x_wconf 83' lang='lat' dir='ltr'><strong>attestatur</strong></span> 
     </span>
    </p>
   </div>
   <div class='ocr_carea' id='block_1_118' title="bbox 2062 5460 3709 5544">
    <p class='ocr_par' dir='ltr' id='par_1_118' title="bbox 2062 5460 3709 5544">
     <span class='ocr_line' id='line_1_118' title="bbox 2062 5460 3709 5544; baseline 0.005 -22"><span class='ocrx_word' id='word_1_882' title='bbox 2062 5461 2191 5541; x_wconf 88' lang='lat' dir='ltr'><strong>ipse</strong></span> <span class='ocrx_word' id='word_1_883' title='bbox 2220 5460 2379 5523; x_wconf 86' lang='lat' dir='ltr'><strong>Deus</strong></span> <span class='ocrx_word' id='word_1_884' title='bbox 2408 5461 2509 5544; x_wconf 91' lang='lat' dir='ltr'><strong>qui</strong></span> <span class='ocrx_word' id='word_1_885' title='bbox 2536 5463 2656 5527; x_wconf 87' lang='lat' dir='ltr'><strong>ait:</strong></span> <span class='ocrx_word' id='word_1_886' title='bbox 2696 5487 2718 5522; x_wconf 74' lang='grc' dir='ltr'>α</span> <span class='ocrx_word' id='word_1_887' title='bbox 2755 5467 2948 5528; x_wconf 85' lang='lat' dir='ltr'><strong>Meum</strong></span> <span class='ocrx_word' id='word_1_888' title='bbox 2988 5476 3076 5528; x_wconf 77' lang='lat' dir='ltr'><strong>est</strong></span> <span class='ocrx_word' id='word_1_889' title='bbox 3124 5468 3353 5531; x_wconf 91' lang='lat' dir='ltr'><strong>ulcisci.</strong></span> <span class='ocrx_word' id='word_1_890' title='bbox 3393 5493 3420 5525; x_wconf 82' lang='grc'><strong>»</strong></span> <span class='ocrx_word' id='word_1_891' title='bbox 3458 5467 3581 5530; x_wconf 86' lang='grc' dir='ltr'>Ηοο</span> <span class='ocrx_word' id='word_1_892' title='bbox 3613 5478 3709 5531; x_wconf 92' lang='lat' dir='ltr'><strong>est</strong></span> 
     </span>
    </p>
   </div>
  </div>
