4180 6212
544 324 664 396 399

1663 326 2075 393 (ῈΟΗΜΕΝῙΙ
2111 326 2413 389 ΤΗΙΟΟᾸΞ
2456 324 2797 393 EPISCOPI

3799 328 3908 396 400

542 464 704 541 apud
733 481 832 525 me
865 469 974 539 est,
1008 468 1074 525 ut
1101 460 1393 523 ulciscar:
1432 483 1458 516 α
1494 463 1612 538 Ego
1660 457 2013 540 rependam,
2046 456 2192 520 dicit

2280 473 2464 537 νεῖτε;
2527 461 2681 543 ἔχετε
2724 466 2785 522 τὸ
2842 463 3143 523 ἐκδικοῦντα
3193 468 3282 522 καὶ
3342 464 3745 524 ἆνταποδιδόντα
3799 480 3907 530 τοῖς

547 555 837 619 Dominus
860 550 1226 614 57.»Sensim
1260 558 1458 611 autem
1490 550 1604 610 hoc
1627 547 1883 610 dicendo
1915 548 2180 610 consola.

2262 550 2641 629 ὑπηρεάζουσιν
2672 556 2807 631 ὑμᾶς
2836 554 3009 624 δίκην.

548 654 644 707 tur
695 664 799 707 eos
857 643 933 705 ob
994 642 1146 702 mala
1201 657 1328 719 quae
1391 638 1545 720 passi
1617 645 1787 701 erant
1818 656 1853 700 a
1883 637 2143 718 propriis
2203 638 2665 707 contribulibus.
2697 643 2785 708 Ac
2836 643 2888 707 si
2916 645 3182 709 diceret:
3219 643 3375 717 Quid
3406 643 3737 708 manetis"
3782 662 3911 708 cum

547 733 811 795 habeatis
843 732 1093 793 ultorem
1121 735 1178 788 et
1211 747 1346 789 eum
1377 731 1476 809 qni
1510 745 1712 808 pinnas
1738 725 2016 807 rependit
2043 726 2116 787 iis
2143 725 2245 807 qni
2273 745 2378 789 vos
2405 730 2672 811 afﬂigunt
2690 732 2721 793 ‘?

1162 834 1402 898 CAPUT
1444 834 1572 898 XV.

589 931 755 1006 Quod
785 930 1006 993 bonum
1036 930 1285 991 initium
1314 930 1392 992 ad
1415 929 1637 992 bonum
1667 928 1847 1008 finem
1882 928 2142 990 deducit.

623 1107 1198 1184 X,32-36.Redeant
1221 1116 1426 1169 autem
1455 1105 1623 1169 vobis
1640 1111 1705 1167 in
1723 1106 2086 1168 memoriam
2098 1121 2197 1166 su-

537 1201 808 1279 periores
845 1200 1066 1271 dies,in
1081 1197 1295 1279 quibus
1309 1197 1882 1276 illuminati,ingens
1894 1201 2191 1256 certamen

544 1290 920 1351 sustinuistis
954 1288 1343 1367 alﬂictionum
1373 1305 1386 1348 :
1408 1286 1640 1366 partim
1685 1283 1929 1363 quidem
1964 1283 2105 1345 dum
2138 1287 2197 1345 et

540 1378 789 1459 probris
811 1384 870 1438 et
902 1376 1285 1438 contumeliis
1322 1376 1523 1456 affecti
1564 1376 1910 1454 spectaculo
1962 1371 2190 1450 fuistis,

541 1471 773 1547 partim
794 1482 933 1526 vero
954 1465 1097 1527 dum
1120 1471 1423 1527 consortes
1435 1465 1523 1527 ita
1537 1461 2026 1525 conversantium
2041 1459 2198 1539 facti

458 1560 463 1564 ’
544 1554 1028 1634 cst~is.Siquidem
1042 1561 1097 1616 et
1109 1552 1511 1633 afﬂictionum
1533 1568 1667 1632 qua:
1681 1547 2024 1612 ea'vinculis
2043 1549 2194 1610 meis

547 1644 931 1725 contigerunt
945 1644 1272 1722 participes
1292 1642 1527 1719 fuistis,
1553 1641 1686 1699 401
1713 1647 1773 1701 et
1798 1638 2192 1716 direptionem

545 1734 913 1811 facultatum
970 1738 1320 1793 vestrarum
1374 1748 1509 1792 cum
1565 1729 1791 1807 gaudio
1849 1728 2186 1807 accepistis,

546 1827 797 1883 scientes
820 1838 920 1881 vos
948 1819 1167 1882 habere
1188 1822 1254 1881 in
1280 1818 1445 1881 vobis
1460 1822 1756 1899 potiorem
1786 1816 2191 1878 susbtantiam

548 1914 614 1972 in
642 1910 788 1972 caelo
812 1929 882 1969 ac
910 1912 1269 1971 manentem.
1303 1907 1395 1971 Ne
1426 1895 1760 1986 abjeceritis
1810 1908 1998 1985 igitur
2032 1904 2194 1984 ﬁdu-

2280 1895 2568 1986 παρῥησίαν
2586 1978 2598 1986 ⁸
2650 1900 2821 1981 ὑμῶν,

551 2006 707 2063 ciam
724 2007 1146 2078 vestram,quae
1174 2015 1460 2079 magnam
1483 1996 1657 2059 habet
1683 1996 1901 2076 premii
1921 1992 2193 2056 retribu-

558 2094 808 2153 tionem.
842 2086 998 2149 Nam
1025 2089 1327 2167 patientia
1359 2086 1525 2149 vobis
1554 2094 1645 2148 est
1672 2103 1844 2165 opus,
1879 2091 1947 2147 ut
1976 2085 2084 2146 ubi
2103 2100 2197 2146 vo-

550 2179 842 2242 luntatem
857 2176 972 2237 Dei
985 2177 1686 2257 percgeritis,reportetis
1711 2175 2188 2255 promissionem.

630 2266 719 2332 Ab
750 2265 1018 2340 exordio,
1052 2265 1266 2345 inquit,
1322 2264 1460 2326 ﬁdei
1488 2274 1697 2326 vestrm
1747 2264 1940 2324 statim
1982 2263 2193 2324 decer-

550 2356 754 2433 tastis;
798 2355 911 2416 hoc
952 2363 1255 2415 certamen
1298 2354 1358 2414 in
1410 2362 1609 2415 mente
1640 2352 1938 2433 habetote,
1975 2371 2049 2413 ne
2079 2370 2194 2430 quo

553 2446 727 2507 modo
749 2440 856 2524 per
873 2442 1186 2521 segnitiem
1212 2442 1474 2523 perdatis
1506 2441 1770 2522 priorum
1802 2440 2195 2501 certaminum

551 2532 813 2614 praemia.
836 2530 1158 2595 Considera
1188 2531 1413 2611 ingenii
1441 2531 1876 2592 dexteritatem.
1901 2528 2194 2609 Ubiipso-

551 2641 681 2683 rum
704 2622 931 2681 animas
952 2620 1100 2681 facta
1123 2619 1283 2680 illius
1317 2620 1470 2699 ignis
1511 2619 1815 2680 mentione
1853 2617 2193 2692 commovit,

557 2730 714 2772 nunc
773 2728 881 2790 per
931 2708 1201 2769 encomia
1235 2708 1396 2789 ipsos
1428 2707 1799 2770 adhortatur.
1839 2732 1863 2761 (ί
1893 2706 1957 2768 In
1983 2706 2197 2787 quibus

2894 849 3145 907 ΚΕΦΑΛ.
3180 832 3286 907 ιε’.

2360 949 2387 981 α
2434 933 2559 1003 Περι
2601 935 2692 987 τοῦ
2726 929 2899 1000 καλὴν
2937 932 3113 1012 ἀρχὴν
3172 934 3245 998 εἰς
3303 932 3464 992 καλὸν
3518 932 3670 999 τέλος
3704 955 3835 1009 προ-

2942 1026 3188 1091 αγαγεῖν.
3228 1035 3252 1071 ι

2362 1113 2394 1155 (
2450 1094 2907 1174 Ἀναμιμνήσκετε
2961 1098 3016 1157 δὲ
3071 1103 3164 1167 τὰς
3222 1102 3474 1184 πρότερον
3549 1102 3777 1182 ἡμέρας,
3856 1102 3909 1158 ἐν

2276 1186 2366 1249 αἶς
2470 1186 2811 1265 φωτισθέντες
2933 1188 3140 1258 πολλὴν
3263 1188 3484 1260 ἄθλησιν
3607 1192 3912 1267 ὑπεμείνατε

2274 1275 2628 1349 παθημάτων,
2684 1286 2836 1335 τοῦτο
2894 1278 2989 1353 μὲν
3043 1277 3362 1357 ὀνειδισμοῖς
3439 1303 3496 1338 τε
3553 1282 3640 1338 καὶ
3709 1279 3909 1355 θλίψεσι

2274 1362 2688 1441 θεατριζόμενοι,
2762 1375 2857 1424 τοῦ
2912 1364 2967 1422 δὲ
3023 1371 3262 1426 κοινωνοὶ
3344 1376 3448 1427 τῶν
3535 1369 3700 1433 οὕτως
3782 1369 3912 1426 ἀνα-

2276 1451 2642 1530 στρεφομένων
2727 1454 3054 1533 γενηθέντες.
3145 1459 3242 1514 Καὶ
3327 1459 3427 1537 γὰρ
3504 1473 3621 1522 τοῖς
3698 1456 3913 1534 δεσμοῖς

2276 1560 2377 1613 μου
2427 1544 2844 1618 συνεπαθήσατε,
2906 1546 2994 1600 καὶ
3076 1544 3174 1613 τὴν
3256 1548 3500 1626 ἁρπαγὴν
3567 1555 3673 1605 τῶν
3744 1548 3912 1627 ὑπαρ-

2275 1627 2484 1707 χόκτων
2566 1632 2711 1706 ὑμῶν
2795 1634 2928 1708 μετὰ
3009 1640 3182 1714 χαρᾶς
3266 1634 3662 1718 προσεδέξασθε,
3748 1639 3909 1715 γινώ-

2273 1737 2487 1781 σκοντες
2580 1718 2727 1800 ἔχειν
2812 1721 2866 1776 ἐν
2934 1723 3149 1786 ἑαυτοῖς
3232 1724 3500 1802 κρείττονα
3564 1723 3777 1799 ὕπαρξιν
3860 1725 3913 1781 ἐν

2274 1808 2514 1885 οὐρανοῖς
2580 1810 2668 1866 καὶ
2748 1810 3029 1886 μένουσαν,
3117 1813 3204 1880 Μὴ
3287 1811 3592 1882 ἀποϐάλητε
3662 1816 3748 1873 οὖν
3820 1817 3914 1883 τὴν

2913 1898 3025 1967 ἥτις
3111 1900 3226 1981 ἔχει
3320 1901 3731 1979 μισθαποδοσίαν
3812 1926 3912 1980 με-

2275 1982 2467 2072 γᾴλην,
2586 1978 2886 2065 ’Υπομονῆς
2968 1992 3066 2070 γὰρ
3139 1978 3329 2071 *ἔχετε
3390 1993 3597 2072 χρείαν,
3684 1993 3773 2052 ἵνα
3816 1978 3912 2050 -τὸ

2273 2070 2487 2162 θέλημα,
2579 2083 2673 2133 τοὺ
2777 2086 2908 2138 Θεοῦ
3009 2081 3347 2162 ποιήσαντες,
3395 2070 3738 2158 γ--κομίσησθε
3819 2084 3914 2150 τὴν

2274 2159 2616 2241 ἐπαγγελίαν.
2667 2190 2696 2221 ι

2358 2253 2505 2331 Παρὰ
2545 2254 2643 2321 τὴν
2686 2256 2885 2337 ἀρχὴν,
2942 2259 3094 2339 φησὶ,
3140 2263 3237 2326 τῆς
3287 2261 3510 2324 πίστεως
3539 2262 3684 2337 ὑμῶν
3712 2261 3914 2340 ἠγωνί-

2277 2344 2456 2402 σασθε.
2504 2349 2696 2399 Τοῦτον
2720 2347 2776 2401 ἒν
2822 2353 2894 2421 νῷ
2943 2346 3096 2427 ἔχετε
3145 2350 3235 2403 τὸν
3279 2347 3482 2428 ἀγῶνα,
3543 2351 3618 2425 μή
3679 2371 3791 2414 πως
3834 2348 3917 2405 διὰ

2277 2428 2526 2506 ῥᾳθυμίας
2597 2431 2895 2501 ἀπολέσητε
2951 2437 3017 2491 τὰ
3071 2427 3531 2513 προηγωνισμένα.
3623 2427 3768 2518 εὈρα
3825 2437 3916 2494 εὖ-

2278 2518 2460 2596 φυίαν·
2511 2522 2830 2587 Κατασείσας
2875 2526 3045 2581 αὐτῶν
3100 2526 3196 2587 τὰς
3239 2527 3419 2605 ψυχὰς
3478 2532 3546 2603 τῇ
3590 2529 3779 2604 μνήμῃ
3830 2527 3920 2584 τοῦ

2280 2606 2439 2683 πυρὸς
2491 2606 2720 2696 ἐκείνου,
2775 2619 2863 2669 νῦν
2914 2611 2983 2669 δι’
3035 2613 3313 2696 ἐγκωμίων
3385 2616 3568 2681 αὐτοὺς
3623 2616 3920 2696 προτρέπε-

2278 2716 2387 2757 ται.
2426 2715 2454 2748 ι
2490 2693 2577 2755 Ἐν
2609 2684 3094 2779 αῖςφωτισθέντεςί
3130 2725 3158 2757 κ
3307 2703 3424 2781 περὶ
3479 2710 3570 2759 τοῦ
3612 2684 3919 2780 βαπτίσμα-

555 2781 894 2861 illumiriati.
938 2822 965 2852 ››
1002 2798 1124 2857 Aut
1154 2781 1314 2858 circa
1357 2796 1670 2875 baptisma,
1723 2793 1935 2874 inquit,
1969 2781 2193 2854 iilumi-

2280 2785 2368 2848 τός
2397 2781 2643 2866 φησίτὸ,
2680 2790 3042 2869 φωτισθέντες,
3070 2789 3106 2859 ἢ
3136 2794 3253 2871 περὶ
3293 2796 3392 2858 τῆς
3436 2791 3774 2870 ἐπιγνώσεως
3829 2793 3923 2849 τοῦ

555 2887 807 2961 nati,aut
847 2885 1003 2947 circa
1047 2884 1260 2947 Christi
1294 2884 1720 2963 cognitionem.
1761 2883 2024 2945 «Partim
2056 2882 2193 2962 qui-

2280 2875 2529 2953 Χριστοῧ.
2586 2897 2609 2933 ιι
2657 2885 2821 2935 Τοῦτο
2878 2879 2994 2954 μὲν,
3058 2878 3402 2956 ὀνειδισμοῖς.
3450 2905 3478 2935 ι
3540 2882 3784 2946 Γενναίας
3813 2879 3925 2937 δεῖ·

556 2977 691 3038 dem
724 2974 862 3036 dum
895 2981 953 3035 et
984 2972 1282 3052 probris.»
1321 2972 1581 3034 Robusta
1609 2990 1755 3052 opus
1787 2980 1874 3033 est
1894 2970 2102 3033 anima'
2121 2970 2191 3032 ad

2280 2982 2360 3018 ται
2377 2967 2579 3052 *ψυχῆς
2623 2966 2682 3021 τὸ
2726 2964 2963 3045 ἐνεγκεῖν
2999 2966 3327 3043 ὀνειδισμοὺς
3356 2970 3444 3025 καὶ
3487 2967 3681 3048 ὕϐρεις,
3749 2964 3793 3025 εί
3836 2971 3924 3025 καὶ

552 3064 797 3127 ferenda
841 3048 1053 3143 probra
1094 3069 1151 3123 et
1207 3061 1478 3141 injurias,
1524 3048 1700 3123 etiam
1750 3060 1797 3119 si
1834 3059 2102 3140 privatim
2135 3066 2193 3120 et

2280 3048 2391 3143 κατ’
2466 3050 2596 3143 ἰδίαν
2651 3055 2921 3133 γίνωνται.
2986 3054 3199 3126 Ἐπειδὴ
3254 3055 3308 3113 δὲ
3380 3065 3615 3138 φανερῶς
3683 3060 3771 3115 καὶ
3839 3058 3907 3115 ἐπ

554 3154 783 3216 occulte
816 3139 989 3214 ﬁant:
1016 3139 1293 3231 quoniam
1324 3159 1520 3212 autem
1569 3139 1876 3211 manifeste
1907 3159 1964 3211 et
1989 3166 2189 3211 coram

2280 3139 2505 3231 πάντων,
2542 3140 2717 3221 (τοῦτο
2763 3145 2862 3224 γὰρ
2915 3147 2998 3222 τὸ,
3056 3147 3485 3226 θεατριζόμενοι),
3545 3142 3926 3227 γεννάιοτέραςὶ

557 3241 833 3304 omnibus
864 3230 1083 3301 ﬁebant
1110 3241 1270 3318 (nam
1311 3241 1424 3301 hoc
1454 3239 1746 3317 signiﬁcat
1790 3260 1804 3299 :
1840 3237 2189 3318 Spectaculo

2280 3230 2491 3307 χρήζει.
2532 3252 2556 3285 ιι
2592 3240 2757 3289 Τοῦτο
2813 3231 2868 3288 δὲ
2898 3234 3158 3292 κοινωνοί.
3196 3257 3223 3290 in
3286 3237 3359 3292 Οὐ
3411 3235 3590 3312 μόνον,
3626 3236 3779 3315 φησὶ,
3828 3238 3924 3301 τὰς

556 3317 1160 3411 εθυίδιίε),ι·οὶ›ιιειὶοι“
1208 3336 1296 3389 est
1342 3328 1678 3393 necessaria
1743 3353 1769 3384 α
1807 3317 2025 3390 Partim
2056 3346 2195 3387 vero

2280 3319 2351 3383 εἷς
2382 3319 2516 3393 ὑμᾶς
2559 3317 2730 3397 ὕϐρεις
2788 3322 3037 3400 γενναίως
3086 3323 3367 3403 ἠνέγκατε,
3415 3322 3552 3379 ἀλλὰ
3596 3326 3686 3381 καὶ
3725 3347 3927 3380 κοινω-

557 3420 694 3481 dum
764 3428 1156 3481 consortes.»
1214 3416 1345 3479 Non
1402 3419 1589 3478 solum
1650 3416 1883 3498 inquit,
1931 3415 2198 3496 proprias

557 3508 805 3589 injurias
863 3507 1013 3569 virili
1060 3507 1259 3568 animo
1321 3507 1558 3587 tulistis,
1616 3507 1719 3567 sed
1780 3513 1837 3566 et
1895 3515 2200 3567 consortes

555 3598 757 3660 fuistis
788 3615 991 3658 eorum
1024 3595 1125 3675 qui
1156 3597 1371 3675 injuria
1417 3595 1852 3674 afﬁciebantur,
1904 3595 2200 3675 apostolos

558 3686 917 3766 signiﬁcans,
980 3694 1240 3746 versatos
1298 3685 1573 3745 videlicet
1631 3684 1691 3744 in
1734 3684 2112 3747 contumeliis
2144 3691 2202 3745 et

561 3773 1006 3834 afﬂictionibus.
1047 3797 1074 3828 «
1127 3772 1433 3852 Siquidem
1469 3782 1525 3833 et
1554 3772 1939 3834 afﬁictionum
1970 3791 2100 3852 qua:
2131 3790 2200 3834 ex

562 3863 817 3923 vinculis
845 3863 995 3924 meis
1018 3863 1417 3941 contigerunt,
1455 3862 1771 3942 participes
1797 3861 2043 3923 fuistis:
2072 3860 2200 3922 Non

555 3950 995 4031 solum,inquit,
1028 3969 1149 4011 non
1199 3969 1347 4029 opus
1405 3949 1512 4010 fuit
1569 3951 1731 4012 vobis
1771 3951 2196 4025 consolatione,

556 4039 659 4100 sed
691 4038 822 4101 aliis
852 4057 1087 4119 quoque
1122 4037 1335 4098 vinctis
1384 4057 1589 4099 manus
1629 4039 2026 4100 auxiliatrices
2057 4057 2198 4118 por-

555 4127 815 4189 rexistis.
869 4153 891 4183 ι
930 4130 1006 4190 Ει
1058 4127 1472 4207 direptionem.
1514 4152 1536 4186 ι)
1574 4128 1838 4207 Magnum
1903 4136 1992 4189 est
2049 4128 2202 4189 ferre

555 4216 950 4295 direptionem
1011 4215 1551 4288 facultatum.Quod
1599 4227 1792 4278 autem
1840 4217 2013 4279 etiam
2066 4236 2198 4277 cum

558 4305 771 4384 gaudio
804 4306 1046 4380 feratur,
1083 4304 1467 4385 apostolicum
1494 4313 1603 4366 est.
1635 4326 1659 4363 «
1688 4304 1830 4367 Cum
1863 4305 2075 4385 gaudio
2097 4324 2197 4366 ac-

2279 3410 2356 3466 νοὶ
2440 3416 2545 3466 τῶν
2625 3408 2971 3490 ὑϐριζομένων
3055 3411 3308 3492 ἐγένεσθε,
3395 3414 3517 3476 τοὺς
3600 3411 3925 3478 ἀποστόλους

2273 3498 2478 3572 δηλῶν,
2526 3500 2991 3581 ἀναστρεφομένων
3062 3499 3139 3577 δὲ,
3197 3501 3251 3558 ἐν
3304 3501 3625 3578 ὀνειδισμοῖς
3678 3505 3766 3560 καὶ
3806 3502 3929 3559 θλί-

2283 3595 2431 3665 ψεσι.
2485 3611 2509 3645 α
2560 3592 2656 3649 Καὶ
2697 3591 2796 3669 γὰρ
2836 3592 2959 3655 τοῖς
3017 3588 3233 3666 δεσμοῖς
3282 3613 3382 3666 μου
3440 3594 3856 3663 συνεπαθήσατε.
3894 3612 3927 3651 »

2283 3679 2355 3736 0'3
2385 3680 2566 3754 μόνον,
2614 3683 2796 3760 φησὶν,
2853 3682 3008 3756 ὑμεῖς
3067 3680 3161 3736 οὒκ
3201 3678 3451 3750 ἐδεήθητε
3511 3680 3923 3759 παρακλήσεως,

2284 3766 2419 3827 ἀλλὰ
2458 3770 2547 3825 καὶ
2602 3767 2785 3834 ἄλλοις
2841 3766 3132 3845 δεδεμένοις
3189 3782 3382 3849 χεῖρλς
3437 3770 3686 3849 ὠρέγετε.
3742 3793 3767 3827 α
3828 3773 3928 3829 Καὶ

2284 3859 2382 3937 γὰρ
2438 3858 2537 3925 τὴν
2595 3859 2863 3938 ἁρπαγήν,
2924 3858 3071 3937 Μέγα
3114 3859 3175 3915 τὸ
3233 3859 3469 3939 ἐνεγκεῖν
3526 3861 3626 3924 τὴν
3682 3861 3931 3941 ἁρπαγὴν

2283 3949 2389 4003 τῶν
2443 3949 2811 4027 ὑπαρχόντων,
2871 3945 2926 4003 δὲ
3005 3949 3093 4004 καὶ
3176 3950 3312 4024 μετὰ
3379 3955 3574 4029 χαρᾶς,
3633 3950 3931 4008 ἀποστολι-

2283 4035 2397 4094 κόν.
2477 4057 2500 4091 α
2549 4038 2693 4092 Μετὰ
2736 4043 2907 4116 χαρᾶς
2962 4034 3358 4116 προσεδέξασθε,
3423 4062 3452 4095 υ
3525 4040 3631 4107 Τὴν
3690 4040 3930 4096 ἑκούσιον

2288 4125 2456 4179 αὐτῶν
2510 4124 2781 4199 ὑπομονὴν
2849 4125 3079 4182 ἐπαινεῖ·
3150 4151 3168 4182 ι
3235 4128 3596 4192 Γινώσκοντες
3657 4128 3827 4209 ἔχειν,
3895 4150 3926 4183 ι

2286 4209 2418 4268 Ἰδοὺ
2447 4213 2534 4267 καὶ
2563 4214 2735 4270 πίστιν
2784 4218 2964 4281 αὑτοῖς
3007 4229 3283 4296 μαρτυρεῖ.
3352 4240 3379 4271 α
3442 4219 3557 4279 Καὶ.
3579 4218 3856 4294 μένουσαν.
3896 4241 3928 4272 ι

2285 4299 2531 4358 Τουτέστι
2560 4298 2792 4377 βεϐαίαν,
2829 4303 2932 4384 οὑχ
2960 4306 3033 4369 ὡς
3093 4305 3189 4373 τὴν
3246 4304 3488 4381 ἐνταῦθα,
3550 4307 3645 4374 τὴν
3703 4305 3931 4363 ἀπολλυ-

557 4394 863 4474 cepistis.»
918 4393 1325 4459 Voluntariam
1376 4394 1645 4473 ipsorum
1700 4396 2038 4474 patientiam
2072 4395 2197 4457 col-

2286 4389 2471 4464 μένην,
2530 4391 2618 4446 καὶ
2687 4390 3094 4465 μεταϐαίνουσαν
3165 4394 3260 4451 ἀπ’
3335 4392 3510 4451 ἄλλων
3570 4397 3641 4460 εἰς
3711 4394 3933 4461 ἄλλους.

558 4482 778 4546 laudat.
821 4507 842 4539 (ι
880 4483 1149 4545 Scientes
1178 4499 1278 4544 vos
1312 4481 1555 4544 habere.
1598 4508 1620 4539 »
1655 4482 1808 4545 Ecce
1842 4484 2018 4544 ﬁdem
2050 4502 2197 4563 quo-

2288 4512 2361 4523 -
2421 4502 2442 4534 ε
2480 4478 2568 4546 Μὴ
2598 4477 2904 4548 ἀποϐάλητε
2959 4485 3069 4546 οὖν,
3135 4503 3164 4542 »
3216 4483 3427 4564 [ΦΩΤ]
3490 4486 3788 4541 Δείκνουσιν
3854 4485 3937 4542 ἔτι

559 4591 673 4652 que
702 4572 834 4632 illos
866 4571 1087 4633 habere
1128 4578 1394 4633 testatur.
1434 4596 1462 4627 α
1493 4571 1578 4632 Ac
1626 4581 1981 4637 manentem.
2021 4595 2042 4628 ι)
2081 4570 2197 4632 Hoc

2290 4569 2472 4632 αὐτοὺς
2549 4569 2837 4648 ἐχομένους
2905 4573 3009 4628 τῶν
3080 4574 3274 4636 αὐτῶν,
3353 4596 3382 4629 α
3453 4575 3562 4642 Τὴν
3633 4575 3937 4654 παρῤησίαν

560 4651 649 4724 est
680 4664 931 4724 ﬁrmam.
984 4682 1101 4724 non
1144 4663 1315 4744 quasi
1362 4671 1735 4745 pereuntem,
1774 4673 1830 4725 et
1857 4663 1929 4725 ab
1963 4662 2101 4723 aliis
2133 4663 2197 4723 ad

2287 4660 2455 4733 ὑμῶν.
2494 4680 2519 4717 ι
2560 4651 2793 4741 ’Ἔχουσι
2849 4661 2947 4740 γὰρ
3004 4659 3296 4739 παῤῥησὶαν
3351 4665 3491 4740 παρὰ
3549 4670 3666 4739 Θεῷ
3807 4687 3939 4723 τοι-

557 4751 704 4832 alios
759 4760 1189 4815 transeuntem.
1244 4787 1316 4797 -
1353 4772 1382 4811 ι
1413 4749 1500 4813 Ne
1548 4753 1884 4832 abjeceritis
1940 4752 2144 4831 igitur.
2176 4776 2197 4808 ιι

2290 4757 2419 4806 αὕτα
2485 4747 2550 4805 δι’
2610 4753 2762 4809 αὑτὸν
2804 4750 3173 4825 ὑπομένοντες.
3240 4775 3271 4808 α
3330 4753 3420 4820 Μὴ
3478 4752 3786 4822 ἀποϐάλητε
3840 4754 3938 4812 οὖν

559 4830 833 4902 Ostendit
890 4841 1051 4921 ipsos
1099 4840 1293 4902 adhuc
1336 4840 1432 4902 his
1465 4830 1641 4902 afﬁci.
1680 4866 1703 4896 α
1734 4830 2036 4902 Fiduciam
2069 4859 2205 4902 ves-

563 4937 734 4990 tram.
775 4954 801 4985 »
841 4929 1075 4991 Habent
1126 4928 1285 4991 enim
1333 4948 1367 4990 a
1407 4929 1527 4991 Deo
1586 4929 1859 4991 ﬁduciam
1917 4929 2017 5010 qui
2069 4929 2207 4991 talia

558 5028 801 5099 propter
849 5018 1043 5099 ipsum
1079 5018 1402 5098 patiuntur.
1434 5043 1461 5074 α
1498 5021 1586 5084 Ne
1639 5018 1978 5099 abjeceritis
2031 5018 2208 5098 igitur

564 5108 839 5170 lidm-iam
874 5116 1157 5170 vestram.
1197 5132 1218 5167 ι)
1254 5110 1395 5180 Qum
1425 5125 1606 5189 opera
1648 5117 1841 5170 vestra
1887 5110 2207 5189 consequi-

560 5204 820 5279 tur,quze
844 5199 1184 5280 ﬁdem,quae
1213 5198 1586 5274 afﬂictiones,
1606 5219 1736 5280 quae
1767 5199 2197 5281 paenitentiam;

561 5305 694 5347 nam
728 5288 855 5349 haec
890 5307 1097 5366 magna
1128 5296 1264 5349 sunt
1292 5288 1363 5348 ad
1398 5289 1789 5369 przeslandam
1842 5287 2013 5350 nobis
2042 5287 2201 5348 ﬁdu-

559 5374 710 5434 ciam
779 5376 934 5455 quod
1007 5375 1296 5457 promissa
1365 5378 1742 5441 consecuturi
1798 5376 2001 5439 simus.
2058 5375 2207 5448 Quae

562 5480 834 5540 magnam
893 5464 1072 5526 habet
1123 5464 1348 5545 praemii
1402 5466 1881 5530 retributionem.
1934 5464 2005 5527 Et
2047 5466 2204 5528 unde

643 5639 704 5690 57
735 5637 761 5701 Ι
791 5639 1005 5702 Thess.
1041 5658 1105 5717 ιι,
1136 5643 1233 5705 14.

2288 4839 2387 4905 τὴν
2428 4838 2718 4920 παρρησίαν
2772 4841 2941 4916 ὑμῶν,
2999 4859 3029 4900 )
3075 4841 3175 4909 τὴν
3227 4840 3332 4899 ἀπὸ
3374 4848 3481 4899 τῶν
3537 4841 3704 4922 ’έργων
3753 4846 3937 4920 ὑμῶν,

2286 4929 2384 4996 τὴν
2427 4929 2533 4985 ἀπὸ
2564 4933 2662 4995 τῆς
2705 4930 2955 5004 πίστεως,
2989 4930 3086 4997 τὴν
3121 4930 3227 4987 ἀπὸ
3278 4936 3384 4987 τῶν
3438 4939 3770 5012 πειρασμῶν,
3829 4933 3941 4999 τὴν

2289 5019 2393 5076 ἔιπὸ
2420 5025 2517 5087 τῆς
2546 5019 2841 5095 ὑπομονῆς,
2898 5025 3070 5076 Ταῦτα
3116 5020 3215 5099 γάρ
3257 5020 3366 5077 ἐστι
3409 5021 3476 5077 τὰ
3530 5020 3738 5099 μεγάλα
3792 5024 3942 5097 ἡμῖν

2286 5110 2384 5176 τὴν
2417 5108 2730 5191 πάῥρησίαν,
2775 5107 2854 5165 ὅτι
2884 5106 3166 5184 τευξόμεθα
3217 5108 3312 5177 τῆς
3357 5109 3699 5190 ἐπαγγελίας,
3756 5132 3942 5191 χαρι-

2287 5199 2501 5273 ζόμενα,
2566 5217 2595 5256 (
2657 5188 2825 5260 "Huc
2883 5196 2998 5277 ἔχει
3046 5188 3480 5274 μισθαποδοσίαν,
3511 5188 3555 5255 ἡ»
3619 5202 3717 5258 Καὶ
3760 5188 3943 5258 πόθεν

2285 5294 2439 5344 τοῦτο
2483 5285 2642 5355 δῆλον
2677 5304 2694 5363 ;
2741 5278 2950 5363 Ὑμεῖς,
3008 5290 3161 5369 φησὶ,
3221 5290 3497 5369 μάρτυρες,
3546 5292 3593 5346 οἱ
3634 5289 3945 5368 γινώσκον-

2286 5400 2374 5441 τες
2434 5376 2579 5457 ἕχειν
2644 5376 2914 5455 κρείττονα
2970 5376 3186 5456 ὕπαρξιν
3247 5376 3300 5434 ἐν
3343 5379 3543 5457 οὒρανῳ
3594 5381 3684 5437 καὶ
3743 5379 3950 5456 μένου·

2288 5491 2404 5527 σαν.
2463 5489 2484 5523 ιι
2523 5458 2828 5542 ’Υπομονῆς
2889 5466 2988 5545 γὰρ
3031 5465 3185 5547 ἔχετε
3216 5469 3419 5548 χρείαν.
3462 5492 3488 5523 n
3538 5470 3672 5549 Οὐχὶ
3700 5472 3952 5550 προσθῆ-
