4180 6212
313 268 435 336 401

1410 277 1803 344 COMMENT.
1851 280 1933 342 IN
1977 278 2222 342 EPIST.
2272 277 2370 341 AD
2414 280 2643 344 HEBR.

3590 278 3711 359 402

310 428 450 478 κην,
520 404 641 496 ἀλλ’
693 407 934 484 ὑπομονή
989 416 1160 484 ζητῶ,
1204 408 1298 467 ἵνα
1352 423 1470 474 τοῖς
1516 415 1697 477 αὐτοῖς
1769 413 1985 489 ἐπιμεί-

2076 411 2184 473 hoc
2214 411 2594 474 manifestum
2626 418 2758 476 est?
2779 415 2922 494 Vos,
2953 413 3168 496 inquit,
3196 415 3331 476 402
3348 420 3528 476 testes
3546 412 3713 488 estis,

317 515 480 561 νητε.
512 517 538 550 α
571 484 697 553 ιἸνα
729 498 789 553 τὸ
811 495 1018 574 θέλημα
1056 505 1150 555 τοῦ
1197 505 1348 562 Θεοῦ,
1397 522 1415 552 ι
1455 499 1674 577 Θέλημα
1704 509 1797 559 τοῦ
1830 484 1981 577 escis,

317 586 391 640 τὸ
431 580 562 665 ἄχρι
604 584 788 650 τέλους
846 585 1126 662 ἐπιμεῖναι
1185 588 1305 653 τοῖς
1350 592 1553 663 αὺτοῖς,
1600 591 1689 647 καὶ
1746 592 1807 648 τὸ
1848 593 1985 648 ὑπο-

320 686 516 747 μεῖναι
571 672 672 742 τήν
729 672 995 743 ἀναϐολὴν
1074 681 1172 743 τῆς
1258 676 1661 743 ἆνταποδόσεως
1730 682 1819 738 καὶ
1886 683 1985 747 τῆς

322 760 674 840 ἐπαγγελίας,
707 797 789 808 -
820 763 1036 843 [ΦΩΤ]
1072 764 1292 841 Θέλημα
1339 776 1434 826 τοῦ
1487 774 1617 827 Θεοῦ
1657 770 1720 825 τὸ
1764 770 1983 826 πιστεύ-

324 872 410 906 ειν
468 850 760 929 εἰλικρινῶς
805 855 878 918 εἷς
922 856 1100 925 αὐτὸν,
1172 857 1259 910 καὶ
1319 856 1566 933 πράττειν
1624 858 1715 920 τὰς
1771 858 1980 935 ἀρετὰς,

323 940 420 995 καὶ
491 938 566 995 ἔτι
636 941 697 996 τὸ
753 942 881 1020 ὑπὲρ
954 944 1123 999 αὐτῶν
1195 951 1377 1023 καιροῦ
1449 944 1732 1011 καλοῦντος
1792 947 1984 1028 μέχρις

325 1027 565 1093 α”ιιατος
598 1030 957 1107 ἀγωνίζεσθαι,
1010 1034 1068 1089 Οἱ
1113 1032 1211 1113 γὰρ
1253 1041 1480 1090 τοιοῦτοι
1537 1036 1841 1110 κομίζονται
1886 1038 1984 1105 τὴν

326 1116 681 1194 ἐπαγγελίαν,

330 1223 443 1285 pro
489 1205 636 1295 ipsis
693 1208 941 1291 insuper
989 1208 1094 1270 ubi
1146 1217 1381 1293 tempus
1439 1212 1753 1295 expetierit
1819 1212 1892 1275 ad
1950 1211 2297 1290 sanguinem
2349 1232 2536 1295 usque
2586 1214 2904 1276 decertetis
2958 1236 2972 1278 :

327 1294 813 1375 promissionem.

418 1408 444 1439 α
512 1374 639 1443 Ἐτι
683 1388 782 1467 γὰρ
825 1390 1015 1472 μικρὸν
1068 1388 1189 1447 ὅσον
1239 1389 1386 1471 ὅσον,
1450 1394 1478 1448 ὁ
1530 1392 1825 1472 ἐρχόμενος
1875 1393 1985 1461 ἥξει

325 1474 420 1530 καὶ
492 1476 552 1532 οὗ
619 1490 853 1555 χρονιεῖ,
912 1469 969 1535 Ὀ
1032 1477 1086 1535 δὲ
1128 1476 1326 1544 δίκαιος
1372 1469 1447 1536 »ἐκ
1488 1469 1714 1546 πίστεως
1742 1485 1980 1561 ζήσεται,

326 1563 420 1618 καὶ
492 1562 578 1620 ἐὰν
643 1565 1040 1638 ὑποστείληται,
1127 1573 1223 1627 οὐκ
1297 1566 1503 1627 εὐδοκεῖ
1567 1573 1600 1639 ἡ
1658 1574 1810 1652 ψυχή
1886 1597 1985 1647 μου

329 1655 388 1712 ἒν
456 1660 622 1732 αὐτῷ.
709 1649 899 1734 Ἡμεῖς
974 1658 1030 1717 δὲ
1115 1663 1209 1718 οὒκ
1292 1662 1451 1738 ἐσμῖν
1531 1649 1829 1734 ὑποστολῆς
1914 1669 1984 1732 εἰς

328 1743 627 1821 ἀπώλειαν,
734 1747 870 1805 ἀλλὰ
967 1752 1194 1816 πίστεως
1293 1753 1363 1817 εἰς
1458 1756 1790 1833 περιποίησιν
1875 1761 1981 1832 ψυ-

331 1838 467 1913 χῆς.
509 1854 535 1895 ι

420 1924 518 1981 Καὶ
546 1924 698 2004 πότε,
752 1928 930 2006 φησὶν,
988 1925 1187 2007 ἔχομεν
1243 1930 1555 2006 κομίσασθαι
1594 1932 1691 1999 τὴν
1747 1932 1985 2012 ἐπαγγε-

331 2011 451 2068 λίαν
488 2032 505 2092 ;
558 2014 1055 2098 Mﬁ‘dnoxvvﬁmts,
1103 2020 1285 2098 φησίν.
1345 2017 1533 2098 Ἐγγύς
1589 2020 1728 2077 ἐστιν
1772 2025 1799 2078 δ
1843 2011 1985 2095 πάρ-

333 2101 508 2182 ἐχων.
577 2126 602 2157 a
656 2093 781 2161 ’Ἔτι
811 2106 910 2186 γὰρ
942 2093 1129 2186 μικρὸν
1158 2106 1282 2165 ὅσον
1312 2093 1466 2183 ὅσον,
1494 2111 1521 2165 ὁ
1552 2109 1844 2190 ἐρχόμενος
1874 2093 1986 2179 ἥξει

455 2194 518 2280 οῷ
544 2195 780 2280 χρονιεῖ,
818 2218 846 2249 ι
874 2197 945 2252 Τὸ
972 2194 1026 2252 δὲ
1047 2195 1169 2254 ὅσον
1190 2196 1336 2271 ὅσον,
1359 2199 1420 2254 τὸ
1442 2200 1579 2255 πάνυ
1596 2203 1783 2280 μικρὸν
1805 2199 1979 2268 δηλοῖ.

341 2302 369 2335 ι
402 2272 461 2339 (Ο
484 2278 538 2336 δὲ
561 2278 764 2347 δίκαιος
792 2283 852 2339 ἐκ
868 2285 1093 2351 πίστεως
1122 2287 1360 2357 ζήσεται.
1402 2310 1430 2341 ι
1480 2297 1577 2344 Δεῖ
1599 2272 1705 2346 οὖν
1725 2291 1987 2347 πιστεύειν

333 2369 420 2426 ὅτι
479 2369 593 2436 ἥξει
627 2390 645 2409 ⁶
705 2374 733 2427 ὁ
795 2374 895 2452 γὰρ
937 2371 1135 2439 δίκαιος
1178 2375 1237 2432 ἐκ
1292 2378 1519 2440 πίστεως
1560 2378 1798 2449 ζήσεται.
1859 2379 1987 2439 Ἐὰν

331 2461 415 2535 δὲ,
472 2464 625 2545 φησὶ,
682 2466 983 2544 ῥᾳθυμήσας
1038 2467 1333 2537 ὑποσταλῖμ
1395 2469 1431 2538 ἢ
1477 2468 1536 2526 ἐκ
1591 2470 1687 2538 τῆς
1733 2472 1981 2546 πίστεως,

333 2554 373 2620 ἢ
406 2552 466 2609 ἐκ
509 2560 613 2640 τῷν
670 2559 1001 2637 πειρασμῶν,
1061 2560 1154 2614 οὒκ
1196 2557 1401 2615 εὐδοκεῖ
1448 2561 1483 2628 ἡ
1555 2562 1709 2640 ψυχή
1769 2585 1872 2638 μου
1928 2560 1982 2618 ἐν

336 2642 503 2717 αὗτῴ.
553 2634 646 2707 Ὠς
689 2644 795 2702 ἀπὸ
848 2646 940 2702 τοῦ
986 2634 1211 2726 Χριστοῦ
1259 2647 1395 2715 δὲξαι
1426 2656 1580 2707 τοῦτο
1609 2634 1876 2713 ὅλονξΤὸ
1904 2651 1980 2723 δὲ,

340 2730 450 2786 Οὖιι
519 2730 725 2789 ε’ἶιδοκεῖ
792 2734 1098 2817 τουτέστιν,
1158 2735 1303 2793 οὐδὲν
1381 2737 1573 2816 ἀγαθὸν
1641 2738 1876 2817 βουληθῇ
1947 2740 1983 2808 ἢ

340 2819 555 2890 Θελήσει
599 2822 634 2889 ἡ
667 2823 818 2901 ψυχή
859 2845 982 2898 μου.
1023 2847 1046 2881 α
1087 2815 1276 2899 Ἠμεῖς
1305 2823 1360 2882 δὲ
1389 2815 1484 2884 οὒκ
1537 2826 1696 2903 ἐσμὲν
1752 2815 1985 2886 ὑποστο-

341 2907 441 2975 λῆς
519 2911 594 2971 εἰς
661 2909 954 2971 ἀπώλειαν.
1038 2936 1063 2966 ιι
1141 2911 1359 2982 Ἐπειδὴ
1422 2916 1747 2985 κατέπληξεν
1805 2919 1989 2981 αὐτοὺς

343 2998 389 3053 εἰ
508 3000 521 3018 ‘
547 3021 570 3037 ρ
655 2998 671 3023 ’
723 3000 736 3018 ‘
842 3003 853 3021 ἶ
1578 3008 1592 3029 τ
1724 3008 1737 3027 9
1962 3010 1976 3030 ε

391 3020 594 3078 ρηκως,
676 3008 779 3056 Εαν
836 3001 1232 3074 υποστείληται,
1294 3007 1473 3085 φησὶν,
1530 3015 1637 3064 Ουκ
1691 3006 1896 3064 ευδοκεῖ
1955 3031 1988 3075 η

341 3090 499 3175 ψυχή
557 3112 662 3164 μου
728 3090 781 3146 ἐν
839 3093 1001 3166 αὐτῷ,
1070 3096 1372 3172 Διορθοῦται
1427 3094 1575 3168 αὐτὸ,
1636 3098 1725 3152 καί
1777 3118 1938 3175 φησιν
1971 3113 1985 3127 ⁸

2071 499 2173 580 qui
2208 500 2563 581 cognoscitis
2585 520 2688 563 vos
2720 501 2940 564 habere
2988 502 3277 583 potiorem
3325 500 3713 564 substantiam

2070 589 2130 650 in
2162 590 2311 651 caelo
2356 609 2425 651 ac
2484 590 3041 653 manentem.¢Nam
3094 591 3378 672 patientia
3433 590 3599 652 vobis
3629 597 3720 652 est

2070 696 2279 758 opus.»
2315 677 2445 740 Non
2468 681 2981 759 augmentum,sed
3015 680 3361 761 patientiam
3386 688 3618 759 expeto,
3654 685 3718 739 nt

2070 766 2282 829 iisdem
2316 768 2731 848 perseveretis.
2773 789 2801 828 ‹
2832 768 2930 843 Ut,
2961 769 3061 831 ubi
3092 770 3452 832 voluntatem
3482 767 3589 829 Dei
3620 786 3717 849 pe-

2070 856 2366 935 regeritis.
2406 882 2432 913 »
2463 856 2747 918 Voluntas
2778 857 2883 920 Dei
2900 866 2989 920 est
3009 865 3071 919 ut
3091 858 3152 919 in
3177 858 3402 921 eisdem
3431 875 3615 936 usque
3644 856 3717 917 ad

2071 945 2246 1006 ﬁnem
2281 946 2693 1026 perseveretis,
2729 953 2788 1008 et
2818 946 3162 1022 dilationem
3193 945 3602 1008 retributionis
3647 963 3716 1005 ac
3812 1006 3815 1008 .

2068 1034 2482 1113 promissionis
2539 1035 2901 1098 sustinentis.
2946 1075 3011 1082 —
3040 1036 3323 1098 Voluntas
3366 1034 3474 1098 Dei
3524 1042 3615 1096 est
3652 1040 3720 1095 ut

2064 1123 2125 1183 in
2157 1141 2290 1184 eum
2328 1125 2563 1187 sincere
2594 1125 2849 1186 credatis
2878 1143 2945 1199 ac
2988 1126 3232 1187 virtutes
3269 1122 3621 1205 operemini,
3657 1129 3716 1184 et

3034 1214 3178 1276 tales
3216 1213 3374 1276 enim
3438 1212 3709 1280 referunt

2152 1389 2221 1454 X.
2251 1390 2453 1455 37-39.
2481 1392 2698 1455 Adhuc
2725 1398 2886 1455 enim
2908 1393 3312 1473 perpusillum
3344 1392 3720 1472 temporis,et

2068 1482 2175 1559 qui
2202 1487 2492 1544 venturus
2520 1491 2602 1543 est
2635 1485 2831 1545 veniet
2872 1490 2932 1544 et
2980 1500 3105 1545 non
3162 1481 3450 1545 tardabit.
3509 1482 3721 1541 Justus

2066 1575 2266 1630 autem
2296 1588 2372 1631 ea:
2398 1570 2515 1648 ﬁde
2543 1577 2724 1646 vivet,
2757 1579 2814 1633 el
2842 1571 2897 1633 si
2938 1589 2999 1633 se
3025 1571 3393 1634 subduxerit
3420 1587 3540 1631 non
3566 1585 3715 1649 pro-

2067 1656 2311 1719 babitur
2341 1660 2546 1721 animo
2575 1677 2722 1721 meo.
2760 1661 2844 1721 At
2894 1677 3003 1722 nos
3050 1678 3167 1723 non
3208 1677 3417 1722 sumus
3444 1659 3548 1737 qui
3576 1656 3720 1719 sub-

2064 1744 2359 1809 ducamus
2388 1766 2499 1809 nos
2530 1749 2593 1810 in
2622 1748 3042 1827 perditionem,
3076 1750 3181 1812 sed
3201 1749 3279 1811 ad
3307 1748 3489 1828 ﬁdem
3516 1746 3713 1826 perli-

2010 1839 2046 1888 B
2069 1850 2283 1896 nemus
2312 1840 2378 1896 in
2409 1837 2865 1914 acquisitionem
2896 1838 3140 1898 animae.

2149 1921 2219 1982 Et
2247 1923 2480 2001 quando
2506 1924 3344 2004 possumus,inquit.accipere
3367 1921 3719 2003 promissio-

2069 2010 2343 2072 nem?Ne
2360 2029 2572 2090 segnes
2604 2012 2969 2088 efﬁciamini,
3004 2012 3083 2073 ait
3110 2030 3123 2075 :
3163 2012 3224 2073 in
3256 2011 3522 2093 proximo
3550 2017 3639 2071 est
3667 2009 3719 2071 is

2070 2099 2172 2181 qui
2202 2101 2501 2180 rependit.
2516 2101 2758 2162 «Adhuc
2789 2102 2948 2164 enim
2982 2101 3371 2182 perpusillum
3404 2099 3714 2179 temporis,

2071 2197 2127 2249 et
2159 2188 2257 2268 qui
2290 2198 2570 2250 venturus
2602 2198 2690 2250 est
2715 2189 2910 2250 veniet
2941 2198 2998 2250 et
3039 2208 3156 2250 non
3191 2188 3467 2250 tardabit.
3505 2210 3533 2243 »
3567 2188 3717 2250 Nam

2070 2276 2223 2359 quod
2254 2276 2335 2337 ait
2384 2277 2506 2335 ὅσον
2535 2278 2658 2335 ὅσον
2689 2276 2981 2357 signiﬁcat
3029 2279 3195 2339 valde
3239 2278 3422 2339 breve
3456 2284 3716 2356 tempus.

2075 2363 2313 2427 (Justus
2334 2373 2530 2427 autem
2565 2384 2634 2427 ex
2670 2366 2785 2427 ﬁde
2822 2366 2993 2428 vivet.
3041 2391 3067 2422 ιι
3100 2368 3353 2447 Oportet
3379 2364 3557 2445 igitur
3586 2382 3717 2425 cre-

2069 2454 2213 2517 dete
2243 2454 2397 2535 quod
2430 2455 2647 2518 veniet.
2684 2474 2817 2516 nam
2844 2456 3041 2534 justus
3076 2475 3145 2517 ex
3174 2456 3289 2516 ﬁde
3319 2454 3491 2515 vivet.
3529 2452 3716 2516 Siau-

2068 2552 2187 2605 tem
2217 2542 2956 2625 segnior,inquit,eﬁ'ectus
2986 2562 3051 2604 se
3082 2543 3449 2623 subduxerit,
3507 2550 3606 2604 aut
3652 2560 3721 2603 ex

2068 2632 2208 2707 ﬁde,
2245 2641 2347 2694 aut
2384 2652 2453 2695 ex
2498 2632 2943 2707 afﬂictionibus,
2980 2651 3096 2694 non
3130 2632 3479 2714 probabitur
3510 2633 3712 2693 animo

2072 2740 2203 2783 meo
2238 2743 2251 2780 :
2281 2731 2403 2783 uta
2431 2722 2661 2785 Christo
2713 2722 3036 2803 accipiatur
3085 2722 3146 2783 in
3201 2722 3459 2783 solidum
3493 2742 3507 2781 :
3547 2720 3715 2793 Quod

2070 2818 2267 2871 autem
2290 2811 2369 2871 ait
2400 2814 2506 2869 Οὔκ
2537 2811 2745 2870 εὐδοκεῖ
2772 2815 2805 2881 ἡ
2864 2814 3015 2892 ψυχή
3051 2835 3171 2888 μου,
3205 2812 3318 2873 hoc
3358 2818 3447 2873 est
3490 2810 3719 2872 nullum

2073 2898 2259 2979 ipsius
2291 2898 2510 2961 bonum
2534 2909 2763 2980 gratum
2787 2899 3028 2961 habebit
3050 2909 3148 2962 aut
3170 2901 3324 2962 volet
3345 2900 3540 2961 anima
3564 2917 3715 2961 mea.

2080 3013 2105 3043 ει
2139 2989 2213 3050 At
2239 3006 2347 3051 nos
2377 3008 2494 3049 non
2527 3008 2730 3050 sumus
2748 2990 2849 3071 qui
2881 2989 3285 3052 subducamus
3309 3008 3416 3051 nos
3438 2990 3498 3050 in
3530 2988 3723 3069 perdi-

2078 3077 2375 3138 tionem.»
2407 3076 2699 3150 Quoniam
2755 3087 3047 3140 terruerat
3093 3097 3196 3140 eos
3248 3078 3526 3140 dicendo.
3564 3076 3625 3138 Si
3655 3095 3721 3138 se

355 3165 547 3253 Ἦμετς
579 3182 675 3238 οὐκ
703 3179 862 3254 ἐσμὲν
917 3187 1016 3247 τῆς
1058 3165 1353 3251 ὑποστολῆς
1409 3186 1497 3241 καὶ
1548 3165 1649 3251 τῆς
1719 3165 1986 3266 ῥᾳὸυμίας,

2077 3165 2443 3242 subduxerit,
2480 3187 2597 3227 non
2628 3168 2977 3248 prohabitnr
3025 3168 3225 3228 animo
3264 3186 3439 3244 meo;
3477 3166 3721 3244 corrigit

340 3268 476 3347 ἅπερ
520 3269 593 3331 εἷς
645 3267 912 3325 ἀπώλειαν
957 3267 1095 3351 ἐίγει,
1158 3270 1294 3328 ἀλλὰ
1347 3273 1442 3341 τῆς
1501 3275 1753 3347 πίστεως,
1806 3277 1988 3354 φησὶν,

344 3360 417 3422 εἰς
481 3359 545 3414 τὸ
615 3359 954 3437 περιποιῆσαι
1028 3360 1223 3419 ἑαυτῶν
1305 3364 1399 3428 τὰς
1472 3364 1651 3445 ψυχὰς
1720 3365 1809 3421 καὶ
1890 3386 1994 3420 σω-

338 3448 496 3516 θῖιναι
507 3496 520 3511 ,

954 3634 1205 3690 sema.
1256 3629 1341 3703 ις’
1352 3619 1380 3691 ’.

509 3738 537 3771 α
587 3718 708 3789 Περὶ
744 3716 969 3784 πίστεως
997 3722 1094 3785 τῆς
1127 3718 1213 3774 καὶ
1243 3719 1364 3785 τοὺς
1393 3719 1648 3786 παλαιοὺς
1677 3717 1832 3787 δοξα-

1047 3800 1216 3865 σάσης
1227 3844 1240 3858 .
1280 3822 1308 3853 ι)

426 3908 454 3940 α
493 3874 657 3943 ’Ἐστι
715 3884 769 3943 δὲ
840 3887 1013 3952 πίστις
1070 3886 1426 3963 ἐλπιζομένων
1481 3888 1792 3963 ὑπόστασις,
1843 3913 1985 3970 πρα-

339 3974 562 4052 γμάτων
632 3973 857 4056 ἔλεγχος
916 3976 973 4033 οὔ
1049 3975 1412 4053 βλεπομένων.
1490 3974 1577 4034 Ἐν
1659 3978 1822 4055 ταύτῃ
1889 3980 1987 4057 γὰρ

341 4064 776 4143 ἐμαρτυρήθησαν
874 4067 921 4122 οἱ
1020 4062 1380 4144 πρεσϐύτεροι.
1487 4068 1662 4123 Πίστει
1766 4074 1987 4143 νοοῦμεν

340 4152 682 4231 κατηρτίσθαι
751 4153 871 4218 τοὺς
942 4154 1133 4219 αἰῶνας
1204 4154 1400 4231 ῥήματι
1462 4162 1611 4229 Θεοῦ,
1672 4156 1744 4217 εἰς
1795 4158 1855 4212 τὸ
1908 4156 1985 4232 μὴ

340 4241 402 4298 ἐκ
475 4241 802 4321 φαινομένων
889 4243 957 4324 τᾷ
1023 4242 1359 4319 βλλεπόμενα
1427 4244 1722 4324 γεγονέναι,
1810 4246 1985 4302 Πίστει

336 4330 557 4388 πλείονα
638 4332 814 4389 θυσίαν
900 4321 1073 4389 ’Άϐελ
1181 4333 1322 4412 παρὰ
1422 4321 1557 4392 Κάῒν
1656 4336 1985 4414 προσήνεγκε

2076 3255 2222 3317 illud
2254 3264 2313 3316 et
2338 3256 2418 3316 ait
2451 3275 2465 3315 :
2504 3257 2634 3318 Non
2667 3275 2871 3317 sumus
2915 3256 3013 3337 qui
3066 3256 3462 3318 subducamus
3495 3273 3602 3316 nos
3630 3254 3719 3315 vel

2077 3362 2286 3425 segnes
2316 3343 2525 3420 simus,
2560 3346 2717 3426 quod
2752 3346 2812 3407 in
2845 3346 3242 3426 perditionem
3274 3343 3437 3405 ducit
3477 3360 3489 3406 :
3519 3343 3624 3405 sed
3647 3343 3721 3404 ad

2076 3434 2254 3495 ﬁdem
2286 3434 2673 3515 pertinemus,
2708 3434 2781 3497 ad
2820 3432 3243 3516 possidendum
3276 3441 3333 3495 et
3373 3431 3720 3494 salvandum

2073 3531 2305 3585 nostras
2342 3523 2592 3586 animas.

2604 3617 2745 3678 405
2787 3614 3032 3682 CAPUT
3076 3616 3229 3681 XVI.

2241 3712 2329 3773 De
2357 3707 2636 3793 ﬁde'quw
2660 3717 2881 3774 veteres
2910 3728 3146 3792 quoque
3172 3710 3561 3792 gloriﬁcaoit.

2157 3879 2388 3953 XLI-4.
2420 3880 2526 3943 Est
2552 3886 2752 3944 autem
2768 3880 2919 3960 fides
2941 3897 3155 3943 earum
3190 3897 3393 3944 rerum
3420 3899 3555 3963 quae
3576 3898 3715 3962 spe-

2069 3972 3092 4051 rantursubslantia.argumentum
3107 3988 3315 4033 eorum
3330 3990 3462 4051 qua:
3474 3990 3598 4034 non
3620 3971 3684 4032 vi
3691 4002 3717 4012 -

2070 4058 2312 4122 dentur:
2334 4078 2449 4137 per
2476 4058 2632 4123 hanc
2652 4061 2813 4122 enim
2842 4063 3253 4123 testimonium
3268 4080 3605 4143 aceeperun
3640 4078 3731 4122 se-

2066 4150 2292 4211 niores.
2328 4150 2450 4210 Per
2476 4148 2650 4227 ﬁdem
2678 4147 3087 4227 intelligimus
3105 4149 3377 4229 perfecta
3398 4151 3587 4230 fuisse
3614 4168 3722 4213 sce-

2069 4239 2215 4299 cula
2244 4240 2418 4300 verbo
2444 4237 2589 4315 Dei,
2610 4245 2675 4299 ut
2706 4255 2783 4300 ea:
2810 4238 2903 4300 his
2934 4256 3069 4319 quae
3094 4257 3219 4301 non
3248 4240 3727 4320 apparebant,ea

2068 4343 2199 4405 quo:
2220 4327 2505 4390 videntur
2514 4326 2869 4409 ﬁerint.Per
2886 4327 3088 4408 ﬁdem,
3111 4329 3369 4391 hostium
3386 4329 3731 4392 uberiorem

339 4426 418 4495 τῷ
460 4425 598 4495 Θεῷ,
657 4418 727 4475 δι’
793 4421 861 4486 ἧς
905 4419 1238 4500 ἐμαρτυρήθη
1297 4420 1440 4478 εἶναι
1496 4413 1719 4498 δίκαιος,
1782 4444 1981 4501 μαρτυ-

2076 4413 2218 4477 Abel
2245 4414 2479 4495 obtulit,
2512 4417 2634 4477 Deo
2662 4432 2843 4494 quam
2873 4414 3046 4494 Cain,
3081 4434 3192 4493 per
3235 4434 3419 4496 quam
3452 4419 3725 4478 testimo-

340 4516 555 4587 ροῦντος
630 4510 716 4564 ὲπὶ
770 4521 888 4573 τοῖς
945 4506 1129 4588 δώροις
1185 4508 1342 4568 αὗτοῦ
1397 4516 1488 4566 τοῦ
1547 4518 1697 4585 Θεοῠ,
1772 4512 1858 4567 καὶ
1916 4508 1987 4566 δι’

339 4601 505 4664 αὐτῆς
537 4597 812 4654 ἀποθανὼν
844 4596 924 4653 ἔτι
954 4595 1224 4659 λαλεϊται,
1262 4621 1288 4653 ι

423 4775 622 4832 Λοιπὸν
693 4774 935 4856 ἐκφράζει
978 4775 1029 4830 τί
1084 4773 1195 4833 ἐστὶ
1236 4777 1437 4851 πίστις,
1468 4778 1556 4833 καί
1597 4800 1751 4858 φησι,
1812 4779 1991 4841 Πίστις

340 4861 483 4919 ἐστιν
539 4865 671 4930 αὐτὴ
744 4864 781 4930 ἡ
841 4862 1125 4928 ὑπόστασις
1186 4865 1275 4921 καὶ
1340 4866 1485 4923 οὐσία
1544 4866 1648 4922 τῶν
1705 4864 1990 4941 ἐλπιζομέ-

336 4974 442 5009 νων
499 4953 844 5031 πραγμάτων.
908 4949 1104 5020 Ἐπεδὴ
1156 4953 1259 5032 γὰρ
1319 4956 1385 5010 τὰ
1428 4953 1482 5009 ἐν
1542 4953 1745 5011 ἐλπίσιν
1789 4954 1989 5010 ἀνυπό-

338 5040 505 5097 στατᾶ
562 5040 722 5114 ἐστὶν,
782 5043 857 5103 ὡς
911 5039 1046 5105 τέως
1091 5041 1169 5116 μὴ
1214 5044 1470 5121 παρόντα,
1534 5046 1569 5112 ἡ
1628 5043 1800 5108 πίστις
1846 5044 1991 5102 οὐσία

338 5151 417 5195 τις
461 5130 633 5188 αὖτῶν
674 5132 761 5187 καὶ
806 5133 842 5199 ἡ
898 5129 1183 5194 ὑπόστασις
1238 5132 1458 5211 γίνεται,
1512 5133 1653 5190 εἶναι
1723 5134 1854 5192 αὐτὰ
1909 5134 1995 5189 καὶ

340 5231 591 5298 παρεῖναι
651 5219 845 5299 τρόπον
886 5219 1004 5275 τινὰ
1072 5222 1561 5299 παρασκευάζουσα,
1622 5219 1706 5277 διὰ
1764 5230 1855 5278 τοῦ
1910 5245 1995 5277 πι-

339 5296 540 5363 στεύειν
582 5296 750 5369 εἶναι.
791 5296 954 5367 ’Ἐστι
984 5307 1039 5363 δὲ
1066 5309 1101 5376 ἡ
1134 5296 1308 5373 πίστις
1368 5309 1597 5391 ἔλεγχος
1645 5311 1733 5366 καὶ
1782 5308 1995 5367 ἀπόδει-

342 5395 417 5462 ξις
458 5403 562 5453 νῶν
627 5399 686 5453 οὒ
742 5395 1106 5473 βλεπομένων.
1168 5394 1527 5455 Ἀποδείκνυσι
1571 5397 1625 5455 δὲ
1687 5400 1849 5478 ὁρατὰ
1926 5399 1993 5455 τὰ

340 5485 561 5564 ἀόρατα.
623 5477 683 5542 ’Β
741 5486 912 5549 πίστις
964 5491 1135 5566 min;
1207 5491 1286 5561 τῷ
1336 5495 1410 5562 νῷ
1468 5489 1556 5544 καὶ
1611 5477 1731 5549 ταῖς
1791 5485 1991 5543 ἐλπίσιν

340 5575 517 5653 ὁρῶσα
565 5575 631 5631 τὰ
689 5575 767 5648 μὴ
811 5576 1119 5655 φαινόμενα.
1176 5598 1205 5630 α
1268 5572 1358 5632 ’ἐν
1418 5576 1577 5651 ταύτῃ
1635 5577 1733 5655 γὰρ
1762 5574 1993 5654 ἐμαρτυ-

2070 4506 2242 4565 nium
2270 4505 2498 4567 meruit
2517 4504 2676 4585 quod
2706 4511 2862 4566 esset
2888 4507 3112 4580 iustus,
3142 4506 3548 4568 testimonium
3567 4523 3717 4585 per—

2070 4591 2306 4655 hibente
2373 4593 2446 4655 de
2490 4593 2764 4656 donariis
2814 4593 2980 4655 illius
3033 4594 3156 4655 Deo
3186 4642 3206 4670 ,
3255 4601 3314 4656 el
3356 4611 3469 4675 per
3524 4595 3725 4674 ipsum

2073 4690 2347 4744 mortuus
2367 4681 2562 4744 adhuc
2587 4683 2879 4762 loquitur.

2152 4771 2442 4852 Exprimit
2498 4778 2933 4850 consequenter
2983 4770 3125 4852 quid
3172 4772 3249 4833 sit
3294 4771 3467 4847 ﬁdes,
3502 4778 3563 4835 et
3589 4772 3670 4836 ait
3706 4792 3722 4835 :

2074 4859 2253 4923 Fides
2284 4867 2373 4921 est
2400 4859 2725 4921 substantia
2749 4878 2817 4921 ac
2841 4860 3099 4922 essentia
3124 4878 3327 4922 earum
3358 4879 3563 4937 rerum,
3591 4882 3723 4943 qua;

2075 4957 2411 5030 sperantur.
2458 4947 2604 5010 Nam
2653 4948 2933 5029 quoniam
2967 4967 3035 5010 ea
3068 4967 3199 5029 quae
3237 4950 3367 5030 spei
3396 4951 3725 5014 subsistunt

2072 5038 2281 5099 sentiri
2313 5043 2636 5119 nequeunt,
2671 5044 2732 5098 ut
2763 5055 2894 5117 quae
2940 5037 3179 5098 interim
3240 5039 3555 5118 praesentia
3602 5059 3720 5101 non

2079 5125 2392 5195 sunt.ﬁdes
2443 5124 2701 5186 essentia
2749 5125 3019 5205 quaedam
3068 5126 3334 5206 ipsorum
3368 5134 3456 5190 est
3487 5137 3547 5190 et
3574 5128 3722 5191 sub-

2076 5215 2309 5294 stantia,
2340 5214 2605 5276 efﬁciens
2638 5221 2697 5274 ut
2726 5212 2847 5275 sint
2877 5222 2936 5275 et
2967 5215 3405 5295 quodammodo
3457 5235 3723 5298 praesen-

2076 5307 2155 5363 tia
2183 5302 2346 5378 ﬁant,
2383 5321 2452 5364 eo
2486 5300 2646 5383 quod
2678 5302 2883 5364 credat
2914 5322 2983 5366 ea
3017 5323 3176 5367 esse.
3209 5305 3315 5367 Est
3344 5315 3541 5370 autem
3573 5307 3723 5370 ﬁdes

2076 5398 2489 5469 argumentum
2548 5409 2618 5452 ac
2673 5390 3103 5455 demonstratio
3162 5413 3368 5457 eorum
3420 5415 3552 5477 quae
3603 5416 3722 5459 non

2074 5479 2365 5542 videntur.
2400 5479 2651 5543 Exhibet
2696 5499 2960 5562 namque
3009 5483 3159 5547 ﬁdes
3186 5484 3446 5559 visibilia
3491 5505 3561 5550 ea
3591 5506 3723 5568 quae

2077 5577 2218 5632 sunt
2245 5568 2596 5636 invisibilia.
2630 5569 2987 5645 Quomodo?
3044 5583 3244 5645 mente
3275 5583 3334 5639 et
3360 5576 3491 5659 ipse
3517 5576 3726 5641 videns
