4180 6212
474 320 592 390 403

1612 325 1851 391 CECUM
1856 326 1956 390 EN
1962 322 2020 386 II
2063 322 2357 385 ΤΗΝ]οΕ
2398 322 2736 388 EPISGOPI

475 478 545 522 ea
575 478 706 543 quae
736 479 855 524 non
867 469 1172 543 apparent.
1191 463 1340 524 «Per
1354 462 1507 523 hanc
1529 459 1688 522 enim
1709 456 2116 521 testimonium
2136 465 2179 514 Α
2199 458 2457 536 ρήθησαν.
2543 477 2573 517 ι

3732 322 3889 393 404·

2666 456 2757 516 Ἐν
2839 464 2907 536 τῇ
2991 458 3161 516 πίστει
3234 458 3667 540 ἐμαρτυρήθησαν
3750 460 3855 517 ὑπὸ

475 561 856 633 acceperunt.
895 577 923 608 ι
961 551 1072 614 Per
1110 551 1285 612 ﬁdem
1314 549 1711 612 testimonium
1744 567 1778 611 a
1807 548 1929 610 Deo
1959 562 2116 611 acce-

2212 552 2365 622 Θεοῦ,
2427 545 2832 626 εὐηρεστηκέναι
2904 546 3067 623 αύτῷ,
3154 568 3178 604 ι
3266 551 3325 605 Ol
3397 545 3756 629 πρεσϐύτεροι,
3823 570 3849 606 ι

477 648 693 720 perunt
719 640 877 721 quod
935 639 1298 720 placuissent
1323 638 1462 719 ipsi.
1506 662 1533 693 α
1569 637 1870 701 Seniores.
1919 663 1943 694 ν
1980 634 2125 708 Οιιί-

476 728 649 790 nam?
670 728 731 789 hi
762 745 908 809 quos
930 726 1298 789 recensebit:
1339 751 1365 782 κ
1383 728 1493 788 Per
1522 726 1700 789 ﬁdem
1731 724 2123 806 intelligimus

476 817 742 897 perfecta
768 815 953 878 fuisse
981 816 1216 878 saecula.
1259 841 1281 874 ιι
1318 815 1464 878 Nam
1498 834 1631 896 quae
1657 816 1807 876 ratio
1838 820 2034 895 posset
2061 813 2123 875 id

476 905 886 967 demonstrare
906 909 934 963 Ἰ
954 912 1184 986 oportet
1211 904 1409 986 itaque
1426 903 1541 966 sibi
1569 903 1685 965 ﬁde
1708 902 2068 985 persuadere
2103 920 2118 935 ο

483 1016 507 1051 ι
534 992 603 1056 Ut
632 1012 703 1055 ex
734 993 827 1054 his
847 1012 976 1075 quze
1007 1013 1125 1055 non
1158 992 1902 1075 apparebant.nQuisenim
1925 1010 2123 1053 sermo

472 1080 908 1144 demonstrabit
954 1080 1057 1143 illa
1100 1082 1280 1143 fuisse
1335 1081 1587 1144 deducta
1643 1081 1714 1142 ad
1767 1098 1898 1142 esse
1947 1098 2018 1140 ex
2046 1098 2118 1141 eo

477 1169 632 1251 quod
647 1188 761 1231 non
794 1176 950 1233 erat?
978 1195 1003 1226 α
1027 1169 1381 1233 Uber-iorem
1415 1169 1668 1232 hostiam
1703 1167 1910 1231 Abel.»
1939 1168 2118 1247 Cujus

476 1258 636 1321 enim
671 1259 916 1321 alterius
946 1259 1218 1340 exemplo
1248 1262 1434 1322 Deum
1468 1257 1938 1338 honorabat,nisi
1959 1258 2115 1337 quod

476 1346 594 1410 ﬁde
616 1346 896 1409 credebat
910 1348 1121 1409 borum
1135 1349 1264 1409 ﬁeri
1279 1346 1919 1409 retributionem?«Per
1938 1364 2111 1427 quam

474 1436 885 1498 testimonium
910 1437 1129 1499 meruit
1156 1437 1310 1519 quod
1344 1448 1501 1499 esset
1517 1435 1925 1516 justus.»Cum
1956 1436 2113 1498 enim

473 1525 687 1588 dixerit
718 1528 873 1589 Deus
898 1526 971 1588 ad
1002 1527 1172 1601 Cain,
1199 1526 1352 1587 Nnm
1378 1525 1428 1587 si
1450 1534 1608 1587 recte
1657 1524 1964 1598 obtuleris,
1999 1544 2118 1585 non

471 1621 637 1676 recte
662 1621 855 1676 autem
879 1614 1529 1677 diviseris:testificatus
1554 1622 1645 1675 est
1679 1614 1754 1677 de
1776 1613 1927 1676 Abel
1959 1612 2116 1693 quod

2210 634 2371 691 Ποῖοι
2404 654 2420 715 ς
2467 637 2585 716 περὶ
2624 639 2699 692 ὧν
2742 634 2924 711 μέλλει
2955 634 3130 715 λέγειν
3164 653 3179 669 ⁸
3219 660 3246 691 σ
3276 636 3454 693 Πίστει
3480 644 3700 714 νοοῦμεν
3727 659 3857 695 κατ-

2206 724 2466 803 ηρτίσθαι,
2519 748 2544 779 ι)
2606 727 2694 789 Τίς
2751 726 2849 805 γὰρ
2878 725 3052 805 ἰσχύει
3083 724 3339 805 λογισμὸς
3383 736 3537 787 τοῦτο
3566 732 3853 808 παραστῇ-

2206 834 2292 868 σαι
2327 832 2343 893 ς
2403 811 2486 869 δεῖ
2514 812 2603 870 οὖν
2634 817 2774 888 αὐτῷ
2802 815 2975 870 πίστει
3020 812 3230 874 εἰδέναι.
3267 837 3295 870 ιι
3345 817 3432 879 Εἰς
3488 818 3571 891 τὸ,
3613 837 3635 872 ιι
3673 816 3761 883 Μὴ
3792 815 3855 871 ἐκ

2205 900 2555 981 φαινομένων.
2604 923 2634 957 ι
2679 902 2755 959 Τὰ
2797 903 2896 980 γὰρ
2936 901 2997 959 ἐκ
3052 912 3144 961 τοῦ
3186 904 3265 978 μὴ
3308 902 3459 968 ὄντος
3503 906 3577 967 είς
3610 907 3670 961 τὸ
3702 904 3855 960 εἶναι

2204 988 2567 1072 παραχθέντα,
2612 990 2690 1053 τίς
2733 991 3060 1070 παραστήσει
3091 989 3297 1072 λόγοςς
3339 1013 3362 1048 ιι
3397 991 3618 1049 Πλείονα
3672 993 3852 1051 θυσίαν

2209 1067 2406 1140 ’Ἄϐελλ
2442 1102 2470 1133 ιι
2501 1079 2624 1137 Τίνα
2667 1080 2766 1158 γὰρ
2796 1067 3044 1158 ἑωρακὼς
3094 1067 3294 1159 ἕτερον,
3340 1079 3494 1155 ἐτίμα
3537 1082 3626 1136 τὸν
3693 1086 3848 1160 Θεὸν,

2200 1166 2236 1235 ἢ
2280 1166 2359 1223 ὅτι
2416 1168 2700 1232 πιστεύσας
2758 1168 2901 1224 εἶναι
2959 1168 3159 1225 τούτων
3212 1167 3521 1251 ἀντίδοσιν,
3584 1192 3608 1227 α
3671 1172 3749 1228 Δι’
3782 1196 3851 1241 ης

2200 1254 2531 1336 ἐμαρτυρήθη
2577 1258 2717 1313 εἶναι
2772 1255 2990 1323 δίκαιος,
3032 1280 3057 1315 ι
3117 1248 3173 1316 Ὀ
3226 1259 3326 1339 γὰρ
3381 1248 3515 1337 πρὸς.
3566 1261 3657 1316 τὸν
3715 1264 3852 1320 Κάϊν

2200 1347 2424 1424 εἰρηκὼς
2473 1348 2629 1421 Θεὸς,
2681 1348 2787 1406 Οὔκ
2839 1346 2899 1404 ἂν
2960 1350 3121 1428 ὀρθῶς
3181 1349 3279 1424 μὲν
3310 1350 3712 1433 μπροσενέγκῃς,
3765 1356 3850 1433 ὀρ-

2198 1438 2301 1498 θῶς
2345 1433 2399 1491 δὲ
2445 1436 2521 1511 μὴ
2553 1434 2754 1512 διέλῃς,
2810 1427 3136 1517 ἐμαρτύρησε
3186 1444 3264 1513 τῷ
3310 1427 3483 1496 ’Ἅϐελ
3541 1427 3639 1497 καὶ.
3684 1427 3849 1521 ὀρθῶς

2199 1524 2625 1603 προσενεγκόντι,
2658 1526 2746 1581 καὶ
2776 1525 2937 1603 ὀρθῶς
3000 1523 3224 1582 διελόντι
3259 1545 3274 1560 '
3335 1525 3549 1606 λέγεται
3604 1532 3692 1585 καὶ
3746 1538 3850 1611 πῦρ

2201 1613 2585 1692 κατενηνέχθαι
2639 1614 2724 1669 ἐπὶ
2778 1620 2846 1691 τῇ
2917 1613 3267 1672 ὁλοκαυτώσει
3344 1617 3518 1692 αὗτοῦ,
3583 1618 3688 1678 ἀπὸ
3758 1631 3852 1680 τοῦ

471 1712 531 1766 ct
558 1712 722 1765 recte
747 1703 1033 1766 obtulerit
1055 1711 1112 1766 et
1131 1712 1289 1767 recte
1315 1703 1603 1765 diviserit.
1626 1703 1852 1766 Dicitur
1881 1720 2113 1783 quoque

2203 1701 2441 1780 οὐρανοῦ.
2494 1723 2516 1757 ιι
2579 1704 2675 1760 Καὶ
2731 1700 2797 1758 δι’
2842 1707 3005 1770 αὐτῆς
3060 1705 3356 1767 ἀποθανών.
3417 1728 3441 1763 υ
3519 1711 3627 1776 Τῆς
3668 1712 3843 1772 θυσίας

466 1791 621 1870 ignis
652 1810 685 1853 e
717 1792 866 1853 caelo
897 1791 1177 1873 delapsus
1198 1793 1380 1856 fuisse
1409 1812 1589 1874 super
1616 1792 1804 1873 ipsius
1827 1792 2113 1853 holocau—

2200 1790 2453 1850 τουτέστι.
2501 1790 2762 1870 Πρόφασις
2812 1792 2910 1869 γὰρ
2968 1796 3107 1867 αὒτῷ
3162 1793 3376 1871 γέγονεν
3420 1797 3454 1863 ἡ
3498 1796 3646 1853 θυσία
3702 1819 3844 1877 σφα-

470 1890 647 1943 stum.
668 1882 809 1942 404
837 1907 860 1940 ι
891 1882 963 1943 Et
995 1901 1100 1963 per
1118 1882 1306 1963 ipsam
1338 1890 1627 1944 mortuus.
1662 1880 1952 1944 Videlicet
1981 1881 2114 1941 hos-

472 1969 792 2031 tiamNam
826 1971 1021 2033 hostia
1049 1971 1285 2053 fuitipsi
1309 1972 1489 2034 caedis
1523 1969 1952 2042 occasio.Quod
1977 1968 2061 2029 ait
2095 1989 2108 2028 :

468 2056 584 2120 Per
611 2058 798 2139 ipsam
833 2065 1097 2120 mortuus
1140 2061 1335 2121 adhuc
1382 2060 1665 2141 loquitur,
1701 2066 1800 2120 aut
1829 2057 2113 2135 inielligi-

470 2155 567 2209 tur
594 2147 751 2229 quod
802 2147 932 2228 ipsa
978 2147 1172 2210 hostia
1202 2148 1373 2211 fratri
1401 2149 1511 2210 fuit
1560 2148 1799 2210 invidiae
1829 2165 1899 2208 ac
1927 2164 2116 2207 aemu-

469 2236 712 2299 lationis
762 2238 1037 2302 occasio:
1075 2257 1249 2319 porro
1280 2240 1407 2301 hac
1444 2239 1674 2321 peperit
1701 2235 2113 2300 homicidium.

467 2326 585 2389 Aut
611 2326 770 2408 quod
803 2345 909 2409 per
954 2328 1147 2407 ipsam
1206 2328 1489 2408 loquitur,
1527 2327 1760 2390 tametsi
1799 2332 2063 2387 mortuus
2096 2344 2109 2385 :

468 2433 605 2478 nam
635 2416 759 2477 haec
781 2432 957 2478 causa
980 2424 1067 2477 est
1087 2434 1195 2477 cur
1210 2416 1360 2478 Abel
1380 2417 1440 2478 in
1462 2424 1745 2498 perpetua
1774 2416 1849 2475 sit
1880 2431 2112 2475 memo-

468 2503 580 2579 ria,
615 2522 728 2566 nec
775 2523 1034 2586 unquam
1080 2503 1362 2569 oblivioni
1410 2506 1701 2568 tradatur.
1758 2504 1874 2565 Aut
1901 2502 1949 2563 si
1980 2503 2112 2583 quis

478 2592 744 2654 exactius
776 2600 1092 2674 utrumque
1126 2594 1526 2671 consideret,a
1542 2591 1853 2656 communi
1880 2598 2114 2653 senten-

470 2681 553 2745 tia
580 2681 1055 2763 accipiatur.Per
1083 2683 1299 2764 ipsam,
1342 2691 1407 2745 ut
1435 2685 1726 2746 referatur
1758 2690 1818 2744 et
1846 2681 1919 2743 ad
1952 2682 2115 2743 Mor-

470 2779 603 2833 tuus
637 2778 698 2833 et
740 2770 815 2833 ad
838 2774 1155 2854 Loquitur:
1185 2781 1248 2834 ut
1278 2774 1353 2835 sit
1376 2792 1590 2837 sensus
1618 2792 1631 2836 :
1666 2772 1779 2834 Per
1807 2771 1995 2853 ipsam
2025 2768 2117 2830 vel

471 2868 714 2943 propter
760 2860 949 2941 ipsam
995 2861 1251 2923 hostiam
1302 2870 1593 2935 mortuus,
1632 2862 1828 2924 adhuc
1860 2857 2120 2940 loquitur

2197 1878 2318 1956 γῆς.
2382 1880 2477 1952 Τὸ,
2538 1876 2605 1934 δι’
2664 1879 2825 1947 αὐτῆς
2885 1879 3161 1937 ἀποθανὼν
3224 1881 3299 1937 ἔτι
3358 1881 3627 1959 λαλεῒται,
3672 1884 3709 1952 ἢ
3752 1876 3846 1942 γὸτι

2197 1968 2328 2032 αὐτὴ
2399 1967 2434 2034 ἡ
2521 1966 2666 2022 θυσία
2733 1966 2964 2034 κατέστη
3020 1975 3097 2043 τῷ
3165 1967 3374 2050 ἀδελφῷ
3423 1972 3496 2034 είς
3554 1972 3841 2050 βασκανίας

2196 2054 2453 2134 πρόφασιν
2498 2055 2584 2110 καὶ
2638 2054 2846 2134 φθόνου,
2905 2058 2933 2112 ὁ
2993 2054 3048 2112 δὲ
3071 2040 3079 2043 ν
3106 2056 3250 2113 ἔτεκε
3305 2040 3394 2116 τδν
3451 2040 3635 2139 φόνον,
3671 2040 3729 2117 *Π
3759 2061 3844 2117 ὅτι

2198 2139 2266 2197 δι’
2323 2144 2486 2211 αύτῆς
2556 2141 2823 2220 λαλεϊται,
2910 2145 3078 2201 καίτοι
3154 2146 3454 2208 ἀποθανών.
3514 2148 3657 2218 Αὕτη
3742 2151 3843 2230 γὰρ

2199 2231 2414 2310 γέγονεν
2483 2234 2654 2310 αἰτία*
2688 2239 2778 2289 τοῦ
2834 2232 3151 2308 ἀείμνηστον
3206 2238 3294 2291 καὶ
3347 2235 3610 2304 ἆλάθητον
3697 2239 3841 2296 εἶναι

2200 2299 2289 2379 τὸν
2366 2311 2562 2385 ”Αϐελ,
2630 2299 2714 2396 Ἦ,
2790 2321 2843 2378 εἷ’
2908 2299 3022 2386 τιςή
3064 2321 3429 2405 ἀκριϐέστερον
3494 2299 3840 2397 έπιιηιοπήσει

2199 2409 2492 2490 ἀμφότερα,
2524 2410 2630 2467 ἀπὸ
2677 2417 2861 2467 κοινοῦ
2905 2409 3305 2487 λαμϐανομένου
3359 2420 3472 2491 τοῦ,
3524 2413 3605 2471 Δι’
3652 2417 3837 2497 αὐτῆς,

2199 2502 2317 2555 οἷον
2372 2499 2508 2555 κατά
2547 2520 2602 2555 τε
2659 2506 2751 2555 τοῦ
2793 2497 3121 2575 Ἀποθανὼν,
3163 2503 3251 2558 καὶ
3307 2508 3399 2560 τοῦ
3449 2502 3728 2567 Λαλετται.
3761 2538 3843 2550 --

2201 2587 2537 2668 [ΟΙΚΟΥΜ,]
2603 2595 2647 2644 Η
2690 2584 2758 2643 δι’
2801 2588 2961 2656 αὐτῆς
3001 2593 3098 2656 τῆς
3150 2590 3398 2656 πίστεως.
3459 2591 3627 2674 ᾼαλετ
3662 2591 3738 2674 δὲ,
3769 2601 3839 2672 τῇ

2199 2679 2380 2758 φήμῃ,
2411 2682 2478 2753 τῇ
2509 2674 2657 2753 δόξῃ,
2689 2682 2757 2752 τῇ
2789 2678 3005 2754 μνήμῃ.
3041 2711 3110 2723 -
3146 2676 3367 2760 [aut]
3407 2698 3437 2739 (
3484 2670 3612 2738 ’Ἔτι
3646 2670 3837 2739 λαλετέ

2198 2787 2308 2827 ται,
2367 2787 2395 2818 ιι
2454 2762 2801 2841 ’Λείμνηστός
2855 2765 3016 2827 ἐστιν.
3077 2768 3183 2826 Οὐκ
3238 2766 3298 2841 ἐᾷ
3352 2769 3505 2826 αὐτὸν
3562 2772 3597 2838 ἡ
3656 2768 3837 2850 πρᾶξις

2199 2855 2378 2928 αὐτοῦ,
2410 2856 2445 2922 ἦ
2476 2854 2537 2910 ἐκ
2564 2855 2812 2933 πίστεως,
2845 2856 2916 2919 εἰς
2958 2853 3150 2930 λήθην,
3183 2859 3364 2937 φησὶν,
3405 2857 3598 2921 ἐλθεῖν.

472 2941 580 3032 per
617 2949 829 3031 ipsam.
860 2949 976 3011 Aut
1005 2968 1112 3031 per
1141 2950 1333 3031 ipsam
1367 2952 1545 3014 ﬁdem
1579 2970 1595 3028 ;
1628 2951 1888 3031 loquitur
1915 2959 2112 3009 autem
2142 2943 2316 3019 fama,
2352 2941 2558 3032 gloria,
2594 2943 2904 3032 memoria.
2939 2944 3195 3006 «Adhuc
3216 2945 3502 3026 loquitur.
3538 2972 3564 3003 υ
3594 2946 3661 3009 In
3694 2966 3837 3029 per-

471 3031 659 3120 petua
689 3040 978 3102 memoria
1007 3049 1115 3102 est.
1148 3040 1278 3103 Non
1310 3041 1454 3103 sinit
1482 3042 1700 3123 ipsum,
1735 3057 1884 3120 opus
1914 3056 2085 3100 suum
2116 3033 2270 3116 quod
2304 3050 2375 3093 ex
2405 3031 2524 3095 ﬁde
2554 3031 2866 3123 processit,
2895 3034 2954 3095 in
2985 3033 3354 3097 oblivionem
3384 3037 3609 3100 venire.

546 3128 648 3210 XI,
679 3130 800 3193 5-7.
836 3132 957 3193 Per
1008 3131 1190 3211 ﬁdem
1252 3133 1459 3195 Enoch
1507 3119 1630 3211 fuit
1682 3119 2013 3192 translatus
2041 3144 2115 3189 ne

2284 3146 2312 3178 α
2366 3124 2544 3179 Πίστει
2604 3119 2782 3202 Ἐνὼχ
2838 3125 3091 3199 μετετέθη
3148 3136 3241 3185 τοῦ
3295 3128 3372 3203 μὴ
3420 3127 3550 3185 ἰδεῖν
3590 3129 3834 3206 θάνατον,

469 3219 699 3282 videret
727 3226 997 3296 mortem,
1024 3238 1133 3284 nec
1156 3222 1279 3298 fuit
1299 3222 1600 3302 inventus,
1623 3226 1949 3301 propterea
1966 3217 2121 3296 quod

471 3306 869 3371 transtulerat
896 3310 1095 3387 ipsum
1123 3309 1283 3374 Deus
1311 3332 1324 3373 :
1351 3311 1704 3391 priusquam
1732 3308 1892 3370 enim
1909 3313 2121 3368 trans-

466 3396 741 3476 ferretur
795 3400 1200 3460 testz‘mom’um
1249 3407 1551 3461 meruerat
1604 3397 1764 3479 quod
1802 3393 2121 3476 placuisset

468 3485 807 3565 Deo.Atque
846 3490 978 3547 sine
1019 3488 1153 3566 ﬁde
1196 3488 1336 3568 ﬁeri
1385 3506 1507 3551 non
1557 3495 1722 3568 potes
1750 3492 1817 3548 ut
1841 3485 1980 3565 quis
2027 3482 2121 3545 illi

467 3576 725 3656 placeat.
760 3573 920 3637 Nam
947 3578 1053 3654 qui
1077 3577 1300 3640 accedit
1328 3577 1411 3640 ad
1439 3577 1635 3640 Deum
1680 3577 1841 3638 hunc
1871 3573 2120 3636 credere

471 3671 708 3745 oportet
729 3680 856 3731 esse
877 3663 1100 3741 Deum,
1133 3673 1333 3730 etesse
1379 3673 1891 3729 remuneratorem
1949 3680 2117 3743 quae-

468 3752 744 3816 rentibus
774 3770 860 3816 se.
896 3754 1013 3816 Per
1032 3754 1212 3836 ﬁdem
1242 3756 1586 3819 admonitus
1615 3752 1857 3817 oraculo
1886 3751 2009 3814 Noe
2044 3767 2118 3813 ea

468 3857 606 3923 quae
632 3842 910 3904 nondum
945 3842 1309 3908 videbantur
1340 3849 1592 3918 veritus,
1648 3846 1975 3924 apparavit
2008 3857 2115 3901 ar-

467 3946 601 3993 cam
643 3930 728 3991 ad
754 3929 1015 3993 salutem
1043 3934 1257 3996 domus
1287 3952 1432 4007 sum,
1462 3951 1570 4014 per
1600 3949 1782 4013 quam
1827 3930 2110 3991 condem-

468 4018 642 4081 navit
669 4019 965 4082 mundum
999 4042 1013 4081 :
1050 4027 1109 4084 et
1137 4024 1271 4100 ejus
1298 4040 1431 4103 quae
1450 4022 1782 4085 secundum
1809 4019 1990 4099 ﬁdem
2029 4023 2117 4080 est

471 4107 718 4183 iustitia
747 4108 941 4186 factus
969 4118 1059 4171 est
1087 4109 1299 4173 heres.

563 4221 583 4251 ι
616 4194 733 4258 Per
774 4196 955 4259 ﬁdem
1010 4197 1240 4261 Enocb.
1275 4224 1296 4257 ι
1332 4199 1415 4262 Ex
1472 4199 1574 4261 illo
1636 4195 2119 4278 praeﬁgurabatur

2202 3215 2289 3270 καὶ
2344 3216 2446 3292 οὐχ
2500 3213 2785 3291 εδρίσκετο,
2860 3211 2990 3269 διότι
3050 3213 3335 3290 μετέθηκεν
3392 3219 3547 3274 αὐτὸν
3601 3220 3629 3274 ὁ
3685 3218 3839 3281 Θεός.

2201 3303 2310 3382 Πρὸ
2392 3303 2492 3381 γὰρ
2571 3306 2668 3368 τῆς
2754 3302 3080 3375 μεταθέσεως
3182 3306 3358 3377 αὑτοῦ,
3447 3308 3839 3386 μεμαρτύρηται

2203 3390 2611 3472 εὖηρεστηκέναι
2697 3396 2833 3464 Θεῷ.
2924 3395 3094 3470 Χωρὶς
3191 3391 3245 3449 δὲ
3328 3396 3577 3469 πίστεως,
3662 3394 3844 3453 ἀδύνα-

2201 3503 2290 3538 τον
2376 3479 2743 3558 εὐαρεστῆσαι.
2833 3486 3111 3539 Πιστεῡσαι
3195 3484 3294 3565 γὰρ
3377 3484 3461 3542 δεῖ
3541 3488 3629 3542 τὸν
3682 3508 3843 3564 προσ·

2202 3570 2493 3649 ερχόμενον
2562 3575 2639 3642 τῷ
2709 3576 2845 3645 Θεῷ,
2901 3568 2980 3625 ὅτι
3039 3568 3172 3634 ἔστι,
3247 3575 3344 3633 Καὶ
3396 3576 3517 3639 τοῦς
3587 3573 3840 3646 ἐκζητοδ-

2200 3680 2282 3713 σιν
2364 3658 2541 3731 αὐτὸν,
2628 3655 3021 3732 μισθαποδότης
3091 3662 3310 3739 γίνεται.
3386 3664 3561 3719 Πίστει
3615 3685 3842 3743 χρημα-

2198 3748 2388 3834 τισθεξς
2501 3751 2617 3803 Νῶε
2719 3748 2834 3826 περὶ
2934 3754 3039 3804 τῶν
3141 3749 3366 3825 μηδέπω
3475 3750 3838 3834 βλεπομένων,

2199 3832 2500 3901 εὐλαϐηθεὶς
2596 3836 2948 3893 κατεσκεύασε
3053 3836 3297 3902 κιϐωτὸν,
3406 3843 3480 3905 εἷς
3581 3832 3842 3922 σωτηρίαν

2198 3930 2291 3980 τοῦ
2372 3922 2521 3980 οἴκου
2603 3927 2781 3986 αὐτου.
2874 3922 2954 3980 Δι’
3011 3927 3078 3993 ἧς
3133 3928 3404 4009 κατέκρινε
3466 3932 3556 3987 τὸν
3613 3930 3838 4019 κόσμον,

2195 4013 2284 4069 καὶ
2339 4012 2435 4080 τῆς
2519 4013 2655 4071 κατὰ
2722 4013 2897 4072 πίστιν
2965 4013 3300 4086 δικαιοσύνης
3370 4019 3579 4100 ἐγένετο
3635 4012 3840 4100 κληρολ

2199 4100 2381 4176 νόμος,
2422 4124 2450 4156 ι

2284 4211 2312 4244 α
2344 4189 2521 4246 Πίστει
2553 4186 2755 4270 Ἐνώχ.
2791 4213 2819 4245 ιι
2854 4189 2941 4258 Ἐξ
2970 4192 3168 4251 ἐκείνου
3209 4208 3564 4275 προετυποῦτο
3605 4199 3639 4265 ἡ
3698 4197 3839 4254 ἀναί-

475 4284 683 4347 mortis
731 4285 1003 4351 abolitio.
1047 4286 1351 4369 Siquidem
1403 4307 1507 4370 per
1558 4277 1707 4350 Abel
1748 4295 1985 4347 ostensa
2012 4283 2116 4344 fuit

2201 4299 2338 4358 ρεσις
2369 4277 2462 4370 τοῦ
2499 4279 2742 4370 θανάτου.
2802 4282 2899 4337 Διὰ
2942 4283 3040 4359 μὲν
3095 4286 3192 4365 γὰρ
3252 4297 3342 4346 τοῦ
3409 4277 3581 4345 “Ale
3623 4285 3835 4367 ἐδείχθη

474 4372 784 4436 sententiae
805 4367 1196 4451 conﬁrmatio,
1205 4396 1314 4459 per
1330 4367 1535 4440 Enoch
1555 4394 1694 4439 vero
1733 4372 1893 4436 illius
1925 4371 2112 4434 aboli-

2202 4372 2315 4459 ’τῆςΔ
2369 4367 2730 4459 ἀποφάνσεωςΔ
2770 4371 2831 4426 τὸ
2902 4369 3141 4449 βέϐαιον,
3206 4377 3303 4431 Διὰ
3343 4374 3397 4431 δὲ
3445 4384 3539 4433 τοῦ
3571 4377 3770 4457 Ἑνὼχ,
3803 4376 3839 4439 ἢ

477 4461 850 4527 tio.Credidit
878 4471 1074 4527 autem
1105 4455 1308 4529 Enoch
1348 4467 1536 4529 Deum
1593 4482 1724 4527 esse
1754 4459 1982 4544 prmmii
2010 4478 2113 4522 re-

2200 4455 2456 4546 a’tvalpectc
2499 4456 2681 4524 αὖτῆς.
2717 4455 3022 4517 Ἐπίστευσε
3075 4459 3129 4517 δὲ
3186 4463 3389 4546 Ἑνὼχ,
3447 4463 3525 4520 ὅτι
3583 4455 3841 4540 μισθαπο-

479 4560 919 4637 muneratorem
956 4572 970 4614 :
1006 4553 1143 4617 ideo
1166 4558 1338 4617 etiam
1363 4540 1855 4637 placuitzatquein
1885 4556 2113 4610 tantum

2200 4540 2351 4610 δότης
2382 4545 2424 4637 δ
2442 4544 2594 4607 Θεός,
2644 4546 2736 4601 Διὸ
2791 4549 2879 4604 καὶ
2906 4549 3246 4629 εὖηρέστησε,
3310 4540 3406 4611 Καὶ
3447 4554 3693 4611 τοσοῦτον
3745 4554 3841 4609 πί-

475 4636 616 4702 ﬁdei
640 4648 813 4703 erant
862 4660 994 4731 quae
1038 4630 1410 4726 videbantur,
1445 4653 1509 4706 ut
1537 4630 1712 4707 etiam
1753 4637 2113 4731 contrarium

2200 4653 2362 4730 στεως
2393 4630 2565 4731 ἧνῖτὰ
2594 4633 2855 4712 δρώμενα,
2889 4636 2969 4694 ὅτι
3015 4638 3108 4694 καῖ
3161 4642 3222 4696 τὸ
3278 4640 3507 4699 ἐναντίον
3564 4642 3839 4721 παρέθετο.

469 4717 968 4811 appareret.Abel
991 4733 1149 4794 enim
1175 4752 1308 4795 cum
1341 4717 1458 4796 tteo
1480 4726 2116 4815 placuisset,jugulatus

2313 4721 2413 4815 γαρ
2439 4809 2449 4815 ⁸
2476 4717 2649 4777 ⁷Ἀϐελ
2707 4726 3058 4815 εὐαρεστήσας
3117 4736 3254 4803 Θεῷ,
3322 4731 3408 4787 καὶ
3468 4717 3696 4810 ἐσφάγη,
3753 4733 3840 4788 καὶ

475 4826 675 4880 tamen
706 4829 941 4891 est,nec
981 4821 1163 4883 voluit
1217 4820 1377 4885 Deus
1431 4841 1564 4884 cum
1598 4840 1667 4884 eo
1697 4816 2015 4881 connivere
2044 4831 2119 4875 ne

472 4916 854 4983 moreretur;
887 4909 1022 4972 ideo
1060 4928 1166 4991 per
1192 4911 1378 4974 solam
1411 4910 1586 4974 ﬁdem
1618 4907 1822 4970 Enoch
1856 4900 2123 4984 placebat

474 4996 619 5075 Deo,
639 4998 892 5060 credens
922 5017 1053 5062 esse
1075 5001 1365 5064 bonorum
1387 4998 2123 5072 retributionem.Propter

472 5085 650 5150 ﬁdem
676 5085 855 5166 igitur
884 5088 1171 5170 placebat,
1208 5097 1266 5152 et
1291 5090 1425 5172 quia
1488 5087 1760 5172 placebat
1803 5080 2121 5172 translatus

467 5182 587 5237 est.
628 5198 650 5232 ι
684 5173 772 5238 Ne
796 5166 1027 5240 videret
1058 5166 1332 5242 mortem:
1376 5205 1395 5236 ι
1433 5166 1652 5244 Vivens
1682 5175 1842 5239 enim
1872 5166 2116 5232 transla-

467 5271 568 5352 tus
598 5272 707 5337 est,
761 5273 824 5330 et
870 5267 1066 5330 adhuc
1111 5269 1294 5332 vivit:
1331 5288 1507 5352 porro
1557 5268 1655 5330 ubi
1691 5274 1750 5328 et
1793 5257 2113 5352 quomodo,

466 5351 765 5416 incertum
820 5363 929 5419 est.
985 5380 1013 5413 c
1040 5357 1217 5439 Atqui
1246 5350 1377 5421 sine
1398 5358 1516 5421 [ide
1538 5356 1665 5420 ﬁeri
1691 5371 1808 5416 non
1835 5352 2024 5439 potest
2054 5350 2120 5405 ut

468 5440 602 5522 quis
628 5441 714 5505 illi
747 5442 1030 5524 placeat»
1063 5430 1372 5530 Siquidem
1398 5447 1513 5509 nisi
1540 5445 1672 5528 quis
1702 5441 1974 5505 crederet
2002 5430 2117 5492 bo-

467 5547 679 5593 norum
711 5541 771 5594 et
800 5533 1091 5597 mahrum
1125 5536 1254 5598 ﬁeri
1311 5533 1884 5602 remunerationem,
1919 5536 2117 5600 nequa

465 5635 643 5701 quam
690 5620 925 5702 placere
974 5632 1194 5704 posset.
1228 5624 1372 5699 Quis
1402 5624 1563 5688 enim
1594 5640 1703 5704 per
1757 5613 2112 5680 laboriosam

2202 4808 2296 4864 οὒκ
2349 4807 2613 4884 ἐπήμυνεν
2668 4814 2808 4887 αὐτῷ
2851 4816 2879 4870 ὁ
2923 4818 3051 4880 Θεὸς
3108 4820 3239 4897 πρὸς
3280 4821 3341 4876 τὸ
3398 4821 3476 4895 μὴ
3530 4807 3835 4882 ἀποθανεῖν.

2207 4898 2298 4987 Διὸ
2340 4899 2512 4954 πίστει
2570 4898 2708 4976 μόνῃ
2764 4903 2792 4957 ὁ
2841 4903 3024 4985 Ἐνὼχ
3083 4907 3351 4987 εὗηρέστει
3411 4916 3548 4984 Θεῷ,
3582 4911 3837 4967 πιστεύων

2203 4986 2345 5043 εἶναι
2403 4992 2508 5043 τῶν
2574 4988 2783 5066 ἀγαθῶν
2840 4991 3116 5057 ἀντίδοσιν,
3186 4986 3302 5053 νΔιὰ
3354 4998 3440 5054 οὗν
3496 4998 3594 5066 τὴν
3665 4999 3840 5055 πίστιν

2202 5074 2491 5163 εὐηρέστει,
2535 5077 2623 5131 καὶ
2679 5074 2761 5133 διὰ
2803 5080 2902 5147 τὴν
2950 5084 3285 5163 εὐαρέστησιν
3337 5087 3611 5162 μετετέθη,
3666 5109 3689 5144 ι
3738 5095 3839 5147 Τοῦ

2201 5163 2279 5239 μὴ
2311 5162 2438 5255 ἰδεῖν
2468 5164 2723 5255 θάνατον,
2752 5191 2791 5255 7»
2831 5176 2946 5226 Εῶν
2975 5162 3075 5252 γὰρ
3129 5176 3404 5255 μετετέθη,
3464 5180 3551 5234 καὶ
3606 5177 3682 5234 ἔτι
3748 5185 3833 5255 ζῃ.

2200 5259 2306 5308 Ποῦ
2349 5250 2425 5327 δὲ,
2472 5254 2507 5322 ἢ
2536 5257 2675 5328 πῶς,
2709 5254 2923 5324 ἄδηλον.
2964 5250 2997 5315 «ν
3040 5250 3208 5341 Χωρὶς
3252 5262 3306 5320 δὲ
3336 5250 3561 5329 πίστεως
3590 5250 3838 5323 ἀδύνατον

2197 5343 2565 5422 εὐαρεστῆσαι.
2605 5365 2633 5397 ι
2685 5346 2741 5401 Εἰ
2782 5348 2880 5428 γάρ
2922 5372 3001 5415 τις
3070 5354 3147 5429 μὴ
3202 5354 3526 5411 πιστεύσειεν
3582 5353 3836 5412 ἀντίδοσιν

2198 5433 2315 5486 εἷνα
2384 5430 2561 5487 καλῶν
2628 5430 2792 5510 "apwi
2835 5441 2921 5496 καὶ
2976 5448 3176 5517 κακῶν,
3236 5445 3329 5499 οὐκ
3370 5443 3431 5500 ἄν
3487 5447 3833 5523 εὐαρεστήσῃ.

2198 5522 2283 5617 Τίς
2312 5525 2411 5602 γὰρ
2443 5523 2503 5579 ἂν
2545 5523 2644 5617 τὴν
2695 5525 2941 5586 ἐπίπονον
2993 5539 3094 5600 τῆς
3151 5534 3340 5615 ἀρετῆς
3396 5522 3587 5615 ὁδεύσῂ
3639 5536 3833 5617 τρίϐον,

2197 5608 2275 5681 μὴ
2319 5609 2665 5686 πεπεισμένος
2735 5618 2876 5675 εἷναί
2922 5641 3069 5685 τινας
3125 5608 3401 5705 ἀμοιϐὰς;
3466 5647 3491 5681 ι
3554 5608 3834 5683 Πιστεῦσαι
