4180 6212
348 235 470 304 405
1434 246 1828 312 COMMENT.
1874 248 1959 309 IN

2059 246 2242 309 PIST.
2288 249 2390 311 AD
2430 249 2659 311 HEBR.
3602 236 3722 307 406

347 375 450 463 γὰρ
492 372 579 433 δεῖ
623 376 716 433 τὸν
756 377 1187 459 προσερχόμενον
1244 380 1320 456 τῷ
1363 385 1498 456 Θεῷ.
1548 405 1577 437 ι
1633 380 1704 440 Οὔ
1733 385 1783 438 τί
1832 381 1968 438 ἐστὶν

2078 378 2218 440 406
2242 379 2471 443 virtutis
2495 381 2765 444 semitam
2796 382 3163 463 graderetur,
3191 382 3304 445 nisi
3334 380 3447 443 sibi
3477 388 3714 461 persua-

346 461 464 523 οὐδὲ
488 465 587 532 τὴν
644 467 822 524 οὐσίαν
877 469 1337 548 περιεργάσασθαι,
1382 469 1520 527 ἀλλὰ
1576 469 1659 528 δεῖ
1717 478 1974 528 πιστευσαε

2070 486 2199 529 sum
2233 478 2389 531 esset
2420 469 2642 551 aliquid
2664 471 2793 533 fore
2806 461 3356 534 remunerationis?
3385 493 3407 527 α
3437 473 3585 531 Nam
3609 470 3714 549 qui

344 554 511 628 μόνον
554 554 636 611 ὅτι
686 554 820 630 ἔστι,
851 559 937 613 καὶ
967 557 1047 614 ὅτι
1076 558 1358 616 ἀποδίδωσι
1409 563 1593 635 μισθὸν
1646 573 1766 625 τοῖς
1823 561 1974 631 ἐκζη-

2069 556 2295 619 accedit
2343 558 2414 620 ad
2463 558 2673 633 Deum,
2728 561 2885 622 hunc
2932 562 3183 623 credere
3242 566 3496 641 Oportet.
3530 583 3553 613 ››
3582 559 3713 620 Non

339 650 518 699 τοῦσιν
561 646 738 703 αὐτόν.
777 669 805 700 α
854 648 1028 703 Πίστει
1072 653 1453 728 χρηματισθεὶς
1498 655 1635 707 Νῶε.
1683 673 1710 703 n
1768 652 1863 725 Τὸ,
1894 649 1974 705 πί-

2068 645 2208 725 quid
2232 646 2328 718 sit,
2350 666 2544 728 neque
2573 648 2891 711 essentiam
2919 649 3152 711 curiose
3176 647 3562 728 scrutari,sed
3578 656 3713 707 tan-

337 754 473 796 στει,
512 741 609 809 τῷ,
645 734 973 816 εὒλαϐηθεὶς,
1025 737 1292 813 σύνταξον,
1352 740 1445 794 ἵνα
1484 738 1521 815 ᾗ
1572 741 1735 804 οὕτως
1761 756 1775 774 ⁶
1837 746 1974 818 Χρη-

2072 744 2194 795 tum
2224 735 2471 798 credere
2502 744 2729 817 oportet
2773 738 2927 819 quod
2960 738 3057 811 sit,
3117 747 3176 800 et
3225 737 3381 817 quod
3439 735 3716 816 rependit

340 826 608 896 ματισθεὶς
693 831 810 882 Νῶε
892 829 1008 904 περὶ
1108 834 1213 884 τῶν
1317 826 1539 904 μηδέπω
1620 827 1974 904 βλεπομένων1

2070 824 2405 885 mercedem
2439 825 2838 906 quaerentibus
2869 846 2993 888 se.«
3031 826 3143 888 Per
3168 827 3342 888 ﬁdem
3374 826 3714 887 admonitus

339 912 513 967 πίστει
599 911 898 980 εὖλαςηθεὶς
982 916 1330 972 κατεσκεύασε
1415 913 1663 973 κιϐωτὸν.
1751 918 1974 978 Πίστεως

2067 909 2213 973 Noe.
2248 937 2272 965 ι)
2302 915 2416 975 Per
2450 914 2624 975 ﬁdem
2657 914 2911 994 adjunge
2935 915 2991 977 ei
3016 915 3171 995 quod
3198 915 3498 995 sequitur:
3530 912 3705 974 Veri-

339 1001 443 1079 γᾶρ
498 1001 563 1068 ἧν
619 1004 681 1058 τὸ
737 1003 1032 1061 ἀκούσαντα
1100 1005 1178 1061 ὅτι
1233 1005 1377 1062 ἔσται
1443 1005 1834 1079 κατακλυσμὸς,
1894 1008 1974 1062 εὖ-

2069 1008 2183 1071 tus,
2218 1008 2279 1059 ut
2309 1001 2382 1061 sit
2416 1003 2510 1063 hic
2529 1022 2739 1064 sensus
2768 1024 2780 1063 :
2819 1004 3174 1067 Admonitus
3204 1004 3442 1068 oraculo
3461 1000 3607 1074 Noe,
3643 1021 3711 1063 ea

339 1087 638 1159 λαϐηθῆναι
680 1093 767 1148 καὶ
795 1096 1111 1163 πτοηθῖψαι.
1154 1117 1176 1149 α
1212 1095 1614 1174 Χρηματισθείς.
1658 1119 1680 1148 ι)
1730 1094 1974 1156 Ἀκούσας

2070 1107 2197 1169 qua;
2225 1090 2482 1150 nondum
2516 1091 2864 1152 videbantur
2910 1111 3013 1169 per
3042 1093 3219 1153 ﬁdem
3248 1092 3488 1165 veritus,
3524 1109 3708 1170 appa-

336 1180 442 1235 ὑπὸ
471 1187 565 1236 τοῦ
594 1188 746 1241 Θεοῦ.
796 1180 1064 1263 Ἀλλαχοῦ
1105 1207 1288 1262 φησιν,
1348 1180 1445 1241 Ἦν
1501 1188 1642 1259 αὒτῷ
1696 1206 1974 1263 κεχρημα-

2068 1177 2219 1237 ravit
2247 1197 2463 1240 arcam.
2483 1179 2646 1241 Fidei
2684 1200 2938 1262 namque
2958 1188 3084 1243 erat
3107 1181 3260 1261 quod
3283 1180 3530 1241 audiens
3559 1179 3707 1240 futu-

335 1272 586 1354 τισμέςδςιν
668 1273 768 1328 ὑπὸ
848 1280 939 1329 τοῦ
1025 1276 1346 1349 Πνεύματος,
1437 1265 1589 1354 Ὀρᾷς
1672 1273 1974 1353 ἶσοτιμίανς

2069 1286 2198 1329 rum
2232 1268 2517 1329 diluvium
2552 1278 2873 1344 vereretur,
2902 1281 2960 1333 et
2993 1284 3205 1351 paVore
3224 1277 3713 1331 consternaretur

340 1344 565 1436 υΩσπερ
608 1361 636 1414 ὁ
668 1360 850 1437 Πατὴρ
889 1368 1020 1441 χρᾷ,
1067 1344 1203 1418 οὕτω
1229 1364 1316 1419 καὶ
1349 1364 1408 1419 τὸ
1464 1344 1677 1437 Πνεῦμα
1703 1362 1764 1416 τὸ
1806 1344 1974 1439 αἰίιονί

2076 1382 2098 1411 ιι
2137 1357 2485 1418 Admonitus
2515 1359 2812 1419 oraculo.»
2842 1360 2963 1421 Aoc
2993 1344 3103 1434 est,
3133 1378 3264 1420 cum
3292 1377 3326 1419 a
3355 1358 3476 1419 Deo
3508 1357 3708 1418 audis-

341 1468 365 1499 σ
410 1448 531 1525 Περὶ
558 1454 664 1504 τῶν
700 1448 921 1515 μηδέπω
970 1450 1329 1527 βλεπομένων.
1375 1477 1397 1502 ο
1457 1450 1561 1509 Τοῦ
1614 1449 1974 1524 κατακλυσμοῐ

2070 1445 2341 1508 set.Alibi
2368 1445 2991 1526 diciturzﬂesponsum
3011 1447 3471 1528 acceperat,sive
3502 1445 3709 1506 admo—

332 1558 522 1614 φησιν.
563 1560 592 1589 α
640 1535 723 1592 Δι’
751 1540 820 1604 ἧς
848 1540 1119 1616 κατέκρινε
1147 1542 1237 1596 τὸν
1264 1540 1486 1615 κόσμον.
1527 1558 1554 1598 )
1612 1528 1851 1604 ’Ἐδειξεν
1882 1544 1974 1597 αὒ-

2064 1534 2222 1594 nitus
2280 1546 2403 1596 erat
2456 1554 2489 1596 a
2537 1533 2759 1615 Spiritu
2820 1544 3023 1598 sancto
3079 1537 3186 1596 57°.
3223 1537 3403 1597 Vides
3464 1534 3709 1596 honoris

332 1626 455 1689 τοὺς
499 1623 668 1691 ἀξίους
699 1626 853 1691 ὄντας
882 1627 1173 1709 κολάσεως,
1234 1628 1315 1686 ὅτι
1371 1627 1528 1705 μηδὲ,
1588 1636 1974 1699 κατασκευαζο-

2064 1624 2453 1703 aequalitatem
2474 1624 2504 1685 ἶ)
2533 1624 3047 1696 Quemadmodum
3082 1629 3253 1689 Pater
3285 1624 3525 1687 oraculo
3577 1642 3708 1685 res-

1387 1718 1692 1773 ἐπίστευσαν
1776 1715 1974 1772 ἔσεσθαι

2066 1714 2307 1791 pendet,
2331 1714 2504 1785 ita,et
2527 1714 2781 1793 Spiritus
2810 1722 3068 1778 sanctus.
3107 1739 3132 1769 α
3157 1715 3239 1776 Ea
3264 1734 3395 1795 qua;
3442 1714 3709 1774 nundum

335 1712 505 1786 μένην
589 1718 812 1792 ὁρῶντες
898 1718 995 1785 τὴν
1051 1715 1297 1789 κιϐωτὸν,

333 1802 729 1879 κατακλυσμόν,
793 1827 816 1860 α
858 1808 954 1864 Καὶ
992 1812 1089 1872 τῆς
1132 1808 1267 1862 κατὰ
1322 1806 1495 1863 πίστιν
1551 1804 1911 1871 δικαιοσύνης.
1950 1829 1974 1857 ιι
2007 1787 2041 1834 Β

332 1889 436 1955 Ti:
493 1889 577 1947 διὰ
632 1893 857 1957 πίστεως
917 1894 1199 1961 συστάσης.
1276 1894 1485 1962 Ἐκείνη
1542 1895 1642 1973 γὰρ
1719 1892 1875 1948 αὗτὸν
1944 1893 1979 1959 ἡ

332 1978 508 2045 πίστις
538 1979 863 2062 ἐδικαίωσεν,
894 1982 959 2049 ἣν
989 1982 1257 2038 ἐπίστευσε
1284 1989 1360 2058 τῷ
1390 1990 1525 2058 Θεῷ.

2064 1800 2474 1864 videbantur.»
2504 1802 2803 1864 Diluvium
2837 1803 3001 1863 dicit.
3037 1806 3187 1866 «Per
3216 1823 3391 1884 quam
3420 1800 3709 1864 condem-

2064 1889 2219 1950 navit
2275 1891 2645 1954 mundum.»
2715 1889 2985 1953 Ostendit
3044 1891 3203 1972 ipsos
3262 1892 3444 1952 fuisse
3496 1889 3705 1969 dignos

2064 1979 2379 2059 supplicio,
2440 1980 2597 2060 quod
2658 1998 2851 2059 neque
2905 1980 3206 2044 intuentes
3257 1979 3451 2059 parari
3486 1997 3705 2054 arcam,

332 2066 715 2129 crediderant
744 2069 873 2132 fore
934 2069 1248 2133 diluvium.
1289 2095 1313 2126 «
1366 2072 1442 2133 Et
1470 2072 1600 2152 ejus
1626 2088 1757 2150 quae
1792 2064 2115 2130 secundum
2160 2068 2337 2130 ﬁdem
2373 2077 2461 2131 est
2486 2068 2748 2149 justitiae.
2785 2068 2923 2140 Quae
2953 2088 3059 2149 per
3086 2068 3262 2130 ﬁdem
3295 2066 3704 2128 constituitur.

325 2152 474 2217 Nam
507 2157 608 2219 illa
635 2159 785 2221 ﬁdes
815 2178 951 2222 eum
971 2159 1317 2241 justiﬁcavit
1346 2180 1460 2243 qua
1488 2159 1741 2223 credidit
1768 2158 1912 2221 Deo.

414 2268 443 2304 α
497 2250 676 2305 Πίστει
730 2248 1054 2326 καλούμενος
1123 2249 1386 2328 Ἀϐραὰμ,
1472 2253 1770 2322 ὑπήκουσεν
1838 2245 1976 2312 ἐξελ-

324 2340 439 2392 θεῖν
512 2339 584 2401 είς
647 2340 737 2395 τὸν
828 2340 1012 2413 τύπον,
1110 2342 1166 2397 ὃν
1257 2338 1457 2416 ἤμελλε
1545 2338 1830 2415 λαμϐάνειν
1901 2338 1973 2399 εἷς

325 2425 705 2507 κληρονομίαν.
793 2430 893 2487 Καὶ
991 2429 1174 2497 ἐξῆλθε
1282 2431 1359 2506 μὴ
1441 2429 1789 2505 ἐπιστάμενος
1873 2435 1974 2484 ποῦ

327 2514 564 2595 ἔρχεται,
653 2519 829 2574 Πίστει
912 2520 1229 2597 παρῴκησεν
1285 2522 1355 2587 εἰς
1425 2525 1526 2599 γῆν
1586 2520 1684 2585 τῆς
1733 2516 1971 2594 ἐπαγγε-

328 2602 442 2667 λίας
556 2607 630 2667 ὡς
735 2605 1034 2687 ἂλλοτρίαν,
1150 2608 1204 2665 ἐν
1314 2621 1541 2677 σκηναῖς
1652 2606 1976 2675 κατοικήσας

334 2693 471 2767 μετὰ.
522 2691 706 2751 Ἰσαὰκ
777 2699 863 2752 καὶ
937 2696 1132 2754 Ἰακὼϐ
1206 2700 1311 2755 τῶν
1382 2696 1826 2777 συγκληρονόμων
1877 2699 1974 2761 τῆς

329 2779 646 2860 ἐπαγγελίας
688 2789 785 2850 τῆς
826 2789 1013 2853 αὖτῆς.
1065 2783 1370 2866 Ἐξεδέχετο
1399 2788 1501 2865 γὰρ
1536 2788 1635 2853 τὴν
1663 2786 1783 2850 τοὺς
1811 2787 1974 2859 θεμε-

327 2868 468 2933 λίους
522 2871 752 2951 ἔχουσαν
781 2873 959 2948 πόλιν,
1004 2877 1072 2943 ἧς
1128 2879 1376 2956 τεχνίτης
1434 2876 1523 2932 καὶ
1576 2875 1889 2953 δημιουργὸς
1948 2874 1975 2928 ὁ

326 2960 476 3025 Θεός.
536 2961 715 3017 Πίστει
758 2963 846 3019 καὶ
886 2964 1019 3031 αὕτη
1077 2965 1249 3043 Σάῥρα
1293 2962 1510 3039 δύναμιν
1555 2966 1626 3027 είς
1675 2962 1975 3029 καταϐολὴν

323 3048 626 3126 σπέρματος
656 3048 833 3125 ἔλαϐε,
868 3055 955 3109 καὶ
985 3054 1124 3131 παρὰ
1180 3055 1360 3132 καιρὸν
1388 3052 1597 3122 ἡλικίας
1628 3051 1826 3122 ἔτεκεν,
1856 3051 1972 3106 ἐπεὶ

323 3138 510 3194 πιστὸν
566 3140 814 3217 ἡγήσατο
884 3143 972 3198 τὸν
1031 3141 1505 3220 ἐπαγγειλάμενον.
1574 3143 1666 3198 Διὸ
1736 3142 1823 3197 καὶ
1881 3137 1970 3218 ἀφ’

321 3227 439 3289 ἑνὸς
525 3227 903 3310 ἐγεννήθησαν²

988 3232 1075 3287 καὶ
1116 3250 1122 3257 ’
1158 3240 1321 3290 ταῦτα
1377 3231 1729 3310 νεκρωμένου,
1801 3229 1972 3290 καθὼς

2138 2245 2235 2320 XI,
2272 2246 2569 2310 8-12.1’er
2594 2246 2772 2327 ﬁdem
2804 2253 3047 2311 vocatus
3076 2248 3387 2310 Abraham
3412 2247 3704 2325 obedivit,

2056 2341 2123 2397 ‘ut
2151 2337 2343 2397 exiret
2374 2341 2440 2397 in
2471 2335 2661 2397 locum
2694 2353 2864 2415 quem
2896 2345 3248 2416 accepturus
3277 2343 3410 2427 erat
3440 2338 3506 2398 in
3523 2336 3711 2398 haere-

2056 2425 2308 2488 ditatem
2338 2446 2349 2485 :
2377 2431 2434 2487 et
2483 2428 2674 2489 exivit
2734 2428 3007 2489 nesciens
3059 2445 3176 2507 quo
3221 2425 3368 2491 esset
3395 2433 3708 2489 ventur-us.

2061 2516 2177 2575 Per
2228 2515 2399 2580 ﬁdem
2444 2516 2866 2595 commigravit
2897 2517 2963 2577 in
3001 2523 3228 2578 terram
3287 2516 3712 2595 promissionis

2061 2601 2243 2665 veluti
2270 2605 2677 2683 peregrinam,
2700 2621 2835 2665 eum
2866 2605 2928 2666 in
2953 2604 3363 2667 tabernaculis
3383 2604 3712 2666 habitasset

2059 2692 2401 2769 cumﬁlsaac
2430 2700 2483 2754 et
2512 2692 2715 2768 Jacob,
2752 2694 3157 2756 cohwredibue
3177 2694 3439 2773 ejusdem
3462 2695 3712 2771 promis-

2058 2783 2270 2844 sionis.
2305 2781 2722 2861 Exspectabat
2762 2785 2920 2844 enim
2950 2782 3271 2845 habentem
3301 2782 3710 2861 fundamenta

2059 2871 2389 2943 civitatem,
2425 2871 2598 2946 cuius
2627 2871 2833 2950 epifex
2851 2878 2907 2933 et
2935 2872 3209 2933 conditor
3237 2878 3325 2933 est
3372 2871 3551 2932 Deus.
3594 2872 3715 2932 Per

2059 2960 2242 3040 ﬁdem
2273 2964 2330 3021 et
2359 2960 2492 3038 ipsa
2524 2959 2680 3022 Sara
2744 2961 2869 3021 vim
2921 2960 3001 3021 ad
3032 2961 3482 3040 concipiendum
3511 2977 3581 3022 ac
3610 2977 3707 3021 re-

2057 3048 2374 3110 tinendum
2419 3066 2617 3110 semen
2647 3048 2897 3129 accepit,
2932 3054 2990 3110 et
3012 3056 3240 3128 praeter
3267 3054 3465 3111 aetatis
3513 3051 3709 3111 ralia-

2056 3155 2191 3200 nem
2216 3139 2477 3218 peperit,
2529 3138 2691 3216 quod
2706 3137 3260 3216 ﬁdelemindicaret
3293 3156 3428 3199 eum
3455 3144 3558 3215 qui
3566 3156 3709 3219 pro-

2061 3233 2330 3288 miserat.
2370 3225 2746 3305 Quapropter
2774 3234 2833 3287 et
2861 3244 2938 3288 ea:
2979 3244 3101 3288 uno
3147 3228 3283 3288 nati
3322 3233 3480 3303 sunt,
3534 3244 3712 3305 eoque

426 3287 434 3289 _
566 3287 577 3306 ,
700 3287 711 3299 ,
768 3287 779 3295 ,
887 3287 903 3310 ⁷
1233 3287 1246 3290 -
1470 3287 1484 3310 ς
1549 3287 1559 3306 ι
1713 3287 1729 3305 ,
1960 3287 1969 3290 ,

320 3316 387 3371 τὰ
472 3314 638 3396 ἄστρα
720 3326 811 3374 τοῦ
920 3323 1138 3399 οὖρανοῦ
1180 3334 1191 3343 '
1238 3327 1314 3393 τῷ
1414 3320 1628 3393 πλήθει,
1732 3320 1805 3382 ὡς
1890 3309 1974 3374 καὶ

2059 3316 2183 3393 iam
2213 3287 2423 3395 σποδῶ,
2459 3287 2629 3375 tanta
2651 3287 2922 3377 numero
2947 3322 3177 3394 quanto
3204 3287 3348 3377 sunt
3372 3287 3710 3377 steilwir'te-r-

320 3407 358 3473 ἦ
389 3404 570 3482 ἅμμος
598 3408 633 3475 ἦ
706 3409 849 3487 παρὰ
897 3410 959 3465 τὸ
1015 3408 1208 3489 χεῖλος
1265 3415 1365 3476 τῆς
1405 3408 1674 3476 θαλάσσης
1704 3410 1738 3477 ἡ
1768 3408 1974 3487 ἀναρίθ-

325 3516 525 3569 μητος.
557 3516 591 3553 ι

412 3604 442 3643 ς
479 3586 653 3641 Πίστει
686 3584 1009 3662 καλούμενος
1042 3585 1306 3667 Ἀϐραάμ.
1339 3612 1367 3643 ι
1418 3590 1490 3647 Οὐ
1531 3589 1629 3667 γὰρ
1691 3588 1752 3643 ἂν
1809 3589 1975 3666 ὑπερ-

314 3676 563 3747 ήκουσεν,
625 3677 668 3731 εἰ
716 3676 793 3751 μὴ
846 3676 1149 3733 ἐπίστευσεν
1209 3677 1483 3746 ἀληθεύειν
1544 3679 1635 3733 τὸν
1688 3678 1839 3749 Θεὸν,
1901 3678 1973 3741 είς

320 3765 386 3820 τὸ
415 3777 692 3843 παροικεῖν
744 3766 844 3833 τὴν
906 3767 1009 3845 γῆν
1053 3765 1277 3833 ἐκείνην.
1333 3769 1429 3825 Καὶ
1489 3768 1615 3823 αὔτὸ
1646 3764 1700 3822 δὲ
1731 3768 1792 3824 τὸ
1822 3763 1971 3831 ἐξελ-

318 3856 435 3909 θεῖν
505 3852 732 3917 πίστεως
789 3856 881 3921 ἦν,
965 3862 1097 3913 Θεοῦ
1177 3857 1278 3935 γὰρ
1335 3854 1625 3918 καλοῦντος
1679 3856 1969 3928 ὑπήκουσε,

320 3942 608 4006 πιστεύσας
637 3942 718 3999 ὅτι
769 3942 855 4000 ἐπ’
903 3945 1084 4022 ἀγειθῷ
1140 3944 1316 4004 καλεῖ.
1387 3967 1415 3999 α
1474 3946 1564 4012 Μὴ
1622 3944 1969 4018 ἐπιστάμενος

315 4038 424 4086 ποῦ
467 4029 707 4110 ἔρχεται.
742 4055 769 4087 n
809 4034 906 4091 Καὶ
953 4034 1015 4089 τὸ
1062 4040 1254 4110 μεῖζον
1310 4038 1410 4103 τῆς
1454 4034 1710 4114 πίστεως,
1740 4033 1824 4089 ὅτι
1857 4030 1973 4091 οὔδε

318 4118 579 4185 ἠπίστατο
606 4129 700 4179 τοῦ
726 4119 1003 4202 καλεῖται,
1071 4142 1095 4176 α
1149 4124 1326 4179 Πίστει
1371 4123 1694 4202 παρῴκησεν
1753 4125 1825 4186 εἷς
1872 4127 1974 4199 γῆν

314 4212 419 4274 τῆς
448 4206 788 4288 ἐπαγγελίας.
828 4232 850 4265 ι
890 4199 1037 4290 ιὈρα
1066 4211 1116 4267 τί
1168 4234 1328 4292 φησιν
1359 4228 1375 4245 ’
1452 4199 1541 4270 Εἷς
1599 4213 1698 4280 τὴν
1756 4216 1860 4290 γῆν
1908 4211 1974 4277 ἦν

314 4296 677 4375 ἐπηγγείλατο
704 4300 733 4354 ὁ
776 4301 928 4378 Θεὸς,
959 4298 1136 4377 λέγων
1172 4316 1185 4330 ⁸
1224 4302 1315 4357 Σοὶ
1344 4299 1498 4358 δώσω
1540 4302 1706 4369 αὗτὴν
1757 4302 1843 4356 καὶ
1898 4305 1974 4373 τῷ

322 4386 583 4465 σπέρματί
642 4409 756 4462 σου,
814 4389 1046 4462 κατῴκει
1110 4390 1184 4453 ὡς
1239 4390 1294 4445 ἐν
1364 4389 1634 4471 ἆλλοσρίᾳ,
1692 4392 1779 4471 καὶ
1835 4392 1971 4469 ὁρῶν

2063 3404 2129 3478 li,
2159 3411 2216 3466 et
2239 3403 2400 3465 velut
2439 3419 2628 3465 arena
2652 3419 2785 3481 quae
2814 3409 2900 3465 est
2914 3406 3107 3480 juxta
3140 3409 3482 3482 marginem
3514 3406 3710 3466 maris

2062 3491 2546 3555 innumerabilis.

2145 3584 2294 3643 «Per
2324 3580 2503 3642 ﬁdem
2536 3588 2771 3642 vocatus
2803 3580 3126 3642 Abraham.
3178 3582 3310 3643 Non
3366 3579 3526 3643 enim
3559 3581 3708 3644 obe-

2060 3669 2267 3751 disset,
2300 3668 2420 3731 nisi
2453 3668 2807 3731 credidisset
2866 3687 3004 3731 vera
3052 3670 3255 3732 dicere
3302 3668 3515 3744 Deum,
3551 3672 3708 3752 quod

2059 3757 2219 3820 illam
2276 3759 2520 3820 daturus
2569 3766 2726 3821 esset
2770 3766 3014 3822 terram.
3047 3759 3119 3821 Et
3151 3760 3263 3821 hoc
3322 3759 3516 3839 ipsum
3550 3761 3709 3840 quod

2058 3846 2296 3920 exierit,
2328 3848 2464 3909 ﬁdei
2499 3854 2648 3909 erat.
2682 3846 2803 3908 Deo
2840 3865 3096 3928 namque
3128 3855 3378 3909 vocante
3424 3848 3708 3929 obedivit,

2059 3936 2313 3998 credens
2345 3936 2501 4017 quod
2542 3944 2786 4017 propter
2807 3935 3028 3997 bonum
3060 3945 3318 4000 vocaret.
3358 3960 3385 3991 α
3424 3936 3709 4000 Nesciens

2058 4044 2172 4106 quo
2227 4034 2385 4088 esset
2441 4034 2746 4088 venturus.
2788 4047 2807 4079 ι
2845 4025 2918 4086 Et
2949 4025 3059 4086 hoc
3110 4026 3354 4106 majoris
3402 4027 3540 4087 406
3582 4034 3708 4089 erat

2061 4113 2220 4195 ﬁdei,
2255 4116 2411 4193 quod
2460 4113 2901 4194 obtemperaret
2959 4133 3315 4197 quocunque
3365 4129 3698 4179 vocaretur.

2064 4203 2212 4265 «Per
2243 4203 2423 4265 ﬁdem
2454 4202 2861 4283 commigravit
2892 4203 2951 4264 in
2984 4216 3201 4267 terram
3221 4206 3697 4286 promissionis.»

2057 4292 2383 4355 Considera
2414 4290 2553 4372 quid
2592 4291 2751 4353 dicat
2774 4313 2787 4353 :
2808 4295 2874 4355 In
2897 4302 3113 4355 terram
3133 4314 3307 4375 quam
3351 4295 3707 4374 promiserat

2057 4381 2234 4454 Deus,
2284 4380 2533 4442 dicens:
2572 4379 2706 4442 Tibi
2750 4380 2901 4443 daho
2961 4382 3149 4464 ipsam
3202 4392 3261 4446 et
3306 4383 3520 4444 semini
3599 4392 3697 4444 tuo

319 4475 401 4550 μὴ
461 4472 796 4534 ἐκϐαίνουσαν
849 4480 944 4533 τοῦ
1006 4485 1136 4535 Θεοῦ
1193 4480 1291 4545 τὴν
1349 4470 1689 4559 ἐπαγγελίαν.
1756 4470 1813 4537 Ὀ
1872 4479 1968 4553 μὲν

2059 4478 2451 4534 commoratus
2500 4478 2591 4532 est
2643 4478 2917 4552 tanquam
2946 4472 3007 4533 in
3038 4472 3251 4538 aliena.
3290 4472 3464 4533 etiam
3494 4471 3700 4532 videns

319 4564 424 4643 γὰρ
456 4566 585 4627 Θεὸς
643 4567 845 4645 εἰρήκει
898 4564 1076 4623 δοῦναι
1135 4568 1320 4635 αὐτὴν,
1394 4570 1557 4632 Αὐτὸς
1617 4566 1702 4649 δὲ,
1729 4569 1801 4631 ὡς
1833 4569 1979 4637 πάρ-

321 4675 494 4725 οικος,
539 4653 594 4709 ἐν
639 4660 711 4732 γῇ
764 4652 884 4732 ξένη
941 4653 1091 4730 ᾤκει,
1166 4658 1253 4712 καὶ
1327 4655 1444 4714 οὒδὲ
1501 4655 1667 4720 οὕτως
1719 4657 1979 4725 ἠσθένησε

318 4749 390 4820 τῇ
419 4744 615 4823 πίστει,
659 4742 796 4800 ἀλλὰ
826 4745 914 4799 καὶ
963 4754 1129 4804 ταῦτα
1187 4746 1319 4819 μετὰ
1374 4750 1480 4802 τῶν
1536 4745 1767 4825 ἐκγόνων
1826 4747 1981 4802 οἰκῶν

320 4833 395 4894 εἷς
457 4832 623 4899 αὒτὴν
678 4834 750 4897 ὡς
818 4831 1121 4910 ἀλλοτρίαν,
1177 4832 1325 4909 ὅμως
1383 4833 1461 4892 ἔτι
1516 4834 1781 4891 ἐπίστευεν
1839 4836 1980 4911 αὒτῴ

317 4923 406 4978 καὶ
460 4929 537 4996 τῷ
594 4921 856 5000 σπέρματι
916 4923 1075 4981 αὗτοῦ
1150 4920 1456 4994 δοθήσεσθαι
1526 4924 1711 4994 αὐτήν.
1800 4947 1824 4976 ιι
1888 4921 1979 4981 Ἐν

318 5024 548 5078 σκηναῖς
579 5012 926 5081 κατοικήσας.
966 5034 993 5065 ι
1043 5013 1115 5069 Τὸ
1146 5013 1245 5092 γὰρ
1301 5014 1502 5080 σκηνὰς
1559 5013 1842 5084 πήξασθαι,
1892 5012 1977 5079 ξέ-

322 5122 427 5155 νων
458 5100 567 5156 ἐστὶ
596 5102 682 5156 καὶ
713 5098 1000 5179 ἀλλοτρίων
1047 5106 1144 5166 τῆς
1177 5106 1302 5179 γῆς.
1371 5126 1398 5157 α
1458 5103 1603 5159 Μετὰ
1657 5101 1836 5159 Ἰσαὰκ
1891 5111 1977 5165 καὶ

322 5185 535 5247 Ἰακώϐ.
584 5190 683 5246 Καὶ
723 5189 920 5245 τούτων
963 5188 1136 5245 πίστιν
1193 5187 1468 5270 δείκνυσιν,
1543 5190 1623 5248 ὅτι
1686 5194 1774 5247 καὶ
1833 5190 1976 5251 αὖτοὶ

322 5276 746 5356 συγκληρονόμοι
802 5278 972 5357 ὄντες,
1021 5279 1094 5342 ὡς
1170 5276 1304 5344 ξένοι
1347 5279 1518 5354 ᾤκουν
1574 5282 1647 5346 εἷς
1718 5282 1815 5347 τὴν
1872 5285 1973 5358 γῆν

324 5363 550 5433 ἐκείνην.
628 5368 725 5424 Καὶ
794 5369 823 5423 ὁ
881 5366 979 5440 μὲν
1050 5364 1253 5449 Ἰσαὰκ,
1314 5367 1656 5446 ἐλαυνόμενος
1725 5370 1825 5426 ὑπὸ
1882 5374 1975 5425 τοῦ

398 5533 485 5585 57'
519 5534 666 5597 Luc.
694 5551 757 5610 ιι,
789 5534 893 5595 26.

2062 4582 2180 4623 non
2212 4561 2558 4640 contingere
2589 4561 2694 4623 Dei
2714 4560 3507 4642 promissionem.Siquidem
3528 4559 3700 4621 dixe-

2061 4660 2154 4713 rat
2186 4650 2342 4712 Deus
2371 4650 2708 4711 sedaturum
2742 4650 2951 4730 ipsam,
2980 4650 3109 4730 ipse
3137 4659 3335 4713 tamen
3381 4649 3561 4710 veluti
3590 4650 3699 4710 ad-

2062 4758 2212 4801 vena
2248 4739 2303 4799 in
2337 4747 2497 4801 terra
2539 4739 2855 4819 peregrina
2894 4739 3225 4801 habitabat:
3265 4746 3320 4801 et
3350 4757 3426 4801 ne
3456 4738 3536 4799 ita
3563 4738 3698 4817 qui-

2063 4831 2197 4893 dem
2234 4828 2525 4891 inﬁrmior
2554 4828 2612 4889 in
2651 4828 2768 4891 ﬁde
2796 4828 2983 4890 factus
3014 4836 3145 4892 est:
3181 4827 3284 4890 sed
3334 4828 3473 4889 licet
3520 4826 3698 4888 etiam

2061 4939 2195 4984 cum
2240 4917 2555 4999 nepotibus
2605 4918 2665 4977 in
2719 4935 2789 4978 ea
2834 4917 3123 4980 habitaret
3171 4927 3447 4999 tanquam
3479 4916 3695 4998 aliena,

2061 5011 2479 5071 adhuctamen
2528 5006 2808 5068 credebat
2862 5006 2976 5068 sibi
3027 5015 3086 5068 et
3132 5006 3347 5068 semini
3372 5025 3477 5067 suo
3507 5005 3697 5085 ipsam

2059 5098 2311 5159 dandam
2349 5112 2500 5157 esse.
2534 5119 2554 5146 «
2594 5095 2735 5157 Cum
2775 5095 2832 5157 in
2865 5095 3259 5158 tabernaculis
3281 5095 3624 5157 habitasset.
3662 5116 3692 5154 ι

2060 5184 2365 5267 Siquidem
2400 5182 2777 5245 tabernacula
2808 5184 3007 5263 ﬁgere,
3049 5184 3498 5265 peregrinorum
3525 5190 3612 5244 est
3642 5192 3701 5245 et

2056 5273 2523 5353 alienigenarum
2574 5271 2636 5333 in
2693 5281 2913 5335 terra:
2964 5272 3106 5335 Cum
3144 5274 3307 5337 Isaac
3335 5281 3395 5336 et
3417 5272 3598 5336 Jacob
3664 5298 3691 5329 »

2058 5362 2243 5427 Etiam
2301 5363 2513 5423 horum
2586 5361 2763 5425 ﬁdem
2839 5361 3097 5425 ostendit
3157 5362 3315 5445 quod
3393 5382 3527 5426 cum
3587 5362 3702 5444 ipsi
