4180 6212
472 360 589 427 407

1606 361 2019 429 (ECUMENII
2063 364 2358 428 TRIGCIE
2398 363 2735 431 EPISGOPI

3731 363 3850 431 408

468 497 744 563 haeredes
765 506 963 562 essent
990 507 1163 563 terrm
1179 497 1612 580 promissionis,
1628 505 1905 578 tanquam
1926 515 2106 577 pere-

2198 495 2438 570 Ἰσμαὴλ,
2471 502 2498 555 6
2528 497 2580 555 δὲ
2631 498 2826 558 Ἰακὼϐ
2865 498 3283 581 φυγαδευόμενος
3332 502 3433 559 ὑπὸ
3501 508 3593 560 τοῦ
3651 491 3843 564 Ἠσαῦ.

476 590 632 670 grini
661 588 1001 652 habitabant
1030 589 1092 651 in
1117 590 1241 652 illa.
1285 589 1357 650 Et
1386 590 1547 651 Isaac
1590 586 1831 668 quidem
1851 585 2116 665 abjectus

477 677 555 741 ab
584 677 819 753 Ismael,
851 676 1032 740 Jacob
1071 687 1268 742 autem
1300 678 1538 757 fugatus
1571 675 1642 737 ab
1674 680 1827 739 Esau
1866 693 1879 738 :
1924 694 2118 757 neque

477 774 675 831 tamen
706 768 787 828 ita
832 767 1251 848 desperarunt,
1304 766 1450 847 quin
1496 765 1740 828 daretur
1785 765 1903 827 illis
1959 775 2119 827 terra

475 857 600 920 illa.
628 855 1030 937 «Expectabat
1061 855 1363 917 enim.»Et
1386 874 1500 936 quo
1532 854 1729 928 modo,
1766 854 1971 936 inquit.
2000 874 2119 916 non

475 945 879 1009 reddebantur
901 945 960 1005 hi
990 944 1107 1007 ﬁde
1132 943 1576 1017 imbecilliores,
1598 961 1730 1005 cum
1765 944 2113 1024 promissam

475 1044 692 1098 terram
724 1041 1000 1116 tanquam
1030 1034 1286 1096 alienam
1317 1031 1761 1094 inhabitarent?
1800 1032 1947 1105 Quia
1976 1032 2114 1093 nul-

473 1127 590 1189 lam
623 1133 797 1186 terrae
825 1142 1027 1185 curam
1059 1122 1378 1202 habebant,
1395 1121 1503 1183 sed
1529 1139 1863 1202 quanquam
1899 1129 2114 1183 terram

473 1212 888 1296 promissionis
940 1212 1363 1293 suscepissent,
1401 1210 1624 1289 majora
1666 1208 2025 1291 quaerebant,
2059 1219 2118 1272 et

474 1304 776 1367 caelestem
827 1301 1120 1363 civitatem
1184 1298 1621 1380 exspectabant.
1701 1300 1849 1362 Nam
1909 1299 1960 1359 si
2013 1319 2117 1361 cor

474 1400 650 1456 terra;
677 1392 913 1455 aﬂlxum
942 1388 1526 1469 habuissent,utique
1556 1389 1835 1450 commoti
1864 1388 2116 1451 fuissent

475 1482 632 1565 quod
664 1500 794 1543 eam
828 1498 946 1541 non
981 1480 1340 1560 acciperent.
1385 1477 1482 1541 Sic
1512 1486 1571 1540 et
1601 1497 1728 1553 nos,
1761 1479 1975 1559 inquit,
2008 1497 2113 1540 su-

473 1591 662 1654 perna
711 1589 981 1653 quaerere
1029 1578 1281 1652 oportet,
1321 1577 1378 1631 et
1410 1570 1787 1651 praesentium
1822 1572 2114 1631 rationem

473 1681 593 1724 non
607 1661 849 1723 habere.
863 1660 1229 1722 «Habentem
1246 1659 1630 1721 fundamenta
1642 1658 1931 1720 civitatem
1946 1708 1955 1718 .
1969 1660 2120 1722 »Αυι

475 1763 722 1833 propter
755 1751 941 1832 ipsius
967 1749 1342 1810 stabilitatem
1367 1767 1436 1809 ac
1457 1748 1792 1809 ﬁrmitatem
1824 1747 1966 1808 dicit
1988 1765 2115 1809 eam

474 1821 697 1903 habere
716 1821 1131 1902 fundamenta:
1155 1840 1434 1919 autquod
1457 1838 1559 1899 illa
1585 1840 1711 1900 sola
1740 1838 1955 1901 habeat
1976 1839 2116 1900 fun-
2139 1821 2179 1870 Β

474 1928 752 1992 damenta
774 1947 939 1992 :uam
964 1936 1218 1989 terrenae
1237 1927 1500 1989 civitates
1523 1927 1593 1988 ad
1626 1927 1786 1988 illius
1806 1945 2113 2008 compara-

474 2018 696 2082 tionem
732 2036 803 2081 ea
833 2038 950 2080 non
979 2017 1221 2079 habent.
1263 2041 1289 2072 α
1321 2016 1502 2097 Cujus
1533 2016 1726 2096 opifex
1760 2023 1819 2077 et
1850 2016 2120 2078 conditor

475 2117 565 2172 est
626 2109 844 2171 Deus.»
909 2108 1227 2169 Maximum
1281 2111 1372 2168 est
1421 2107 1534 2168 hoc
1582 2106 1840 2168 ccelestis
1871 2105 2117 2168 civitatis

476 2198 836 2262 encomium.
873 2218 896 2253 α
929 2197 1045 2258 Per
1072 2196 1250 2258 ﬁdem
1278 2203 1337 2256 et
1361 2196 1491 2276 ipsa
1513 2198 1674 2258 Sara.
1719 2221 1744 2250 »
1779 2195 2114 2257 Exhortati-

471 2306 607 2349 vum
639 2294 730 2349 est
757 2286 915 2368 quod
948 2286 1051 2362 ait,
1082 2284 1153 2346 Et
1178 2288 1303 2364 ipsa
1330 2286 1495 2356 Sara,
1534 2293 1811 2364 tanquam
1838 2284 2065 2347 diceret
2096 2302 2110 2347 :

474 2375 539 2440 Si
570 2376 788 2438 mulier
813 2372 1441 2455 credidit,pudendum
1476 2373 1630 2435 foret
1647 2372 1887 2434 sietiam
1911 2373 2117 2435 mulie-

472 2485 540 2529 re
586 2465 996 2527 inveniremur
1025 2462 1209 2542 magis
1243 2462 1672 2544 pusillanimes.
1710 2461 1931 2525 Verum
1962 2482 2114 2543 quo-

474 2554 651 2616 modo
693 2550 990 2616 credidit?
1040 2552 1222 2631 Atqui
1263 2551 1396 2613 risit
1429 2572 1442 2615 :
1475 2570 1677 2613 verum
1738 2551 2116 2631 pOSLmodum

475 2641 802 2722 objurgata,
836 2640 1048 2701 timore
1080 2647 1354 2719 correpta
1405 2647 1518 2714 est,
1565 2638 1721 2719 quod
1772 2637 1909 2699 ﬁdei
1966 2649 2113 2701 erat.

480 2754 506 2790 (ι
540 2731 629 2793 Ad
659 2728 1114 2809 concipiendum
1175 2747 1246 2790 ac.
1289 2726 1670 2790 retinendum
1699 2744 1927 2791 semen.
1967 2751 1990 2784 »
2030 2732 2114 2794 Εἰς

474 2818 747 2899 ὑποδοχὴν
797 2819 1120 2898 σπέρματος,
1180 2817 1294 2878 hoc
1343 2824 1452 2891 est,
1513 2816 1862 2879 conﬁrmata
1913 2815 2022 2878 fuit
2055 2827 2117 2878 ut

473 2908 807 2989 susciperet
830 2905 1231 2985 generativum
1263 2924 1491 2969 semen.
1533 2931 1555 2965 ι)
1591 2904 1661 2966 Ει
1693 2913 1905 2984 praeter
1932 2909 2117 2967 aetatis

472 2997 764 3060 rationem
787 2996 1036 3077 peperit.
1072 3017 1099 3057 ι
1129 2995 1293 3068 Quod
1328 2994 1429 3073 ait,
1462 2993 1554 3069 Et,
1588 3002 1838 3069 tantum,
1860 2993 1974 3056 sibi
1994 2995 2118 3059 vult

474 3087 587 3149 hoc
608 3087 779 3149 loco:
810 3085 939 3148 Non
969 3085 1185 3161 solum,
1217 3083 1429 3166 inquit,
1479 3084 1697 3148 sterilis
1727 3091 1873 3160 erat,
1914 3101 2116 3146 verum

2198 586 2325 645 Οὐδὲ
2369 588 2533 653 οὕτως
2564 589 2861 657 ἠπίστησαν
2905 591 3015 667 μὶν
3040 593 3224 656 αὐτοῖς
3278 591 3582 663 δοθήσεσθαι
3615 590 3710 658 τὴν
3740 595 3843 668 γῆν

2197 676 2421 744 ἐκείνην.
2465 698 2488 732 ιι
2525 676 2833 759 Ἐξεδέχετο
2856 680 2979 759 γάρ.
3018 703 3045 735 ι
3108 682 3207 738 Καὶ
3249 681 3387 756 ποίῳ
3436 680 3603 759 λόγῳ,
3660 682 3842 759 φησὶν,

2199 766 2293 822 οὒκ
2347 766 2639 835 ἠσθένησαν
2697 771 2843 825 οὗται
2901 775 2971 846 τῇ
3021 770 3217 850 πίστει,
3252 771 3350 850 ,ὡς
3420 769 3698 849 ἀλλοτρίαν
3757 770 3840 824 οἷ-

2199 855 2412 919 κοῦντες
2444 857 2542 924 τὴν
2573 855 2979 936 ἐπηγγελμένην
3030 863 3134 936 γῆν
3166 848 3211 938 ςῖ
3246 848 3399 935 ιὈτι,
3460 848 3651 939 φησῖν,
3698 855 3844 914 οῦδὲν

2200 944 2498 1024 ἐφρόντιζον
2540 951 2668 1024 γῆς,
2715 944 2851 1003 ἀλλὰ
2894 948 2982 1003 καί
3036 970 3117 1005 τοι
3171 953 3274 1027 γῆν
3329 946 3645 1027 ἐπαγγελίας
3702 944 3846 1011 δεξά-

2198 1056 2368 1114 μενοι,
2420 1036 2485 1091 τὰ
2528 1036 2739 1111 μείζονα
2766 1036 2980 1107 ἐζήτουν
3039 1038 3127 1093 καὶ
3175 1036 3478 1118 ἐξεδέχοντο
3532 1038 3629 1104 τὴν
3682 1035 3845 1114 οὖρά-

2198 1146 2303 1180 νιον
2346 1122 2521 1182 πόλιν.
2555 1126 2615 1181 Εἰ
2668 1126 2767 1204 γὰρ
2809 1124 2942 1193 ἦσαν
2986 1124 3390 1206 προσηλωμένοι
3440 1132 3509 1203 τῇ
3551 1133 3646 1205 γῇ,
3710 1124 3843 1181 ἐσα-

2197 1211 2457 1280 λεύθησαν
2538 1212 2599 1269 ἂν
2670 1219 2748 1288 τῷ
2802 1215 2879 1290 μὴ
2935 1213 3120 1273 λαϐεῖν
3184 1217 3366 1286 αὐτήν.
3429 1214 3579 1273 Οὕτω
3622 1213 3705 1271 δεῖ
3755 1215 3845 1271 καὶ

2198 1304 2360 1378 ἡμᾶς,
2395 1303 2544 1383 φησὶ,
2573 1303 2640 1359 τὰ
2695 1302 2804 1360 ἄνω
2857 1310 3062 1378 ζητεῖν,
3123 1305 3210 1361 καὶ
3265 1310 3370 1360 τῶν
3426 1304 3643 1362 ἐνταῦθα
3683 1302 3842 1383 λόγον

2200 1392 2277 1466 μὴ
2308 1391 2474 1472 ἔχειν.
2513 1415 2540 1446 α
2573 1392 2682 1459 Τὴν
2724 1394 2843 1455 τοὺς
2876 1392 3146 1467 θεμελίους
3190 1392 3418 1474 ἔχουσαν
3461 1393 3638 1455 πόλιν,
3694 1416 3714 1448 ι
3795 1399 3842 1450 Η

2199 1479 2281 1537 διὰ
2350 1484 2410 1538 τὸ
2479 1483 2702 1558 μόνιμον
2759 1485 2848 1539 καὶ
2911 1479 3121 1559 βέϐαιον
3178 1484 3383 1552 ἐκείνης
3456 1483 3599 1562 λέγει
3682 1484 3847 1551 αὐτὴν

2199 1570 2427 1650 ἔχουσαν
2483 1570 2772 1647 θεμελίους,
2848 1573 2883 1641 ἢ
2943 1572 3023 1629 ὅτι
3095 1573 3269 1641 ἐκείνη
3352 1573 3490 1648 μόνη
3573 1571 3844 1648 θεμελίους

2200 1659 2341 1740 ἔχει,
2389 1663 2449 1717 Αἱ
2478 1661 2579 1739 γὰρ
2610 1660 2695 1716 ἐπὶ
2744 1667 2869 1741 γῆς,
2922 1664 2994 1726 ὡς
3053 1665 3125 1727 εἷς
3169 1664 3436 1743 σύγκρισιν
3480 1662 3708 1736 ἐκείνης,
3751 1663 3847 1718 οὒκ

2201 1748 2436 1828 ἔχουσιν.
2490 1773 2517 1803 (ι
2564 1745 2659 1814 Ἦς
2689 1752 2938 1831 τεχνίτης
2964 1754 3049 1809 καὶ
3079 1751 3395 1831 δημιουργὸς
3426 1755 3455 1809 6
3487 1753 3638 1816 Θεός.
3678 1773 3702 1808 ι
3735 1749 3844 1807 Μέ-

2200 1860 2379 1915 γιστον
2408 1842 2506 1906 τῆς
2551 1837 2605 1894 ἐν
2648 1842 2850 1919 ούρανῷ
2899 1842 3106 1905 πόκεως
3163 1844 3224 1898 τὸ
3276 1841 3564 1921 ἐγκώμιον,
3604 1865 3631 1896 α
3665 1841 3842 1897 Πίστει

2197 1928 2284 1982 καὶ
2327 1928 2459 1994 αὐτ-λ
2504 1927 2697 2006 Eappa.
2770 1954 2789 1984 ι
2856 1928 3222 2010 Ἐντρεπτικόν
3266 1931 3376 1987 ἐστι
3423 1932 3507 2005 τὸ,
3559 1932 3656 1988 Καὶ
3710 1929 3843 1996 αὕτη

2199 2014 2393 2096 Eappa,
2438 2018 2562 2073 ὡσεὶ
2607 2016 2786 2097 ἔλεγεν
2820 2038 2834 2052 ·
2897 2021 2956 2077 Εἰ
2998 2020 3130 2098 γυνη
3186 2019 3508 2096 ἐπίστευσεν,
3543 2021 3770 2097 αἰσχύνη
3802 2027 3848 2081 εἰ

2196 2106 2285 2162 καὶ
2367 2107 2613 2186 γυναικὸς
2697 2105 3137 2189 ὀλιγοψυχότεροι
3222 2110 3534 2186 εὗρεθῶμεν.
3610 2111 3730 2174 ne;
3793 2108 3847 2189 δερ

2200 2195 2517 2276 ἐπίστευσες
2575 2197 2755 2254 Καίτοι
2812 2196 3082 2275 ἐγέλασεν.
3149 2194 3295 2255 Ἀλλ’
3342 2196 3555 2278 ὕστερον
3610 2195 3847 2279 ἐφοϐήθη

2199 2283 2543 2365 ἐλεγχθεῖσα,
2576 2282 2705 2364 ὅπερ
2734 2286 2960 2350 πίστεώς
2997 2287 3132 2348 ἐστι.
3171 2310 3199 2343 α
3230 2288 3318 2350 Εἰς
3349 2284 3652 2354 καταϐολὴν
3683 2286 3847 2365 σπέρ-

2198 2398 2364 2450 ματος
2394 2373 2571 2438 ἔλαϐε,
2611 2399 2636 2433 ι
2693 2378 2778 2440 Εἷς
2831 2376 3100 2458 ὑποδοχὴν
3157 2377 3480 2457 σπέρματος,
3541 2377 3838 2450 τουτέστιν,

2198 2462 2561 2541 ἐνεδυναμώθη
2635 2467 2706 2529 εἰς
2779 2467 2841 2522 τὸ
2913 2465 3250 2533 ὑποδέξασθαι
3308 2465 3619 2524 παιδοποιὸν
3675 2467 3839 2547 σπέρ-

2197 2575 2293 2628 μα.
2334 2573 2362 2612 (
2398 2554 2495 2611 Καὶ
2523 2555 2665 2634 παρὰ
2706 2556 2884 2633 καιρὸν
2941 2554 3148 2623 ἡλικίας
3190 2555 3356 2618 ἔτεκε.
3414 2581 3440 2614 ι
3479 2559 3572 2637 Τὸ,
3604 2559 3716 2632 καὶ,
3750 2557 3845 2614 ἐν-

2195 2647 2360 2700 καῦθα
2401 2653 2553 2703 τοῦτο
2594 2642 2838 2721 βούλεται
2909 2647 2969 2702 ού
3024 2647 3207 2726 μόνον,
3281 2648 3461 2727 φησὶν,
3535 2645 3615 2702 ὅτι
3660 2658 3845 2724 στεῖρα

2194 2733 2280 2800 ἦν,
2344 2730 2480 2788 ἀλλὰ
2534 2734 2623 2789 καὶ
2691 2735 2833 2813 παρὰ
2888 2736 3070 2814 καιρὸν
3125 2734 3357 2809 ἡλικίας,
3428 2735 3714 2805 τουτέστιν,
3790 2733 3846 2789 ἐν

2196 2820 2338 2895 αὐτῷ
2391 2827 2471 2895 τῷ
2539 2820 2755 2902 ἐσχάτῷ
2824 2837 2963 2902 γΐρᾳ
3021 2820 3383 2897 ἐνεδυναμώθη
3426 2825 3499 2887 εἷς
3568 2821 3842 2903 ὑποδοχὴν

2198 2909 2521 2987 σπέρματος.
2558 2934 2586 2965 ι
2626 2910 2773 2968 Ἐπεὶ
2801 2913 2987 2967 πιστὸν
3015 2913 3279 2990 ἡγήσατο.
3319 2931 3348 2971 ι
3380 2914 3592 2986 Πιστὸν,
3641 2910 3839 2979 ἀληθῆ.

2199 3005 2306 3058 Ποῦ
2348 2997 2402 3055 δὲ
2433 2999 2789 3079 ἐπηγγείλατο
2823 3020 2839 3081 ;
2904 3002 3051 3060 Κατὰ
3102 3003 3191 3059 τὸν
3235 3005 3416 3081 καιρὸν
3470 3009 3651 3061 τοῦτον
3695 3002 3844 3060 ἐλεύ-

2199 3111 2383 3164 σομαι,
2432 3091 2582 3170 φησί,
2627 3092 2714 3147 καὶ
2760 3090 2904 3148 ἔσται
2956 3097 3024 3169 τῇ
3080 3090 3253 3171 saepe
3310 3094 3443 3156 υἱὸς.
3514 3112 3543 3152 ι
3605 3098 3699 3150 Διὸ
3752 3097 3841 3151 καὶ

474 3176 652 3240 etiam
686 3182 902 3256 praeter
929 3174 1119 3237 aetatis
1145 3173 1435 3236 rationem
1456 3173 1600 3236 fuit:
1628 3174 1740 3264 hoc
1777 3172 1966 3264 est,:in
1991 3173 2117 3264 ipsa

2200 3176 2289 3260 ἀφ’
2322 3180 2459 3243 ἑνός.
2498 3204 2525 3236 ι
2575 3182 2771 3239 Τούτου
2826 3182 3007 3261 χάριν,
3068 3184 3217 3263 φησὶ,
3251 3180 3342 3264 ἀφ’
3373 3184 3487 3247 ἐνὸς
3518 3183 3839 3264 σπέρματος,

475 3273 743 3329 extrema
771 3264 1263 3346 senectute,quod
1287 3264 1635 3326 conﬁrmata
1663 3262 1739 3323 sit
1767 3263 1840 3324 ad
1872 3263 2117 3325 seminis

2198 3270 2481 3325 καὶταῦτα
2522 3280 2704 3349 νεκροῦ
2750 3267 2898 3334 ὄντος
2942 3268 3024 3327 διὰ
3082 3262 3172 3326 τὸν
3229 3262 3444 3351 χρόνον,
3491 3262 3843 3351 ἐγεννήθησαν

474 3354 937 3435 susceptionem.
976 3354 1117 3416 407
1160 3378 1186 3410 α
1225 3352 1391 3441 Quod
1443 3351 1682 3415 ﬁdelem
1726 3352 2047 3433 judicaret.
2088 3376 2112 3411 ι

2198 3357 2274 3413 πά
2288 3378 2391 3421 ντες
2422 3361 2468 3414 οἱ
2498 3366 2589 3415 τοῦ
2649 3359 2946 3439 σπέρματος
2990 3357 3252 3439 Ἀϐραὰμ,
3312 3364 3358 3418 οἱ
3409 3363 3545 3418 κατὰ
3585 3364 3652 3421 τὰ
3681 3362 3845 3441 ἄστρα

471 3444 764 3522 Fidelem,
795 3445 855 3508 id
874 3452 986 3522 est,
1012 3461 1307 3507 veracem.
1326 3440 1439 3506 Ubi
1470 3450 1666 3504 autem
1697 3442 1995 3522 promisit?
2015 3441 2117 3505 Se-

2199 3447 2285 3501 καὶ
2327 3447 2426 3514 τὴν
2455 3448 2674 3524 ψάμμον
2707 3452 2783 3523 τῷ
2810 3447 3023 3519 πλήθει.

472 3535 736 3598 cundum
774 3535 886 3597 hoc
915 3540 1173 3615 tempus,
1207 3530 1422 3614 inquit,
1458 3533 1715 3613 veniam,
1751 3542 1808 3595 et
1825 3532 1952 3623 erit
1982 3530 2141 3623 Sara;
2168 3534 2346 3597 ﬁlius.
2389 3558 2411 3593 α
2439 3536 2814 3618 Quapropter
2842 3546 2900 3600 ct
2931 3556 2999 3600 ex
3031 3558 3178 3601 uno.
3213 3563 3235 3596 ι
3273 3538 3596 3623 Propterea
3622 3541 3696 3604 ab
3720 3560 3839 3604 uno

472 3626 726 3707 semine,
760 3642 951 3706 eoque
980 3632 1223 3714 propter
1276 3630 1507 3685 aetatem
1566 3622 1903 3714 elanguido,
1962 3621 2085 3685 nati
2142 3631 2279 3685 sunt
2336 3643 2545 3687 omnes
2572 3626 2676 3708 qui
2706 3634 2844 3689 sunt
2876 3629 2951 3690 de
2981 3628 3210 3691 semine
3238 3621 3563 3714 Abraham,
3590 3649 3837 3696 numero

470 3722 774 3798 aquantes
803 3721 961 3777 astra
991 3713 1133 3775 cmli
1161 3720 1217 3774 et
1245 3730 1491 3775 arenam
1527 3712 1728 3775 maris.

549 3806 652 3881 X,,
685 3805 883 3867 13-16.
904 3804 1103 3867 Juxta
1128 3802 1309 3882 ﬁdem
1338 3804 1564 3865 mortui
1611 3808 1755 3864 sunt
1793 3802 1859 3864 hi
1889 3819 2111 3881 omnes,

470 3912 595 3958 non
635 3897 895 3973 acceptis
934 3890 1523 3972 repromissionibus,
1561 3891 1665 3952 sed
1712 3891 1860 3969 ipsis
1900 3891 2117 3970 procul

2198 3893 2377 3960 ϐόννες
2458 3898 2551 3963 τὰς
2653 3898 2995 3976 ἐπαγγελίας,
3099 3897 3237 3955 ἀλλὰ
3337 3899 3599 3979 πόῤῥωθεν
3681 3904 3843 3966 αὐτὰς

470 3985 617 4047 visis
644 3988 701 4045 et
723 3981 991 4051 creditis,
1020 3998 1155 4071 cum
1175 3980 1447 4059 amplexi
1473 3981 1738 4058 fuissent
1773 3988 1829 4041 et
1857 3980 2115 4059 confessi

2198 3986 2390 4051 ἰδόντες
2500 3991 2585 4046 καὶ
2688 3989 3075 4065 ἀσπασάμενοι,
3192 3991 3280 4046 καὶ
3387 3990 3840 4071 ὁμολογήσαντες,

471 4090 536 4136 se
565 4073 832 4152 hospites
854 4076 1033 4162 atque
1057 4070 1319 4132 advenas
1348 4086 1474 4131 esse
1495 4069 1562 4131 in
1584 4078 1770 4131 terra.
1803 4068 1964 4131 Nam
1988 4070 2113 4133 hac

2198 4076 2273 4133 ὅτι
2356 4076 2490 4143 ξένοι
2572 4081 2660 4135 καὶ
2741 4077 3096 4158 παρεπίδημοί
3178 4081 3305 4136 εἰσιν
3389 4081 3473 4138 ἐπὶ
3554 4068 3653 4149 τῆς
3710 4088 3838 4162 γῆς.

472 4162 585 4243 qui
601 4161 836 4236 dicunt,
873 4158 1190 4221 declarant
1218 4175 1280 4219 se
1304 4163 1572 4249 patriam
1597 4159 1933 4249 inquirere.
1964 4160 2114 4222 Etsi

2199 4169 2258 4224 Οἱ
2329 4167 2428 4245 γὰρ
2508 4177 2724 4227 τοιαῦτα
2802 4166 3046 4247 λέγοντες
3118 4167 3483 4249 ἐμφανίζουσιν
3567 4169 3646 4228 ὅτι
3725 4158 3841 4227 πα-

471 4250 639 4313 illius
693 4249 967 4337 quidem_
991 4263 1287 4309 memores
1340 4248 1599 4324 fuissent
1651 4247 1814 4309 unde
1862 4248 2117 4324 fuerant

2198 4253 2340 4334 τρίδα
2423 4256 2748 4328 ἐπιζητοῦσι.
2838 4259 2937 4316 Καὶ
3019 4260 3063 4315 εἰ
3145 4247 3242 4334 μέν
3325 4259 3529 4327 ἐκείνης
3595 4260 3842 4337 ἐμνημό-

464 4338 750 4428 profecti,
790 4335 1093 4399 habebant
1122 4337 1333 4428 utique
1356 4337 1874 4428 opportunitatem
1904 4354 2112 4399 rever-

2198 4365 2342 4403 νευον
2411 4345 2501 4426 ἀφ’
2557 4350 2623 4414 ἧς
2678 4345 2912 4419 ἐξῆλθον,
2974 4348 3135 4427 εἶχον
3190 4346 3251 4403 ἂν
3330 4350 3512 4428 καιρὸν
3595 4335 3842 4425 ἀνακαμ-

471 4428 655 4492 tendi.
682 4425 872 4516 Nunc,
892 4432 1095 4489 autem
1145 4424 1464 4487 meliorem
1505 4430 1814 4516 expetunt,
1849 4426 2111 4516 hoc_est,

2198 4437 2319 4508 ψαι.
2407 4424 2509 4491 Νῦν
2611 4433 2665 4491 δὲ
2761 4424 3074 4515 κρείττονος,
3152 4424 3448 4516 ὀρέγονται,
3550 4424 3841 4512 τουτέστιν,

470 4517 784 4582 οωιεδιεηι.
836 4514 1227 4605 Quapropter-
1261 4532 1383 4576 non
1439 4513 1742 4605 erubescit
1786 4515 1911 4593 ipse
1957 4513 2117 4577 Deus

2199 4521 2530 4602 ἐπουρανίου.
2590 4528 2746 4599 σΔιὸ,
2849 4527 2943 4583 οὒκ
3040 4526 3419 4605 ἐπαισχύνεται
3520 4528 3709 4590 αὐτοὺς
3812 4532 3841 4587 6

468 4607 674 4671 uocari
702 4607 860 4670 Deus
896 4603 1164 4667 illorum.
1226 4604 1479 4666 Paravit
1514 4607 1677 4665 enim
1722 4603 1851 4665 illis
1895 4604 2115 4668 civita-

2200 4612 2355 4692 Θεὸς,
2402 4616 2531 4677 Θεὸς
2560 4614 2925 4673 ἐπικαλεῖσθαι
2956 4617 3148 4679 αὐτῶν,
3203 4603 3487 4692 Ἠτοίμασε
3515 4617 3614 4695 γὰς
3657 4617 3840 4685 αὐτοῖς

470 4704 611 4761 tem.
1551 4698 1563 4709 ’

2198 4699 2376 4765 πόλιν,
2429 4724 2453 4760 υ

550 4788 680 4848 Duo
710 4785 824 4846 hoc
853 4784 985 4845 loco
1014 4785 1408 4871 quaeruntur;
1443 4780 1905 4871 quomodo,cum
1930 4800 2113 4864 supe-

2280 4793 2381 4850 Δύο
2424 4791 2641 4853 ἐνταῦθα
2659 4802 2941 4866 οζητεϊται.
2990 4800 3134 4866 Πῶς,
3185 4795 3346 4851 εἰπὼν
3399 4794 3508 4852 ἅνω
3553 4793 3635 4852 ὅτι
3679 4796 3842 4871 μετέ-

468 4875 596 4937 rius
618 4872 833 4963 dixerit
854 4872 1012 4954 quod
1036 4870 1339 4963 transtulit
1367 4870 1570 4963 Euoch
1595 4869 1753 4933 Deus
1785 4890 1860 4963 ne
1888 4873 2117 4941 videret

2200 4883 2329 4948 θηκε
2371 4882 2462 4938 τὸν
2521 4882 2701 4963 Ἐνὼχ
2771 4887 2799 4941 6
2842 4885 2971 4949 Θεὸς
3014 4893 3106 4943 τοῦ
3157 4886 3234 4959 μὴ
3302 4882 3433 4940 ἰδεῖν
3474 4869 3719 4959 θάνατον,
3753 4896 3840 4945 νῦν

467 4970 764 5054 ωσι-ιδῃ]ζ
778 4961 937 5024 dicat
965 4962 1364 5054 ηυιιουῐιιχιε-
1397 4959 1574 5023 ﬁdem
1624 4960 1837 5054 mortui
1870 4976 2003 5030 sunt
2055 4971 2117 5035 hi

2199 4969 2349 5042 εἶπε,
2384 4973 2530 5029 Κατὰ
2575 4973 2750 5029 πίστιν
2793 4973 2979 5030 ἆθανον
3037 4975 3179 5030 οὗτοι
3222 4973 3462 5054 πάντες,
3514 4975 3611 5032 Καὶ
3680 4972 3838 5031 πάλιν

469 5050 713 5141 omnes?
730 5050 1104 5141 Rursumque
1132 5048 1297 5130 dicit,
1316 5047 1444 5141 Non
1475 5053 1734 5134 acceptis
1764 5058 2113 5136 promissio-

2198 5058 2342 5133 εἷπε,
2408 5061 2497 5128 Μὴ
2568 5058 2819 5127 λαϐόντες
2884 5063 2977 5124 τὰς
3048 5060 3386 5141 ἐπαγγελίας,
3447 5047 3617 5120 ααὶτοι
3678 5065 3839 5120 εἰπὼν

465 5140 647 5204 nibus
673 5159 688 5205 :
714 5139 884 5230 atqui
896 5138 1048 5230 dixit
1060 5138 1125 5230 in
1155 5137 1751 5230 superioribus,quod
1771 5149 2113 5228 acceperint

2198 5146 2439 5227 ἀνωτέρω
2510 5148 2790 5230 εἰληφότας
2858 5150 3043 5213 αὐτοὺς
3112 5137 3232 5213 τοὺς
3302 5154 3399 5219 τῆς
3468 5151 3695 5215 πίστεως
3738 5175 3837 5227 μι-

468 5231 779 5313 pmmium
810 5227 976 5292 ﬁdei.
1002 5225 1317 5318 §iquidem
1363 5225 1485 5318 Noe
1534 5240 1796 5295 servatus
1845 5225 1935 5298 est
1975 5256 2109 5300 cum

2198 5225 2374 5300 σθούς.
2445 5230 2501 5297 (Ο
2561 5225 2657 5314 μὲν
2712 5241 2811 5318 γὰρ
2867 5245 2983 5298 Νῶε
3044 5237 3269 5306 διεσώθη
3322 5241 3459 5314 μετὰ
3523 5246 3615 5297 τοῦ
3685 5225 3837 5299 οἴιιου

467 5320 647 5383 domo
706 5334 837 5399 sua,
865 5326 948 5409 et
979 5315 1209 5409 _En_och
1240 5317 1576 5409 translatus
1607 5329 1695 5384 est
1741 5332 1799 5386 et
1829 5344 1947 5389 non
1969 5327 2115 5390 vidit

2198 5324 2373 5389 αὐτοῦ.
2407 5330 2506 5409 Καί
2534 5330 2562 5384 6
2603 5327 2787 5409 Ἐνὼχ
2815 5327 3091 5403 μετετέθη,
3137 5329 3225 5384 καὶ
3272 5332 3367 5387 οὐκ
3423 5327 3535 5385 εἶδε
3592 5330 3835 5392 θάνατον,

468 5413 816 5484 mortem,et
844 5404 996 5469 Abel
1018 5404 1209 5468 adhuc
1239 5405 1498 5487 loquitur
1526 5427 1633 5489 per
1659 5414 1904 5488 gloriam
1922 5436 1988 5480 ac
2010 5436 2113 5480 ce-

2198 5416 2294 5471 Καὶ
2376 5418 2404 5472 6
2487 5404 2642 5473 Ἀϐελ
2710 5404 2788 5473 ἔτί
2864 5415 3023 5473 λαλεϊ
3094 5413 3177 5472 διὰ
3231 5423 3330 5484 τῆς
3389 5415 3567 5485 δόξης*
3644 5420 3739 5477 Καὶ
3809 5420 3837 5475 6

466 5494 697 5558 lebrem
726 5494 964 5586 famam,
1009 5501 1066 5557 et
1093 5494 1396 5586 Abraham
1445 5501 1704 5578 suscepit
1762 5506 2109 5583 promissam

2198 5500 2435 5582 Ἀϐραὰμ
2496 5503 2781 5563 ἐπελάϐετό
2839 5527 2895 5562 τε
2952 5506 3049 5571 τῆς
3093 5505 3498 5585 ἐπηγγελμένης
3564 5512 3688 5586 γῆς,
3752 5508 3838 5564 καὶ

466 5595 714 5673 terram,
744 5583 1019 5673 etﬁlium
1062 5583 1378 5673 progenuit
1421 5602 1491 5646 ex
1542 5587 1707 5653 Sara.
1742 5594 2106 5662 —Solulio.

2198 5590 2600 5660 ἐπαιδοποίησεν
2672 5594 2731 5649 ἐκ
2785 5599 2884 5661 τῆς
2930 5592 3154 5673 Σάρῤας.
3214 5583 3281 5638 4
3344 5596 3525 5660 Λύσις.
3579 5583 3670 5654 ἽΤὸ
3714 5594 3832 5671 μὲν,

466 5670 634 5749 Quod
664 5672 766 5752 ait,
797 5670 1009 5736 Mortui
1067 5678 1205 5735 sunt
1244 5671 1304 5732 bi
1349 5690 1580 5753 omnes,
1616 5678 1819 5762 accipe
1869 5693 2110 5767 excepto

2198 5678 2483 5738 Ἀπέθανον
2551 5684 2692 5741 οὗτοι
2768 5683 2983 5758 πάντες,
3013 5670 3215 5759 νδέξαι,
3287 5682 3681 5764 ὑπεξῃρημένου
3746 5691 3838 5742 τοῦ

2284 3830 2312 3861 κ
2374 3807 2520 3866 Κατὰ
2573 3807 2748 3865 πίστιν
2805 3807 3063 3869 ἀπέθανον
3121 3809 3260 3865 οὗτοι
3318 3810 3532 3886 πάντες,
3603 3813 3681 3887 μὴ
3737 3812 3843 3870 λα-
