4180 6212
436 342 552 407 415

1554 342 1905 411 (ECUMEN
1914 342 1968 406 II
2012 340 2315 422 ΤΚΙΟΟιΕ,
2344 344 2678 409 EPISCOPI

3687 337 3807 405 416

431 496 726 543 annorum
748 480 878 544 vitae
890 480 1072 545 Jacob
1095 488 1329 544 centum
1351 478 1736 562 quadraginta
1759 482 2076 561 septem,et

2160 466 2282 555 ρμζ¹
2310 478 2425 554 ἔτη,
2460 479 2687 560 ἤγγισαν
2743 478 2799 538 δὲ
2853 483 2905 539 αί
2978 480 3172 561 ἡμέραι
3229 479 3446 561 Ἰσραὴλ
3501 477 3593 538 τοῦ
3658 475 3801 533 ἁπο-

434 569 1057 651 appropinquaverunt
1086 570 1216 634 dies
1270 570 1453 633 Israel
1486 577 1547 630 ut
1578 578 1946 632 moreretur:
1983 589 2079 631 vo-

436 657 704 738 cavitque
750 659 933 720 ﬁlium
993 678 1166 721 suum
1221 660 1466 741 Joseph,
1507 677 1576 720 ac
1629 658 1783 719 dixit
1813 660 1867 720 ei
1903 678 1916 722 :
1958 680 1986 719 ι
2014 659 2077 723 Si

434 746 634 809 inveni
665 747 905 827 gratiam
941 766 1137 810 coram
1172 756 1413 829 te,pone
1462 765 1701 809 manum
1721 755 1876 809 tuam
1898 750 1971 810 ad
1997 748 2079 809 fe-

438 856 572 898 mur
594 847 883 914 meum,et
902 837 1080 900 facies
1104 857 1333 900 mecum
1352 836 1825 899 misericordiam
1848 857 1916 899 ac
1931 838 2079 900 veri-

435 933 635 987 tatem.
673 935 877 988 utnon
898 926 1153 1007 sepelias
1177 945 1270 988 me
1314 926 1375 987 in
1406 926 1674 1007 Egypto,
1707 927 1813 988 sed
1840 926 2076 990 deferas

433 1032 567 1075 cum
600 1014 864 1094 patribus
896 1015 1066 1088 meis,
1125 1015 1413 1096 tollasque
1464 1030 1557 1077 me
1589 1033 1659 1076 ex
1707 1013 1973 1094 Egypto,
2008 1034 2077 1076 ac

434 1104 685 1183 sepelias
717 1123 809 1164 me
839 1104 901 1165 in
945 1105 1216 1185 sepulcro
1270 1104 1559 1185 ipsorum.
1621 1103 1694 1165 At
1751 1102 1851 1164 ille
1882 1103 2068 1165 dixit:

436 1191 554 1270 Ego
575 1193 785 1255 faciam
808 1195 977 1274 juxta
1019 1193 1263 1255 verbum
1299 1202 1486 1255 tuum.
1522 1192 1619 1253 Ait
1647 1204 1841 1253 autem
1874 1212 1887 1255 :
1937 1192 2077 1255 Jura

433 1279 598 1340 mihi.
636 1284 703 1343 Et
734 1281 947 1356 iuravit
994 1282 1049 1342 ei
1105 1281 1483 1361 adoravitque
1539 1279 1721 1341 Israel
1779 1280 2074 1358 fastigium

428 1366 602 1446 virgae
633 1368 791 1431 illius
814 1368 1177 1431 θαι-«Ρω-
1196 1370 1370 1432 ﬁdem
1394 1370 1609 1448 Joseph
1637 1368 1923 1438 moriens.
1962 1395 1982 1422 ιι
2013 1370 2077 1431 In

426 1462 672 1531 tantum,
706 1456 917 1538 inquit,
968 1457 1221 1520 credidit
1279 1457 1435 1538 quod
1497 1455 1679 1518 Israel
1735 1476 2079 1535 egressurus

427 1552 583 1606 esset
612 1564 680 1607 ex
726 1546 996 1628 .‘Egypto,
1059 1555 1122 1608 ut
1179 1547 1353 1608 etiam
1406 1545 1478 1607 de
1516 1546 1944 1607 transferendis
1978 1567 2078 1608 os-

427 1632 591 1694 sibus
641 1638 761 1697 suis
809 1636 1019 1697 fratres
1071 1636 1395 1716 adjuraret.
1432 1635 1571 1695 412
1624 1634 2077 1708 Quamobrem?

430 1721 504 1785 Ut
532 1742 770 1804 semper
802 1744 1096 1787 memores
1125 1725 1512 1804 adjurationis
1564 1725 1829 1803 Josephi,
1856 1724 2079 1787 scirent

2156 570 2356 649 θανεῖν,
2394 571 2481 626 καὶ
2521 569 2746 627 ἒπάλεσε
2789 572 2881 627 τὸν
2922 572 3032 628 υἱὸν
3082 570 3241 629 αὖτοῦ
3282 568 3496 649 Ἰωσὴρ,
3528 569 3616 625 καὶ
3644 566 3801 623 εἶπεν

2159 658 2300 732 αὒτῷ
2334 678 2345 689 ·
2385 681 2406 713 ι
2446 660 2503 716 Ei
2533 657 2728 739 εὕρηκα
2798 660 2954 741 χάριν
3023 659 3255 717 ἓναντίον
3312 682 3429 733 σου,
3489 656 3678 718 ὑπόθες
3704 654 3805 721 τὴν

2159 747 2322 826 χεῖρά
2351 769 2443 804 σου
2486 750 2572 804 Eni
2601 749 2692 805 τὸν
2735 749 2906 828 μηρόν
2954 770 3080 824 μου.
3143 750 3238 807 Καὶ
3295 750 3539 818 ωοιήσεις
3592 742 3678 803 ἔπ’
3707 743 3803 819 εμὲ

2156 833 2522 911 ελεημοσύνην
2552 838 2637 893 καὶ
2693 836 2965 912 ἀλήθειαν,
3026 839 3115 894 τὸν
3158 839 3235 913 μή
3288 860 3353 913 με
3401 837 3564 912 θάψαι
3605 837 3660 891 ἒν
3705 834 3805 889 Ai-

2158 923 2362 1001 γύπτφ,
2409 922 2546 981 ἀλλὰ
2575 927 2972 1002 κοιμηθήσομαι
3034 926 3167 995 μετὰ
3222 927 3327 982 τῶν
3382 924 3620 1003 πατέρων
3676 943 3801 998 μου,

2158 1012 2245 1067 καὶ
2312 1011 2443 1093 ἄρῃς
2501 1035 2567 1089 με
2588 1011 2639 1080 ιε
2682 1015 2942 1093 Αἰγύπτου
2995 1015 3083 1071 καὶ
3109 1014 3286 1090 θάψῃς
3314 1035 3380 1089 με
3432 1016 3489 1070 ἒν
3545 1018 3622 1086 τῷ
3649 1011 3801 1088 τάφῳ

2160 1102 2349 1161 αὐτῶν.
2403 1091 2545 1181 Ὀᾐδὲ
2590 1091 2769 1175 εἶπεν,
2801 1100 2943 1181 Ἐγὼ
2972 1103 3183 1173 ποιήσω
3237 1102 3372 1158 κατὰ
3398 1102 3461 1157 rb
3512 1099 3658 1179 ρῆμά
3687 1118 3803 1156 σου.

2161 1187 2297 1245 Εἶπε
2324 1186 2401 1268 δὲ,
2439 1177 2687 1268 έὨμοσόν
2719 1212 2832 1265 μοι.
2868 1177 2965 1249 Καὶ
2993 1190 3201 1266 ὥμοσεν
3243 1192 3406 1265 αὐτῷ,
3483 1177 3580 1247 Καὶ
3632 1207 3801 1267 προσ-

2159 1267 2409 1345 εκύνησεν
2438 1267 2647 1353 Ἰσραὴλ
2679 1279 2763 1336 ἐπὶ
2812 1281 2872 1335 τὸ
2942 1277 3099 1359 ἄκρον
3158 1284 3256 1348 τῆς
3298 1276 3485 1358 ῥάϐδου
3552 1275 3730 1336 αὗτοῦ.
3773 1297 3795 1331 ι

2160 1399 2237 1409 -
2276 1387 2298 1422 ιι
2349 1368 2525 1423 Πίστει
2598 1365 2789 1447 ’[ωσήρ
2846 1367 3129 1432 τελευτῶν,
3198 1392 3220 1425 ι
3282 1374 3562 1441 Τοσοῦτον,
3622 1366 3799 1446 φησὶν,

2160 1454 2459 1512 ἐπίστευσεν
2511 1454 2591 1513 ὅτι
2647 1456 2970 1523 ἒξελεύσεται
3032 1461 3059 1515 ὁ
3129 1455 3343 1538 Ἰσραὴλ
3397 1456 3449 1523 ἐξ
3521 1456 3799 1535 Αἱγύπτου,

2161 1543 2240 1600 ὅτι
2273 1546 2359 1600 καὶ
2427 1545 2494 1601 τὰ
2579 1547 2707 1605 ὀστᾶ
2762 1549 2918 1604 αὗτοῦ
2976 1550 3358 1627 μετενεχθῆναι
3412 1546 3706 1624 ἐνώρκωσε.
3743 1544 3804 1601 Τί

2161 1630 2357 1703 δήποτε
2392 1654 2409 1715 ;
2444 1624 2567 1693 ιἸνα
2596 1635 2676 1691 ἀεὶ
2708 1636 3037 1711 μεμνημένοι
3066 1624 3388 1715 τῶν-ὅρκων
3443 1640 3534 1691 τοῦ
3579 1631 3801 1711 Ἰωσὴνρ,

2161 1719 2345 1779 εἰδεῖεν
2375 1724 2554 1779 καὶτὰ
2595 1725 2712 1803 περὶ
2753 1723 2852 1791 τῆς
2906 1721 3103 1789 ἐξόδου,
3167 1725 3253 1789 Τίς
3310 1724 3409 1802 γαρ
3452 1723 3516 1779 ἃν
3584 1720 3801 1799 ὥρκωσε

425 1812 601 1873 etiam
635 1799 763 1894 qua:
792 1813 865 1875 de
894 1832 1134 1894 egressu
1167 1799 1355 1877 erant.
1391 1815 1532 1889 Quis
1555 1799 1721 1877 enim
1745 1815 2076 1894 adjurasset

2159 1812 2225 1868 τὰ
2252 1811 2382 1867 ὀστᾶ
2411 1817 2567 1872 αὐτοῦ
2592 1799 3002 1894 μετενεχθῆναι,
3049 1814 3091 1869 εἰ
3123 1813 3201 1889 μὴ
3245 1799 3441 1893 σφόδρα
3491 1808 3687 1889 ὲθάῤῥει
3728 1810 3803 1872 ὡς

428 1900 504 1962 de
555 1902 981 1965 transferendis
1035 1903 1159 1965 suis
1216 1904 1472 1981 ossibus,
1528 1905 1642 1966 nisi
1695 1904 2080 1966 vehementer

428 1990 757 2054 conﬁderet
779 1993 939 2073 quod
973 2000 1180 2056 essent
1200 1996 1493 2073 egressuri
1523 1993 1553 2054 ?

504 2080 602 2152 XI,
637 2079 849 2145 ‘23-‘26.
883 2082 998 2144 Per
1024 2082 1225 2161 ﬁdem,
1260 2102 1395 2145 cum
1442 2090 1625 2146 natus
1656 2088 1808 2145 esset
1859 2078 2075 2157 Moses,

424 2169 755 2233 occultatus
813 2177 900 2233 est
956 2190 1182 2235 menses
1241 2180 1361 2234 tres
1410 2193 1447 2233 a
1512 2170 1871 2252 parentibus
1925 2172 2074 2250 suis,

418 2266 738 2340 propterea
769 2260 925 2339 quod
952 2261 1225 2324 viderent
1254 2264 1591 2342 elegantem
1639 2260 1937 2340 puellum,
1970 2276 2083 2321 nec

423 2349 607 2411 veriti
631 2358 773 2412 sunt
829 2350 1089 2414 edictum
1139 2353 1317 2430 regis.
1354 2351 1477 2413 Per
1519 2350 1693 2430 ﬁdem
1738 2347 1930 2411 Moses
1949 2351 2081 2428 jam

430 2438 706 2517 grandis,
744 2440 948 2501 renuit
980 2442 1186 2502 vorari
1206 2440 1377 2520 ﬁtius
1402 2438 1547 2520 ﬁliae
1577 2438 1934 2509 Pharaonis,
1964 2454 2041 2516 po
2064 2471 2083 2484 ο

429 2526 551 2588 tius
578 2526 804 2607 eligens
830 2528 1018 2590 simul
1042 2546 1346 2592 erumnas
1386 2530 1517 2609 pati
1546 2545 1682 2590 cum
1713 2525 1936 2607 populo
1971 2527 2081 2588 Dei

427 2631 611 2695 quam
640 2618 1020 2695 temporariis
1048 2619 1275 2696 peccati
1330 2617 1657 2680 commodis
1688 2617 1839 2692 frui.
1880 2616 2077 2695 majo-

427 2723 526 2768 res
576 2705 908 2771 arbitratus
958 2708 1204 2773 divitias
1267 2708 1554 2788 probrum
1600 2708 1847 2787 Christi,
1894 2726 2082 2788 quam

430 2794 863 2876 Egyptiarum
883 2797 1216 2862 thesauros.
1256 2799 1600 2878 Respectum
1628 2799 1791 2860 enim
1820 2796 2080 2860 habebat

432 2891 967 2951 remunerationis.

513 2970 623 3035 Ubi
643 2973 800 3035 viros
816 2974 1033 3055 probos
1044 2994 1114 3038 ac
1134 2975 1329 3038 virtuti
1345 2974 1535 3037 editos
1548 2975 2077 3058 recensuisset.qui

2160 1897 2511 1965 ἐξελεύσονται
2537 1922 2553 1981 ς

2249 2011 2270 2045 ι
2346 1992 2521 2047 Πίστει
2581 1997 2794 2058 Μοῦσης
2892 1992 3159 2069 γεννηθεὶς
3278 1988 3468 2069 ἐκρύϐη
3553 1988 3805 2067 τρίμηνον

2164 2080 2261 2134 ὕπὸ
2311 2085 2415 2135 τῶν
2498 2078 2737 2158 πατέρων
2822 2078 3002 2152 αὐτοῦ,
3062 2077 3192 2135 διότι
3246 2076 3391 2136 εἶδον
3461 2079 3678 2135 ἀστεῖον
3740 2077 3802 2132 rb

2162 2165 2386 2248 παιδίον,
2486 2170 2573 2225 καὶ
2647 2170 2741 2225 οῦκ
2819 2164 3156 2248 ἐφοϐήθησαν
3238 2168 3299 2224 rb
3395 2164 3656 2245 διάταγμα
3712 2170 3805 2222 τοῦ

2163 2255 2442 2332 βασιλέως.
2502 2257 2678 2313 Πίστει
2777 2263 2989 2324 Momm;
3071 2256 3235 2335 μέγας
3331 2256 3615 2336 γενόμενος
3698 2256 3805 2333 ἡρ-

2165 2348 2362 2415 νήσατο
2434 2344 2677 2424 λέγεσθαι
2761 2348 2870 2408 υἱὸς
2994 2347 3245 2424 θυγατρὸς
3342 2347 3563 2425 Φαραὼ,
3662 2342 3805 2421 μᾶλ-

2164 2434 2257 2491 λον
2315 2436 2567 2511 ἐλόμενος
2644 2438 3123 2516 συγκακουχετσθαι
3180 2442 3257 2510 τῷ
3323 2433 3437 2509 λαῷ
3502 2442 3595 2492 τοῦ
3651 2442 3800 2508 Θεοῦ,

2163 2524 2200 2593 ἢ
2282 2525 2598 2605 πρόσκαιρον
2704 2524 2853 2605 ἔχειν
2946 2525 3204 2600 ἁμαρτίας
3300 2522 3611 2605 ἀπόλαυσιν,
3695 2523 3808 2599 μεί-

2163 2621 2287 2686 ζονα
2315 2614 2543 2672 πλοῦτον
2584 2616 2925 2693 ἡγησάμενος
2975 2619 3079 2671 τῶν
3123 2614 3177 2669 ἐν
3235 2612 3482 2691 Αίγύπτιρ
3531 2612 3806 2692 θησαυρῶν

2162 2705 2253 2760 τὸν
2278 2702 2577 2780 ὀνειδισμὸν
2647 2713 2741 2764 τοῦ
2783 2710 3027 2783 Χριστοῦ,
3087 2698 3382 2760 Ἀπέϐλεπε
3425 2704 3524 2782 γὰρ
3580 2706 3651 2769 εἱς
3707 2701 3805 2769 τὴν

2165 2791 2571 2869 μισθαποδοσίαν
2582 2837 2597 2854 .
2640 2816 2663 2849 ι

2243 2969 2538 3037 Καταλέξας
2598 2969 2785 3052 ἄνδρας
2884 2970 3153 3049 ἐναρέτους
3221 2971 3393 3028 πάντα
3476 2971 3643 3029 πίστει
3700 2993 3803 3029 πε·-

432 3060 633 3123 omnia
655 3081 762 3143 per
783 3064 955 3126 ﬁdem
974 3066 1313 3139 effecerant,
1345 3065 1486 3126 dicit
1509 3064 1683 3126 etiam
1714 3065 1788 3126 de
1811 3065 1951 3127 Mosi
1979 3085 2074 3146 pa-

2160 3061 2475 3140 ποιηκότας,
2509 3059 2651 3139 λέγει
2681 3062 2766 3117 καὶ
2815 3062 2933 3139 περὶ
2982 3066 3087 3116 τῶν
3143 3060 3339 3139 γονέων
3405 3068 3497 3119 τοῦ
3540 3060 3803 3126 Μωυσέως

430 3149 700 3214 rentibus
721 3152 989 3215 obscuris
1011 3153 1360 3235 quibusdam
1386 3153 2075 3229 hominibus,exhortans

433 3260 634 3317 eos,ac
652 3244 1078 3324 propemodum
1102 3244 1328 3306 dicens:
1353 3243 1441 3305 llli
1463 3245 1612 3305 adeo
1631 3243 1867 3305 obscuri
1894 3243 2071 3305 ﬁdem

432 3331 897 3407 habuerunt,vos
912 3342 1106 3396 autem
1130 3332 1652 3405 ﬂuctuatis?Quare
1670 3341 1863 3394 autem
1881 3333 2076 3396 occul-

430 3426 627 3482 tarunt
650 3439 783 3483 eum
799 3440 1034 3484 menses
1048 3422 1375 3504 tres,idque
1389 3442 1522 3484 cum
1535 3422 1762 3498 regium
1781 3432 1937 3483 esset
1955 3422 2076 3484 edi-

430 3518 684 3585 ctum,ut
709 3511 955 3573 masculi
982 3512 1250 3593 protinus
1280 3511 1812 3575 interimerentur?
1832 3511 2075 3574 Manife-

426 3605 578 3661 stum
604 3600 874 3682 estquod
895 3601 1279 3664 crediderunt
1310 3601 1504 3683 ipsum
1531 3600 1885 3663 servandum
1922 3620 2074 3666 esse.

430 3688 601 3752 Unde
622 3701 816 3751 autem
840 3691 966 3752 ilth
988 3691 1249 3772 ipsorum
1275 3689 1539 3753 ﬁdes?Ex
1564 3708 1633 3751 eo
1664 3690 1817 3771 quod
1840 3689 2080 3770 elegans

434 3778 667 3859 puellus
691 3788 866 3842 esset.
898 3778 1277 3861 Nequaquam
1293 3781 1447 3842 enim
1470 3778 1694 3860 absque
1712 3778 1909 3840 divina
1928 3798 2065 3856 gra-

430 3863 948 3943 tia,inquit,slatim
972 3885 1005 3928 a
1022 3868 1189 3929 cunis
1210 3866 1292 3929 ita
1312 3867 1525 3928 factum
1550 3866 1778 3928 fuisset.
1817 3869 1965 3928 «Per
1992 3866 2063 3927 ﬁ—

2157 3150 2382 3227 ἆσήμων
2411 3151 2588 3209 τινῶν.
2649 3149 2910 3230 ἐντρέπων
2983 3150 3193 3229 αὐτοὺς,
3255 3148 3334 3205 ὅτι
3396 3153 3493 3209 Καὶ
3553 3153 3599 3207 οἱ
3631 3149 3798 3213 οὕτως

2158 3238 2358 3316 ἄσημοι
2414 3240 2588 3295 πίστιν
2648 3238 2833 3319 ἔσχον,
2915 3239 3071 3313 ὑμεῖς
3120 3235 3176 3293 δέ
3271 3236 3595 3318 σαλεύεσθες
3655 3238 3803 3301 Τίνος

2158 3331 2259 3410 γὰρ
2326 3328 2500 3384 ἕνεκεν
2585 3328 2815 3408 ἔκρ›ψαν
2897 3328 3051 3385 αὖτὸν
3152 3328 3427 3407 τρίμηνον,
3499 3328 3586 3383 καὶ
3642 3333 3805 3384 ταῦτα

2158 3419 2564 3499 προστάγματος
2634 3416 2779 3484 ὄντος
2859 3414 3132 3493 βασιλικοῦ
3186 3439 3249 3474 τα
3360 3416 3546 3496 ἄρῤενα
3614 3415 3803 3479 εὐθέως

2159 3509 2485 3586 ἀναιρεῖσθαι
2528 3523 2544 3582 ς
2596 3506 2770 3575 Δῆλον
2828 3505 2907 3562 ὅτι
2964 3504 3268 3563 ἐπίστευσαν
3325 3506 3579 3579 σώζεσθαι
3622 3505 3798 3564 αὑτόν.

2163 3587 2226 3653 Ἠ
2283 3594 2338 3653 δὲ
2381 3596 2552 3661 πίστις
2600 3595 2772 3652 αὒτῶν
2822 3594 3017 3674 πόθεν,
3080 3594 3176 3651 Ἐκ
3232 3595 3326 3650 τοῦ
3392 3607 3531 3651 εῖναι
3589 3593 3805 3651 ἀστεῖον

2159 3686 2221 3741 rb
2250 3683 2477 3748 παιδίον.
2537 3684 2645 3743 Οὖκ
2713 3682 2773 3740 ἂν
2830 3684 2952 3762 γὰρ,
3008 3683 3193 3763 φησὶν,
3279 3678 3400 3740 ἄνευ
3453 3684 3593 3746 θείας
3651 3681 3807 3762 χάρι-

2160 3796 2249 3838 τος
2308 3775 2451 3838 εὒθὺς
2508 3773 2568 3830 ἐκ
2646 3772 2963 3853 σπαργάνων
3045 3769 3210 3835 οὕτως
3292 3770 3523 3847 ἤμελλεν
3634 3772 3801 3828 εἶναι.

2155 3886 2179 3919 ιι
2256 3863 2433 3921 Πίστει
2491 3867 2706 3931 Μοϋσῆς
2779 3861 2943 3940 μέγας
3021 3860 3328 3939 γενόμενος.
3364 3884 3390 3915 ιι
3465 3867 3639 3920 Ταῦτα
3707 3859 3806 3936 γὰρ

432 3951 566 4015 dem
582 3958 778 4018 Moses
784 3955 910 4035 jam
948 3956 1205 4036 grandis.
1233 3982 1261 4014 ι
1292 3956 2063 4020 Ηωοοηίῐηΐδεὶθὺδιεοηῐί-

2159 3956 2337 4029 ἐποίει,
2428 3954 2641 4029 μείζονα
2682 4031 2695 4036 Α
2741 3958 2847 4008 τῶν
2931 3949 3205 4029 παρόντων
3280 3949 3490 4029 ἀγαθῶν
3542 3949 3807 4025 λήψεσθαι

430 4040 578 4103 dens
593 4031 815 4122 potiora
829 4062 895 4105 se
912 4031 1328 4125 pbrcepturum
1341 4045 1676 4125 bonaquam
1692 4054 1890 4106 essent
1911 4050 2065 4126 prae-

2159 4044 2367 4123 ίαρῤὦν.
2409 4044 2480 4101 Tb
2524 4040 2603 4121 δὲ,
2681 4031 3003 4126 Ἠρνήσατιο,
3063 4041 3125 4095 τὸ
3182 4039 3319 4114 μετὰ
3373 4035 3604 4105 σπουδῆς
3636 4036 3804 4095 ἁλλο-

429 4109 820 4204 sentia.Quod
834 4109 1028 4196 auiem
1042 4109 1392 4209 ait,Renuit,
1424 4109 1756 4195 manifestat
1773 4109 1925 4214 quod
1950 4140 2068 4195 stu-

2159 4109 2363 4213 τρίίῦσαι
2396 4109 2799 4214 ὲαυτὸνσδηλοῖῐ,
2836 4109 2863 4186 in
3054 4109 3377 4207 πρόσκαιρον
3434 4126 3581 4209 ἔχειν
3636 4128 3802 4207 ἁμαρ-

431 4221 528 4283 dio
544 4223 628 4283 sei
637 4240 807 4304 psum
823 4221 1191 4285 alienaverit.
1208 4248 1227 4279 ι
1241 4222 1425 4295 Quam
1454 4230 1569 4284 tem
1578 4221 1827 4303 porariis
1842 4222 2070 4302 peccati

429 4312 761 4375 commodis
777 4310 1269 4374 frui.»Peccatum
1287 4312 1529 4384 vocavit,
1557 4327 1674 4372 non
1709 4309 2078 4373 collaborare

431 4408 530 4461 aut
552 4399 726 4463 simul
742 4418 1034 4463 aerumnas
1053 4400 1171 4482 pati
1189 4419 1323 4461 cum
1343 4398 1685 4481 populoDei:
1711 4419 1826 4460 non
1840 4408 2076 4478 estergo

425 4488 642 4552 fruitus
671 4490 848 4571 hujus
905 4488 1129 4570 peccati
1186 4488 1539 4551 commodis.
1603 4488 1784 4568 Cujus
1804 4486 1835 4547 ‘3
1863 4498 1927 4549 ut
1958 4508 2077 4551 non

426 4597 546 4640 una
573 4597 704 4640 cum
738 4579 953 4660 popqu
978 4576 1083 4641 Dei
1113 4579 1392 4640 aerumnis
1419 4577 2080 4657 afﬁceretur.»\tajores

428 4667 746 4729 arbitratus
800 4666 1056 4730 divitias.
1118 4691 1144 4722 ι
1206 4667 1337 4729 Non
1390 4663 1589 4729 dixit:
1653 4665 1912 4746 Majores
1974 4664 2080 4727 du-

426 4757 513 4818 xit
541 4754 772 4818 divitias
794 4773 965 4835 quam
988 4756 1297 4818 thesauros
1334 4753 1739 4835 Egyptiorum
1764 4754 1915 4815 bona
1949 4773 2078 4836 quae

425 4844 487 4906 in
518 4844 684 4906 caelis
740 4847 1002 4925 reposita
1059 4851 1219 4920 sunt,
1284 4844 1391 4905 sed
1445 4842 1634 4923 magis
1663 4842 2078 4905 demonstrans

424 4933 612 5014 ipsius
639 4934 935 5009 virtutem,
969 4933 1088 4997 ait:
1128 4959 1148 4989 ι
1190 4932 1477 4995 Probrum
1503 4932 1782 5013 Christi,»
1822 4932 1934 4999 boc
1965 4940 2073 5007 est,

428 5022 647 5104 probro
704 5021 856 5085 afﬁci
916 5022 1069 5085 sicut
1127 5020 1414 5086 Christus.
1484 5047 1510 5077 α
1569 5020 1712 5095 Quis
1767 5033 1965 5083 autem
2022 5030 2078 5082 te

426 5113 729 5177 constituit
779 5112 1132 5195 principem,
1188 5112 1487 5194 inquiunt,
1540 5130 1723 5193 super
1770 5130 1876 5173 nos
1904 5112 2013 5174 6ίῖ
2049 5137 2072 5167 ι»

427 5201 573 5265 Nam
605 5210 663 5266 et
690 5202 803 5264 hoc
820 5202 1089 5265 Christus
1112 5201 1369 5265 audivit:
1409 5226 1436 5258 α
1472 5204 1583 5263 Per
1610 5217 1783 5281 quam
1816 5207 2077 5281 potesta-

422 5298 542 5353 tem
572 5291 696 5353 haec
720 5290 862 5355 facis
881 5291 1130 5355 ϐεἳοΑιιι
1173 5289 1391 5370 ριοιπο
1436 5289 1590 5352 afﬁci
1626 5298 1868 5370 propter
1898 5289 2073 5352 Chri-

421 5387 596 5441 stum.
640 5405 663 5436 α
694 5379 839 5442 Nam
872 5388 1037 5462 petra
1064 5387 1191 5442 erat
1244 5380 1517 5442 Christus
1548 5378 1650 5454 63;
1690 5405 1713 5433 ι
1752 5379 1848 5441 hic
1878 5386 2076 5441 autem

426 5489 532 5551 pro
565 5478 730 5552 petra
759 5472 882 5548 illa,
938 5479 995 5534 et
1050 5472 1206 5555 quod
1258 5470 1492 5533 dederit
1542 5490 1610 5534 ex
1644 5490 1714 5533 ea
1744 5489 1956 5553 aquam
1988 5470 2072 5548 64,

2157 4210 2270 4287 τίας
2300 4219 2610 4296 ἀπόλαυσιν,
2655 4243 2682 4275 ι)
2720 4210 3002 4296 Ἀμαρτίαν
3057 4216 3294 4290 ἐκάλεσε,
3356 4218 3416 4273 τὸ
3472 4219 3549 4292 μὴ
3608 4237 3803 4296 συγκα-

2158 4315 2470 4389 κουγεϊσθαι
2490 4317 2567 4385 τῷ
2608 4309 2722 4384 λαῷ
2773 4353 2788 4368 .
2820 4310 2914 4366 οῦκ
2943 4307 3248 4378 ἆπήλαυσεν
3278 4308 3368 4364 οὖν
3416 4312 3516 4375 τῆς
3547 4306 3803 4388 ἁμαρτίας

2160 4402 2383 4468 τούτης.
2456 4400 2669 4479 Ποίαςς
2714 4404 2806 4455 τοῦ
2863 4397 2942 4473 μὴ
3026 4400 3512 4477 συγκακουχετσθαι
3563 4402 3641 4472 τῷ
3692 4394 3807 4471 λαῷ

2160 4498 2251 4549 τοῦ
2307 4489 2460 4552 Θεοῦ,
2530 4510 2553 4543 ε
2620 4488 2845 4559 Μείζονα
2904 4486 3136 4547 πλοῦτον
3211 4486 3579 4564 ἡγησάμενος,
3615 4507 3643 4540 ιι
3701 4487 3807 4543 Οὒκ

2161 4582 2285 4638 εἷπε
2321 4598 2335 4613 '
2366 4578 2591 4651 Μείζονα
2623 4575 2849 4634 πλοῦτον
2905 4576 3149 4655 ἡγήσατο
3218 4581 3324 4630 τῶν
3353 4576 3411 4631 ὲν
3437 4574 3681 4653 Αἰγύπτῳ
3708 4576 3806 4641 θη-

2160 4675 2363 4749 σαυρῶν
2415 4668 2483 4725 τὰ
2574 4669 2629 4723 ἓν
2689 4666 2934 4746 οὖρανοῖς
2988 4664 3314 4741 ἀποκείμενα
3418 4664 3613 4743 ἀγαθὰ,
3672 4661 3810 4722 ἀλλὰ

2159 4756 2318 4815 πλέον
2348 4754 2595 4813 δεικνύων
2638 4755 2795 4811 αὐτοῦ
2823 4754 2920 4822 τὴν
2974 4753 3191 4834 ἀρετὴν,
3250 4753 3400 4828 εἷπε,
3442 4775 3470 4808 α
3516 4753 3617 4810 Τὸν
3674 4753 3812 4808 ὁνει-

2158 4844 2343 4922 δισμὸν
2384 4846 2476 4901 τοῦ
2506 4850 2753 4924 Χριστοῦ,
2790 4863 2818 4903 ι
2867 4842 3128 4915 τουτέστι,
3186 4842 3248 4898 rb
3295 4838 3626 4913 ὀνειδίζεσθαι
3676 4841 3750 4903 ὡς
3780 4842 3809 4896 ὁ

2159 4934 2403 5014 Χριστός,
2470 4954 2493 4988 ιι
2553 4931 2641 4995 Τίς
2694 4953 2752 4987 σε
2818 4930 3135 5010 κατέστησε,
3195 4932 3374 5011 φησὶν,
3435 4927 3669 5010 ἄρχοντα
3724 4930 3808 5009 ἔφ’

2159 5027 2344 5104 ἠμᾶςς
2409 5046 2430 5077 ε
2482 5028 2646 5079 Τοῦτο
2688 5021 2927 5101 γὰρκαὶ
2995 5020 3024 5075 ὑ
3082 5021 3304 5104 Χριστος
3359 5018 3606 5092 ἤκουσεν,
3656 5037 3681 5073 ι
3719 5014 3808 5074 Ἐν

2160 5096 2284 5187 ποίᾳ
2330 5096 2545 5183 ’ἔξουσία
2598 5096 2771 5168 ταῦτα⁷
2842 5120 3066 5188 ποιετςς
3119 5096 3146 5161 ᾗ
3218 5096 3302 5164 ’Ἠ
3360 5108 3422 5163 τὸ
3478 5104 3807 5177 ὀνειδίζεσθαι

2161 5201 2245 5259 διὰ
2272 5203 2362 5258 τὸν
2406 5197 2655 5274 Χριστόν.
2709 5220 2737 5252 α
2771 5189 2835 5255 Ἠ
2893 5197 2993 5276 γὰρ
3049 5194 3216 5275 πέτρα
3278 5194 3346 5263 ἧν
3404 5198 3433 5252 b
3489 5195 3739 5275 Χριστὸς.
3774 5215 3803 5248 ι

2159 5292 2321 5355 Οὗτος
2385 5287 2438 5345 δὲ
2494 5288 2624 5366 ὑπὲρ
2668 5286 2763 5355 τῆς
2808 5286 3001 5366 πέτρας
3069 5286 3281 5351 ’ἐκείνης
3354 5286 3440 5341 καὶ
3486 5290 3578 5341 τοῦ
3633 5280 3809 5339 δοῦναι

2159 5380 2210 5445 ἐξ
2239 5382 2402 5446 αὐτῆς
2449 5378 2508 5433 rb
2532 5375 2688 5455 ὕδωρ,
2748 5373 2924 5432 πολλὰ
2986 5372 3298 5454 ἐλοιδορήθη
3354 5375 3455 5431 ὑπὸ
3516 5379 3622 5430 τῶν
3668 5369 3810 5429 Ἰου-

2158 5467 2338 5529 δαίων.
2379 5489 2405 5521 ι
2441 5466 2541 5523 Tbv
2568 5460 2863 5540 ὀνειδισμὸν
2894 5468 2989 5518 τοῦ
3039 5469 3290 5541 Χριστοῦ.
3328 5484 3351 5517 s
3413 5462 3474 5521 Τί
3540 5463 3673 5536 ἔστι,
3708 5459 3809 5517 Τὸν

496 5638 561 5692 θο
592 5638 742 5708 Gen.
774 5644 954 5703 xnvu‘
987 5640 1066 5705 29
1094 5641 1199 5704 31.
1241 5639 1297 5689 61
1330 5639 1497 5723 Exod
1554 5655 1618 5715 ιι,
1654 5640 1753 5702 Η.
1805 5638 1866 5689 6³
1897 5636 2076 5704 Matth

2159 5652 2261 5714 nu,
2293 5635 2394 5697 23.
2438 5630 2553 5695 631
2582 5632 2718 5695 Cor.
2751 5648 2813 5712 x,
2843 5633 2903 5694 4.
2945 5628 3013 5681 θι
3043 5627 3232 5694 Exod.
3267 5646 3413 5702 xvu,
3446 5630 3475 5691 1
3512 5645 3684 5710 seqq.
