4180 6212
367 353 495 420 417

1490 350 1886 421 GOMMENT.
1935 334 2016 406 IN
2061 326 2306 401 EPIST.
2353 336 2454 400 AD
2497 324 2728 400 HEBR.

3647 327 3767 397 418

371 484 670 563 ὀνειδισμὸν
717 492 810 544 τοῦ
879 489 1103 566 Χριστοῦ
1144 506 1160 563 ;
1217 485 1490 560 Τουτέστι,
1547 488 1609 542 τὸ
1695 480 2055 552 ὀνειδίζεσθαι.

2137 465 2296 566 pulta
2321 482 2528 566 passus
2544 473 2634 566 est
2653 482 2688 527 a
2704 462 2927 566 Iudaeis
2964 461 3411 566 convitiajlh
3435 460 3764 566 .«Pp‘obrum

374 582 615 649 τοιαῦτα,
674 572 875 641 δεικνὺς
929 565 1027 634 τὸν
1069 574 1392 652 ὀνειδισμὸν,
1453 576 1512 632 ὃν
1555 577 1583 631 ὁ
1641 573 1863 653 Χριστὸς
1905 565 2035 624 ὑπέ-

380 685 585 740 μεινεν.
640 653 725 722 (Ἠ
771 663 854 721 ὅτι
899 663 983 721 διὰ
1036 667 1128 722 τὸν
1182 650 1405 745 Χριστὸν
1463 650 1766 740 ὑπέμεινεν.
1832 650 1895 716 Ἠ
1939 657 2039 745 γὰρ

377 753 547 819 πέτρα
594 752 666 821 ἦν
710 756 738 810 ὁ
782 754 1028 834 Χριστός.
1077 745 1233 824 Εἰ*
1291 754 1391 834 γὰρ
1447 753 1513 821 ἧν
1570 752 1816 809 κάκεῖνον
1846 744 2037 804 ὀνειδί-

377 845 554 914 ζεσθαι
583 840 673 898 δτε
702 839 916 922 ἤκουσε,
964 843 1054 910 Μὴ
1097 841 1308 900 ἀνελεῖν
1354 862 1422 918 με
1475 842 1539 898 σὺ
1585 838 1761 904 θέλευς
1806 839 1864 895 ὃν
1907 835 2035 909 τρό-

378 952 478 988 πον
546 929 749 995 ἐινείλες
819 931 950 1011 χθὲς
1020 933 1114 989 τὸν
1172 931 1506 1011 Αἰγύπτιονς
1580 929 1852 988 τουτέστιν
1895 927 2035 983 ὀνει-

381 1018 568 1095 δισμὸς
624 1021 719 1076 τοῦ
804 1028 1051 1099 Χριστοῦ,
1125 1019 1289 1101 μέχρι
1387 1019 1569 1085 τέλους
1639 1019 1726 1076 καὶ
1796 1016 2036 1097 ἐσχάτης

383 1108 651 1177 ἀναπνοῆς
704 1110 938 1191 πάσχειν
1012 1116 1215 1189 κακῶς,
1272 1109 1452 1189 ὥσπερ
1520 1110 1675 1171 αὐτὸς
1746 1103 2037 1177 ὠνειδίζετο

384 1198 474 1253 καὶ
501 1195 717 1272 ἤκουεν,
748 1221 772 1254 ιι
810 1200 868 1256 Εἰ
898 1200 1017 1263 Υἱὸς
1050 1200 1095 1256 εἷ
1143 1207 1235 1256 τοῦ
1279 1205 1435 1280 Θεοῦ,
1492 1195 1750 1264 κατάϐηθι
1807 1195 1912 1252 ἀπὸ
1943 1199 2034 1250 τοῦ

385 1295 629 1363 σταυροῦ.
663 1311 691 1342 ι
780 1286 1098 1370 Ἀμφότεροι
1143 1288 1242 1367 γὰρ
1284 1288 1386 1345 ὑπὸ
1442 1291 1547 1343 τόν
1588 1285 1730 1343 ἰδίων
1758 1282 2031 1361 συμφυλε-

384 1382 515 1449 τῶν,
545 1376 675 1455 ὑπὲρ
729 1380 835 1433 τῶν
907 1377 1238 1457 εὐηργέτουν,
1312 1373 1659 1446 ὠνειδιζοντο,
1732 1370 2031 1431 Ἀπέϐλεπε

385 1463 512 1543 γάρ.
560 1456 714 1544 Ὀρᾷς
756 1468 856 1534 τὴν
899 1456 1113 1547 πίστιν,

478 1755 505 1786 ε
568 1731 745 1788 Πίστει
800 1732 1080 1792 κατέλιπεν
1150 1733 1447 1814 Αἴγυπτον,
1509 1734 1586 1809 μὴ
1639 1727 1885 1813 φοϐηθεὶς
1941 1730 2033 1785 τὸν

389 1821 554 1897 θυμὸν
611 1820 703 1877 τοῦ
770 1821 1029 1898 βασιλέως
1091 1823 1205 1904 (τὸν
1284 1824 1384 1903 γὰρ
1440 1822 1660 1900 ἀόρατον
1746 1822 1819 1883 ὡς
1872 1821 2029 1898 ὁρῶν,

2120 553 2340 618 Christi
2364 553 2395 613 ‘3
2430 577 2454 612 ι)
2484 552 2899 631 Quidnam,Ad
2923 553 3206 634 probrum
3229 549 3494 615 Christi?
3517 551 3629 612 hoc
3655 560 3765 632 est,

2122 642 2258 705 talia
2286 642 2585 705 sustinere
2615 641 2961 723 opprobria,
3007 641 3329 703 ostendens
3379 638 3766 722 opprobrium

2118 732 2276 813 quod
2306 750 2515 812 passus
2546 739 2635 793 est
2666 730 2957 806 Christus,
2987 740 3089 792 aut
3142 730 3301 812 quod
3334 738 3576 811 propter
3604 728 3771 793 Chri-

2119 827 2273 882 stum
2298 817 2757 881 sustinuit.Nam
2773 830 2942 901 petra
2967 826 3094 880 erat
3117 817 3409 881 Christus.
3442 818 3773 880 Consenta-

2122 927 2299 970 neum
2320 917 2413 971 est
2436 912 2612 970 etiam
2660 909 2827 971 illum
2853 908 3071 990 probro
3095 906 3278 970 fuisse
3292 907 3593 970 aﬁ'ectum.
3624 908 3769 969 Cum

2117 995 2527 1059 audivitzNum
2544 996 2826 1060 occidere
2840 1015 2934 1058 me
2956 1005 3017 1058 tu
3029 996 3115 1057 vis
3127 995 3628 1077 quemadmodum
3642 994 3772 1056 heri

2118 1086 2391 1148 occidisti
2428 1085 2787 1168 Egyptum‘.’
2817 1086 2931 1148 hoc
2976 1094 3065 1148 est
3109 1084 3325 1148 Christi
3355 1082 3768 1165 opprobrium,

2121 1175 2288 1236 malis
2344 1194 2413 1238 ac
2468 1175 2704 1255 injuriis
2753 1174 2909 1237 afﬁci
2965 1193 3154 1255 usque
3208 1173 3281 1235 ad
3338 1174 3517 1234 ﬁnem
3575 1179 3775 1234 extre-

2116 1281 2402 1343 mumque
2436 1264 2707 1343 spiritum
2758 1281 2773 1326 :
2824 1261 3327 1345 quemadmodum
3372 1261 3474 1323 ille
3520 1259 3777 1323 convitia

2115 1351 2399 1414 sustinuit
2432 1360 2489 1413 et
2517 1351 2763 1429 audivit,
2800 1350 2899 1414 «Si
2924 1351 3113 1413 Filius
3130 1350 3240 1412 Dei
3264 1367 3350 1426 es,
3379 1349 3679 1411 descende
3703 1349 3781 1410 de

2114 1457 2313 1502 cruce:
2329 1450 2612 1522 nuterque
2633 1439 2793 1503 enim
2816 1440 3056 1521 probris
3079 1447 3136 1502 et
3163 1439 3445 1501 conviciis
3470 1436 3781 1518 petebatur

2114 1547 2150 1590 a
2176 1530 2300 1591 suis
2329 1530 2788 1606 contribulibus,
2824 1531 2953 1591 loco
2979 1528 3412 1591 beneﬁciorum
3437 1525 3652 1606 quibus
3679 1544 3781 1588 eos

2114 1618 2416 1680 affecerat.
2448 1620 2810 1700 Respectum
2835 1618 2998 1680 enim
3022 1617 3303 1680 habebat.
3329 1615 3512 1678 Vides
3542 1615 3721 1678 ﬁdem
3746 1614 3777 1675 ‘l

2194 1705 2294 1782 XI,
2319 1708 2522 1770 27-31.
2578 1711 2691 1770 Per
2747 1707 2930 1789 ﬁdem
2962 1708 3214 1788 reliquit
3242 1706 3587 1787 Ayz/ptum
3614 1704 3778 1767 haud

2118 1798 2351 1858 veritus
2366 1798 2741 1875 ferocitatem
2762 1796 3228 1878 regis.Perinde
3248 1813 3371 1857 non
3390 1800 3569 1874 quasi
3586 1795 3774 1856 vidis-

394 1883 780 1990 ἐκαρτέρησε).’
826 1912 1003 1968 Πίστει
1058 1883 1319 1982 πεποίηκέ
1357 1883 1425 1969 Ιτὸ
1493 1883 1703 1991 πάσχα,
1777 1910 1865 1965 καὶ
1905 1883 2035 1974 ’τὴν

2137 1894 2203 1991 ἱει
2230 1904 2367 1947 eum
2386 1888 2491 1991 qui
2515 1895 2601 1948 est
2624 1886 2954 1991 invisibilis
2988 1889 3074 1947 ita
3121 1883 3775 1987 toleravit..Per.ﬁdem

392 2000 697 2078 πρόσχυσιν
755 2007 845 2056 τοῦ
900 2000 1154 2077 αῗματος,
1240 2000 1334 2060 ἵνα
1390 2001 1467 2078 μὴ
1523 2002 1551 2055 ὁ
1634 1997 1917 2077 ὀλεθρεόι-ιν
1970 1996 2037 2052 τὰ

392 2088 705 2166 πρωτότοκα
759 2091 879 2169 θίγῃ
951 2091 1144 2154 αὐτῶν,
1208 2094 1384 2148 Πίστει
1443 2086 1690 2155 διέϐησαν
1747 2088 1846 2154 τὴν
1878 2085 2036 2165 Ἐρυ-

394 2178 518 2253 θρὰν
547 2176 816 2234 θάλασσαν
885 2181 959 2244 ὡς
1009 2178 1093 2239 διὰ
1147 2179 1331 2260 ξηρᾶς,
1402 2179 1470 2247 ἧς
1543 2191 1731 2256 πεῖραν
1787 2173 2037 2237 λαϐόντες

399 2266 447 2320 οἱ
520 2267 792 2343 Αἰγύπτιοι
845 2269 1233 2337 κατεπόθησαν,
1281 2272 1459 2325 Πίστει
1497 2269 1563 2324 τὰ
1612 2269 1772 2345 τείχη
1833 2264 2042 2343 ἰεριχὼ

396 2353 681 2429 κατέπεσε,
773 2356 1109 2415 κυκλωθέντα
1193 2360 1281 2416 επὶ
1349 2358 1484 2415 ἑπτὰ
1563 2355 1788 2435 ἡμέρας.
1862 2354 2041 2409 Πίστει

404 2435 565 2502 Ῥαὰϐ
622 2449 657 2515 ἡ
728 2449 897 2528 πόρνη
954 2451 1015 2508 οὗ
1096 2449 1434 2508 συναπώλετο
1526 2462 1643 2513 τοῖς
1699 2447 2038 2519 ἀπειθήσασι,

398 2531 655 2611 δεξαμένη
682 2539 804 2603 τοὺς
833 2532 1199 2605 κατασκόποός
1226 2538 1342 2617 μετ’
1375 2542 1613 2620 εἰρήνης.
1650 2561 1677 2593 ι)

491 2734 517 2769 ε
581 2714 758 2772 Πίστει
813 2715 1095 2774 κατέλιπεν
1192 2718 1483 2799 Α’ἷγινιπον.
1519 2739 1548 2772 ι
1608 2714 1786 2771 Πίστει
1837 2710 2045 2790 ἒξῆλθε,

403 2800 488 2857 διὰ
517 2804 580 2859 τὸ
624 2805 698 2879 μὴ
730 2806 977 2886 πειράναι
1047 2808 1138 2865 τὸν
1211 2810 1338 2864 Θεὸν
1395 2809 1439 2863 εἰ
1481 2805 1658 2876 σώζει.
1719 2803 1816 2862 Καὶ
1878 2802 1939 2857 τὸ
1969 2801 2047 2886 μη

405 2891 678 2971 πειράσαι,
710 2890 795 2949 διὰ
863 2896 1091 2960 πίστεως
1161 2896 1255 2965 ἦν.
1322 2887 1403 2952 ’Ἡ
1459 2894 1742 2957 πιστεύσας
1794 2889 1929 2969 ἥξειν
1970 2881 2058 2944 καὶ

406 2978 623 3068 ἐξοίσειν
650 2983 742 3039 τὸν
771 2980 924 3045 λαὸν.
969 3008 993 3041 ι
1030 2986 1119 3053 Μὴ
1150 2984 1395 3065 φοϐηθεὶς
1440 2985 1530 3041 τὸν
1588 2983 1749 3060 θυμὸν
1778 2990 1870 3039 τοῦ
1898 2981 2052 3068 91m-
2075 3019 2114 3068 C

418 3066 580 3132 λέως,
620 3092 648 3125 ε
689 3071 869 3129 Καίτοι
901 3069 992 3131 Ἐν
1061 3080 1130 3151 τῇ
1188 3072 1386 3147 Ἐξόδῳ
1441 3086 1615 3129 κεῖται
1672 3072 1733 3127 τὸ
1796 3066 2052 3150 ἐφοϐήθη.

414 3154 561 3213 Ἀλλ’
617 3156 762 3218 οὐδὲν
819 3160 1072 3225 ἐναντίον,
1134 3172 1390 3221 Τοσοῦτον
1459 3162 1559 3241 γὰρ
1615 3160 1709 3217 οὒκ
1783 3155 2053 3239 ἐφοϐεῖτο,

411 3244 571 3303 πάλιν
615 3246 763 3314 ἦλθε.
821 3247 1156 3327 Φοϐουμένου
1211 3253 1311 3331 γὰρ
1352 3250 1417 3318 ἧν
1472 3253 1532 3306 τὸ
1576 3248 1770 3326 μηκέτι
1797 3245 2057 3324 ὑποστρέ-

412 3340 510 3411 ψαι
554 3338 628 3401 εἷς
669 3339 965 3417 Αἴγυπτον.
1012 3343 1084 3399 Τὸ
1110 3342 1197 3399 οὖν
1227 3343 1300 3399 Οὔ
1360 3337 1604 3421 φοϐηθεὶς
1662 3341 1751 3395 τὸν
1780 3338 1939 3412 θυμὸν
1969 3342 2059 3392 τοῦ

412 3424 706 3503 βασιλέως,
738 3429 809 3493 ὡς
838 3430 969 3508 πρὸς
997 3432 1060 3486 τὸ
1088 3430 1247 3487 πάλιν
1281 3428 1455 3488 ἐλθεῖν
1474 3431 1606 3492 νόει.
1652 3431 1723 3487 Τὸ
1764 3424 1819 3483 δὲ
1849 3425 2056 3506 πρῶτον

413 3512 673 3596 ἐφοϐήθη,
708 3517 768 3575 οὗ
822 3520 912 3576 τὸν
983 3521 1223 3596 βασιλέα,
1271 3519 1407 3578 ἀλλὰ
1477 3520 1555 3596 μὴ
1624 3517 1942 3595 βουλόμενος
1984 3517 2057 3578 εἰς

413 3613 683 3699 προῦπτον
748 3605 979 3699 κίνδυνον
1047 3610 1232 3666 ἑαυτὸν
1269 3674 1292 3699 φ
1342 3608 1642 3688 ὲπιῤῥῖψαι.
1728 3613 1892 3699 Τοῦτο
1958 3606 2058 3684 γὰρ

417 3694 755 3772 πειράζοντος
803 3695 869 3763 ἧν
910 3698 1000 3754 τὸν
1064 3706 1217 3777 Θεον.
1272 3693 1329 3757 Ἠ
1399 3697 1479 3755 ὅτι
1537 3698 1633 3755 οὒκ
1689 3693 1923 3776 ἐφοϐήθη
1980 3696 2058 3769 μὴ

420 3790 668 3849 τοσοῦτος
709 3783 928 3863 γένηται
959 3788 988 3843 ὁ
1045 3789 1206 3863 θυμὸς
1248 3789 1322 3853 ὡς
1363 3789 1451 3844 καὶ
1509 3785 1835 3858 ἀναζητῆσαι
1905 3784 2061 3840 αὐτὸν

417 3871 669 3950 φυγόντα.
735 3862 900 3931 ’Ὅθεν
970 3875 1027 3932 οὗ
1083 3862 1312 3957 μακρὰν,
1373 3874 1490 3933 ἀλλ’
1559 3875 1618 3930 ἐκ
1645 3874 1897 3952 γειτόνων
1925 3870 2062 3928 ἀπέ-

419 3956 535 4037 δρα.
589 3967 759 4019 Τοῦτο
783 3960 838 4018 δὲ
886 3964 1114 4029 πίστεως
1181 3965 1268 4032 ἧν,
1338 3986 1360 4023 ιι
1425 3966 1526 4022 Τὸν
1580 3964 1680 4043 γὰρ
1739 3962 1959 4040 ἂόρατον
1988 3962 2060 4022 ὡς

420 4051 553 4125 ὁρῶν
583 4048 919 4130 ἐκαρτέρησε.
959 4076 983 4111 ε
1034 4055 1134 4111 Τὸν
1163 4054 1385 4133 ἀόρατον
1456 4054 1586 4110 Θεὸν
1644 4051 1821 4130 ὥσπερ
1863 4048 2063 4131 ὀφθαλ-

427 4151 558 4212 μοῖς
602 4154 876 4218 σαρκικοῖς
907 4144 1065 4222 ὁρῶν.
1103 4132 1271 4222 Ἐώρα
1313 4140 1366 4199 δὲ
1409 4144 1562 4201 αὐτὸν
1590 4139 1817 4204 διανοίας
1862 4139 2063 4220 ὀφθαλ-

424 4239 575 4302 μοῖς,
644 4231 733 4286 καὶ
800 4229 974 4288 πάντα
1029 4231 1274 4306 ὑπέμεινε
1329 4238 1588 4308 κατερῶς,
1650 4230 1750 4297 τὴν
1799 4230 1935 4305 μετὰ
1975 4234 2066 4284 τοῦ

422 4314 551 4373 λαοῦ
579 4320 892 4398 κακουχίαν,
938 4319 1038 4388 τὴν
1065 4321 1257 4399 φυγὴν,
1327 4321 1394 4376 τὰ
1448 4318 1583 4379 ἄλλα
1652 4318 1846 4376 πάντα.
1881 4317 2064 4395 Μεγά-

2116 1976 2256 2053 fecit
2274 1975 2494 2054 pascha
2520 1982 2578 2037 et
2596 1975 2942 2056 e/fusionem
2956 1975 3301 2055 sanguinis,
3322 1990 3398 2034 ne
3414 1974 3465 2035 is
3478 1974 3584 2052 qui
3604 1974 3773 2052 peri-

2120 2063 2311 2125 mebat
2326 2066 2758 2144 primogenita,
2778 2072 3047 2145 tangeret
3064 2066 3246 2141 ipsos.
3272 2063 3390 2124 Per
3401 2062 3578 2143 ﬁdem
3600 2070 3769 2123 tran-

2120 2154 2355 2214 sierunt
2402 2171 2568 2215 mare
2604 2153 2878 2217 Rubrum
2927 2155 3117 2215 veluti
3143 2169 3258 2233 per
3274 2153 3496 2213 siccam
3518 2157 3770 2226 terram,

2123 2243 2280 2321 quod
2303 2259 2434 2303 cum
2458 2250 2788 2306 tentussent
2811 2243 3119 2324 Egyptii,
3151 2241 3415 2317 absorpti
3447 2248 3613 2303 sunt.
3656 2240 3776 2302 Per

2124 2330 2310 2409 ﬁdem
2332 2334 2557 2394 mwuia
2597 2334 2838 2395 Jericho
2881 2334 3269 2394 conciderunt
3295 2329 3667 2392 circumdata
3696 2330 3776 2392 ad

2124 2420 2252 2481 dies
2270 2420 2653 2499 septemPer
2670 2422 2851 2502 ﬁdem
2886 2419 3102 2482 Rahab
3129 2421 3424 2482 meretrix
3442 2435 3563 2480 non
3581 2420 3773 2499 periit

2126 2525 2251 2570 una
2273 2526 2407 2571 cum
2445 2510 2540 2573 his
2587 2514 2697 2591 qui
2746 2529 2868 2573 non
2908 2511 3422 2585 obedierunt,cum
3452 2511 3778 2589 excepisset

2127 2598 2386 2680 hospitio
2413 2602 2832 2682 earploratores
2857 2602 3127 2682 paciﬁca.

2216 2691 2365 2751 «Per
2385 2690 2564 2751 ﬁdem
2588 2692 2828 2773 reliquit
2849 2691 3188 2772 Egyptum.
3204 2693 3354 2753 nPer
3368 2688 3547 2751 ﬁdem
3572 2707 3779 2769 egres-

2141 2794 2241 2837 sus
2268 2785 2383 2858 est,
2418 2798 2493 2840 ne
2514 2780 2701 2842 Deum
2729 2790 3001 2855 tentaret,
3035 2798 3173 2840 num
3223 2779 3417 2859 ipsum
3442 2787 3781 2840 servaturus

2141 2875 2328 2927 esset:
2352 2866 2612 2948 idipsum
2657 2876 2854 2948 autem
2883 2888 3001 2930 non
3037 2876 3282 2944 tentare,
3312 2867 3453 2929 ﬁdei
3483 2875 3630 2929 erat.
3664 2871 3782 2930 Aut

2139 2972 2271 3015 cum
2313 2946 2667 3019 credidisset
2722 2976 2787 3019 se
2815 2946 2948 3020 ésse
2996 2966 3313 3019 venturum
3345 2966 3404 3018 et
3433 2950 3785 3018 educturum

2143 3041 2451 3123 populum.
2493 3044 2691 3108 «Haud
2726 3047 2945 3107 veritus
2976 3045 3264 3108 ferociam
3292 3045 3701 3125 regis.oAtqui
3723 3044 3786 3106 in

2140 3131 2340 3193 Exodo
2365 3134 2618 3197 habetur
2635 3137 2793 3216 quod
2810 3135 3079 3196 timuerit
3105 3156 3117 3193 :
3143 3134 3249 3196 sed
3273 3134 3422 3194 nihil
3443 3151 3514 3195 ex
3535 3134 3651 3194 hoc
3678 3134 3788 3195 ha-

2142 3223 2315 3287 betur
2339 3224 2777 3289 contrarium.N
2786 3244 2936 3305 eque
2950 3243 3066 3285 non
3089 3223 3236 3284 adeo
3262 3223 3458 3284 timuit
3477 3222 3622 3303 quin
3649 3240 3789 3284 rur-

2143 3330 2271 3375 sum
2304 3317 2576 3378 rediret:
2633 3314 2898 3375 timentis
2954 3332 3073 3375 non
3130 3312 3338 3373 fuisset
3385 3331 3504 3373 non
3534 3311 3792 3392 amplius

2140 3406 2356 3467 reverti
2397 3406 2458 3467 in
2517 3403 2850 3484 lEgyptum.
2902 3401 3071 3474 Quod
3117 3419 3253 3479 ergo
3275 3402 3377 3474 ait,
3414 3399 3543 3461 Non
3568 3402 3790 3463 veritus

2139 3492 2420 3554 ferociam
2460 3493 2620 3572 regis
2667 3491 2935 3570 intellige
2992 3491 3065 3552 ad
3096 3490 3358 3551 secundo
3387 3489 3788 3553 redeundum.

2141 3582 2339 3645 Primo
2370 3591 2566 3644 autem
2601 3580 2803 3642 timuit
2841 3598 2959 3641 non
3002 3598 3228 3659 regem,
3262 3580 3365 3639 sed
3398 3579 3606 3641 nolens
3636 3597 3700 3640 se
3728 3579 3792 3640 in

2144 3672 2517 3732 manifestum
2545 3669 2847 3749 conjicere
2874 3668 3226 3749 periculum.
3261 3666 3405 3728 Nam
3438 3668 3552 3728 hoc
3582 3668 3796 3730 fuisset

2144 3761 2386 3826 tentatis
2416 3760 2630 3822 Deum.
2663 3763 2783 3821 Aut
2807 3758 2963 3840 quod
2992 3777 3110 3819 non
3150 3757 3508 3819 timueritne
3522 3757 3671 3819 adeo
3701 3757 3794 3819 in-

2144 3860 2441 3911 cresceret
2463 3850 2590 3928 ejus
2612 3847 3076 3923 ferocia,uteum
3095 3845 3428 3926 inquireret
3446 3847 3788 3926 fugientem.

2144 3936 2314 4000 Unde
2335 3958 2452 3999 non
2477 3939 2674 4015 longe,
2709 3937 2815 3997 sed
2855 3939 2931 3999 ad
2985 3935 3178 3998 vicina
3206 3936 3338 3996 loca
3368 3936 3601 4016 aufugit
3634 3953 3647 3998 :
3685 3936 3798 3997 hoc

2146 4035 2341 4088 autem
2365 4028 2504 4089 ﬁdei
2527 4036 2674 4089 erat.
2708 4025 2997 4088 «Perinde
3020 4026 3179 4086 enim
3202 4025 3368 4105 quasi
3391 4025 3631 4087 vidisset
3661 4043 3794 4086 eum

2148 4117 2247 4196 qui
2277 4124 2366 4177 est
2394 4116 2730 4190 invisibilis,
2765 4116 2849 4178 ita
2901 4114 3191 4178 toleravit.
3229 4138 3256 4170 ι
3312 4114 3575 4177 Perinde.
3626 4116 3797 4196 quasi

2150 4204 2337 4266 oculis
2392 4206 2627 4267 carneis
2684 4204 2873 4266 Deum
2922 4205 3164 4265 vidisset
3212 4203 3314 4284 qui
3342 4212 3431 4265 est
3457 4203 3798 4266 invisibilis.

2150 4292 2309 4355 Vidit
2339 4304 2535 4356 autem
2567 4313 2705 4356 eum
2764 4293 2955 4355 oculis
2983 4293 3294 4370 mentis,et
3324 4296 3523 4355 omnia
3548 4293 3799 4357 viriliter

424 4403 525 4472 λης
555 4407 656 4487 γὰρ
703 4376 1007 4482 ὑπομονῆς,
1043 4376 1322 4476 ποιητικὸν
1380 4376 1470 4465 τὸ·
1510 4407 1657 4487 ἔχειν
1724 4405 1778 4463 ἐν
1848 4412 1921 4481 νῷ
1975 4376 2055 4462 ἶιεὸι

2153 4383 2437 4455 toleravit,
2488 4401 2703 4463 nempe
2757 4400 3057 4444 aerumnas
3084 4400 3198 4442 una
3229 4399 3362 4441 cum
3416 4382 3634 4461 populo
3665 4381 3796 4457 Dei,

424 4493 580 4554 Θεόν.
645 4517 674 4549 α
727 4495 910 4552 Πίστει
980 4497 1242 4564 πεποίηκε
1284 4497 1346 4554 τὸ
1418 4494 1629 4575 πάσχα,
1665 4518 1694 4551 ε
1755 4493 1897 4552 Εἷπε
1968 4494 2069 4571 γὰρ

422 4589 648 4661 Μωσῆς,
696 4587 946 4668 Χρίσατε,
1004 4586 1097 4644 ἵνα
1139 4590 1365 4663 σωθῆτε,
1418 4587 1507 4643 καὶ
1565 4585 1870 4642 ἐπίστευσαν
1900 4583 2068 4653 σώζε-

425 4674 563 4733 σθαι.
628 4671 860 4733 Ἐκεῖνοι
914 4675 1035 4752 μὲν,
1106 4678 1289 4757 φησὶν,
1348 4675 1539 4749 αἵματι
1596 4674 1755 4754 ἀρνοῦ
1822 4672 2066 4729 ἐπίστευ-

424 4782 524 4817 σαν
552 4763 905 4845 σωθήσεσθαι,
949 4766 1038 4821 καὶ
1096 4764 1379 4845 ἐπέτυχον.
1429 4757 1613 4840 ’Υμεῖς
1657 4761 1736 4838 δὲ,
1799 4763 1951 4841 φησὶ,
1993 4766 2072 4835 τῷ

430 4850 622 4927 αἵματι
662 4860 757 4910 τοῦ
813 4861 1040 4933 Χριστοῦ
1107 4860 1223 4921 πῶς
1265 4859 1327 4915 οὐ
1396 4853 1600 4931 μᾶλλον
1656 4851 1960 4910 πιστεύσετε
1991 4852 2079 4908 καὶ

437 4940 735 5011 σώθήσεσθε
800 4942 907 5000 ἀπὸ
996 4950 1105 5001 τῶν
1183 4941 1628 5002 ἐπιϐουλευόντων
1684 4943 1855 5022 ὑμῖνς
1909 4962 1932 4996 ε
1982 4940 2082 4998 Καὶ

434 5029 535 5096 τὴν
577 5029 875 5111 πρόσχυσιν
923 5032 1019 5089 τοῦ
1085 5031 1339 5109 αἵματος,
1383 5053 1407 5088 ε
1477 5031 1775 5112 Πρόσχυσιν
1845 5027 2076 5100 αἵματος

433 5116 651 5175 ἐκάλεσε
716 5120 817 5188 τὴν
866 5122 1004 5179 κατὰ
1056 5127 1161 5179 τῶν
1237 5120 1400 5202 φλιῶν
1454 5127 1560 5178 τῶν
1657 5121 1821 5198 θυρῶν
1876 5118 2071 5198 χρίσινν

426 5205 521 5262 ’ίνα
554 5207 633 5282 μοὶ
659 5211 781 5287 θίγῃ
818 5209 993 5267 αὐτῶν
1050 5213 1079 5267 ὁ
1149 5210 1460 5290 ὀλοθρεύων.
1519 5214 1682 5268 Τοῦτο
1737 5204 1792 5263 δὲ
1819 5206 1982 5270 τύπος
2011 5205 2076 5273 ἦν

430 5301 524 5351 τοῦ
554 5292 789 5372 αἵματος
817 5304 911 5356 τοῦ
940 5295 1137 5374 Ἀμνοῦ
1166 5305 1258 5356 τοῦ
1287 5297 1441 5361 Θεοῦ.
1479 5297 1579 5354 Διὰ
1637 5296 1736 5375 γὰρ
1789 5303 1885 5354 τοῦ
1912 5293 2079 5370 α’ίμα-

426 5404 519 5449 τος
578 5386 736 5446 αὐτοῦ
816 5388 911 5443 τὸν
996 5386 1306 5467 ὁλοθρευτὴν
1386 5391 1632 5443 Σατανᾶν
1716 5381 2082 5458 ἀποσοϐοῦμεν

434 5475 611 5530 Πίστει
644 5472 893 5543 διέϐησαν
977 5477 1076 5544 τὴν
1109 5475 1378 5556 Ἐρυθράν,
1440 5474 1788 5532 Ἐπίστευσαν
1817 5473 1917 5551 γὰρ
1963 5468 2083 5527 δια-

2149 4471 2368 4553 fugam,
2402 4481 2731 4553 caeteraque
2783 4471 3002 4535 omnia.
3040 4474 3268 4549 Magnae
3310 4469 3468 4531 enim
3501 4470 3798 4550 patientia

2149 4581 2325 4624 causa
2347 4560 2672 4623 esthabere
2692 4561 2754 4622 in
2777 4559 3384 4638 mente.Deum.4l4
3420 4582 3441 4613 ι
3476 4557 3591 4619 Per
3619 4558 3800 4619 ﬁdem

2152 4651 2290 4713 fecit
2320 4652 2557 4732 pascha.
2594 4673 2617 4707 ι
2651 4649 2809 4711 Dixit
2832 4649 2991 4711 enim
3008 4652 3205 4712 Moses
3233 4669 3247 4711 :
3280 4646 3473 4709 Linite
3503 4658 3706 4727 postes
3732 4655 3799 4708 ut

2161 4740 2507 4821 servemini,
2535 4749 2594 4804 et
2646 4739 3031 4801 crediderunt
3084 4736 3241 4819 quod
3270 4736 3546 4798 servandi
3576 4742 3796 4800 essent.

2158 4832 2251 4896 Illi
2267 4833 2509 4914 quidem
2537 4829 2917 4894 crediderunt
2940 4847 3004 4891 se
3023 4847 3134 4910 per
3153 4827 3497 4907 sanguinem
3526 4825 3664 4906 agni
3684 4844 3808 4890 ser-

2159 4930 2403 4999 vandos,
2455 4919 2673 5002 inquit,
2727 4919 2908 4999 idque
2956 4917 3262 4980 consecuti
3308 4924 3461 4979 sant.
3518 4919 3635 4980 Vos
3663 4936 3803 4999 ergo

2159 5012 2458 5095 quomodo
2488 5029 2606 5073 non
2626 5008 2811 5087 magis
2855 5006 3113 5070 credetis
3141 5024 3248 5087 per
3270 5004 3619 5086 sanguinem
3640 5007 3806 5069 Chri-

2160 5103 2235 5165 sti
2257 5120 2357 5163 vos
2396 5118 2529 5163 esse
2574 5097 2991 5173 servandos,et
3015 5095 3407 5158 servabimini
3432 5096 3505 5157 ab
3530 5096 3808 5160 omnibus

2159 5192 2260 5273 qui
2279 5189 2445 5251 vobis
2461 5187 2866 5250 insidiantur?
2894 5213 2913 5243 ι
2955 5185 3025 5248 Ει
3050 5185 3404 5248 effusionem
3436 5186 3803 5264 sanguinis"

2160 5279 2526 5343 Eﬁ‘usionem
2556 5275 2864 5356 sanguinis
2894 5275 3121 5337 vocavit
3145 5275 3491 5339 unctionem
3541 5276 3814 5340 liminum

2165 5371 2593 5446 ostriorum,ne
2616 5375 2883 5448 tangeret
2912 5365 3075 5447 ipsos
3089 5365 3512 5429 exterminatur
3538 5367 3807 5448 angelus.

2167 5461 2229 5525 1d
2264 5469 2461 5522 autem
2499 5473 2671 5540 typus
2698 5466 2823 5520 erat
2852 5456 3159 5536 sanguinis
3190 5455 3344 5537 Agni
3375 5456 3504 5520 Dei.
3531 5455 3676 5523 Nam
3707 5475 3816 5539 per

431 5559 722 5633 ϐτίσεσθαι.
756 5566 844 5621 καὶ
874 5562 1144 5634 διέϐησαν.
1170 5545 1180 5556 ι
1204 5545 1464 5625 Τοσοῦτον
1494 5560 1639 5620 οἶδεν
1692 5563 1728 5630 ἡ
1771 5563 1946 5625 πίστις
1997 5580 2055 5615 κα

2170 5550 2360 5631 ipsius
2388 5546 2737 5628 sanguinem
2766 5545 3060 5626 abigimus
3087 5548 3610 5613 exterminatorem
3641 5546 3813 5611 Sata-

435 5652 502 5709 τὰ
533 5650 761 5710 ἀδύνατα
803 5651 998 5712 δυνατὰ
1025 5667 1231 5718 ποιεῖν,
1284 5673 1314 5714 ι
1345 5650 1443 5719 Ἦς
1510 5665 1700 5733 πεῖραν
1762 5648 2009 5713 λαϐόντες
2044 5670 2055 5704 ι

2173 5641 2455 5704 nam.Per
2465 5638 2646 5703 ﬁdem
2664 5635 3473 5702 transieruntmareﬂubrum
3485 5636 3815 5721 .Siquidem
