4180 6212
471 361 590 429 419

1585 357 1931 429 (ΈΟΗΜΕΝ
1943 363 1997 426 II
2043 354 2340 427 TRICCE
2374 356 2713 428 EPISCOPI

3725 346 3846 416 420

466 500 852 565 crediderunt
872 518 936 564 se
967 499 1418 580 transituros,ac
1446 499 1827 561 transierunt.
1865 497 2090 561 Tantun

2174 497 2494 575 .Αἶγύπτιοι,
2531 521 2561 553 ι
2640 486 2806 561 ’Ἱσως
2877 496 2976 576 γὰρ
3017 494 3270 552 ὑπενόουν
3328 492 3492 560 αὐτὴν
3549 495 3652 572 γῆν
3700 488 3843 547 εῖναι

469 591 619 653 valet
651 591 821 661 ﬁdes,
856 598 920 652 ut
949 609 1078 672 quae
1135 590 1311 652 etiam
1342 588 1735 670 impossibilia
1776 595 1915 649 sunt
1946 587 2120 648 faciat

464 679 790 762 possibilia.
831 702 854 738 α
893 678 1060 751 Quod
1085 697 1218 740 cum
1234 676 1872 758 tentassentEgyptii.
1903 702 1928 733 ι
1965 675 2116 738 For—

465 769 636 831 tassis
667 768 826 831 enim
884 765 1342 848 suspicabantur
1395 783 1561 828 mare
1617 784 1749 827 esse
1780 773 2021 839 terram,
2060 772 2117 826 et

463 864 838 920 tentaverunt
868 855 982 936 ipsi
1011 873 1253 937 quoque
1277 855 1668 936 pertransire,
1700 853 1807 916 sed
1841 853 2116 915 interitus

457 947 721 1028 ipsorum
759 944 1022 1007 ostendit
1078 945 1236 1026 quod
1298 963 1442 1006 vero
1497 952 1659 1007 esset
1685 961 1870 1016 mare,
1907 958 2114 1003 etnon

461 1033 771 1118 phantasia
792 1032 1087 1115 quaedam.
1112 1032 1411 1096 Diﬂissum
1428 1050 1684 1113 namque
1705 1039 1917 1112 praeter
1945 1048 2111 1091 suam

458 1135 728 1188 naturam
761 1142 867 1205 pro
899 1122 1108 1200 Israel,
1134 1122 1192 1184 id
1228 1121 1541 1203 praestabat
1570 1129 1631 1182 ut
1663 1120 1914 1199 pedibus
1943 1119 2111 1179 ince-

457 1215 669 1277 derent
729 1234 743 1273 :
807 1211 1111 1293 Egyptios
1195 1230 1334 1273 vero
1385 1209 1676 1272 conclusit
1719 1209 1886 1289 juxta
1942 1225 2107 1268 suam

457 1299 991 1382 naturam.Scopus
1021 1309 1219 1362 autem
1250 1299 1365 1381 ipsi
1382 1306 1508 1361 erat
1530 1308 1592 1360 ut
1620 1298 1780 1378 ipsos
1799 1296 2111 1357 induceret

455 1394 529 1457 ad
554 1390 946 1465 credendum,
968 1390 1448 1472 sperandumque
1480 1390 1695 1464 futura,
1732 1394 1907 1468 atque
1941 1384 2015 1446 ob
2046 1384 2105 1446 id

455 1499 693 1544 omnem
721 1481 879 1543 hunc
909 1479 1090 1542 movit
1108 1496 1471 1541 sermonem.
1501 1503 1521 1533 ο
1553 1475 1665 1538 Per
1687 1475 1864 1537 ﬁdem
1894 1472 2109 1535 moenia

454 1570 719 1632 Jericho.
755 1589 784 1629 ›
821 1567 1215 1630 Crediderunt
1249 1566 1407 1628 enim
1440 1566 1700 1627 futurum
1732 1572 1793 1624 ut
1819 1563 2106 1624 concide-

452 1668 610 1735 rent,
665 1670 725 1719 et
776 1664 940 1719 certe
986 1656 1134 1718 ﬁdes
1164 1655 1339 1718 etiam
1373 1673 1443 1717 ea
1466 1672 1597 1735 quae
1625 1670 1805 1733 supra
1836 1660 2104 1713 naturam

2200 588 2286 643 καὶ
2356 585 2634 666 ἐπείρασαν
2690 587 2778 644 καὶ
2834 586 2979 642 αὐτοὶ
3034 582 3340 658 παρελθεῖν,
3397 580 3519 638 ἀλλ’
3573 582 3608 649 ἡ
3678 583 3849 638 αὐτῶν

2200 673 2459 755 ἀπώλεια,
2534 673 2722 742 ἔδειξεν
2778 685 2935 734 οὖσαν
3011 671 3276 731 θάλασσαν
3332 670 3567 745 ἀληθῶς,
3629 669 3716 726 καὶ
3786 669 3846 724 οὗ

2198 765 2482 843 φαντασίαν
2540 764 2679 823 τινά.
2762 771 2849 839 Τῷ
2906 763 3005 839 μὲν
3080 763 3180 841 γὰρ
3265 758 3479 839 Ἰσραὴλ
3548 759 3690 837 παρά
3747 759 3847 825 τὴν

2199 852 2393 910 οἰκείαν
2454 854 2606 934 φύσιν
2660 856 2968 934 σχισθεϊσα,
3039 853 3099 908 τὸ
3168 851 3402 923 πεζεύειν
3485 846 3671 924 ἐδίδου,
3723 847 3844 910 τοὺς

2197 939 2251 996 δὲ
2321 942 2633 1020 Αἰγυπτίους
2716 944 2851 999 κατὰ
2929 941 3029 1009 τὴν
3097 941 3292 998 οὶκείαν
3355 936 3607 1009 ἐπέκλυζε
3662 936 3837 1016 φύσιν.

2196 1030 2405 1095 Σκοπός
2463 1029 2518 1087 δὲ
2575 1033 2718 1107 αὐτῷ
2784 1030 2851 1099 ἦν
2920 1030 3204 1109 ἐναγαγετν
3253 1028 3438 1091 αὐτοὺς
3494 1028 3568 1090 εἰς
3625 1026 3685 1081 τὸ
3739 1046 3838 1082 πι-

2193 1120 2391 1176 στεύειν
2432 1133 2555 1183 ταῖς
2585 1118 2901 1194 μελλούσαις
2944 1118 3142 1193 ἐλπίσι,
3186 1118 3273 1174 καὶ
3328 1114 3415 1172 διὰ
3468 1121 3624 1172 τοῦτο
3665 1114 3836 1171 πάντα

2191 1208 2281 1264 τὸν
2313 1206 2469 1286 λόγον
2499 1218 2678 1268 τοῦτον
2708 1206 2938 1275 ἐκίνησε,
2979 1232 3004 1262 ιι
3056 1207 3233 1264 Πίστει
3276 1206 3340 1262 τὰ
3368 1205 3528 1284 τείχη
3559 1201 3827 1283 Ἰεριχώ.»

2191 1294 2530 1354 Ἐπίστευσαν
2606 1298 2705 1377 γὰρ
2800 1298 2932 1356 αὐτὰ
3012 1292 3454 1369 καταϐάλλεσθαι,
3515 1294 3605 1348 καὶ
3678 1290 3743 1358 δη
3798 1292 3834 1358 ἡ

2188 1387 2362 1451 πίστις
2418 1390 2504 1445 καὶ
2558 1389 2623 1445 τὰ
2678 1388 2819 1465 παρὰ
2872 1387 3022 1466 φύσιν
3121 1385 3488 1462 κατώρθωσεν.
3556 1404 3581 1439 ι
3657 1383 3834 1438 Πίστει

2194 1466 2352 1533 Ῥαὰϐ
2375 1477 2411 1544 ἡ
2480 1477 2675 1551 πόρνη.
2716 1500 2738 1532 ι
2815 1474 3026 1543 Ἐκείνη
3082 1475 3181 1554 γὰρ
3248 1474 3515 1532 ἀκούσασα
3556 1477 3661 1528 τῶν
3730 1471 3832 1527 ἀν-

2190 1561 2324 1642 δρῶν
2353 1564 2801 1644 ἀπαγγελλόντων
2831 1563 3101 1621 ἐπίστευσε
3157 1565 3245 1619 καὶ
3296 1560 3576 1628 ὑπεδέξατο
3624 1560 3832 1639 αὐτοὺς,

2189 1653 2359 1709 καίτοι
2387 1660 2491 1708 τῶν
2519 1653 2720 1710 λοιπῶν
2749 1652 3178 1721 ἀπιστησάντων.

452 1755 621 1811 erant
650 1747 889 1809 direxit.
931 1768 955 1802 ιι
986 1748 1102 1809 Per
1131 1745 1309 1807 ﬁdem
1341 1734 1543 1806 Rabab
1594 1745 1894 1804 meretrix.
1938 1766 1964 1798 ι›
2025 1738 2330 1821 Siquidem
2386 1759 2523 1802 cum
2549 1740 2812 1804 audisset
2839 1741 3170 1804 referentes
3221 1739 3401 1814 viros,
3435 1734 3691 1801 credidit
3743 1754 3813 1797 ac

451 1836 715 1917 suscepit
743 1854 869 1909 eos,
902 1832 1129 1896 tametsi
1160 1832 1376 1913 reliqui
1407 1840 1718 1894 manerent
1749 1829 2067 1893 increduli.

530 1924 636 1999 XI,
671 1923 891 1987 32-40.
925 1924 1005 1986 Et
1029 1922 1178 2003 quid
1227 1929 1519 2001 praeterea
1550 1920 1761 2000 loquor
1786 1919 1814 1979 ?
1843 1918 2090 1998 Deﬁciet

2272 1944 2291 1975 ι
2346 1922 2444 1979 Καὶ
2484 1919 2535 1977 τί
2562 1918 2637 1976 ἔτι
2667 1918 2853 2000 λέγω;
2886 1918 3181 1995 Ἐπιλείψει
3252 1919 3351 1998 γάρ
3407 1938 3474 1993 με
3531 1917 3820 1998 διηγούμε-

450 2017 615 2079 enim
671 2031 764 2076 me
813 2021 1053 2093 tempus
1107 2018 1672 2074 commemorantem
1705 2011 1777 2071 de
1808 2008 2100 2081 Gedeone,

450 2104 526 2167 de
554 2105 751 2165 Barac
794 2110 850 2164 et
897 2100 1200 2163 Samsone
1256 2106 1310 2162 et
1348 2100 1579 2177 Iephte,
1611 2116 1718 2161 nec
1747 2115 1870 2160 non
1901 2096 2106 2159 David

447 2199 504 2255 et
526 2191 808 2255 Sumuele
827 2208 899 2253 ac
919 2189 1253 2271 praphetis,
1287 2193 1393 2267 qui
1434 2206 1548 2269 per
1566 2188 1750 2267 ﬁdem
1782 2203 2102 2266 expugna—

446 2289 666 2344 verunt
711 2296 923 2360 regna,
974 2280 1213 2359 operati
1263 2284 1405 2340 sunt
1448 2278 1778 2355 justitiam,
1844 2274 2104 2337 assecuti

448 2378 589 2433 sunt
632 2370 1079 2449 promissiones,
1121 2365 1496 2429 occluserunt
1547 2383 1658 2428 ora
1693 2366 1959 2438 leonum,
1990 2381 2098 2426 ecc-

445 2462 800 2520 stinarerunt
822 2462 945 2518 vim
978 2457 1157 2536 ignis,
1183 2455 1529 2535 effugerunt
1556 2456 1720 2516 acies
1741 2454 1961 2533 gladii,
1987 2470 2099 2514 va-

445 2547 558 2608 lidi
604 2547 759 2624 facti
811 2552 955 2608 sunt
1011 2563 1088 2607 ea:
1141 2543 1578 2618 imbecillitate,
1612 2543 1805 2622 effecti
1833 2548 1973 2604 sunt
2001 2559 2099 2602 ro-

454 2635 611 2697 busti
632 2637 701 2696 in
722 2633 895 2710 bello,
928 2635 1304 2696 incursiones
1334 2638 1688 2694 averterunt
1716 2637 2092 2693 ea‘terorum.

447 2722 734 2786 Mulieres
791 2729 1159 2802 acceperunt
1216 2734 1295 2783 ea:
1351 2722 1780 2783 resurrectione
1826 2727 2097 2780 mortuos

440 2829 604 2874 suos.
659 2812 786 2875 Alii
827 2829 973 2875 vero
1001 2812 1143 2873 ca'si
1169 2817 1331 2883 sunt,
1364 2816 1679 2889 aspernati
1733 2808 2095 2887 redemptio-

440 2918 604 2981 nem,
650 2908 719 2964 ut
767 2902 1069 2983 potiorem
1144 2904 1506 2962 sortirentur
1558 2896 2088 2959 resurrectionem.

2189 2030 2275 2066 νον
2305 2011 2333 2066 6
2361 2010 2556 2090 χρόνος
2599 2011 2718 2089 περὶ
2784 2007 3008 2083 Γεδεὼν,
3069 2009 3246 2088 Βαράκ
3298 2028 3355 2064 τε
3433 2007 3528 2063 καὶ
3588 2010 3825 2085 Σαμψών

2185 2099 2274 2155 καὶ
2324 2096 2545 2178 ἰεφθὰε,
2608 2096 2774 2154 Δαυίδ
2822 2119 2879 2155 τε
2936 2098 3026 2154 καὶ
3067 2095 3322 2173 Σαμουὴλ
3369 2098 3458 2152 καὶ
3524 2098 3629 2154 τῶν
3688 2119 3824 2175 προ-

2186 2193 2391 2265 φητῶν,
2454 2189 2507 2244 οἳ
2589 2185 2673 2243 διὰ
2742 2188 2967 2251 πίστεως
3022 2186 3456 2264 κατηγωνίσαντο
3525 2186 3822 2263 βααιλείας,

2186 2275 2492 2354 εἰργάσαντο
2614 2274 2970 2349 δικαιοσύνην,
3087 2274 3347 2354 ἐπέτυχον
3463 2273 3819 2354 ἐπαγγελιῶν,

2183 2362 2404 2444 ἔφραξαν
2523 2364 2761 2440 στόματα
2883 2364 3134 2436 λεόντων,
3262 2360 3480 2419 ἔσϐεσαν
3610 2363 3825 2441 δύναμιν

2181 2455 2365 2532 πυρὸς,
2450 2452 2639 2532 ἔφυγον
2733 2454 2969 2529 στόματα
3056 2454 3345 2532 μαχαίρας,
3434 2449 3829 2527 ἐνεδυναμώθη-

2180 2561 2274 2596 σαν
2330 2541 2435 2598 ἀπὸ
2516 2542 2805 2622 ἀσθενείας,
2884 2542 3209 2620 ἐγενήθησαν
3289 2542 3496 2621 ἰσχυροὶ
3574 2539 3635 2622 ἐκ
3715 2564 3824 2598 πο-

2178 2625 2348 2707 λέμῳ,
2438 2617 2801 2709 ’παρεμϐολὰς⁷
2877 2617 3086 2685 ἔκλιναν
3166 2617 3476 2707 ἀλλοτρίων,
3583 2617 3821 2687 ’Ἑλαϐον

2176 2729 2423 2796 γυναῖκες
2496 2717 2548 2783 ἐξ
2643 2718 2978 2784 ἀναστάσεως
3084 2718 3205 2780 τοὺς
3314 2718 3525 2796 νεκροὺς
3623 2720 3816 2782 αὐτῶν,

2182 2794 2379 2863 ’Ἄλλοι
2503 2805 2557 2863 δὲ
2663 2806 3139 2885 ἐτυμπανίσθησαν,
3231 2804 3291 2862 ού
3407 2794 3817 2887 προσδεξάμενοι

2175 2895 2275 2964 τὴν
2369 2893 2754 2977 ἀπολύτρωσιν,
2886 2896 2979 2952 ἵνα
3086 2896 3379 2977 κρείττονος
3477 2897 3814 2961 ἀναστάσεως

439 2989 563 3052 Alii
589 2975 806 3053 rursus
834 2987 1121 3051 ludibriis
1151 2996 1208 3050 et
1230 2986 1442 3067 flagris
1471 2986 1769 3066 explorati
1795 2992 1955 3059 sunt,
1995 2986 2085 3046 in-

2174 2986 2427 3066 τύχωσιν.
2515 2975 2733 3065 ’Ἑτεροι
2837 2983 2891 3041 δὲ
2961 2975 3287 3065 ἐμπαιγμῶν
3367 2987 3456 3042 καὶ
3536 2985 3806 3064 μαστίγων

439 3095 629 3160 super
655 3085 710 3142 et
740 3078 998 3142 vinculis
1052 3085 1109 3140 et
1138 3093 1382 3139 carcere
1416 3096 1431 3135 :
1463 3074 1604 3135 4ῑῦ
1634 3075 1893 3155 lapidati
1920 3081 2085 3149 sunt,

2174 3089 2361 3153 πεῖραν
2458 3071 2667 3144 ἔλαϐον,
2750 3072 2825 3130 ἔτι
2922 3071 2977 3130 δὲ
3051 3072 3258 3151 δεσμῶν
3324 3076 3412 3133 καὶ
3508 3072 3743 3155 φυλακῆς
3780 3067 3806 3106 ἶ

436 3168 689 3230 dissecti
714 3174 878 3244 sunt,
916 3169 1133 3231 tentati
1160 3173 1322 3241 sunt,
1357 3170 1654 3228 occisione
1680 3162 1878 3244 gladii
1906 3180 2089 3225 occu-

2174 3162 2536 3236 ἐλιθάσθησαν,
2688 3161 3029 3242 ἐπρίσθησαν,
3183 3163 3588 3241 ἐπειράσθησαν,
3753 3161 3809 3218 ἐν

439 3254 696 3319 buerunt
729 3278 743 3317 :
775 3256 1211 3319 oberraverunt
1238 3256 1307 3317 in
1336 3254 1535 3317 ovillis
1568 3260 1625 3317 et
1654 3254 1926 3332 caprinis
1948 3252 2085 3333 pel-

2174 3252 2312 3333 φόνῳ
2368 3253 2637 3332 μαχαίρας
2752 3252 3010 3310 ἀπέθανον
3043 3268 3058 3285 ·
3135 3251 3416 3333 περιῆλθον
3503 3252 3556 3310 ἐν
3615 3250 3809 3328 μηλω-

436 3343 617 3420 libus,
651 3346 951 3449 destituti,
1011 3347 1227 3449 pressi,
1273 3342 1519 3447 afﬂicti,
1552 3340 1766 3423 quibus
1794 3341 2087 3449 indignus

2174 3354 2315 3421 ταῖς,
2376 3340 2431 3396 ἐν
2514 3340 2732 3419 αἰγείοις
2790 3339 3034 3421 δέρμασιν
3070 3357 3084 3370 ·
3173 3342 3559 3420 ὑστερούμενοι,
3631 3338 3814 3397 θλιϐό-

435 3443 570 3498 erat
597 3437 864 3497 mundus
877 3458 903 3508 ;
941 3440 1008 3497 in
1061 3435 1313 3497 desertis
1353 3441 1629 3495 errantes
1672 3440 1727 3494 et
1785 3431 2087 3496 montibus

2174 3451 2343 3506 μενοι,
2386 3431 2831 3510 κακουχούμενοι,
2890 3433 2964 3489 ὧν
3035 3432 3128 3487 οὒκ
3180 3430 3246 3497 ἧν
3329 3429 3471 3496 ἄξιος
3529 3433 3558 3486 6
3612 3432 3813 3506 κόσμος

434 3541 507 3586 ac
536 3524 837 3605 speluncis
891 3531 946 3588 et
1000 3524 1281 3587 cavernis
1331 3529 1531 3584 terrae.
1562 3522 1761 3601 Atque
1791 3538 1995 3583 omnes
2022 3521 2087 3583 hi

2174 3517 2223 3574 ἐν
2280 3518 2522 3596 ἐρημίαις
2591 3517 2929 3594 πλανώμενοι
3030 3521 3114 3575 καὶ
3190 3517 3472 3587 σπηλαίοις
3528 3521 3616 3575 καὶ
3682 3519 3810 3582 ταῖς

432 3617 839 3676 testimonium
861 3613 1185 3694 promeriti
1210 3629 1324 3694 per
1349 3611 1554 3690 ﬁdem,
1595 3629 1712 3672 non
1735 3619 2084 3687 acceperunt

2174 3609 2328 3672 ὀπαῖς
2383 3608 2479 3675 τῆς
2535 3613 2657 3686 γῆς.
2738 3610 2836 3666 Καὶ
2891 3608 3031 3665 οὗτοι
3102 3608 3294 3673 πάντες
3390 3606 3807 3688 μαρτυρηθέντες

423 3704 910 3784 promissionem,
944 3702 1105 3783 quod
1130 3702 1288 3764 Deus
1334 3701 1409 3763 de
1465 3699 1636 3762 nobis
1667 3700 1884 3762 melius
1913 3700 2084 3778 quid-

2174 3694 2250 3753 Sta
2277 3701 2375 3764 τῆς
2418 3698 2665 3772 πίστεως,
2702 3701 2797 3755 οὒκ
2820 3698 3133 3773 ἐκομίσαντο
3186 3697 3285 3764 τὴν
3342 3695 3683 3775 ἐπαγγελίαν,
3715 3706 3808 3755 τοῦ

2163 3786 2294 3843 Θεοῦ
2317 3787 2436 3865 περὶ
2475 3788 2629 3861 ἡμῶν
2676 3787 2916 3865 κρεῖττόν
2946 3808 2995 3842 τι
3066 3784 3521 3865 προϐλεψαμένου,
3568 3785 3660 3842 ἵνα
3722 3788 3800 3860 μὴ

2162 3877 2326 3955 χωρὶς
2355 3877 2512 3948 ἡμῶν
2540 3874 2914 3936 τελειωθῶσιν.
2944 3900 2971 3931 ι

2242 3962 2547 4026 Καταλύσας
2576 3966 2667 4021 τὸν
2696 3961 2855 4042 λόγον
2898 3966 2972 4029 εἰς
3024 3963 3122 4032 τὴν
3191 3964 3417 4044 πόρνην,
3477 3967 3564 4025 καὶ
3619 3964 3799 4044 ἐντρέ-

2160 4060 2267 4127 ψας
2298 4053 2484 4117 αὖτοὺς
2518 4053 2624 4109 ἀπὸ
2648 4058 2745 4120 τῆς
2776 4062 2869 4111 τοῦ
2916 4053 3202 4131 προσώπου
3243 4053 3549 4127 ποιότητος,
3612 4053 3801 4110 λοιπὸν

2159 4143 2436 4218 συντομίας
2468 4143 2650 4222 χάριν,
2681 4143 2748 4197 τὰ
2804 4142 2901 4217 μὲν
2957 4143 3191 4203 ὀνόματα
3235 4144 3326 4200 οὒκ
3385 4144 3630 4218 ὀνομάζει
3661 4143 3802 4198 πάν-

2158 4253 2287 4310 των,
2333 4233 2392 4288 οὗ
2429 4230 2525 4306 μὲν
2567 4231 2629 4303 ἐᾷ
2655 4232 2744 4287 τὸν
2776 4228 2958 4309 λόγον.
2998 4249 3028 4289 ί
3061 4232 3421 4310 Διηγούμενον
3452 4234 3480 4287 ὁ
3511 4232 3730 4311 χρόνος.
3772 4253 3795 4286 ι

2164 4311 2220 4378 ζΟ
2248 4326 2317 4397 τῇ
2343 4318 2623 4397 ἐπιστολῇ,
2658 4322 2838 4398 φησὶν,
2866 4318 3138 4399 ἁρμόδιος,
3191 4323 3280 4377 καὶ
3321 4320 3441 4377 οἷον
3491 4323 3521 4389 ἦ
3592 4341 3801 4396 συμμε-

2157 4410 2294 4488 τρία.
2333 4432 2360 4463 α
2395 4410 2516 4489 Περὶ
2544 4406 2763 4470 Γεδεών,
2802 4431 2827 4466 ι
2879 4414 3008 4473 Οἷος
3040 4411 3069 4465 6
3113 4406 3334 4472 Γεδεών,
3392 4432 3419 4464 α
3456 4413 3624 4490 Δαυῖρ
3646 4431 3727 4473 τε,
3766 4432 3795 4464 »

2159 4502 2287 4563 Οἶος
2317 4500 2345 4554 6
2418 4496 2607 4573 Δαυ³ιδ,
2666 4496 2751 4554 διὰ
2803 4500 2864 4554 τὸ
2910 4498 3125 4554 ¹καθίσαι
3208 4497 3293 4554 ἐπὶ
3375 4498 3556 4578 θρόνου
3615 4502 3794 4578 αὐτοῦ,

429 3789 570 3851 dam
587 3791 875 3870 providit,
908 3808 987 3853 ne
1011 3793 1143 3853 sine
1171 3789 1346 3852 nobis
1379 3797 1966 3853 consummarentur.

512 3964 656 4028 Cum
690 3985 1027 4029 sermonem
1050 3966 1109 4027 in
1139 3966 1450 4029 meretrice
1473 3965 2077 4048 terminasset,ipsos-

427 4072 543 4134 que
574 4055 920 4118 exhortatus
954 4063 1111 4117 esset
1141 4074 1175 4116 a
1205 4073 1474 4136 personae
1494 4055 1795 4135 qualitate,
1832 4057 2078 4134 posthac

431 4145 774 4222 compendii
825 4145 1034 4224 gratia,
1094 4163 1211 4205 non
1268 4144 1532 4205 omnium
1566 4142 1804 4222 quidem
1840 4147 2080 4206 nomina

429 4241 739 4295 enumerat
773 4250 787 4295 :
826 4251 938 4293 nec
969 4242 1168 4294 tamen
1196 4230 1446 4293 remittit
1474 4250 1832 4293 sermonem.
1880 4234 2076 4295 «Deﬁ-

430 4318 549 4382 ciet
579 4319 737 4381 enim
758 4340 852 4383 me
879 4329 1172 4402 tempus.»
1202 4319 1463 4400 Tempus
1487 4320 1629 4381 dicit
1654 4319 1917 4400 epistolae
1941 4339 2079 4383 con-

426 4408 673 4470 veniens
704 4418 762 4470 et
795 4409 979 4471 veluti
1009 4408 1540 4491 proportionatum.
1574 4434 1599 4464 «
1630 4410 1713 4469 De
1731 4410 2070 4472 Gedeone.»

428 4495 627 4570 Qualis
644 4498 819 4560 fuerit
839 4498 1102 4563 Gedeon.
1132 4498 1404 4561 «Necnon
1431 4497 1670 4560 David.»
1708 4498 1913 4570 Qualis
1939 4498 2075 4561 fue-

425 4589 505 4647 rit
521 4588 729 4670 David,
760 4608 830 4651 eo
852 4589 1011 4670 quod
1033 4589 1412 4651 constituerit
1432 4587 1492 4649 in
1516 4589 1729 4650 throno
1747 4608 1874 4668 suo,
1903 4589 2072 4669 juxta

2174 4589 2412 4654 ιῖσθητῶς
2455 4586 2576 4665 μὲν,
2607 4588 2697 4644 τὸν
2753 4588 2997 4654 αἰσθητὸν
3054 4584 3401 4663 Σολομῶντα,
3456 4592 3659 4654 νοητῶς
3713 4583 3792 4667 δὲ,

425 4674 742 4740 litteralem
773 4678 1013 4760 quidem
1076 4676 1475 4752 Salomonem,
1504 4678 1671 4757 juxta
1699 4677 2069 4759 spiritualem

425 4781 563 4826 vero
595 4766 986 4842 intellectum,
1020 4768 1421 4842 Salomonem,
1461 4765 1828 4846 spiritualem
1861 4766 2070 4829 Domi-

426 4871 569 4916 num
592 4854 826 4920 Jesum.
857 4855 997 4929 cQui
1031 4873 1137 4936 per
1161 4855 1393 4917 ﬁdem.»
1431 4852 1653 4916 Omnes
1686 4854 1746 4915 hi
1769 4874 1875 4935 per
1891 4856 2070 4917 ﬁdem

425 4942 693 5004 fecerunt
713 4963 782 5006 ea
801 4963 932 5026 quae
951 4944 1222 5007 fecerunt
1250 4964 1265 5005 :
1292 4942 1612 5018 Abraham,
1637 4944 1851 5017 Moses,
1873 4946 2067 5006 Jesus.

431 5054 459 5088 ι
521 5030 1033 5113 Expugnaverunt.
1098 5054 1121 5086 ι
1202 5033 1580 5112 Devicerunt,
1661 5030 2048 5112 perdiderunt

424 5118 722 5193 Quasnam
744 5128 772 5184 ?
788 5122 1087 5183 Abraham
1113 5120 1329 5183 devicit
1356 5138 1529 5200 reges
1543 5120 1641 5200 qui
1670 5122 1774 5183 Lot
1795 5128 2071 5202 nepotem

422 5225 596 5271 suum
650 5209 943 5291 captivum
999 5208 1390 5291 abduxerant,
1444 5216 1504 5270 et
1551 5226 1756 5288 regem
1808 5208 2066 5273 Geram.

421 5299 617 5362 Moses
636 5317 835 5378 regem
861 5298 1114 5380 IEgypti,
1147 5298 1411 5380 aliosque
1438 5297 1675 5360 multos.
1711 5301 1905 5376 Jesus,
1942 5299 2064 5380 plu-

420 5404 520 5450 res
545 5388 627 5449 65.
662 5411 686 5446 ι
721 5388 962 5471 Operati
990 5395 1128 5450 sunt
1150 5387 1464 5467 justitiam.
1503 5412 1530 5444 ι
1575 5387 1896 5470 Abraham,
1938 5388 2072 5451 Phi-

422 5494 590 5541 nees.
622 5477 749 5540 Hoc
792 5479 922 5541 loco
961 5478 1037 5542 de
1074 5477 1278 5554 David,
1314 5477 1550 5558 opinor,
1577 5475 1741 5540 dicit.
1772 5476 2068 5540 Justitiam

508 5643 574 5699 65
623 5647 750 5708 Gen
784 5697 796 5711 .
835 5663 956 5726 xw,
991 5646 1249 5726 iO;Gen.
1274 5663 1348 5709 xv
1366 5644 1544 5712 Num.
1576 5660 1716 5709 xxv.

2150 4679 2241 4734 τὸν
2282 4677 2474 4743 νοητὸν
2515 4674 2840 4752 Σολομῶντα
2882 4674 3087 4743 Ἰησοῦν
3122 4678 3211 4733 τὸν
3269 4677 3477 4757 Κύριον.
3536 4698 3560 4731 a
3596 4678 3662 4734 Οἳ
3712 4674 3797 4732 διὰ

2151 4785 2402 4830 πιστεως.
2437 4782 2466 4823 )
2516 4764 2715 4829 Πάντες
2745 4766 2886 4821 οὗτοι
2942 4762 3026 4822 διὰ
3095 4756 3321 4831 πίστεως
3352 4756 3634 4832 ἐποίησαν
3661 4763 3796 4844 ἅπερ

2152 4853 2405 4920 ἐποίησαν
2440 4872 2452 4886 ·
2487 4850 2746 4932 Ἀϐραὰμ,
2803 4859 3027 4935 Μωσῆς,
3092 4852 3320 4922 Ἰησοῦς.
3387 4874 3417 4914 (
3478 4854 3797 4932 Κατηγωνί-

2153 4963 2334 5001 σαντο.
2370 4964 2398 4998 ι
2488 4939 2789 5009 Ἐνίκησαν.
2887 4940 3203 5003 κατέϐαλον.
3278 4943 3474 5022 Τίνας,
3549 4938 3796 5019 Ἀϐραὰμ

2152 5028 2360 5098 ἐνίκησε
2408 5031 2525 5095 τοὺς
2582 5029 3124 5109 αἰχμαλωτεύσαντας
3194 5033 3285 5087 τὸν
3354 5030 3572 5104 ἀνεψιὸν
3637 5031 3794 5087 αὐτοῦ

2154 5120 2273 5177 Λὼτ
2302 5118 2565 5197 βασιλεῖς,
2628 5121 2716 5176 καὶ
2790 5120 2879 5175 τὸν
2924 5119 3182 5199 Γεράρων,
3254 5117 3474 5192 Μωσῆς,
3550 5118 3641 5174 τὸν
3696 5120 3792 5174 Λί-

2153 5209 2374 5288 γύπτου,
2431 5210 2518 5266 καὶ
2614 5207 2804 5274 ἄλλους
2902 5206 3155 5273 πολλοὺς.
3239 5204 3466 5284 Ἰησοὺς,
3555 5203 3787 5270 πλείους.

2160 5318 2185 5352 ι
2248 5299 2566 5377 Εὶργάσιντο
2635 5294 2989 5364 δικαιοσύνην.
3058 5320 3081 5355 ι
3120 5294 3382 5377 Ἀϐραὰμ,
3432 5295 3638 5359 Φινεές,
3672 5292 3793 5351 Ἐνψ

2151 5389 2309 5447 ταῦθα
2339 5388 2456 5466 περὶ
2496 5393 2589 5443 τοῦ
2646 5383 2835 5460 Δαυ³ιδ,
2868 5386 3049 5463 οἶμαι,
3083 5385 3247 5466 ὶέγει.
3311 5385 3658 5450 Δικαιοσύνην
3708 5380 3785 5464 δὲ,

2152 5477 2251 5544 την
2322 5475 2709 5557 φιλανθρωπίαν
2768 5473 3040 5538 ἐκάλεσεν,
3109 5495 3133 5531 I
3195 5472 3493 5553 ’Νπέτυχον
3550 5472 3787 5552 ἐπαγγε-
