4180 6212
474 307 596 374 423
1592 288 2005 365 CECUMENII
2047 295 2135 356 ΤΕ

2218 287 2343 354 ὶϐιΕ
2384 276 2721 350 EPISCOPI
3734 276 3851 342 424

481 451 541 506 et
571 460 678 504 nos
700 459 832 502 cum
856 439 1003 520 ipsis
1024 456 1401 501 coronemur.
1435 435 1558 498 Hoc
1587 443 1783 496 autem
1815 450 1922 512 pro
1953 426 2124 490 nobis

2218 438 2325 489 τοῖς
2350 423 2783 501 στεφανωθῶμεν.
2847 422 3012 475 Τοῦτο
3104 414 3183 489 δὲ,
3253 413 3383 493 ὑπὲρ
3461 413 3616 488 ἡμῶν
3711 409 3850 467 ἐστιν

2218 514 2223 520 ι
2523 511 2533 520 ι
2765 509 2778 520 ι
2918 506 2959 520 Ἀ
3187 504 3200 520 9
3261 503 3268 520 Ι
3587 505 3595 518 1
3701 501 3714 520 (
3783 500 3813 509 ⁸⁸

482 541 570 593 est
607 501 1040 608 :‘illinamque
1097 527 1308 588 sedent
1361 501 1974 596 irromunerati,'4l'7
2008 537 2119 608 no-

2218 514 2439 570 Ἐκετνοι
2471 511 2593 589 γάρ,
2655 509 2807 586 φησὶ,
2866 506 3135 604 κάθηνταιΙ
3178 503 3482 582 ἀγέραστοι,
3543 505 3641 567 τὴν
3693 501 3848 574 ἡμῶν

479 628 662 682 stram
717 591 1125 699 exspectantes
1175 613 1771 677 administrationem'
1813 635 1835 665 τι
1872 608 1957 670 Ne
1987 607 2116 667 sine

2218 602 2569 678 περιμένοντες
2627 596 2954 656 ἐπιστασίαν,
3034 617 3061 649 α
3100 591 3221 650 Ἵνα
3293 593 3369 669 μὴ
3457 593 3624 672 χωρὶς
3695 591 3848 664 ἡμῶν

2263 693 2276 699 -
2398 697 2406 699 μ
2716 688 2729 699 .
2869 688 2898 699 ..
3047 693 3080 699 κ
3298 688 3360 699 λ-
3545 680 3654 699 ,κν
3680 681 3704 699 ..
3812 682 3823 699 .

478 709 650 771 nobis
672 680 1287 770 consummarentur.»
1314 703 1440 766 Non
1458 703 1628 777 dixit,
1657 702 2115 770 Coronarentur,

2218 693 2571 750 τελειωθῶσιν.
2606 714 2628 748 ι
2670 688 2775 748 Οὐκ
2843 688 2991 762 εἷπε,
3045 688 3477 766 Στεφανωθῶσιν,
3536 680 3654 739 ἀλλ’
3678 681 3706 738 ὅ
3736 682 3850 757 μεί-

479 798 585 862 sed
617 799 772 879 quod
809 801 1093 871 majorem
1125 793 1304 856 habet
1341 771 1690 874 emphasim,
1727 791 2118 879 Consumma-

2218 791 2321 853 ζονα
2352 783 2574 860 ἔμφασιν
2643 777 2786 858 ἔχει,
2845 775 3196 848 Τελειωθῶσι,
3274 775 3424 854 φησὶ,
3494 771 3754 852 τουτέστι,
3785 771 3846 825 τὸ

2253 871 2262 879 Ι
2431 877 2452 879 ,Α
2531 870 2543 879 ι
2629 871 2648 879 Α
2669 875 2689 879 -.
2827 867 2840 879 ι
2872 867 2883 879 ο
2941 866 2954 879 ι
3058 866 3082 879 ν
3180 864 3192 879 Ι
3416 869 3441 878 ~
3709 858 3730 879 δ
3773 860 3784 879 Ι

480 858 836 960 rentlir,sive
858 858 1316 959 Perﬁcerentur,
1351 858 1464 942 hoc
1495 889 1604 954 est,
1635 877 1974 956 acciperent
2006 881 2116 932 tero

2218 871 2360 950 τέρας
2385 858 2492 926 τῶν
2522 870 2729 947 ἀγαθῶν
2757 867 2845 922 καὶ
2868 866 2995 943 ὑπὲρ
3024 866 3084 920 οὗ
3129 864 3316 940 κάμνει
3373 869 3514 920 πᾶσα
3567 858 3844 919 σπουδαίου

479 955 704 1036 minum
741 973 1174 1052 bonorum,pro
1198 955 1312 1051 quo
1343 955 1782 1031 laboratomnis
1805 970 2049 1026 conatus
2063 969 2120 1022 et

2218 962 2431 1041 ιίνησις,
2461 955 2794 1017 ἀπολάϐωσι,

478 1063 740 1145 fatigatio
773 1064 902 1144 ejus
934 1062 1037 1143 qui
1067 1061 1277 1122 virtute
1308 1059 1591 1141 praeditus
1622 1066 1732 1119 est.

1064 1165 1312 1230 CAPUT
1356 1164 1533 1228 XVII.

706 1271 793 1334 De
823 1270 1128 1352 patientia
1152 1285 1230 1330 ea:
1259 1269 1602 1329 imitatione
1632 1266 1883 1328 Chrtsti.

561 1384 688 1462 XII,
724 1389 776 1462 1,
809 1386 868 1447 ‘2.
903 1385 1170 1446 Proinde
1201 1400 1311 1445 nos
1342 1399 1577 1462 quoque
1606 1399 1741 1442 cum
1775 1388 1941 1443 tanta
1979 1384 2131 1459 septi

476 1476 670 1539 simus
692 1474 848 1536 nube
907 1476 1174 1546 testium,
1230 1473 1496 1551 deposito
1522 1472 1688 1532 omni.
1716 1487 1924 1543 onere,
1952 1477 2008 1532 et
2039 1479 2128 1530 te-

477 1571 716 1627 naciter
743 1563 1086 1626 adhcerente
1129 1571 1390 1642 peccato,
1427 1578 1540 1638 per
1571 1559 1955 1622 tolerant-iam
1987 1576 2130 1621 cur-

482 1671 697 1715 ramus
726 1656 790 1716 in
820 1659 1130 1732 proposito
1159 1649 1330 1713 nobis
1358 1651 1717 1723 certamine,
1755 1649 2135 1728 respicientes

479 1743 561 1805 ad
591 1743 736 1822 ﬁdei
791 1745 1004 1804 ducem
1055 1749 1109 1802 et
1161 1747 1716 1802 consummatorem
1767 1741 1993 1810 Jesum,
2027 1736 2134 1815 qui

481 1817 601 1912 pro
621 1831 849 1910 gaudio
879 1832 1001 1893 sibi
1051 1830 1359 1910 proposito
1382 1827 1635 1908 pertulit
1664 1845 1923 1892 crucem.
1954 1830 2127 1907 igno-
2147 1823 2187 1871 Β
2209 1817 2404 1912 χὲρᾶς,

2833 1070 3082 1126 ΚΕΦΑΛ.
3117 1053 3217 1126 ιΖ’.

2378 1197 2401 1226 u
2452 1171 2575 1250 Περὶ
2601 1171 2872 1245 ὑπομονῆς
2906 1166 2958 1224 ἐν
2989 1165 3333 1235 ἀκολουθήσει
3365 1172 3608 1244 Χριστοῦ.
3657 1188 3678 1220 ι

2297 1297 2320 1332 ιι
2381 1275 2666 1352 Τοιγαροῦν
2733 1273 2821 1326 καὶ
2871 1272 3033 1346 ἡμεῖς
3103 1275 3350 1325 τοσοῦτον
3437 1267 3650 1348 ἔχοντες
3706 1289 3850 1346 περι-

2211 1367 2446 1440 κείμενον
2517 1373 2652 1437 ημϊν
2736 1359 2888 1440 νέφος
2989 1359 3288 1438 μαρτύρων,
3365 1358 3523 1436 ὄγκον
3581 1356 3852 1432 ἀποθήμε-

2213 1476 2289 1510 νοι
2346 1453 2516 1508 πάντα
2596 1451 2684 1506 καὶ
2765 1453 2864 1515 τὴν
2976 1450 3337 1527 εὐπερίστατον
3422 1447 3701 1526 ἁμαρτίαν,
3784 1443 3851 1502 δι’

2211 1543 2483 1617 ὑπομονῆς
2537 1540 2815 1618 τρέχωμεν
2862 1539 2952 1593 τὸν
3010 1539 3356 1616 προκείμενον
3412 1539 3547 1611 ἡμῖν
3641 1536 3846 1614 ἀγῶνα,

2212 1633 2506 1712 ἀφορῶντες
2537 1632 2609 1691 εἰς
2669 1628 2758 1683 τὸν
2816 1632 2913 1693 τῆς
2973 1628 3199 1690 πίστεως
3268 1626 3536 1705 ἀρχηγὸν,
3596 1627 3682 1680 καὶ
3760 1648 3847 1681 τε·

2213 1721 2418 1786 λεωτην
2488 1716 2719 1796 Ἰησοῦν,
2782 1717 2838 1778 ὃς
2909 1715 3022 1770 ἀντὶ
3099 1722 3197 1780 της
3294 1714 3647 1792 προκειμένης
3710 1719 3853 1789 αὐτῷ

2529 1808 2787 1882 ὑπέμεινε.
2870 1806 3112 1883 σταυρὸν,

3225 1805 3484 1883 αἰσχύνης
3595 1826 3854 1884 καταφρο-

475 1893 672 1982 ininia
701 1893 1067 1999 contempta;
1080 1923 1132 1980 et
1159 1893 1240 1980 ad
1267 1893 1572 1979 dexierom
1603 1916 1810 1977 throni
1853 1917 1963 1978 Dei
1981 1893 2125 1978 "con-

2218 1905 2394 1975 νήσας,
2454 1898 2498 1953 ἐι
2552 1896 2696 1967 δεξιᾷ
2765 1915 2822 1953 τε
2906 1901 2997 1952 τοῦ
3075 1893 3256 1972 θρόνου
3353 1901 3445 1949 τοῦ
3503 1900 3631 1953 Θεοῦ
3680 1896 3848 1951 κεκά-

475 2011 651 2073 sedit.

563 2100 692 2160 Non
725 2097 871 2160 dixit
892 2095 1204 2158 imminere
1249 2095 1422 2158 nobis
1441 2102 1542 2157 aut
1569 2113 1748 2175 supra
1780 2113 1887 2156 nos
1917 2094 2125 2170 attolli,

483 2187 780 2268 sed,quod
812 2187 1003 2266 majus
1034 2186 1346 2266 est,sepire
1370 2205 1495 2249 nos.
1536 2208 1558 2242 ιι
1598 2187 1766 2246 Nube
1799 2185 2057 2246 testium.
2099 2208 2121 2242 ι)

488 2276 795 2358 Siquidem
829 2276 1116 2337 memoria
1157 2276 1393 2336 testium
1432 2275 1553 2336 sive
1577 2283 1893 2354 martyrum
1919 2274 2131 2336 excitat

485 2367 648 2447 ipsos
670 2365 743 2426 ad
776 2365 1028 2426 similem
1055 2363 1248 2433 zelum
1279 2365 1352 2425 ad
1397 2363 1740 2425 certamina.
1773 2363 2001 2424 Nubem
2033 2382 2132 2424 au-

484 2464 602 2516 tem
625 2455 787 2535 ipsos
819 2453 1158 2535 appellavit,
1211 2463 1310 2516 aut
1341 2471 1372 2515 a
1405 2454 1750 2532 metaphora
1779 2470 1983 2512 eorum
2031 2451 2133 2531 qui

483 2551 811 2606 exuruntur
839 2544 912 2603 ab
945 2553 1111 2613 zestu,
1145 2551 1206 2602 et
1236 2542 1294 2602 in
1328 2543 1588 2605 roriuam
1619 2542 1836 2602 nubem
1885 2539 2134 2619 ingressi

486 2632 948 2695 consolationem
982 2631 1299 2712 accipiunt.
1342 2630 1629 2693 Memoria
1651 2649 1902 2709 namque
1919 2638 2135 2708 marty-

495 2740 625 2782 rum
653 2721 995 2782 consolatur
1020 2738 1121 2783 eos
1146 2720 1247 2800 qui
1274 2717 1346 2780 ab
1361 2727 1508 2780 aestu
1525 2719 1915 2781 tentationum
1939 2719 2138 2778 disso-

489 2810 600 2872 luti
628 2816 803 2872 sunt:
839 2817 939 2870 aut
971 2810 1110 2889 quia
1138 2807 1506 2888 spiritualem
1526 2807 1698 2869 nobis
1723 2826 1922 2868 rorem
1944 2805 2142 2867 distri-

489 2902 692 2973 buant,
727 2899 915 2960 Deum
943 2918 1047 2978 pro
1069 2897 1242 2958 nobis
1257 2897 1664 2959 obscurantes.
1681 2896 1990 2976 «Deposito
2010 2914 2138 2956 om-

490 2990 550 3050 ni
582 3007 787 3050 onere.
821 3012 844 3046 ι)
888 2987 1166 3072 Deposita
1186 2986 1465 3063 gravitate
1494 3005 1692 3047 rerum
1740 2985 2133 3059 saecularium,

2207 1994 2371 2051 θικεν,
2424 2012 2446 2042 ιι

2291 2082 2402 2137 uer.
2446 2089 2619 2154 εἶπεν,
2677 2073 3124 2152 ἐπαιωρούμενον,
3184 2071 3297 2128 ἀλλ’
3332 2071 3361 2127 ὅ
3391 2071 3550 2129 πλέον
3579 2073 3665 2148 ἦν,
3698 2095 3851 2152 περι-

2210 2170 2470 2244 κείμενον.
2513 2186 2536 2221 ιι
2592 2153 2760 2242 Νέφος
2819 2164 3115 2241 μαρτύρων.
3155 2185 3183 2216 ι)
3244 2153 3305 2216 Ἠ
3364 2162 3459 2236 μὲν
3517 2165 3615 2241 γὰρ
3663 2167 3852 2238 μνήμη

2211 2265 2316 2314 τῶν
2368 2255 2639 2335 μαρτύρων
2706 2266 2880 2308 κεῖται
2951 2254 3022 2316 εἰς
3081 2253 3139 2305 τὸ
3225 2249 3445 2328 ἐρεθίσαι
3526 2253 3710 2314 αὑτούς
3765 2253 3850 2308 ἐπὶ

2212 2349 2301 2403 τὸν
2333 2348 2517 2420 ὃμοιον
2573 2351 2679 2398 τῶν
2735 2341 2955 2419 ἀγώνων
3012 2339 3195 2411 ζῆλον,
3283 2341 3450 2420 Νέφος
3512 2338 3566 2395 δὲ
3608 2341 3855 2398 ἐκάλεσεν

2216 2437 2423 2507 αὑτοὺς,
2450 2434 2486 2500 ἢ
2555 2433 2659 2487 ἀπὸ
2717 2436 3013 2509 μεταφορᾶς
3064 2452 3167 2484 τςυν
3221 2431 3321 2485 ὑπὸ
3373 2431 3637 2505 καύματος
3695 2453 3856 2486 κατα-

2217 2523 2557 2604 φλεγομένων
2625 2522 2710 2576 καὶ
2761 2518 3172 2574 ὑπεισελθόντων
3255 2520 3326 2580 εἰς
3414 2519 3632 2599 νεφέλην
3691 2518 3861 2599 δροσί-

2219 2621 2405 2684 ζουσαν
2435 2613 2521 2667 καὶ
2549 2612 3046 2688 παραμυθηθεντων.
3113 2609 3210 2664 Καὶ
3278 2610 3376 2686 γὰρ
3433 2611 3467 2675 ἡ
3523 2615 3628 2664 τῶν
3695 2609 3858 2686 ἁγίων

2221 2704 2412 2779 μνήμη
2443 2702 2566 2764 τοὺς
2588 2702 2688 2755 ὑπὸ
2758 2708 2850 2756 τοῦ
2893 2697 3158 2779 καύσωνος
3209 2703 3315 2752 τῶν
3372 2704 3681 2776 πειρασμῶν
3712 2698 3858 2754 ἐκλε-

2223 2770 2476 2870 λυμένους
2505 2792 2912 2868 παραμυθεῖται,
2952 2770 3011 2845 GH
3075 2785 3154 2842 ὅτι
3219 2786 3417 2853 νοητὴν
3465 2770 3636 2863 ἦμέν,
3705 2789 3855 2867 φησὶ,

2219 2883 2401 2964 δρόσον
2453 2880 2720 2956 νέμουσιν,
2779 2878 2908 2954 ὑπὲρ
2962 2879 3117 2952 ἡμῶν
3171 2878 3260 2932 τὸν
3317 2879 3445 2930 Θεὸν
3505 2877 3854 2940 ἴκετεύοντες.

2227 2998 2250 3031 α
2289 2973 2632 3044 Ἀποθέμενοι
2675 2968 2871 3028 πάντα.
2923 2989 2947 3023 ιι
3013 2964 3374 3039 Ἀποθέμενοι.
3435 2967 3584 3045 φησί,
3616 2969 3677 3021 τὸ
3697 2968 3855 3045 βάρος

495 3076 792 3158 Omnique
803 3053 1357 3158 simulnegligentia
1372 3075 1709 3153 etsegnitie.
1724 3077 1833 3137 «Et
1851 3053 2135 3135 tenaciter

2218 3069 2324 3120 τῶν
2368 3063 2626 3136 βιωτικῶν
2671 3056 3024 3135 πραγμάτων,
3083 3056 3170 3110 καὶ
3221 3053 3338 3129 μετ’
3399 3057 3567 3111 αὐτῶν
3623 3058 3721 3122 τὴν
3751 3056 3858 3110 ολι-

490 3143 891 3228 adhaarentum
910 3143 1146 3246 pecca‘io
1156 3143 1209 3224 .V»
1219 3165 1485 3244 Autquia
1504 3143 1945 3225 iacileadhzeret
1962 3163 2135 3224 nobis

2218 3153 2432 3232 γωρίαν,
2478 3149 2565 3203 καὶ
2593 3147 2687 3213 τὴν
2773 3143 3043 3222 ρᾳθυμίαν.
3092 3167 3120 3198 α
3184 3146 3282 3200 Καὶ
3349 3146 3446 3211 τὴν
3493 3145 3856 3223 εὐπερίστατον

2235 3245 2238 3246 ,
2404 3244 2408 3246 .
2601 3227 2614 3246 ε
2643 3242 2679 3246 ,-
2866 3233 2877 3246 .
3000 3237 3012 3246 .
3078 3231 3109 3246 ,ς
3548 3234 3555 3246 ,
3697 3237 3705 3246 ,
3777 3240 3797 3246 _

490 3255 738 3335 autquia
751 3254 921 3316 facile
934 3261 1126 3335 potest
1139 3272 1338 3315 casum
1355 3251 1519 3332 etdej
1529 3253 1820 3314 ectiouem
1837 3256 2136 3332 suscipere

484 3343 626 3406 Ideo
659 3345 896 3407 dicitur.
932 3347 1294 3424 εὐπερίστατος
1340 3341 1739 3423 ἀκαρτία,ε‹Ρθῐ·
1769 3343 2137 3403 tolerantiam

491 3452 824 3495 curramus.
865 3458 891 3490 ω
930 3431 1137 3514 Neque
1167 3432 1326 3493 enim
1384 3433 1499 3494 alio
1532 3433 1706 3494 modo
1737 3431 1941 3510 abjicit
1971 3431 2140 3510 quis-

493 3524 648 3602 piam
683 3523 913 3602 pondus
961 3540 1161 3584 rerum
1213 3521 1610 3596 saecularium,
1647 3540 1818 3600 quam
1849 3539 1953 3600 per
1986 3519 2140 3582 tole-

493 3613 767 3674 rantiam.
801 3613 983 3675 Porro
1026 3612 1350 3674 tolerantia
1403 3611 1674 3673 meminit
1725 3619 2002 3688 tanquam
2053 3608 2138 3670 rei

495 3700 644 3781 ipsis
675 3701 1015 3781 aptissimae.
1055 3701 1379 3763 Considera
1409 3717 1550 3762 vero
1575 3700 1727 3780 quod
1762 3718 1879 3760 non
1901 3698 2140 3775 dixerit,

497 3789 719 3870 Pugnis
749 3787 1149 3866 decertemus,
1185 3797 1303 3851 aut.
1330 3788 1760 3863 Bellemus,sed
1782 3790 1936 3870 quod
1958 3789 2142 3849 levius

493 3887 639 3952 erat,
676 3881 996 3941 Curramus
1016 3878 1076 3938 in
1096 3879 1440 3941 certamine.
1461 3879 1728 3940 Praesens
1751 3898 2005 3959 namque
2028 3883 2142 3939 vita

495 3967 638 4025 418
668 3975 967 4028 certamen
1014 3975 1104 4027 est
1136 3985 1148 4029 :
1205 3975 1527 4043 certamen,
1563 3969 1824 4049 inquam,
1861 3973 2141 4030 adversus

494 4064 738 4136 peccata
769 4065 828 4119 et
858 4057 1388 4136 concupiscentias,
1423 4065 1522 4117 aut
1559 4076 1660 4118 eos
1699 4058 2140 4139 quispirituali-

499 4152 591 4205 ter
619 4144 791 4205 nobis
807 4144 1213 4206 adversantur.
1237 4145 1300 4205 In
1326 4145 1436 4206 hoc
1463 4147 1638 4223 igitur
1660 4149 1983 4208 certamine
2005 4166 2137 4209 cur-

493 4251 694 4293 ramus
724 4251 792 4294 ac
817 4233 1064 4296 viriliter
1090 4252 1352 4310 agamus.
1391 4259 1417 4290 ι
1451 4234 1861 4315 Respiciuntes
1904 4237 1975 4296 ad
1999 4236 2138 4297 ﬁdei

493 4321 732 4382 ducem.
774 4320 1037 4383 «Deinde
1069 4323 1140 4383 ad
1173 4331 1346 4403 caput
1371 4324 1560 4402 ipsum
1595 4324 1752 4385 venit
1781 4326 2139 4386 adhortatio-

2219 3227 2496 3317 ἀμάρτίαν,
2534 3260 2561 3290 n
2601 3227 2614 3246 ’
2640 3242 2767 3290 Ητοι
2825 3233 2924 3300 τὴν
2968 3231 3198 3297 εὐκόλως
3243 3234 3659 3309 περιϊσταμένην
3688 3237 3855 3313 ἡμᾶς,

2221 3332 2258 3399 ἢ
2285 3331 2382 3397 τὴν
2448 3323 2678 3388 εὐκόλως
2727 3323 3032 3401 περίστασιν
3102 3327 3288 3378 παθεῖν
3347 3320 3660 3398 δυναμένην,
3698 3346 3725 3377 σι
3778 3324 3855 3378 Δι’

2222 3417 2489 3495 ὑπομονῆς
2521 3415 2820 3495 τρέχωμεν.
2861 3437 2885 3466 ιι
2921 3418 2992 3472 Οῦ
3056 3414 3153 3491 γὰρ
3210 3410 3384 3475 ἄλλως
3443 3434 3521 3476 τις
3581 3416 3643 3468 τὸ
3699 3414 3856 3490 βάρος

2224 3511 2522 3576 ὴπωθεϊται
2551 3512 2653 3560 τῶν
2696 3505 2990 3579 βιωτικῶν,
3069 3503 3101 3570 ἢ
3157 3500 3230 3558 δι’
3287 3505 3580 3577 ὑπομονῆς.
3642 3507 3749 3568 Τῆς
3804 3500 3858 3557 δὲ

2222 3605 2492 3675 ὑπομονῆς
2532 3600 2796 3676 ἐμνήσθη,
2854 3599 2927 3660 ως
3000 3595 3227 3670 μάλιστα
3299 3595 3545 3674 ἀρμοδίου
3615 3598 3855 3671 ἐκείνοις,

2228 3683 2371 3768 υΟρσι
2401 3687 2454 3743 δὲ
2482 3689 2576 3743 οὑκ
2636 3687 2801 3759 εἷπε,
2858 3687 3192 3764 Πυτεύωμεν,
3249 3685 3286 3752 ἢ
3333 3684 3678 3762 Πολεμῶμεν,
3737 3685 3860 3742 ἀλλ’

2223 3765 2468 3857 ὃκοῦφον
2523 3777 2608 3852 ἦν,
2657 3779 2968 3856 Τρέχωμεν,
3042 3777 3189 3854 φησὶ,
3250 3777 3341 3830 τὸν
3398 3775 3600 3852 ἀγωνα.
3638 3765 3695 3832 ίΟ
3760 3779 3858 3856 γὰρ

2221 3870 2403 3948 παρὼν
2425 3869 2563 3943 βίος,
2597 3868 2741 3944 ἀγών
2770 3869 2930 3923 ἐστιν.
3009 3865 3182 3942 Ἀγὼν
3253 3863 3309 3918 δὲ
3364 3866 3498 3919 κατά
3557 3870 3659 3919 τῶν
3692 3868 3860 3947 ἀμαρ-

2221 3966 2348 4014 τιῶν
2376 3959 2462 4013 καὶ
2492 3955 2774 4030 ἐπιθυμιῶν
2831 3957 2919 4009 καὶ
2975 3960 3078 4009 τῶν
3150 3960 3349 4020 νοητῶς
3407 3953 3857 4012 ἀντιπαλαιόντων

2223 4050 2382 4123 ἡμῖν,
2439 4053 2633 4103 Τοῦτον
2703 4043 2790 4098 οὖν
2875 4043 3155 4121 τρέχωμεν
3243 4044 3328 4097 καὶ
3380 4046 3715 4121 κατορθῶμεν
3769 4049 3857 4104 τὸν

2224 4138 2424 4214 ἀγῶνα.
2467 4158 2494 4188 ιι
2531 4134 2854 4212 Ἀφορῶντες
2885 4134 2929 4188 εἰ
2952 4136 3042 4187 τὸν
3086 4135 3181 4200 τῆς
3240 4132 3465 4196 πίστεως
3523 4134 3788 4212 ἀρχηγόν,
3825 4161 3853 4191 ιι

2224 4235 2355 4284 Εἶτα
2383 4227 2452 4289 εἰς
2495 4225 2554 4278 τὸ
2601 4221 2885 4302 κεφάλαιον
2929 4227 3024 4287 τῆς
3082 4220 3471 4299 παρακλήσεως
3535 4221 3682 4300 ἦλθε,
3770 4227 3858 4285 τὸν

2224 4322 2470 4397 Χριστὸν,
2503 4319 2590 4373 καὶ
2620 4337 2784 4395 φησιν
2822 4339 2834 4353 ’
2870 4317 2929 4372 Εἰ
2957 4315 3250 4392 βουλόμεθα
3307 4318 3578 4392 ὑπομονὴν
3625 4339 3682 4372 τε
3712 4315 3859 4395 ἔχειν

492 4413 587 4471 nis
647 4419 705 4472 et
754 4410 1204 4491 consolationis,
1252 4431 1467 4492 nempe
1498 4411 1793 4474 Christum
1825 4422 1882 4474 et
1912 4415 1994 4475 ait
2029 4432 2041 4474 :
2078 4415 2135 4476 Si

2225 4411 2311 4466 καὶ
2342 4407 2551 4486 τρέχειν
2581 4405 2780 4479 καλῶς,
2838 4408 2966 4484 πρὸς
2991 4407 3080 4461 τὸν
3152 4407 3373 4484 Χριστὸν
3429 4403 3719 4486 ἀπίδωμεν,
3773 4408 3860 4461 καὶ

490 4500 764 4561 volumus
795 4507 854 4561 et
883 4500 1254 4562 tolerantiam
1285 4501 1505 4562 habere
1536 4517 1589 4562 et
1612 4511 1773 4564 recte
1796 4503 2134 4580 currere,ad

2223 4498 2566 4573 μανθάνωμεν
2624 4496 2711 4548 καὶ
2777 4494 2989 4574 τρέχειν
3104 4493 3277 4558 καλῶς
3371 4495 3458 4549 καὶ
3552 4493 3854 4568 ὑπομένειν.

494 4587 793 4650 Christum
824 4588 1237 4670 respiciamus,
1288 4590 1703 4670 discamusque
1729 4599 1787 4652 et
1816 4601 1979 4653 recte
2009 4611 2135 4654 cur-

2223 4587 2496 4664 Ἀρχηγὸν
2525 4581 2579 4638 δὲ
2635 4585 2789 4640 αὑτὸν
2847 4586 2932 4640 καὶ
2975 4582 3259 4650 τελειωτὴν
3308 4582 3488 4659 καλεῖ,
3552 4590 3704 4639 τοῦτο
3761 4581 3864 4638 δει-

493 4693 629 4738 rere
661 4686 718 4738 et
747 4677 1064 4752 sustinere,
1099 4687 1383 4760 vocatque
1433 4680 1626 4760 ipsum
1659 4681 1870 4743 ducem
1891 4701 1960 4744 ac
1989 4701 2135 4745 con-

2220 4677 2367 4750 κνὺς,
2399 4675 2479 4729 ὅτι
2528 4672 2684 4736 αὑτὸς
2713 4675 2800 4730 καὶ
2841 4682 2936 4730 τοῦ
3005 4673 3142 4738 ὅλως
3185 4680 3466 4729 πιστεῦσαι
3523 4673 3660 4748 ἡμῖν
3690 4672 3861 4737 α’ίτιος

493 4768 1068 4843 summatorem,hoc
1097 4771 1420 4830 ostendens
1439 4777 1594 4849 quod
1625 4778 1686 4832 et
1712 4772 1998 4833 credendi
2024 4791 2135 4834 no-

2219 4767 2440 4845 γίνεται,
2472 4765 2560 4818 καὶ
2607 4765 2762 4827 αὐτὸς
2822 4764 2985 4842 πέρας
3044 4763 3278 4832 ἐπιθήσει
3328 4768 3398 4838 τῇ
3465 4763 3661 4838 πίστει,
3723 4762 3859 4818 ὥστε

494 4854 588 4915 bis
614 4874 792 4916 causa
826 4842 1025 4932 fuerit,
1045 4864 1102 4919 et
1126 4842 1858 4938 terminum-impositurus
1881 4861 1955 4922 sit
1972 4861 2134 4937 ﬁdei,

2223 4856 2366 4936 ἔχειν
2397 4856 2560 4920 αὑτην
2589 4852 2801 4929 βεϐαίαν
2830 4855 2972 4929 ἡμᾶς
3004 4855 3092 4910 καὶ
3145 4851 3456 4912 ἀσάλευτον.
3518 4872 3542 4907 ιι
3597 4842 3706 4915 "Oc
3748 4852 3861 4908 ἀντὶ

495 4951 560 5005 ut
591 4943 785 5024 ipsam
818 4944 1048 5006 ﬁrmam
1075 4945 1399 5008 habeamus
1431 4954 1488 5007 et
1515 4946 1987 5012 inconcussam:
2028 4948 2135 5022 Qui

2219 4951 2319 5011 τῆς
2348 4942 2724 5023 προκειμένης,
2765 4967 2788 4998 ι
2857 4940 3009 5010 Ἐξην
3065 4942 3228 5020 αὐτῷ,
3295 4942 3446 5021 φησὶ,
3521 4943 3654 5016 μετὰ
3707 4939 3860 5006 δύξης

494 5052 602 5116 pro
633 5034 845 5114 gaudio
880 5034 993 5096 sibi
1027 5035 1351 5116 proposito.
1392 5059 1414 5093 ιι
1453 5036 1594 5117 Ipsi,
1630 5037 1841 5117 inquit,
1877 5038 2135 5100 licuisset

2220 5035 2310 5091 καὶ
2337 5039 2506 5112 χαρᾶς
2537 5032 2732 5111 διάγειν
2761 5034 2816 5086 ἓν
2846 5031 2989 5103 αὐτῷ
3029 5032 3217 5105 κόσμῳ
3248 5048 3264 5064 ⁶
3307 5050 3331 5084 ιι
3384 5029 3649 5093 Ἐξουσίαν
3693 5033 3853 5108 γὰρ.»

495 5141 632 5184 cum
665 5123 876 5201 gaudio
935 5132 994 5185 et
1044 5123 1232 5203 gloria
1264 5125 1504 5202 degere,
1537 5125 1597 5185 in
1624 5126 1734 5186 hoc
1766 5126 1986 5187 mundo
2023 5148 2035 5190 :
2063 5129 2135 5189 ait

2228 5125 2407 5203 φησὶν.
2445 5146 2472 5176 α
2498 5121 2613 5202 ἔχω
2641 5125 2808 5177 θεῖναι
2838 5121 2935 5187 τὴν
2967 5123 3149 5202 ψυχήι
3169 5142 3269 5194 μου
3297 5122 3384 5176 καὶ
3411 5117 3596 5177 λαϐεῖν
3628 5121 3853 5188 αὑτήν.»

494 5213 656 5273 enim
687 5232 700 5272 :
745 5216 1131 5274 uPotestatem
1147 5211 1338 5275 habeo
1363 5215 1618 5294 ponendi
1645 5213 1900 5274 animam
1922 5233 2135 5292 meam,

2230 5213 2347 5270 ἀλλ’
2375 5213 2468 5271 οὑκ
2496 5211 2790 5285 ἠϐουλήθη,
2835 5210 2954 5268 ἀλλ’
3011 5212 3260 5275 ἑκουσίως
3326 5210 3572 5285 ὑπέμεινε
3615 5208 3860 5287 σταυρόν.

497 5309 556 5362 et
582 5301 914 5382 recipiendi
938 5303 1127 5383 ipsam
1153 5303 1217 5353 74
1241 5321 1254 5366 :
1282 5302 1426 5365 nsed
1449 5322 1569 5364 non
1593 5303 1919 5379 voluit,imo
1938 5306 2135 5366 volun-

2233 5325 2261 5358 α
2296 5304 2565 5382 Αἰσχύνης
2622 5304 3049 5382 καταφρονήσας.
3085 5325 3113 5357 »
3185 5302 3281 5358 Καὶ
3337 5302 3435 5380 γὰρ
3476 5300 3541 5366 ἦν
3601 5297 3860 5383 ἐπονείδι-

494 5389 648 5451 tarie
682 5371 923 5453 crucem
963 5371 1283 5456 'sustinuit.
1350 5415 1373 5449 α
1435 5371 2135 5478 Ιεηοιηὶηἱαόοηιοῐηριε

2231 5415 2350 5457 στος
2397 5395 2481 5450 καὶ
2550 5392 2932 5471 ἐπικατάρατος
2985 5396 3014 5449 ὁ
3079 5391 3162 5452 διὰ
3221 5397 3440 5471 σταυροῦ
3482 5389 3723 5452 θάνατος.
3779 5371 3862 5447 Ἂν

492 5585 494 5588 ν
577 5548 641 5598 74
669 5546 841 5614 ιῐοιη.
866 5551 1053 5627 ι,18.
