4180 6212
260 344 383 409 425

1351 349 1745 415 COMMENT.
1792 352 1878 413 IN
1920 351 2162 414 EPIST.
2209 353 2312 415 AD
2354 352 2582 416 HEBR.

3524 354 3646 423 426

256 480 332 542 εἰς
362 487 548 540 τοῦτον
575 484 663 541 οὖν
710 482 1000 561 ἀπίδωμεν,
1057 486 1145 541 καὶ
1200 486 1364 560 ἡμεῖς
1421 487 1781 569 ὑπομενοῦμεν
1829 486 1901 548 ὡς

1989 480 2124 543 Erat
2143 501 2397 565 namque
2420 483 2680 566 probosa
2698 502 2771 547 ac
2791 484 3155 548 exsecranda
3177 504 3339 549 mors
3359 506 3466 569 per
3492 506 3639 552 cru-

258 570 350 623 καὶ
379 571 535 636 αὐτὸς
606 555 903 648 ὑπέμεινεν..
964 555 1044 619 έ-
1102 555 1643 652 [οιιζόΥΜΕΝιόΥ]
1823 573 1909 652 τὸ,

259 652 406 715 Ἀντὶ
432 664 532 727 τῆς
578 660 933 741 προκειμένης
992 662 1135 737 αὑτῷ
1188 669 1384 742 χαρᾶς,
1444 661 1608 727 οὕτως
1639 659 1807 742 δέξαι,
1838 663 1910 724 ὡς

260 746 350 802 καὶ
380 749 668 829 Γρηγόριός
697 774 882 830 φησιν.
920 746 982 831 ᾯ
1034 750 1169 831 ἐξὸν,
1230 754 1410 831 φησὶν,
1469 750 1644 826 μένειν
1699 751 1784 807 ἐπὶ
1812 755 1910 817 τῆς

257 833 393 901 ἰδίας
434 834 588 905 δόξης
613 862 667 895 τε
696 842 783 897 καὶ
824 839 1099 911 θεότητος,
1139 839 1198 895 οὑ
1243 838 1404 915 μόνον
1462 839 1643 896 ἑαυτὸν
1711 838 1911 896 ἐκένω-

261 945 353 978 σεν
410 922 537 1005 ἄχρι
608 935 706 995 τῆς
774 926 959 989 δούλου
1017 934 1246 1010 μορφῆς,
1333 926 1471 985 ἀλλὰ
1544 928 1631 983 καὶ
1689 928 1909 1005 σταυρὸν

260 1013 564 1092 ὑπέμεινεν,
631 1019 889 1098 αἰσχύνης
948 1019 1373 1098 καταφρονήσας,
1438 1039 1465 1072 κ
1526 1014 1615 1073 Ἐν
1657 1013 1796 1088 δεξιᾷ
1853 1038 1909 1072 τε

260 1109 358 1158 τοῦ
414 1102 621 1183 θρόνου.
686 1130 714 1162 n
790 1099 988 1173 Ἱκανὸς
1040 1108 1149 1183 οὖν,
1223 1109 1372 1188 φησὶ,
1432 1107 1520 1163 καὶ
1590 1105 1908 1182 ἀμείψασθαι

259 1192 402 1267 ὑμᾶς
457 1194 586 1274 ὑπὲρ
632 1202 735 1253 τῶν
788 1195 854 1252 δι’
907 1196 1063 1254 αὑτὸν
1133 1195 1387 1272 θλίψεων.
1448 1198 1520 1253 Οὑ
1579 1197 1677 1273 γὰρ
1749 1194 1909 1271 μόνον

261 1279 590 1360 ἐσταυρώθη,
628 1283 763 1341 ἀλλά
792 1288 878 1343 καὶ
919 1288 975 1342 ἐν
1031 1283 1168 1359 δεξιᾷ
1225 1286 1447 1353 κάθηται
1504 1293 1596 1342 τοῦ
1626 1289 1776 1358 Θεοῦ,
1809 1288 1906 1349 τῆς

257 1367 430 1435 δεξιᾶς
458 1374 547 1428 καὶ
574 1378 673 1440 τῆς
702 1373 949 1452 καθέδρας
979 1376 1038 1430 τὸ
1062 1374 1303 1449 ἰσότιμον
1333 1373 1702 1452 παριστώσης,

1994 589 2125 633 cem
2155 571 2337 635 illata.
2370 573 2431 634 Si
2462 573 2641 652 igitur
2670 572 2732 633 in
2765 573 2922 636 hunc
2958 573 3418 653 inspexerimus,
3454 586 3512 639 et
3532 596 3643 641 nos

1994 678 2227 741 quoque
2253 661 2656 737 tolerabimus,
2690 662 3193 742 quemadmodum
3222 672 3279 725 et
3310 664 3441 746 ipse
3485 666 3645 729 tole-

1992 749 2160 811 ravit.
2190 754 2306 812 Aut
2331 750 2491 830 quod
2521 750 2881 831 dicitur,Pro
2914 750 3125 830 gaudio
3156 751 3271 813 sibi
3300 756 3637 835 proposito,

1992 835 2072 897 ita
2101 838 2325 918 accipe,
2363 839 2514 900 sicut
2558 846 2616 899 et
2655 838 2978 918 Gregorius
3024 840 3126 903 ait.
3173 841 3280 904 Cui
3313 861 3447 904 cum
3480 844 3637 907 libe-

1992 943 2147 1006 rum,
2178 926 2607 1007 inquit,l'uisset
2637 945 2877 989 manere
2900 931 2960 989 in
2992 928 3234 1010 propria
3260 930 3450 1009 gloria
3465 939 3526 995 et
3545 933 3639 996 di-

1991 1013 2253 1090 vinitate,
2284 1034 2404 1076 non
2433 1016 2626 1079 solum
2657 1016 2985 1078 exinanivit
3012 1017 3397 1099 semetipsum
3450 1040 3641 1104 usque

1991 1101 2064 1164 ad
2094 1102 2340 1164 formam
2372 1104 2545 1179 servi,
2582 1104 2689 1167 sed
2720 1113 2776 1166 et
2808 1123 3047 1166 crucem
3072 1106 3351 1169 sustinuit
3369 1101 3633 1189 ignomi-

1990 1191 2089 1253 nia
2118 1191 2597 1272 contempta.«Et
2624 1192 2700 1254 ad
2731 1193 3037 1255 dexteram
3067 1195 3286 1257 throni.
3324 1221 3352 1253 ι
3381 1196 3637 1262 ldoneus

1988 1280 2165 1359 igitur
2195 1288 2284 1341 est
2315 1280 2415 1361 qui
2436 1299 2538 1342 vos
2569 1282 2744 1343 etiam
2774 1291 3122 1344 remuneret
3151 1302 3257 1364 pro
3285 1284 3632 1350 afﬂictioni-

1988 1368 2098 1430 bus
2142 1387 2285 1449 quas
2316 1378 2558 1450 propter
2604 1388 2738 1432 eum
2782 1369 3073 1449 patimini.
3106 1370 3313 1453 Neque
3342 1374 3502 1437 enim
3532 1393 3635 1439 so-

259 1457 389 1520 lum
419 1460 737 1525 cruciﬁxus
765 1473 877 1539 est,
919 1480 1125 1525 verum
1155 1461 1331 1525 etiam
1368 1461 1431 1523 in
1460 1461 1704 1529 dextera
1732 1458 1842 1523 Dei
1872 1458 2060 1521 sedet.
2094 1458 2346 1519 Dextera
2372 1468 2569 1521 autem
2598 1466 2657 1521 et
2682 1459 2965 1522 cathedra
2992 1459 3357 1525 demonstrat
3394 1464 3641 1529 honoris

258 1548 679 1629 aqualitatem.

354 1659 378 1693 ι
442 1637 841 1720 Ἀναλογίσασθε
907 1642 1006 1720 γὰρ
1077 1643 1166 1698 τὸν
1237 1643 1486 1710 τοιαύτην
1545 1644 1893 1718 ὑπομεμενη-

2058 1635 2183 1701 ΧΠ.
2219 1638 2352 1699 3-9.
2383 1637 2733 1719 Recogitate
2761 1640 2922 1702 enim
2962 1657 3101 1705 eum
3145 1647 3254 1724 qui
3282 1642 3467 1707 talem
3494 1662 3634 1709 sus-

262 1727 398 1783 κότα
453 1730 554 1786 ὑπὸ
605 1737 713 1787 τῶν
821 1729 1150 1810 ἁμαρτωλῶν
1218 1734 1290 1796 εἷς
1361 1733 1517 1789 αὑτὸν
1589 1729 1910 1808 ἀντιλογίαν,

260 1816 358 1871 ’ίνα
414 1819 492 1893 μὴ
547 1821 756 1896 κὰμητε
853 1834 975 1884 ταῖς
1073 1825 1283 1900 ψυχαῖς
1366 1822 1513 1896 ὑμῶν
1579 1819 1905 1896 ἐκλυόμενοι.

264 1903 429 1962 Οὔπω
483 1907 676 1989 μέχρις
758 1910 986 1985 α’ίματος
1086 1909 1499 1977 ἀντικατέστητε
1580 1912 1710 1990 πρὸς
1810 1908 1909 1975 τὴν

263 1995 523 2074 ἁμαρτίαν
614 1999 1110 2076 ἀνταγωνιζόμενοι,
1229 2000 1316 2055 καὶ
1424 1998 1711 2066 ἐκλέλησθε
1808 2003 1906 2065 τῆς

260 2084 677 2169 παρακλήσεως,
750 2086 862 2155 ἥτις
958 2090 1085 2164 ὑμῖν
1187 2091 1260 2153 ὡς
1318 2091 1455 2152 υἱοῖς
1554 2086 1852 2168 διαλέγεται
1889 2103 1903 2116 ⁸

264 2175 346 2248 μὴ
439 2174 679 2257 ὀλιγώρει
764 2176 999 2240 παιδείας
1083 2178 1290 2257 Κυρίου.
1383 2176 1471 2257 ὶξιέ
1560 2201 1687 2253 μου,
1774 2174 1909 2253 μηδὲ

264 2261 452 2319 ἐκλύου
520 2255 613 2321 ὑπἱ
668 2270 825 2325 αὐτοῦ
909 2255 1290 2345 ἐλεγχόμενος.
1381 2255 1488 2323 υΟν
1575 2267 1673 2345 γὰρ
1730 2266 1911 2344 ἀγαπᾷ

266 2353 457 2430 Κύριος
526 2352 757 2411 παιδεύει
789 2371 803 2385 ”
879 2369 1137 2433 μαστιγοῖ
1167 2353 1222 2410 δὲ
1252 2355 1423 2411 πάντα
1452 2355 1560 2411 υἱὸν
1614 2356 1670 2411 ὃν
1729 2376 1907 2432 παρα-

263 2438 506 2521 δέχεται.
606 2446 665 2501 Εἰ
740 2443 978 2501 παιδείαν
1046 2443 1356 2519 ὑπομένετε,
1427 2446 1501 2507 ὡς
1562 2445 1721 2524 υἱὸῖς,
1782 2445 1908 2519 ὑμῖν

264 2530 614 2611 προσφέρεται
666 2536 694 2589 ὁ
753 2535 906 2598 Θεός.
966 2534 1054 2596 Τίς
1132 2534 1232 2612 γάρ
1298 2532 1437 2589 ἐστιν
1504 2536 1635 2607 υἱὸς,
1722 2533 1781 2589 ὃν
1850 2532 1909 2587 οὑ

1996 1726 2180 1788 tinuit
2209 1744 2248 1787 a
2266 1727 2684 1807 peccatoribus
2733 1728 3029 1791 adversus
3073 1733 3457 1811 semetipsum
3485 1751 3637 1797 con-

1994 1814 2437 1895 tradictionem,
2471 1833 2548 1877 ne
2571 1815 2993 1897 defatigemini
3018 1820 3245 1881 animis
3264 1823 3478 1883 vestris
3504 1821 3637 1885 dis-

1990 1900 2196 1991 soluti.
2229 1903 2513 1965 Nondum
2562 1921 2745 1982 usque
2774 1905 2856 1967 ad
2902 1908 3268 1986 sanguinem
3300 1910 3639 1991 restitistis,

1991 1989 2277 2052 adversus
2324 2000 2631 2070 peccatum
2682 2001 3105 2073 repugnantes,
3161 2002 3216 2058 et
3268 1995 3442 2059 obliti
3496 1989 3639 2061 estis

1989 2080 2427 2141 exhortationis
2464 2098 2594 2158 quae
2614 2081 2780 2143 vobis
2810 2089 3108 2162 tanquam
3137 2082 3287 2163 ﬁliis
3314 2084 3586 2167 loquitur
3616 2106 3634 2150 :

1990 2168 2111 2227 Fili
2142 2172 2246 2244 mi,
2282 2186 2355 2230 ne
2382 2168 2730 2247 neglexeris
2766 2172 3206 2252 correptionem
3235 2174 3507 2252 Domini,
3534 2193 3640 2240 ne-

1991 2274 2107 2336 que
2136 2257 2377 2336 deﬁcias
2406 2276 2545 2320 cum
2574 2258 2651 2321 ab
2680 2276 2749 2320 eo
2774 2262 3084 2341 argueris.
3118 2262 3315 2338 Quem
3344 2268 3507 2328 enim
3537 2266 3634 2328 di-

1991 2345 2126 2437 ligit
2161 2347 2337 2422 Deus,
2379 2350 2631 2427 corripit
2665 2349 2981 2437 :rﬂageltat
3034 2358 3240 2414 autem
3297 2370 3530 2417 omnem
3556 2356 3638 2437 ﬁ-

1992 2432 2144 2526 lium
2168 2453 2341 2526 quem
2385 2438 2624 2516 recipit.
2669 2436 2748 2526 si
2789 2445 3244 2519 castigationem
3295 2432 3635 2526 sustinetis,

1991 2523 2176 2613 veluti
2202 2524 2348 2603 filiis
2377 2530 2545 2602 offert
2572 2542 2635 2587 se
2657 2524 2821 2587 vobis
2850 2528 3033 2589 Deus.
3084 2528 3231 2602 Quis
3258 2532 3416 2593 enim
3445 2539 3534 2595 est
3558 2523 3640 2613 ﬁ;

266 2618 504 2676 παιδεύει
576 2623 788 2701 πατήρ;
846 2624 905 2680 Εἰ
984 2620 1039 2677 δὲ
1121 2611 1287 2701 χωρίς
1343 2622 1459 2677 ἐστε
1514 2621 1769 2702 παιδείας,
1842 2624 1906 2688 ἧς

1994 2611 2111 2674 lius
2140 2632 2320 2693 quem
2348 2632 2469 2676 non
2497 2616 2758 2693 castigat
2782 2624 2969 2695 pater
2987 2619 3020 2678 7
3045 2618 3187 2680 419
3219 2619 3393 2694 Quod
3420 2622 3476 2684 si
3494 2611 3641 2685 alie-

265 2707 497 2788 μέτοχοι
571 2710 820 2789 γεγόνασι
875 2711 1092 2784 πάντες,
1157 2710 1257 2788 ἄρα
1317 2711 1453 2768 νόθοι
1511 2709 1628 2767 ἐστὲ
1669 2712 1758 2767 καὶ
1809 2714 1906 2790 οὑχ

1993 2703 2213 2764 niestis
2229 2721 2267 2765 a
2288 2704 2681 2783 castigatione
2699 2709 2872 2783 cujus
2894 2709 3225 2788 participes
3243 2718 3386 2772 sunt
3404 2726 3634 2788 omnes,

262 2799 390 2860 υἱοί.
454 2799 589 2855 Εἶτα
660 2801 781 2863 τοὺς
837 2799 932 2875 μὲν
982 2805 1081 2866 τῆς
1156 2800 1348 2877 σαρκὸς
1432 2802 1587 2876 ἡμῶν
1683 2797 1906 2879 πατέρας

1994 2791 2187 2869 igitur
2214 2792 2414 2872 spurii
2442 2794 2606 2873 estis,
2648 2809 2773 2855 non
2827 2794 2966 2874 ﬁlii.
3018 2795 3237 2877 Itaque
3266 2816 3401 2861 cum
3430 2805 3642 2863 carnis

271 2883 507 2965 εἴχομεν
537 2886 814 2953 παιδευτὰς
843 2890 930 2946 καὶ
959 2887 1363 2966 ἐνετρεπόμεθα,
1410 2889 1469 2945 οὗ
1498 2887 1681 2964 πολλῷ
1709 2887 1906 2964 μᾶλλον

1994 2889 2215 2941 nostrae
2242 2888 2449 2959 patres
2480 2881 2869 2943 habuerimus
2915 2887 3338 2964 castigatores,
3368 2894 3425 2949 et
3465 2905 3640 2951 reve-

263 2976 713 3055 ὑποταγησόμεθα
793 2984 868 3052 τῷ
961 2978 1124 3057 Πατρὶ
1216 2983 1320 3035 τῶν
1404 2979 1739 3053 πνευμάτων,
1825 2978 1906 3033 καὶ

1994 2969 2099 3029 riti
2126 2970 2315 3031 simus
2337 2968 2496 3044 illos,
2530 2987 2738 3031 annon
2768 2970 2955 3034 multo
3003 2979 3205 3053 magis
3244 2975 3639 3056 subjiciemur

262 3065 498 3140 ζήσομεν
523 3086 539 3145 ;

1995 3059 2174 3120 Patri
2199 3061 2553 3138 spirituum,
2587 3068 2643 3121 et
2674 3060 2985 3123 vivemus?

355 3174 379 3209 α
417 3152 824 3234 Ἀναλογίσασθε
852 3156 977 3235 γάρ.
1012 3178 1041 3211 ι
1102 3156 1162 3212 El.
1188 3154 1289 3234 γὰρ
1331 3158 1360 3211 ὁ
1415 3157 1481 3211 τὰ
1522 3156 1628 3212 τῶν
1683 3154 1906 3231 ὁμοδού-

2082 3169 2104 3201 α
2140 3146 2476 3225 Recogitate
2500 3147 2682 3207 enim.
2710 3168 2738 3207 ›
2770 3146 2919 3209 Nam
2950 3149 3001 3210 si
3031 3151 3122 3212 his
3150 3150 3251 3231 qui
3300 3153 3639 3216 considerat

260 3240 376 3298 λων
434 3242 771 3322 λογιζόμενος
820 3245 986 3318 πάθη,
1045 3242 1162 3324 ἔχει
1220 3246 1547 3324 παραμυθίαν
1590 3243 1644 3300 ἐν
1685 3259 1801 3311 τοῖς
1827 3248 1906 3302 οἱ-

1994 3253 2415 3297 conservorum
2444 3236 2818 3324 afﬂictiones,
2853 3238 3323 3301 consolationem
3363 3241 3539 3304 habet
3569 3242 3633 3305 in

259 3333 429 3396 κείοις
481 3334 691 3409 πάθεσι,
751 3334 901 3407 πόσῳ
957 3331 1159 3411 μᾶλλον
1231 3335 1259 3389 ὁ
1325 3334 1392 3389 τὰ
1445 3340 1533 3389 τοῦ
1593 3334 1907 3409 Δεσπότου;

268 3441 294 3475 s
338 3409 470 3477 Ὑπὸ
498 3428 592 3478 τοῦ
620 3409 970 3502 ἁμαρτωλῶν,
1011 3443 1035 3478 s
1074 3423 1146 3479 Τὸ
1187 3419 1242 3476 δὲ
1272 3427 1481 3496 μεῖζον,
1538 3419 1619 3477 ὅτι
1674 3425 1768 3478 καὶ
1812 3424 1912 3479 ὑπὸ

267 3510 600 3589 ἁμαρτωλῶν
681 3521 841 3570 ταῦτα
948 3510 1373 3586 ὑπομεμένήκεν.
1457 3508 1786 3589 Ἀντιλογίαν
1857 3510 1913 3567 δέ

266 3600 401 3676 φησὶ
428 3602 520 3656 τὸν
564 3599 795 3679 γέλωτα,
854 3600 945 3663 τὰς
990 3599 1227 3678 πληγὰς,
1287 3599 1381 3662 τὰς
1440 3597 1747 3679 χλευασίας,
1825 3602 1912 3657 καὶ

265 3686 370 3744 ὅσα
440 3689 719 3768 ἀντέλεγον
788 3702 904 3754 τοῖς
948 3693 1106 3748 αὑτοῦ
1153 3686 1380 3766 δόγμασι
1404 3764 1440 3768 Η
1464 3688 1552 3743 καὶ
1607 3684 1908 3766 διδάγμασι,

264 3777 480 3842 καὶτὰς
510 3778 593 3835 ἐπὶ
622 3764 712 3835 τοῦ
744 3777 971 3837 Πιλάτου
1025 3764 1275 3857 κραυγαῖς.
1338 3799 1365 3831 α
1404 3764 1527 3831 ’Ὶνα
1571 3776 1648 3851 μὴ
1703 3764 1911 3851 κάμητε

261 3878 391 3930 ταῖς
422 3871 627 3947 ψυχαῖς
658 3869 829 3944 ὑμῶν,
869 3890 896 3923 ι)
955 3868 1013 3923 Εἰ
1063 3867 1163 3945 γὰρ
1216 3871 1378 3921 ταῦτα
1437 3862 1722 3942 λογιεῖσθε,
1756 3867 1906 3945 φησὶ,

262 3958 665 4032 στομωθήσεσθε
719 3959 849 4037 πρὸς
902 3956 1022 4020 τοὺς
1079 3954 1425 4033 πειρασμοὺς,
1484 3952 1672 4017 εἱδότες
1730 3977 1907 4030 μιμη-

260 4046 360 4111 τὰς
413 4046 627 4111 ἑαυτοὺς
683 4045 990 4125 γινομένους
1035 4051 1187 4107 Θεοῦ.
1254 4067 1274 4098 ι
1313 4041 1472 4100 Οῧπω
1524 4042 1714 4121 μέχρις
1744 4043 1909 4118 αἵμα-

261 4156 377 4201 τος.
417 4158 441 4194 ι
505 4132 894 4215 Ἐμαρτύρησεν
980 4137 1162 4197 αὐτοῖς
1218 4132 1488 4212 ἀνωτέρω,
1543 4130 1716 4188 πολλὰ
1741 4131 1905 4200 ἠθλη-

258 4225 436 4301 κέναι,
469 4224 522 4281 ἐν
552 4238 636 4305 οῖς
666 4247 820 4305 φησι,
850 4223 1059 4292 Πολλὴν
1088 4222 1307 4290 ἄθλησιν
1357 4222 1666 4297 ὑπεμείνατε
1723 4226 1903 4289 παθη-

260 4316 475 4391 μάτων.
538 4304 689 4372 υΙναγ
716 4315 803 4371 οὖν
861 4315 939 4391 μὴ
1026 4311 1318 4393 ἔπαρθῶσιν
1403 4311 1463 4367 ἐκ
1520 4312 1703 4367 τούτου
1758 4310 1903 4390 λέγει

1992 3321 2115 3382 suis
2141 3322 2580 3397 altlictionibus,
2606 3332 2823 3403 quanto
2854 3326 3039 3404 magis
3069 3327 3171 3404 qui
3190 3327 3428 3389 Domini
3452 3330 3635 3391 amic-

1997 3409 2187 3472 tiones
2208 3412 2774 3493 animo_perpendit.
2816 3437 2842 3468 α
2870 3415 2923 3475 Α
2954 3414 3387 3493 peccatoribus,
3425 3441 3448 3475 ι)
3499 3421 3632 3480 Ma-

1986 3499 2086 3578 jus
2108 3500 2266 3559 enim
2299 3503 2581 3581 est,quod
2611 3500 2785 3562 etiam
2804 3520 2839 3563 a
2861 3502 3278 3581 peccatoribus
3292 3504 3417 3566 haec
3448 3506 3633 3568 susti-

1992 3588 2210 3650 nuerit.
2244 3588 2758 3651 Coutradictiones
2814 3600 3009 3652 autem
3068 3601 3234 3653 vocat
3263 3591 3627 3671 irrisionem,

1992 3677 2258 3753 verbera,
2288 3678 2801 3757 subsannationes,
2837 3689 2893 3739 et
2923 3698 3292 3761 quaecunque
3322 3683 3640 3744 contradi-.

1994 3765 2207 3828 cebant
2254 3767 2551 3846 dogmatis
2587 3776 2645 3828 et
2670 3768 2957 3842 doctrinis
3006 3769 3236 3849 ipsius:
3270 3769 3551 3833 similiter
3574 3779 3638 3833 et

1992 3855 2280 3916 clamores
2311 3856 2522 3936 quibus
2552 3857 2659 3917 sub
2711 3857 2894 3919 Pilato
2952 3858 3448 3922 vociferabantur.
3488 3882 3511 3918 ι
3547 3860 3636 3924 Ne

1991 3944 2398 4023 defatigemini
2426 3945 2641 4006 animis
2666 3946 2934 4009 vestris.»
2971 3946 3118 4009 Nam
3146 3948 3198 4010 si
3227 3949 3374 4024 haec,
3410 3949 3624 4032 inquit,

1989 4033 2184 4094 animo
2216 4034 3126 4114 perpenderitis,obdurabimini
3152 4038 3223 4099 ad
3255 4038 3631 4122 afﬂictiones,

1988 4121 2249 4183 scientes
2274 4142 2372 4184 vos
2402 4124 2586 4185 factos
2615 4142 2746 4187 esse
2767 4124 2876 4186 Dei
2905 4126 3254 4190 imitatores.
3297 4150 3321 4185 ιι
3350 4121 3631 4191 Nondum

1989 4229 2175 4290 usque
2198 4212 2269 4272 ad
2302 4213 2711 4290 sanguinem.»
2747 4212 2814 4275 In
2844 4215 3251 4296 superioribus
3282 4217 3634 4280 testiﬁcatus

1989 4308 2077 4359 est
2107 4302 2194 4360 eis
2217 4302 2373 4380 quod
2408 4302 2727 4381 plurimum
2759 4304 3137 4378 certaverint,
3169 4304 3273 4366 ubi
3290 4305 3389 4367 ait:
3415 4305 3632 4385 Ingens
3709 4359 3717 4368 .

260 4381 375 4484 νῦν,
410 4401 491 4458 ὅτι
521 4402 680 4460 Οὔπω
706 4381 1416 4482 τελείόιςῆγωνίσασθε,.δεῖ
1455 4400 1585 4475 ὑμῖν
1648 4400 1734 4455 καὶ
1783 4381 1903 4456 ἑτέ-

1989 4397 2291 4450 certamen
2348 4392 2709 4453 sustinuistis
2756 4392 3144 4455 afﬂictionum
3183 4415 3195 4452 :
3232 4413 3307 4454 ne
3352 4381 3529 4471 igitur
3558 4412 3631 4455 ex

262 4514 360 4572 ρου
388 4493 527 4555 τίνος
562 4507 575 4521 ⁸
609 4491 738 4572 ᾇπερ
765 4494 853 4548 καῖ
908 4501 1062 4550 τοῦτο
1119 4488 1264 4554 εἶδός
1328 4488 1437 4545 ἐστι
1491 4487 1899 4567 παρακλήσεως,

259 4570 406 4648 φησὶ
435 4582 535 4659 γὰρ
565 4599 579 4614 ⁶
614 4570 790 4661 ’Ἄχρι
815 4578 1084 4659 διωγμῶν,
1121 4577 1269 4657 [ἄχρι
1295 4585 1391 4656 τῇς
1420 4582 1531 4661 τῶν
1555 4577 1903 4657 ὑπαρχόντων

261 4656 591 4749 ἀφαιρέσεως
627 4656 834 4748 ἡλθετε,
868 4656 989 4749 οὑκ]
1023 4666 1151 4747 ἄχρι
1180 4656 1465 4726 Πθανάτου.
1518 4656 1575 4724 Ὀ
1625 4662 1680 4721 δέ
1706 4656 1904 4733 Ἰησοῦς

259 4760 486 4837 Χριστος
556 4756 683 4837 ἄχρι
725 4758 948 4814 θανάτου
1002 4755 1151 4824 ἦλθε.
1229 4775 1254 4811 ι
1305 4757 1439 4831 Πρὸς
1509 4754 1607 4822 τὴν
1651 4756 1906 4834 ἁμαρτίαν

260 4847 762 4926 ἀνταγωνιζόμενοι.
815 4869 842 4902 n
887 4844 1124 4902 Δείκνυσι
1153 4844 1241 4900 καὶ
1296 4844 1393 4910 τὴν
1457 4844 1710 4921 ἁμαρτίαν
1769 4868 1905 4926 σφο-

260 4935 382 5016 δρὸν
424 4936 700 5012 πνέουσαν,
747 4936 835 4992 καὶ
887 4936 1101 4999 τούτους
1159 4932 1593 5011 ἀγωνιζομένους·
1639 4935 1711 4991 Τὸ
1780 4938 1901 5016 γὰρ,

268 5046 294 5081 ι
331 5022 788 5101 Ἀντικατέστητε,
825 5048 852 5080 »
901 5028 1018 5080 οἷον
1047 5024 1120 5087 εἰς
1174 5019 1480 5101 παράταξιν,
1518 5022 1589 5083 εἱς
1644 5020 1902 5102 πόλεμον,

260 5118 336 5180 ὡς
378 5115 470 5170 καὶ
532 5118 630 5181 τῆς
688 5113 945 5190 ἁμαρτίας
989 5110 1348 5178 ἀνθεστώσης.
1406 5130 1429 5166 α
1470 5110 1565 5167 Καὶ
1623 5108 1904 5178 ἐκλέλησθε

210 5258 213 5259 ,
260 5209 365 5272 τῆς
421 5201 829 5281 παρακλήσεως.
892 5226 920 5257 ι
981 5209 1264 5275 Τοσοῦτον,
1340 5198 1539 5281 φησὶν,
1598 5197 1904 5281 ἠθύμησατε

260 5286 352 5343 καὶ
423 5276 729 5357 ἐξαλύθητε,
798 5282 936 5340 ὥστε
1004 5283 1092 5339 καὶ
1150 5283 1253 5336 τῶν
1311 5279 1384 5342 εἰς
1439 5276 1670 5357 ἀνδρείαν
1728 5278 1903 5359 λόγων

258 5371 601 5439 ἐπιλέλησθε.
693 5378 859 5430 Τοῦτο
936 5369 989 5427 δὲ
1074 5368 1225 5438 δῆλοι
1310 5369 1494 5433 αὐτοὺς
1577 5367 1901 5437 ἀπωκνηκό-

256 5486 376 5529 τας.
414 5465 477 5520 Οἱ
502 5463 601 5542 γὰρ
627 5468 855 5519 τοιοῦτοι
897 5462 985 5518 καὶ
1027 5466 1134 5517 τῶν
1189 5458 1243 5516 ἐν
1286 5459 1470 5539 χερσὶν
1524 5455 1900 5516 ἐπιλανθάνον-

254 5578 368 5614 ται.
408 5579 437 5610 ε
486 5546 663 5617 ’Ἐτις
688 5552 817 5628 ὑμῖν
845 5553 917 5615 ὡς
946 5554 1082 5613 υἱοῖς
1114 5547 1428 5626 διαλέγεταὶ
1467 5568 1495 5601 ι
1530 5549 1603 5604 Οὐ
1631 5547 1728 5625 γὰρ
1766 5551 1902 5613 υἱοῖς

253 5643 407 5710 ἰδίοις
452 5639 627 5706 ἰλάϐει
658 5638 936 5716 Σολομῶν,
965 5638 1101 5695 ἀλλὰ
1141 5638 1324 5703 κοινὴν
1384 5630 1716 5691 διδασκαλίαν
1748 5635 1900 5702 ἕξετί-

822 5797 1084 5866 PATBOL.
1120 5799 1234 5862 Gn.
1267 5795 1475 5860 CXIX.

1985 4476 2099 4538 hoc
2130 4480 2574 4554 extollerentur,
2611 4481 2757 4543 dicit
2797 4502 2955 4544 nunc
2989 4500 3003 4545 :
3036 4480 3310 4543 Nondum
3369 4485 3632 4563 perfecte

1986 4568 2360 4645 decertastis,
2391 4587 2543 4649 opus
2576 4578 2663 4631 est
2697 4570 2864 4632 vobis
2895 4580 2954 4632 et
2980 4571 3097 4633 alio
3137 4571 3393 4652 quodam
3422 4591 3435 4631 :
3473 4571 3632 4650 quod

1987 4665 2045 4717 et
2075 4658 2187 4717 hoc
2234 4667 2323 4718 est
2351 4676 2536 4735 genus
2569 4659 3015 4721 exhortationis.
3049 4660 3147 4720 Ait
3176 4658 3336 4721 enim
3378 4681 3390 4717 :
3435 4658 3633 4740 Usque

1989 4746 2060 4806 ad
2095 4748 2565 4826 persecutiones,
2594 4766 2782 4830 usque
2827 4749 2901 4809 ad
2950 4748 3289 4810 facultatum
3338 4747 3629 4829 direptio-

1990 4854 2126 4896 nem
2157 4838 2530 4915 pervenistis,
2555 4857 2675 4899 non
2704 4856 2893 4919 usque
2941 4838 3015 4899 ad
3046 4847 3301 4899 mortem
3330 4857 3344 4897 :
3381 4836 3630 4899 atJesus

1989 4925 2257 4988 Christus
2311 4927 2382 4987 ad
2442 4934 2694 4988 mortem
2749 4945 2935 5007 usque
2976 4926 3236 4988 devenit.
3275 4950 3303 4981 α
3332 4925 3633 4989 Adversus

1988 5023 2293 5093 peccatum
2340 5023 2756 5093 repugnantes.
2800 5039 2828 5070 ι)
2882 5014 3156 5078 Ostendit
3212 5022 3270 5075 et
3325 5023 3632 5095 peccatum

1987 5103 2390 5176 vehementer,
2425 5104 2673 5181 spirare,
2709 5113 2769 5164 et
2789 5102 2950 5183 ipsos
2972 5104 3247 5165 ediverso
3278 5102 3636 5166 certare.Ait

1986 5191 2170 5261 enim,
2215 5215 2233 5240 ο·
2270 5189 2934 5273 Βεειιιὶειίε,»ιδηιιυεω
2969 5194 3031 5252 in
3060 5192 3212 5272 acie,
3243 5200 3519 5272 tanquam
3568 5191 3633 5253 in

1986 5277 2165 5354 bello,
2198 5278 2380 5339 veluti
2428 5284 2604 5340 etiam
2656 5282 2971 5342 resistente
3001 5290 3267 5361 peccato.
3300 5304 3328 5335 ι
3361 5279 3431 5339 Et
3462 5278 3634 5341 obliti

1987 5368 2131 5429 estis
2160 5369 2607 5433 exhortationis.
2631 5369 2851 5452 )Adeo,
2884 5370 3096 5450 inquit,
3133 5368 3468 5432 contristati
3487 5368 3636 5432 estis

1985 5458 2300 5537 animoque
2312 5458 2643 5537 dejecto,ut
2661 5459 2801 5520 etim
2819 5458 2988 5520 obliti
3008 5458 3141 5520 sitis
3161 5475 3509 5520 sermonum
3529 5456 3634 5539 qui

1984 5547 2058 5608 ad
2082 5547 2486 5611 forttiudinem
2510 5548 2884 5614 faciunt.Hoc
2903 5557 3098 5611 autem
3122 5548 3631 5627 signiﬁcateosve-

1986 5637 2299 5699 hementer
2328 5656 2541 5718 segnes
2558 5640 2801 5703 eﬂ'ectos
2819 5659 2832 5699 :
2849 5656 2985 5702 nam
3007 5635 3110 5719 qui
3130 5636 3283 5702 tales
3312 5644 3448 5701 sunt
3466 5635 3632 5699 obli-

3162 5799 3232 5861 14
