4180 6212
499 349 617 416 427

1637 347 2046 414 OECUMENII
2088 347 2381 410 TRICCE
2427 347 2758 412 EPISCOPI

3755 346 3876 410 428

495 487 811 549 viscantur
833 485 1006 546 etiam
1030 501 1235 545 eorum
1257 501 1386 563 qua:
1405 490 1544 545 sunt
1568 482 1629 543 in
1658 480 1955 544 manibus.
1973 480 2146 553 «Quae

2622 491 2627 496 _
2845 472 2880 493 (Ι

2250 500 2366 545 ιετο,
2405 486 2499 538 Δια
2543 491 2692 540 τουτο
2724 485 2806 556 τὸ,
2884 497 2980 546 εὶς.
3019 501 3048 540 ‹
3077 481 3197 540 Ἀπ’
3240 487 3392 541 αὒτοῦ
3423 481 3804 561 ἐλεγχόμενος.
3841 499 3874 540 ι

498 575 665 638 vobis
689 581 962 653 tanquam
984 571 1119 633 ﬁliis
1143 571 1600 652 loquitur.)Non
1618 570 1774 632 enim
1803 569 2060 651 propriis
2084 570 2146 630 ﬁ-

499 663 596 726 liis
614 661 970 742 loquebatur
992 658 1252 734 Salomo,
1287 658 1389 720 sed
1413 676 1791 720 communem
1817 658 2147 719 doctrinam

497 753 560 814 in
576 750 836 814 medium
852 747 1179 828 promebat:
1190 755 1503 827 propterea
1521 747 1603 807 ait
1625 746 1952 826 Tanquam.
1968 772 1987 799 ι
2003 748 2146 809 Cum

500 841 574 903 ab
599 859 668 901 eo
703 839 986 916 argueris.
1016 861 1044 892 »
1083 836 1333 898 Maxima
1364 847 1452 897 est
1484 836 1812 897 exhortatio
1846 844 1904 897 et
1931 855 2148 896 conso—

500 929 663 1003 latio,
717 926 872 988 scire
903 924 1060 1005 quod
1093 943 1162 986 ex
1212 923 1317 986 Dei
1352 925 1748 1004 promissione
1780 924 1851 984 ad
1887 933 2145 985 nostram

501 1017 814 1079 utilitatem
844 1012 1267 1094 supervenient
1311 1013 1690 1087 aﬂlictiones,
1750 1012 2040 1092 siquidem
2073 1011 2146 1072 ad

503 1101 1038 1188 philosophandum
1071 1102 1352 1163 inducant
1383 1121 1489 1162 nos
1520 1101 1875 1164 aﬂlictiones
1929 1119 1942 1162 :
1991 1101 2144 1180 quod

505 1195 556 1256 si
587 1214 654 1256 ex
673 1192 779 1256 Dei
810 1190 1203 1270 permissione
1234 1189 1756 1270 superveniant,ab
1791 1191 1920 1269 ipso
1942 1189 2148 1250 viden-

507 1291 603 1345 tur
650 1278 1029 1361 supervenire
1062 1285 1118 1338 et
1145 1278 1406 1342 immitti.
1451 1302 1470 1331 ι·
1499 1278 1687 1350 Quem
1739 1279 1897 1340 enim
1953 1278 2148 1357 diligit

504 1370 662 1434 Deus
687 1367 992 1448 corripit»
1016 1364 1319 1446 Siquidem
1356 1367 1552 1428 nullus
1578 1375 1766 1446 potest
1791 1385 2148 1446 quemquam

508 1457 826 1521 ostendere
838 1457 1067 1536 justum
1090 1453 1312 1534 absque
1329 1455 1647 1516 afﬂictione
1671 1477 1683 1518 :
1704 1455 1844 1514 420
1873 1457 2148 1536 quoniam

518 1572 541 1605 ιι
565 1554 810 1626 angusta
836 1553 893 1606 et
921 1551 1082 1606 arcta
1107 1551 1198 1605 est
1227 1544 1317 1604 via
1341 1563 1471 1624 quae
1505 1543 1665 1604 ducit
1694 1543 1764 1604 ad
1799 1543 1973 1604 vitam
1999 1545 2062 1594 75
2124 1569 2148 1598 ι

510 1635 713 1717 Itaque
744 1642 799 1695 et
829 1653 930 1695 vos
954 1632 1146 1714 quoad
1172 1633 1604 1694 correctionem
1637 1641 1802 1693 vocat
1832 1631 2008 1698 Deus.
2035 1652 2152 1693 non

511 1725 584 1788 ad
629 1722 1006 1803 supplicium.
1060 1722 1146 1783 Eo
1195 1721 1325 1802 ipso
1374 1721 1552 1798 igitur
1606 1741 1720 1801 quo
1751 1740 1816 1782 se
1845 1721 2151 1783 existima-

511 1813 653 1875 bant
681 1831 713 1872 a
741 1810 864 1872 Deo
895 1809 1208 1872 derelictos
1239 1828 1391 1885 esse,
1430 1825 1645 1886 nempe
1677 1817 1917 1890 propter
1965 1810 2153 1870 afﬂic-

2233 573 2464 649 Μεγίστη
2510 572 2864 650 παράκλησις,
2913 574 2972 627 τὸ
2997 570 3188 628 εἰδέναι
3239 571 3320 628 ὅτι
3378 573 3511 628 κατὰ
3569 572 3823 650 συγχώρη
3856 589 3873 606 ⁸

2233 685 2312 716 σιν
2356 668 2486 716 Θεοῦ
2543 662 2672 740 πρὸς
2717 662 2972 738 ἡμέτερον
3031 660 3218 739 ὁφελος
3277 665 3322 717 οἱ
3371 662 3649 738 πειρασμοὶ
3713 659 3875 737 ἐπέρ-

2231 772 2445 828 χονται.
2481 753 2541 805 Αἱ
2609 750 2708 828 γὰρ
2757 749 2959 824 θλίψεις
3004 748 3315 830 φιλοσοφεῖν
3357 751 3640 808 πείθουσιν.
3702 750 3758 804 Εἰ
3817 746 3875 803 δὲ

2231 840 2365 893 κατὰ
2414 840 2784 918 συγχώρησιν-
2823 838 3141 918 ἐπέρχονται
3187 845 3340 912 Θεοῦ,
3387 837 3511 916 παρ’
3571 840 3725 894 αὖτοῦ
3779 834 3876 892 δο-

2231 937 2407 984 κοῦσιν
2436 925 2665 988 ἐπιέναι,
2707 950 2728 979 (ι
2765 911 2857 982 ῑ’ον
2900 928 2998 1003 γὰρ
3042 927 3222 1004 ἀγαπᾷ
3283 927 3491 1006 Κύριος,
3553 925 3801 986 παιδεύει.
3840 946 3865 981 ι

2233 1013 2406 1076 Οὖᾶεὶς
2478 1015 2576 1093 γὰρ
2633 1012 2840 1070 δύναται
2924 1012 3092 1079 δεῖξαι
3150 1013 3344 1070 δίκαιον
3401 1016 3565 1094 χωρὶς
3620 1013 3872 1091 Θλίψεως,

2231 1102 2411 1170 ἐπειδὴ
2462 1126 2481 1158 ι
2532 1104 2688 1172 στενή
2722 1103 2830 1159 ἐστι
2875 1105 2960 1158 καὶ
3004 1101 3326 1178 τεθλιμμένη
3356 1106 3388 1169 ἡ
3447 1104 3516 1168 εἷς
3577 1107 3676 1169 την
3731 1102 3875 1172 ζωὴν

2231 1189 2369 1253 ὁδός,
2408 1215 2434 1245 n
2511 1198 2796 1270 Τοιγαροῦν
2864 1193 2952 1248 καὶ
3008 1193 3142 1266 ὑμᾶς
3188 1193 3260 1255 εἷς
3344 1190 3575 1248 παιδείαν
3635 1189 3792 1246 καλεῖ
3847 1192 3876 1245 ὁ

2232 1282 2381 1347 Θεὸς,
2431 1285 2525 1338 οὐκ
2554 1283 2624 1343 εἷς
2655 1279 2894 1342 κόλασιν.
2943 1285 3091 1353 Αὖτῷ
3161 1281 3246 1337 οὖν
3375 1281 3614 1356 ἐνόμιζον
3643 1280 3876 1358 ἐγκατα-

2233 1367 2504 1446 λελεῖφθαι
2559 1366 2642 1423 διὰ
2699 1369 2818 1431 τοὺς
2845 1370 3190 1447 πειρασμοὺς,
3236 1367 3302 1424 δι’
3364 1369 3521 1424 αὑτοῦ
3573 1368 3741 1424 πείθει
3777 1369 3877 1422 αὒ-

2234 1459 2350 1521 τοὺς
2379 1459 2452 1521 ὡς
2483 1457 2534 1513 ἐν
2565 1457 2790 1538 φροντίδι
2835 1459 2930 1512 εἰσὶ
2985 1460 3126 1536 παρα
3155 1465 3231 1532 τῷ
3287 1463 3423 1530 Θεῷ,
3483 1459 3554 1514 T‘o
3593 1458 3692 1536 γὰρ
3723 1455 3877 1510 ἐναν-

2235 1549 2364 1620 τίον,
2425 1549 2606 1625 φησὶν,
2665 1546 2728 1613 ἦν
2787 1545 2848 1601 ἂν
2918 1546 3322 1625 ἐγκατάλει-ψις,
3383 1549 3427 1603 εἰ
3500 1544 3616 1602 άνευ
3652 1546 3882 1621 θλίψεως

2235 1634 2464 1712 διήγετε.
2507 1659 2532 1690 α
2565 1620 2658 1692 “0v
2688 1633 3065 1715 παραδέχεται,
3106 1658 3128 1692 ι)
3191 1621 3283 1693 “Ov
3352 1633 3710 1715 παραδέχεται
3753 1656 3878 1712 παρ⁶

2237 1725 2425 1797 ἐαυτῷ,
2475 1725 2530 1781 ὃν
2602 1722 2989 1802 προσλαμϐάνει
3047 1727 3118 1788 εἰς
3188 1727 3248 1780 τὸ
3333 1725 3474 1781 εἶναι
3547 1729 3701 1783 αὐτο)
3743 1724 3877 1779 υἱόν.

2245 1834 2269 1868 (ι
2307 1803 2398 1875 Ὠς
2443 1816 2578 1874 υἱοῖς
2635 1815 2763 1888 ὑμῖν
2835 1814 3176 1892 προσφέρεται
3249 1817 3277 1870 ὁ
3349 1813 3499 1876 Θεός.
3534 1837 3554 1867 ι
3617 1812 3765 1870 Ἐπεὶ
3795 1812 3883 1868 οὖν

512 1903 732 1976 tiones,
757 1917 864 1980 per
890 1898 948 1960 id
981 1897 1190 1959 suadet
1213 1898 1298 1958 eis
1329 1897 1488 1978 quod
1525 1902 1644 1958 Deo
1677 1916 1836 1959 aurai
1859 1897 2003 1973 sint;
2036 1899 2154 1958 imo

2250 1900 2434 1978 δεῖγμα
2503 1904 2626 1956 υἱῶν
2696 1903 2755 1956 τὸ
2812 1899 3138 1959 παιδεύεσθαι
3204 1901 3512 1976 ὑπομένετε,
3574 1903 3724 1981 φησὶ,
3784 1900 3883 1966 τὴν

514 1988 784 2071 opposito
816 1986 991 2047 modo
1026 2004 1038 2048 :
1076 1987 1356 2048 Derelicti
1387 1986 1901 2066 essetis,inquit,si
1927 1987 2150 2067 absque

2250 1989 2494 2049 παιδείαν.
2547 1990 2654 2046 Υἱοὶ
2681 1988 2735 2045 δὲ
2766 1997 2857 2045 106
2887 1997 3019 2049 Θεοῦ
3070 1994 3116 2047 οἱ
3146 1989 3356 2052 δίκαιοι.
3402 2009 3432 2049 (
3478 1992 3534 2047 Εἰ
3603 1988 3658 2044 δὲ
3716 1991 3882 2068 χωρὶς

515 2076 936 2144 afﬂictionibus
965 2075 1243 2154 ageretis.
1285 2101 1306 2132 ι
1327 2074 1512 2148 Quem
1555 2075 1838 2155 recipit.»
1863 2075 2047 2147 Quem
2081 2075 2150 2136 ad

2250 2079 2353 2135 ἐστὲ
2396 2077 2653 2141 παιδείας,
2687 2103 2713 2132 ι)
2748 2079 2936 2142 Πείσας
3008 2086 3212 2157 πρῶτον
3280 2081 3386 2135 ἁπὸ
3444 2077 3766 2158 πραγμάτων
3808 2084 3886 2151 τῷ

515 2187 582 2232 se
610 2164 876 2246 suscipit,
904 2181 1080 2244 quem
1109 2164 1324 2244 accipit
1343 2171 1408 2224 ut
1437 2182 1580 2224 suus
1603 2163 1760 2226 ﬁlius
1792 2167 1886 2226 sit.
1926 2189 1950 2218 α
1975 2165 2156 2227 Velu-

2250 2180 2571 2246 παραγαγεϊν
2613 2168 2733 2231 τοὺς
2765 2169 3042 2232 τοσούτους
3100 2170 3276 2246 ἁγίους
3319 2166 3402 2226 διὰ
3457 2167 3683 2243 θλίψεως
3727 2165 3883 2243 ἁγω-

518 2257 564 2320 ti
585 2256 739 2317 ﬁlius
771 2254 940 2316 oﬁ'ert
970 2271 1036 2314 se
1064 2251 1228 2314 vobis
1256 2252 1434 2316 Deus.
1468 2277 1489 2310 ι)
1529 2251 1818 2324 Quoniam
1860 2253 2036 2331 igitur
2065 2253 2155 2313 in—

2250 2256 2568 2332 νισαμένους,
2597 2263 2685 2312 νῦν
2713 2257 2798 2312 καὶ
2870 2257 2972 2313 ἁπὸ
3028 2257 3296 2336 λογισμῶν
3342 2257 3674 2335 ἀνθρωπίνων
3753 2268 3885 2310 πεῖ-

518 2345 741 2408 dicium
768 2343 1024 2404 ﬁliorum
1049 2351 1138 2402 est
1168 2341 1411 2419 corripi,
1447 2342 1718 2415 tolerate,
1752 2341 1967 2423 inquit,
2004 2342 2158 2403 afﬂi-

2250 2368 2326 2400 σαι
2371 2344 2554 2408 αὖτοὺς
2614 2343 2901 2424 ἐπιχειρεῖ,
2969 2369 2996 2400 α
3048 2336 3196 2424 “Ap:
3239 2347 3383 2402 νόθοι
3442 2344 3589 2424 ἐστὲ,
3665 2344 3751 2400 καὶ
3781 2347 3889 2422 οὔχ

520 2435 800 2497 ctionem.
855 2429 992 2491 Filii
1034 2438 1232 2492 autem
1285 2431 1394 2493 Dei
1453 2445 1583 2491 sunt
1639 2431 1806 2510 justi.
1847 2455 1872 2485 «
1903 2429 2070 2502 Quod
2114 2430 2163 2491 si

2250 2434 2360 2495 οἱοί,
2402 2453 2431 2492 ι
2469 2436 2524 2489 Εἰ
2567 2433 2654 2490 οὖν
2685 2433 2847 2489 νόθων
2877 2435 2973 2509 μὲν
3016 2447 3244 2510 σημεῖον
3295 2436 3356 2490 1‘0
3419 2434 3497 2509 μὴ
3525 2431 3887 2512 παιδεύεσθαι,

521 2523 700 2585 alieni
725 2519 868 2582 estis
892 2537 927 2579 a
954 2518 1359 2598 castigatione.
1397 2544 1416 2574 ι
1454 2517 1568 2580 Ubi
1599 2539 1632 2580 a
1661 2518 1837 2580 rebus
1868 2519 2011 2599 ipsis
2032 2538 2165 2581 sua-

2250 2523 2476 2598 γνησίων
2505 2519 2558 2576 δὲ
2587 2523 2649 2577 1‘0
2693 2520 3040 2584 παιδεύεσθαι,
3091 2521 3194 2598 δεῖ,
3252 2524 3402 2603 φησὶ,
3459 2521 3662 2600 χαίρειν
3707 2519 3791 2575 ἐπὶ
3818 2526 3888 2596 τῇ

523 2612 719 2684 sisset,
747 2624 964 2687 nempe
993 2615 1076 2666 tot
1105 2608 1328 2668 sanctis
1368 2607 1430 2668 in
1463 2607 1724 2668 medium
1767 2607 2036 2668 adductis
2066 2608 2165 2689 qui

2250 2608 2482 2682 παιδείᾳ.
2561 2632 2584 2666 ι
2644 2611 2740 2668 Καὶ
2795 2609 3174 2689 ἐνετρεπόμεθα
3235 2635 3262 2666 ι
3339 2608 3632 2684 Ἠκούομεν
3691 2609 3885 2686 αὒτῶν,

524 2717 631 2780 ρει·
659 2695 1011 2758 afﬁictiones
1059 2694 1531 2776 decertaverant,
1566 2715 1720 2756 nunc
1769 2694 1841 2756 ab
1891 2696 2168 2757 humanis
2250 2700 2398 2778 φησὶ,

522 2785 854 2850 rationibus
880 2783 1086 2843 nititur
1114 2782 1261 2863 ipsis
1292 2783 1674 2864 persuadere.
1716 2806 1738 2840 ι
1775 2783 1958 2864 Igitur
1985 2784 2172 2863 spurii

526 2876 694 2956 estis,
730 2881 788 2935 et
815 2891 932 2932 non
965 2871 1094 2932 ﬁlii.
1126 2897 1153 2926 ι›
1183 2870 1245 2934 Si
1273 2891 1411 2951 ergo
1444 2872 1678 2951 signum
1712 2873 2046 2952 spuriorum
2083 2881 2165 2934 est

2251 2883 2356 2931 τῶν
2387 2876 2683 2951 ἀσωμάτων
2713 2875 3006 2952 δυνάμεων.
3047 2902 3071 2932 ιι
3109 2880 3206 2935 Καὶ
3247 2879 3502 2952 ζήσομεν,
3535 2900 3559 2932 n
3595 2884 3758 2933 T0610
3790 2876 3891 2952 γὰρ

526 2983 646 3026 non
676 2961 968 3039 castigari,
1014 2960 1412 3039 legitimorum
1458 2968 1652 3021 autem
1708 2961 1963 3022 ﬁliorum
1989 2963 2165 3023 casti-

2252 2966 2385 3035 ζωὴ,
2434 2967 2494 3020 1‘0
2535 2967 2892 3045 ὑποτετάχθαι
2925 2973 3062 3042 Θεῷ.

525 3052 673 3133 gari,
733 3055 982 3130 oportet,
1042 3049 1251 3128 inquit,
1305 3049 1380 3111 de
1429 3049 1811 3128 castigatione
1843 3050 2120 3129 gaudere.
2160 3077 2186 3108 α
2218 3052 2288 3115 Et
2319 3052 2558 3114 reveriti
2609 3073 2814 3115 sumus
2846 3054 3000 3118 i'los.
3059 3079 3085 3110 ιο
3121 3053 3543 3130 Audiebamus,
3578 3051 3789 3133 inquit,
3823 3069 3895 3112 ac

527 3138 944 3204 reverebamur
973 3137 1132 3200 illos.
1169 3163 1194 3192 α
1228 3139 1384 3199 Patri
1416 3139 1755 3218 spirituum.
1796 3164 1818 3194 »
1855 3140 1987 3201 Sive
2017 3141 2411 3221 spiritualium
2442 3142 2733 3204 donorum
2763 3145 2885 3206 sive
2913 3144 3242 3206 animarum
3273 3151 3370 3205 aut
3408 3143 3891 3222 incorporearum

2487 2699 2572 2754 καὶ
2653 2700 2978 2778 ἡρυθριῶμεν
3060 2701 3267 2763 αὐτούς.
3341 2723 3367 2754 ι
3415 2703 3501 2771 Τῷ
3547 2698 3706 2776 Πατρὶ
3782 2697 3890 2752 τῶν

2253 2789 2585 2862 πνευμάτων.
2626 2779 2829 2845 ι”Ητοι
2859 2795 2964 2844 τῶν
2990 2789 3359 2869 χαρισμάτων,
3391 2787 3428 2855 ἣ
3457 2789 3562 2844 τῶν
3593 2791 3806 2865 ψυχῶν,
3852 2785 3888 2853 ἢ
3979 2797 3984 2802 ’
4031 2797 4039 2803 ’

528 3231 832 3291 virtutum.
877 3225 984 3286 cEt
1011 3226 1334 3288 vivemus.)
1372 3226 1518 3288 Nam
1543 3228 1667 3288 haec
1694 3238 1784 3288 est
1812 3227 1952 3303 vita,
1987 3229 2200 3309 subjici
2232 3229 2376 3292 Deo.

601 3317 726 3393 XII,
745 3317 874 3380 40—1
894 3318 913 3378 l
932 3366 944 3378 .
964 3317 1162 3395 Atque
1193 3317 1284 3379 illi
1313 3318 1559 3395 quidem
1581 3318 1658 3378 ad
1670 3335 1890 3397 paucos
1909 3319 2034 3380 dies
2052 3338 2163 3398 pro
2183 3330 2222 3380 C

529 3409 833 3473 arbitratu
861 3422 969 3467 suo
1002 3422 1108 3466 nos
1123 3405 1522 3468 erudiebant:
1556 3407 1653 3468 hic
1676 3414 1874 3469 autem
1910 3409 1988 3470 ad
2009 3426 2169 3470 com-

526 3499 772 3562 modum
802 3501 1096 3567 nostrum,
1129 3496 1196 3556 in
1225 3495 1333 3557 hoc
1365 3503 1434 3556 ut
1457 3496 1771 3575 impart-int
1799 3496 1968 3558 nobis
1990 3515 2172 3560 sanc-

529 3587 846 3651 timoniam
875 3600 1075 3645 suam.
1105 3585 1318 3646 Omnis
1341 3591 1542 3646 autem
1576 3586 1899 3664 castigatio
1929 3586 1995 3647 in
2022 3605 2174 3666 prae-

529 3694 667 3739 sens
696 3672 936 3754 quidem
968 3689 1090 3734 non
1120 3673 1366 3734 videtur
1395 3690 1522 3734 ssse
1566 3673 1798 3752 gaudii,
1831 3675 1930 3736 sed
1955 3693 2176 3738 maero-

530 3768 639 3828 ris.
675 3766 757 3826 At
775 3768 974 3840 postea
992 3760 1264 3840 fructum
1295 3763 1701 3842 tranquillam
1739 3764 1996 3842 justitiae
2028 3765 2174 3827 red-

533 3853 625 3915 dit
656 3851 752 3912 his
771 3850 877 3929 qui
896 3866 1008 3928 per
1038 3847 1204 3909 illam
1225 3851 1458 3928 fuerint
1484 3853 1827 3914 exercitati.

621 3959 650 3999 (
681 3939 872 4017 Atque
921 3936 1006 3996 illi
1035 3935 1273 4016 quidem
1335 3937 1407 3998 ad
1458 3957 1676 4018 paucos
1727 3939 1940 4003 dies.»
1976 3939 2179 4022 Neque

532 4029 691 4090 enim
744 4031 991 4107 possunt
1037 4043 1146 4086 nos
1190 4044 1427 4106 semper
1457 4027 1755 4090 instruere
1788 4037 1850 4090 ut
1892 4032 2180 4107 perfectos

530 4115 781 4178 reddant
809 4135 822 4172 :
846 4113 1002 4173 Deus
1031 4121 1225 4174 autem
1257 4115 1360 4194 qui
1388 4133 1627 4195 semper
1675 4119 1868 4180 erudit
1897 4127 1954 4181 et
1985 4120 2166 4182 casti-

533 4213 648 4284 gat,
680 4201 971 4283 perfectos
991 4200 1209 4262 reddit.
1235 4201 1423 4263 Patris
1454 4220 1709 4284 namque
1742 4225 1899 4267 mors
1929 4217 2028 4268 aut
2064 4209 2169 4269 ﬁlii

533 4293 998 4364 incrementum,
1043 4289 1198 4350 sistit
1225 4291 1690 4368 castigationem.
1731 4295 1840 4355 Pro
1887 4295 2169 4358 arbitratu

533 4401 668 4443 suo.
707 4405 729 4438 »
758 4377 922 4450 Quod
955 4386 1151 4438 autem
1185 4376 1334 4458 patri
1365 4377 1618 4453 videtur,
1653 4401 1768 4442 non
1793 4401 2033 4463 semper
2051 4385 2170 4446 ﬁlio

535 4470 816 4552 prodest:
847 4465 1139 4546 siquidem
1160 4467 1502 4546 frequenter
1530 4469 1747 4530 docent
1777 4480 1980 4549 turpes
1995 4473 2170 4534 etiam

534 4556 872 4622 artes.«Hic
899 4562 1093 4616 autem
1127 4556 1198 4616 ad
1230 4555 1604 4618 commodum
1639 4567 1966 4620 nostrum.»
1999 4565 2179 4623 Porro

2333 3345 2359 3376 α
2393 3323 2452 3379 Οἱ
2496 3321 2592 3396 μὲν
2621 3323 2720 3400 γὰρ
2748 3324 2878 3401 πρὸς
2921 3323 3100 3402 ὀλίγας
3153 3322 3352 3401 ἡμέρας
3395 3323 3531 3379 κατὰ
3591 3324 3652 3377 τὸ
3706 3319 3889 3377 δοκοῦν

2256 3411 2437 3474 αὐτοῖς
2511 3408 2802 3489 ἐπαίδευον,
2875 3415 2902 3467 ὁ
2972 3411 3025 3468 δὲ
3075 3413 3159 3469 ἐπὶ
3226 3415 3287 3468 τὸ
3358 3413 3617 3493 συμφέρον
3679 3412 3748 3473 εἰς
3831 3412 3895 3466 τὸ

2258 3497 2576 3574 μεταλαϐεῖν
2648 3504 2744 3565 τῆς
2814 3501 3096 3578 ἁγιότητος
3185 3502 3360 3560 αὐτοῦ.
3440 3507 3587 3556 Πᾶσα
3641 3496 3694 3554 δὲ
3762 3521 3895 3554 παι-

2257 3587 2364 3644 δεία
2432 3590 2560 3666 πρὸς
2604 3587 2700 3663 μὲν
2756 3590 2817 3644 1‘0
2887 3592 3073 3670 παρὸν,
3148 3593 3206 3648 οὗ
3285 3588 3435 3647 δοκεῖ
3517 3593 3687 3668 χαρᾶς
3757 3600 3894 3643 εἶναι

2257 3676 2393 3732 ἁλλὰ
2462 3676 2658 3744 λύπης.
2745 3676 2957 3759 ζίστερον
3027 3677 3104 3757 δὲ,
3175 3681 3376 3757 καρπὸν
3455 3677 3720 3754 εἰρηνικὸν
3775 3690 3894 3740 τοῖς

2259 3764 2325 3820 δι’
2440 3765 2600 3832 αὐτῆς
2727 3766 3175 3845 γεγυμνασμένοις
3297 3764 3576 3823 ἀποδίδωσι
3699 3763 3899 3821 δικαιο-

2259 3855 2419 3920 σύνης
2429 3898 2443 3912 .

2345 3966 2371 3997 α
2420 3946 2478 4000 Οἱ
2536 3943 2631 4018 μὲν
2687 3945 2785 4023 γὰρ
2827 3945 2958 4022 πρὸς
3014 3942 3193 4022 ὅλίγας
3237 3943 3465 4024 ἡμέρας.
3517 3966 3540 4001 ι
3603 3943 3730 4002 Οὐδὲ
3798 3946 3899 4023 γὰρ

2259 4032 2500 4110 ἰσχύουσι
2559 4029 2732 4088 διόλου
2786 4031 3049 4088 παιδεύειν
3107 4034 3273 4108 ἡμᾶς,
3305 4032 3397 4089 ⁹ίνα
3453 4031 3680 4098 τελείους
3735 4032 3898 4112 ἐργά-

2261 4143 2456 4179 σωνται
2487 4140 2500 4154 ⁸
2537 4126 2564 4179 ὁ
2637 4123 2691 4179 δὲ
2739 4126 2866 4188 Θεὸς
2937 4125 3017 4181 ἀεὶ
3073 4123 3354 4200 παιδεύων,
3415 4123 3642 4188 τελείους
3725 4136 3897 4188 ποιεῖ,

2275 4219 2316 4267 Η
2348 4212 2447 4289 γὰρ
2477 4213 2695 4274 θάνατος
2759 4212 2852 4267 106
2905 4215 3127 4291 πατρὸς,
3181 4213 3215 4280 ἢ
3272 4210 3484 4278 αὔξησις
3540 4219 3632 4269 τοῦ
3683 4210 3896 4291 παιδὸς,

2255 4299 2437 4366 ἵστησι
2477 4302 2575 4367 την
2617 4298 2871 4360 παιδείαν.
2913 4325 2939 4356 α
2976 4301 3120 4358 Κανὰ
3162 4303 3222 4355 1‘0
3280 4298 3464 4357 δοκοῦν
3521 4303 3724 4364 αὐτοῖς.
3765 4323 3789 4359 ι
3825 4302 3899 4358 Τὸ

2255 4386 2307 4442 δὲ
2338 4386 2521 4444 δοκοῦν
2589 4394 2666 4462 τῷ
2703 4391 2878 4468 πατρὶ,
2941 4393 3000 4447 οὐ
3057 4389 3266 4453 πάντως
3310 4387 3576 4446 λυσιτελεῖ
3644 4397 3720 4464 τῷ
3775 4392 3896 4464 υἱῷ,

2260 4479 2355 4533 Καὶ
2385 4479 2483 4556 γὰρ
2551 4477 2806 4542 πολλάκις
2874 4480 2962 4534 καὶ
3029 4479 3252 4557 αἰσχρὰς
3309 4475 3601 4534 διδάσκουσι
3674 4478 3897 4559 τέχνας.

2269 4591 2294 4620 (ς
2333 4559 2388 4624 Ὀ
2419 4565 2472 4622 δὲ
2518 4565 2601 4623 ἐπὶ
2657 4569 2717 4623 τὸ
2761 4568 3040 4648 συμφέρον.
3101 4558 3157 4624 ‘0
3205 4564 3257 4622 δὲ
3299 4569 3448 4642 Θεὸς,
3522 4570 3583 4624 1‘0
3638 4558 3900 4647 συμφέρον

534 4647 691 4710 Deus
724 4661 962 4724 semper
991 4653 1248 4736 nostram
1270 4653 1514 4706 venatur
1533 4646 2002 4712 utilitatem.Non
2018 4652 2165 4712 enirr

2261 4658 2395 4729 ἡμῖν
2422 4655 2502 4711 ἀεὶ
2558 4659 2799 4736 θηρᾶται,
2851 4646 2938 4714 06
2977 4658 3076 4735 γὰρ
3128 4655 3221 4713 ’ίνα
3286 4653 3424 4732 λάϐῃ
3473 4679 3524 4713 τι
3566 4654 3690 4736 παρ’
3747 4646 3902 4731 ἡμῶν

535 4743 599 4797 ut
627 4733 846 4814 aliquid
877 4751 910 4793 a
939 4731 1111 4792 nobis
1140 4732 1410 4813 accipiat,
1443 4737 1940 4814 quemadmodum
1985 4749 2178 4820 patres

535 4822 864 4886 secundum
923 4839 1187 4902 carnem,
1219 4831 1420 4883 nostra
1467 4823 1770 4904 dispensat
1805 4844 1817 4889 :
1853 4827 1956 4889 sed
1986 4840 2046 4890 ut
2078 4828 2182 4891 det

538 4913 824 4994 potius,et
855 4911 954 4973 det
983 4929 1100 4971 non
1133 4911 1430 4973 mediocre
1459 4912 1783 4994 quidpiam.
1820 4918 1922 4978 sed
1957 4918 2176 4979 sancti-

540 5001 829 5077 moniam,
853 5001 966 5061 hoc
994 4999 1458 5080 est,puritatem:
1481 5009 1543 5061 ut
1581 5012 1864 5082 quantum
1900 5006 2180 5087 possibile

541 5099 654 5165 est,
687 5089 848 5167 digni
880 5107 950 5150 eo
981 5088 1326 5152 eﬁiciamur.
1359 5087 1601 5151 «Omnis
1630 5102 1823 5155 autem
1857 5095 2110 5156 eruditio
2145 5121 2172 5152 ι,

543 5180 680 5239 42!
723 5180 982 5241 Rursum
1015 5195 1048 5239 a
1071 5177 1370 5239 communi
1398 5178 1786 5258 intelligentia
1806 5183 2178 5247 sumitocca-

541 5267 742 5331 siones
764 5264 1276 5347 exhortationis,et
1299 5265 1406 5326 ait:
1441 5265 1689 5330 (Omnis
1719 5271 2034 5346 eruditio,»
2064 5292 2180 5334 non

541 5355 863 5436 spiritualis
881 5354 1092 5426 solum,
1117 5353 1221 5414 sed
1247 5360 1305 5414 et
1323 5354 1777 5429 carnalis,nnon
1801 5359 2033 5423 videtur
2053 5381 2184 5424 esse

545 5443 742 5523 gaudii
770 5467 796 5501 ι
823 5441 1008 5505 Recte
1039 5450 1232 5504 autem
1265 5440 1428 5518 dicit,
1479 5441 1725 5508 Videtur
1752 5465 1764 5508 :
1799 5465 1992 5529 neque
2022 5451 2179 5512 enim

625 5601 689 5654 75
713 5601 917 5667 Matth.
946 5617 1050 5678 vn,
1085 5604 1184 5664 14.

2261 4744 2436 4822 ὥσπερ
2464 4747 2512 4800 οἱ
2542 4748 2674 4802 κατὰ
2703 4746 2870 4824 σάρκα
2926 4746 3170 4825 πατέρες,
3241 4745 3308 4800 τὰ
3371 4744 3490 4801 καθ’
3543 4746 3684 4822 ἡμᾶς
3754 4746 3903 4802 οἶκο-

2261 4847 2439 4908 νομεϊ,
2485 4831 2721 4892 ἁλλ”ίνα
2752 4833 2846 4909 δῷ,
2879 4835 2965 4889 καὶ
3017 4832 3093 4908 δῷ
3153 4833 3212 4891 οὗ
3243 4834 3428 4912 μικρόν
3483 4855 3555 4913 τι,
3614 4832 3750 4893 ἀλλᾶ
3803 4837 3905 4900 τῆς

2263 4923 2572 5000 ἁγιότητος,
2618 4923 2873 5003 τουτέστι,
2926 4928 3024 4990 τῆς
3083 4921 3462 5002 καθαρότητος,
3523 4922 3659 4979 ὥστε
3732 4920 3904 4987 ἀξίους

2264 5015 2438 5084 αὐτοῦ,
2473 5010 2598 5068 ὅσον
2640 5012 2873 5091 ἐφικτὸν,
2931 5011 3189 5090 γενέσθαι.
3231 5032 3254 5067 (ι
3302 5017 3455 5068 Πᾶσα
3493 5009 3548 5066 δὲ
3604 5009 3828 5090 παιδᾴα.
3870 5033 3896 5069 n

2264 5099 2426 5156 Πάλιν
2471 5100 2566 5157 ἐπὸ
2597 5125 2692 5170 της
2721 5106 2906 5168 κοινῆς
2962 5100 3159 5163 ἐννοίας
3227 5101 3323 5163 τὰς
3376 5100 3614 5180 ἀφορμὰς
3643 5095 3902 5176 λαμϐάνει

2263 5195 2358 5255 τῆς
2391 5191 2768 5268 παραινέσεως,
2829 5189 2917 5248 κὰί
2985 5212 3113 5270 φησι
3146 5207 3159 5220 '
3217 5212 3245 5243 α
3305 5196 3454 5246 Πᾶσα
3521 5187 3730 5246 παιδεία
3762 5212 3789 5244 ι
3845 5189 3908 5246 o6

2266 5278 2424 5354 μόνον
2447 5280 2481 5346 ἡ
2513 5279 2866 5354 πνευματικὴ,
2899 5277 3036 5334 ἀλλὰ
3063 5281 3151 5335 καὶ
3206 5280 3240 5346 ἡ
3271 5278 3520 5356 σαρκικὴ,
3586 5302 3614 5333 α
3650 5277 3708 5334 06
3755 5276 3908 5335 δοκεῖ

2267 5373 2438 5446 χαρᾶς
2483 5368 2647 5430 εἶναι,
2687 5390 2710 5421 ιι
2748 5365 2936 5430 Καλῶς
2963 5368 3046 5442 τὸ,
3083 5376 3265 5425 Δοκεῖ.
3313 5371 3384 5425 Οὒ
3426 5368 3525 5446 γὰρ
3553 5365 3762 5434 ἀληθῶς
3792 5364 3905 5424 ἐστι

2266 5454 2428 5522 λύπη,
2494 5463 2612 5519 Πῶς
2681 5455 2780 5533 γὰρ
2839 5453 2899 5511 ἂν
2952 5453 3042 5521 εἴη
3100 5455 3289 5536 κυρίως
3352 5455 3516 5536 λύπη,
3589 5455 3907 5536 εὐφροσύνης
