4180 6212
301 363 424 428 429

1406 368 1801 432 COMMENT.
1850 359 1931 421 IN
1975 356 2217 419 EPIST.
2263 356 2363 418 AD
2400 357 2629 433 HEBB.

3561 357 3682 424 430

305 497 430 553 οὖσα
460 498 641 577 μήτηρ
717 495 867 555 Ἀλλ’
896 500 970 562 ὡς
1001 501 1128 577 πρὸς
1154 501 1299 576 ἡμᾶς
1331 500 1451 562 τοὺς
1481 497 1748 596 δυσχεριξις
1780 498 1958 579 φέρον·

2046 508 2179 552 vere
2211 509 2429 554 maeror
2477 499 2601 554 est:
2638 491 2934 573 quomodo
2965 493 3125 555 enim
3170 494 3410 576 proprie
3463 511 3683 596 mceror

303 607 396 649 τας
424 587 518 650 aa;
547 584 812 668 παιδείας,
843 590 931 668 τὸ,
976 594 1164 670 Δοκεῖ,
1201 588 1413 669 εἴρηται
1443 589 1606 662 αὐτῷ.
1639 609 1661 644 ιι
1692 579 1953 666 (Ὕστερον

305 672 379 733 δέ.
416 697 440 733 ι
480 676 626 732 Μετὰ
650 677 753 756 γὰρ
813 677 915 744 τὴν
979 677 1197 736 ἐνταῦθα
1265 674 1526 753 παιδείαν,
1599 677 1713 734 ἐκεῖ
1769 676 1954 732 λοιπὸν

307 764 514 844 εἰρήνη,
562 766 876 845 εὐφροσύνη,
956 763 1283 840 δικαιοσύνη,
1387 767 1476 822 καὶ
1559 764 1657 822 ὅσα
1714 771 1951 843 τοιαῦτα,

314 873 338 908 ι
373 861 500 915 Τοῖς
528 851 596 909 δι’
637 854 800 923 «uti:
870 855 1345 934 γεγυμνασμένοις,
1384 877 1408 907 n
1458 856 1711 931 Γυμνάζει
1753 850 1851 932 ἄρα
1917 853 1951 919 ἦ

306 939 512 998 παιδεία
596 944 726 1023 πρὸς
773 942 965 1023 ἀρετὴν
1036 946 1123 1001 καὶ
1193 942 1416 1024 ἀλείφει.
1491 940 1953 1021 Γεγυμνασμὲνους

306 1026 363 1085 δέ
415 1051 544 1110 φησι
617 1031 738 1097 τοὺς
809 1033 945 1107 μετά
1043 1032 1401 1113 μακροθυμίας
1500 1034 1587 1088 καὶ
1680 1032 1952 1105 ὑπομονῆς

305 1118 619 1198 ἐνεγκόντας
644 1121 744 1187 τὴν
775 1118 1038 1180 παιδείαν.

936 1396 1189 1451 suam.
1224 1383 1338 1454 tH'.

315 1499 343 1530 ε
389 1478 514 1560 ῌερὶ
544 1559 550 1560 7
586 1479 950 1559 σωφροσύνης,
1002 1479 1104 1544 ἕως
1159 1482 1340 1560 καιρὸς
1420 1479 1814 1560 κατορθώσεως,
1843 1477 1955 1560 Δμὴ

389 1556 745 1638 ἆποτύχωμεν
803 1560 966 1627 αὐτῆς
1021 1562 1093 1624 ὡς
1150 1556 1338 1638 Ἠσαῦ,
1400 1561 1479 1637 μὴ
1556 1556 1739 1639 ἐὒρὼν
1792 1556 1955 1615 τόπον

391 1640 700 1712 μετανοίας,
735 1662 763 1695 ι

400 1758 426 1792 ιι
466 1740 560 1795 Διὸ
615 1740 710 1805 τὰς
769 1740 1093 1820 παρειμένας
1150 1755 1340 1822 χεῖρας
1406 1743 1495 1798 καὶ
1547 1743 1613 1798 τὰ
1667 1736 1959 1818 παραλελυ-

313 1828 447 1905 μὲνα
545 1829 744 1906 γόνατα
840 1830 1192 1912 ἀνορθώσατε,

2038 596 2170 641 esse
2193 588 2413 662 posset,
2449 600 2582 642 cum
2615 580 2691 642 sit
2710 589 2901 643 mater
2926 582 3157 646 laetitia?
3187 583 3293 645 sed
3316 583 3691 664 tanquamad-

2036 686 2145 728 nos
2194 668 2462 749 loquens,
2497 669 2643 731 dixit
2673 691 2685 732 :
2721 670 2992 751 Videtur,
3047 671 3149 753 qui
3187 672 3586 736 eruditionem
3615 694 3685 737 ac

2037 756 2476 837 castigationem
2510 759 2763 838 graviter
2792 760 3059 821 ferimus.
3101 782 3124 816 (ι
3150 760 3225 822 At
3252 769 3515 842 postea.»
3545 763 3687 825 Post

2036 855 2388 926 prtesentem
2427 849 2584 909 enim
2629 847 3046 924 eruditionem,
3090 868 3199 930 pax
3229 849 3343 912 erit
3370 851 3431 911 in
3459 851 3681 929 futuro,

2036 933 2236 995 laetitia
2280 954 2347 997 ac
2373 936 2604 1016 justitia
2636 946 2693 999 et
2725 956 3089 1019 quaecunque
3139 946 3277 1000 sunt
3315 939 3680 1020 hujusmodi.

2042 1046 2068 1076 α
2103 1021 2206 1085 His
2233 1024 2333 1104 qui
2379 1041 2485 1103 per
2536 1025 2697 1087 illam
2742 1026 2965 1087 fuerint
3015 1027 3340 1092 exercitati.
3378 1055 3404 1085 ι
3434 1028 3685 1093 Exercet

2038 1129 2180 1173 sane
2211 1123 2274 1174 et
2300 1112 2532 1193 inungit
2555 1114 2853 1193 castigatio
2885 1116 2959 1177 ad
2990 1115 3287 1179 virtutem.
3320 1116 3684 1182 Exercitatos

2037 1208 2233 1263 autem
2264 1201 2409 1263 dicit
2439 1221 2541 1263 eos
2561 1203 2661 1283 qui
2676 1220 2782 1284 per
2800 1203 3313 1283 longanimitatem
3346 1213 3406 1269 et
3433 1207 3684 1270 toleran-

2036 1289 2174 1350 tiam
2211 1290 2478 1352 tulerunt
2506 1291 2982 1371 castigationem.

2624 1391 2867 1456 CAPUT
2912 1392 3117 1459 XVIII.

2039 1482 2133 1545 De
2163 1486 2581 1567 temperantia,
2614 1487 2757 1549 dum
2784 1488 3021 1550 occasio
3057 1489 3242 1552 datur
3270 1493 3682 1554 correctionis:

2116 1581 2195 1652 ne
2223 1582 2534 1652 careamus
2584 1584 2659 1652 ea
2688 1574 2753 1630 in
2782 1568 3027 1630 modum
3056 1569 3252 1652 Esau,
3288 1574 3396 1652 qui
3416 1580 3686 1652 postmo-

2120 1644 2265 1706 dum
2294 1664 2418 1708 non
2448 1648 2687 1709 invenit
2713 1653 3080 1727 pmnitentice
3107 1644 3323 1714 locum:

2121 1736 2246 1814 XII,
2287 1741 2494 1803 12-17.
2526 1740 2906 1823 Quapropter
2932 1760 3154 1806 manus
3183 1747 3468 1810 remissas
3497 1754 3556 1811 et
3573 1765 3687 1827 ge-

1307 1834 1396 1889 καὶ
1508 1830 1728 1910 τροχιὰς
1803 1829 1957 1906 ὀρθὰς

2046 1844 2168 1888 nua
2196 1827 2393 1891 soluta
2422 1828 2741 1911 subrigite,
2775 1839 2831 1893 et
2860 1833 3045 1911 facite
3070 1842 3137 1896 ut
3168 1834 3316 1897 recti
3355 1836 3480 1898 sint
3519 1852 3689 1916 gres-

310 1918 573 1987 ποιήσατε
639 1931 757 1982 τοῖς
825 1906 978 1976 ποσίν
1032 1906 1203 1995 ὑμῶν,
1250 1921 1346 1978 ἶνα
1401 1920 1479 1997 μὴ
1526 1906 1831 1999 ’τὸ-*χωλὸν
1858 1920 1956 1974 εκ-

2046 1932 2140 1977 sus
2160 1917 2415 1996 pedibus
2442 1906 2680 2000 vestris,
2717 1937 2796 1982 ne
2832 1906 3202 1985 claudicatio
3232 1923 3476 1987 aberret
3499 1906 3545 1985 ἆ
3557 1925 3684 2003 via,

308 2012 511 2084 τραπῇ,
581 2007 702 2083 ἰαθῇ
757 2006 812 2063 δὲ
890 2006 1114 2084 μᾶλλον,
1208 2010 1432 2088 Εἰρήνην
1516 2006 1736 2065 διώκετε
1824 2006 1959 2083 μετὰ

2046 2010 2158 2066 imo
2185 2016 2432 2069 sanetur
2455 2009 2684 2088 potius.
2718 2008 2941 2073 Pacem
2966 2012 3276 2074 sectemini
3309 2029 3446 2075 cum
3482 2016 3684 2077 omni-

310 2095 525 2151 πάντων
594 2096 681 2153 καὶ
732 2097 824 2153 τὸν
888 2097 1180 2176 ἁγιασμὸν,
1255 2099 1315 2154 οὗ
1362 2098 1530 2179 χωρὶς
1587 2094 1751 2160 ούδεὶς
1820 2094 1956 2171 ἅψε-

2046 2093 2233 2175 bus,et
2259 2098 2731 2160 sanctimoniam
2742 2100 2873 2161 sine
2883 2116 3004 2181 qua
3015 2117 3192 2164 nemo
3210 2100 3433 2165 videbit
3456 2103 3684 2167 Deum:

308 2207 403 2241 ται
473 2185 568 2241 τὸν
618 2185 826 2265 Κύριον.
900 2183 1368 2261 Ἐπισκοποῦντες,
1454 2187 1530 2262 μή
1593 2208 1673 2250 τις
1729 2187 1956 2264 ὑστερῶν

2046 2199 2248 2271 {uram
2291 2192 2643 2264 agentes,ne
2674 2187 2817 2266 quis
2853 2191 2934 2249 sit
2977 2190 3083 2268 qui
3124 2189 3365 2269 deﬁciat
3401 2208 3442 2253 a
3480 2192 3690 2271 gratia

315 2275 423 2330 ἀπὸ
478 2278 578 2340 τῆς
646 2275 869 2355 χάριτος
919 2281 1013 2332 τοῦ
1071 2282 1227 2356 Θεοῦ,
1316 2276 1391 2351 μή
1447 2296 1528 2338 τις
1584 2273 1695 2351 ῥίζα
1752 2275 1959 2351 πικρίας

2046 2270 2177 2346 Dei,
2206 2289 2282 2334 ne
2312 2290 2432 2353 qua
2461 2275 2648 2337 radix
2674 2278 3100 2340 amarulentiw
3126 2270 3552 2359 suppullutans
3579 2278 3687 2342 ob-

312 2367 422 2423 ἄνω
505 2377 704 2448 φῦουσα
760 2366 982 2448 ἐνοχλῇ,
1040 2368 1129 2424 καὶ
1225 2365 1316 2424 διὰ
1396 2367 1592 2434 ταύτης
1630 2445 1642 2450 _
1704 2368 1958 2442 μιανθῶσι

2046 2359 2266 2437 turbet,
2301 2369 2362 2423 et
2384 2380 2491 2441 per
2520 2364 2677 2426 hanc
2732 2367 3134 2446 inquinentur
3170 2366 3396 2431 multi:
3441 2382 3515 2431 ne
3557 2371 3691 2450 quis

313 2445 531 2528 πολλοὶ,
587 2457 749 2530 μήτις
800 2445 994 2535 πόρνος
1055 2455 1092 2525 ἢ
1169 2453 1394 2533 βέϐηλος
1480 2457 1554 2519 ὡς
1628 2445 1813 2530 Ἠσαῦ,
1900 2453 1958 2515 ὃς

310 2543 428 2601 ἀντὶ
814 2551 940 2621 μιᾶς
1010 2542 1234 2603 ἀπέδοτο
1320 2546 1386 2601 τὰ
1455 2544 1788 2624 πρωτοτόκια
1860 2544 1958 2599 αύ-

311 2640 429 2697 τοῦ,
467 2623 619 2692 "tot:
689 2634 789 2713 γὰρ
831 2632 912 2690 ὅτι
969 2635 1056 2692 καὶ
1112 2633 1398 2710 μετέπειτα
1460 2623 1627 2691 θέλων
1694 2632 1958 2711 κληρονο-

313 2726 492 2797 μῆσαι
569 2722 671 2789 τὴν
728 2720 990 2800 εὐλογίαν,
1047 2720 1466 2800 ἀπεδοκιμάσθη.
1504 2722 1794 2785 Μετανοίας
1860 2721 1961 2799 γὰρ

312 2811 476 2868 τόπον
544 2812 651 2891 οὔχ
698 2808 835 2889 εὗρε,
911 2812 1099 2890 καίπερ
1155 2813 1290 2887 μετὰ
1344 2808 1577 2891 δακρύων
1662 2810 1959 2881 ἐκζητήσας

313 2899 503 2975 αὐτὴν,

398 3009 424 3042 ι
474 2988 570 3045 Διὸ
610 2988 708 3051 τὰς
735 2987 1058 3067 παρειμένας
1087 3001 1303 3069 χεῖρας.
1346 3010 1371 3048 ι
1404 2989 1752 3069 Πῳειμένας,
1780 3009 1960 3066 παρα·-

312 3074 623 3152 λελυμένας.
686 3073 821 3134 Ἀπὸ
881 3076 1072 3158 μέρους
1115 3079 1176 3134 τὸ
1231 3084 1337 3134 πᾶν
1393 3078 1568 3141 εἶπεν.
1629 3079 1702 3136 Οὔ
1754 3076 1853 3156 γὰρ
1909 3078 1962 3132 αἱ

2039 2456 2335 2512 scortator
2356 2456 2465 2514 aut
2480 2457 2779 2533 impurus,
2812 2455 3001 2516 veluti
3028 2453 3206 2518 Esau
3227 2461 3333 2535 qui
3351 2457 3530 2521 unico
3550 2457 3692 2520 edu-

2044 2538 2128 2600 lio
2177 2541 2554 2618 permutavit
2598 2543 2702 2620 jus
2749 2543 3470 2623 primogeniturw.Scitis
3525 2547 3691 2610 enim

2042 2628 2208 2707 quod
2238 2635 2294 2691 et
2315 2636 2525 2707 postea
2555 2647 2693 2691 cum
2721 2630 2899 2693 vellet
2938 2632 3330 2695 haereditario
3348 2637 3496 2713 jure
3525 2634 3694 2699 bene-

2042 2715 2371 2778 dictionem
2398 2720 2662 2800 assequi,
2695 2718 3049 2799 reprobatus
3077 2722 3176 2783 sit.
3208 2721 3345 2785 Non
3391 2725 3553 2787 enim
3588 2729 3691 2786 in-

2043 2805 2212 2867 venit
2253 2806 2633 2885 paenitentiae
2682 2807 2901 2883 locum,
2953 2810 3191 2872 tametsi
3219 2828 3355 2874 cum
3395 2810 3695 2892 lacrymi:

2043 2893 2415 2972 quaesivisset
2441 2913 2599 2960 eam.

2124 2981 2265 3041 422
2304 3007 2324 3039 ι
2351 2982 2717 3065 Quapropter
2766 3004 2979 3050 manus
3026 2987 3331 3054 remissas.
3366 3015 3395 3048 ι
3449 2989 3689 3053 Remis-

2046 3088 2165 3145 sas,
2201 3070 2601 3137 dissolutas.A
2632 3086 2804 3154 parte
2832 3075 2979 3137 dixit
3019 3084 3232 3143 totum.
3279 3080 3487 3160 Neque
3527 3081 3688 3142 enim

313 3178 500 3245 χεῖρες
530 3168 692 3242 μόνον
722 3167 812 3223 καί
850 3167 918 3223 τὰ
945 3166 1142 3246 γόνατα
1196 3180 1315 3233 τοῖς
1373 3179 1690 3247 πειρασμοῖς
1745 3163 1961 3245 παρελέ-

2048 3160 2190 3221 sola:
2222 3178 2429 3222 manus
2459 3170 2515 3223 et
2531 3181 2723 3241 genua
2745 3164 3162 3228 afﬂictionibus
3191 3166 3686 3243 dissolvebantur,

319 3252 496 3327 λυντο,
556 3252 695 3310 ἀλλὰ
748 3255 885 3330 μετὰ
938 3261 1031 3312 τοῦ
1096 3259 1295 3322 παντὸς
1367 3256 1640 3336 σώματος,
1684 3254 1773 3310 καὶ
1815 3253 1967 3332 ψυχὴ

2050 3248 2154 3337 sed
2186 3267 2302 3311 una
2331 3269 2464 3312 cum
2500 3259 2621 3313 toto
2652 3271 2901 3335 corpore
2921 3262 2978 3315 et
2998 3273 3164 3316 mens
3181 3263 3240 3317 et
3267 3256 3690 3337 anima.Siqui-

313 3344 403 3399 καὶ
431 3344 467 3411 ἦ
497 3341 725 3408 διάνοια.
801 3344 900 3402 Καὶ
969 3345 1069 3424 γὰρ
1123 3352 1278 3403 τοῦτο
1347 3346 1383 3413 ἡ
1440 3344 1631 3419 ἀθυμία
1684 3353 1834 3399 ποιεῖ
1880 3356 1961 3411 καὶ

2051 3336 2187 3399 dem
2220 3338 2277 3399 id
2310 3339 2448 3401 facit
2494 3340 2731 3403 tristitia
2772 3360 3109 3423 mcerorque
3162 3345 3505 3407 vehemens.
3556 3346 3693 3408 Non

313 3432 350 3499 ἡ
379 3430 558 3500 πολλή
586 3431 753 3500 λύπη.
799 3466 878 3479 -
909 3433 1121 3514 [ΦΩΤ.]
1171 3434 1243 3493 Οὒ
1294 3434 1412 3514 περὶ
1468 3433 1702 3512 γονάτων
1760 3428 1815 3487 δὲ
1880 3437 1961 3491 καῖ

2051 3425 2199 3488 dixit
2225 3435 2419 3489 autem
2453 3428 2528 3490 de
2558 3429 2810 3508 genibus
2841 3440 2900 3493 et
2930 3432 3340 3509 manibus,sed
3363 3434 3440 3496 de
3460 3434 3690 3513 cogita-

315 3527 515 3600 χειρῶν
572 3520 741 3602 λέγει,
799 3520 935 3579 ἆλλᾶ
990 3523 1109 3601 περὶ
1164 3521 1434 3602 λογισμῶν
1485 3520 1834 3602 χωλευόντων
1888 3522 1966 3590 τῷ

312 3607 506 3679 πλήθει
534 3616 643 3667 τῶν
699 3616 1007 3690 πειρασμῶν
1065 3611 1156 3668 καὶ
1213 3609 1572 3687 ἐκλυομένων.
1612 3632 1640 3666 α
1689 3610 1787 3667 Καὶ
1837 3629 1965 3686 τρο-

311 3700 445 3778 χιὰς
680 3723 710 3756 ι
758 3702 888 3758 Οἷον
958 3700 1199 3777 βήματα,
1255 3698 1505 3780 δρόμους.
1582 3690 1673 3765 Ὠς
1721 3697 1967 3778 δρομεῦσι

316 3789 408 3845 καὶ
436 3789 762 3868 ἀγωνισταῖς
817 3791 997 3853 αύτοῖς
1056 3788 1374 3870 διαλέγεται,
1433 3787 1617 3846 Πολλὰ
1669 3785 1724 3844 δὲ
1781 3787 1968 3849 αὐτοὺς

313 3878 597 3935 αἰνίττεται
626 3875 740 3934 δεῖν
796 3878 1020 3958 ὀρθῶσαι
1061 3879 1182 3944 τοὺς
1241 3877 1526 3958 λογισμοὺς
1589 3877 1692 3957 (ὃτι
1736 3880 1831 3935 οὒκ
1859 3875 1964 3931 ἀπὸ

315 3966 523 4046 μίσους,
568 3964 688 4023 ἀλλ’
717 3966 823 4024 ἀπὸ
849 3965 1165 4044 κηδεμονίας
1197 3974 1329 4025 Θεοῦ
1399 3970 1452 4024 αἱ
1519 3964 1765 4023 παιδεῖαι
1798 3965 1888 4021 καὶ
1918 3965 1965 4020 οἱ

318 4056 606 4137 πειρασμοὶ
628 4055 719 4112 καὶ
744 4056 838 4121 τὰς
893 4058 1011 4137 περί
1094 4056 1322 4122 πίστεως
1380 4057 1467 4113 καὶ
1534 4051 1812 4133 δογμάτων
1869 4050 1963 4109 δό-

319 4132 438 4209 Ede.
474 4132 604 4202 ’Ἐτι
631 4144 732 4225 γὰρ
758 4145 940 4215 νήπιοι
965 4132 1142 4227 δντες,
1201 4145 1255 4203 ἐν
1296 4167 1440 4203 τισιν
1482 4132 1702 4227 εἴχοήο
1730 4152 1824 4202 τοῦ
1848 4142 1965 4199 ἰοδ-

317 4229 577 4309 δαϊσμοῦ,
606 4221 811 4291 καὶτὸν
839 4234 951 4311 βίον
1009 4236 1099 4292 καὶ
1124 4221 1241 4303 ⁷τὴν
1303 4221 1593 4292 πολιτείαν.
1658 4221 1783 4289 ι’[να
1810 4232 1961 4312 φησὶ,

318 4323 400 4395 μὴ
466 4324 532 4379 τὸ
611 4321 862 4403 ἑναρχθὲν
903 4324 1069 4380 κακὸν
1131 4322 1307 4403 (τοῦτο
1363 4324 1464 4401 γὰρ
1513 4322 1574 4377 τὸ
1627 4318 1829 4401 χωλὸν)
1892 4320 1965 4383 εἰς

319 4410 617 4482 ἀνήκεστον
646 4410 795 4492 ἔλθῃ,
828 4410 1030 4488 μᾶλλον
1086 4410 1140 4468 δὲ
1196 4410 1468 4489 διορθωθῇ.
1533 4406 1663 4466 ’ἰδοὺ
1731 4412 1964 4490 φανερῶς

2052 3515 2314 3578 tionibus
2332 3535 2465 3597 quae
2479 3517 2812 3580 claudicant
2840 3531 2900 3580 et
2916 3519 3317 3584 dissolvuntur
3335 3523 3409 3585 ad
3432 3523 3694 3585 multitu-

2048 3603 2248 3666 dinem
2278 3600 2662 3668 afllictionum
2688 3625 2755 3668 ac
2784 3606 3199 3671 tentationum.
3234 3630 3262 3671 ‹
3292 3612 3368 3675 Ut
3394 3618 3546 3674 rectt
3572 3612 3691 3673 sint

2049 3713 2288 3774 gressus
2336 3720 2362 3752 ν
2387 3694 2520 3757 Sive
2551 3696 3033 3777 vestigia,cursus
3059 3716 3073 3760 :
3100 3706 3380 3780 tanquam
3406 3719 3540 3763 cum
3559 3719 3689 3762 cur-

2051 3783 2285 3845 soribus
2315 3783 2702 3864 acfpugilibus
2743 3785 3002 3866 loquitur
3047 3786 3217 3867 ipsis.
3263 3787 3463 3850 Innuit
3490 3797 3687 3851 autem

2052 3873 2372 3953 plurimum
2400 3891 2648 3935 necesse
2669 3882 2902 3948 esse,ut
2933 3874 3317 3955 cogitationes
3338 3878 3695 3940 conﬁrment
3808 3900 3811 3903 ν

2047 3961 2230 4041 (quod
2262 3980 2378 4023 non
2412 3980 2480 4023 ex
2504 3962 2665 4040 odio,
2702 3963 2807 4025 sed
2840 3963 2947 4027 Dei
2978 3964 3410 4042 gubernatione
3439 3986 3692 4049 correp-

2048 4049 2245 4112 tiones
2275 4059 2333 4113 et
2372 4050 2723 4114 afﬂictiones
2771 4054 3142 4134 proveniant)
3178 4073 3248 4119 ac
3278 4057 3591 4138 opiniones
3616 4057 3693 4120 de

2048 4139 2166 4202 ﬁde
2195 4147 2253 4201 et
2283 4139 2591 4219 dogmatis.
2648 4141 2793 4204 Cum
2853 4142 3012 4205 enim
3063 4144 3258 4207 adhuc
3295 4144 3550 4209 infantes
3596 4164 3697 4208 es-

2047 4236 2201 4305 sent,
2224 4228 2575 4310 quibusdam
2611 4229 2912 4294 baarebant
2940 4232 3117 4295 rebus
3165 4232 3431 4297 Judaicis
3468 4234 3530 4296 in
3579 4235 3697 4297 vita

2049 4328 2110 4380 et
2159 4317 2628 4380 conversatione.
2677 4317 2764 4380 Ne
2814 4320 3139 4401 inceptum.
3193 4322 3408 4402 inquit,
3471 4324 3692 4385 malum

2047 4407 2212 4487 (nam
2245 4408 2355 4468 hoc
2382 4416 2552 4469 vocat
2580 4407 3208 4482 claudicationem)ﬁat
3228 4409 3692 4487 incurablle,sed

321 4497 443 4555 οἶδε
514 4500 819 4576 μετάνοιαν,
889 4500 978 4556 καὶ
1031 4501 1326 4576 σημείωσαι
1383 4497 1467 4556 διὰ
1520 4498 1643 4561 τοὺς
1698 4507 1961 4556 Ναυατια-

2049 4496 2251 4578 potius
2296 4496 2810 4575 corrigaturJt‘cce
2841 4497 2999 4578 quod
3032 4498 3339 4560 manifeste
3385 4497 3695 4560 admiserit

321 4589 469 4653 νούς.
506 4610 536 4643 α
567 4590 796 4669 Εἰρήνην
826 4586 1042 4646 διώκετε
1092 4589 1228 4667 μετὰ
1281 4588 1515 4650 πάντων,
1568 4610 1592 4641 ιι
1653 4584 1778 4643 Μεθ’
1836 4586 1965 4641 ἐαυ-

320 4684 454 4751 τῶν,
538 4679 626 4734 καὶ
667 4681 772 4734 τῶν
827 4677 1248 4757 ἐπηρεαζόντων,
1309 4675 1451 4733 Πολὺ
1498 4677 1597 4755 γὰρ
1650 4675 1711 4732 τὸ
1764 4671 1964 4738 πλάτος

322 4772 441 4842 τοῦ,
474 4767 621 4823 Μετὰ
675 4767 911 4828 πάντων.
963 4788 991 4821 α
1024 4768 1171 4823 Μετὰ
1228 4767 1329 4845 γὰρ
1381 4770 1488 4821 τῶν
1533 4765 1825 4840 μισούντων
1864 4764 1964 4830 τὴν

325 4857 562 4935 εἰρήνην,
595 4856 776 4933 φησὶν,
847 4853 996 4930 ἤμην
1051 4854 1333 4934 εἰρηνικός.
1371 4875 1396 4912 ν
1458 4852 1584 4911 Ἐὰν
1626 4853 1726 4932 γὰρ
1782 4854 1810 4907 ὁ
1866 4852 1965 4927 μὲν

324 4942 507 5022 ἀδικῇ,
553 4944 616 4999 σὺ
644 4940 699 4999 δὲ
729 4942 825 5000 οὐκ
855 4942 1055 5023 ἀμύνῃ,
1086 4941 1298 5023 τάχέως
1353 4944 1502 4999 ἔσται
1546 4942 1752 5021 εἰρήνη.
1794 4960 1818 4996 ι
1867 4940 1966 4999 Καὶ

318 5031 412 5088 τὺε
467 5031 752 5110 ἁγιασμόν.
790 5054 819 5087 ι
881 5022 1195 5111 Ἀγιασμὸνί
1242 5028 1385 5110 λέγει
1469 5029 1566 5097 τὴν
1607 5029 1960 5106 καθαρότητα,

325 5124 445 5179 οἷον
471 5122 573 5189 τὴν
619 5123 919 5200 παρθενίαν,
963 5120 1125 5200 ἤγουν
1183 5122 1283 5189 τὴν
1337 5120 1697 5202 σωφροσύνην.
1758 5111 1814 5176 Ὀ
1867 5119 1966 5197 γὰρ

322 5212 413 5269 καὶ
442 5209 502 5267 ἐκ
527 5211 686 5289 γάμῳ
741 5216 1047 5291 σωφρονῶν,
1081 5213 1126 5267 εἰ
1179 5209 1375 5285 καὶμὴ
1431 5209 1646 5288 κυρίως,
1705 5208 1966 5285 ἇγιασμὸν

323 5298 591 5359 επιτελεῖ.
624 5300 698 5357 Οὐ
726 5299 826 5379 γὰρ
867 5297 1042 5379 ἅγιος,
1071 5298 1209 5357 ἀλλὰ
1248 5299 1417 5375 τίμιος
1472 5299 1500 5353 ὁ
1528 5296 1699 5376 γάμος
1728 5293 1960 5373 εἴρηται.

328 5379 527 5464 ’Ὀμως
595 5390 685 5446 καὶ
734 5388 899 5455 οὕτως
983 5391 1242 5469 ἁγιασμὸν
1310 5385 1568 5451 ἐπιτελεῖ,
1607 5408 1636 5441 ι
1682 5387 1756 5444 Οὗ
1800 5387 1966 5465 χωρὶς

326 5477 494 5547 οὐδεὶς
565 5478 756 5557 ὄψεται
825 5481 916 5538 τὸν
973 5479 1179 5560 Κύριον.
1242 5501 1270 5535 ιι
1321 5478 1379 5535 Εἰ
1434 5478 1535 5557 γὰρ
1593 5472 1709 5533 οὔτε
1784 5474 1966 5555 πόρνοι

402 5640 469 5695 ⁷ο
491 5640 652 5709 Pu].
692 5655 853 5719 cm,
878 5639 938 5704 7.

2049 4584 2477 4664 pcenitentiam,
2506 4584 2685 4666 idque
2716 4585 3125 4649 animadverte
3158 4597 3401 4667 propter
3423 4586 3694 4649 Novatia—

2047 4693 2179 4735 nos.
2210 4699 2234 4730 ιι
2267 4676 2478 4737 Pacem
2523 4674 2835 4736 sectemini
2884 4693 3018 4736 cum
3067 4674 3369 4739 omnibus.
3421 4675 3492 4736 Et
3537 4675 3695 4738 inter

2045 4780 2149 4824 vos
2178 4770 2380 4824 mutuo
2413 4770 2471 4824 et
2497 4763 2655 4824 inter
2683 4763 3381 4843 calumniatores.Magna
3410 4770 3499 4826 est
3530 4764 3690 4826 enim

2046 4850 2293 4912 latitudo
2323 4869 2454 4913 cum
2486 4850 2729 4928 dicitur,
2762 4851 2907 4915 Cum
2935 4850 3692 4927 omnibus.Etenim,«Cum

2047 4939 2163 5017 his,
2188 4939 2402 5020 inquit,
2431 4940 2530 5020 qui
2560 4940 2806 5002 oderant
2835 4958 3040 5020 pacem
3063 4958 3222 5002 eram
3252 4939 3533 5021 paciﬁcus
3564 4941 3686 5002 76.»

2048 5031 2202 5093 Nam
2236 5028 2287 5090 si
2316 5028 2419 5089 ille
2450 5028 2690 5108 quidem
2715 5027 2896 5090 afficit
2934 5027 3242 5109 injuria,tu
3265 5047 3405 5091 vero
3439 5048 3559 5093 non
3592 5033 3692 5093 ul-

2049 5116 2315 5190 cisceris,
2344 5115 2458 5178 cito
2481 5116 2594 5177 erit
2624 5133 2756 5194 pax.
2800 5141 2825 5171 α
2869 5116 2940 5178 Et
2961 5115 3445 5182 sanctimoniam.
3478 5143 3500 5177 ι
3539 5122 3693 5183 San-

2049 5204 2391 5267 ctimoniam
2423 5203 2567 5264 dicit
2595 5204 2934 5286 puritatem,
2981 5206 3095 5267 hoc
3138 5213 3248 5281 est,
3290 5206 3687 5286 virginitatem

2046 5294 2169 5356 sive
2208 5291 2685 5372 temperantiam.
2729 5290 2872 5353 Nam
2925 5292 3026 5372 qui
3072 5293 3248 5355 etiam
3299 5295 3362 5357 in
3419 5297 3694 5379 conjugio

2049 5387 2411 5469 temperatus
2439 5389 2549 5469 est,
2582 5381 3037 5444 sanctimoniam
3070 5384 3694 5469 complet,quanquam

2049 5489 2170 5534 non
2203 5468 2464 5551 proprie.
2483 5467 2688 5551 Neque
2716 5469 2874 5532 enim
2908 5474 3316 5552 sanctum,sed
3344 5467 3696 5541 honorabile
