4180 6212
499 320 611 388 431
1610 313 2023 385 CEGUMENII
2066 310 2128 373 Ti

2212 305 2363 374 [301E
2399 314 2734 379 EPISCOPI
3760 302 3882 370 432

438 520 451 532 ,
499 454 726 517 dictum
766 459 856 515 est
901 469 1033 516 esse
1081 450 1641 533 conjugium.«Sine
1686 469 1803 533 qua
1833 466 2010 512 nemo
2052 445 2128 506 vi-

2226 445 2342 503 ούτε
2374 453 2559 530 μοιχοὶ
2602 453 2687 507 καὶ
2732 453 2778 507 οἱ
2806 450 3010 515 τούτοις
3062 448 3236 525 ὅμοιοι
3294 447 3559 525 βασιλείαν
3619 456 3749 507 Θεοῦ
3814 449 3877 503 οῦ

500 542 667 605 debit
705 541 916 605 Deum.
949 563 976 602 ι
1011 540 1158 605 Nam
1196 542 1246 603 si
1288 560 1483 620 neque
1531 549 1905 613 scortatores,
1956 553 2128 616 neque

2230 535 2685 615 κληρονομήσουσι
2731 548 2843 603 πῶς
2876 544 2920 595 οἱ
2979 540 3056 615 μὴ
3102 546 3487 617 σωφρονοῦντες
3560 537 3722 594 ἴδοιεν
3781 541 3873 593 τὸν

500 631 781 712 adulteri,
834 638 933 693 aut
981 631 1075 693 bis
1117 631 1344 694 similes
1382 647 1634 711 regnum
1668 629 1774 692 Dei
1803 626 2128 690 haereditatt

2232 627 2440 706 Κύριον,
2518 632 2590 693 ὡς
2634 627 2767 687 ἰδεῖν
2825 630 2936 709 χρὴ
2995 626 3116 684 ἄνευ
3179 630 3487 705 ἁγιασμοῦ;
3559 650 3587 681 α
3622 626 3876 683 Ἐπισχο-

501 718 889 802 possidebunt
910 720 993 793 77,
1028 720 1327 802 quomodo
1360 719 1682 782 Dominum
1723 718 1998 779 viderent
2045 732 2122 794 qu

2228 724 2447 782 ποῦντες
2525 721 2601 794 μή
2671 741 2750 782 τις
2791 720 3041 798 ὑστερῶν.
3092 741 3119 773 ι
3187 717 3430 796 Καθάπερ
3487 714 3605 774 ὁδὸν
3658 716 3870 793 μακρὰν

501 828 621 870 non
668 817 805 871 sunt
849 816 1295 890 temperantes,
1344 817 1407 870 ut
1448 809 1652 870 videre
1701 812 1957 887 oportet,
2016 802 2147 863 sine

501 897 942 960 sanctimonia?
979 889 1019 956 7«
1050 898 1266 962 Curam
1313 906 1554 977 agentes
1601 916 1676 959 ne
1730 895 1865 978 quis
1918 892 1993 953 sit
2046 889 2148 972 qui

501 986 754 1049 deﬁciat.
810 1010 834 1045 υ
876 985 1389 1059 Quemadmodum
1442 986 1621 1067 longa
1669 985 1762 1047 via
1808 980 2147 1067 gradientes

498 1073 562 1136 in
607 1073 907 1152 comitatu,
962 1075 1434 1155 considerantes,
1486 1074 1704 1155 inquit,
1736 1074 1851 1135 hoc
1881 1078 1971 1133 est
2003 1066 2145 1129 dili-

500 1172 709 1242 genter
762 1165 1193 1246 prospicientes
1252 1174 1310 1226 et
1369 1172 1837 1245 perscrutantes,
1895 1177 1970 1219 ne
2015 1158 2147 1237 quis

501 1252 771 1315 desertus
801 1261 955 1316 esset
980 1273 1014 1315 a
1044 1254 1235 1330 gratia
1265 1252 1936 1334 Dei.0portetnamque
1963 1253 2020 1308 et
2041 1263 2146 1326 pro

498 1342 814 1423 vobisipsis
842 1350 900 1404 et
924 1360 1028 1422 pro
1058 1342 1340 1405 fratribus
1370 1361 1575 1403 curam
1622 1340 1866 1411 habere,
1916 1354 1991 1397 ne
2016 1333 2147 1414 quis

499 1448 570 1493 ea
598 1440 814 1493 careat.
842 1430 1100 1495 Gratiam
1126 1440 1320 1494 autem
1356 1430 1461 1493 Dei
1495 1439 1662 1493 vocat
1720 1429 1917 1490 futura
1961 1424 2138 1497 bona,

498 1519 621 1581 sive
651 1519 827 1581 ﬁdem
871 1528 972 1582 aut
1014 1520 1388 1582 commodam
1423 1518 1955 1582 conversationem.
1988 1516 2140 1576 Nam

498 1608 626 1670 hzec
654 1607 856 1669 omnia
896 1615 1033 1669 sunt
1063 1608 1255 1688 gratia
1283 1608 1414 1673 Dei.
1455 1634 1481 1664 «
1516 1607 1602 1670 Ne
1633 1625 1749 1688 qua
1779 1603 1943 1666 radix
1974 1618 2139 1661 ama-

495 1696 788 1760 rulentiaa.
827 1720 853 1754 υ
880 1696 1162 1759 Radicem
1195 1698 1600 1760 amarulentiae
1630 1695 1776 1757 dicit
1808 1698 2137 1774 peccatum.

2228 804 2540 880 βαδιζόντων
2594 808 2765 865 αὐτῶν
2823 809 2876 865 ἐν
2920 805 3147 886 συνοδίᾳ,
3209 808 3389 887 φησὶν,
3436 806 3869 882 ἐπισκοποῦντες,

2225 894 2515 975 τουτέστιν,
2585 894 2812 975 ἀκριϐῶς
2869 896 3223 975 προσέχοντες
3306 897 3393 952 καὶ
3438 895 3745 973 ἐρευνῶντες
3791 894 3871 967 μή

2226 1004 2307 1047 τις
2338 984 2429 1050 εἴη
2460 983 2921 1060 ἀπολαλειμμένος
2999 990 3097 1051 τῆς
3149 985 3369 1064 χάριτος
3423 994 3517 1042 τοῦ
3583 985 3737 1051 Θεοῦ,
3773 990 3873 1037 Δεῖ

2226 1071 2325 1149 γὰρ
2383 1073 2471 1128 καί
2528 1074 2656 1151 ὑπὲρ
2722 1074 2918 1131 ἑαυτῶν
2976 1075 3064 1129 καί
3146 1076 3249 1147 τῶν
3307 1070 3544 1152 ἀδελφῶν
3587 1076 3872 1151 φροντίζειν

2229 1162 2304 1234 μή
2349 1183 2428 1224 τις
2460 1163 2747 1241 ὑστερήσῃ,
2782 1164 2941 1242 Χάριν
2997 1160 3052 1217 δὲ
3096 1170 3226 1220 Θεοῦ
3284 1160 3427 1239 λέγει
3470 1161 3536 1216 τὰ
3605 1158 3871 1235 μέλλοντα

2227 1248 2419 1328 ἀγαθὰ,
2453 1248 2615 1328 ἤγουν
2642 1252 2739 1317 τὴν
2795 1253 2993 1331 πίστιν,
3025 1250 3060 1318 ἢ
3117 1252 3216 1317 την
3274 1249 3514 1329 χρηστὴν
3572 1248 3865 1309 πολιτείαν.

2229 1338 2406 1393 Πάντα
2450 1340 2548 1418 γὰρ
2580 1340 2766 1419 ,ταῦτα
2807 1340 2964 1419 χάρις
3037 1347 3165 1395 Θεοῦ
3235 1340 3354 1400 εἰσι,
3436 1362 3461 1392 ι
3498 1340 3582 1408 Μή
3633 1361 3713 1402 τις
3756 1338 3868 1415 ῥίζα

2224 1426 2456 1504 πικρίας,
2510 1451 2531 1483 ιι
2575 1418 2739 1498 Ῥίζαν
2773 1418 3005 1508 πικρίας,
3067 1428 3167 1494 τὴν
3238 1427 3492 1505 ἁμαρτίαν
3549 1426 3699 1505 φησί,
3759 1426 3867 1482 Λέ-

2224 1536 2304 1591 γει
2326 1515 2416 1570 οῦν
2450 1532 2465 1546 ⁸
2508 1515 2615 1573 Κᾶν
2643 1540 2721 1581 τις
2764 1519 2800 1592 ᾗ
2829 1520 2902 1581 εἷς
2945 1519 3078 1591 ὑμᾶς
3109 1517 3203 1573 οὔκ
3258 1516 3427 1593 ἀγαθᾶ
3469 1516 3694 1595 φρονῶν,
3719 1516 3870 1572 ἐκκο-

2224 1601 2400 1658 πτέτω
2456 1606 2484 1660 ὁ
2537 1613 2771 1670 τοιοῦτος
2830 1610 2902 1669 εἱς
2951 1605 3099 1684 ἔργον
3159 1604 3362 1681 ἐξάγειν
3453 1605 3552 1671 τὴν
3609 1605 3865 1683 ἁμαρτίαν

2230 1690 2406 1771 (τοῦτο
2436 1693 2534 1771 γὰρ
2562 1696 2644 1768 τὸ,
2684 1684 2840 1751 νΑνω
2867 1696 3106 1775 φύουσα),
3140 1694 3230 1749 ἴνα
3260 1694 3336 1769 μὴ
3380 1695 3465 1749 καὶ
3508 1707 3625 1757 τοῖς
3654 1692 3865 1756 λοιποῖς

496 1785 594 1847 Ait
614 1804 751 1865 ergo
781 1786 958 1848 :425
981 1786 1042 1849 Si
1082 1787 1257 1849 etiam
1301 1788 1479 1850 fuerit
1509 1785 1801 1868 quispiam
1855 1783 2015 1843 inter
2042 1796 2128 1840 vo:

2227 1781 2482 1861 πρόφασις
2526 1782 2749 1862 γένηται
2790 1784 3068 1863 ἁμαρτίας.

497 1892 618 1935 non
675 1881 839 1937 recte
868 1876 1141 1952 affectus,
1174 1884 1513 1957 amputetur
1527 1866 1696 1948 talis,
1735 1892 1810 1935 ne
1857 1875 2164 1952 peccatum
2193 1866 2252 1929 in
2286 1887 2435 1949 opus
2469 1870 2702 1948 educat,
2737 1873 2900 1952 (nam
2933 1872 3047 1933 hoc
3102 1877 3194 1934 est
3240 1869 3393 1951 quod
3427 1870 3508 1932 ait
3536 1868 3863 1951 Suppullu-

498 1964 673 2045 lans),
706 1982 783 2025 ne
811 1964 1057 2045 reliquis
1087 1983 1319 2045 quoque
1350 1967 1448 2026 ﬁat
1475 1963 1704 2027 occasio
1737 1960 1984 2043 peccati.

576 2052 675 2114 Ait
696 2052 1280 2135 enimnEtperhanc
1301 2053 1684 2135 inquinentur
1697 2047 2138 2129 multi.»Siqui-

498 2140 636 2203 dem
686 2141 892 2204 videns
941 2143 1192 2223 quisque
1245 2143 1581 2223 proximum
1634 2148 2003 2222 peccantem,
2063 2136 2138 2197 ad

495 2230 929 2293 aemulationem
980 2231 1201 2307 veniet,
1256 2239 1318 2291 ut
1373 2230 1500 2311 ipse
1552 2237 1777 2310 peccet.
1819 2228 1999 2289 Recte
2028 2244 2134 2287 au—

494 2326 613 2380 tem
672 2318 897 2382 vocavit
966 2320 1229 2383 radicem
1298 2319 1741 2395 amarulentiaa,
1803 2322 2131 2398 peccatum.

490 2407 710 2470 Amara
721 2425 977 2489 namque
988 2408 1155 2470 radix
1178 2415 1369 2489 potest
1389 2408 1612 2468 fructus
1626 2402 2129 2488 proferredulces,

491 2503 551 2556 at
580 2496 747 2557 radix
779 2496 1184 2558 amarulentiae
1218 2504 1275 2558 et
1313 2495 1428 2557 sibi
1466 2496 1581 2576 ipsi
1609 2513 1809 2558 amara
1839 2500 1929 2554 est
1960 2500 2019 2553 et
2039 2490 2133 2551 his

488 2583 704 2665 quibus
760 2593 850 2648 est
896 2584 1061 2646 radix
1104 2606 1117 2648 :
1162 2584 1568 2647 amarulentize
1618 2583 1776 2645 enim
1824 2580 1991 2643 radix
2042 2587 2132 2641 est

488 2671 819 2735 substantia
849 2680 907 2735 et
933 2673 1114 2736 veluti
1145 2672 1424 2736 essentia.
1459 2672 1580 2735 «Ne
1609 2672 1741 2754 quis
1766 2677 2076 2733 scortator.
2097 2694 2122 2724 ι

489 2758 617 2821 Non
650 2760 818 2841 dixit,
844 2759 1169 2842 Scortator,
1202 2761 1516 2823 referendo
1551 2760 1624 2822 ad
1652 2758 1940 2835 Esau,sed
1962 2756 2129 2838 poni-

487 2850 655 2912 turad
691 2850 1028 2930 oppositum
1071 2850 1201 2929 ejus
1244 2850 1398 2931 quod
1442 2850 1767 2931 praecessit,
1787 2846 2129 2910 Sanctimo-

486 2938 646 3000 niam
677 2939 1010 3001 sectemini.
1055 2941 1344 3018 Impurus
1371 2957 1510 3000 vero
1562 2938 1801 3020 ponitur
1842 2935 2006 3017 quasi
2056 2936 2128 2997 ad

482 3025 638 3089 Esau
667 3026 961 3089 referatur
1015 3026 1319 3109 Impurum
1350 3035 1545 3089 autem
1596 3027 1743 3089 dixit
1782 3025 2128 3105 gastrimar-

484 3134 644 3192 gum,
668 3135 738 3178 eo
770 3114 925 3196 quod
946 3115 1124 3177 unico
1154 3115 1352 3177 edulio
1384 3115 1720 3178 distraxerit
1755 3114 2123 3189 Deidonum,

2309 2071 2336 2102 α
2374 2047 2569 2124 Καὶξδῧ
2626 2050 2784 2119 αὐτῆς
2841 2051 2965 2130 γὰρ,
3024 2053 3174 2132 φησὶ,
3252 2051 3506 2125 μιανθῶσι
3573 2048 3782 2107 πολὶοί.
3831 2073 3858 2103 ι

2225 2128 2388 2216 Ὀρῶν
2431 2140 2530 2219 γὰρ
2583 2140 2804 2203 ἕκαστος
2859 2128 2963 2196 τὸν
3039 2128 3269 2207 ’πλησίον
3331 2140 3719 2219 ἁμαρτάνοντα,
3788 2142 3861 2203 εἱς

2218 2225 2378 2296 ζῆλον
2427 2226 2533 2293 ἥξει
2578 2237 2671 2285 τοῦ
2709 2230 2796 2285 καί
2839 2230 2995 2292 αὐτὸς
3040 2230 3382 2308 ἁμαρτάνειν.
3460 2228 3646 2293 Καλῶς
3675 2228 3728 2283 δὲ
3771 2232 3860 2284 εἷ-

2218 2336 2285 2370 πε
2328 2316 2466 2393 ῥίζαν
2552 2319 2759 2397 πικρίας
2802 2318 2899 2385 τὴν
2943 2318 3220 2397 ἁμαρτίαν.
3259 2308 3323 2374 Ἠ
3379 2317 3473 2393 μὲν
3530 2318 3631 2396 γὰρ
3697 2318 3860 2396 πικρὰ

2216 2404 2327 2481 ῥίζα
2382 2401 2590 2462 δύναται
2661 2408 2891 2485 καρποὺς
2946 2405 3181 2486 ἐνεγκεῖν
3237 2405 3478 2485 γλυκεῖς.
3528 2397 3592 2463 ιΗ
3649 2404 3705 2462 δὲ
3757 2411 3856 2473 τῆς

2216 2501 2423 2571 πικρίας
2454 2495 2565 2572 ῥίζα
2594 2496 2755 2572 ἑαυτῇ
2782 2495 2840 2552 τὲ
2863 2498 2975 2553 ἔστι
3035 2497 3218 2577 πικρὰ,
3290 2497 3378 2552 καὶ
3420 2496 3493 2552 ὧν
3538 2495 3648 2552 ἐστι
3716 2496 3853 2574 ῥίζα.

2215 2584 2429 2661 Πικρίας
2459 2585 2557 2663 γάρ
2608 2584 2718 2640 ἐστι
2769 2585 2879 2662 ῥίζα
2946 2586 3034 2641 καὶ
3101 2585 3413 2655 ὑπόστασις,
3447 2585 3533 2640 καὶ
3591 2588 3711 2642 οἱον
3771 2588 3860 2644 οῦ-

2212 2670 2319 2730 σία.
2363 2695 2386 2728 ¢
2438 2674 2524 2743 Μή
2567 2696 2647 2739 τις
2701 2673 2917 2752 πόρνος,
2958 2694 2981 2729 ο
3042 2675 3135 2747 Τὸ,
3172 2674 3390 2751 Πόρνος,
3438 2672 3526 2729 οὖν
3570 2674 3725 2729 εἶπεν
3781 2674 3856 2739 ὡς

2210 2762 2340 2840 πρὸς
2394 2763 2485 2818 τὸν
2556 2761 2747 2842 Ἠσαῦ,
2818 2760 2955 2819 ἀλλὰ
3024 2764 3155 2841 πρὸς
3227 2759 3627 2828 ἆντιδιαστολὴν
3678 2774 3854 2819 κεῖται

2211 2859 2326 2929 τοῦ,
2401 2852 2498 2907 Τὸν
2558 2852 2819 2929 ἁγιασμὸν
2862 2849 3098 2908 διώκετε.
3147 2852 3217 2908 Τὸ
3298 2847 3373 2921 δὲ,
3450 2846 3705 2922 Βέϐηλος,
3777 2852 3854 2913 ὡς

2210 2940 2340 3016 πρὸς
2372 2940 2461 2995 τὸν
2510 2930 2675 2995 Ἠσαῦ
2730 2953 2927 2998 κεῖται.
2990 2937 3224 3006 Βέϐηλον
3281 2936 3335 2995 δέ
3403 2960 3555 3016 φησι,
3626 2941 3715 2995 τὸν
3746 2961 3851 3017 γα-

2211 3032 2545 3107 στρίμαργον,
2608 3026 2691 3084 διὰ
2769 3030 2829 3084 τὸ
2911 3029 3043 3099 ὑπὲρ
3112 3028 3357 3107 βρώσεως
3402 3034 3525 3104 μιᾶς
3596 3026 3850 3102 ἀπεμπο-

2210 3114 2372 3183 λῆσαι
2442 3118 2598 3176 αὐτὸν
2654 3118 2750 3185 τὴν
2808 3124 2898 3173 τοῦ
2960 3124 3090 3174 Θεοῦ
3177 3115 3395 3196 δωρεὰν,
3456 3116 3710 3175 τουτέστι.
3783 3118 3851 3173 τὰ

483 3221 700 3283 nempe
722 3205 823 3285 jus
847 3203 1657 3286 primogenituraaScriptum
1673 3213 1760 3266 est
1783 3204 1939 3265 enim
1964 3202 2023 3263 in
2047 3202 2122 3263 li-

2212 3206 2562 3283 πρωτοτόκια.
2623 3205 2918 3285 Γέγραπται
3001 3208 3102 3286 γὰρ
3184 3205 3238 3262 ἐν
3315 3202 3478 3282 βίϐλῳ
3534 3204 3795 3269 Γενὲσεως
3831 3251 3847 3267 ,

486 3292 593 3355 bro
618 3293 1019 3358 Genescos78:
1044 3295 1413 3357 «Creverunt
1442 3302 1638 3356 autem
1685 3293 1874 3374 pueri;
1914 3301 1972 3353 et
2002 3300 2128 3354 erat

2217 3317 2239 3349 ιι
2267 3291 2579 3364 Ηύξήθησαν
2605 3293 2659 3351 δὲ
2717 3298 2765 3350 οἱ
2829 3296 3107 3353 νεανίσκοι.
3169 3295 3267 3353 Καὶ
3307 3294 3373 3362 ἧν
3433 3286 3597 3353 ’Ἠσαῦ
3643 3292 3849 3372 ἅνθρω-

489 3384 645 3445 Esau
714 3382 892 3444 homo
951 3380 1204 3444 venandi
1265 3385 1511 3463 peritus,
1569 3382 1629 3442 in
1674 3400 1811 3460 agro
1854 3381 2120 3459 degens:

2212 3405 2304 3447 πος
2348 3381 2495 3447 εἰδὼς
2527 3388 2798 3462 ωνῆγεϊν,
2889 3385 3165 3463 ἀγροῖκος,
3209 3380 3401 3440 Ἰακὼϐ
3440 3380 3517 3456 δὲ,
3579 3380 3849 3461 ἄνθρωπος

477 3469 661 3534 Jacob
691 3490 829 3534 vero
851 3472 1028 3533 homo
1051 3471 1347 3547 sincerus,
1382 3472 1545 3534 domi
1562 3470 1854 3533 habitans.
1876 3469 2123 3532 Dilexit-

2212 3470 2494 3541 ἄπλαστος,
2573 3474 2728 3530 οἰκῶν
2788 3474 2971 3533 οἰκίαν.
3043 3471 3318 3550 Ἐγάπησε
3383 3469 3437 3527 δὲ
3505 3470 3688 3529 Ἰσαὰκ
3755 3474 3848 3528 τὸν

479 3581 594 3642 que
614 3561 777 3624 Isaac
808 3560 983 3642 Esau,
1020 3581 1089 3624 eo
1122 3563 1278 3643 quod
1328 3562 1638 3624 venatione
1679 3560 1868 3641 ipsius
1912 3578 2122 3622 vesce-

2212 3552 2394 3638 Ἠσαῦ,
2459 3562 2539 3619 ὅτι
2588 3564 2623 3630 ἡ
2676 3564 2811 3642 θὴρα
2866 3566 3045 3643 αὐτοῦ,
3118 3562 3309 3641 βρῶσις
3368 3559 3509 3635 αὐτῷ
3543 3576 3556 3591 ⁶
3620 3558 3848 3618 Ρεϐἐκκα

479 3640 684 3713 retur:
722 3640 997 3715 Rebecca
1042 3640 1240 3712 autem
1289 3650 1569 3730 diligebat
1616 3649 1817 3713 Jacob.
1867 3647 1937 3709 Et
1967 3649 2121 3710 coxit

2212 3647 2261 3705 δὲ
2317 3651 2499 3729 ἠγάπα
2552 3653 2641 3707 τὸν
2698 3640 2911 3712 Ἰακὼϐ.
2987 3640 3209 3726 εἘψησε
3264 3647 3319 3704 δὲ
3376 3646 3565 3710 Ἰακὼϐ
3632 3648 3843 3725 ἕψημα,

478 3738 661 3800 Jacob
682 3739 977 3817 quoddam
1009 3738 1695 3801 edulium.Venitautem
1723 3737 1873 3798 Esau
1888 3756 1952 3797 ex
1978 3755 2115 3816 agro

2212 3737 2325 3806 ἦλθε
2390 3738 2444 3795 δὲ
2505 3730 2667 3799 Ἠσαῦ
2721 3740 2781 3795 ἐκ
2822 3746 2913 3796 τοῦ
2955 3736 3123 3798 κεδίου
3174 3736 3449 3797 ἐκλείπων.
3525 3739 3622 3797 Καὶ
3690 3739 3844 3795 εἶπεν

477 3826 701 3888 viribus
721 3827 1060 3908 destitutus,
1092 3835 1150 3888 et
1181 3828 1262 3889 ait
1297 3829 1451 3891 Esau
1488 3829 1560 3889 ad
1604 3825 1785 3889 Jacob
1813 3846 1825 3886 :
1856 3825 1940 3888 Da
1972 3826 2118 3887 mihi

2212 3827 2369 3885 Ἠσαῦ
2426 3837 2502 3905 τῷ
2559 3826 2749 3886 Ἰακὼϐ
2782 3844 2796 3859 ’
2876 3828 3065 3886 Γεῦσόν
3109 3850 3175 3904 με
3231 3828 3337 3884 ἀπὸ
3418 3834 3509 3884 τοῦ
3564 3826 3843 3903 ἑψήματος

477 3923 544 3976 ιιι
571 3923 801 3993 gustem
832 3915 907 3977 de
937 3917 1049 3977 hoc
1081 3917 1235 3978 fulvo
1276 3918 1498 3997 edulio,
1528 3916 1661 3997 quin
1690 3917 1912 3977 viribus
1930 3916 2115 3977 desti-

2212 3924 2289 3973 τοῦ
2317 3916 2510 3997 πυρροῢ
2577 3919 2780 3993 τούτου,
2832 3915 2912 3974 ὅτι
2970 3916 3219 3977 ἐκλείπω.
3295 3916 3390 3974 Διὰ
3437 3923 3591 3972 τοῦτο
3642 3914 3842 3986 ἐκλήθη

477 4010 634 4081 tuor.
656 4002 972 4083 Propterea
1012 4014 1281 4067 vocatum
1332 4016 1427 4069 est
1470 4024 1685 4067 nomen
1734 4006 1862 4084 ejus
1901 4004 2111 4069 Edom.

2212 4007 2259 4061 τὸ
2289 4005 2456 4083 ὄνομα
2486 4007 2640 4064 αὖτου
2671 4005 2871 4083 Ἐδώμ,
2950 4010 3084 4064 Εἷπε
3140 4004 3196 4062 δὲ
3258 4003 3447 4063 Ἰακὼϐ
3500 4013 3578 4081 τῷ
3648 4006 3839 4085 Ἠσαῦ,

476 4088 632 4152 Dixit
662 4098 853 4152 autem
887 4091 1065 4153 Jacob
1097 4092 1168 4152 ad
1200 4092 1386 4155 Esau:
1421 4092 1625 4153 Vende
1657 4093 1802 4155 mihi
1828 4092 2116 4171 hodiejus

2212 4093 2424 4153 Απόδου
2450 4098 2681 4176 σήμερον
2735 4098 2799 4153 τὰ
2850 4095 3183 4175 πρωτοτόκια
3254 4117 3345 4151 σου
3389 4094 3526 4170 ἐμοί.
3587 4095 3726 4152 Εἷπε
3784 4092 3841 4150 δὲ

468 4177 969 4258 primogenitum.
1001 4178 1273 4261 Dixitque
1302 4182 1457 4243 Esau
1481 4202 1495 4241 :
1516 4180 1671 4242 Ecce
1712 4200 1817 4258 ego
1850 4180 1920 4240 ad
1951 4200 2111 4242 mor-

2212 4174 2391 4264 Ἡσαῦ,
2451 4173 2731 4265 Ἰδοὺ-ἐγὼ
2787 4173 3073 4265 πορεύομαι
3142 4183 3410 4259 τελευτᾷν,
3486 4206 3575 4240 και
3643 4184 3736 4240 ’ίνα
3789 4184 3841 4239 τί

470 4275 586 4329 tem
619 4267 928 4342 accedo,et
957 4286 1237 4349 quorsum
1274 4269 1421 4331 mihi
1452 4272 1552 4350 jus
1588 4271 1697 4330 hoc
1752 4269 2111 4348 primogeni-

2212 4295 2287 4328 ιοι
2331 4275 2497 4331 ταῦτα
2586 4274 2963 4354 πρωτοτόκια;
3041 4275 3139 4331 Καὶ
3211 4287 3362 4330 εἶπεν
3419 4277 3561 4347 αῦτῷ
3617 4269 3836 4347 Ἰακὼϐ,

471 4356 657 4417 ιιιτωῖ
684 4357 758 4418 Et
780 4356 961 4417 aitilli
990 4356 1172 4419 Jacob
1201 4357 1383 4421 :Jura
1421 4359 1566 4420 mihi
1596 4358 1798 4420 hodie.
1829 4357 2114 4437 Juratque

2212 4354 2446 4434 Ὀμοσόν
2476 4386 2564 4438 μοι
2599 4365 2849 4438 σήμερον.
2881 4352 3001 4440 ικάὶ
3083 4363 3291 4438 ὤμοσεν
3348 4362 3512 4437 αὐτῷ,
3584 4360 3839 4419 Ἀπέδοτο

472 4444 584 4507 illi.
622 4444 845 4510 Vendit
890 4446 1089 4526 itaque
1121 4448 1272 4510 Esau
1314 4450 1413 4529 jus
1466 4447 1946 4529 primogenitum:
1995 4465 2116 4509 suae

2212 4450 2253 4507 Βὲ
2288 4443 2451 4511 Ἠσαῦ
2498 4454 2562 4509 τὰ
2617 4452 2951 4531 πρωτοτόκια
3008 4453 3165 4509 αὐτοῦ
3230 4457 3307 4526 τῷ
3364 4449 3576 4510 Ἰακώϐ.
3609 4471 3640 4512 )
3702 4457 3836 4508 Λοι-

469 4533 651 4598 Jacob
673 4536 794 4594 78.)
835 4534 918 4597 Ex
954 4554 1025 4597 eo
1063 4534 1260 4617 itaque
1300 4546 1566 4619 tempore
1605 4544 1869 4597 nostrum
1904 4544 1992 4597 est
2016 4537 2117 4616 jus

469 4623 976 4704 primogenitum,
1012 4632 1071 4686 et
1102 4644 1219 4687 non
1260 4627 1623 4689 Iudaeorum.
1655 4623 1797 4685 Nam
1854 4643 1920 4686 ex
1956 4627 2115 4686 Isaac

474 4718 534 4774 et
561 4711 741 4775 Jacob
765 4712 1137 4776 deducimur.
1170 4716 1588 4796 «Reprobatus
1618 4713 1712 4774 sit.
1740 4738 1765 4768 »
1803 4713 1852 4775 A
1882 4711 2001 4774 Deo
2025 4732 2117 4775 re-

473 4798 753 4880 probatus
783 4800 879 4865 sit.
908 4800 1054 4862 Nam
1085 4801 1244 4865 Deus
1301 4822 1479 4866 causa
1536 4802 1664 4874 fuit,
1721 4801 1877 4882 quod
1935 4802 2115 4863 falsus

470 4887 631 4951 Isaac
651 4888 1022 4951 benedixerit
1037 4890 1303 4955 Jacob79.
1320 4894 1604 4955 «Tametsi
1628 4910 1758 4952 cum
1775 4890 2069 4970 lacrymis.
2082 4916 2108 4946 ι)

473 4976 724 5049 Quidam
758 4978 837 5039 ita
867 4978 1338 5059 interpretantur
1368 5000 1382 5044 :
1408 4981 1751 5060 Quanquam
1774 4998 1905 5040 cum
1931 4979 2113 5060 lacry-

472 5065 585 5127 mis
617 5067 983 5145 quaesivisset
1013 5068 1228 5149 ipsam,
1266 5090 1480 5151 nempe
1510 5067 2111 5130 benedictionemzet-

471 5154 628 5232 quod
663 5155 916 5217 dicitur:
942 5155 1310 5221 Peenitentiaa
1350 5159 1543 5221 locum
1585 5176 1702 5218 non
1725 5157 1971 5223 invenit.
2008 5177 2114 5238 per

469 5241 983 5323 interpositionem
1018 5247 1179 5325 poni.
1233 5271 1255 5305 (ι
1298 5247 1675 5321 Ουωείνίεεοῑ
1705 5264 1831 5307 eam
1898 5269 1919 5302 ιι
1956 5245 2107 5309 Num

470 5330 647 5409 igitur
677 5333 1083 5412 paenitentiam
1112 5336 1341 5417 reiicit?
1366 5333 1944 5405 Minime.Quomodo
1969 5356 2110 5414 ergo

470 5419 523 5481 si
554 5438 688 5481 cum
718 5420 991 5503 lacrymis
1021 5425 1427 5505 paenitentiam
1459 5422 1750 5505 quaesivit,
1781 5441 1900 5486 non
1942 5442 2108 5488 asse-

2198 4542 2298 4597 πὸν
2341 4541 2428 4598 οὗν
2476 4542 2653 4617 ἡμῶν,
2728 4544 2815 4599 καὶ
2894 4544 2987 4599 ούκ
3042 4539 3299 4599 Ἰουδαίων
3342 4542 3408 4598 τὰ
3476 4541 3830 4616 πρωτοτόκια.

2200 4627 2293 4687 Ἐκ
2348 4631 2448 4709 γὰρ
2521 4631 2701 4688 Ἰσαὰκ
2754 4633 2842 4688 καὶ
2910 4628 3101 4688 Ἰακὼϐ
3172 4631 3532 4709 καταγόμεθα.
3592 4653 3621 4686 α
3680 4628 3840 4687 Ἀπεο

2196 4715 2509 4794 δοκιμάσθη.
2570 4742 2598 4775 ιι
2661 4717 3083 4794 Ἀπεδοκιμάσϐη
3153 4721 3294 4799 παρὰ
3378 4720 3528 4777 Θεοῦ.
3610 4710 3666 4778 Ὀ
3735 4721 3834 4798 γὰρ

2198 4809 2324 4872 Θεὸς
2356 4809 2526 4872 αἴτιος
2582 4816 2696 4888 τοῦ,
2770 4811 2859 4864 τὸν
2904 4807 3083 4866 Ἰσαὰκ
3136 4807 3493 4883 ἇιπατηθέντα,
3553 4807 3832 4888 εὖλογῆσαι

2194 4897 2286 4951 τὸν
2334 4893 2545 4959 Ἰακώϐ,
2613 4920 2639 4951 α
2670 4898 2867 4975 Καίπερ
2936 4897 3070 4972 μετὰ
3110 4894 3364 4976 δακρύων.
3402 4920 3427 4953 ι
3463 4896 3611 4960 Τινὲς
3668 4897 3833 4961 οὕτως

2196 4984 2533 5063 ἑρμηνεύουσι
2569 5002 2581 5015 ’
2643 4986 2822 5043 Καίτοι
2880 4987 3013 5061 μετὰ
3092 4983 3322 5064 δακρύων
3380 4986 3674 5057 ἐκζητήσας
3732 4988 3833 5043 αῦ-

2195 5075 2317 5149 τήν,
2363 5076 2461 5142 τὴν
2492 5074 2754 5154 εὐλογίλν,
2798 5074 3034 5132 τουτέστι
3069 5090 3083 5103 ·
3111 5076 3198 5130 καὶ
3240 5076 3323 5150 τὸ,
3350 5075 3639 5139 Μετανοίας
3670 5074 3832 5133 τόπον

2197 5166 2299 5241 οὐχ
2331 5164 2464 5242 εῦρε⁷
2497 5160 2582 5218 διὰ
2623 5162 2806 5237 μέσου,
2846 5185 2867 5217 ι
2906 5162 3239 5233 Ἐιιζητήσας
3285 5164 3467 5232 αὐτήν.
3502 5182 3531 5223 )
3583 5158 3724 5242 ,Ἀρα
3752 5163 3833 5239 μὴ

2195 5250 2436 5308 ἐκϐάλλει
2479 5252 2577 5319 τὴν
2610 5253 2889 5326 μετάνοιαν
2914 5271 2930 5331 ;
2954 5252 3040 5320 Μὴ
3067 5252 3292 5331 γένοιτο.
3345 5258 3465 5316 Πῶς
3510 5234 3595 5309 οῦαί
3625 5254 3669 5309 εί
3698 5254 3834 5328 μετὰ

2194 5338 2427 5420 δακρύων
2470 5340 2724 5411 ἐζήτησεν
2754 5341 2940 5411 αὒτὴν,
2986 5344 3080 5399 οὒκ
3115 5340 3371 5423 ἐπέτυχεν
3414 5340 3615 5417 αὐτῆς
3664 5340 3831 5413 Ἐζή-

2192 5450 2323 5497 τησε
2354 5429 2473 5509 μὲν,
2518 5427 2660 5497 πλὴν
2720 5430 2824 5510 οὐχ
2879 5430 3014 5509 εὗρε,
3087 5432 3148 5488 οῦ
3201 5430 3300 5510 γὰρ
3342 5428 3520 5495 καλῶς
3577 5429 3830 5513 ἐζήτησε,

552 5587 613 5638 77
641 5586 860 5670 Ephes,
895 5610 958 5665 v,
992 5592 1052 5656 5.
1138 5594 1201 5643 ⁷8
1231 5592 1375 5655 Gen.
1410 5610 1551 5675 xxv,
1583 5592 1801 5656 96-33.
1888 5595 1949 5644 79
1976 5593 2127 5659 Gen.
2157 5613 2332 5674 xxvn,
2368 5600 2437 5659 31
2475 5616 2640 5681 seqq.
