4180 6212
267 348 387 416 433
1353 355 1746 419 COMMENT.
1795 356 1876 418 IN
1922 355 1927 413 ζ

2020 349 2161 413 IST.
2209 354 2311 415 AD
2350 353 2579 415 HEBR.
3533 348 3651 414 434

271 489 432 565 Πῶς;
472 476 603 544 ΗΟτι
645 488 703 544 οὗ
757 492 1076 565 μετενοήσεν
1134 492 1190 546 ὃν
1262 490 1432 569 ἐχρῆν
1475 489 1694 566 τρόπον.
1757 489 1918 551 Ποίας

2015 492 2175 547 cutus
2198 496 2286 548 est
2318 505 2445 547 eam
2468 486 2498 545 ‘?
2533 485 3367 566 Quasivitquidem,attamen
3400 501 3520 544 non
3551 483 3649 544 in-

270 575 368 650 γὰρ
398 572 461 631 ἂν
486 576 551 643 ἧν
601 579 883 651 μετανοίας
913 580 979 634 τὰ
1022 579 1231 656 ῥήματα
1263 578 1295 633 ἃ
1350 577 1627 657 ἐφθέγξατο
1664 596 1679 652 ;
1717 600 1744 632 α
1793 577 1924 655 Ἐγ·-

2015 574 2205 636 venit:
2267 592 2459 654 neque
2518 576 2674 636 enim
2732 581 2896 635 recte
2945 573 3231 653 quaesivit.
3300 570 3653 645 Quomodo?

272 664 502 740 γίσουσι,
537 666 721 745 φησὶν,
768 669 818 722 αἱ
871 666 1067 743 ἡμέραν.
1138 677 1230 726 τοῦ
1299 668 1514 729 πένθους
1586 675 1677 724 τοῦ
1728 665 1925 744 πατρός

2015 663 2154 736 Quia
2183 682 2301 725 non
2332 663 2499 724 illum
2536 662 2731 724 debito
2768 662 2941 723 modo
2988 663 3279 743 pcenituit.
3317 663 3459 722 424
3487 661 3647 733 Qua-

275 774 399 827 μου,
434 755 525 809 καὶ
554 754 830 811 ἀποκτενῶ
884 753 1056 812 Ῐακὼϐ
1096 757 1186 811 τὸν
1244 753 1465 835 ἀδελφόν
1528 778 1650 829 μου.
1692 778 1713 809 ι
1755 745 1927 808 υΩσιιτε

2015 752 2082 813 lis
2112 752 2268 813 enim
2304 752 2665 832 poenitentiae
2693 751 2870 811 verba
2899 759 3067 812 erant
3091 770 3223 832 quae
3254 755 3482 812 locutus
3513 748 3653 811 est?

276 838 363 896 διὰ
416 852 573 901 τοῦτο
624 845 727 923 οὐχ
785 847 898 922 εὗρε
940 843 1041 912 τὴν
1085 846 1388 917 μετάνοιαν,
1464 842 1645 911 ἐπειδὴ
1703 844 1782 919 μὴ
1853 844 1926 906 ὡς

2015 865 2039 897 «ι
2063 840 2639 922 Appropinquabunt
2668 841 2799 901 dies
2830 839 3026 901 luctus
3058 840 3239 920 patris
3264 840 3471 921 mei,et
3499 838 3651 900 occi-

274 928 447 1008 ἒχρῆν
502 932 667 998 αὗτὴν
730 931 1006 1003 ἐζήτησεν,
1090 940 1133 989 Η
1191 933 1279 988 οὖν
1334 933 1487 991 τοῦτό
1544 933 1707 1011 ἐστιν,
1751 932 1787 1000 ἢ
1844 933 1923 988 ὅτι

274 1020 397 1082 τοὺς
427 1017 652 1093 μηδέπω
694 1021 952 1085 πεσόντας
996 1022 1164 1095 τούτῳ
1218 1028 1295 1095 τῷ
1363 1021 1542 1100 τρόπῳ
1591 1020 1771 1101 φοϐεῖ,
1844 1021 1923 1096 μὴ

272 1122 483 1186 πεσεῖν,
512 1115 588 1183 τῷ
633 1110 709 1184 μὴ
768 1111 909 1167 εἶναι
968 1110 1051 1166 ἐπὶ
1095 1124 1214 1175 τοῖς
1273 1111 1539 1188 μεγίστοις
1597 1111 1922 1189 ἁμαρτήμα-

272 1217 357 1251 σιν
398 1195 545 1261 ἀξίαν
574 1198 880 1273 μετάνοιαν,
917 1201 1015 1256 Καὶ
1040 1201 1172 1277 πρὸς
1202 1199 1298 1274 μὲν
1342 1200 1463 1263 τοὺς
1509 1200 1675 1276 μήπω
1745 1200 1921 1278 ἁμαρ-

273 1286 542 1354 τήσαντας
601 1286 766 1351 οὕτως
823 1287 989 1366 λέγει,
1063 1295 1138 1362 τῷ
1207 1285 1354 1368 φόϐῳ
1412 1295 1681 1367 συντηρῶν
1737 1289 1922 1350 αὐτοὺς

275 1374 351 1441 πη
385 1388 594 1437 πεσεῖν.
633 1366 808 1434 ”Οταν
852 1375 906 1432 δὲ
964 1376 1056 1454 ἴδῃ
1098 1379 1245 1441 τινας
1286 1377 1464 1434 τέλεον
1515 1377 1795 1457 πεσόντας,
1828 1376 1922 1454 ὅρα

274 1470 390 1528 πῶς
420 1462 834 1539 μεταϐάλλεται,
878 1468 1017 1532 Φησὶ
1061 1467 1158 1545 γὰρ
1196 1487 1208 1501 ·
1290 1491 1314 1522 ν
1364 1467 1572 1539 Τεκνία,
1634 1468 1720 1529 οὒς
1767 1464 1924 1523 πάλιν

275 1552 469 1624 ὠδίνω,
506 1551 664 1633 ἄχρις
696 1558 757 1612 οὗ
799 1558 1051 1634 μορφωθῇ
1121 1544 1349 1635 Χριστὸς
1422 1555 1475 1610 ἐν
1543 1558 1695 1629 ὑμῖν.
1726 1574 1755 1614 )
1794 1544 1923 1612 ιὈτι

276 1644 378 1720 γὰρ
421 1644 552 1720 πρὸς
741 1644 1000 1706 πεσόντας
1043 1650 1207 1700 ταῦτα
1262 1644 1474 1723 φράφει,
1528 1642 1715 1711 δῆλον.
1784 1645 1925 1711 Φησὶ

277 1732 376 1810 γάρ
410 1747 423 1761 ⁸
494 1754 518 1787 ι
567 1732 773 1830 Οῗτιγες
828 1734 882 1788 ἒν
942 1733 1089 1807 νόμῳ
1158 1730 1470 1812 δικαιοῦσθε,
1530 1736 1628 1800 τῆς
1704 1733 1986 1832 χάριτοςΒ

277 1819 570 1884 ἐξεπέσετε.
613 1846 635 1877 n
705 1811 857 1898 Ὁρᾷς
916 1819 996 1876 ὅτι
1054 1827 1326 1900 μαρτυρῶν
1370 1811 1552 1885 αὐτοῖς
1595 1822 1654 1876 τὸ
1703 1842 1920 1877 πεπτω-

273 1908 444 1981 κέναι,
498 1911 629 1986 πρὸς
685 1911 745 1965 τὸ
804 1911 881 1984 μὴ
931 1911 1002 1975 εἰς
1044 1910 1344 1989 ἀπόγνωσιν
1414 1909 1610 1983 ἐλθεῖν,
1671 1911 1794 1966 εἶπε
1836 1912 1916 1983 τὸ,

284 2018 307 2049 α
342 1999 445 2060 Οὓς
501 1997 665 2053 πάλιν
734 1995 926 2071 ὠδίνω,
986 1998 1144 2078 ἄχρις
1210 2002 1268 2055 οὗ
1325 2002 1575 2078 μορφωθῇ
1620 2000 1839 2075 Χριστὸς
1869 1998 1921 2054 ἐν

268 2086 440 2166 ὑμϊνς
486 2109 507 2140 ι
549 2084 703 2151 Εἶδες
734 2088 811 2162 μὴ
854 2084 1251 2162 ἐκϐεϐλημένην
1300 2088 1398 2154 τὴν
1457 2087 1764 2167 μετάνοιαν,
1798 2087 1916 2144 ἀλλ’

278 2175 631 2249 οἰκονομικῶς
696 2175 865 2231 πάντα
919 2176 1272 2253 φθεγγόμενον
1343 2177 1431 2231 τὸν
1500 2174 1649 2253 ἅγιον
1692 2184 1912 2256 τοῦτον;

2011 928 2143 990 dam
2179 929 2352 991 .lacob
2383 930 2623 992 fratrem
2655 946 2875 989 meum.
2910 951 2932 985 ο
2960 930 3162 1009 Itaque
3196 940 3511 1010 propterea
3531 945 3650 988 non

2004 1018 2233 1080 invenit
2273 1018 2704 1098 paenitentiam,
2738 1018 2879 1097 quia
2935 1035 3054 1080 non
3107 1035 3238 1078 eam
3289 1016 3557 1098 quaesivit
3588 1022 3652 1076 ut

2004 1107 2262 1187 Oportuit
2291 1107 2405 1167 Aut
2437 1125 2574 1185 ergo
2608 1108 2719 1167 hoc
2749 1105 3138 1186 est,autquod
3156 1124 3256 1167 eos
3273 1108 3367 1186 qui
3386 1104 3649 1166 nondum

2004 1196 2362 1271 ceciderant,
2390 1214 2623 1256 rursum
2660 1202 2845 1256 terret
2867 1213 2943 1256 ne
2967 1193 3202 1269 cadant,
3245 1195 3404 1275 quod
3452 1192 3644 1254 maxi-

2006 1283 2120 1346 mis
2159 1285 2417 1364 peccatis
2450 1302 2568 1344 non
2599 1283 2674 1344 sit
2728 1283 2906 1362 digna
2935 1283 3307 1363 paenitentia:
3339 1291 3398 1344 et
3427 1281 3500 1344 ad
3545 1300 3648 1343 eos

2005 1373 2105 1453 qui
2131 1373 2392 1434 nondum
2429 1380 2816 1452 peccaverant
2845 1372 2925 1433 ita
2957 1371 3235 1451 loquitur,
3270 1379 3499 1433 terrore
3516 1388 3654 1432 con-

2006 1479 2247 1523 servans
2277 1478 2380 1524 eos
2411 1480 2484 1522 ne
2515 1461 2750 1522 cadant.
2786 1459 2929 1521 Cum
2974 1470 3172 1522 autem
3216 1459 3377 1522 videt
3420 1459 3651 1540 aliquos

2007 1551 2247 1611 omnino
2277 1551 2594 1629 cecidisse,
2643 1549 2960 1610 considera
2988 1548 3286 1629 quomodo
3331 1554 3653 1610 commutat

2007 1657 2368 1703 sermonem.
2406 1639 2500 1700 Ait
2530 1637 2689 1700 enim
2729 1657 2742 1697 :
2782 1660 2804 1694 «
2836 1637 3026 1698 Filioli
3056 1637 3201 1718 mei,
3246 1656 3396 1718 quos
3437 1636 3653 1699 iterum

2010 1729 2294 1809 parturio,
2331 1730 2523 1789 donec
2572 1728 2862 1789 formetur
2908 1725 3173 1789 Christus
3203 1727 3263 1788 in
3295 1725 3465 1789 vobis
3507 1726 3591 1789 80.
3625 1749 3647 1783 ι)

2007 1817 2151 1879 Nam
2186 1817 2343 1897 quod
2377 1818 2500 1878 haec
2538 1816 2611 1878 ad
2640 1834 2742 1877 eos
2772 1815 2993 1877 scribat
3012 1816 3111 1896 qui
3135 1816 3261 1895 jam
3288 1815 3650 1891 ceciderant,

2009 1906 2387 1968 manifestum
2424 1918 2537 1969 est.
2570 1904 2667 1966 Ait
2698 1904 2853 1966 enim
2886 1925 2898 1965 :
2928 1902 3076 1976 «Qui
3107 1923 3214 1983 per
3244 1905 3437 1983 legem
3471 1902 3654 1983 justi—

2008 1994 2291 2068 ficamini,
2315 2014 2348 2055 a
2386 1996 2567 2073 gratia
2594 1992 2895 2054 excidistis
2917 1994 2994 2055 8⁸.
3031 2016 3053 2050 ι)
3090 1993 3276 2055 Vides
3329 1992 3485 2073 quod
3518 2009 3653 2052 cum

2005 2083 2586 2166 ipsistesteturquod
2602 2081 3048 2157 ceciderant,ne
3078 2081 3140 2141 in
3173 2080 3653 2162 desperationem

2000 2172 2262 2252 veniant,
2285 2172 2482 2235 dicat:
2514 2196 2539 2226 α
2567 2172 2725 2244 Quos
2749 2171 2960 2231 iterum
2996 2169 3284 2251 parturio,
3319 2169 3515 2231 donec
3536 2168 3653 2229 for-

277 2270 476 2323 metur
505 2261 779 2325 Christus
824 2260 887 2323 in
943 2262 1159 2325 vobis?
1194 2286 1216 2321 »
1254 2262 1546 2342 Agnoscis
1589 2280 1666 2325 ne
1695 2255 1963 2327 sanctum
1996 2264 2153 2326 hunc
2189 2280 2306 2322 non
2337 2260 2596 2340 abjicere
2628 2258 3057 2341 paenitentiam,
3092 2257 3198 2320 sed
3228 2258 3378 2333 haec,
3411 2255 3658 2338 dispen-

276 2350 507 2414 satorie
534 2350 745 2432 loqui?

905 2466 1155 2519 ΚΕΦΑΛ.
1193 2452 1304 2522 Ie'.

280 2577 309 2610 σ
347 2545 478 2614 ’Ὁτι
508 2554 838 2635 φοϐερώτερα
869 2558 973 2614 τῶν
1004 2558 1089 2613 ἐπὶ
1121 2558 1385 2621 Μωϋσέως
1427 2559 1493 2615 τὰ
1545 2557 1809 2634 μέλλοντα
1838 2560 1926 2614 καὶ

611 2635 852 2699 πλείονος
883 2636 998 2703 ἄξια
1028 2636 1260 2705 σπουδῆς
1296 2640 1363 2698 τὰ
1405 2647 1515 2701 νῦν,
1553 2661 1580 2693 ι

368 2846 396 2875 σι
471 2826 545 2881 Οὐ
601 2823 700 2901 γὰρ
770 2821 1186 2899 προσεληλύθατε
1237 2822 1617 2906 ψηλαφωμένῳ
1680 2821 1786 2904 ὄρει
1840 2826 1929 2881 καὶ

288 2910 600 2986 κεκαυμένῳ
643 2914 763 2991 πυρὶ
832 2914 916 2969 καὶ
959 2913 1137 2994 γνόφῳ
1196 2916 1284 2970 καὶ
1355 2915 1530 2987 σκότῳ
1569 2917 1657 2971 καί
1711 2912 1925 2987 θυέλλη,

288 2998 375 3054 καὶ
466 2997 758 3078 σάλπιγγος
827 2999 973 3080 ἤχῳ,
1039 3003 1125 3057 καὶ
1197 3008 1333 3080 φονῇ
1426 3003 1702 3081 ῥημάτων,
1771 3002 1836 3069 ἧς
1883 3004 1930 3058 οἱ

288 3088 604 3151 ἀκούσαντες
696 3091 1074 3168 παρῃτήσαντο
1172 3093 1249 3166 μὴ
1373 3096 1721 3170 προστεθῆναι
1823 3091 1926 3146 αὒ-

277 3190 397 3239 τοϊς
479 3175 658 3255 λόγον.
723 3178 831 3235 Οὔκ
926 3178 1107 3258 ἔφερον
1163 3181 1262 3259 γὰρ
1331 3182 1392 3236 τὸ
1468 3178 1925 3255 διαστελλόμενον,

285 3265 393 3321 Κᾶν
447 3266 629 3345 θηρίον
696 3267 815 3344 θίγῃ
886 3275 977 3324 του
1062 3266 1236 3346 ὅρους,
1337 3267 1834 3341 λιθοϐοληθήσεναι,
1894 3267 1929 3335 ἢ

286 3351 451 3428 βολίδι
524 3354 1054 3426 κατατοξευθήσεται.

2613 2454 2857 2519 CAPUT
2901 2454 3054 2519 XIX.

2011 2566 2185 2641 Quod
2203 2563 2715 2644 formidabitiores
2738 2565 2863 2625 sint
2884 2563 3113 2644 futurae
3136 2578 3338 2644 panos
3360 2559 3486 2624 illis
3527 2577 3657 2644 quae

2088 2664 2157 2708 su
2169 2641 2212 2708 bV
2233 2645 2400 2708 Moss
2429 2641 3260 2726 inﬂigcbantar,dignumque
3288 2642 3363 2703 sit
3394 2648 3462 2702 ut
3498 2641 3658 2703 circa

2084 2728 2409 2807 praesentia
2436 2723 2632 2804 majus
2653 2723 3022 2786 adhibeatur
3041 2723 3329 2785 studium.

2088 2817 2221 2893 ΧΠ,
2257 2818 2455 2881 18-21.
2481 2817 2616 2882 Non
2647 2819 2807 2879 enim
2845 2816 3173 2878 accessistis
3202 2814 3283 2878 ad
3316 2818 3662 2877 contactum

2009 2916 2265 2970 montem
2292 2914 2348 2970 et
2372 2908 2681 2968 incensum
2710 2908 2916 2984 ignem
2945 2922 3017 2966 ac
3045 2903 3374 2984 caliginem
3407 2908 3461 2965 et
3492 2910 3659 2965 tene-

2012 2997 2155 3060 bras
2184 3015 2253 3058 ac
2276 2993 2885 3076 tm'binem,tubceque
2910 2999 3176 3056 sonitum
3203 2999 3259 3056 et
3287 3008 3487 3055 vocem
3513 3009 3661 3055 ver-

2016 3087 2253 3160 borum,
2285 3102 2466 3165 qaam
2515 3083 2838 3145 audierant
2867 3082 3176 3162 deprecati
3202 3087 3365 3162 sunt,
3410 3099 3485 3143 ne
3511 3082 3662 3162 ipsis

2010 3175 2183 3255 ﬁeret
2201 3192 2415 3236 sermo.
2438 3172 2573 3234 Non
2603 3173 2763 3233 enim
2791 3170 3067 3249 ferebant
3095 3169 3253 3249 quod
3281 3169 3657 3233 edicebatur.

2013 3265 2221 3326 Etiam
2249 3264 2305 3325 si
2337 3263 2524 3325 bestia
2546 3261 2811 3341 tetigerit
2838 3267 3121 3332 montem,
3155 3257 3525 3338 lapidabitur
3552 3267 3661 3320 aut

1148 3359 1247 3414 Καὶ
1329 3357 1493 3438 οὕτως
1552 3356 1770 3438 φοϐερὸν
1861 3358 1927 3421 ἦν

2015 3351 2212 3433 iaculo
2270 3350 2629 3429 conﬁgctnr;
2663 3356 2715 3410 et
2738 3347 2900 3438 adeo
2933 3346 3399 3438 _terribite_erat
3454 3348 3656 3438 nisum

278 3444 342 3497 το
369 3442 759 3522 φανταζόμενον
790 3446 859 3509 ὡς
893 3449 1119 3514 Μωυσῆς
1153 3446 1331 3526 εἶπεν,
1397 3433 1691 3525 ’Ἐκφοϐός
1713 3446 1819 3519 εἶμι
1846 3446 1927 3502 καὶ

2015 3444 2172 3523 quod
2204 3439 2558 3521 apparebat,
2590 3444 2658 3526 ut
2690 3436 2881 3498 Moses
2909 3436 3131 3498 diceret
3158 3455 3172 3492 :
3206 3433 3663 3514 Expone/“actus

283 3528 534 3608 ἔντρομος
547 3578 559 3591 .
599 3554 623 3586 ι)

362 3622 436 3677 To
465 3626 565 3697 πῦρ
596 3616 681 3675 διὰ
726 3626 901 3694 τοῦτο,
962 3620 1055 3677 Ἵνα
1114 3620 1471 3703 φοϐερώτερος
1528 3628 1667 3701 φανῇ
1708 3624 1931 3697 νομοθε-

280 3713 385 3763 νῶν
414 3711 444 3762 6
473 3707 625 3770 Θεός.
690 3731 716 3762 α
753 3710 852 3766 Καὶ
893 3711 1074 3790 γνόφῳ
1130 3714 1218 3768 καὶ
1289 3712 1483 3786 σκότῳ.
1526 3735 1547 3765 ι
1614 3703 1671 3781 Ὀ
1740 3712 1930 3790 γνόφος

272 3798 362 3851 καὶ
398 3816 454 3851 το
500 3796 714 3875 σκότος,
748 3799 810 3852 τὸ
868 3800 1310 3875 συνεσκιασμένον
1369 3807 1467 3867 τῆς
1541 3799 1776 3865 Παλαιᾶς
1836 3797 1930 3865 δη-

277 3884 392 3943 λοῖ.
430 3885 487 3941 Εἰ
515 3886 615 3961 γὰρ
661 3883 841 3941 ἐκεῖνα
884 3887 1034 3943 τύποι
1092 3889 1246 3962 ἦσαν,
1308 3887 1468 3955 δῆλον
1527 3887 1606 3944 ὅτι
1675 3887 1775 3951 ἕως
1834 3886 1931 3954 ἧλ-

277 3977 364 4030 θεν
400 3974 436 4040 ἡ
465 3971 709 4052 ἀλήθεια,
742 3974 968 4054 ἀσαφεῖς
1039 3976 1172 4044 ἦσαν
1229 3980 1276 4034 οἱ
1314 3978 1492 4051 τύποι,
1553 3977 1629 4052 μὴ
1661 3975 1931 4054 γινωσκό-

282 4083 431 4138 μενοι
476 4060 787 4127 τῖδηλοῦσι.
838 4065 935 4121 Καὶ
980 4066 1040 4120 τὸ
1092 4066 1312 4145 ἀόρατον
1345 4066 1398 4120 vi.
1444 4069 1536 4122 τοῦ
1568 4071 1699 4122 Θεοῦ
1731 4067 1758 4121 6
1802 4064 1931 4141 γνό-

285 4173 385 4231 φος
449 4142 631 4217 δηλοῖ.
691 4169 720 4209 ‹
756 4153 853 4208 Καὶ
903 4154 1096 4234 γνόφος
1126 4139 1243 4233 γαρ,
1278 4155 1459 4234 φησὶν,
1492 4155 1592 4210 ὑπὸ
1620 4154 1741 4218 τοὺς
1771 4139 1932 4216 πόδας

288 4241 470 4300 αὒτοῦ,
548 4263 569 4295 ιι
640 4273 714 4283 —
752 4263 776 4293 ιι
835 4243 933 4321 καὶ
988 4241 1203 4321 θυέλλῃ.
1260 4267 1281 4298 ›
1322 4235 1384 4299 ’Π
1435 4242 1623 4299 θύελλα
1681 4243 1935 4320 ῥᾳθύμους

284 4328 442 4392 ὄντας
473 4327 816 4394 διανίστησιν.
863 4319 1126 4387 "Batnas
1182 4331 1394 4411 θὺελλα,
1447 4331 1641 4405 ἀνέμου
1709 4351 1936 4408 συστρο-

284 4420 381 4497 φή.
432 4422 493 4474 Ai
523 4416 577 4473 δὲ
608 4417 923 4497 σάλπιγγες,
987 4421 1059 4483 ὡς
1094 4419 1354 4496 βασιλέως
1417 4419 1700 4497 παρόντος.
1771 4425 1937 4476 Τοῦτο

2013 3549 2144 3593 sum
2175 3548 2245 3591 ac
2278 3525 2733 3590 tremebundus.

2094 3617 2563 3696 425Propterea
2582 3612 2828 3693 ignis,ut
2843 3610 3053 3690 majori
3082 3609 3301 3673 terrori
3324 3617 3480 3672 esset
3498 3609 3659 3675 Deus

2014 3708 2117 3791 qui
2150 3708 2341 3786 legem
2386 3703 2637 3766 ferebat.
2664 3725 2698 3791 ,α
2726 3701 2809 3791 Ac
2836 3699 3149 3791 caliginem
3198 3706 3257 3791 et
3287 3698 3589 3791 tenebras.
3626 3725 3653 3791 ιι

2014 3787 2213 3875 Caligo
2240 3802 2298 3855 et
2329 3791 2592 3854 tenebrae
2628 3790 2962 3867 signiﬁcant
3011 3787 3246 3850 Veteris
3293 3787 3658 3850 Testamenti

2014 3883 2556 3948 obumbrationem.
2584 3883 2733 3943 Nam
2757 3877 2807 3939 si
2829 3877 2928 3939 illa
2942 3877 3144 3956 ﬁgurae
3159 3883 3351 3957 erant,
3384 3877 3663 3940 manifes-

2017 3983 2140 4038 tum
2163 3970 2418 4052 estquod
2436 3970 2624 4030 donec
2640 3967 2872 4029 veniret
2893 3965 3410 4041 veritas,obscurw
3422 3967 3666 4028 erantﬁ-

2014 4061 2345 4143 gurae,dum
2368 4078 2485 4120 non
2508 4063 2965 4143 cognosceretur
2978 4054 3123 4136 quid
3145 4055 3667 4143 siguiﬁcarent.Si-

2017 4142 2254 4231 gnificat
2277 4156 2472 4209 autem
2499 4146 2685 4224 caligo
2711 4144 2888 4205 etiam
2910 4142 3018 4205 Dei
3042 4142 3525 4205 invisibililatem.
3544 4165 3567 4199 ι
3593 4142 3668 4205 Et

2019 4240 2228 4317 caligo,
2257 4235 2472 4316 inquit,
2498 4235 2606 4296 sub
2632 4232 2880 4315 pedibus
2912 4234 3040 4314 ejus
3059 4231 3269 4295 83.n—
3309 4257 3329 4287 ι
3369 4236 3448 4293 Ac
3472 4232 3663 4294 turbi-

2019 4327 2338 4391 nem.»Per
2358 4320 3161 4402 dictionem,Turbo,excitat
3181 4339 3427 4383 eoscum
3450 4338 3665 4400 segnes

2021 4415 2356 4480 essent.Est
2371 4421 2568 4474 autem
2593 4411 2761 4473 turbo
2785 4410 2943 4471 venti
2960 4408 3479 4473 contorsio.Tubw
3498 4427 3661 4489 vero,

286 4509 387 4586 γὰρ
411 4509 498 4563 καὶ
558 4506 610 4566 ἕν
668 4513 736 4583 τῇ
790 4506 1002 4587 δευτέρᾳ
1057 4511 1310 4588 παρουσίᾳ
1364 4508 1531 4569 ἔσται.
1571 4529 1599 4565 σ
1641 4509 1734 4565 Καὶ
1790 4513 1927 4586 φωνῆ

2020 4516 2297 4587 tanquam
2334 4508 2623 4583 praesente
2653 4518 2829 4579 rege;
2865 4517 3001 4559 nam
3046 4508 3117 4588 et_
3150 4500 3261 4559 hoc
3290 4498 3353 4557 in
3400 4497 3663 4559 secundo

288 4595 632 4676 ῥημάτων.)
698 4588 751 4654 Ὀ
800 4598 900 4676 γὰρ
942 4586 1155 4665 Μωσῆς
1200 4596 1398 4671 ἐλάλει,
1458 4598 1771 4676 ἀπεκρίνατο
1826 4594 1927 4652 δὲὲ

2021 4596 2133 4658 erit
2187 4592 2461 4654 adventu.
2527 4614 2554 4644 α
2613 4588 2686 4649 Ει
2738 4605 2941 4648 vocem
3002 4586 3337 4649 verborum.
3387 4609 3414 4641 υ
3474 4588 3666 4646 Moses

290 4692 442 4746 Θεὸς.
482 4708 508 4739 α
549 4674 705 4742 "East
736 4687 835 4764 γὰρ
865 4691 956 4742 τοῦ
1005 4693 1135 4744 Θεοῦ
1190 4689 1428 4766 φέρεσθαι
1485 4687 1582 4753 τὴν
1612 4685 1816 4763 φωνὴν,
1847 4685 1927 4741 ἵνα

2021 4685 2178 4747 enim
2214 4678 2585 4760 loquebatur,
2640 4685 2695 4738 et
2726 4676 2881 4766 Deus
2928 4675 3430 4766 respondebat85.
3466 4672 3663 4766 Opor-

290 4771 590 4839 ἀξιόπιστος
643 4775 678 4841 ἡ
738 4750 1016 4849 νομοθεσία
1094 4750 1336 4853 γένηται,
1411 4776 1496 4830 καὶ
1542 4750 1641 4849 Ἵμῆ
1713 4750 1927 4849 νομισθῇ

2022 4773 2127 4834 tuit
2157 4750 2412 4850 namque
2435 4767 2540 4828 Dei
2571 4750 2775 4826 vocem
2807 4750 3143 4838 formari,ut
3164 4763 3278 4825 ﬁde
3296 4763 3474 4853 digna
3493 4750 3667 4825 fieret

292 4861 524 4926 Μωσέως
606 4862 772 4934 εἶναι,
824 4859 890 4918 δι’
962 4864 1021 4919 οὗ
1064 4852 1364 4940 νομοθενεῖν
1439 4860 1657 4938 ἔμελλεν
1706 4864 1733 4918 ὁ
1782 4862 1927 4923 Θεός.

2021 4856 2396 4939 legislatio,et
2420 4874 2536 4916 non
2558 4853 2992 4915 existimaretur
3019 4870 3150 4915 esse
3179 4852 3461 4932 Mosi,per
3488 4869 3666 4933 quem

302 4950 461 5006 «Οὔκ
488 4948 668 5030 ἔφερον
723 4951 845 5029 γάρ.
895 4973 923 5005 ι»
962 4959 1096 5008 Εῐπε
1165 4953 1264 5019 τὴν
1335 4951 1502 5008 αἰτίαν
1531 4951 1625 5019 τῆς
1681 4951 1927 5028 παραιτή-

2021 4957 2147 5011 erat
2173 4948 2327 5009 Deus
2359 4945 2546 5023 legem
2579 4943 2825 5004 laturus.
2865 4962 2892 5000 ‹
2922 4942 3053 5003 Non
3086 4941 3246 5003 enim
3302 4940 3592 5030 ferebant.
3614 4961 3658 5030 ,ν

294 5058 455 5116 σεως,
501 5028 581 5093 ὅτι
613 5040 707 5094 οὒκ
730 5028 914 5117 ἔφερον
942 5040 1002 5094 τὸ
1052 5037 1488 5117 διαστελλόμενον
1546 5042 1688 5109 οἷον,
1744 5041 1804 5094 τὸ
1848 5038 1927 5094 ἐν-

2023 5038 2269 5101 Causam
2326 5034 2470 5094 dixit
2527 5030 2946 5104 excusationis,
2981 5031 3118 5112 quia
3148 5050 3267 5092 non
3310 5029 3581 5092 ferebant
3607 5028 3667 5090 id

290 5124 614 5189 τελλόμενον
663 5129 751 5184 καὶ
807 5125 1153 5203 λαλούμενον,
1210 5132 1307 5187 Καὶ
1349 5131 1448 5210 γὰρ
1503 5143 1657 5187 εἶπον
1701 5136 1927 5185 Monet“

2022 5126 2175 5208 quod
2210 5120 2620 5210 deﬁniebatur,
2651 5120 2785 5210 boc
2836 5128 2947 5210 est,
3008 5120 3167 5198 quod
3217 5118 3669 5210 praecipiebatur

295 5239 325 5271 α
359 5214 606 5283 Λάλησον
635 5217 771 5292 ἡμῖν
798 5218 881 5290 σὺ,
929 5219 1016 5273 καὶ
1047 5217 1124 5293 μὴ
1168 5208 1400 5275 λαλαίτω
1455 5220 1590 5294 ἡμῖν
1621 5221 1648 5275 ὁ
1701 5218 1853 5281 Θεός.
1908 5241 1927 5273 ι

2022 5216 2144 5279 sive
2167 5208 2808 5289 dicebatur.Siquidem
2832 5208 3107 5271 dixerunt
3133 5208 3314 5273 Mosi:
3350 5232 3373 5265 ιι
3398 5208 3670 5289 Loquere

290 5339 367 5351 —
419 5324 449 5365 (
496 5306 605 5363 Κᾶν
632 5306 810 5384 θηρίον
877 5307 1019 5384 θίγῃ.
1060 5330 1082 5363 ν
1134 5314 1387 5372 Τοσοῦτος
1435 5308 1501 5375 ἧν
1557 5310 1584 5364 6
1640 5305 1821 5387 φόϐος,
1857 5307 1927 5364 ὅτι

2020 5312 2081 5366 tu
2113 5301 2375 5369 nobis,et
2406 5316 2522 5358 non
2554 5298 2828 5379 loquatur
2858 5297 3027 5360 nobis
3048 5297 3291 5362 Deus“.
3320 5296 3667 5387 unt—«Etiam

287 5396 384 5450 κᾶν
441 5396 619 5469 θηρίον
674 5393 810 5473 ἔθιγε
853 5402 944 5450 τοῦ
999 5395 1174 5473 ὅρους,
1234 5393 1607 5455 ἐλιθιιϐολεϊτο.
1649 5421 1675 5451 α
1718 5400 1812 5455 Καὶ
1843 5397 1927 5453 οὗ·

2019 5394 2070 5454 si
2110 5390 2299 5452 bestia
2345 5387 2675 5468 tetigerit.»
2712 5387 2931 5450 Tantus
2977 5395 3103 5450 erat
3154 5394 3371 5463 terror,
3421 5386 3578 5468 quod
3614 5392 3675 5448 et

282 5505 390 5545 τως
420 5480 642 5563 φοῖερον
669 5483 734 5549 ἧν
782 5486 843 5539 τὸ
884 5487 1299 5563 φανναζόμενον.
1351 5509 1375 5540 ι
1414 5484 1563 5542 Θέλει
1628 5484 1791 5554 δεῖξαι
1850 5488 1927 5542 καὶ

2020 5479 2214 5546 bestia
2243 5478 2294 5539 si
2323 5476 2599 5557 tangebat
2633 5484 2922 5559 montem,
2955 5475 3350 5560 lapidabatur.
3376 5497 3399 5529 α
3421 5475 3495 5538 Ει
3521 5474 3671 5539 adeo

368 5649 434 5700 80
463 5650 649 5717 Galat.
684 5666 766 5734 ιν,
800 5649 898 5715 49.
932 5650 986 5702 δι
1016 5649 1204 5717 Galat.
1240 5668 1300 5730 ν,
1332 5653 1389 5716 4.
1437 5651 1500 5704 82
1528 5656 1683 5718 Psal.
1719 5671 1865 5737 xvu,
1902 5657 1927 5719 1

2044 5654 2108 5706 ss
2135 5647 2321 5715 Exod.
2354 5664 2479 5727 χιχ,
2515 5646 2617 5712 49.
2663 5647 2728 5700 ει
2763 5645 2950 5714 Exod.
2979 5663 3083 5725 xx,
3118 5646 3217 5714 19.
3270 5618 3299 5647 '
