4180 6212
449 315 568 388 435
1573 318 1982 382 OECUMENII
2027 317 2121 377 ΤΒ

2207 317 2321 378 CIE
2357 313 2689 379 EPISCOPI
3700 305 3819 373 436

453 453 720 516 terribile
754 463 879 518 erat
908 457 1091 517 visum
1125 453 1281 536 quod
1311 450 1683 532 apprrebat.»
1714 451 1856 510 Vult
1885 461 2121 514 osten-i

2205 478 2226 509 ν
2258 453 2428 528 τούτῳ
2455 453 2704 534 διαφορὰν
2746 454 2843 521 τῆς
2875 452 3035 532 Νέας,
3083 454 3156 516 ὡς
3187 455 3317 532 πρὸς
3386 453 3483 519 τὴν
3558 449 3812 508 Παλαιαν.

457 543 599 605 dere
627 543 687 604 in
718 545 828 606 boc
852 563 1084 624 quoque
1098 533 1387 604 eicellere
1410 538 1630 600 Novum
1651 537 2097 601 Testamentum

2205 549 2244 599 Η
2290 543 2393 620 γὰρ
2445 541 2646 601 παλαιὰ
2716 542 2882 599 καίτοι
2927 540 3093 617 μηδὲν
3172 541 3368 622 ἔχουσα
3412 546 3645 597 τοιοῦτον
3702 541 3818 594 οἷον

459 633 516 694 in
548 632 758 694 ordine
789 622 1408 710 ad_Vet_us.Siquidem
1427 641 1596 690 vetus
1619 628 1795 690 etiam
1820 628 1869 690 si
1897 629 2097 708 hujus-

2205 659 2214 699 ι
2245 631 2376 711 Νέα,
2405 630 2600 711 φοϐερά
2629 654 2712 694 τις
2743 631 2830 698 ἦν.
2869 622 2932 687 Ἠ
2963 627 3017 686 δὲ
3062 630 3191 704 Νέα,
3248 631 3428 710 φησὶν,
3491 629 3688 708 ἔχουσα
3756 627 3818 681 τὸ

459 720 621 782 modi
650 721 797 782 nihil
828 721 1076 782 haberet
1096 719 1267 800 quale
1297 716 1546 790 Novum,
1587 716 1914 778 timendum
1950 737 2095 799 quo-

2205 719 2401 800 τέλειον,
2438 721 2568 789 ἡπία
2598 720 2705 777 ἕστὶ
2735 721 2820 776 καὶ
2864 721 3030 798 χωρὶς
3061 716 3246 798 φόϐου,
3307 742 3334 774 α
3369 723 3580 784 Μοϋσῆς
3613 728 3762 772 εἴπεν
3801 729 3815 744 ⁸

460 809 778 870 dammodo
809 817 969 870 erat:
998 799 1226 870 Novum
1263 825 1424 876 vero,
1483 824 1617 865 cum
1670 807 2096 885 perfectionem

2207 799 2460 888 Ἐκφοϐός
2491 811 2597 884 εἰμι
2628 811 2715 864 καὶ
2743 808 3016 888 ἔντρομος,
3055 831 3082 861 ιι
3144 810 3306 872 Οὗτός
3350 830 3532 888 φησιν,
3567 809 3594 862 ὁ
3630 807 3701 868 εἰς
3731 806 3822 860 τὸν

461 896 694 972 habeat,
721 897 984 959 clemens
1015 905 1102 957 est
1127 903 1186 957 et
1214 894 1437 975 absque
1469 902 1720 956 terrore.
1761 921 1787 948 α
1810 893 1886 956 Ut
1909 897 2100 956 Moses

2205 899 2376 978 {vdcpov
2421 897 2664 956 εἰσελθών
2675 946 2688 960 .

460 985 726 1135 ᾶὶιίρτθιῑ
782 985 1203 1066 Expavefactus
1237 1002 1366 1047 sum
1416 995 1473 1047 et
1507 984 1906 1046 tremefactus.
1946 1010 1971 1040 υ
2007 985 2115 1048 Hic
2147 986 2323 1050 etiam
2355 987 2456 1068 qui
2510 987 2568 1048 in
2623 985 2932 1066 caliginem
2988 986 3362 1067 ingressurus
3405 992 3551 1062 erat,
3586 983 3698 1045 hoc
3724 979 3823 1042 di-

463 1092 531 1135 ce
577 1082 654 1135 at.

463 1082 654 1136 cebat.

546 1166 668 1242 XII,
691 1168 770 1229 Ἦ
797 1169 898 1232 24.
915 1170 1032 1233 Sed
1048 1169 1382 1232 accessistis
1400 1168 1480 1230 ad
1496 1175 1753 1229 montem
1765 1166 1916 1228 Sion
1941 1175 1997 1230 et
2017 1169 2100 1229 ad

466 1257 773 1319 civitatem
811 1257 917 1321 Dei
936 1257 1560 1332 viventis,Jerusalem
1590 1259 1909 1336 caelestem,
1944 1263 2000 1318 et
2023 1256 2102 1319 ad
2185 1265 2400 1330 ζῶντος,

466 1346 1004 1409 innumerabilium
1027 1348 1378 1428 angelorum
1402 1352 1639 1421 coetum,
1664 1353 1717 1406 et
1753 1346 1832 1407 ad
1860 1352 2101 1407 concio-

468 1452 608 1496 nem
634 1436 1176 1514 primogenitorum
1199 1437 1304 1516 qui
1327 1436 1649 1513 conscripti
1677 1443 1814 1495 sunt
1836 1437 1899 1495 in
1918 1434 2102 1514 caelis,

467 1531 524 1584 et
553 1523 633 1584 ad
651 1524 928 1601 judicem
948 1528 1369 1586 universorum
1401 1523 1614 1595 Deum,
1651 1530 1703 1585 et
1736 1523 1815 1584 ad
1857 1525 2108 1602 spiritus

455 1613 648 1690 justo:
662 1630 763 1673 um
784 1612 1214 1692 perfectorum,
1249 1621 1302 1674 et
1333 1613 1412 1674 ad
1442 1618 1583 1674 novi
1615 1614 1956 1674 testamenti
1977 1631 2109 1674 eon-

463 1700 822 1779 ciliatorem,
858 1705 1084 1776 Jesum,
1131 1709 1188 1764 et
1219 1702 1298 1762 ad
1339 1703 1699 1780 sanguinem
1734 1703 2111 1779 aspersionis

468 1789 688 1852 melius
713 1790 1053 1871 loquentem
1085 1808 1270 1869 quam
1293 1793 1544 1867 sanguis
1573 1789 1747 1852 Abel.

558 1899 584 1936 ‹
611 1876 726 1940 Sed
757 1879 1112 1941 accessistis.
1157 1905 1178 1937 υ
1220 1882 1326 1940 Pro
1349 1886 1569 1954 monte,
1604 1879 1813 1959 inquit,
1851 1877 1991 1940 Sion
2024 1887 2113 1940 est

469 1965 568 2028 hic
599 1967 835 2030 coelum.
894 1971 1043 2031 Nam
1097 1969 1210 2030 hoc
1269 1968 1409 2028 dicit
1439 1968 1535 2028 hic
1581 1976 1838 2030 montem
1881 1968 2024 2028 Sion
2057 1975 2114 2029 et

469 2053 805 2118 Jerusalem
835 2057 1028 2118 :unde
1049 2057 1348 2136 subjungit
1379 2056 2113 2119 leestem.«Etinnume-

472 2143 746 2204 rabilium
779 2146 1124 2224 angelorum
1157 2155 1396 2207 coetum.
1421 2170 1444 2200 ››
1472 2143 1843 2206 ProJudaico
1869 2145 2105 2225 populo,

473 2231 686 2293 adsunt
709 2234 924 2312 angeli.
947 2235 1089 2295 426
1133 2234 1204 2295 Et
1225 2234 1579 2308 solemnem.
1613 2232 1826 2314 inquit,
1861 2241 2109 2307 caelum,

475 2320 578 2402 qui
607 2339 676 2382 ex
704 2322 1238 2385 innumerabilibus
1268 2330 1496 2384 constat
1526 2323 1774 2398 angelis.
1810 2322 2111 2400 Primoge-

480 2407 636 2470 nitos
667 2419 862 2472 autem
894 2411 1038 2474 dicit
1068 2412 1296 2485 ﬁdeles,
1326 2429 1576 2492 quorum
1619 2411 1859 2471 nomina
1888 2419 2024 2472 sunt
2052 2411 2114 2470 in

479 2497 633 2558 libro
661 2498 966 2562 vitieNam
998 2501 1110 2562 hoc
1135 2502 1311 2562 etiam
1343 2499 1487 2561 dicit
1532 2498 1818 2559 Dominus
1848 2498 2112 2579 discipu-

480 2586 555 2646 lis
585 2606 598 2648 :
630 2612 654 2640 α
676 2586 959 2669 Gaudete,
988 2589 1144 2668 quod
1181 2591 1422 2649 nomina
1449 2599 1642 2648 vestra
1668 2587 1884 2666 scripta
1913 2587 2030 2648 sint
2056 2587 2117 2647 in

481 2673 646 2735 oculis
672 2676 758 2736 85.
786 2701 812 2731 »
842 2713 918 2722 —
939 2676 1146 2739 Aliud.
1185 2676 1609 2752 Primogenitos
1658 2675 1800 2735 dicit
1857 2684 2112 2748 sanctos,

481 2762 583 2843 qui
601 2763 821 2826 habent
846 2765 1062 2846 aliquid
1081 2766 1375 2827 excellens
1394 2776 1608 2844 praeter
1620 2764 1769 2825 alios
1793 2763 1998 2825 ﬁdeles
2020 2765 2120 2843 qui

477 2852 855 2932 adoptionem
871 2862 1228 2934 acceperunt
1249 2873 1282 2914 a
1306 2852 1712 2934 primogenitis
1723 2852 1824 2931 qui
1845 2853 1998 2932 apud
2017 2871 2124 2913 nos

480 2941 748 3022 suut,qui
770 2960 838 3002 ex
855 2942 994 3022 jure
1016 2942 1496 3023 primogenitum:
1520 2941 1738 3014 habent
1757 2941 1950 3020 aliqua
1968 2960 2121 3022 prte-

481 3029 656 3110 cipua
684 3027 1010 3108 legata.«Et
1039 3031 1110 3092 ad
1134 3031 1400 3112 judicem
1433 3030 1844 3092 universorum
1868 3029 2114 3093 Deum.»

2273 1193 2294 1224 ι
2339 1167 2505 1228 Ἀλλὰ
2546 1170 2970 1251 προσεληλύθατε
3027 1173 3164 1228 Σιὼν
3202 1171 3308 1250 ὄρει
3354 1171 3441 1225 καὶ
3491 1167 3641 1224 πόλει
3694 1171 3826 1223 Θεοῦ

2552 1258 2895 1339 Ἰερουσαλὴμ
2975 1259 3282 1339 ἐπουρανίῳ,
3393 1259 3479 1315 καί
3588 1255 3828 1335 μυριάσιν

2187 1346 2454 1426 ἕλε-(γέλων,
2528 1351 2821 1430 πανηγύρει
2899 1347 3013 1406 ’καὶ
3126 1348 3380 1420 ἐκκλησίᾳ
3477 1345 3828 1426 πρωτοτόκων

2188 1437 2242 1492 ἐν
2269 1440 2510 1516 οὐρανοῖς
2541 1438 3050 1516 ἀπογεγραμμένων,
3096 1439 3184 1494 καὶ
3225 1443 3381 1516 κριτῇ
3451 1443 3566 1509 Θεῳ
3593 1434 3828 1503 πάντων,

2189 1529 2276 1582 καὶ
2326 1528 2584 1602 πνεύμασι
2647 1527 2858 1584 δικαίων
2914 1525 3362 1603 τελελειωμένων,
3433 1527 3519 1580 καὶ
3573 1522 3829 1591 διαθήκης

2190 1614 2310 1680 νέας
2335 1617 2522 1691 μεσίτῃ
2561 1616 2760 1688 Ἰησοῦ,
2833 1620 2920 1673 καὶ
2990 1616 3181 1692 αἵματι
3237 1616 3556 1694 ῥαντισμωῦ,
3591 1625 3831 1692 κρεῖττον

2193 1703 2433 1761 λαλοῦντι
2463 1707 2604 1784 παρὰ
2631 1707 2720 1762 τὸν
2755 1695 2950 1765 ”Αϐελ.

2280 1906 2303 1936 α
2340 1880 2990 1961 Ἀλλὰῗπροσεληλύθατε,
3029 1906 3054 1938 ι
3119 1881 3262 1940 Ἀντὶ
3331 1887 3422 1936 τοῦ
3480 1882 3617 1937 Σιὼν
3660 1877 3830 1957 ὄρους,

2194 1971 2360 2051 φησὶν
2403 1971 2619 2028 ἐνταῦθα
2676 1972 2814 2028 ἐστιν
2872 1975 2900 2029 ὁ
2959 1972 3194 2051 οὒρανός.
3260 1979 3452 2028 Τοῦτον
3506 1970 3604 2046 γὰρ
3674 1965 3834 2023 καλεῖ

2195 2063 2333 2116 Σιὼν
2375 2062 2493 2141 ὅρος
2524 2065 2610 2118 καὶ
2685 2053 3024 2139 Ἰερουσαλήμ
3139 2063 3265 2117 Οθεν
3308 2057 3514 2135 ἕπάγει,
3563 2055 3832 2134 Ἐπουρα-

2195 2151 2308 2223 νίῷ.
2353 2172 2375 2206 α
2430 2155 2527 2210 Καὶ
2571 2151 2813 2229 μυριάσιν
2871 2147 3135 2227 ἀγγέλων.
3175 2171 3201 2202 ιο
3265 2148 3406 2203 Ἀντὶ
3463 2153 3555 2202 τοῦ
3612 2142 3835 2203 Ἰουδαί-

2194 2238 2288 2294 κοῦ
2344 2237 2495 2318 λαοῦ,
2554 2238 2769 2318 ἄγγελοι
2828 2239 3058 2316 πάρεισι,
3126 2238 3222 2293 Καὶ
3277 2235 3589 2313 πανηγύρει,
3649 2235 3830 2312 φησὶν,

2197 2326 2249 2383 ἐν
2309 2330 2546 2405 μυριάσιν
2603 2327 2842 2405 ἀγγέλων
2934 2327 3276 2405 ὑπαρχούσῃ.
3361 2322 3729 2402 Πρωτοτόκους
3779 2319 3834 2376 δὲ

2197 2419 2347 2496 φησὶ,
2377 2419 2497 2480 τοὺς
2527 2418 2762 2494 πιστοὺς,
2804 2416 2876 2472 ὥν
2933 2417 2997 2472 τὰ
3053 2415 3286 2490 ὀνόματα
3315 2413 3368 2469 ἐν
3427 2409 3590 2488 βίϐλῳ
3659 2416 3826 2482 ζωῆς.

2200 2515 2362 2563 Τοῦτο
2407 2507 2506 2585 γάρ
2534 2508 2662 2586 φησὶ
2691 2507 2779 2562 καὶ
2809 2508 2836 2561 ὁ
2882 2505 3065 2584 Κύριος
3089 2517 3204 2566 τοῖς
3233 2505 3500 2578 μαθηταῖς
3534 2523 3548 2554 ι
3587 2499 3838 2578 «Χαίρετε

2201 2592 2280 2649 ὅτι
2305 2595 2370 2648 τὰ
2413 2594 2646 2670 ὸνόματα
2692 2597 2840 2669 ὑμῶν
2881 2593 3170 2672 γέγραπται
3222 2591 3276 2647 έν
3329 2603 3447 2653 τοῖς
3504 2589 3770 2668 οεῖιρανοῖς.
3810 2609 3834 2644 ι

2202 2715 2282 2726 -
2314 2672 2513 2740 ”Αλ).ο.
2571 2682 2940 2763 [Ιρωτοτόκους
2984 2680 3062 2752 δὲ,
3108 2681 3226 2744 τοὺς
3275 2679 3454 2756 ἁγίους
3521 2676 3685 2755 λέγει,
3719 2677 3839 2740 τοὺς

2203 2773 2265 2826 τὸ
2323 2769 2578 2849 ἐξαίρετον
2636 2772 2861 2852 ἔχοντας
2933 2771 3074 2849 παρὰ
3126 2770 3248 2831 τοὺς
3311 2765 3526 2828 λοιπούς
3598 2765 3836 2836 πιστοὺς,

2211 2860 2324 2924 τοὺς
2356 2865 2452 2926 τῆς
2491 2851 2741 2922 υἱοθεσίας
2795 2859 3137 2934 ἠξιωμένους,
3200 2857 3305 2912 ἀπὸ
3376 2861 3480 2911 τῶν
3531 2851 3653 2933 παρ’
3705 2855 3842 2928 ἡμῖν

2203 2948 2574 3026 πρωτοτόκων,
2643 2951 2698 3005 οἳ
2755 2948 2814 3004 ἐκ
2868 2949 2973 3006 τῶν
3073 2945 3441 3025 πρωτοτοκίων
3513 2942 3715 3026 ἔχουσίΔ
3752 2965 3840 2998 τι-

2204 3059 2265 3093 να
2310 3035 2589 3115 πρεσϐεῖα.
2655 3055 2684 3096 (
2757 3038 2853 3095 Καὶ
2919 3043 3074 3116 κριτῇ
3147 3038 3262 3109 Θεῷ
3335 3034 3568 3091 πάντων.
3613 3055 3636 3089 ι
3701 3021 3844 3086 Ὠσεὶ

481 3117 784 3198 Tanquam
815 3119 1071 3182 diceret:
1101 3121 1189 3183 llli
1215 3138 1288 3182 ne
1317 3119 1496 3181 verbo
1537 3119 1776 3199 quidem
1827 3123 1953 3179 ausi
1984 3130 2121 3183 sunt

2205 3126 2357 3182 εἶπεν
2383 3143 2396 3157 ⁸
2474 3125 2728 3202 Ἐκεῖνοι,
2803 3128 2982 3206 φησὶν,
3059 3123 3174 3184 οῦδὲ
3233 3123 3484 3202 ῥημάτων
3541 3120 3844 3196 ἐτόλμησαν

481 3207 732 3284 audire;
763 3227 864 3270 vos
893 3217 1089 3272 autem
1120 3210 1193 3271 ad
1223 3210 1417 3290 ipsum
1467 3209 1733 3289 judicem
1760 3208 2114 3284 accessistis,

2205 3214 2667 3293 ’axouaat,.bpe‘tq,~
2697 3213 2750 3270 δὲ
2807 3217 2948 3289 αύτῷ
3016 3216 3092 3290 τῷ
3159 3219 3312 3293 κριτῇ
3395 3208 3840 3288 προσεληλύθατε,

482 3297 595 3358 hoc
619 3305 732 3372 est,
781 3298 854 3359 ad
915 3297 1236 3361 Christum.
1275 3323 1301 3354 α
1330 3302 1480 3362 Nam
1527 3298 1719 3379 Pater,
1753 3293 1964 3377 inqui,
1999 3308 2116 3360 non

2205 3303 2456 3383 τουτέστι,
2527 3311 2604 3378 τῷ
2657 3310 2891 3382 Χριστῷ.
2932 3324 2954 3356 ιι
3021 3294 3077 3360 Ὀ
3133 3303 3231 3380 γὰρ
3277 3299 3480 3378 Πατὴρ,
3530 3300 3683 3379 φησὶ,
3738 3300 3847 3376 κρί-

475 3385 705 3468 judicat
733 3387 1227 3468 quemquam,sed
1252 3387 1545 3467 judicium
1569 3389 1733 3451 dedit
1762 3389 2118 3454 b15086.»—

2205 3413 2277 3447 νει
2321 3389 2522 3472 οὐδένα,
2567 3393 2664 3459 τὴν
2708 3390 2764 3448 δὲ
2793 3393 2958 3470 κρίσιν
3017 3388 3176 3446 ’έδωκε
3230 3395 3305 3463 τῷ
3350 3391 3475 3462 Υἱῷ,
3512 3411 3540 3444 ι
3582 3422 3650 3432 -
3689 3408 3717 3440 α
3747 3394 3846 3448 Καὶ

490 3499 516 3531 α
538 3474 606 3536 Et
634 3475 709 3537 ad
729 3475 1307 3557 spiritusjustorum.
1333 3501 1355 3532 ιν
1385 3477 1530 3540 Cum
1562 3478 1705 3558 ipsis
1736 3486 1895 3544 enim
1942 3481 2120 3543 futuri

2206 3481 2466 3556 πνεύμασι
2495 3480 2730 3543 δικαίων.
2770 3503 2794 3538 ι
2833 3479 2955 3536 Μετ’
3019 3482 3185 3536 αὐτῶν
3243 3479 3342 3556 γὰρ
3413 3477 3554 3533 εἶναι
3599 3473 3841 3552 μέλλετε,

486 3563 650 3640 estis,
672 3564 772 3645 qui
793 3564 867 3627 ad
885 3584 1096 3627 novum
1127 3573 1542 3629 testamentum
1567 3570 1926 3634 accessistis.
1941 3569 2121 3632 Vocat

2209 3571 2387 3650 φησὶν,
2452 3572 2498 3625 οἱ
2550 3576 2618 3644 τῇ
2689 3569 2795 3642 Νέᾳ
2849 3567 3247 3648 προσελθόντες.
3313 3563 3763 3640 Τετελειωμένους
3794 3560 3849 3617 δὲ

485 3661 682 3716 autem
705 3654 886 3733 ipsos,
933 3663 995 3716 ut
1023 3655 1122 3735 qui
1152 3673 1318 3717 suam
1355 3663 1495 3718 tunc
1547 3659 1972 3738 perfectionem
2006 3659 2121 3722 sint

2207 3659 2390 3722 αὖτοὺς
2436 3657 2618 3738 καλεῖ,
2668 3659 2740 3722 ὡς
2799 3657 3103 3734 μελλόντων
3132 3656 3302 3712 αὐτῶν
3360 3654 3477 3710 τότε
3521 3655 3582 3708 τὸ
3647 3651 3848 3708 τέλειον

485 3741 766 3818 habituri,
816 3742 1317 3822 quemadmodum
1369 3735 1563 3807 etiam-
1595 3747 1868 3828 superius
1897 3749 2012 3809 ait:
2043 3747 2121 3809 Ne

2209 3747 2360 3821 ἕξειν,
2409 3748 2580 3811 καθὼς
2638 3749 2724 3803 καὶ
2753 3746 2862 3803 ἅνω
2930 3747 3110 3826 φησὶν,
3161 3735 3284 3802 ιἸνα
3333 3743 3409 3818 μὴ
3467 3743 3634 3822 χωρὶς
3695 3743 3849 3815 ἡμῶν

486 3831 617 3893 sine
644 3829 817 3892 nobis
847 3842 1424 3896 consummarentur.
1477 3860 1502 3890 «
1550 3835 1620 3896 Et
1672 3827 1744 3897 ad
1778 3837 1909 3898 novi
1946 3844 2121 3899 testa-

2211 3837 2577 3899 τελειωθῶσιν,
2615 3859 2635 3890 ι
2702 3838 2799 3894 Καὶ
2841 3835 3101 3904 διαθήκης
3173 3832 3293 3894 νέας
3349 3834 3563 3907 μεσίτῃ.
3604 3853 3626 3886 υ
3709 3827 3854 3885 Ἀντὶ

489 3920 674 3981 menti
705 3918 1170 3982 conciliatorem.
1211 3947 1229 3977 ι
1267 3925 1381 3984 Pro
1405 3927 1567 3985 Mose
1591 3925 1689 3986 hic
1714 3934 1803 3986 est
1835 3925 2121 3988 Christus.

2215 3926 2482 4004 Matiaém;,
2543 3927 2570 3980 ὁ
2643 3926 2858 4004 Χριστὸς
2915 3923 3149 3982 ἐνταῦθα.
3240 3921 3391 3996 Αἷμα
3445 3918 3499 3975 δὲ
3542 3919 3849 3996 ῥαντισμοῦ,

489 4005 850 4086 Sanguinem
867 4025 1004 4069 vero
1027 4010 1385 4090 aspersionis
1406 4010 1550 4072 dicit
1574 4013 1894 4090 pretiosum
1917 4013 2121 4076 Christi

2213 4015 2474 4093 τουτέστι,
2545 4017 2888 4092 καθαρισμοῦ,
2960 4015 3019 4068 τὸ
3075 4013 3248 4087 τίμιον
3347 4013 3487 4084 αἷμα
3538 4008 3682 4086 λέγει
3763 4014 3856 4093 τοῦ

491 4084 867 4176 sanguinem.
923 4120 949 4151 α
1011 4084 1217 4159 Melius
1267 4084 1611 4179 loquentem
1665 4120 1838 4181 quam
1895 4102 2121 4180 sanguis

2216 4084 2472 4182 Χριστοῦί
2510 4124 2532 4159 (ι
2572 4084 2822 4181 Κρείίττον
2875 4084 3138 4158 ’λαλουντιν
3179 4100 3321 4178 παρὰ
3376 4101 3437 4155 τὸ
3497 4084 3678 4158 Ἅϐελ.
3717 4119 3740 4151 υ
3778 4084 3860 4153 Tt"

491 4183 666 4246 Abel.
696 4210 723 4242 ι
749 4184 902 4257 Quid
932 4186 1092 4246 enim
1117 4187 1356 4264 sanguis
1388 4186 1582 4250 Abel?
1607 4208 1683 4250 an
1727 4190 1965 4254 locutus
2001 4193 2121 4252 esti

2213 4181 2312 4270 γὰρ
2351 4193 2411 4248 τὸ
2448 4199 2539 4248 τοῦ
2573 4181 2746 4246 ’Ἅϐελ
2776 4207 2792 4265 ;
2827 4189 3088 4270 ἐλάλησε,
3122 4189 3243 4251 Ναί,
3296 4187 3376 4245 Δι’
3412 4187 3566 4244 αὒτου
3596 4184 3719 4265 γὰρ,
3751 4207 3854 4264 φη-

491 4273 728 4354 Utique.
781 4276 924 4334 Nam
981 4291 1086 4354 per
1137 4275 1354 4354 ipsum,
1401 4279 1610 4358 inquit,
1648 4289 1915 4341 mortuus
1942 4280 2121 4339 adhuc

2215 4281 2317 4352 σὶν,
2344 4280 2616 4336 ἀποθανὼν
2661 4279 2736 4334 ἔτι
2766 4278 2942 4352 λαλεῖ,
2979 4285 3046 4356 τῇ
3085 4277 3228 4356 δόξῃ,
3279 4284 3348 4355 τῇ
3377 4279 3535 4357 φήμη
3579 4273 3848 4342 δηλονοτι.

495 4362 770 4442 loquitur,
806 4360 867 4423 in
904 4361 1092 4441 gloria
1118 4363 1394 4426 videlicet
1443 4374 1500 4426 et
1556 4366 1729 4428 fama.
1780 4367 1865 4428 De
1921 4366 2121 4429 Christi

2219 4370 2288 4426 Τὸ
2317 4366 2371 4422 δὲ
2414 4378 2506 4427 τοῦ
2535 4377 2757 4448 Χριστοῦ
2795 4372 2932 4443 αἷμα
2989 4365 3203 4434 εὔδηλον
3254 4366 3333 4423 ὅτι
3514 4362 3636 4439 δόξῃ
3691 4361 3854 4418 πλέον

491 4468 632 4513 vero
664 4451 955 4528 sanguine
985 4452 1366 4532 perspicuum
1396 4463 1483 4516 est
1504 4455 1661 4535 quod
1685 4456 1870 4534 magis
1897 4473 2000 4535 per
2015 4455 2137 4534 glo-

495 4539 646 4602 riam
671 4540 969 4621 loquatur,
997 4559 1130 4602 cum
1162 4540 1445 4603 idoneum
1476 4543 1551 4604 sit
1578 4545 1651 4605 ad
1703 4544 2135 4624 puriﬁcandum

497 4629 840 4692 universum
868 4628 1322 4692 mundum.Sem
1334 4650 1440 4711 per
1464 4640 1659 4694 autem
1682 4651 1716 4694 a
1739 4632 2000 4694 minimis
2023 4641 2140 4693 tra-

495 4718 584 4780 hit
615 4717 1142 4798 comparationem,
1166 4729 1408 4800 propter
1435 4721 1751 4782 ruditatem
1775 4721 2134 4784 auditorum.

497 4843 567 4852 —
603 4804 912 4887 Siquidem
947 4808 1185 4886 sanguis
1213 4807 1360 4869 Abel
1409 4809 2004 4872 clamabatadversus
2029 4811 2138 4871 ho-

499 4894 799 4970 micidam,
838 4895 1056 4957 Christi
1094 4915 1231 4958 vero
1275 4897 1512 4977 sanguis
1545 4918 1648 4978 pro
1682 4899 1853 4960 nobis
1885 4899 2143 4980 loquitur

497 4983 571 5047 ad
604 4987 874 5047 Patrem:
910 4992 1229 5065 propterea
1276 4985 1460 5068 dicit;
1502 5012 1522 5042 «
1562 4987 1770 5050 Melius
1801 4988 2138 5069 loquentem

499 5091 673 5156 quam
707 5072 946 5152 sanguis
975 5073 1151 5138 Abel.
1176 5099 1202 5130 ι)

577 5159 916 5233 ΧΙΙ,25-26.
943 5161 1140 5224 Videte
1152 5180 1228 5226 ne
1240 5167 1659 5245 aspernemini
1669 5183 1805 5228 eum
1826 5171 1931 5245 qui
1953 5165 2143 5243 loqui-

503 5252 788 5316 tur.Nam
809 5252 864 5313 si
883 5249 983 5312 illi
1002 5268 1122 5313 non
1147 5252 1519 5334 effugerunt,
1554 5256 1864 5336 aspernati
1885 5272 2018 5317 eum
2040 5255 2144 5332 qui

499 5357 686 5420 supra
717 5345 944 5402 terram
956 5341 1070 5417 jus
1104 5339 1557 5414 dicebat,multo
1588 5347 1776 5423 magis
1805 5362 1916 5406 nos
1930 5345 1984 5406 si
2004 5362 2142 5408 eum

506 5432 614 5510 qui
627 5428 701 5491 de
721 5428 854 5490 ca’s
873 5435 959 5490 est
978 5445 1330 5491 aversemur
1350 5447 1368 5491 :
1393 5433 1565 5509 cuius
1580 5451 1696 5496 vox
1713 5440 1838 5497 tum
1853 5436 2144 5497 concussit

587 5606 652 5659 95
679 5604 821 5670 Luc.
851 5619 909 5683 x,
939 5603 1038 5668 20.
1121 5604 1186 5656 96
1214 5609 1380 5672 Joan.
1412 5625 1472 5687 v,
1507 5607 1604 5672 22.

2219 4455 2398 4532 λαλεῖ,
2431 4460 2491 4512 τὸ
2533 4447 2726 4522 παντὸς
2787 4467 2877 4516 τοῦ
2947 4457 3146 4531 κόσμου
3203 4452 3591 4529 καθαριστικόν.
3665 4447 3773 4507 Ἀεὶ
3802 4449 3858 4506 δὲ

2220 4545 2414 4601 ἐκτῶν
2484 4545 2912 4626 ἐλαχιστοτάτων
2963 4546 3058 4608 τὰς
3105 4545 3399 4622 συγκρίσεις
3456 4553 3716 4618 ποιεῖται,
3776 4537 3860 4593 διὰ

2221 4635 2280 4690 τὸ
2338 4634 2599 4700 νηπιῶδες
2657 4640 2760 4690 τῶν
2818 4633 3136 4692 ἀκουόντων,
3196 4664 3274 4675 -
3335 4627 3610 4707 [ΚΥΡΙΑ]
3661 4628 3730 4684 Τὸ
3763 4627 3862 4702 μὲν

2221 4723 2320 4802 γὰρ
2350 4713 2527 4779 ’Ἄϐελ
2579 4727 2716 4799 αἷμα
2773 4722 3144 4799 κατεκεκράγει
3189 4729 3281 4778 τοῦ
3337 4724 3607 4799 φονευτοῦ.
3665 4717 3736 4773 Τὸ
3805 4713 3862 4770 δὲ

2223 4818 2466 4890 Χριστοῦ,
2525 4811 2653 4889 ὑπὲρ
2693 4812 2845 4886 ἡμῶν
2915 4807 3070 4864 λαλεῖ
3139 4810 3269 4888 πρὸς
3328 4809 3418 4862 τὸν
3474 4803 3698 4890 ῌΔατέρα.
3765 4804 3863 4865 Δια

2222 4883 2374 4958 τόῦτό
2404 4883 2556 4980 φησι,
2595 4883 2636 4954 α’
2672 4883 2921 4978 Κρεῖττον
2947 4883 3191 4954 λαλοῦντι
3222 4898 3363 4974 παρὰ
3392 4897 3453 4951 τὸ
3484 4883 3682 4952 ’Ἅϐελ
3724 4915 3746 4949 ι

2309 5190 2336 5222 α
2392 5165 2618 5224 Βλεπετε
2703 5167 2779 5242 μὴ
2839 5167 3234 5245 παραιτήσησθε
3306 5165 3396 5220 τὸν
3470 5159 3750 5221 λαλοῦντα,
3810 5160 3867 5214 lii.

2223 5257 2321 5336 γὰρ
2377 5257 2570 5314 ἐκεῖνοι
2641 5257 2734 5313 οῦκ
2791 5255 3001 5337 ἔφυγον,
3055 5256 3146 5312 τὸν
3204 5253 3288 5310 ἐπὶ
3357 5258 3457 5330 γῆς
3527 5248 3860 5329 ποραιτησὲ-

2225 5367 2371 5422 μενοι
2431 5345 2848 5425 χρηματίζοντα,
2917 5342 3100 5418 πολλῷ
3197 5341 3401 5418 μᾶλλον
3455 5343 3615 5416 ἡμεῖς
3671 5341 3719 5395 οἱ
3775 5339 3866 5392 τὸν

2225 5433 2318 5490 ἀπ’
2389 5437 2618 5512 οὒρανῶν
2685 5433 3157 5511 ἀποστρεφόμενοι,
3260 5433 3318 5486 οὗ
3413 5432 3448 5499 ἡ
3532 5427 3681 5509 φωνὴ
3766 5429 3867 5492 τήν
