4180 6212
433 259 554 329 439
1562 255 1912 323 (ECUMEN
1918 256 1975 319 II
2019 258 2079 320 Τ]

2164 257 2313 321 DCJE
2353 257 2687 323 EPISCOPI
3679 259 3797 324 440

432 394 815 460 sonoritatem
847 394 1309 478 praedicationis,
1344 411 1449 475 per
1504 410 1681 473 quam
1711 390 1992 454 commoti
2023 398 2079 452 et

2164 389 2520 472 γενησομένη,
2552 390 2676 449 ὅταν
2707 400 2971 471 μεταποιῇ
3013 393 3101 451 καὶ
3168 393 3464 471 ὲναλλάσση
3531 395 3631 461 τὴν
3682 392 3792 449 κτί-

434 484 707 548 translati
761 494 921 563 sunt,
956 497 1095 566 puta
1141 504 1176 547 a
1202 483 1388 545 veteri
1445 489 1595 543 statu
1628 480 1730 561 qui
1761 480 1823 541 in
1872 497 2075 542 errore

2164 502 2261 543 σιν.
2309 481 2437 539 Τότε
2466 484 2564 560 γὰρ
2614 482 2844 559 μάλιστα
2887 486 3217 555 σεισθήσεται
3272 488 3306 553 ἡ
3352 486 3543 559 κτίσις,
3615 484 3652 553 ἢ
3708 483 3794 538 τὸν

435 573 834 654 agebaturJta
855 574 1221 637 babetdivus
1243 571 1534 652 Cyrillus:
1562 568 1726 642 Quod
1746 570 1846 647 ait,
1868 568 2076 631 Adhuc

2164 568 2321 633 ὄντως
2353 573 2567 646 σεισμὸν
2610 573 2697 629 καὶ
2745 573 2980 652 πάταγον
3011 574 3047 642 ἢ
3090 574 3188 642 τὴν
3232 574 3507 650 μετάθεσιν
3561 574 3661 641 τὴν
3679 570 3790 627 ἀπὸ

432 662 792 737 semel,dicit
819 662 881 723 in
930 661 1193 725 secundo
1239 679 1345 723 suo
1397 659 1650 721 adventu
1682 657 1784 736 qui
1811 658 1906 719 ﬁet
1940 676 2075 719 cum

2164 659 2247 716 r05
2276 667 2439 716 κακοῦ
2491 661 2562 723 εἰς
2600 663 2662 719 τὸ
2715 662 2933 743 ἀγαθὸν,
2994 670 3101 719 τῶν
3129 663 3250 719 τότε
3305 660 3640 743 φθανομὲνων
3690 658 3790 715 ἇν-

432 751 887 833 gloria,quando
918 749 1332 813 transmutabit
1361 757 1420 810 et
1445 747 1700 810 variabit
1720 755 2073 809 creaturam:

2164 748 2402 826 θρώπων.
2464 748 2703 829 Πρόσχες
2760 751 2848 806 καὶ
2903 756 2970 827 τῇ
3011 756 3330 832 παραγραφῇ
3368 759 3460 809 τοῦ
3542 746 3791 825 μαιαρίου

431 848 572 903 tunc
603 840 761 903 enim
802 839 1058 901 maxime
1117 836 1591 901 commovebitur
1621 846 1894 898 creatura
1928 853 1940 897 :
1981 843 2079 896 aut

2164 834 2409 909 Κυρίλλου
2440 838 2511 901 εἰς
2542 839 2634 895 τὸν
2665 837 2921 917 Ἀγγαϊον
2959 858 2973 873 ·
3041 863 3070 895 α
3116 841 3229 898 Τῶν
3288 836 3643 912 σαλευομενυν
3686 836 3786 903 τὴν

431 947 638 991 verum
670 937 844 990 terrae
874 935 1100 990 motum
1149 935 1208 990 et
1236 926 1690 988 concussionem
1718 933 1852 986 :aut
1883 933 2078 986 trans-

2164 926 2458 1000 μετάθεσιν,
2495 949 2520 981 ι)
2582 926 2842 1002 τουτέστι,
2902 933 3000 996 τῆς
3059 932 3183 1007 γῆς,
3246 934 3338 984 τοῦ
3408 923 3635 1005 οὐρανῶ,
3681 931 3790 981 τῶν

433 1017 822 1080 mutationem
880 1035 916 1078 a
964 1016 1121 1080 malo
1149 1016 1223 1078 ad
1254 1014 1475 1077 bonum
1509 1015 1837 1089 hominum,
1874 1013 1975 1093 qui
2005 1013 2078 1073 ad

2164 1015 2278 1069 τότε
2311 1012 2610 1089 μελλόντων
2655 1014 2959 1073 σαλεύεσθαι
3011 1016 3071 1073 ἐκ
3123 1023 3220 1085 τῆς
3281 1023 3365 1074 νῦν
3423 1012 3784 1076 καταστάσεως

431 1112 667 1186 tempus
683 1104 827 1167 illud
846 1103 1624 1185 pertingent.Animadverte
1647 1121 1879 1183 quoque
1901 1101 2079 1163 adno-

2164 1101 2213 1158 ἐν
2243 1108 2310 1178 τῇ
2339 1101 2545 1181 ἀλλαγῇ
2573 1106 2661 1160 καὶ
2702 1108 3079 1181 μεταποιήσει,
3139 1129 3162 1161 α
3200 1097 3292 1169 Ὦς
3334 1101 3718 1176 πεποιηκένων,
3755 1121 3783 1160 ι

433 1194 719 1257 tationem
753 1194 908 1256 beati
927 1194 1125 1275 Cyrilli
1147 1194 1210 1254 in
1232 1194 1506 1272 Aggaaum
1530 1193 1594 1243 90
1621 1211 1635 1251 :
1676 1191 1926 1252 «Eorum
1952 1209 2079 1272 qua)

2164 1192 2417 1264 τουτέστι,
2447 1192 2508 1247 τὰ
2564 1194 2699 1249 κατὰ
2741 1194 2888 1274 φύσιν
2951 1194 3298 1275 πασχόντων.
3361 1191 3567 1257 Ἐπειδὴ
3603 1191 3701 1268 γὰρ
3728 1191 3791 1246 τὸ

434 1284 858 1346 concutiuntur
915 1282 1409 1345 translationem:
1448 1301 1477 1343 ι
1544 1298 1760 1360 nempe
1828 1280 1964 1341 coeli
2023 1289 2079 1342 et

2164 1278 2445 1357 ἀρξάμενον
2487 1282 2571 1337 καὶ
2624 1282 2785 1361 πέρας
2842 1280 3124 1362 λαμϐάνει,
3177 1284 3361 1364 φησὶν.
3417 1276 3509 1348 Ὠς
3553 1299 3790 1345 πεποιη-

432 1380 772 1452 terraa,quaa
820 1378 959 1432 tunc
993 1370 1408 1432 concutientur
1429 1388 1497 1430 ex
1531 1368 1806 1450 praesenti
1836 1376 1990 1429 statu
2016 1367 2078 1428 in

2164 1368 2331 1443 μένων
2429 1367 2646 1437 Ἐπειδὴ
2716 1372 2813 1451 γὰρ
2870 1372 3178 1448 πεποίηται,
3237 1372 3326 1428 καὶ
3368 1370 3473 1427 ἀπὸ
3536 1368 3790 1437 κινήσεως

433 1479 549 1542 quo
579 1461 734 1523 facta
785 1466 948 1534 sunt,
1002 1477 1107 1540 per
1160 1459 1544 1520 variationem
1576 1465 1633 1518 et
1662 1457 2076 1519 commutatio-

2164 1455 2371 1537 ἤρξατο,
2415 1464 2514 1526 τῆς
2544 1457 2603 1515 ἐκ
2630 1470 2720 1519 τοῦ
2763 1460 2839 1536 μὴ
2883 1460 3032 1525 ὄντος
3093 1462 3165 1526 εἷς
3221 1462 3284 1518 τὸ
3354 1459 3520 1533 εἶναι,
3577 1457 3789 1519 εἰκότως

432 1568 597 1614 nem.
635 1574 663 1606 α
695 1547 909 1629 Utpote
957 1566 1086 1628 quae
1114 1548 1266 1612 facta
1318 1556 1475 1608 sunt.
1509 1567 1536 1607 δ
1573 1545 1876 1626 Tanquam
1909 1545 2078 1607 dice-

2164 1545 2314 1603 πάλιν
2371 1546 2748 1617 σαλευθήσεται
2805 1551 2892 1605 καὶ
2948 1550 3421 1625 μετακινηθήσεται
3492 1548 3552 1604 ἐν
3581 1549 3648 1621 τῇ
3684 1543 3788 1601 ἆλ-

430 1646 560 1701 ret:
587 1637 753 1711 Quod
778 1628 1048 1698 naturale
1070 1646 1159 1700 est
1183 1633 2076 1713 sustinebunt.Quandoquidem

2164 1640 2319 1715 λαγῇ.
2357 1662 2383 1693 α
2420 1628 2545 1696 Ἵνα
2574 1641 2726 1718 μείνῃ
2797 1642 2863 1699 τὰ
2892 1643 2969 1717 μὴ
3024 1639 3372 1717 σαλευόμενα.
3410 1662 3434 1698 ι
3500 1635 3703 1695 Σαλεύει
3735 1634 3790 1693 δὲ

434 1726 595 1789 enim
625 1726 686 1787 id
718 1724 875 1807 quod
908 1724 1144 1788 initium
1187 1723 1605 1798 habuit,etiam
1628 1722 1945 1784 terminum
1976 1742 2077 1784 ac—

2164 1736 2262 1803 t'fv
2316 1728 2483 1784 κτίσιν
2550 1729 2668 1785 τότε
2726 1731 2812 1786 καὶ
2855 1729 3187 1801 ἐναλλάσσει,
3250 1729 3338 1785 ἵνα
3396 1729 3538 1804 μείιη
3593 1726 3659 1781 τὰ
3713 1725 3792 1800 μὴ

432 1814 632 1896 cipiet,
668 1815 783 1876 ait:
816 1813 1027 1894 Utpote
1057 1833 1186 1895 quae
1224 1814 1375 1876 facta
1399 1822 1554 1874 sunt.
1586 1812 1730 1873 Nam
1763 1811 1902 1892 quia
1933 1812 2079 1873 facta

2164 1814 2509 1896 σαλευόμενα,
2581 1817 2842 1898 τουτέστι,
2888 1820 2954 1875 τὰ
3016 1817 3209 1892 μηκέτι
3273 1815 3525 1892 μέλλοντι
3592 1812 3791 1870 σαλεύ-

432 1911 590 1978 sunt,
617 1910 994 1983 etcmperunt
1024 1921 1093 1964 ex
1137 1902 1461 1963 mutatione
1481 1921 1515 1963 a
1545 1920 1663 1962 non
1688 1919 1819 1961 esse
1845 1903 1918 1963 ad
1949 1919 2079 1962 esse

2164 1907 2305 1959 εσθαι
2333 1907 2421 1960 καὶ
2447 1903 2747 1979 ἀμείϐεσθαι
2777 1926 2790 1940 ·
2838 1908 2911 1969 ὡς
2954 1907 2997 1962 εἰ
3027 1905 3177 1985 ἔλεγε
3217 1924 3232 1940 ·
3297 1906 3395 1964 Διὰ
3449 1909 3594 1962 ’τοῦτο
3664 1903 3791 1959 σείει

432 1992 522 2075 (ιιι
550 1992 630 2054 ita
654 1991 817 2073 loqui
850 1992 1295 2071 liceat),merito
1325 2008 1566 2052 rursum
1594 1989 2004 2051 concutientur
2025 1999 2079 2051 et

2164 1993 2247 2047 καὶ
2290 1992 2595 2052 ἐναλλάσσει
2622 1997 2721 2062 τὴν
2789 1995 2978 2075 κτίσιν,
3052 1994 3144 2050 ’ίνα
3214 1992 3400 2051 λοιπὸν
3457 1991 3601 2068 μείνῃ
3656 1992 3793 2046 κατὰ

431 2079 963 2143 commovebuntur
989 2098 1093 2160 per
1118 2079 1527 2141 mutationem.
1569 2099 1591 2135 (ι
1614 2077 1689 2141 Ut
1714 2088 1986 2140 maneant
2012 2097 2079 2140 ea

2164 2082 2344 2160 χώραν
2375 2084 2564 2158 μηκέτι
2610 2083 2871 2160 μέλλοντα
2918 2082 3223 2141 σαλεύεσθαι
3271 2083 3307 2151 ἢ
3366 2079 3788 2140 ἒναλὶάσσεσθαι.

430 2187 565 2248 quae
593 2188 711 2231 non
742 2168 1225 2230 concutiuntur.»
1262 2167 1430 2229 Tunc
1460 2176 1656 2229 autem
1688 2166 1987 2228 concutiet
2018 2176 2075 2228 et

2164 2171 2248 2239 Μὴ
2309 2170 2732 2253 ἐναλλασσόμενα
2787 2171 2863 2253 δὲ,
2911 2172 3129 2235 εἰκότως
3185 2171 3278 2228 οὐκ
3332 2170 3406 2227 ἔνι
3455 2167 3640 2243 μέλλει
3696 2190 3794 2224 σα-

430 2256 766 2320 immutabit
820 2266 1174 2335 creaturam,
1235 2265 1299 2319 ut
1346 2264 1626 2318 maneant
1669 2274 1738 2317 ea
1795 2274 1925 2335 quae
1953 2274 2070 2316 non

2164 2258 2413 2321 λεύεσθαι.
2479 2251 2661 2327 υΛπαξ
2703 2262 2803 2343 γὰρ
2850 2251 2957 2329 τὴν
3024 2261 3240 2339 πρώτην
3282 2258 3572 2337 ἐναλλαγὴν
3629 2254 3787 2323 δεξά-

435 2346 877 2419 concutiuntur,
902 2347 1015 2408 hoc
1046 2355 1159 2427 est,
1191 2365 1323 2427 quae
1344 2348 1468 2427 jam
1499 2363 1616 2405 non
1647 2343 1900 2424 amplius
1929 2363 2075 2405 con-

2164 2368 2291 2422 μενα
2322 2345 2555 2429 ἄφθαρτα
2586 2351 2752 2414 ἔσται.

435 2439 715 2501 eutienda
742 2447 879 2500 sunt
908 2448 1008 2501 aut
1027 2439 1417 2502 immutanda.
1442 2438 1745 2519 Tanquam
1774 2438 1997 2500 diceret
2024 2459 2037 2498 :
2061 2441 2380 2519 Propterea
2408 2443 2745 2504 concutitet
2770 2442 3042 2504 immutat
3058 2444 3488 2521 creaturam,ut
3508 2436 3792 2519 deinceps

432 2545 541 2589 suo
560 2527 877 2609 persistant
898 2528 1027 2590 loco
1052 2547 1183 2609 quae
1204 2547 1323 2590 non
1343 2528 1596 2609 amplius
1618 2527 2011 2588 concutienda
2028 2534 2129 2589 aut
2145 2527 2515 2593 immutanda
2534 2540 2693 2595 sunt.
2709 2530 2850 2604 Qum
2863 2548 3002 2593 vero
3022 2548 3139 2592 non
3159 2528 3556 2604 immutantur,
3579 2532 3791 2589 merito

431 2633 550 2676 non
580 2614 834 2695 amplius
865 2624 1000 2677 sunt
1028 2617 1303 2696 agitanda
1335 2637 1349 2677 ε
1392 2635 1526 2677 nam
1552 2614 1653 2677 ubi
1681 2615 1865 2677 semel
1895 2614 2142 2694 primam
2173 2614 2640 2683 immutationem
2671 2617 3067 2700 susceperint,
3092 2619 3153 2680 in
3175 2615 3566 2701 compatibilia
3589 2625 3788 2680 erunt.

508 2701 633 2778 XII,
652 2704 1244 2785 28-29.0uapropter
1261 2722 1515 2785 regnum
1538 2703 2084 2783 assumentesguod

430 2792 672 2855 concuti
686 2810 811 2854 non
821 2796 1125 2874 potest,ha
1134 2794 1377 2856 beamus
1397 2795 1662 2873 gratiam
1675 2809 1980 2873 perquam
1998 2792 2082 2854 ita

429 2880 551 2943 Deo
572 2883 871 2943 servimus
891 2888 960 2944 ut
982 2881 1079 2943 illi
1098 2882 1452 2963 placeamus
1473 2898 1608 2943 cum
1625 2881 1864 2962 pudore
1908 2888 1964 2942 et
1982 2899 2082 2943 re-

2251 2729 2279 2760 a
2372 2711 2464 2765 Διὸ
2539 2708 2807 2787 βασιλείαν
2903 2706 3191 2765 ἀσάλευτον
3270 2704 3786 2789 παραλαμϐάνοντες,

2166 2792 2378 2873 ἔχωμεν
2421 2799 2601 2881 χάριν,
2645 2797 2711 2855 δι’
2752 2802 2818 2868 ἧς
2874 2797 3194 2877 λατρεύομεν
3249 2799 3531 2876 εὐαρεστως
3572 2802 3648 2870 τῷ
3677 2801 3792 2869 Θεῷ

2167 2884 2299 2956 μετὰ
2327 2883 2512 2952 αἴδοῦς
2555 2889 2641 2946 καὶ
2683 2884 2949 2950 εὐλαϐείας
2996 2904 3013 2921 ·
3086 2886 3172 2942 καὶ
3200 2887 3304 2965 γὰρ
3364 2888 3392 2942 6
3453 2884 3580 2948 Θεὸς
3634 2884 3788 2958 ἡμῶν

428 2970 721 3067 verentia.
755 2970 1001 3067 Etenim
1024 2970 1182 3033 Deus
1198 2977 1403 3034 noster
1425 2974 1585 3051 ignis
1602 2987 1954 3032 consumens
1972 2977 2079 3033 est.

2166 2972 2267 3050 πῦρ
2296 2975 2701 3052 καταναλίσκον.

518 3057 582 3120 Si
613 3064 882 3120 creatura
921 3058 1279 3122 inconcussa
1333 3059 1617 3134 manebit,
1675 3058 1858 3119 multo
1902 3059 2084 3137 magis

432 3162 680 3225 regnum
705 3146 987 3209 caelorum
1012 3150 1168 3229 quod
1192 3147 1489 3230 recepturi
1514 3147 1658 3209 estis
1681 3146 1739 3207 in
1776 3147 2080 3226 praemium

437 3233 823 3296 afﬂictionum
864 3254 1010 3316 quas
1040 3237 1137 3299 hic
1170 3257 1275 3319 pro
1333 3237 1567 3301 Christo
1604 3235 1887 3297 toleratis.
1921 3234 2082 3309 Quo-

433 3322 596 3385 niam
627 3322 804 3403 igitur
832 3324 1183 3388 afﬂictiones
1212 3345 1459 3406 regnum
1484 3323 2079 3403 conciliant,gratiam

433 3410 760 3474 habeamus
812 3432 921 3491 pro
971 3413 1088 3475 illis
1141 3417 1291 3480 Deo.
1351 3435 1379 3475 ι
1433 3414 1546 3476 Per
1576 3431 1752 3494 quem
1795 3411 2083 3472 servimus

431 3499 581 3563 Deo.
624 3524 647 3558 ο
687 3502 824 3563 429
853 3503 1000 3566 Nam
1027 3521 1131 3584 per
1162 3506 1278 3567 hoc
1307 3503 1463 3585 quod
1496 3521 1602 3584 pro
1632 3498 2084 3563 adversitatibus

437 3595 497 3650 et
524 3588 943 3654 afﬂictionibus
970 3591 1091 3655 Deo
1122 3592 1327 3671 gratia;
1352 3600 1627 3673 aguntur,
1664 3589 1948 3667 contingit
1971 3588 2082 3668 ipsi

431 3676 658 3741 servire
684 3679 765 3740 ita
794 3689 858 3741 ut
885 3681 1017 3762 quis
1048 3681 1139 3743 illi
1170 3680 1550 3763 placeat.Nec
1579 3679 1719 3742 satis
1748 3677 2077 3758 est,inquit,

433 3764 625 3826 solum
660 3766 748 3828 illi
775 3769 993 3846 gratias
1023 3788 1224 3850 agere,
1246 3771 1361 3832 nisi
1378 3777 1437 3833 et
1466 3768 1656 3851 pudor
1685 3784 1822 3845 erga
1847 3784 2077 3839 omnes,

433 3861 494 3915 et
524 3856 866 3918 reverentia
918 3876 1057 3938 erga
1102 3859 1288 3921 Deum
1330 3859 1505 3920 simul
1533 3857 1749 3920 adsint.
1782 3880 1807 3911 «
1842 3856 2079 3918 Etenim

429 3939 591 4003 Deus
616 3950 818 4005 noster
844 3945 998 4024 ignis
1027 3965 1384 4009 consumens
1412 3954 1525 4008 est.
1565 3968 1586 3999 ιι
1623 3944 1739 4006 Aut
1766 3942 1926 4023 ipsos
1957 3951 2080 4004 ter-

427 4045 565 4091 rere
604 4030 754 4112 vult,
781 4049 858 4094 ne
887 4033 1099 4112 ingrati
1154 4036 1274 4096 sint
1299 4042 1397 4096 aut
1429 4034 1504 4095 ob
1535 4032 1884 4095 aﬂlictiones
1915 4049 2080 4091 mur-

428 4124 669 4179 murent
700 4140 713 4181 :
750 4138 826 4182 ne
859 4139 975 4201 quo
1011 4122 1430 4205 modo,inquit,
1465 4122 1653 4184 Deum
1683 4119 2082 4198 assequamini

425 4205 643 4267 iratum
663 4208 1074 4289 aut'supplicia
1090 4210 1592 4273 inferentem.Aut
1614 4208 1734 4269 vult
1764 4207 2077 4282 consolari,

2248 3064 2306 3118 Εἱ
2347 3066 2381 3131 ἡ
2415 3065 2580 3131 κτίσις
2635 3064 2942 3140 ἀσάλευτος,
3001 3062 3184 3139 πολλῷ
3243 3060 3437 3139 μᾶλλον
3479 3061 3515 3128 ἡ
3554 3058 3792 3137 βασιλεία

2166 3153 2269 3206 ’τῶν
2328 3155 2557 3230 οὐρανῶν
2608 3155 2673 3221 ἣν
2740 3151 3071 3234 παραλαϐεῖν
3129 3150 3350 3228 μάλλετε
3408 3147 3630 3206 ἔπαθλον
3685 3150 3791 3205 τῶν

2166 3237 2380 3298 ἐνταῦθα
2435 3242 2563 3322 ὑπὲρ
2618 3250 2841 3323 Χριστοῦ
2895 3241 3145 3317 θλίψεων.
3206 3239 3347 3296 Ἐπεὶ
3414 3237 3504 3294 οἶν
3558 3240 3609 3294 αἱ
3675 3236 3789 3294 θλί-

2169 3330 2285 3401 ψεις
2308 3328 2543 3409 πρόξενοι
2584 3332 2678 3399 τῆς
2751 3329 3043 3411 βασιλείας,
3088 3330 3245 3410 χάριν
3269 3325 3481 3406 ἔχωμεν
3536 3325 3662 3405 ὑπὲρ
3696 3328 3794 3382 αὑ-

2165 3416 2269 3473 τῶν
2298 3426 2374 3493 τῷ
2423 3427 2556 3496 Θεῷ.
2623 3444 2651 3477 α
2715 3420 2795 3477 Δι’
2859 3420 2923 3488 ἧς
2989 3418 3322 3499 λατρεύομεν.
3384 3415 3482 3472 Διὰ
3550 3417 3647 3494 γὰρ
3701 3425 3795 3474 τοῦ

2163 3505 2252 3560 καὶ
2301 3508 2428 3587 ὑπὲρ
2479 3516 2584 3566 τῶν
2638 3508 2863 3585 θλίψεων
2937 3510 3023 3564 καὶ
3119 3508 3417 3585 πειρασμῶν
3474 3506 3795 3585 εὐθαριστεῖν

2164 3594 2241 3666 τῷ
2298 3602 2432 3672 Θεῷ,
2490 3598 2629 3655 ἔστιν
2686 3603 2826 3672 αὐτῷ
2873 3597 3161 3675 εὐαρέστως
3216 3592 3500 3672 λατρεύειν,
3532 3591 3629 3652 Καὶ
3703 3595 3797 3650 οὐκ

2164 3680 2337 3764 ἀρκεῖ,
2383 3690 2533 3766 φησὶ,
2566 3688 2726 3763 μόνον
2791 3686 3130 3766 εὐχαρίστους
3175 3684 3333 3756 εἶναι,
3366 3683 3409 3738 εί
3439 3683 3516 3755 μὴ
3575 3684 3660 3738 καὶ
3713 3684 3798 3737 ai-

2162 3768 2264 3837 δὼς
2292 3775 2327 3842 ἡ
2371 3777 2502 3854 πρὸς
2544 3777 2768 3840 παίντας,
2822 3778 2909 3833 καὶ
2948 3777 2983 3844 ἡ
3028 3776 3157 3853 πρὸς
3217 3773 3338 3828 Θεὸν
3382 3768 3627 3826 εὐλάϐεια
3654 3793 3795 3846 συμ-

2162 3867 2327 3942 παρῇ.
2355 3882 2384 3923 (
2417 3868 2514 3931 Καὶ
2544 3868 2642 3946 γὰρ
2684 3869 2712 3923 6
2770 3867 2899 3930 Θεὸς
2951 3867 3104 3940 ἡμῶν
3161 3869 3262 3940 πῦρ
3326 3859 3726 3923 καταναλίσκον,
3766 3884 3791 3919 ι

2184 3958 2230 4007 Η
2262 3956 2446 4019 αὐτοὺς
2474 3957 2705 4022 moneat
2733 3954 2867 4012 θέλει
2924 3955 3002 4029 μὴ
3061 3949 3372 4032 ἀχαριστεῖν
3430 3946 3566 4024 μηδὲ
3604 3951 3795 4029 γογγύο

2164 4047 2269 4111 ζειν
2328 4043 2412 4101 ἐπὶ
2466 4046 2592 4108 ταῖς
2646 4036 2877 4120 θλίψεσι,
2939 4044 3154 4121 μήπως,
3226 4038 3405 4118 φησὶν,
3460 4038 3794 4115 ὀργιζομένου

2164 4132 2251 4186 καὶ
2279 4133 2672 4213 τιμωρουμένου
2728 4134 2928 4213 τύχητε
2984 4141 3076 4190 τοῦ
3145 4137 3273 4187 Θεοῦ
3305 4142 3319 4157 ⁶
3398 4125 3430 4193 ἢ
3488 4130 3793 4205 παραμυθή·
3882 4176 3888 4181 -

2164 4223 2376 4280 σασθαι.
2412 4224 2486 4285 ὡς
2510 4224 2551 4278 εἶ
2578 4221 2753 4301 ἔλεγεν
2802 4238 2815 4252 ⁸
2883 4212 3071 4296 Ἠμεϊς
3113 4220 3196 4277 ὶπὶ
3252 4228 3373 4280 ταῖς
3425 4213 3657 4291 θλίψεσιν
3714 4222 3797 4277 εὐ-

428 4300 710 4390 tanquam
742 4297 1020 4390 diceret_:
1054 4298 1174 4390 Nos
1192 4300 1254 4361 in
1285 4294 2077 4390 afﬂictionibusgratiasaga-

2165 4309 2568 4386 χαριστάσωμεν
2603 4332 2614 4344 ·
2650 4294 2847 4390 ἔχομεν
2869 4294 2967 4388 γὰρ
3032 4315 3303 4374 Δεσπότην
3333 4301 3652 4369 ἐξαναλῶσαι
3673 4309 3795 4367 τοὺς

431 4400 568 4446 ωιιε
601 4404 616 4444 :
649 4385 943 4465 siquidem
964 4386 1279 4450 Dominum
1304 4388 1588 4450 habemus
1614 4386 1715 4467 qui
1738 4383 1921 4465 possit
1940 4402 2078 4446 con-

422 4488 667 4536 sumere
688 4473 1083 4539 adversarios.

1058 4579 1300 4645 CAPUT
1335 4577 1460 4643 XX.

666 4680 754 4744 De
772 4681 1047 4759 fraterno
1074 4701 1279 4748 amore
1303 4702 1374 4747 ac
1405 4680 1836 4762 hospitalitate.

498 4777 653 4859 XIII,
682 4782 1124 4849 l-6.Fraterna
1136 4787 1403 4851 charitas
1423 4783 2083 4867 maneat:haspitalita-

424 4869 506 4932 iis
530 4887 608 4932 ne
624 4869 766 4934 sitis
790 4873 1317 4940 immemores.Per
1343 4876 1504 4938 hanc
1522 4873 1681 4936 enim
1695 4874 1943 4951 quidam
1976 4878 2079 4933 in-

418 4958 675 5021 scientes
690 4970 1048 5041 exceperunt
1058 4965 1301 5045 angelos
1310 4964 1570 5045 hospitio
1586 4962 1890 5026 .Memores
1900 4969 2079 5026 estote

419 5051 766 5111 vinctorum
781 5056 1067 5131 tanquam
1076 5073 1201 5117 una
1213 5056 1422 5119 vincti:
1445 5071 1649 5116 eorum
1664 5057 1772 5132 qui
1783 5053 2076 5132 afﬂigun-

425 5135 756 5223 turmeluti
768 5140 886 5218 ipsi
897 5158 1128 5222 quoque
1138 5151 1447 5207 versantes
1473 5145 1540 5205 in
1573 5157 1845 5223 corpore.
1862 5140 2075 5203 Hono-

421 5221 624 5288 rabile
640 5232 726 5289 est
740 5221 1088 5312 coniugium
1105 5232 1171 5294 in
1188 5232 1466 5295 omnibus
1482 5237 1540 5295 et
1573 5221 1778 5294 cubile
1804 5228 2077 5308 impollu-

414 5312 947 5401 t_u_m-Scoriatores
958 5325 1164 5383 autem
1176 5320 1554 5385 etadulteros
1564 5317 1873 5401 judicabit
1892 5317 2071 5379 Deus.

407 5397 554 5463 Sint
588 5417 790 5467 mores
829 5405 1019 5470 alieni
1065 5410 1144 5473 ab
1171 5411 1462 5487 avaritia,
1516 5397 1787 5474 contenti
1813 5404 1910 5466 his
1941 5422 2075 5486 quae

486 5571 553 5628 9°
574 5574 729 5659 Au.
758 5598 826 5665 ιι,
858 5586 885 5644 ι
922 5599 1097 5667 seqq.

2161 4396 2498 4464 ὑπεναντίους
2525 4396 2829 4474 δυνάμενον.

2800 4581 3051 4638 ΚΕΦΑΛ.
3087 4565 3172 4641 K'.

2439 4701 2468 4744 ιῐ
2500 4684 2629 4763 Περὶ
2659 4681 2996 4765 φιλαδελφίας
3027 4684 3113 4739 καί
3144 4682 3462 4763 φιλοξενίας.
3498 4708 3526 4740 ι

2250 4807 2275 4840 ιι
2315 4775 2377 4843 Ἠ
2409 4784 2717 4866 φιλαδελφία
2766 4784 2990 4862 μενέτω,
3039 4789 3145 4851 Τῆς
3202 4783 3489 4865 φιλοξενίας
3540 4785 3619 4861 μὴ
3675 4786 3798 4843 ἐπι-

2164 4872 2491 4932 λανθάνεσθε.
2585 4877 2683 4934 Διὰ
2764 4875 2958 4941 ταύτης
3049 4874 3146 4951 γὰρ
3223 4871 3404 4931 ἔλαθόν
3480 4896 3617 4938 τινες
3674 4874 3801 4942 ξενί-

2161 4980 2344 5025 σαντες
2426 4960 2704 5041 ἆγγέλους,
2794 4962 3161 5036 Μιμνήσκεσθε
3231 4967 3334 5017 τῶν
3418 4960 3667 5044 δεσμίων,
3724 4966 3797 5029 ὣς

2161 5047 2566 5125 συνδεδεμένοι·
2655 5056 2759 5106 τῶν
2849 5047 3208 5124 κακουμένων,
3299 5052 3373 5114 ὡς
3469 5052 3555 5106 καὶ
3655 5053 3801 5109 αὑτοὶ

2161 5136 2307 5203 ὄντες
2365 5137 2418 5195 έν
2498 5140 2726 5216 σώματι.
2800 5140 2987 5214 Τίμιος
3051 5140 3078 5195 6
3141 5138 3312 5216 γάμος
3394 5138 3449 5195 ἐν
3502 5145 3656 5214 πᾶσι,
3712 5144 3801 5198 καὶ

2159 5228 2193 5294 ἡ
2264 5226 2415 5295 κοίτη
2485 5227 2759 5304 ἀμίαντος.
2831 5227 3057 5306 Πόρνους
3143 5223 3199 5281 δὲ
3275 5230 3361 5284 καὶ
3414 5229 3641 5308 μοιχοὺς
3691 5251 3802 5309 κρι-

2159 5328 2242 5371 νεῖ
2289 5318 2317 5372 6
2382 5317 2530 5383 Θεός,
2597 5316 2970 5398 Ἀφιλάργδρος
3067 5317 3094 5371 6
3177 5316 3395 5395 τρόπος.
3458 5317 3798 5396 Ἀρκούμενοι

2158 5417 2273 5467 τοϊς
2317 5412 2587 5482 παροῦσιν.
2641 5406 2807 5469 Αὐτὸς
2855 5404 2954 5484 γὰρ
3007 5403 3224 5483 εἴρηκεν
3255 5422 3269 5436 ·
3325 5408 3398 5464 Οὐ
3425 5406 3501 5482 μή
3554 5428 3611 5462 σε
3665 5407 3794 5483 ἀνῶ,
