  <div class='ocr_page' id='page_1' title='image "/cluster/home/n/w/nwhite01/storage/ocr_20150623/119/hvd.32044073502494/228.png"; bbox 0 0 4180 6212; ppageno 0'>
   <div class='ocr_carea' id='block_1_1' title="bbox 337 335 443 399">
    <p class='ocr_par' dir='ltr' id='par_1_1' title="bbox 337 335 443 399">
     <span class='ocr_line' id='line_1_1' title="bbox 337 335 443 399; baseline -0.009 0"><span class='ocrx_word' id='word_1_1' title='bbox 337 335 443 399; x_wconf 65' lang='lat' dir='ltr'><strong>Ml</strong></span> 
     </span>
    </p>
   </div>
   <div class='ocr_carea' id='block_1_2' title="bbox 1487 324 2719 393">
    <p class='ocr_par' dir='ltr' id='par_1_2' title="bbox 1487 324 2719 393">
     <span class='ocr_line' id='line_1_2' title="bbox 1487 324 2719 393; baseline -0.006 0"><span class='ocrx_word' id='word_1_2' title='bbox 1487 325 1883 393; x_wconf 83' lang='lat' dir='ltr'><strong>COMMENT.</strong></span> <span class='ocrx_word' id='word_1_3' title='bbox 1932 324 2013 385; x_wconf 94' lang='lat' dir='ltr'><strong>IN</strong></span> <span class='ocrx_word' id='word_1_4' title='bbox 2057 324 2298 387; x_wconf 89' lang='lat' dir='ltr'><strong>EPIST.</strong></span> <span class='ocrx_word' id='word_1_5' title='bbox 2345 327 2447 388; x_wconf 81' lang='lat' dir='ltr'><strong>AD</strong></span> <span class='ocrx_word' id='word_1_6' title='bbox 2490 325 2719 388; x_wconf 82' lang='lat' dir='ltr'><strong>HEBR.</strong></span> 
     </span>
    </p>
   </div>
   <div class='ocr_carea' id='block_1_3' title="bbox 3592 322 3716 392">
    <p class='ocr_par' dir='ltr' id='par_1_3' title="bbox 3592 322 3716 392">
     <span class='ocr_line' id='line_1_3' title="bbox 3592 322 3716 392; baseline -0.04 0"><span class='ocrx_word' id='word_1_7' title='bbox 3592 322 3716 392; x_wconf 72' lang='grc'><strong>442</strong></span> 
     </span>
    </p>
   </div>
   <div class='ocr_carea' id='block_1_4' title="bbox 328 452 1976 545">
    <p class='ocr_par' dir='ltr' id='par_1_4' title="bbox 328 452 1976 545">
     <span class='ocr_line' id='line_1_4' title="bbox 328 452 1976 545; baseline -0.011 -16"><span class='ocrx_word' id='word_1_8' title='bbox 328 468 441 530; x_wconf 74' lang='grc' dir='ltr'>οὖ8³</span> <span class='ocrx_word' id='word_1_9' title='bbox 468 469 529 527; x_wconf 70' lang='grc' dir='ltr'><strong>οὔ</strong></span> <span class='ocrx_word' id='word_1_10' title='bbox 586 470 666 545; x_wconf 72' lang='grc' dir='ltr'>μή</span> <span class='ocrx_word' id='word_1_11' title='bbox 708 488 768 525; x_wconf 89' lang='grc' dir='ltr'><strong>σε</strong></span> <span class='ocrx_word' id='word_1_12' title='bbox 829 462 1195 544; x_wconf 74' lang='grc' dir='ltr'>ἐγκαταλίπω,</span> <span class='ocrx_word' id='word_1_13' title='bbox 1260 452 1435 519; x_wconf 66' lang='lat' dir='ltr'><strong>&quot;uate</strong></span> <span class='ocrx_word' id='word_1_14' title='bbox 1475 462 1787 541; x_wconf 81' lang='grc' dir='ltr'>θαρῤοῦντας</span> <span class='ocrx_word' id='word_1_15' title='bbox 1842 462 1976 532; x_wconf 71' lang='grc' dir='ltr'>ἡμᾶς</span> 
     </span>
    </p>
   </div>
   <div class='ocr_carea' id='block_1_5' title="bbox 2062 452 3719 545">
    <p class='ocr_par' dir='ltr' id='par_1_5' title="bbox 2069 453 3719 545">
     <span class='ocr_line' id='line_1_5' title="bbox 2069 453 3719 545; baseline 0.003 -30"><span class='ocrx_word' id='word_1_16' title='bbox 2069 453 2313 545; x_wconf 66' lang='lat' dir='ltr'><strong>adsunt.</strong></span> <span class='ocrx_word' id='word_1_17' title='bbox 2338 454 2656 545; x_wconf 74' lang='lat' dir='ltr'><strong>Siquidem</strong></span> <span class='ocrx_word' id='word_1_18' title='bbox 2705 457 2832 537; x_wconf 75' lang='lat' dir='ltr'><strong>ipse</strong></span> <span class='ocrx_word' id='word_1_19' title='bbox 2873 456 3037 545; x_wconf 67' lang='lat' dir='ltr'><strong>dixit</strong></span> <span class='ocrx_word' id='word_1_20' title='bbox 3070 456 3260 545; x_wconf 73' lang='lat' dir='ltr'><strong>:_Non</strong></span> <span class='ocrx_word' id='word_1_21' title='bbox 3294 464 3349 518; x_wconf 77' lang='lat' dir='ltr'><strong>te</strong></span> <span class='ocrx_word' id='word_1_22' title='bbox 3375 455 3583 520; x_wconf 83' lang='lat' dir='ltr'><strong>desero</strong></span> <span class='ocrx_word' id='word_1_23' title='bbox 3614 476 3719 520; x_wconf 87' lang='lat' dir='ltr'><strong>ne-</strong></span> 
     </span>
    </p>
   </div>
   <div class='ocr_carea' id='block_1_6' title="bbox 325 550 1980 637">
    <p class='ocr_par' dir='ltr' id='par_1_6' title="bbox 325 550 1980 637">
     <span class='ocr_line' id='line_1_6' title="bbox 325 550 1980 637; baseline -0.006 -21"><span class='ocrx_word' id='word_1_24' title='bbox 325 557 504 637; x_wconf 86' lang='grc' dir='ltr'>λέγειν</span> <span class='ocrx_word' id='word_1_25' title='bbox 538 575 554 591; x_wconf 80' lang='grc'><strong>⁸</strong></span> <span class='ocrx_word' id='word_1_26' title='bbox 611 559 800 636; x_wconf 76' lang='grc' dir='ltr'>Κύριος</span> <span class='ocrx_word' id='word_1_27' title='bbox 849 556 967 632; x_wconf 83' lang='grc' dir='ltr'>ἐμοὶ</span> <span class='ocrx_word' id='word_1_28' title='bbox 993 554 1209 631; x_wconf 88' lang='grc' dir='ltr'>βοηθὸς,</span> <span class='ocrx_word' id='word_1_29' title='bbox 1257 553 1344 609; x_wconf 78' lang='grc' dir='ltr'><strong>καὶ</strong></span> <span class='ocrx_word' id='word_1_30' title='bbox 1393 551 1452 609; x_wconf 77' lang='grc' dir='ltr'><strong>οῦ</strong></span> <span class='ocrx_word' id='word_1_31' title='bbox 1508 550 1877 634; x_wconf 73' lang='grc' dir='ltr'>φοϐηθήσομαι</span> <span class='ocrx_word' id='word_1_32' title='bbox 1931 552 1980 606; x_wconf 78' lang='grc' dir='ltr'>τί</span> 
     </span>
    </p>
   </div>
   <div class='ocr_carea' id='block_1_7' title="bbox 322 639 1459 723">
    <p class='ocr_par' dir='ltr' id='par_1_7' title="bbox 322 639 1459 723">
     <span class='ocr_line' id='line_1_7' title="bbox 322 639 1459 723; baseline -0.01 -18"><span class='ocrx_word' id='word_1_33' title='bbox 322 649 542 719; x_wconf 74' lang='grc' dir='ltr'>ποιήσει</span> <span class='ocrx_word' id='word_1_34' title='bbox 572 669 664 723; x_wconf 86' lang='grc' dir='ltr'><strong>μοι</strong></span> <span class='ocrx_word' id='word_1_35' title='bbox 688 646 984 718; x_wconf 77' lang='grc' dir='ltr'>ἄνθρωπος,</span> <span class='ocrx_word' id='word_1_36' title='bbox 1022 666 1052 698; x_wconf 73' lang='grc' dir='ltr'><strong><em>ι</em></strong></span> <span class='ocrx_word' id='word_1_37' title='bbox 1446 639 1459 655; x_wconf 74' lang='grc'><strong><em>⁸</em></strong></span> 
     </span>
    </p>
   </div>
   <div class='ocr_carea' id='block_1_8' title="bbox 415 727 1980 815">
    <p class='ocr_par' dir='ltr' id='par_1_8' title="bbox 415 727 1980 815">
     <span class='ocr_line' id='line_1_8' title="bbox 415 727 1980 815; baseline -0.004 -24"><span class='ocrx_word' id='word_1_38' title='bbox 415 759 446 791; x_wconf 71' lang='grc' dir='ltr'><strong>α</strong></span> <span class='ocrx_word' id='word_1_39' title='bbox 507 727 571 792; x_wconf 74' lang='grc' dir='ltr'><em>Ἠ</em></span> <span class='ocrx_word' id='word_1_40' title='bbox 605 732 922 815; x_wconf 76' lang='grc' dir='ltr'>φιλαδελπία</span> <span class='ocrx_word' id='word_1_41' title='bbox 965 732 1193 808; x_wconf 78' lang='grc' dir='ltr'>μενέτω.</span> <span class='ocrx_word' id='word_1_42' title='bbox 1257 754 1282 789; x_wconf 73' lang='grc' dir='ltr'><strong>ι</strong></span> <span class='ocrx_word' id='word_1_43' title='bbox 1336 731 1604 788; x_wconf 78' lang='grc' dir='ltr'>Δείκνυσιν</span> <span class='ocrx_word' id='word_1_44' title='bbox 1660 730 1741 787; x_wconf 77' lang='grc' dir='ltr'>ὅτι</span> <span class='ocrx_word' id='word_1_45' title='bbox 1784 730 1980 787; x_wconf 83' lang='grc' dir='ltr'>τούτων</span> 
     </span>
    </p>
   </div>
   <div class='ocr_carea' id='block_1_9' title="bbox 330 821 1980 907">
    <p class='ocr_par' dir='ltr' id='par_1_9' title="bbox 330 821 1980 907">
     <span class='ocr_line' id='line_1_9' title="bbox 330 821 1980 907; baseline -0.004 -24"><span class='ocrx_word' id='word_1_46' title='bbox 330 826 556 907; x_wconf 76' lang='grc' dir='ltr'>εἴχοντο</span> <span class='ocrx_word' id='word_1_47' title='bbox 597 824 786 901; x_wconf 85' lang='grc' dir='ltr'>πάλαι,</span> <span class='ocrx_word' id='word_1_48' title='bbox 864 823 1000 881; x_wconf 88' lang='grc' dir='ltr'>ἀλλὰ</span> <span class='ocrx_word' id='word_1_49' title='bbox 1056 833 1144 883; x_wconf 85' lang='grc' dir='ltr'><strong>νῦν</strong></span> <span class='ocrx_word' id='word_1_50' title='bbox 1201 823 1261 880; x_wconf 82' lang='grc' dir='ltr'><strong>ἐκ</strong></span> <span class='ocrx_word' id='word_1_51' title='bbox 1301 827 1406 879; x_wconf 84' lang='grc' dir='ltr'><strong>τῶν</strong></span> <span class='ocrx_word' id='word_1_52' title='bbox 1459 821 1687 899; x_wconf 75' lang='grc' dir='ltr'>θλίψεων</span> <span class='ocrx_word' id='word_1_53' title='bbox 1742 821 1980 901; x_wconf 80' lang='grc' dir='ltr'>ῥᾳθυμή-</span> 
     </span>
    </p>
   </div>
   <div class='ocr_carea' id='block_1_10' title="bbox 332 909 1980 991">
    <p class='ocr_par' dir='ltr' id='par_1_10' title="bbox 332 909 1980 991">
     <span class='ocr_line' id='line_1_10' title="bbox 332 909 1980 991; baseline -0.005 -17"><span class='ocrx_word' id='word_1_54' title='bbox 332 936 521 979; x_wconf 86' lang='grc' dir='ltr'>σαντες</span> <span class='ocrx_word' id='word_1_55' title='bbox 579 913 736 982; x_wconf 72' lang='grc' dir='ltr'>ἦσαν,</span> <span class='ocrx_word' id='word_1_56' title='bbox 784 913 951 971; x_wconf 82' lang='grc' dir='ltr'>Πάλιν</span> <span class='ocrx_word' id='word_1_57' title='bbox 1009 913 1099 970; x_wconf 81' lang='grc' dir='ltr'><strong>οὖν</strong></span> <span class='ocrx_word' id='word_1_58' title='bbox 1145 912 1333 976; x_wconf 71' lang='grc' dir='ltr'>αὖτοὺς</span> <span class='ocrx_word' id='word_1_59' title='bbox 1397 913 1469 976; x_wconf 75' lang='grc' dir='ltr'><strong>εἷς</strong></span> <span class='ocrx_word' id='word_1_60' title='bbox 1527 921 1690 971; x_wconf 71' lang='grc' dir='ltr'>ταῦτα</span> <span class='ocrx_word' id='word_1_61' title='bbox 1755 909 1980 991; x_wconf 88' lang='grc' dir='ltr'>προτρέ-</span> 
     </span>
    </p>
   </div>
   <div class='ocr_carea' id='block_1_11' title="bbox 332 998 1982 1081">
    <p class='ocr_par' dir='ltr' id='par_1_11' title="bbox 332 998 1982 1081">
     <span class='ocr_line' id='line_1_11' title="bbox 332 998 1982 1081; baseline -0.005 -20"><span class='ocrx_word' id='word_1_62' title='bbox 332 1025 516 1066; x_wconf 82' lang='grc' dir='ltr'>πεται,</span> <span class='ocrx_word' id='word_1_63' title='bbox 558 1026 587 1059; x_wconf 74' lang='grc' dir='ltr'><strong>ε</strong></span> <span class='ocrx_word' id='word_1_64' title='bbox 623 1004 720 1062; x_wconf 80' lang='grc' dir='ltr'><strong>Διὰ</strong></span> <span class='ocrx_word' id='word_1_65' title='bbox 746 1004 947 1069; x_wconf 80' lang='grc' dir='ltr'>ταύτης</span> <span class='ocrx_word' id='word_1_66' title='bbox 976 1003 1076 1081; x_wconf 78' lang='grc' dir='ltr'><strong>γὰρ</strong></span> <span class='ocrx_word' id='word_1_67' title='bbox 1106 1000 1289 1058; x_wconf 78' lang='grc' dir='ltr'>ἔλαθόν</span> <span class='ocrx_word' id='word_1_68' title='bbox 1332 1022 1495 1065; x_wconf 84' lang='grc' dir='ltr'>τινες.</span> <span class='ocrx_word' id='word_1_69' title='bbox 1547 1023 1575 1056; x_wconf 80' lang='grc'><strong>»</strong></span> <span class='ocrx_word' id='word_1_70' title='bbox 1639 998 1812 1080; x_wconf 71' lang='grc' dir='ltr'>Οὕτω,</span> <span class='ocrx_word' id='word_1_71' title='bbox 1870 1020 1982 1079; x_wconf 77' lang='grc' dir='ltr'>φτ,-</span> 
     </span>
    </p>
   </div>
   <div class='ocr_carea' id='block_1_12' title="bbox 332 1087 1980 1172">
    <p class='ocr_par' dir='ltr' id='par_1_12' title="bbox 332 1087 1980 1172">
     <span class='ocr_line' id='line_1_12' title="bbox 332 1087 1980 1172; baseline -0.004 -22"><span class='ocrx_word' id='word_1_72' title='bbox 332 1094 411 1167; x_wconf 76' lang='grc' dir='ltr'>σὶ,</span> <span class='ocrx_word' id='word_1_73' title='bbox 440 1090 652 1171; x_wconf 79' lang='grc' dir='ltr'><strong>μεγάλη</strong></span> <span class='ocrx_word' id='word_1_74' title='bbox 680 1093 716 1159; x_wconf 70' lang='grc' dir='ltr'>ἡ</span> <span class='ocrx_word' id='word_1_75' title='bbox 774 1090 1064 1172; x_wconf 72' lang='grc' dir='ltr'>φιλοξενία,</span> <span class='ocrx_word' id='word_1_76' title='bbox 1113 1089 1195 1146; x_wconf 78' lang='grc' dir='ltr'>ὅτι</span> <span class='ocrx_word' id='word_1_77' title='bbox 1237 1089 1497 1169; x_wconf 77' lang='grc' dir='ltr'>πρόφασις</span> <span class='ocrx_word' id='word_1_78' title='bbox 1539 1104 1658 1155; x_wconf 72' lang='grc' dir='ltr'>τοῖς</span> <span class='ocrx_word' id='word_1_79' title='bbox 1705 1088 1837 1164; x_wconf 75' lang='grc' dir='ltr'>ἀμφὶ</span> <span class='ocrx_word' id='word_1_80' title='bbox 1891 1087 1980 1144; x_wconf 74' lang='grc' dir='ltr'><strong>τὸν</strong></span> 
     </span>
    </p>
   </div>
   <div class='ocr_carea' id='block_1_13' title="bbox 332 1175 1979 1261">
    <p class='ocr_par' dir='ltr' id='par_1_13' title="bbox 332 1175 1979 1261">
     <span class='ocr_line' id='line_1_13' title="bbox 332 1175 1979 1261; baseline -0.005 -20"><span class='ocrx_word' id='word_1_81' title='bbox 332 1181 588 1261; x_wconf 67' lang='grc' dir='ltr'>Ἀϐραάμ</span> <span class='ocrx_word' id='word_1_82' title='bbox 642 1182 729 1237; x_wconf 78' lang='grc' dir='ltr'><strong>καὶ</strong></span> <span class='ocrx_word' id='word_1_83' title='bbox 782 1182 875 1236; x_wconf 87' lang='grc' dir='ltr'><strong>τὸν</strong></span> <span class='ocrx_word' id='word_1_84' title='bbox 934 1180 1054 1237; x_wconf 87' lang='grc' dir='ltr'><strong>Λὼτ</strong></span> <span class='ocrx_word' id='word_1_85' title='bbox 1111 1179 1328 1258; x_wconf 87' lang='grc' dir='ltr'>γέγονεν</span> <span class='ocrx_word' id='word_1_86' title='bbox 1397 1177 1656 1258; x_wconf 78' lang='grc' dir='ltr'><strong>ἀγγέλους</strong></span> <span class='ocrx_word' id='word_1_87' title='bbox 1724 1175 1979 1242; x_wconf 75' lang='grc' dir='ltr'>ὑποδέξα-</span> 
     </span>
    </p>
   </div>
   <div class='ocr_carea' id='block_1_14' title="bbox 327 1259 1976 1351">
    <p class='ocr_par' dir='ltr' id='par_1_14' title="bbox 327 1259 1976 1351">
     <span class='ocr_line' id='line_1_14' title="bbox 327 1259 1976 1351; baseline -0.005 -23"><span class='ocrx_word' id='word_1_88' title='bbox 327 1259 474 1328; x_wconf 76' lang='grc' dir='ltr'>σθαι.</span> <span class='ocrx_word' id='word_1_89' title='bbox 511 1259 771 1346; x_wconf 71' lang='grc' dir='ltr'><strong>ἸΕλαθον,</strong></span> <span class='ocrx_word' id='word_1_90' title='bbox 803 1271 984 1351; x_wconf 76' lang='grc' dir='ltr'>φησὶν,</span> <span class='ocrx_word' id='word_1_91' title='bbox 1035 1269 1347 1348; x_wconf 72' lang='grc' dir='ltr'>ἀγνοοῦντες</span> <span class='ocrx_word' id='word_1_92' title='bbox 1406 1266 1486 1324; x_wconf 81' lang='grc' dir='ltr'>ὅτι</span> <span class='ocrx_word' id='word_1_93' title='bbox 1547 1265 1762 1347; x_wconf 77' lang='grc' dir='ltr'>ἄγγελοι</span> <span class='ocrx_word' id='word_1_94' title='bbox 1817 1267 1976 1338; x_wconf 60' lang='grc' dir='ltr'>ἦσαν,</span> 
     </span>
    </p>
   </div>
   <div class='ocr_carea' id='block_1_15' title="bbox 330 1356 1981 1439">
    <p class='ocr_par' dir='ltr' id='par_1_15' title="bbox 330 1356 1981 1439">
     <span class='ocr_line' id='line_1_15' title="bbox 330 1356 1981 1439; baseline -0.004 -23"><span class='ocrx_word' id='word_1_95' title='bbox 330 1359 555 1431; x_wconf 74' lang='grc' dir='ltr'><strong>ἐξένιζον</strong></span> <span class='ocrx_word' id='word_1_96' title='bbox 601 1358 737 1416; x_wconf 74' lang='grc' dir='ltr'>ὦτω</span> <span class='ocrx_word' id='word_1_97' title='bbox 794 1358 1147 1439; x_wconf 75' lang='grc' dir='ltr'>φιλοφρόνως,</span> <span class='ocrx_word' id='word_1_98' title='bbox 1211 1357 1306 1413; x_wconf 85' lang='grc' dir='ltr'>Διὸ</span> <span class='ocrx_word' id='word_1_99' title='bbox 1371 1360 1459 1414; x_wconf 79' lang='grc' dir='ltr'><strong>καὶ</strong></span> <span class='ocrx_word' id='word_1_100' title='bbox 1511 1356 1677 1433; x_wconf 74' lang='grc' dir='ltr'>μέγας</span> <span class='ocrx_word' id='word_1_101' title='bbox 1744 1359 1895 1419; x_wconf 76' lang='grc' dir='ltr'>οὗτος</span> <span class='ocrx_word' id='word_1_102' title='bbox 1953 1358 1981 1411; x_wconf 98' lang='lat'><strong>6</strong></span> 
     </span>
    </p>
   </div>
   <div class='ocr_carea' id='block_1_16' title="bbox 332 1444 1980 1530">
    <p class='ocr_par' dir='ltr' id='par_1_16' title="bbox 332 1444 1980 1530">
     <span class='ocr_line' id='line_1_16' title="bbox 332 1444 1980 1530; baseline -0.003 -25"><span class='ocrx_word' id='word_1_103' title='bbox 332 1450 525 1525; x_wconf 86' lang='grc' dir='ltr'>μισθὸς</span> <span class='ocrx_word' id='word_1_104' title='bbox 551 1452 759 1530; x_wconf 69' lang='grc' dir='ltr'>αὐτοῖς,</span> <span class='ocrx_word' id='word_1_105' title='bbox 807 1451 881 1511; x_wconf 82' lang='grc' dir='ltr'>ὡς</span> <span class='ocrx_word' id='word_1_106' title='bbox 939 1447 994 1504; x_wconf 75' lang='grc' dir='ltr'>εἴ</span> <span class='ocrx_word' id='word_1_107' title='bbox 1036 1469 1097 1526; x_wconf 88' lang='grc' dir='ltr'><strong>γε</strong></span> <span class='ocrx_word' id='word_1_108' title='bbox 1145 1445 1383 1530; x_wconf 66' lang='grc' dir='ltr'>ᾔδεισαν,</span> <span class='ocrx_word' id='word_1_109' title='bbox 1445 1445 1590 1503; x_wconf 78' lang='grc' dir='ltr'>οῦδὲν</span> <span class='ocrx_word' id='word_1_110' title='bbox 1649 1444 1785 1524; x_wconf 78' lang='grc' dir='ltr'>μέγα</span> <span class='ocrx_word' id='word_1_111' title='bbox 1828 1444 1980 1501; x_wconf 81' lang='grc' dir='ltr'>ἐποί-</span> 
     </span>
    </p>
   </div>
   <div class='ocr_carea' id='block_1_17' title="bbox 329 1527 1980 1627">
    <p class='ocr_par' dir='ltr' id='par_1_17' title="bbox 329 1527 1980 1627">
     <span class='ocr_line' id='line_1_17' title="bbox 329 1527 1980 1627; baseline -0.005 -30"><span class='ocrx_word' id='word_1_112' title='bbox 329 1561 445 1599; x_wconf 81' lang='grc' dir='ltr'>ουν.</span> <span class='ocrx_word' id='word_1_113' title='bbox 483 1562 511 1593; x_wconf 70' lang='grc' dir='ltr'>ι</span> <span class='ocrx_word' id='word_1_114' title='bbox 547 1529 635 1601; x_wconf 61' lang='grc' dir='ltr'>Ὠς</span> <span class='ocrx_word' id='word_1_115' title='bbox 681 1527 1064 1613; x_wconf 74' lang='grc' dir='ltr'>συνδεδεμένοι,</span> <span class='ocrx_word' id='word_1_116' title='bbox 1126 1559 1154 1592; x_wconf 64' lang='grc' dir='ltr'><strong>ι</strong></span> <span class='ocrx_word' id='word_1_117' title='bbox 1218 1527 1277 1595; x_wconf 60' lang='grc' dir='ltr'>Ὀ</span> <span class='ocrx_word' id='word_1_118' title='bbox 1335 1533 1389 1592; x_wconf 84' lang='grc' dir='ltr'><strong>δέ</strong></span> <span class='ocrx_word' id='word_1_119' title='bbox 1445 1533 1809 1627; x_wconf 57' lang='grc' dir='ltr'>συνδεδξμένος</span> <span class='ocrx_word' id='word_1_120' title='bbox 1866 1536 1980 1598; x_wconf 81' lang='grc' dir='ltr'>πῶς</span> 
     </span>
    </p>
   </div>
   <div class='ocr_carea' id='block_1_18' title="bbox 330 1623 1982 1708">
    <p class='ocr_par' dir='ltr' id='par_1_18' title="bbox 330 1623 1982 1708">
     <span class='ocr_line' id='line_1_18' title="bbox 330 1623 1982 1708; baseline -0.003 -25"><span class='ocrx_word' id='word_1_121' title='bbox 330 1627 396 1683; x_wconf 77' lang='grc' dir='ltr'>ἂν</span> <span class='ocrx_word' id='word_1_122' title='bbox 427 1626 731 1684; x_wconf 79' lang='grc' dir='ltr'><strong>ἐπιλάθοιτο</strong></span> <span class='ocrx_word' id='word_1_123' title='bbox 762 1647 778 1708; x_wconf 84' lang='grc'><strong>;</strong></span> <span class='ocrx_word' id='word_1_124' title='bbox 816 1648 839 1684; x_wconf 77' lang='grc' dir='ltr'>ι</span> <span class='ocrx_word' id='word_1_125' title='bbox 872 1633 985 1685; x_wconf 84' lang='grc' dir='ltr'><strong>Τῶν</strong></span> <span class='ocrx_word' id='word_1_126' title='bbox 1029 1624 1498 1705; x_wconf 76' lang='grc' dir='ltr'>κακουχουμένων.</span> <span class='ocrx_word' id='word_1_127' title='bbox 1540 1647 1561 1680; x_wconf 71' lang='grc' dir='ltr'><strong>ι</strong></span> <span class='ocrx_word' id='word_1_128' title='bbox 1621 1623 1681 1681; x_wconf 49' lang='grc' dir='ltr'><strong>Ἠ</strong></span> <span class='ocrx_word' id='word_1_129' title='bbox 1710 1624 1764 1679; x_wconf 90' lang='grc' dir='ltr'><strong>ἐν</strong></span> <span class='ocrx_word' id='word_1_130' title='bbox 1821 1623 1982 1703; x_wconf 78' lang='grc' dir='ltr'>φυλα-</span> 
     </span>
    </p>
   </div>
   <div class='ocr_carea' id='block_1_19' title="bbox 332 1712 1979 1795">
    <p class='ocr_par' dir='ltr' id='par_1_19' title="bbox 332 1712 1979 1795">
     <span class='ocr_line' id='line_1_19' title="bbox 332 1712 1979 1795; baseline -0.003 -22"><span class='ocrx_word' id='word_1_131' title='bbox 332 1728 483 1795; x_wconf 71' lang='grc' dir='ltr'>καῖς,</span> <span class='ocrx_word' id='word_1_132' title='bbox 529 1716 563 1779; x_wconf 74' lang='grc' dir='ltr'><strong>ἢ</strong></span> <span class='ocrx_word' id='word_1_133' title='bbox 593 1714 646 1771; x_wconf 85' lang='grc' dir='ltr'><strong>ἐν</strong></span> <span class='ocrx_word' id='word_1_134' title='bbox 672 1714 838 1795; x_wconf 85' lang='grc' dir='ltr'>λιμῳ,</span> <span class='ocrx_word' id='word_1_135' title='bbox 864 1716 901 1783; x_wconf 77' lang='grc' dir='ltr'>ἢ</span> <span class='ocrx_word' id='word_1_136' title='bbox 928 1718 983 1771; x_wconf 72' lang='grc' dir='ltr'>ἓν</span> <span class='ocrx_word' id='word_1_137' title='bbox 1026 1713 1180 1794; x_wconf 71' lang='grc' dir='ltr'>ἑτέρᾳ</span> <span class='ocrx_word' id='word_1_138' title='bbox 1219 1713 1417 1790; x_wconf 74' lang='grc' dir='ltr'>θλίψει,</span> <span class='ocrx_word' id='word_1_139' title='bbox 1478 1715 1536 1771; x_wconf 76' lang='grc' dir='ltr'>Εἰ</span> <span class='ocrx_word' id='word_1_140' title='bbox 1589 1714 1689 1793; x_wconf 86' lang='grc' dir='ltr'>γάρ</span> <span class='ocrx_word' id='word_1_141' title='bbox 1741 1735 1820 1777; x_wconf 91' lang='grc' dir='ltr'><strong>τις</strong></span> <span class='ocrx_word' id='word_1_142' title='bbox 1849 1712 1979 1768; x_wconf 81' lang='grc' dir='ltr'><strong>ἆνα-</strong></span> 
     </span>
    </p>
   </div>
   <div class='ocr_carea' id='block_1_20' title="bbox 2061 543 3722 625">
    <p class='ocr_par' dir='ltr' id='par_1_20' title="bbox 2061 543 3722 625">
     <span class='ocr_line' id='line_1_20' title="bbox 2061 543 3722 625; baseline 0.002 -22"><span class='ocrx_word' id='word_1_143' title='bbox 2061 560 2172 622; x_wconf 86' lang='lat' dir='ltr'><strong>que</strong></span> <span class='ocrx_word' id='word_1_144' title='bbox 2189 543 2582 624; x_wconf 76' lang='lat' dir='ltr'><strong>derelinquo:</strong></span> <span class='ocrx_word' id='word_1_145' title='bbox 2609 551 2679 606; x_wconf 77' lang='lat' dir='ltr'><strong>ut</strong></span> <span class='ocrx_word' id='word_1_146' title='bbox 2699 544 3058 625; x_wconf 81' lang='lat' dir='ltr'><strong>conﬁdentes</strong></span> <span class='ocrx_word' id='word_1_147' title='bbox 3079 543 3361 607; x_wconf 81' lang='lat' dir='ltr'><strong>dicamus</strong></span> <span class='ocrx_word' id='word_1_148' title='bbox 3386 563 3400 605; x_wconf 93' lang='lat'><strong>:</strong></span> <span class='ocrx_word' id='word_1_149' title='bbox 3427 545 3722 608; x_wconf 81' lang='lat' dir='ltr'><strong>Dominus</strong></span> 
     </span>
    </p>
   </div>
   <div class='ocr_carea' id='block_1_21' title="bbox 2060 631 3716 712">
    <p class='ocr_par' dir='ltr' id='par_1_21' title="bbox 2060 631 3716 712">
     <span class='ocr_line' id='line_1_21' title="bbox 2060 631 3716 712; baseline 0.002 -18"><span class='ocrx_word' id='word_1_150' title='bbox 2060 631 2215 694; x_wconf 70' lang='lat' dir='ltr'><strong>mihi</strong></span> <span class='ocrx_word' id='word_1_151' title='bbox 2236 634 2581 696; x_wconf 68' lang='lat' dir='ltr'><strong>uumiliator</strong></span> <span class='ocrx_word' id='word_1_152' title='bbox 2604 652 2710 696; x_wconf 85' lang='lat' dir='ltr'><strong>nec</strong></span> <span class='ocrx_word' id='word_1_153' title='bbox 2733 633 2948 696; x_wconf 81' lang='lat' dir='ltr'><strong>timebo</strong></span> <span class='ocrx_word' id='word_1_154' title='bbox 2965 633 3109 712; x_wconf 83' lang='lat' dir='ltr'><strong>quid</strong></span> <span class='ocrx_word' id='word_1_155' title='bbox 3130 634 3492 711; x_wconf 71' lang='lat' dir='ltr'><strong>faciutmtht&#39;</strong></span> <span class='ocrx_word' id='word_1_156' title='bbox 3515 634 3716 698; x_wconf 85' lang='lat' dir='ltr'><strong>homo.</strong></span> 
     </span>
    </p>
   </div>
   <div class='ocr_carea' id='block_1_22' title="bbox 2151 721 3720 805">
    <p class='ocr_par' dir='ltr' id='par_1_22' title="bbox 2151 721 3720 805">
     <span class='ocr_line' id='line_1_22' title="bbox 2151 721 3720 805; baseline 0.003 -25"><span class='ocrx_word' id='word_1_157' title='bbox 2151 747 2171 778; x_wconf 76' lang='grc' dir='ltr'><strong>ι</strong></span> <span class='ocrx_word' id='word_1_158' title='bbox 2209 721 2491 783; x_wconf 85' lang='lat' dir='ltr'><strong>Fraterna</strong></span> <span class='ocrx_word' id='word_1_159' title='bbox 2522 723 2777 784; x_wconf 90' lang='lat' dir='ltr'><strong>charitas</strong></span> <span class='ocrx_word' id='word_1_160' title='bbox 2809 732 3066 784; x_wconf 87' lang='lat' dir='ltr'><strong>maneat.</strong></span> <span class='ocrx_word' id='word_1_161' title='bbox 3099 748 3127 779; x_wconf 81' lang='lat'>»</span> <span class='ocrx_word' id='word_1_162' title='bbox 3163 721 3434 786; x_wconf 90' lang='lat' dir='ltr'><strong>Ostendit</strong></span> <span class='ocrx_word' id='word_1_163' title='bbox 3450 724 3603 805; x_wconf 87' lang='lat' dir='ltr'><strong>quod</strong></span> <span class='ocrx_word' id='word_1_164' title='bbox 3628 724 3720 785; x_wconf 86' lang='lat' dir='ltr'><strong>his</strong></span> 
     </span>
    </p>
   </div>
   <div class='ocr_carea' id='block_1_23' title="bbox 2063 810 3720 891">
    <p class='ocr_par' dir='ltr' id='par_1_23' title="bbox 2063 810 3720 891">
     <span class='ocr_line' id='line_1_23' title="bbox 2063 810 3720 891; baseline 0.001 -19"><span class='ocrx_word' id='word_1_165' title='bbox 2063 817 2235 872; x_wconf 81' lang='lat' dir='ltr'><strong>antea</strong></span> <span class='ocrx_word' id='word_1_166' title='bbox 2246 810 2759 885; x_wconf 42' lang='lat' dir='ltr'><strong>adhaerebant,sed</strong></span> <span class='ocrx_word' id='word_1_167' title='bbox 2778 830 2934 873; x_wconf 90' lang='lat' dir='ltr'><strong>nunc</strong></span> <span class='ocrx_word' id='word_1_168' title='bbox 2956 810 3029 872; x_wconf 90' lang='lat' dir='ltr'><strong>ob</strong></span> <span class='ocrx_word' id='word_1_169' title='bbox 3049 812 3397 873; x_wconf 82' lang='lat' dir='ltr'><strong>at‘ﬂictiones</strong></span> <span class='ocrx_word' id='word_1_170' title='bbox 3411 812 3720 891; x_wconf 79' lang='lat' dir='ltr'><strong>segniores</strong></span> 
     </span>
    </p>
   </div>
   <div class='ocr_carea' id='block_1_24' title="bbox 2066 899 3713 980">
    <p class='ocr_par' dir='ltr' id='par_1_24' title="bbox 2066 899 3713 980">
     <span class='ocr_line' id='line_1_24' title="bbox 2066 899 3713 980; baseline 0.001 -20"><span class='ocrx_word' id='word_1_171' title='bbox 2066 900 2205 962; x_wconf 83' lang='lat' dir='ltr'><strong>facti</strong></span> <span class='ocrx_word' id='word_1_172' title='bbox 2237 900 2694 963; x_wconf 83' lang='lat' dir='ltr'><strong>erant.Rursum</strong></span> <span class='ocrx_word' id='word_1_173' title='bbox 2740 900 2918 979; x_wconf 87' lang='lat' dir='ltr'><strong>igitur</strong></span> <span class='ocrx_word' id='word_1_174' title='bbox 2967 899 3126 980; x_wconf 90' lang='lat' dir='ltr'><strong>ipsos</strong></span> <span class='ocrx_word' id='word_1_175' title='bbox 3157 901 3227 961; x_wconf 88' lang='lat' dir='ltr'><strong>ad</strong></span> <span class='ocrx_word' id='word_1_176' title='bbox 3256 900 3463 961; x_wconf 89' lang='lat' dir='ltr'><strong>eadem</strong></span> <span class='ocrx_word' id='word_1_177' title='bbox 3498 902 3713 962; x_wconf 86' lang='lat' dir='ltr'><strong>exhor-</strong></span> 
     </span>
    </p>
   </div>
   <div class='ocr_carea' id='block_1_25' title="bbox 2067 988 3709 1070">
    <p class='ocr_par' dir='ltr' id='par_1_25' title="bbox 2067 988 3709 1070">
     <span class='ocr_line' id='line_1_25' title="bbox 2067 988 3709 1070; baseline 0.001 -22"><span class='ocrx_word' id='word_1_178' title='bbox 2067 995 2237 1049; x_wconf 90' lang='lat' dir='ltr'><strong>tatur.</strong></span> <span class='ocrx_word' id='word_1_179' title='bbox 2281 992 2431 1052; x_wconf 74' lang='lat' dir='ltr'><strong>«Per</strong></span> <span class='ocrx_word' id='word_1_180' title='bbox 2460 991 2611 1051; x_wconf 92' lang='lat' dir='ltr'><strong>hanc</strong></span> <span class='ocrx_word' id='word_1_181' title='bbox 2643 989 2802 1050; x_wconf 87' lang='lat' dir='ltr'><strong>enim</strong></span> <span class='ocrx_word' id='word_1_182' title='bbox 2834 989 3072 1070; x_wconf 88' lang='lat' dir='ltr'><strong>quidam</strong></span> <span class='ocrx_word' id='word_1_183' title='bbox 3103 988 3484 1050; x_wconf 76' lang='lat' dir='ltr'><strong>inscientes.»</strong></span> <span class='ocrx_word' id='word_1_184' title='bbox 3520 989 3709 1060; x_wconf 83' lang='lat' dir='ltr'><strong>Adeo.</strong></span> 
     </span>
    </p>
   </div>
   <div class='ocr_carea' id='block_1_26' title="bbox 2064 1076 3716 1159">
    <p class='ocr_par' dir='ltr' id='par_1_26' title="bbox 2064 1076 3716 1159">
     <span class='ocr_line' id='line_1_26' title="bbox 2064 1076 3716 1159; baseline 0.001 -22"><span class='ocrx_word' id='word_1_185' title='bbox 2064 1076 2276 1159; x_wconf 87' lang='lat' dir='ltr'><strong>inquit,</strong></span> <span class='ocrx_word' id='word_1_186' title='bbox 2301 1096 2512 1155; x_wconf 89' lang='lat' dir='ltr'><strong>magna</strong></span> <span class='ocrx_word' id='word_1_187' title='bbox 2569 1086 2656 1141; x_wconf 90' lang='lat' dir='ltr'><strong>est</strong></span> <span class='ocrx_word' id='word_1_188' title='bbox 2709 1078 3099 1158; x_wconf 80' lang='lat' dir='ltr'><strong>hoSpitalitas,</strong></span> <span class='ocrx_word' id='word_1_189' title='bbox 3149 1086 3215 1139; x_wconf 90' lang='lat' dir='ltr'><strong>ut</strong></span> <span class='ocrx_word' id='word_1_190' title='bbox 3241 1077 3493 1139; x_wconf 69' lang='lat' dir='ltr'><strong>Abrahae</strong></span> <span class='ocrx_word' id='word_1_191' title='bbox 3524 1085 3582 1138; x_wconf 89' lang='lat' dir='ltr'><strong>et</strong></span> <span class='ocrx_word' id='word_1_192' title='bbox 3610 1077 3716 1138; x_wconf 89' lang='lat' dir='ltr'><strong>Lot</strong></span> 
     </span>
    </p>
   </div>
   <div class='ocr_carea' id='block_1_27' title="bbox 2062 1165 3715 1249">
    <p class='ocr_par' dir='ltr' id='par_1_27' title="bbox 2062 1165 3715 1249">
     <span class='ocr_line' id='line_1_27' title="bbox 2062 1165 3715 1249; baseline 0.001 -23"><span class='ocrx_word' id='word_1_193' title='bbox 2062 1166 2241 1229; x_wconf 83' lang='lat' dir='ltr'><strong>fuerit</strong></span> <span class='ocrx_word' id='word_1_194' title='bbox 2270 1167 2501 1230; x_wconf 83' lang='lat' dir='ltr'><strong>occasio</strong></span> <span class='ocrx_word' id='word_1_195' title='bbox 2525 1168 2682 1249; x_wconf 92' lang='lat' dir='ltr'><strong>quod</strong></span> <span class='ocrx_word' id='word_1_196' title='bbox 2712 1166 2952 1245; x_wconf 81' lang='lat' dir='ltr'><strong>angelos</strong></span> <span class='ocrx_word' id='word_1_197' title='bbox 2988 1166 3327 1246; x_wconf 84' lang='lat' dir='ltr'><strong>exciperent</strong></span> <span class='ocrx_word' id='word_1_198' title='bbox 3354 1166 3437 1229; x_wconf 71' lang='grc'><strong>91.</strong></span> <span class='ocrx_word' id='word_1_199' title='bbox 3476 1165 3715 1229; x_wconf 82' lang='lat' dir='ltr'><strong>Latebat</strong></span> 
     </span>
    </p>
   </div>
   <div class='ocr_carea' id='block_1_28' title="bbox 2065 1255 3707 1337">
    <p class='ocr_par' dir='ltr' id='par_1_28' title="bbox 2065 1255 3707 1337">
     <span class='ocr_line' id='line_1_28' title="bbox 2065 1255 3707 1337; baseline -0.001 -22"><span class='ocrx_word' id='word_1_200' title='bbox 2065 1255 2222 1316; x_wconf 88' lang='lat' dir='ltr'><strong>enim</strong></span> <span class='ocrx_word' id='word_1_201' title='bbox 2255 1274 2379 1337; x_wconf 91' lang='lat' dir='ltr'><strong>eos,</strong></span> <span class='ocrx_word' id='word_1_202' title='bbox 2409 1264 2668 1319; x_wconf 82' lang='lat' dir='ltr'><strong>attamen</strong></span> <span class='ocrx_word' id='word_1_203' title='bbox 2702 1256 3041 1335; x_wconf 82' lang='lat' dir='ltr'><strong>ignorantes</strong></span> <span class='ocrx_word' id='word_1_204' title='bbox 3070 1256 3225 1335; x_wconf 89' lang='lat' dir='ltr'><strong>quod</strong></span> <span class='ocrx_word' id='word_1_205' title='bbox 3263 1255 3458 1335; x_wconf 84' lang='lat' dir='ltr'><strong>angeli</strong></span> <span class='ocrx_word' id='word_1_206' title='bbox 3489 1262 3707 1326; x_wconf 86' lang='lat' dir='ltr'><strong>essent,</strong></span> 
     </span>
    </p>
   </div>
   <div class='ocr_carea' id='block_1_29' title="bbox 2063 1344 3713 1427">
    <p class='ocr_par' dir='ltr' id='par_1_29' title="bbox 2063 1344 3713 1427">
     <span class='ocr_line' id='line_1_29' title="bbox 2063 1344 3713 1427; baseline 0.001 -23"><span class='ocrx_word' id='word_1_207' title='bbox 2063 1344 2146 1405; x_wconf 92' lang='lat' dir='ltr'><strong>ita</strong></span> <span class='ocrx_word' id='word_1_208' title='bbox 2167 1344 2421 1423; x_wconf 87' lang='lat' dir='ltr'><strong>benigne</strong></span> <span class='ocrx_word' id='word_1_209' title='bbox 2453 1355 2813 1427; x_wconf 85' lang='lat' dir='ltr'><strong>exceperunt</strong></span> <span class='ocrx_word' id='word_1_210' title='bbox 2843 1346 3118 1426; x_wconf 88' lang='lat' dir='ltr'><strong>hospitio.</strong></span> <span class='ocrx_word' id='word_1_211' title='bbox 3143 1344 3278 1406; x_wconf 87' lang='lat' dir='ltr'><strong>Ideo</strong></span> <span class='ocrx_word' id='word_1_212' title='bbox 3311 1363 3544 1425; x_wconf 91' lang='lat' dir='ltr'><strong>quoque</strong></span> <span class='ocrx_word' id='word_1_213' title='bbox 3568 1344 3713 1425; x_wconf 88' lang='lat' dir='ltr'><strong>ipsis</strong></span> 
     </span>
    </p>
   </div>
   <div class='ocr_carea' id='block_1_30' title="bbox 2065 1434 3708 1515">
    <p class='ocr_par' dir='ltr' id='par_1_30' title="bbox 2065 1434 3708 1515">
     <span class='ocr_line' id='line_1_30' title="bbox 2065 1434 3708 1515; baseline 0 -22"><span class='ocrx_word' id='word_1_214' title='bbox 2065 1451 2273 1511; x_wconf 87' lang='lat' dir='ltr'><strong>magna</strong></span> <span class='ocrx_word' id='word_1_215' title='bbox 2303 1434 2410 1495; x_wconf 84' lang='lat' dir='ltr'><strong>fuit</strong></span> <span class='ocrx_word' id='word_1_216' title='bbox 2454 1435 2581 1496; x_wconf 72' lang='lat' dir='ltr'><strong>haec</strong></span> <span class='ocrx_word' id='word_1_217' title='bbox 2630 1454 2903 1497; x_wconf 86' lang='lat' dir='ltr'><strong>merces:</strong></span> <span class='ocrx_word' id='word_1_218' title='bbox 2954 1435 3109 1515; x_wconf 91' lang='lat' dir='ltr'><strong>quod</strong></span> <span class='ocrx_word' id='word_1_219' title='bbox 3143 1435 3192 1494; x_wconf 91' lang='lat' dir='ltr'><strong>si</strong></span> <span class='ocrx_word' id='word_1_220' title='bbox 3235 1434 3557 1508; x_wconf 77' lang='lat' dir='ltr'><strong>novissent,</strong></span> <span class='ocrx_word' id='word_1_221' title='bbox 3583 1434 3708 1513; x_wconf 88' lang='lat' dir='ltr'><strong>jam</strong></span> 
     </span>
    </p>
   </div>
   <div class='ocr_carea' id='block_1_31' title="bbox 2065 1522 3702 1604">
    <p class='ocr_par' dir='ltr' id='par_1_31' title="bbox 2065 1522 3702 1604">
     <span class='ocr_line' id='line_1_31' title="bbox 2065 1522 3702 1604; baseline 0.001 -23"><span class='ocrx_word' id='word_1_222' title='bbox 2065 1522 2213 1582; x_wconf 83' lang='lat' dir='ltr'><strong>nihil</strong></span> <span class='ocrx_word' id='word_1_223' title='bbox 2266 1524 2457 1602; x_wconf 84' lang='lat' dir='ltr'><strong>magni</strong></span> <span class='ocrx_word' id='word_1_224' title='bbox 2512 1523 2794 1585; x_wconf 85' lang='lat' dir='ltr'><strong>fecissent</strong></span> <span class='ocrx_word' id='word_1_225' title='bbox 2857 1549 2882 1579; x_wconf 77' lang='grc' dir='ltr'><strong><em>α</em></strong></span> <span class='ocrx_word' id='word_1_226' title='bbox 2914 1523 3220 1604; x_wconf 86' lang='lat' dir='ltr'><strong>Tanquam</strong></span> <span class='ocrx_word' id='word_1_227' title='bbox 3274 1541 3390 1583; x_wconf 88' lang='lat' dir='ltr'><strong>una</strong></span> <span class='ocrx_word' id='word_1_228' title='bbox 3439 1522 3638 1585; x_wconf 88' lang='lat' dir='ltr'><strong>vincti.</strong></span> <span class='ocrx_word' id='word_1_229' title='bbox 3673 1542 3702 1583; x_wconf 65' lang='grc' dir='ltr'><strong>ι</strong></span> 
     </span>
    </p>
   </div>
   <div class='ocr_carea' id='block_1_32' title="bbox 2061 1610 3710 1693">
    <p class='ocr_par' dir='ltr' id='par_1_32' title="bbox 2061 1610 3710 1693">
     <span class='ocr_line' id='line_1_32' title="bbox 2061 1610 3710 1693; baseline 0.002 -24"><span class='ocrx_word' id='word_1_230' title='bbox 2061 1611 2204 1670; x_wconf 76' lang='grc'><strong>450</strong></span> <span class='ocrx_word' id='word_1_231' title='bbox 2231 1610 2375 1673; x_wconf 90' lang='lat' dir='ltr'><strong>Nam</strong></span> <span class='ocrx_word' id='word_1_232' title='bbox 2434 1613 2535 1693; x_wconf 89' lang='lat' dir='ltr'><strong>qui</strong></span> <span class='ocrx_word' id='word_1_233' title='bbox 2591 1631 2708 1673; x_wconf 90' lang='lat' dir='ltr'><strong>una</strong></span> <span class='ocrx_word' id='word_1_234' title='bbox 2763 1613 2991 1674; x_wconf 90' lang='lat' dir='ltr'><strong>vinctus</strong></span> <span class='ocrx_word' id='word_1_235' title='bbox 3048 1621 3155 1683; x_wconf 87' lang='lat' dir='ltr'><strong>est,</strong></span> <span class='ocrx_word' id='word_1_236' title='bbox 3216 1630 3470 1692; x_wconf 90' lang='lat' dir='ltr'><strong>quonam</strong></span> <span class='ocrx_word' id='word_1_237' title='bbox 3533 1611 3710 1672; x_wconf 92' lang='lat' dir='ltr'><strong>modo</strong></span> 
     </span>
    </p>
   </div>
   <div class='ocr_carea' id='block_1_33' title="bbox 2064 1698 3710 1781">
    <p class='ocr_par' dir='ltr' id='par_1_33' title="bbox 2064 1698 3710 1781">
     <span class='ocr_line' id='line_1_33' title="bbox 2064 1698 3710 1781; baseline 0 -21"><span class='ocrx_word' id='word_1_238' title='bbox 2064 1700 2281 1780; x_wconf 89' lang='lat' dir='ltr'><strong>poterit</strong></span> <span class='ocrx_word' id='word_1_239' title='bbox 2308 1700 2627 1762; x_wconf 81' lang='lat' dir='ltr'><strong>oblivisci?</strong></span> <span class='ocrx_word' id='word_1_240' title='bbox 2664 1727 2689 1757; x_wconf 76' lang='grc' dir='ltr'><strong>α</strong></span> <span class='ocrx_word' id='word_1_241' title='bbox 2723 1701 2941 1761; x_wconf 88' lang='lat' dir='ltr'><strong>Eorum</strong></span> <span class='ocrx_word' id='word_1_242' title='bbox 2977 1701 3076 1781; x_wconf 91' lang='lat' dir='ltr'><strong>qui</strong></span> <span class='ocrx_word' id='word_1_243' title='bbox 3109 1700 3476 1778; x_wconf 76' lang='lat' dir='ltr'><strong>afﬂiguntur.</strong></span> <span class='ocrx_word' id='word_1_244' title='bbox 3513 1724 3539 1754; x_wconf 70' lang='grc' dir='ltr'>ιδ</span> <span class='ocrx_word' id='word_1_245' title='bbox 3574 1698 3710 1760; x_wconf 88' lang='lat' dir='ltr'><strong>Sive</strong></span> 
     </span>
    </p>
   </div>
   <div class='ocr_carea' id='block_1_34' title="bbox 334 1786 1976 1883">
    <p class='ocr_par' dir='ltr' id='par_1_34' title="bbox 334 1786 1976 1883">
     <span class='ocr_line' id='line_1_34' title="bbox 334 1786 1976 1883; baseline -0.003 -22"><span class='ocrx_word' id='word_1_246' title='bbox 334 1786 605 1883; x_wconf 71' lang='grc' dir='ltr'>λογίσαιτο</span> <span class='ocrx_word' id='word_1_247' title='bbox 646 1786 741 1860; x_wconf 35' lang='grc' dir='ltr'>ὅτι-</span> <span class='ocrx_word' id='word_1_248' title='bbox 913 1804 1070 1868; x_wconf 68' lang='grc' dir='ltr'>αὐτὸς</span> <span class='ocrx_word' id='word_1_249' title='bbox 1117 1786 1425 1881; x_wconf 63' lang='grc' dir='ltr'><strong>¹περίκειται</strong></span> <span class='ocrx_word' id='word_1_250' title='bbox 1482 1786 1797 1879; x_wconf 77' lang='grc' dir='ltr'>ὁμοιοπαθὲς</span> <span class='ocrx_word' id='word_1_251' title='bbox 1839 1800 1976 1858; x_wconf 75' lang='grc' dir='ltr'>ἐκεί-</span> 
     </span>
    </p>
   </div>
   <div class='ocr_carea' id='block_1_35' title="bbox 2062 1786 3704 1883">
    <p class='ocr_par' dir='ltr' id='par_1_35' title="bbox 2064 1786 3704 1867">
     <span class='ocr_line' id='line_1_35' title="bbox 2064 1786 3704 1867; baseline 0.001 -19"><span class='ocrx_word' id='word_1_252' title='bbox 2064 1790 2125 1848; x_wconf 89' lang='lat' dir='ltr'><strong>in</strong></span> <span class='ocrx_word' id='word_1_253' title='bbox 2158 1788 2519 1864; x_wconf 83' lang='lat' dir='ltr'><strong>carceribus,</strong></span> <span class='ocrx_word' id='word_1_254' title='bbox 2554 1789 2678 1851; x_wconf 85' lang='lat' dir='ltr'><strong>sive</strong></span> <span class='ocrx_word' id='word_1_255' title='bbox 2729 1808 2835 1867; x_wconf 76' lang='lat' dir='ltr'><strong>per</strong></span> <span class='ocrx_word' id='word_1_256' title='bbox 2862 1789 3075 1850; x_wconf 82' lang='lat' dir='ltr'><strong>famem</strong></span> <span class='ocrx_word' id='word_1_257' title='bbox 3100 1799 3196 1850; x_wconf 88' lang='lat' dir='ltr'><strong>aut</strong></span> <span class='ocrx_word' id='word_1_258' title='bbox 3226 1789 3399 1850; x_wconf 91' lang='lat' dir='ltr'><strong>aliam</strong></span> <span class='ocrx_word' id='word_1_259' title='bbox 3428 1786 3704 1849; x_wconf 83' lang='lat' dir='ltr'><strong>afﬂictio-</strong></span> 
     </span>
    </p>
   </div>
   <div class='ocr_carea' id='block_1_36' title="bbox 337 1890 1979 1973">
    <p class='ocr_par' dir='ltr' id='par_1_36' title="bbox 337 1890 1979 1973">
     <span class='ocr_line' id='line_1_36' title="bbox 337 1890 1979 1973; baseline -0.003 -22"><span class='ocrx_word' id='word_1_260' title='bbox 337 1916 451 1956; x_wconf 91' lang='grc' dir='ltr'>νοις</span> <span class='ocrx_word' id='word_1_261' title='bbox 482 1900 661 1973; x_wconf 81' lang='grc' dir='ltr'>σῶμα,</span> <span class='ocrx_word' id='word_1_262' title='bbox 699 1893 906 1963; x_wconf 75' lang='grc' dir='ltr'>ἐλεήσει</span> <span class='ocrx_word' id='word_1_263' title='bbox 937 1892 1138 1969; x_wconf 79' lang='grc' dir='ltr'>μᾶλλον</span> <span class='ocrx_word' id='word_1_264' title='bbox 1183 1893 1366 1957; x_wconf 80' lang='grc' dir='ltr'>αὖτοὺς</span> <span class='ocrx_word' id='word_1_265' title='bbox 1423 1890 1508 1954; x_wconf 75' lang='grc' dir='ltr'><strong>διά</strong></span> <span class='ocrx_word' id='word_1_266' title='bbox 1550 1914 1608 1948; x_wconf 88' lang='grc' dir='ltr'><strong>τε</strong></span> <span class='ocrx_word' id='word_1_267' title='bbox 1636 1892 1734 1959; x_wconf 81' lang='grc' dir='ltr'>τὴν</span> <span class='ocrx_word' id='word_1_268' title='bbox 1764 1891 1979 1966; x_wconf 84' lang='grc' dir='ltr'>συμπά-</span> 
     </span>
    </p>
   </div>
   <div class='ocr_carea' id='block_1_37' title="bbox 328 1979 1979 2062">
    <p class='ocr_par' dir='ltr' id='par_1_37' title="bbox 328 1979 1979 2062">
     <span class='ocr_line' id='line_1_37' title="bbox 328 1979 1979 2062; baseline -0.002 -23"><span class='ocrx_word' id='word_1_269' title='bbox 328 1986 495 2056; x_wconf 81' lang='grc' dir='ltr'>θειαν,</span> <span class='ocrx_word' id='word_1_270' title='bbox 528 1985 616 2039; x_wconf 78' lang='grc' dir='ltr'>καὶ</span> <span class='ocrx_word' id='word_1_271' title='bbox 643 1981 729 2039; x_wconf 82' lang='grc' dir='ltr'><strong>διὰ</strong></span> <span class='ocrx_word' id='word_1_272' title='bbox 756 1983 848 2039; x_wconf 90' lang='grc' dir='ltr'><strong>τὸν</strong></span> <span class='ocrx_word' id='word_1_273' title='bbox 876 1980 1059 2062; x_wconf 73' lang='grc' dir='ltr'>φόϐον,</span> <span class='ocrx_word' id='word_1_274' title='bbox 1106 1981 1183 2057; x_wconf 77' lang='grc' dir='ltr'>μὴ</span> <span class='ocrx_word' id='word_1_275' title='bbox 1232 1983 1299 2039; x_wconf 79' lang='grc' dir='ltr'><strong>τὰ</strong></span> <span class='ocrx_word' id='word_1_276' title='bbox 1346 1980 1505 2057; x_wconf 82' lang='grc' dir='ltr'>ὅμοια</span> <span class='ocrx_word' id='word_1_277' title='bbox 1545 1983 1607 2037; x_wconf 60' lang='grc' dir='ltr'><strong>ἐκ</strong></span> <span class='ocrx_word' id='word_1_278' title='bbox 1660 1986 1759 2048; x_wconf 76' lang='grc' dir='ltr'>τῆς</span> <span class='ocrx_word' id='word_1_279' title='bbox 1804 1979 1979 2036; x_wconf 82' lang='grc' dir='ltr'>ἀπαν-</span> 
     </span>
    </p>
   </div>
   <div class='ocr_carea' id='block_1_38' title="bbox 327 2068 1981 2151">
    <p class='ocr_par' dir='ltr' id='par_1_38' title="bbox 327 2068 1981 2151">
     <span class='ocr_line' id='line_1_38' title="bbox 327 2068 1981 2151; baseline -0.004 -22"><span class='ocrx_word' id='word_1_280' title='bbox 327 2071 559 2151; x_wconf 76' lang='grc' dir='ltr'>θρωπίας</span> <span class='ocrx_word' id='word_1_281' title='bbox 592 2073 757 2149; x_wconf 79' lang='grc' dir='ltr'>πάθῃ,</span> <span class='ocrx_word' id='word_1_282' title='bbox 794 2095 821 2127; x_wconf 72' lang='grc' dir='ltr'><strong>ι</strong></span> <span class='ocrx_word' id='word_1_283' title='bbox 886 2073 1069 2147; x_wconf 76' lang='grc' dir='ltr'>Τίμιος</span> <span class='ocrx_word' id='word_1_284' title='bbox 1114 2074 1143 2128; x_wconf 83' lang='grc' dir='ltr'><strong>ὁ</strong></span> <span class='ocrx_word' id='word_1_285' title='bbox 1186 2071 1356 2149; x_wconf 77' lang='grc' dir='ltr'>γάμος</span> <span class='ocrx_word' id='word_1_286' title='bbox 1385 2070 1439 2128; x_wconf 87' lang='grc' dir='ltr'><strong>ἐν</strong></span> <span class='ocrx_word' id='word_1_287' title='bbox 1495 2076 1678 2130; x_wconf 80' lang='grc' dir='ltr'>πᾶσιν.</span> <span class='ocrx_word' id='word_1_288' title='bbox 1731 2090 1755 2127; x_wconf 73' lang='grc' dir='ltr'><strong>ι</strong></span> <span class='ocrx_word' id='word_1_289' title='bbox 1791 2071 1897 2127; x_wconf 78' lang='grc' dir='ltr'>Οὐκ</span> <span class='ocrx_word' id='word_1_290' title='bbox 1927 2068 1981 2124; x_wconf 88' lang='grc' dir='ltr'>ἐν</span> 
     </span>
    </p>
   </div>
   <div class='ocr_carea' id='block_1_39' title="bbox 329 2156 1980 2241">
    <p class='ocr_par' dir='ltr' id='par_1_39' title="bbox 329 2156 1980 2241">
     <span class='ocr_line' id='line_1_39' title="bbox 329 2156 1980 2241; baseline -0.003 -23"><span class='ocrx_word' id='word_1_291' title='bbox 329 2161 504 2233; x_wconf 79' lang='grc' dir='ltr'>τούτῳ</span> <span class='ocrx_word' id='word_1_292' title='bbox 546 2162 644 2236; x_wconf 81' lang='grc' dir='ltr'>μὶν</span> <span class='ocrx_word' id='word_1_293' title='bbox 671 2165 748 2236; x_wconf 76' lang='grc' dir='ltr'>τῷ</span> <span class='ocrx_word' id='word_1_294' title='bbox 778 2159 928 2241; x_wconf 80' lang='grc' dir='ltr'>μέρει</span> <span class='ocrx_word' id='word_1_295' title='bbox 955 2162 1152 2237; x_wconf 82' lang='grc' dir='ltr'>τίμιος,</span> <span class='ocrx_word' id='word_1_296' title='bbox 1185 2160 1238 2215; x_wconf 84' lang='grc' dir='ltr'><strong>ἐν</strong></span> <span class='ocrx_word' id='word_1_297' title='bbox 1270 2158 1430 2237; x_wconf 76' lang='grc' dir='ltr'>ἑτέρῳ</span> <span class='ocrx_word' id='word_1_298' title='bbox 1458 2157 1512 2215; x_wconf 80' lang='grc' dir='ltr'><strong>δὲ</strong></span> <span class='ocrx_word' id='word_1_299' title='bbox 1542 2161 1636 2217; x_wconf 78' lang='grc' dir='ltr'><strong>οὒκ</strong></span> <span class='ocrx_word' id='word_1_300' title='bbox 1676 2158 1753 2214; x_wconf 86' lang='grc' dir='ltr'>’έτι</span> <span class='ocrx_word' id='word_1_301' title='bbox 1788 2175 1803 2188; x_wconf 82' lang='lat'><strong>&#39;</strong></span> <span class='ocrx_word' id='word_1_302' title='bbox 1861 2156 1980 2214; x_wconf 83' lang='grc' dir='ltr'>ἀλλ’</span> 
     </span>
    </p>
   </div>
   <div class='ocr_carea' id='block_1_40' title="bbox 329 2248 1978 2329">
    <p class='ocr_par' dir='ltr' id='par_1_40' title="bbox 329 2248 1978 2329">
     <span class='ocr_line' id='line_1_40' title="bbox 329 2248 1978 2329; baseline -0.001 -24"><span class='ocrx_word' id='word_1_303' title='bbox 329 2249 457 2307; x_wconf 81' lang='grc' dir='ltr'>ὅλον</span> <span class='ocrx_word' id='word_1_304' title='bbox 481 2248 549 2305; x_wconf 84' lang='grc' dir='ltr'><strong>δι’</strong></span> <span class='ocrx_word' id='word_1_305' title='bbox 577 2248 705 2308; x_wconf 80' lang='grc' dir='ltr'>ὅλου</span> <span class='ocrx_word' id='word_1_306' title='bbox 731 2256 862 2307; x_wconf 85' lang='grc' dir='ltr'>πᾶσι</span> <span class='ocrx_word' id='word_1_307' title='bbox 887 2251 1101 2329; x_wconf 85' lang='grc' dir='ltr'>τρόποις</span> <span class='ocrx_word' id='word_1_308' title='bbox 1130 2250 1302 2326; x_wconf 79' lang='grc' dir='ltr'>τίμιος</span> <span class='ocrx_word' id='word_1_309' title='bbox 1325 2251 1413 2305; x_wconf 81' lang='grc' dir='ltr'><strong>καὶ</strong></span> <span class='ocrx_word' id='word_1_310' title='bbox 1440 2248 1716 2325; x_wconf 75' lang='grc' dir='ltr'>ἀμίαντος.</span> <span class='ocrx_word' id='word_1_311' title='bbox 1776 2267 1799 2303; x_wconf 71' lang='grc' dir='ltr'>ι</span> <span class='ocrx_word' id='word_1_312' title='bbox 1834 2248 1978 2327; x_wconf 88' lang='grc' dir='ltr'><strong>Πόρ-</strong></span> 
     </span>
    </p>
   </div>
   <div class='ocr_carea' id='block_1_41' title="bbox 328 2336 1980 2419">
    <p class='ocr_par' dir='ltr' id='par_1_41' title="bbox 328 2336 1980 2419">
     <span class='ocr_line' id='line_1_41' title="bbox 328 2336 1980 2419; baseline -0.002 -24"><span class='ocrx_word' id='word_1_313' title='bbox 328 2360 449 2401; x_wconf 61' lang='lat' dir='ltr'><strong>vos;</strong></span> <span class='ocrx_word' id='word_1_314' title='bbox 492 2339 580 2394; x_wconf 80' lang='grc' dir='ltr'><strong>καὶ</strong></span> <span class='ocrx_word' id='word_1_315' title='bbox 622 2339 851 2419; x_wconf 84' lang='grc' dir='ltr'>μοιχοὺς</span> <span class='ocrx_word' id='word_1_316' title='bbox 892 2352 1066 2419; x_wconf 80' lang='grc' dir='ltr'>κρινεῖ</span> <span class='ocrx_word' id='word_1_317' title='bbox 1108 2341 1136 2395; x_wconf 86' lang='lat'><strong>6</strong></span> <span class='ocrx_word' id='word_1_318' title='bbox 1194 2338 1355 2401; x_wconf 85' lang='grc' dir='ltr'>Θεός.</span> <span class='ocrx_word' id='word_1_319' title='bbox 1406 2362 1431 2392; x_wconf 70' lang='lat' dir='ltr'><strong>n</strong></span> <span class='ocrx_word' id='word_1_320' title='bbox 1493 2338 1590 2395; x_wconf 83' lang='grc' dir='ltr'>Καὶ</span> <span class='ocrx_word' id='word_1_321' title='bbox 1631 2336 1866 2402; x_wconf 77' lang='grc' dir='ltr'>εἰκότως,</span> <span class='ocrx_word' id='word_1_322' title='bbox 1922 2342 1980 2393; x_wconf 80' lang='lat' dir='ltr'><strong>Et</strong></span> 
     </span>
    </p>
   </div>
   <div class='ocr_carea' id='block_1_42' title="bbox 330 2425 1980 2507">
    <p class='ocr_par' dir='ltr' id='par_1_42' title="bbox 330 2425 1980 2507">
     <span class='ocr_line' id='line_1_42' title="bbox 330 2425 1980 2507; baseline -0.001 -25"><span class='ocrx_word' id='word_1_323' title='bbox 330 2427 434 2506; x_wconf 77' lang='grc' dir='ltr'>γὰρ</span> <span class='ocrx_word' id='word_1_324' title='bbox 462 2427 491 2482; x_wconf 88' lang='lat'><strong>6</strong></span> <span class='ocrx_word' id='word_1_325' title='bbox 520 2427 691 2504; x_wconf 85' lang='grc' dir='ltr'>γάμος</span> <span class='ocrx_word' id='word_1_326' title='bbox 749 2426 1143 2507; x_wconf 74' lang='grc' dir='ltr'><strong>ἐπιτέτραπται,</strong></span> <span class='ocrx_word' id='word_1_327' title='bbox 1217 2427 1305 2483; x_wconf 81' lang='grc' dir='ltr'>καὶ</span> <span class='ocrx_word' id='word_1_328' title='bbox 1344 2425 1542 2492; x_wconf 75' lang='grc' dir='ltr'>ἔξεστιν</span> <span class='ocrx_word' id='word_1_329' title='bbox 1596 2425 1980 2503; x_wconf 70' lang='grc' dir='ltr'>ἀναμαρτήτως</span> 
     </span>
    </p>
   </div>
   <div class='ocr_carea' id='block_1_43' title="bbox 334 2514 1982 2596">
    <p class='ocr_par' dir='ltr' id='par_1_43' title="bbox 334 2514 1982 2596">
     <span class='ocr_line' id='line_1_43' title="bbox 334 2514 1982 2596; baseline -0.001 -25"><span class='ocrx_word' id='word_1_330' title='bbox 334 2515 439 2583; x_wconf 72' lang='grc' dir='ltr'>τήν</span> <span class='ocrx_word' id='word_1_331' title='bbox 481 2514 757 2592; x_wconf 72' lang='grc' dir='ltr'>ἐπιθυμίαν</span> <span class='ocrx_word' id='word_1_332' title='bbox 785 2514 1044 2596; x_wconf 79' lang='grc' dir='ltr'>πληροῦν,</span> <span class='ocrx_word' id='word_1_333' title='bbox 1066 2516 1143 2581; x_wconf 81' lang='grc' dir='ltr'><strong>τίς</strong></span> <span class='ocrx_word' id='word_1_334' title='bbox 1172 2514 1315 2572; x_wconf 77' lang='grc' dir='ltr'>ἔσται</span> <span class='ocrx_word' id='word_1_335' title='bbox 1346 2528 1462 2579; x_wconf 75' lang='grc' dir='ltr'>τοῖς</span> <span class='ocrx_word' id='word_1_336' title='bbox 1494 2514 1716 2594; x_wconf 84' lang='grc' dir='ltr'>μοιχοῖς</span> <span class='ocrx_word' id='word_1_337' title='bbox 1747 2515 1835 2571; x_wconf 82' lang='grc' dir='ltr'>καὶ</span> <span class='ocrx_word' id='word_1_338' title='bbox 1864 2526 1982 2577; x_wconf 75' lang='grc' dir='ltr'>τοῖς</span> 
     </span>
    </p>
   </div>
   <div class='ocr_carea' id='block_1_44' title="bbox 336 2603 1983 2684">
    <p class='ocr_par' dir='ltr' id='par_1_44' title="bbox 336 2603 1983 2684">
     <span class='ocr_line' id='line_1_44' title="bbox 336 2603 1983 2684; baseline -0.001 -23"><span class='ocrx_word' id='word_1_339' title='bbox 336 2606 554 2683; x_wconf 82' lang='grc' dir='ltr'>πόρνοις</span> <span class='ocrx_word' id='word_1_340' title='bbox 584 2603 892 2684; x_wconf 71' lang='grc' dir='ltr'>ἀπολογία,</span> <span class='ocrx_word' id='word_1_341' title='bbox 956 2627 985 2661; x_wconf 69' lang='grc' dir='ltr'>ι</span> <span class='ocrx_word' id='word_1_342' title='bbox 1036 2603 1410 2684; x_wconf 76' lang='grc' dir='ltr'>Ἀφιλάργυρος</span> <span class='ocrx_word' id='word_1_343' title='bbox 1467 2606 1495 2660; x_wconf 82' lang='lat'><strong>6</strong></span> <span class='ocrx_word' id='word_1_344' title='bbox 1538 2605 1753 2682; x_wconf 86' lang='grc' dir='ltr'>τρόπος,</span> <span class='ocrx_word' id='word_1_345' title='bbox 1790 2626 1817 2658; x_wconf 69' lang='grc' dir='ltr'><strong>ο</strong></span> <span class='ocrx_word' id='word_1_346' title='bbox 1877 2605 1983 2661; x_wconf 76' lang='grc' dir='ltr'><strong>Οὐκ</strong></span> 
     </span>
    </p>
   </div>
   <div class='ocr_carea' id='block_1_45' title="bbox 334 2689 1979 2771">
    <p class='ocr_par' dir='ltr' id='par_1_45' title="bbox 334 2689 1979 2771">
     <span class='ocr_line' id='line_1_45' title="bbox 334 2689 1979 2771; baseline -0.001 -24"><span class='ocrx_word' id='word_1_347' title='bbox 334 2692 483 2766; x_wconf 82' lang='grc' dir='ltr'>εἷπε,</span> <span class='ocrx_word' id='word_1_348' title='bbox 519 2689 684 2766; x_wconf 82' lang='grc' dir='ltr'>μηδὲν</span> <span class='ocrx_word' id='word_1_349' title='bbox 713 2696 999 2759; x_wconf 76' lang='grc' dir='ltr'>κεκτῆσθαι</span> <span class='ocrx_word' id='word_1_350' title='bbox 1050 2693 1158 2767; x_wconf 81' lang='grc' dir='ltr'>(καὶ</span> <span class='ocrx_word' id='word_1_351' title='bbox 1206 2690 1367 2759; x_wconf 77' lang='grc' dir='ltr'>δῆλον</span> <span class='ocrx_word' id='word_1_352' title='bbox 1402 2690 1453 2757; x_wconf 80' lang='grc' dir='ltr'>ἐξ</span> <span class='ocrx_word' id='word_1_353' title='bbox 1495 2694 1569 2747; x_wconf 82' lang='grc' dir='ltr'><strong>ὧν</strong></span> <span class='ocrx_word' id='word_1_354' title='bbox 1612 2690 1818 2771; x_wconf 84' lang='grc' dir='ltr'>ἐπάγει,</span> <span class='ocrx_word' id='word_1_355' title='bbox 1850 2690 1979 2769; x_wconf 81' lang='grc' dir='ltr'><strong>Ἀρ-</strong></span> 
     </span>
    </p>
   </div>
   <div class='ocr_carea' id='block_1_46' title="bbox 332 2780 1981 2862">
    <p class='ocr_par' dir='ltr' id='par_1_46' title="bbox 332 2780 1981 2862">
     <span class='ocr_line' id='line_1_46' title="bbox 332 2780 1981 2862; baseline -0.001 -24"><span class='ocrx_word' id='word_1_356' title='bbox 332 2781 579 2856; x_wconf 75' lang='grc' dir='ltr'>κούμενοι</span> <span class='ocrx_word' id='word_1_357' title='bbox 636 2793 754 2846; x_wconf 78' lang='grc' dir='ltr'>τοῖς</span> <span class='ocrx_word' id='word_1_358' title='bbox 808 2792 1083 2862; x_wconf 81' lang='grc' dir='ltr'>παροῦσιν,</span> <span class='ocrx_word' id='word_1_359' title='bbox 1151 2780 1249 2838; x_wconf 81' lang='grc' dir='ltr'>ὅσα</span> <span class='ocrx_word' id='word_1_360' title='bbox 1302 2780 1365 2838; x_wconf 82' lang='grc' dir='ltr'>ἂν</span> <span class='ocrx_word' id='word_1_361' title='bbox 1417 2782 1500 2859; x_wconf 79' lang='grc' dir='ltr'><strong>ᾗ),</strong></span> <span class='ocrx_word' id='word_1_362' title='bbox 1562 2780 1699 2838; x_wconf 74' lang='grc' dir='ltr'>ἀλλὰ</span> <span class='ocrx_word' id='word_1_363' title='bbox 1759 2780 1981 2859; x_wconf 85' lang='grc' dir='ltr'>γνώμην</span> 
     </span>
    </p>
   </div>
   <div class='ocr_carea' id='block_1_47' title="bbox 2063 1874 3708 1959">
    <p class='ocr_par' dir='ltr' id='par_1_47' title="bbox 2063 1874 3708 1959">
     <span class='ocr_line' id='line_1_47' title="bbox 2063 1874 3708 1959; baseline -0.001 -21"><span class='ocrx_word' id='word_1_364' title='bbox 2063 1874 2291 1941; x_wconf 86' lang='lat' dir='ltr'><strong>nem.Si</strong></span> <span class='ocrx_word' id='word_1_365' title='bbox 2322 1878 2453 1958; x_wconf 90' lang='lat' dir='ltr'><strong>quis</strong></span> <span class='ocrx_word' id='word_1_366' title='bbox 2482 1878 2638 1939; x_wconf 91' lang='lat' dir='ltr'><strong>enim</strong></span> <span class='ocrx_word' id='word_1_367' title='bbox 2672 1897 2874 1939; x_wconf 89' lang='lat' dir='ltr'><strong>secum</strong></span> <span class='ocrx_word' id='word_1_368' title='bbox 2908 1886 3143 1959; x_wconf 89' lang='lat' dir='ltr'><strong>reputet</strong></span> <span class='ocrx_word' id='word_1_369' title='bbox 3173 1878 3328 1958; x_wconf 92' lang='lat' dir='ltr'><strong>quod</strong></span> <span class='ocrx_word' id='word_1_370' title='bbox 3372 1877 3575 1956; x_wconf 90' lang='lat' dir='ltr'><strong>etipse</strong></span> <span class='ocrx_word' id='word_1_371' title='bbox 3597 1876 3708 1937; x_wconf 88' lang='lat' dir='ltr'><strong>cir-</strong></span> 
     </span>
    </p>
   </div>
   <div class='ocr_carea' id='block_1_48' title="bbox 2063 1965 3706 2048">
    <p class='ocr_par' dir='ltr' id='par_1_48' title="bbox 2063 1965 3706 2048">
     <span class='ocr_line' id='line_1_48' title="bbox 2063 1965 3706 2048; baseline -0.002 -20"><span class='ocrx_word' id='word_1_372' title='bbox 2063 1966 2371 2028; x_wconf 85' lang='lat' dir='ltr'><strong>cumdatus</strong></span> <span class='ocrx_word' id='word_1_373' title='bbox 2399 1968 2473 2027; x_wconf 90' lang='lat' dir='ltr'><strong>sit</strong></span> <span class='ocrx_word' id='word_1_374' title='bbox 2503 1987 2749 2048; x_wconf 87' lang='lat' dir='ltr'><strong>corpore</strong></span> <span class='ocrx_word' id='word_1_375' title='bbox 2770 1969 2977 2029; x_wconf 72' lang='lat' dir='ltr'><strong>allecto</strong></span> <span class='ocrx_word' id='word_1_376' title='bbox 3004 1968 3172 2029; x_wconf 90' lang='lat' dir='ltr'><strong>malis</strong></span> <span class='ocrx_word' id='word_1_377' title='bbox 3193 1965 3706 2045; x_wconf 80' lang='lat' dir='ltr'><strong>similibus,magis</strong></span> 
     </span>
    </p>
   </div>
   <div class='ocr_carea' id='block_1_49' title="bbox 2064 2054 3703 2139">
    <p class='ocr_par' dir='ltr' id='par_1_49' title="bbox 2064 2054 3703 2139">
     <span class='ocr_line' id='line_1_49' title="bbox 2064 2054 3703 2139; baseline -0.001 -23"><span class='ocrx_word' id='word_1_378' title='bbox 2064 2056 2475 2118; x_wconf 87' lang='lat' dir='ltr'><strong>miserebitur:</strong></span> <span class='ocrx_word' id='word_1_379' title='bbox 2513 2058 2721 2139; x_wconf 88' lang='lat' dir='ltr'><strong>partim</strong></span> <span class='ocrx_word' id='word_1_380' title='bbox 2755 2078 2823 2118; x_wconf 87' lang='lat' dir='ltr'><strong>ex</strong></span> <span class='ocrx_word' id='word_1_381' title='bbox 2855 2057 3107 2119; x_wconf 78' lang='lat' dir='ltr'><strong>naturali</strong></span> <span class='ocrx_word' id='word_1_382' title='bbox 3133 2054 3536 2129; x_wconf 88' lang='lat' dir='ltr'><strong>condolentia,</strong></span> <span class='ocrx_word' id='word_1_383' title='bbox 3566 2073 3703 2135; x_wconf 88' lang='lat' dir='ltr'><strong>par-</strong></span> 
     </span>
    </p>
   </div>
   <div class='ocr_carea' id='block_1_50' title="bbox 2063 2142 3696 2221">
    <p class='ocr_par' dir='ltr' id='par_1_50' title="bbox 2063 2142 3696 2221">
     <span class='ocr_line' id='line_1_50' title="bbox 2063 2142 3696 2221; baseline -0.001 -17"><span class='ocrx_word' id='word_1_384' title='bbox 2063 2144 2166 2205; x_wconf 90' lang='lat' dir='ltr'><strong>tim</strong></span> <span class='ocrx_word' id='word_1_385' title='bbox 2189 2144 2263 2205; x_wconf 90' lang='lat' dir='ltr'><strong>ob</strong></span> <span class='ocrx_word' id='word_1_386' title='bbox 2286 2147 2668 2221; x_wconf 89' lang='lat' dir='ltr'><strong>timorem,ne</strong></span> <span class='ocrx_word' id='word_1_387' title='bbox 2684 2146 2900 2207; x_wconf 89' lang='lat' dir='ltr'><strong>similia</strong></span> <span class='ocrx_word' id='word_1_388' title='bbox 2919 2145 2994 2206; x_wconf 93' lang='lat' dir='ltr'><strong>ob</strong></span> <span class='ocrx_word' id='word_1_389' title='bbox 3011 2164 3175 2206; x_wconf 91' lang='lat' dir='ltr'><strong>suam</strong></span> <span class='ocrx_word' id='word_1_390' title='bbox 3207 2142 3696 2204; x_wconf 87' lang='lat' dir='ltr'><strong>inhumanitatem</strong></span> 
     </span>
    </p>
   </div>
   <div class='ocr_carea' id='block_1_51' title="bbox 2062 2230 3695 2315">
    <p class='ocr_par' dir='ltr' id='par_1_51' title="bbox 2062 2230 3695 2315">
     <span class='ocr_line' id='line_1_51' title="bbox 2062 2230 3695 2315; baseline -0.004 -21"><span class='ocrx_word' id='word_1_391' title='bbox 2062 2233 2337 2315; x_wconf 89' lang='lat' dir='ltr'><strong>patiatur.</strong></span> <span class='ocrx_word' id='word_1_392' title='bbox 2378 2235 2769 2297; x_wconf 73' lang='lat' dir='ltr'><strong>«Honorabile</strong></span> <span class='ocrx_word' id='word_1_393' title='bbox 2792 2234 3234 2314; x_wconf 86' lang='lat' dir='ltr'><strong>estconjugium</strong></span> <span class='ocrx_word' id='word_1_394' title='bbox 3268 2233 3325 2293; x_wconf 91' lang='lat' dir='ltr'><strong>in</strong></span> <span class='ocrx_word' id='word_1_395' title='bbox 3359 2230 3695 2293; x_wconf 63' lang='lat' dir='ltr'><strong>omnibus.»</strong></span> 
     </span>
    </p>
   </div>
   <div class='ocr_carea' id='block_1_52' title="bbox 2062 2321 3700 2406">
    <p class='ocr_par' dir='ltr' id='par_1_52' title="bbox 2062 2321 3700 2406">
     <span class='ocr_line' id='line_1_52' title="bbox 2062 2321 3700 2406; baseline -0.002 -23"><span class='ocrx_word' id='word_1_396' title='bbox 2062 2321 2192 2384; x_wconf 87' lang='lat' dir='ltr'><strong>Non</strong></span> <span class='ocrx_word' id='word_1_397' title='bbox 2217 2322 2279 2383; x_wconf 89' lang='lat' dir='ltr'><strong>in</strong></span> <span class='ocrx_word' id='word_1_398' title='bbox 2310 2325 2423 2385; x_wconf 85' lang='lat' dir='ltr'><strong>hoc</strong></span> <span class='ocrx_word' id='word_1_399' title='bbox 2453 2325 2694 2406; x_wconf 89' lang='lat' dir='ltr'><strong>quidem</strong></span> <span class='ocrx_word' id='word_1_400' title='bbox 2724 2323 3094 2405; x_wconf 89' lang='lat' dir='ltr'><strong>honorabile,</strong></span> <span class='ocrx_word' id='word_1_401' title='bbox 3129 2323 3191 2383; x_wconf 92' lang='lat' dir='ltr'><strong>in</strong></span> <span class='ocrx_word' id='word_1_402' title='bbox 3220 2321 3333 2384; x_wconf 88' lang='lat' dir='ltr'><strong>alio</strong></span> <span class='ocrx_word' id='word_1_403' title='bbox 3365 2338 3502 2381; x_wconf 90' lang='lat' dir='ltr'><strong>vero</strong></span> <span class='ocrx_word' id='word_1_404' title='bbox 3535 2338 3651 2381; x_wconf 91' lang='lat' dir='ltr'><strong>non</strong></span> <span class='ocrx_word' id='word_1_405' title='bbox 3685 2339 3700 2380; x_wconf 92' lang='lat'><strong>:</strong></span> 
     </span>
    </p>
   </div>
   <div class='ocr_carea' id='block_1_53' title="bbox 2064 2406 3703 2493">
    <p class='ocr_par' dir='ltr' id='par_1_53' title="bbox 2064 2406 3703 2493">
     <span class='ocr_line' id='line_1_53' title="bbox 2064 2406 3703 2493; baseline -0.002 -20"><span class='ocrx_word' id='word_1_406' title='bbox 2064 2411 2168 2473; x_wconf 88' lang='lat' dir='ltr'><strong>sed</strong></span> <span class='ocrx_word' id='word_1_407' title='bbox 2202 2411 2812 2493; x_wconf 82' lang='lat' dir='ltr'><strong>integre,pert‘ecte,et</strong></span> <span class='ocrx_word' id='word_1_408' title='bbox 2838 2411 3116 2473; x_wconf 88' lang='lat' dir='ltr'><strong>omnibus</strong></span> <span class='ocrx_word' id='word_1_409' title='bbox 3146 2410 3338 2473; x_wconf 90' lang='lat' dir='ltr'><strong>modis</strong></span> <span class='ocrx_word' id='word_1_410' title='bbox 3357 2406 3703 2472; x_wconf 88' lang='lat' dir='ltr'><strong>honorabile</strong></span> 
     </span>
    </p>
   </div>
   <div class='ocr_carea' id='block_1_54' title="bbox 2065 2498 3702 2582">
    <p class='ocr_par' dir='ltr' id='par_1_54' title="bbox 2065 2498 3702 2582">
     <span class='ocr_line' id='line_1_54' title="bbox 2065 2498 3702 2582; baseline -0.002 -21"><span class='ocrx_word' id='word_1_411' title='bbox 2065 2509 2124 2561; x_wconf 88' lang='lat' dir='ltr'><strong>et</strong></span> <span class='ocrx_word' id='word_1_412' title='bbox 2152 2501 2546 2582; x_wconf 90' lang='lat' dir='ltr'><strong>impollutum.</strong></span> <span class='ocrx_word' id='word_1_413' title='bbox 2589 2526 2610 2558; x_wconf 77' lang='grc' dir='ltr'><strong><em>α</em></strong></span> <span class='ocrx_word' id='word_1_414' title='bbox 2646 2501 3016 2564; x_wconf 87' lang='lat' dir='ltr'><strong>Scortatores</strong></span> <span class='ocrx_word' id='word_1_415' title='bbox 3065 2509 3261 2562; x_wconf 90' lang='lat' dir='ltr'><strong>autem</strong></span> <span class='ocrx_word' id='word_1_416' title='bbox 3319 2511 3375 2561; x_wconf 90' lang='lat' dir='ltr'><strong>et</strong></span> <span class='ocrx_word' id='word_1_417' title='bbox 3403 2498 3702 2561; x_wconf 88' lang='lat' dir='ltr'><strong>adulteros</strong></span> 
     </span>
    </p>
   </div>
   <div class='ocr_carea' id='block_1_55' title="bbox 2057 2586 3703 2668">
    <p class='ocr_par' dir='ltr' id='par_1_55' title="bbox 2057 2586 3703 2668">
     <span class='ocr_line' id='line_1_55' title="bbox 2057 2586 3703 2668; baseline -0.001 -19"><span class='ocrx_word' id='word_1_418' title='bbox 2057 2589 2554 2668; x_wconf 85' lang='lat' dir='ltr'><strong>judicahitDeus.</strong></span> <span class='ocrx_word' id='word_1_419' title='bbox 2590 2617 2616 2647; x_wconf 75' lang='lat'>»</span> <span class='ocrx_word' id='word_1_420' title='bbox 2672 2591 2741 2653; x_wconf 90' lang='lat' dir='ltr'><strong>Et</strong></span> <span class='ocrx_word' id='word_1_421' title='bbox 2792 2591 3022 2654; x_wconf 89' lang='lat' dir='ltr'><strong>merito.</strong></span> <span class='ocrx_word' id='word_1_422' title='bbox 3080 2591 3226 2653; x_wconf 88' lang='lat' dir='ltr'><strong>Nam</strong></span> <span class='ocrx_word' id='word_1_423' title='bbox 3259 2588 3308 2649; x_wconf 89' lang='lat' dir='ltr'><strong>si</strong></span> <span class='ocrx_word' id='word_1_424' title='bbox 3363 2586 3703 2667; x_wconf 87' lang='lat' dir='ltr'><strong>conjngium</strong></span> 
     </span>
    </p>
   </div>
   <div class='ocr_carea' id='block_1_56' title="bbox 2064 2675 3703 2762">
    <p class='ocr_par' dir='ltr' id='par_1_56' title="bbox 2064 2675 3703 2762">
     <span class='ocr_line' id='line_1_56' title="bbox 2064 2675 3703 2762; baseline -0.002 -23"><span class='ocrx_word' id='word_1_425' title='bbox 2064 2682 2417 2759; x_wconf 88' lang='lat' dir='ltr'><strong>permissum</strong></span> <span class='ocrx_word' id='word_1_426' title='bbox 2449 2691 2538 2742; x_wconf 89' lang='lat' dir='ltr'><strong>est</strong></span> <span class='ocrx_word' id='word_1_427' title='bbox 2566 2689 2623 2743; x_wconf 90' lang='lat' dir='ltr'><strong>et</strong></span> <span class='ocrx_word' id='word_1_428' title='bbox 2651 2682 2779 2743; x_wconf 78' lang='lat' dir='ltr'><strong>sine</strong></span> <span class='ocrx_word' id='word_1_429' title='bbox 2811 2688 3050 2762; x_wconf 88' lang='lat' dir='ltr'><strong>peccato</strong></span> <span class='ocrx_word' id='word_1_430' title='bbox 3080 2680 3218 2741; x_wconf 88' lang='lat' dir='ltr'><strong>licet</strong></span> <span class='ocrx_word' id='word_1_431' title='bbox 3244 2677 3316 2739; x_wconf 90' lang='lat' dir='ltr'><strong>ad</strong></span> <span class='ocrx_word' id='word_1_432' title='bbox 3352 2675 3703 2757; x_wconf 82' lang='lat' dir='ltr'><strong>explendam</strong></span> 
     </span>
    </p>
   </div>
   <div class='ocr_carea' id='block_1_57' title="bbox 2065 2766 3705 2851">
    <p class='ocr_par' dir='ltr' id='par_1_57' title="bbox 2065 2766 3705 2851">
     <span class='ocr_line' id='line_1_57' title="bbox 2065 2766 3705 2851; baseline -0.002 -22"><span class='ocrx_word' id='word_1_433' title='bbox 2065 2769 2631 2850; x_wconf 87' lang='lat' dir='ltr'><strong>concupiscentiam,</strong></span> <span class='ocrx_word' id='word_1_434' title='bbox 2664 2771 2799 2851; x_wconf 91' lang='lat' dir='ltr'><strong>quis</strong></span> <span class='ocrx_word' id='word_1_435' title='bbox 2823 2769 2938 2831; x_wconf 86' lang='lat' dir='ltr'><strong>erit</strong></span> <span class='ocrx_word' id='word_1_436' title='bbox 2964 2766 3363 2832; x_wconf 88' lang='lat' dir='ltr'><strong>excusationis</strong></span> <span class='ocrx_word' id='word_1_437' title='bbox 3391 2772 3705 2847; x_wconf 64' lang='lat' dir='ltr'><strong>praetextus</strong></span> 
     </span>
    </p>
   </div>
   <div class='ocr_carea' id='block_1_58' title="bbox 328 2853 1976 2955">
    <p class='ocr_par' dir='ltr' id='par_1_58' title="bbox 328 2853 1971 2955">
     <span class='ocr_line' id='line_1_58' title="bbox 328 2853 1971 2955; baseline 0 -26"><span class='ocrx_word' id='word_1_438' title='bbox 328 2853 479 2954; x_wconf 76' lang='grc' dir='ltr'>ἔχειν</span> <span class='ocrx_word' id='word_1_439' title='bbox 511 2870 795 2954; x_wconf 76' lang='grc' dir='ltr'>φιλόσοφον</span> <span class='ocrx_word' id='word_1_440' title='bbox 823 2853 912 2930; x_wconf 66' lang='grc' dir='ltr'><strong>διέί</strong></span> <span class='ocrx_word' id='word_1_441' title='bbox 966 2873 1347 2955; x_wconf 73' lang='grc' dir='ltr'>ἀφυλάργυρον,</span> <span class='ocrx_word' id='word_1_442' title='bbox 1401 2853 1544 2932; x_wconf 53' lang='lat' dir='ltr'><strong>(oo</strong></span> <span class='ocrx_word' id='word_1_443' title='bbox 1586 2875 1662 2949; x_wconf 79' lang='grc' dir='ltr'>μή</span> <span class='ocrx_word' id='word_1_444' title='bbox 1692 2853 1905 2931; x_wconf 87' lang='grc' dir='ltr'><strong>σε</strong></span> <span class='ocrx_word' id='word_1_445' title='bbox 1947 2894 1971 2929; x_wconf 72' lang='grc' dir='ltr'><strong><em>ι</em></strong></span> 
     </span>
    </p>
   </div>
   <div class='ocr_carea' id='block_1_59' title="bbox 2062 2853 3704 2955">
    <p class='ocr_par' dir='ltr' id='par_1_59' title="bbox 2062 2853 3704 2955">
     <span class='ocr_line' id='line_1_59' title="bbox 2062 2853 3704 2955; baseline -0.002 -36"><span class='ocrx_word' id='word_1_446' title='bbox 2062 2860 2487 2923; x_wconf 85' lang='lat' dir='ltr'><strong>scortatoribus</strong></span> <span class='ocrx_word' id='word_1_447' title='bbox 2508 2869 2565 2922; x_wconf 91' lang='lat' dir='ltr'><strong>et</strong></span> <span class='ocrx_word' id='word_1_448' title='bbox 2592 2860 2923 2923; x_wconf 83' lang='lat' dir='ltr'><strong>adulteris?</strong></span> <span class='ocrx_word' id='word_1_449' title='bbox 2957 2884 2984 2915; x_wconf 74' lang='grc' dir='ltr'><strong>α</strong></span> <span class='ocrx_word' id='word_1_450' title='bbox 3017 2860 3148 2924; x_wconf 89' lang='lat' dir='ltr'><strong>Sint</strong></span> <span class='ocrx_word' id='word_1_451' title='bbox 3194 2875 3392 2920; x_wconf 89' lang='lat' dir='ltr'><strong>mores</strong></span> <span class='ocrx_word' id='word_1_452' title='bbox 3423 2853 3602 2955; x_wconf 69' lang='lat' dir='ltr'><strong>alieni</strong></span> <span class='ocrx_word' id='word_1_453' title='bbox 3630 2853 3704 2916; x_wconf 88' lang='lat' dir='ltr'><strong>ab</strong></span> 
     </span>
    </p>
   </div>
   <div class='ocr_carea' id='block_1_60' title="bbox 332 2942 1976 3043">
    <p class='ocr_par' dir='ltr' id='par_1_60' title="bbox 332 2942 1976 3043">
     <span class='ocr_line' id='line_1_60' title="bbox 332 2942 1976 3043; baseline -0.001 -23"><span class='ocrx_word' id='word_1_454' title='bbox 332 2942 554 3030; x_wconf 64' lang='grc' dir='ltr'>’ἔπειδῆ</span> <span class='ocrx_word' id='word_1_455' title='bbox 629 2942 955 3042; x_wconf 76' lang='grc' dir='ltr'>ἁρπαγέντες</span> <span class='ocrx_word' id='word_1_456' title='bbox 1016 2942 1194 3032; x_wconf 50' lang='grc' dir='ltr'>’ἦσαν’</span> <span class='ocrx_word' id='word_1_457' title='bbox 1238 2942 1426 3043; x_wconf 55' lang='grc' dir='ltr'>’(λέγει</span> <span class='ocrx_word' id='word_1_458' title='bbox 1505 2942 1661 3043; x_wconf 28' lang='grc' dir='ltr'>γὰρ,</span> <span class='ocrx_word' id='word_1_459' title='bbox 1705 2963 1803 3021; x_wconf 78' lang='grc' dir='ltr'><strong>Καὶ</strong></span> <span class='ocrx_word' id='word_1_460' title='bbox 1878 2963 1976 3029; x_wconf 79' lang='grc' dir='ltr'>τὴν</span> 
     </span>
    </p>
   </div>
   <div class='ocr_carea' id='block_1_61' title="bbox 2062 2942 3706 3043">
    <p class='ocr_par' dir='ltr' id='par_1_61' title="bbox 2062 2944 3706 3043">
     <span class='ocr_line' id='line_1_61' title="bbox 2062 2944 3706 3043; baseline -0.002 -34"><span class='ocrx_word' id='word_1_461' title='bbox 2062 2952 2323 3013; x_wconf 68' lang='lat' dir='ltr'><strong>avaritia.</strong></span> <span class='ocrx_word' id='word_1_462' title='bbox 2354 2972 2382 3011; x_wconf 73' lang='grc' dir='ltr'><strong><em>ι</em></strong></span> <span class='ocrx_word' id='word_1_463' title='bbox 2420 2954 2550 3014; x_wconf 87' lang='lat' dir='ltr'><strong>Non</strong></span> <span class='ocrx_word' id='word_1_464' title='bbox 2581 2951 2728 3013; x_wconf 87' lang='lat' dir='ltr'><strong>dixit</strong></span> <span class='ocrx_word' id='word_1_465' title='bbox 2750 2950 2895 3013; x_wconf 89' lang='lat' dir='ltr'><strong>nihil</strong></span> <span class='ocrx_word' id='word_1_466' title='bbox 2918 2949 3341 3032; x_wconf 89' lang='lat' dir='ltr'><strong>acquirendum</strong></span> <span class='ocrx_word' id='word_1_467' title='bbox 3366 2944 3706 3043; x_wconf 38' lang='lat' dir='ltr'><strong>esse,id.qu.e</strong></span> 
     </span>
    </p>
   </div>
   <div class='ocr_carea' id='block_1_62' title="bbox 324 3033 1976 3133">
    <p class='ocr_par' dir='ltr' id='par_1_62' title="bbox 324 3033 1976 3133">
     <span class='ocr_line' id='line_1_62' title="bbox 324 3033 1976 3133; baseline -0.001 -24"><span class='ocrx_word' id='word_1_468' title='bbox 324 3051 576 3130; x_wconf 74' lang='grc' dir='ltr'>ἁρπαγὴν</span> <span class='ocrx_word' id='word_1_469' title='bbox 630 3033 751 3107; x_wconf 67' lang='grc' dir='ltr'>τιῦνσ</span> <span class='ocrx_word' id='word_1_470' title='bbox 787 3033 1145 3133; x_wconf 53' lang='grc' dir='ltr'>’ὑπαρχόντων</span> <span class='ocrx_word' id='word_1_471' title='bbox 1196 3033 1339 3127; x_wconf 54' lang='grc' dir='ltr'>ὑμξῦν</span> <span class='ocrx_word' id='word_1_472' title='bbox 1358 3033 1531 3127; x_wconf 48' lang='grc' dir='ltr'>’μετᾶ</span> <span class='ocrx_word' id='word_1_473' title='bbox 1570 3033 1741 3131; x_wconf 38' lang='grc' dir='ltr'>χαρᾶς</span> <span class='ocrx_word' id='word_1_474' title='bbox 1804 3073 1976 3131; x_wconf 87' lang='grc' dir='ltr'>προσ-</span> 
     </span>
    </p>
   </div>
   <div class='ocr_carea' id='block_1_63' title="bbox 2062 3033 3707 3133">
    <p class='ocr_par' dir='ltr' id='par_1_63' title="bbox 2063 3033 3707 3133">
     <span class='ocr_line' id='line_1_63' title="bbox 2063 3033 3707 3133; baseline -0.004 -32"><span class='ocrx_word' id='word_1_475' title='bbox 2063 3040 2436 3103; x_wconf 80' lang='lat' dir='ltr'><strong>manifestum</strong></span> <span class='ocrx_word' id='word_1_476' title='bbox 2471 3051 2560 3104; x_wconf 90' lang='lat' dir='ltr'><strong>est</strong></span> <span class='ocrx_word' id='word_1_477' title='bbox 2588 3062 2654 3104; x_wconf 82' lang='lat' dir='ltr'><strong>ex</strong></span> <span class='ocrx_word' id='word_1_478' title='bbox 2687 3061 2757 3105; x_wconf 90' lang='lat' dir='ltr'><strong>eo</strong></span> <span class='ocrx_word' id='word_1_479' title='bbox 2788 3041 2944 3123; x_wconf 89' lang='lat' dir='ltr'><strong>quod</strong></span> <span class='ocrx_word' id='word_1_480' title='bbox 2963 3041 3262 3133; x_wconf 82' lang='lat' dir='ltr'><strong>subjungit</strong></span> <span class='ocrx_word' id='word_1_481' title='bbox 3283 3033 3707 3133; x_wconf 24' lang='lat' dir='ltr'><strong>:AContentihis</strong></span> 
     </span>
    </p>
   </div>
   <div class='ocr_carea' id='block_1_64' title="bbox 324 3103 1976 3220">
    <p class='ocr_par' dir='ltr' id='par_1_64' title="bbox 324 3103 1969 3220">
     <span class='ocr_line' id='line_1_64' title="bbox 324 3103 1969 3220; baseline 0 -25"><span class='ocrx_word' id='word_1_482' title='bbox 324 3103 611 3220; x_wconf 64' lang='grc' dir='ltr'>εδέξαέθε),</span> <span class='ocrx_word' id='word_1_483' title='bbox 644 3103 1105 3219; x_wconf 50' lang='grc' dir='ltr'>παραινετΓοῗὸτοϊς</span> <span class='ocrx_word' id='word_1_484' title='bbox 1152 3103 1424 3219; x_wconf 51' lang='lat'><strong>69:31:30:</strong></span> <span class='ocrx_word' id='word_1_485' title='bbox 1421 3163 1435 3220; x_wconf 81' lang='grc' dir='ltr'><strong>ι</strong></span> <span class='ocrx_word' id='word_1_486' title='bbox 1492 3103 1612 3203; x_wconf 65' lang='grc' dir='ltr'>τοῖέ</span> <span class='ocrx_word' id='word_1_487' title='bbox 1650 3103 1921 3218; x_wconf 58' lang='grc' dir='ltr'><strong>Γπαιροῦὸιν</strong></span> <span class='ocrx_word' id='word_1_488' title='bbox 1955 3155 1969 3170; x_wconf 83' lang='lat'><strong>&#39;</strong></span> 
     </span>
    </p>
   </div>
   <div class='ocr_carea' id='block_1_65' title="bbox 2062 3103 3701 3220">
    <p class='ocr_par' dir='ltr' id='par_1_65' title="bbox 2062 3103 3701 3220">
     <span class='ocr_line' id='line_1_65' title="bbox 2062 3103 3701 3220; baseline -0.005 -28"><span class='ocrx_word' id='word_1_489' title='bbox 2062 3149 2191 3211; x_wconf 69' lang='lat' dir='ltr'><strong>quae</strong></span> <span class='ocrx_word' id='word_1_490' title='bbox 2210 3103 2937 3214; x_wconf 73' lang='lat' dir='ltr'><strong>adsunt,quchunqueitla</strong></span> <span class='ocrx_word' id='word_1_491' title='bbox 2955 3103 3330 3194; x_wconf 49' lang='lat' dir='ltr'><strong>t&#39;uerintised</strong></span> <span class='ocrx_word' id='word_1_492' title='bbox 3359 3138 3419 3189; x_wconf 91' lang='lat' dir='ltr'><strong>ut</strong></span> <span class='ocrx_word' id='word_1_493' title='bbox 3439 3126 3701 3189; x_wconf 88' lang='lat' dir='ltr'><strong>animum</strong></span> 
     </span>
    </p>
   </div>
   <div class='ocr_carea' id='block_1_66' title="bbox 321 3218 1976 3309">
    <p class='ocr_par' dir='ltr' id='par_1_66' title="bbox 321 3218 1969 3309">
     <span class='ocr_line' id='line_1_66' title="bbox 321 3218 1969 3309; baseline 0.001 -26"><span class='ocrx_word' id='word_1_494' title='bbox 321 3227 418 3284; x_wconf 69' lang='grc' dir='ltr'>ἵνα</span> <span class='ocrx_word' id='word_1_495' title='bbox 443 3228 523 3302; x_wconf 77' lang='grc' dir='ltr'>μὴ</span> <span class='ocrx_word' id='word_1_496' title='bbox 565 3218 796 3309; x_wconf 65' lang='grc' dir='ltr'>εἴποιεν,</span> <span class='ocrx_word' id='word_1_497' title='bbox 852 3230 1028 3293; x_wconf 75' lang='grc' dir='ltr'>Ποζοις</span> <span class='ocrx_word' id='word_1_498' title='bbox 1072 3218 1371 3308; x_wconf 70' lang='grc' dir='ltr'>παρὸῦσινς</span> <span class='ocrx_word' id='word_1_499' title='bbox 1423 3218 1765 3306; x_wconf 75' lang='grc' dir='ltr'>Ἠρπάγημεν</span> <span class='ocrx_word' id='word_1_500' title='bbox 1823 3229 1923 3307; x_wconf 82' lang='grc' dir='ltr'>γάρ</span> <span class='ocrx_word' id='word_1_501' title='bbox 1954 3245 1969 3261; x_wconf 88' lang='grc'>⁶</span> 
     </span>
    </p>
   </div>
   <div class='ocr_carea' id='block_1_67' title="bbox 2062 3218 3706 3309">
    <p class='ocr_par' dir='ltr' id='par_1_67' title="bbox 2062 3219 3706 3309">
     <span class='ocr_line' id='line_1_67' title="bbox 2062 3219 3706 3309; baseline -0.004 -27"><span class='ocrx_word' id='word_1_502' title='bbox 2062 3220 2386 3283; x_wconf 86' lang='lat' dir='ltr'><strong>habeamus</strong></span> <span class='ocrx_word' id='word_1_503' title='bbox 2415 3223 2912 3304; x_wconf 89' lang='lat' dir='ltr'><strong>philosophicum,</strong></span> <span class='ocrx_word' id='word_1_504' title='bbox 2939 3229 2997 3284; x_wconf 88' lang='lat' dir='ltr'><strong>et</strong></span> <span class='ocrx_word' id='word_1_505' title='bbox 3027 3239 3058 3281; x_wconf 90' lang='lat' dir='ltr'><strong>a</strong></span> <span class='ocrx_word' id='word_1_506' title='bbox 3090 3219 3477 3300; x_wconf 88' lang='lat' dir='ltr'><strong>pecuniarum</strong></span> <span class='ocrx_word' id='word_1_507' title='bbox 3503 3232 3706 3309; x_wconf 75' lang='lat' dir='ltr'><strong>amore</strong></span> 
     </span>
    </p>
   </div>
   <div class='ocr_carea' id='block_1_68' title="bbox 324 3303 1976 3398">
    <p class='ocr_par' dir='ltr' id='par_1_68' title="bbox 324 3303 1974 3398">
     <span class='ocr_line' id='line_1_68' title="bbox 324 3303 1974 3398; baseline 0.001 -27"><span class='ocrx_word' id='word_1_508' title='bbox 324 3316 485 3397; x_wconf 76' lang='grc' dir='ltr'>φησίν</span> <span class='ocrx_word' id='word_1_509' title='bbox 521 3333 534 3347; x_wconf 91' lang='grc'><strong>·</strong></span> <span class='ocrx_word' id='word_1_510' title='bbox 585 3314 753 3376; x_wconf 72' lang='grc' dir='ltr'>Ἀλλὰ</span> <span class='ocrx_word' id='word_1_511' title='bbox 780 3303 878 3374; x_wconf 56' lang='grc' dir='ltr'><strong>Ᾰιᾶν</strong></span> <span class='ocrx_word' id='word_1_512' title='bbox 908 3303 1213 3398; x_wconf 80' lang='grc' dir='ltr'>ἡρπάγητε,</span> <span class='ocrx_word' id='word_1_513' title='bbox 1258 3303 1499 3395; x_wconf 75' lang='grc' dir='ltr'>δύνασθε,</span> <span class='ocrx_word' id='word_1_514' title='bbox 1522 3303 1638 3381; x_wconf 76' lang='grc' dir='ltr'>τοῖς</span> <span class='ocrx_word' id='word_1_515' title='bbox 1667 3303 1974 3392; x_wconf 54' lang='grc' dir='ltr'>ὴομεῖνασι</span> 
     </span>
    </p>
   </div>
   <div class='ocr_carea' id='block_1_69' title="bbox 2062 3303 3701 3398">
    <p class='ocr_par' dir='ltr' id='par_1_69' title="bbox 2062 3303 3701 3398">
     <span class='ocr_line' id='line_1_69' title="bbox 2062 3303 3701 3398; baseline 0 -28"><span class='ocrx_word' id='word_1_516' title='bbox 2062 3309 2340 3372; x_wconf 84' lang='lat' dir='ltr'><strong>alienum.</strong></span> <span class='ocrx_word' id='word_1_517' title='bbox 2382 3303 2562 3373; x_wconf 82' lang='lat' dir='ltr'><strong>«Non</strong></span> <span class='ocrx_word' id='word_1_518' title='bbox 2596 3313 2805 3373; x_wconf 89' lang='lat' dir='ltr'><strong>desero</strong></span> <span class='ocrx_word' id='word_1_519' title='bbox 2838 3330 3031 3390; x_wconf 91' lang='lat' dir='ltr'><strong>neque</strong></span> <span class='ocrx_word' id='word_1_520' title='bbox 3063 3308 3504 3398; x_wconf 77' lang='lat' dir='ltr'><strong>derelinquo._»</strong></span> <span class='ocrx_word' id='word_1_521' title='bbox 3538 3303 3701 3398; x_wconf 68' lang='lat' dir='ltr'><strong>Quo-</strong></span> 
     </span>
    </p>
   </div>
   <div class='ocr_carea' id='block_1_70' title="bbox 326 3395 1976 3487">
    <p class='ocr_par' dir='ltr' id='par_1_70' title="bbox 326 3395 1976 3487">
     <span class='ocr_line' id='line_1_70' title="bbox 326 3395 1976 3487; baseline 0.001 -26"><span class='ocrx_word' id='word_1_522' title='bbox 326 3395 683 3485; x_wconf 81' lang='grc' dir='ltr'>βραχυτάτοις</span> <span class='ocrx_word' id='word_1_523' title='bbox 715 3406 858 3463; x_wconf 77' lang='grc' dir='ltr'>οὖσιν</span> <span class='ocrx_word' id='word_1_524' title='bbox 889 3395 1161 3487; x_wconf 54' lang='grc' dir='ltr'>ἀρπεῒσθαι</span> <span class='ocrx_word' id='word_1_525' title='bbox 1190 3404 1274 3462; x_wconf 80' lang='grc' dir='ltr'>διὰ</span> <span class='ocrx_word' id='word_1_526' title='bbox 1314 3407 1404 3461; x_wconf 90' lang='grc' dir='ltr'><strong>τὸν</strong></span> <span class='ocrx_word' id='word_1_527' title='bbox 1460 3404 1673 3461; x_wconf 79' lang='grc' dir='ltr'>εἰπόντα</span> <span class='ocrx_word' id='word_1_528' title='bbox 1716 3407 1868 3482; x_wconf 85' lang='grc' dir='ltr'>Θεὸν,</span> <span class='ocrx_word' id='word_1_529' title='bbox 1905 3409 1976 3465; x_wconf 70' lang='lat'><strong>0&#39;3</strong></span> 
     </span>
    </p>
   </div>
   <div class='ocr_carea' id='block_1_71' title="bbox 2062 3395 3701 3487">
    <p class='ocr_par' dir='ltr' id='par_1_71' title="bbox 2062 3395 3701 3487">
     <span class='ocr_line' id='line_1_71' title="bbox 2062 3395 3701 3487; baseline -0.002 -28"><span class='ocrx_word' id='word_1_530' title='bbox 2062 3403 2217 3460; x_wconf 86' lang='lat' dir='ltr'><strong>niam</strong></span> <span class='ocrx_word' id='word_1_531' title='bbox 2251 3401 2642 3481; x_wconf 88' lang='lat' dir='ltr'><strong>direptionem</strong></span> <span class='ocrx_word' id='word_1_532' title='bbox 2676 3402 2830 3482; x_wconf 84' lang='lat' dir='ltr'><strong>passi</strong></span> <span class='ocrx_word' id='word_1_533' title='bbox 2865 3409 3035 3463; x_wconf 87' lang='lat' dir='ltr'><strong>erant</strong></span> <span class='ocrx_word' id='word_1_534' title='bbox 3066 3400 3227 3480; x_wconf 84' lang='lat' dir='ltr'><strong>(nam</strong></span> <span class='ocrx_word' id='word_1_535' title='bbox 3260 3398 3362 3470; x_wconf 90' lang='lat' dir='ltr'><strong>ait,</strong></span> <span class='ocrx_word' id='word_1_536' title='bbox 3398 3395 3701 3487; x_wconf 80' lang='lat' dir='ltr'><strong>Direptio-</strong></span> 
     </span>
    </p>
   </div>
   <div class='ocr_carea' id='block_1_72' title="bbox 324 3483 1976 3572">
    <p class='ocr_par' dir='ltr' id='par_1_72' title="bbox 324 3483 1976 3572">
     <span class='ocr_line' id='line_1_72' title="bbox 324 3483 1976 3572; baseline 0.001 -22"><span class='ocrx_word' id='word_1_537' title='bbox 324 3496 404 3569; x_wconf 83' lang='grc' dir='ltr'>μή</span> <span class='ocrx_word' id='word_1_538' title='bbox 430 3483 491 3550; x_wconf 81' lang='grc' dir='ltr'><strong>σε</strong></span> <span class='ocrx_word' id='word_1_539' title='bbox 518 3495 652 3567; x_wconf 75' lang='grc' dir='ltr'>ἀνῶ,</span> <span class='ocrx_word' id='word_1_540' title='bbox 685 3483 975 3571; x_wconf 75' lang='grc' dir='ltr'>τουτέστιν,</span> <span class='ocrx_word' id='word_1_541' title='bbox 1004 3498 1078 3553; x_wconf 79' lang='grc' dir='ltr'><strong>Οὐ</strong></span> <span class='ocrx_word' id='word_1_542' title='bbox 1107 3497 1183 3572; x_wconf 80' lang='grc' dir='ltr'>μή</span> <span class='ocrx_word' id='word_1_543' title='bbox 1227 3516 1286 3551; x_wconf 88' lang='grc' dir='ltr'><strong>σε</strong></span> <span class='ocrx_word' id='word_1_544' title='bbox 1344 3494 1508 3568; x_wconf 78' lang='grc' dir='ltr'>ἐάσω,</span> <span class='ocrx_word' id='word_1_545' title='bbox 1560 3491 1665 3553; x_wconf 69' lang='grc' dir='ltr'>οὔδ’</span> <span class='ocrx_word' id='word_1_546' title='bbox 1711 3494 1769 3550; x_wconf 74' lang='grc' dir='ltr'>οὗ</span> <span class='ocrx_word' id='word_1_547' title='bbox 1811 3497 1888 3570; x_wconf 78' lang='grc' dir='ltr'>μή</span> <span class='ocrx_word' id='word_1_548' title='bbox 1919 3517 1976 3551; x_wconf 89' lang='grc' dir='ltr'><strong>σε</strong></span> 
     </span>
    </p>
   </div>
   <div class='ocr_carea' id='block_1_73' title="bbox 2062 3483 3699 3572">
    <p class='ocr_par' dir='ltr' id='par_1_73' title="bbox 2062 3483 3699 3572">
     <span class='ocr_line' id='line_1_73' title="bbox 2062 3483 3699 3572; baseline -0.004 -23"><span class='ocrx_word' id='word_1_549' title='bbox 2062 3508 2199 3550; x_wconf 90' lang='lat' dir='ltr'><strong>nem</strong></span> <span class='ocrx_word' id='word_1_550' title='bbox 2230 3490 2572 3552; x_wconf 79' lang='lat' dir='ltr'><strong>facultatum</strong></span> <span class='ocrx_word' id='word_1_551' title='bbox 2597 3499 2918 3552; x_wconf 86' lang='lat' dir='ltr'><strong>vestrarum</strong></span> <span class='ocrx_word' id='word_1_552' title='bbox 2938 3508 3071 3551; x_wconf 91' lang='lat' dir='ltr'><strong>cum</strong></span> <span class='ocrx_word' id='word_1_553' title='bbox 3096 3487 3307 3567; x_wconf 83' lang='lat' dir='ltr'><strong>gaudio</strong></span> <span class='ocrx_word' id='word_1_554' title='bbox 3331 3483 3699 3572; x_wconf 80' lang='lat' dir='ltr'><strong>accepistis),</strong></span> 
     </span>
    </p>
   </div>
   <div class='ocr_carea' id='block_1_74' title="bbox 324 3571 1976 3663">
    <p class='ocr_par' dir='ltr' id='par_1_74' title="bbox 324 3574 1976 3663">
     <span class='ocr_line' id='line_1_74' title="bbox 324 3574 1976 3663; baseline 0.003 -27"><span class='ocrx_word' id='word_1_555' title='bbox 324 3581 690 3660; x_wconf 75' lang='grc' dir='ltr'>ἐγκαταλίπω.</span> <span class='ocrx_word' id='word_1_556' title='bbox 730 3607 758 3639; x_wconf 72' lang='grc' dir='ltr'><strong>α</strong></span> <span class='ocrx_word' id='word_1_557' title='bbox 795 3574 970 3640; x_wconf 72' lang='grc' dir='ltr'><strong>υΩοντε</strong></span> <span class='ocrx_word' id='word_1_558' title='bbox 998 3583 1310 3663; x_wconf 79' lang='grc' dir='ltr'>θαῤῥοῦντας</span> <span class='ocrx_word' id='word_1_559' title='bbox 1338 3585 1482 3659; x_wconf 76' lang='grc' dir='ltr'>ἡμᾶς</span> <span class='ocrx_word' id='word_1_560' title='bbox 1538 3581 1714 3661; x_wconf 89' lang='grc' dir='ltr'>λέγειν</span> <span class='ocrx_word' id='word_1_561' title='bbox 1749 3603 1765 3620; x_wconf 79' lang='grc' dir='ltr'><strong>ο</strong></span> <span class='ocrx_word' id='word_1_562' title='bbox 1833 3606 1854 3638; x_wconf 74' lang='grc' dir='ltr'><strong><em>ι</em></strong></span> <span class='ocrx_word' id='word_1_563' title='bbox 1919 3585 1976 3641; x_wconf 79' lang='grc' dir='ltr'>Εἰ</span> 
     </span>
    </p>
   </div>
   <div class='ocr_carea' id='block_1_75' title="bbox 2062 3571 3703 3663">
    <p class='ocr_par' dir='ltr' id='par_1_75' title="bbox 2062 3571 3703 3663">
     <span class='ocr_line' id='line_1_75' title="bbox 2062 3571 3703 3663; baseline -0.003 -24"><span class='ocrx_word' id='word_1_564' title='bbox 2062 3578 2409 3641; x_wconf 84' lang='lat' dir='ltr'><strong>adhortatur</strong></span> <span class='ocrx_word' id='word_1_565' title='bbox 2440 3598 2542 3641; x_wconf 92' lang='lat' dir='ltr'><strong>eos</strong></span> <span class='ocrx_word' id='word_1_566' title='bbox 2584 3588 2644 3639; x_wconf 87' lang='lat' dir='ltr'><strong>ut</strong></span> <span class='ocrx_word' id='word_1_567' title='bbox 2674 3579 2765 3640; x_wconf 87' lang='lat' dir='ltr'><strong>bis</strong></span> <span class='ocrx_word' id='word_1_568' title='bbox 2794 3598 2924 3658; x_wconf 77' lang='lat' dir='ltr'><strong>quae</strong></span> <span class='ocrx_word' id='word_1_569' title='bbox 2943 3579 3157 3640; x_wconf 87' lang='lat' dir='ltr'><strong>adsunt</strong></span> <span class='ocrx_word' id='word_1_570' title='bbox 3177 3572 3437 3663; x_wconf 86' lang='lat' dir='ltr'><strong>contenti</strong></span> <span class='ocrx_word' id='word_1_571' title='bbox 3455 3574 3592 3634; x_wconf 89' lang='lat' dir='ltr'><strong>sint.</strong></span> <span class='ocrx_word' id='word_1_572' title='bbox 3616 3571 3703 3634; x_wconf 88' lang='lat' dir='ltr'><strong>Ne</strong></span> 
     </span>
    </p>
   </div>
   <div class='ocr_carea' id='block_1_76' title="bbox 329 3662 1976 3752">
    <p class='ocr_par' dir='ltr' id='par_1_76' title="bbox 329 3670 1971 3752">
     <span class='ocr_line' id='line_1_76' title="bbox 329 3670 1971 3752; baseline 0 -23"><span class='ocrx_word' id='word_1_573' title='bbox 329 3674 426 3729; x_wconf 74' lang='grc' dir='ltr'>οὐκ</span> <span class='ocrx_word' id='word_1_574' title='bbox 493 3670 575 3743; x_wconf 82' lang='grc' dir='ltr'>ἐᾷ,</span> <span class='ocrx_word' id='word_1_575' title='bbox 636 3671 754 3728; x_wconf 75' lang='grc' dir='ltr'>οῦδὲ</span> <span class='ocrx_word' id='word_1_576' title='bbox 809 3671 1259 3752; x_wconf 82' lang='grc' dir='ltr'>ἐγκαταλιμπάνει</span> <span class='ocrx_word' id='word_1_577' title='bbox 1322 3675 1351 3730; x_wconf 83' lang='grc' dir='ltr'><strong>ὁ</strong></span> <span class='ocrx_word' id='word_1_578' title='bbox 1422 3674 1578 3752; x_wconf 84' lang='grc' dir='ltr'>Θεὸς,</span> <span class='ocrx_word' id='word_1_579' title='bbox 1636 3671 1971 3752; x_wconf 74' lang='grc' dir='ltr'>θαῤῥοῦντας,</span> 
     </span>
    </p>
   </div>
   <div class='ocr_carea' id='block_1_77' title="bbox 2062 3662 3701 3752">
    <p class='ocr_par' dir='ltr' id='par_1_77' title="bbox 2062 3662 3701 3750">
     <span class='ocr_line' id='line_1_77' title="bbox 2062 3662 3701 3750; baseline -0.004 -22"><span class='ocrx_word' id='word_1_580' title='bbox 2062 3676 2254 3729; x_wconf 89' lang='lat' dir='ltr'><strong>autem</strong></span> <span class='ocrx_word' id='word_1_581' title='bbox 2294 3668 2494 3730; x_wconf 88' lang='lat' dir='ltr'><strong>dicere</strong></span> <span class='ocrx_word' id='word_1_582' title='bbox 2520 3668 2766 3750; x_wconf 87' lang='lat' dir='ltr'><strong>possint,</strong></span> <span class='ocrx_word' id='word_1_583' title='bbox 2803 3667 3079 3740; x_wconf 65' lang='lat' dir='ltr'><strong>Quaenam</strong></span> <span class='ocrx_word' id='word_1_584' title='bbox 3115 3668 3327 3728; x_wconf 89' lang='lat' dir='ltr'><strong>adsunt</strong></span> <span class='ocrx_word' id='word_1_585' title='bbox 3349 3662 3540 3738; x_wconf 87' lang='lat' dir='ltr'><strong>nobis,</strong></span> <span class='ocrx_word' id='word_1_586' title='bbox 3566 3680 3701 3724; x_wconf 81' lang='lat' dir='ltr'><strong>cum</strong></span> 
     </span>
    </p>
   </div>
   <div class='ocr_carea' id='block_1_78' title="bbox 321 3753 1976 3843">
    <p class='ocr_par' dir='ltr' id='par_1_78' title="bbox 321 3759 1971 3843">
     <span class='ocr_line' id='line_1_78' title="bbox 321 3759 1971 3843; baseline 0.002 -28"><span class='ocrx_word' id='word_1_587' title='bbox 321 3760 450 3838; x_wconf 78' lang='grc' dir='ltr'>φησὶ</span> <span class='ocrx_word' id='word_1_588' title='bbox 478 3759 653 3838; x_wconf 80' lang='grc' dir='ltr'>λέγειν</span> <span class='ocrx_word' id='word_1_589' title='bbox 694 3763 805 3843; x_wconf 80' lang='grc' dir='ltr'><strong>χρὴ</strong></span> <span class='ocrx_word' id='word_1_590' title='bbox 834 3764 895 3818; x_wconf 91' lang='grc' dir='ltr'><strong>τὸ</strong></span> <span class='ocrx_word' id='word_1_591' title='bbox 938 3772 1030 3821; x_wconf 88' lang='grc' dir='ltr'><strong>τοῦ</strong></span> <span class='ocrx_word' id='word_1_592' title='bbox 1062 3760 1238 3824; x_wconf 81' lang='grc' dir='ltr'><strong>Δαυίδ.</strong></span> <span class='ocrx_word' id='word_1_593' title='bbox 1297 3764 1356 3820; x_wconf 80' lang='grc' dir='ltr'><strong>Εἰ</strong></span> <span class='ocrx_word' id='word_1_594' title='bbox 1398 3762 1497 3841; x_wconf 84' lang='grc' dir='ltr'><strong>γὰρ</strong></span> <span class='ocrx_word' id='word_1_595' title='bbox 1541 3764 1570 3818; x_wconf 89' lang='lat'><strong>6</strong></span> <span class='ocrx_word' id='word_1_596' title='bbox 1601 3764 1728 3826; x_wconf 87' lang='grc' dir='ltr'>Θεὸς</span> <span class='ocrx_word' id='word_1_597' title='bbox 1760 3763 1971 3839; x_wconf 80' lang='grc' dir='ltr'>βοηθεῖ,</span> 
     </span>
    </p>
   </div>
   <div class='ocr_carea' id='block_1_79' title="bbox 2062 3753 3697 3843">
    <p class='ocr_par' dir='ltr' id='par_1_79' title="bbox 2062 3753 3697 3838">
     <span class='ocr_line' id='line_1_79' title="bbox 2062 3753 3697 3838; baseline -0.005 -19"><span class='ocrx_word' id='word_1_598' title='bbox 2062 3757 2454 3838; x_wconf 89' lang='lat' dir='ltr'><strong>direptionem</strong></span> <span class='ocrx_word' id='word_1_599' title='bbox 2474 3758 2629 3838; x_wconf 86' lang='lat' dir='ltr'><strong>passi</strong></span> <span class='ocrx_word' id='word_1_600' title='bbox 2643 3758 2827 3819; x_wconf 90' lang='lat' dir='ltr'><strong>simus</strong></span> <span class='ocrx_word' id='word_1_601' title='bbox 2846 3757 2876 3817; x_wconf 83' lang='lat'><strong>?</strong></span> <span class='ocrx_word' id='word_1_602' title='bbox 2896 3758 2975 3818; x_wconf 91' lang='lat' dir='ltr'><strong>ait</strong></span> <span class='ocrx_word' id='word_1_603' title='bbox 2999 3777 3013 3817; x_wconf 93' lang='lat'><strong>:</strong></span> <span class='ocrx_word' id='word_1_604' title='bbox 3039 3756 3156 3819; x_wconf 80' lang='lat' dir='ltr'><strong>Sed</strong></span> <span class='ocrx_word' id='word_1_605' title='bbox 3196 3754 3304 3815; x_wconf 89' lang='lat' dir='ltr'><strong>etsi</strong></span> <span class='ocrx_word' id='word_1_606' title='bbox 3332 3754 3484 3835; x_wconf 88' lang='lat' dir='ltr'><strong>passi</strong></span> <span class='ocrx_word' id='word_1_607' title='bbox 3509 3753 3697 3826; x_wconf 86' lang='lat' dir='ltr'><strong>estis),</strong></span> 
     </span>
    </p>
   </div>
   <div class='ocr_carea' id='block_1_80' title="bbox 319 3844 1976 3930">
    <p class='ocr_par' dir='ltr' id='par_1_80' title="bbox 319 3845 1975 3930">
     <span class='ocr_line' id='line_1_80' title="bbox 319 3845 1975 3930; baseline 0.001 -26"><span class='ocrx_word' id='word_1_608' title='bbox 319 3849 382 3904; x_wconf 76' lang='grc' dir='ltr'><strong>οῦ</strong></span> <span class='ocrx_word' id='word_1_609' title='bbox 432 3845 516 3905; x_wconf 76' lang='grc' dir='ltr'><strong>δεῖ</strong></span> <span class='ocrx_word' id='word_1_610' title='bbox 562 3849 695 3929; x_wconf 74' lang='grc' dir='ltr'>ὑπὲρ</span> <span class='ocrx_word' id='word_1_611' title='bbox 766 3852 874 3908; x_wconf 81' lang='grc' dir='ltr'>τῶν</span> <span class='ocrx_word' id='word_1_612' title='bbox 932 3851 1271 3929; x_wconf 82' lang='grc' dir='ltr'>ἁρπαζόντων</span> <span class='ocrx_word' id='word_1_613' title='bbox 1325 3850 1361 3920; x_wconf 76' lang='grc' dir='ltr'><strong>ἢ</strong></span> <span class='ocrx_word' id='word_1_614' title='bbox 1426 3851 1825 3930; x_wconf 76' lang='grc' dir='ltr'>ἐπηρεαζόντων</span> <span class='ocrx_word' id='word_1_615' title='bbox 1885 3849 1975 3906; x_wconf 87' lang='grc' dir='ltr'><strong>δε-</strong></span> 
     </span>
    </p>
   </div>
   <div class='ocr_carea' id='block_1_81' title="bbox 2062 3844 3699 3930">
    <p class='ocr_par' dir='ltr' id='par_1_81' title="bbox 2062 3844 3699 3927">
     <span class='ocr_line' id='line_1_81' title="bbox 2062 3844 3699 3927; baseline -0.004 -19"><span class='ocrx_word' id='word_1_616' title='bbox 2062 3846 2434 3927; x_wconf 86' lang='lat' dir='ltr'><strong>paucissimis</strong></span> <span class='ocrx_word' id='word_1_617' title='bbox 2451 3847 2544 3908; x_wconf 88' lang='lat' dir='ltr'><strong>his</strong></span> <span class='ocrx_word' id='word_1_618' title='bbox 2566 3865 2697 3927; x_wconf 61' lang='lat' dir='ltr'><strong>qua;</strong></span> <span class='ocrx_word' id='word_1_619' title='bbox 2717 3854 3132 3908; x_wconf 89' lang='lat' dir='ltr'><strong>remanserunt</strong></span> <span class='ocrx_word' id='word_1_620' title='bbox 3155 3844 3401 3924; x_wconf 90' lang='lat' dir='ltr'><strong>potestis</strong></span> <span class='ocrx_word' id='word_1_621' title='bbox 3418 3860 3549 3903; x_wconf 89' lang='lat' dir='ltr'><strong>esse</strong></span> <span class='ocrx_word' id='word_1_622' title='bbox 3561 3860 3699 3903; x_wconf 84' lang='lat' dir='ltr'><strong>con-</strong></span> 
     </span>
    </p>
   </div>
   <div class='ocr_carea' id='block_1_82' title="bbox 320 3931 3702 4017">
    <p class='ocr_par' dir='ltr' id='par_1_82' title="bbox 320 3931 3702 4017">
     <span class='ocr_line' id='line_1_82' title="bbox 320 3931 3702 4017; baseline -0.003 -18"><span class='ocrx_word' id='word_1_623' title='bbox 320 3931 580 3999; x_wconf 68' lang='lat' dir='ltr'><strong>3Otxévau.</strong></span> <span class='ocrx_word' id='word_1_624' title='bbox 2060 3936 2477 4017; x_wconf 88' lang='lat' dir='ltr'><strong>tenti,propter</strong></span> <span class='ocrx_word' id='word_1_625' title='bbox 2507 3935 2690 3999; x_wconf 90' lang='lat' dir='ltr'><strong>Deum</strong></span> <span class='ocrx_word' id='word_1_626' title='bbox 2741 3935 2840 4017; x_wconf 90' lang='lat' dir='ltr'><strong>qui</strong></span> <span class='ocrx_word' id='word_1_627' title='bbox 2881 3934 3064 3996; x_wconf 85' lang='lat' dir='ltr'><strong>dixit:</strong></span> <span class='ocrx_word' id='word_1_628' title='bbox 3092 3934 3218 3995; x_wconf 87' lang='lat' dir='ltr'><strong>Non</strong></span> <span class='ocrx_word' id='word_1_629' title='bbox 3243 3943 3297 3993; x_wconf 90' lang='lat' dir='ltr'><strong>te</strong></span> <span class='ocrx_word' id='word_1_630' title='bbox 3319 3933 3554 4007; x_wconf 89' lang='lat' dir='ltr'><strong>desero,</strong></span> <span class='ocrx_word' id='word_1_631' title='bbox 3589 3931 3702 3992; x_wconf 87' lang='lat' dir='ltr'><strong>hoc</strong></span> 
     </span>
    </p>
   </div>
   <div class='ocr_carea' id='block_1_83' title="bbox 320 4020 3705 4110">
    <p class='ocr_par' dir='ltr' id='par_1_83' title="bbox 320 4020 3705 4110">
     <span class='ocr_line' id='line_1_83' title="bbox 320 4020 3705 4110; baseline -0.001 -27"><span class='ocrx_word' id='word_1_632' title='bbox 320 4030 433 4110; x_wconf 85' lang='lat' dir='ltr'><strong>est,</strong></span> <span class='ocrx_word' id='word_1_633' title='bbox 453 4040 575 4084; x_wconf 90' lang='lat' dir='ltr'><strong>non</strong></span> <span class='ocrx_word' id='word_1_634' title='bbox 601 4030 659 4084; x_wconf 90' lang='lat' dir='ltr'><strong>te</strong></span> <span class='ocrx_word' id='word_1_635' title='bbox 684 4021 953 4086; x_wconf 84' lang='lat' dir='ltr'><strong>deseram</strong></span> <span class='ocrx_word' id='word_1_636' title='bbox 985 4044 1182 4107; x_wconf 87' lang='lat' dir='ltr'><strong>neque</strong></span> <span class='ocrx_word' id='word_1_637' title='bbox 1207 4034 1260 4089; x_wconf 89' lang='lat' dir='ltr'><strong>te</strong></span> <span class='ocrx_word' id='word_1_638' title='bbox 1284 4027 1721 4110; x_wconf 89' lang='lat' dir='ltr'><strong>derelinquam.</strong></span> <span class='ocrx_word' id='word_1_639' title='bbox 1762 4050 1782 4083; x_wconf 78' lang='grc' dir='ltr'><strong>ι</strong></span> <span class='ocrx_word' id='word_1_640' title='bbox 1814 4025 1890 4090; x_wconf 92' lang='lat' dir='ltr'><strong>Ut</strong></span> <span class='ocrx_word' id='word_1_641' title='bbox 1917 4027 2284 4089; x_wconf 84' lang='lat' dir='ltr'><strong>conﬁdentes</strong></span> <span class='ocrx_word' id='word_1_642' title='bbox 2315 4026 2604 4088; x_wconf 85' lang='lat' dir='ltr'><strong>dicamus.</strong></span> <span class='ocrx_word' id='word_1_643' title='bbox 2646 4050 2670 4080; x_wconf 70' lang='grc' dir='ltr'><strong>η</strong></span> <span class='ocrx_word' id='word_1_644' title='bbox 2709 4026 2769 4088; x_wconf 89' lang='lat' dir='ltr'><strong>Si</strong></span> <span class='ocrx_word' id='word_1_645' title='bbox 2796 4032 2912 4088; x_wconf 86' lang='lat' dir='ltr'><strong>non</strong></span> <span class='ocrx_word' id='word_1_646' title='bbox 2937 4024 3159 4087; x_wconf 88' lang='lat' dir='ltr'><strong>deserit</strong></span> <span class='ocrx_word' id='word_1_647' title='bbox 3180 4040 3288 4083; x_wconf 90' lang='lat' dir='ltr'><strong>nos</strong></span> <span class='ocrx_word' id='word_1_648' title='bbox 3306 4020 3483 4091; x_wconf 88' lang='lat' dir='ltr'><strong>Deus,</strong></span> <span class='ocrx_word' id='word_1_649' title='bbox 3510 4038 3705 4100; x_wconf 76' lang='lat' dir='ltr'><strong>neque</strong></span> 
     </span>
    </p>
   </div>
   <div class='ocr_carea' id='block_1_84' title="bbox 317 4109 3703 4198">
    <p class='ocr_par' dir='ltr' id='par_1_84' title="bbox 317 4109 3703 4198">
     <span class='ocr_line' id='line_1_84' title="bbox 317 4109 3703 4198; baseline -0 -27"><span class='ocrx_word' id='word_1_650' title='bbox 317 4109 712 4192; x_wconf 84' lang='lat' dir='ltr'><strong>derelinquit,</strong></span> <span class='ocrx_word' id='word_1_651' title='bbox 772 4112 1148 4177; x_wconf 84' lang='lat' dir='ltr'><strong>conﬁdentes</strong></span> <span class='ocrx_word' id='word_1_652' title='bbox 1176 4116 1382 4180; x_wconf 86' lang='lat' dir='ltr'><strong>dicere</strong></span> <span class='ocrx_word' id='word_1_653' title='bbox 1439 4109 1670 4198; x_wconf 90' lang='lat' dir='ltr'><strong>oportet</strong></span> <span class='ocrx_word' id='word_1_654' title='bbox 1730 4114 1877 4177; x_wconf 89' lang='lat' dir='ltr'><strong>illud</strong></span> <span class='ocrx_word' id='word_1_655' title='bbox 1939 4116 2096 4197; x_wconf 86' lang='lat' dir='ltr'><strong>quod</strong></span> <span class='ocrx_word' id='word_1_656' title='bbox 2129 4116 2210 4177; x_wconf 89' lang='lat' dir='ltr'><strong>ait</strong></span> <span class='ocrx_word' id='word_1_657' title='bbox 2239 4115 2440 4177; x_wconf 90' lang='lat' dir='ltr'><strong>David.</strong></span> <span class='ocrx_word' id='word_1_658' title='bbox 2474 4113 2618 4177; x_wconf 89' lang='lat' dir='ltr'><strong>Nam</strong></span> <span class='ocrx_word' id='word_1_659' title='bbox 2648 4114 2696 4175; x_wconf 91' lang='lat' dir='ltr'><strong>si</strong></span> <span class='ocrx_word' id='word_1_660' title='bbox 2728 4114 2885 4177; x_wconf 91' lang='lat' dir='ltr'><strong>Deus</strong></span> <span class='ocrx_word' id='word_1_661' title='bbox 2930 4113 3149 4176; x_wconf 82' lang='lat' dir='ltr'><strong>auxilio</strong></span> <span class='ocrx_word' id='word_1_662' title='bbox 3177 4120 3289 4186; x_wconf 91' lang='lat' dir='ltr'><strong>est,</strong></span> <span class='ocrx_word' id='word_1_663' title='bbox 3324 4129 3441 4171; x_wconf 91' lang='lat' dir='ltr'><strong>non</strong></span> <span class='ocrx_word' id='word_1_664' title='bbox 3471 4118 3703 4190; x_wconf 78' lang='lat' dir='ltr'><strong>Oportet</strong></span> 
     </span>
    </p>
   </div>
   <div class='ocr_carea' id='block_1_85' title="bbox 316 4200 1531 4280">
    <p class='ocr_par' dir='ltr' id='par_1_85' title="bbox 316 4200 1531 4280">
     <span class='ocr_line' id='line_1_85' title="bbox 316 4200 1531 4280; baseline 0.006 -19"><span class='ocrx_word' id='word_1_665' title='bbox 316 4207 583 4280; x_wconf 83' lang='lat' dir='ltr'><strong>raptores</strong></span> <span class='ocrx_word' id='word_1_666' title='bbox 611 4205 715 4261; x_wconf 90' lang='lat' dir='ltr'><strong>aut</strong></span> <span class='ocrx_word' id='word_1_667' title='bbox 743 4200 1211 4267; x_wconf 88' lang='lat' dir='ltr'><strong>calumniatores</strong></span> <span class='ocrx_word' id='word_1_668' title='bbox 1240 4214 1531 4268; x_wconf 89' lang='lat' dir='ltr'><strong>metuere.</strong></span> 
     </span>
    </p>
   </div>
   <div class='ocr_carea' id='block_1_86' title="bbox 404 4290 1976 4375">
    <p class='ocr_par' dir='ltr' id='par_1_86' title="bbox 404 4290 1965 4371">
     <span class='ocr_line' id='line_1_86' title="bbox 404 4290 1965 4371; baseline 0.004 -27"><span class='ocrx_word' id='word_1_669' title='bbox 404 4311 433 4344; x_wconf 74' lang='grc' dir='ltr'>ι</span> <span class='ocrx_word' id='word_1_670' title='bbox 480 4290 849 4364; x_wconf 77' lang='grc' dir='ltr'>Μνημονεύετε</span> <span class='ocrx_word' id='word_1_671' title='bbox 875 4298 982 4349; x_wconf 84' lang='grc' dir='ltr'><strong>τῶν</strong></span> <span class='ocrx_word' id='word_1_672' title='bbox 1011 4294 1321 4371; x_wconf 74' lang='grc' dir='ltr'>ἡγουμένων</span> <span class='ocrx_word' id='word_1_673' title='bbox 1349 4297 1519 4371; x_wconf 79' lang='grc' dir='ltr'>ὑμῶν,</span> <span class='ocrx_word' id='word_1_674' title='bbox 1547 4295 1743 4357; x_wconf 58' lang='grc' dir='ltr'>οἵτινες</span> <span class='ocrx_word' id='word_1_675' title='bbox 1775 4292 1965 4362; x_wconf 72' lang='grc' dir='ltr'>ἐλάλη-</span> 
     </span>
    </p>
   </div>
   <div class='ocr_carea' id='block_1_87' title="bbox 2062 4290 3701 4375">
    <p class='ocr_par' dir='ltr' id='par_1_87' title="bbox 2124 4293 3701 4375">
     <span class='ocr_line' id='line_1_87' title="bbox 2124 4293 3701 4375; baseline -0.004 -19"><span class='ocrx_word' id='word_1_676' title='bbox 2124 4293 2272 4369; x_wconf 84' lang='grc' dir='ltr'>ΧΙΙΙ,</span> <span class='ocrx_word' id='word_1_677' title='bbox 2312 4294 2423 4357; x_wconf 85' lang='grc'><strong>’1-8</strong></span> <span class='ocrx_word' id='word_1_678' title='bbox 2470 4293 2764 4357; x_wconf 75' lang='lat' dir='ltr'><strong>Memores</strong></span> <span class='ocrx_word' id='word_1_679' title='bbox 2820 4303 3007 4359; x_wconf 81' lang='lat' dir='ltr'><strong>estote</strong></span> <span class='ocrx_word' id='word_1_680' title='bbox 3043 4314 3252 4359; x_wconf 86' lang='lat' dir='ltr'><strong>eorum</strong></span> <span class='ocrx_word' id='word_1_681' title='bbox 3301 4297 3403 4375; x_wconf 80' lang='lat' dir='ltr'><strong>qui</strong></span> <span class='ocrx_word' id='word_1_682' title='bbox 3431 4295 3701 4373; x_wconf 78' lang='lat' dir='ltr'><strong>prwsunt</strong></span> 
     </span>
    </p>
   </div>
   <div class='ocr_carea' id='block_1_88' title="bbox 316 4376 1976 4464">
    <p class='ocr_par' dir='ltr' id='par_1_88' title="bbox 316 4376 1973 4464">
     <span class='ocr_line' id='line_1_88' title="bbox 316 4376 1973 4464; baseline 0.003 -30"><span class='ocrx_word' id='word_1_683' title='bbox 316 4398 415 4464; x_wconf 81' lang='grc' dir='ltr'><strong>σαν</strong></span> <span class='ocrx_word' id='word_1_684' title='bbox 440 4378 569 4453; x_wconf 78' lang='grc' dir='ltr'>ὑμῖν</span> <span class='ocrx_word' id='word_1_685' title='bbox 598 4380 692 4434; x_wconf 90' lang='grc' dir='ltr'><strong>τὸν</strong></span> <span class='ocrx_word' id='word_1_686' title='bbox 721 4376 881 4458; x_wconf 88' lang='grc' dir='ltr'>λόγον</span> <span class='ocrx_word' id='word_1_687' title='bbox 928 4387 1020 4437; x_wconf 89' lang='grc' dir='ltr'><strong>τοῦ</strong></span> <span class='ocrx_word' id='word_1_688' title='bbox 1062 4390 1213 4442; x_wconf 87' lang='grc' dir='ltr'>Θεοῦ.</span> <span class='ocrx_word' id='word_1_689' title='bbox 1266 4378 1361 4440; x_wconf 77' lang='grc' dir='ltr'><strong>Ὧν</strong></span> <span class='ocrx_word' id='word_1_690' title='bbox 1420 4384 1832 4463; x_wconf 72' lang='grc' dir='ltr'>ἀναθεωροῦντες</span> <span class='ocrx_word' id='word_1_691' title='bbox 1874 4384 1973 4451; x_wconf 76' lang='grc' dir='ltr'>τὴν</span> 
     </span>
    </p>
   </div>
   <div class='ocr_carea' id='block_1_89' title="bbox 2062 4376 3701 4464">
    <p class='ocr_par' dir='ltr' id='par_1_89' title="bbox 2062 4383 3701 4464">
     <span class='ocr_line' id='line_1_89' title="bbox 2062 4383 3701 4464; baseline -0.004 -19"><span class='ocrx_word' id='word_1_692' title='bbox 2062 4384 2354 4464; x_wconf 76' lang='lat' dir='ltr'><strong>vobis,qui</strong></span> <span class='ocrx_word' id='word_1_693' title='bbox 2386 4383 2570 4445; x_wconf 75' lang='lat' dir='ltr'><strong>loculi</strong></span> <span class='ocrx_word' id='word_1_694' title='bbox 2589 4392 2725 4445; x_wconf 78' lang='lat' dir='ltr'><strong>sunt</strong></span> <span class='ocrx_word' id='word_1_695' title='bbox 2756 4384 2918 4447; x_wconf 78' lang='lat' dir='ltr'><strong>vobis</strong></span> <span class='ocrx_word' id='word_1_696' title='bbox 2936 4404 3269 4448; x_wconf 74' lang='lat' dir='ltr'><strong>sermonem</strong></span> <span class='ocrx_word' id='word_1_697' title='bbox 3299 4386 3701 4464; x_wconf 80' lang='lat' dir='ltr'><strong>Dei,quorum</strong></span> 
     </span>
    </p>
   </div>
   <div class='ocr_carea' id='block_1_90' title="bbox 316 4463 1976 4555">
    <p class='ocr_par' dir='ltr' id='par_1_90' title="bbox 316 4463 1970 4550">
     <span class='ocr_line' id='line_1_90' title="bbox 316 4463 1970 4550; baseline 0.005 -29"><span class='ocrx_word' id='word_1_698' title='bbox 316 4463 529 4522; x_wconf 73' lang='grc' dir='ltr'>ἔκϐασιν</span> <span class='ocrx_word' id='word_1_699' title='bbox 557 4472 658 4535; x_wconf 77' lang='grc' dir='ltr'>τῆς</span> <span class='ocrx_word' id='word_1_700' title='bbox 688 4467 1043 4550; x_wconf 77' lang='grc' dir='ltr'>ἀναστροφῆς,</span> <span class='ocrx_word' id='word_1_701' title='bbox 1097 4476 1345 4548; x_wconf 80' lang='grc' dir='ltr'>μιμεῖσθε</span> <span class='ocrx_word' id='word_1_702' title='bbox 1401 4473 1499 4541; x_wconf 76' lang='grc' dir='ltr'>τὴν</span> <span class='ocrx_word' id='word_1_703' title='bbox 1529 4474 1727 4533; x_wconf 80' lang='grc' dir='ltr'>πίστιν,</span> <span class='ocrx_word' id='word_1_704' title='bbox 1764 4470 1970 4539; x_wconf 85' lang='grc' dir='ltr'>Ἰησοῦς</span> 
     </span>
    </p>
   </div>
   <div class='ocr_carea' id='block_1_91' title="bbox 2062 4463 3700 4555">
    <p class='ocr_par' dir='ltr' id='par_1_91' title="bbox 2062 4463 3700 4555">
     <span class='ocr_line' id='line_1_91' title="bbox 2062 4463 3700 4555; baseline -0.004 -21"><span class='ocrx_word' id='word_1_705' title='bbox 2062 4463 2381 4535; x_wconf 81' lang='lat' dir='ltr'><strong>imitemini</strong></span> <span class='ocrx_word' id='word_1_706' title='bbox 2409 4474 2607 4553; x_wconf 81' lang='lat' dir='ltr'><strong>ﬁdem,</strong></span> <span class='ocrx_word' id='word_1_707' title='bbox 2635 4475 3091 4539; x_wconf 78' lang='lat' dir='ltr'><strong>considerantes</strong></span> <span class='ocrx_word' id='word_1_708' title='bbox 3130 4478 3264 4555; x_wconf 77' lang='lat' dir='ltr'><strong>quis</strong></span> <span class='ocrx_word' id='word_1_709' title='bbox 3292 4463 3479 4552; x_wconf 72' lang='lat' dir='ltr'><strong>fuerit</strong></span> <span class='ocrx_word' id='word_1_710' title='bbox 3502 4478 3700 4534; x_wconf 70' lang='lat' dir='ltr'><strong>exitus</strong></span> 
     </span>
    </p>
   </div>
   <div class='ocr_carea' id='block_1_92' title="bbox 321 4555 1970 4639">
    <p class='ocr_par' dir='ltr' id='par_1_92' title="bbox 321 4555 1970 4639">
     <span class='ocr_line' id='line_1_92' title="bbox 321 4555 1970 4639; baseline 0.004 -28"><span class='ocrx_word' id='word_1_711' title='bbox 321 4555 547 4633; x_wconf 77' lang='grc' dir='ltr'>Χριστὸς</span> <span class='ocrx_word' id='word_1_712' title='bbox 618 4556 749 4635; x_wconf 78' lang='grc' dir='ltr'>χθὲς</span> <span class='ocrx_word' id='word_1_713' title='bbox 806 4559 896 4615; x_wconf 83' lang='grc' dir='ltr'>καὶ</span> <span class='ocrx_word' id='word_1_714' title='bbox 947 4560 1203 4639; x_wconf 77' lang='grc' dir='ltr'>σήμερον,</span> <span class='ocrx_word' id='word_1_715' title='bbox 1262 4563 1290 4618; x_wconf 91' lang='lat'><strong>6</strong></span> <span class='ocrx_word' id='word_1_716' title='bbox 1340 4561 1496 4624; x_wconf 71' lang='grc' dir='ltr'>αὐτὸς</span> <span class='ocrx_word' id='word_1_717' title='bbox 1566 4562 1653 4617; x_wconf 85' lang='grc' dir='ltr'>καὶ</span> <span class='ocrx_word' id='word_1_718' title='bbox 1724 4561 1794 4625; x_wconf 76' lang='grc' dir='ltr'><strong>εἰς</strong></span> <span class='ocrx_word' id='word_1_719' title='bbox 1849 4562 1970 4625; x_wconf 84' lang='grc' dir='ltr'>τοὺς</span> 
     </span>
    </p>
   </div>
   <div class='ocr_carea' id='block_1_93' title="bbox 321 4643 616 4709">
    <p class='ocr_par' dir='ltr' id='par_1_93' title="bbox 321 4643 616 4709">
     <span class='ocr_line' id='line_1_93' title="bbox 321 4643 616 4709; baseline 0.003 -8"><span class='ocrx_word' id='word_1_720' title='bbox 321 4643 539 4709; x_wconf 66' lang='grc' dir='ltr'>αἰῶνας.</span> <span class='ocrx_word' id='word_1_721' title='bbox 586 4667 616 4701; x_wconf 71' lang='grc' dir='ltr'><strong><em>ι</em></strong></span> 
     </span>
    </p>
   </div>
   <div class='ocr_carea' id='block_1_94' title="bbox 401 4732 1968 4815">
    <p class='ocr_par' dir='ltr' id='par_1_94' title="bbox 401 4732 1968 4815">
     <span class='ocr_line' id='line_1_94' title="bbox 401 4732 1968 4815; baseline 0.004 -29"><span class='ocrx_word' id='word_1_722' title='bbox 401 4750 426 4786; x_wconf 72' lang='grc' dir='ltr'><strong>ε</strong></span> <span class='ocrx_word' id='word_1_723' title='bbox 481 4732 853 4807; x_wconf 81' lang='grc' dir='ltr'>Μνημονεύετε</span> <span class='ocrx_word' id='word_1_724' title='bbox 908 4735 1014 4791; x_wconf 79' lang='grc' dir='ltr'><strong>τῶν</strong></span> <span class='ocrx_word' id='word_1_725' title='bbox 1068 4736 1402 4815; x_wconf 77' lang='grc' dir='ltr'>ἡγουμένων.</span> <span class='ocrx_word' id='word_1_726' title='bbox 1452 4759 1479 4798; x_wconf 73' lang='grc' dir='ltr'><strong><em>ι</em></strong></span> <span class='ocrx_word' id='word_1_727' title='bbox 1545 4743 1659 4798; x_wconf 83' lang='grc' dir='ltr'><strong>Τῶν</strong></span> <span class='ocrx_word' id='word_1_728' title='bbox 1716 4735 1968 4794; x_wconf 83' lang='grc' dir='ltr'>διδασκά-</span> 
     </span>
    </p>
   </div>
   <div class='ocr_carea' id='block_1_95' title="bbox 311 4814 1969 4906">
    <p class='ocr_par' dir='ltr' id='par_1_95' title="bbox 311 4814 1969 4906">
     <span class='ocr_line' id='line_1_95' title="bbox 311 4814 1969 4906; baseline 0.005 -33"><span class='ocrx_word' id='word_1_729' title='bbox 311 4816 440 4877; x_wconf 83' lang='grc' dir='ltr'>λων.</span> <span class='ocrx_word' id='word_1_730' title='bbox 482 4839 507 4875; x_wconf 77' lang='grc' dir='ltr'>ι</span> <span class='ocrx_word' id='word_1_731' title='bbox 545 4814 641 4876; x_wconf 70' lang='grc' dir='ltr'>Ὧν</span> <span class='ocrx_word' id='word_1_732' title='bbox 692 4814 1129 4900; x_wconf 54' lang='grc' dir='ltr'>ἀναθεωροῦντες,</span> <span class='ocrx_word' id='word_1_733' title='bbox 1167 4846 1190 4879; x_wconf 74' lang='grc' dir='ltr'><strong>ι</strong></span> <span class='ocrx_word' id='word_1_734' title='bbox 1239 4824 1727 4906; x_wconf 78' lang='grc' dir='ltr'>Ἀναλογιζόμενοι,</span> <span class='ocrx_word' id='word_1_735' title='bbox 1786 4824 1969 4891; x_wconf 79' lang='grc' dir='ltr'>ἐξετά-</span> 
     </span>
    </p>
   </div>
   <div class='ocr_carea' id='block_1_96' title="bbox 309 4908 1970 4994">
    <p class='ocr_par' dir='ltr' id='par_1_96' title="bbox 309 4908 1970 4994">
     <span class='ocr_line' id='line_1_96' title="bbox 309 4908 1970 4994; baseline 0.006 -33"><span class='ocrx_word' id='word_1_736' title='bbox 309 4913 511 4978; x_wconf 82' lang='grc' dir='ltr'>ζοντες.</span> <span class='ocrx_word' id='word_1_737' title='bbox 568 4908 794 4965; x_wconf 75' lang='grc' dir='ltr'>Δύναται</span> <span class='ocrx_word' id='word_1_738' title='bbox 854 4917 1011 4968; x_wconf 85' lang='grc' dir='ltr'>τοῦτο</span> <span class='ocrx_word' id='word_1_739' title='bbox 1064 4913 1153 4969; x_wconf 74' lang='grc' dir='ltr'><strong>καὶ</strong></span> <span class='ocrx_word' id='word_1_740' title='bbox 1209 4916 1327 4994; x_wconf 86' lang='grc' dir='ltr'>περὶ</span> <span class='ocrx_word' id='word_1_741' title='bbox 1382 4915 1835 4983; x_wconf 59' lang='grc' dir='ltr'>τετελευτηκότων</span> <span class='ocrx_word' id='word_1_742' title='bbox 1892 4917 1970 4971; x_wconf 83' lang='grc' dir='ltr'>εἰ-</span> 
     </span>
    </p>
   </div>
   <div class='ocr_carea' id='block_1_97' title="bbox 312 5000 1968 5083">
    <p class='ocr_par' dir='ltr' id='par_1_97' title="bbox 312 5000 1968 5083">
     <span class='ocr_line' id='line_1_97' title="bbox 312 5000 1968 5083; baseline 0.006 -30"><span class='ocrx_word' id='word_1_743' title='bbox 312 5000 523 5076; x_wconf 74' lang='grc' dir='ltr'>ρῆσθαι,</span> <span class='ocrx_word' id='word_1_744' title='bbox 557 5000 643 5055; x_wconf 76' lang='grc' dir='ltr'><strong>καὶ</strong></span> <span class='ocrx_word' id='word_1_745' title='bbox 668 5001 786 5078; x_wconf 84' lang='grc' dir='ltr'>περὶ</span> <span class='ocrx_word' id='word_1_746' title='bbox 815 5001 1043 5071; x_wconf 86' lang='grc' dir='ltr'>ζώντων.</span> <span class='ocrx_word' id='word_1_747' title='bbox 1067 5041 1075 5047; x_wconf 91' lang='grc'><strong>-</strong></span> <span class='ocrx_word' id='word_1_748' title='bbox 1095 5004 1559 5075; x_wconf 82' lang='grc' dir='ltr'>Τετελευτηκότων</span> <span class='ocrx_word' id='word_1_749' title='bbox 1604 5007 1700 5083; x_wconf 86' lang='grc' dir='ltr'><strong>μέν</strong></span> <span class='ocrx_word' id='word_1_750' title='bbox 1735 5027 1750 5043; x_wconf 79' lang='grc'><strong><em>⁸</em></strong></span> <span class='ocrx_word' id='word_1_751' title='bbox 1815 5015 1968 5064; x_wconf 88' lang='grc' dir='ltr'>Θεω-</span> 
     </span>
    </p>
   </div>
   <div class='ocr_carea' id='block_1_98' title="bbox 309 5089 1967 5176">
    <p class='ocr_par' dir='ltr' id='par_1_98' title="bbox 309 5089 1967 5176">
     <span class='ocr_line' id='line_1_98' title="bbox 309 5089 1967 5176; baseline 0.001 -26"><span class='ocrx_word' id='word_1_752' title='bbox 309 5091 562 5176; x_wconf 38' lang='grc' dir='ltr'>ραῦντες,</span> <span class='ocrx_word' id='word_1_753' title='bbox 606 5089 759 5166; x_wconf 82' lang='grc' dir='ltr'>φησὶ,</span> <span class='ocrx_word' id='word_1_754' title='bbox 816 5096 931 5153; x_wconf 83' lang='grc' dir='ltr'>πῶς</span> <span class='ocrx_word' id='word_1_755' title='bbox 990 5089 1239 5160; x_wconf 66' lang='grc' dir='ltr'>ἐξέϐησαν</span> <span class='ocrx_word' id='word_1_756' title='bbox 1294 5097 1385 5151; x_wconf 84' lang='grc' dir='ltr'><strong>τὸν</strong></span> <span class='ocrx_word' id='word_1_757' title='bbox 1441 5097 1577 5176; x_wconf 84' lang='grc' dir='ltr'>βίον,</span> <span class='ocrx_word' id='word_1_758' title='bbox 1651 5095 1776 5168; x_wconf 83' lang='grc' dir='ltr'>ποίᾳ</span> <span class='ocrx_word' id='word_1_759' title='bbox 1832 5096 1967 5152; x_wconf 87' lang='grc' dir='ltr'>ἀνα-</span> 
     </span>
    </p>
   </div>
   <div class='ocr_carea' id='block_1_99' title="bbox 312 5174 1963 5260">
    <p class='ocr_par' dir='ltr' id='par_1_99' title="bbox 312 5174 1963 5260">
     <span class='ocr_line' id='line_1_99' title="bbox 312 5174 1963 5260; baseline 0.008 -31"><span class='ocrx_word' id='word_1_760' title='bbox 312 5194 515 5255; x_wconf 73' lang='grc' dir='ltr'>στροφῃ</span> <span class='ocrx_word' id='word_1_761' title='bbox 546 5174 849 5254; x_wconf 73' lang='grc' dir='ltr'>ἐχρήσαντο</span> <span class='ocrx_word' id='word_1_762' title='bbox 876 5177 933 5234; x_wconf 83' lang='grc' dir='ltr'><strong>ἐν</strong></span> <span class='ocrx_word' id='word_1_763' title='bbox 959 5187 1036 5255; x_wconf 81' lang='grc' dir='ltr'>τῷ</span> <span class='ocrx_word' id='word_1_764' title='bbox 1085 5182 1293 5258; x_wconf 80' lang='grc' dir='ltr'>κόσμῳ,</span> <span class='ocrx_word' id='word_1_765' title='bbox 1329 5174 1583 5260; x_wconf 79' lang='grc' dir='ltr'>μέμετσθε</span> <span class='ocrx_word' id='word_1_766' title='bbox 1638 5185 1737 5252; x_wconf 67' lang='grc' dir='ltr'>τὴν</span> <span class='ocrx_word' id='word_1_767' title='bbox 1767 5185 1963 5243; x_wconf 84' lang='grc' dir='ltr'>πίστιν.</span> 
     </span>
    </p>
   </div>
   <div class='ocr_carea' id='block_1_100' title="bbox 316 5262 1966 5353">
    <p class='ocr_par' dir='ltr' id='par_1_100' title="bbox 316 5262 1966 5353">
     <span class='ocr_line' id='line_1_100' title="bbox 316 5262 1966 5353; baseline 0.008 -37"><span class='ocrx_word' id='word_1_768' title='bbox 316 5263 511 5353; x_wconf 36' lang='lat' dir='ltr'><strong>lii-7&amp;9</strong></span> <span class='ocrx_word' id='word_1_769' title='bbox 539 5262 953 5353; x_wconf 37' lang='lat' dir='ltr'><strong>ph-énieseucav</strong></span> <span class='ocrx_word' id='word_1_770' title='bbox 983 5268 1183 5328; x_wconf 74' lang='grc' dir='ltr'>ἐκεῖνοι</span> <span class='ocrx_word' id='word_1_771' title='bbox 1214 5285 1333 5336; x_wconf 77' lang='grc' dir='ltr'>τοῖς</span> <span class='ocrx_word' id='word_1_772' title='bbox 1382 5272 1691 5353; x_wconf 83' lang='grc' dir='ltr'>μέλλουσιν,</span> <span class='ocrx_word' id='word_1_773' title='bbox 1751 5273 1845 5330; x_wconf 74' lang='grc' dir='ltr'><strong>οῦκ</strong></span> <span class='ocrx_word' id='word_1_774' title='bbox 1905 5271 1966 5330; x_wconf 78' lang='grc' dir='ltr'>ἂν</span> 
     </span>
    </p>
   </div>
   <div class='ocr_carea' id='block_1_101' title="bbox 313 5348 1964 5441">
    <p class='ocr_par' dir='ltr' id='par_1_101' title="bbox 313 5348 1964 5441">
     <span class='ocr_line' id='line_1_101' title="bbox 313 5348 1964 5441; baseline 0.01 -38"><span class='ocrx_word' id='word_1_775' title='bbox 313 5348 531 5427; x_wconf 77' lang='grc' dir='ltr'>ἀρίστην</span> <span class='ocrx_word' id='word_1_776' title='bbox 617 5348 943 5418; x_wconf 65' lang='grc' dir='ltr'>ἐπεδείξαντο</span> <span class='ocrx_word' id='word_1_777' title='bbox 1020 5356 1316 5422; x_wconf 84' lang='grc' dir='ltr'>πολιτείαν.</span> <span class='ocrx_word' id='word_1_778' title='bbox 1386 5348 1513 5441; x_wconf 79' lang='grc' dir='ltr'>Περὶ</span> <span class='ocrx_word' id='word_1_779' title='bbox 1589 5348 1800 5434; x_wconf 76' lang='grc' dir='ltr'>ζώντων</span> <span class='ocrx_word' id='word_1_780' title='bbox 1852 5359 1964 5418; x_wconf 83' lang='grc' dir='ltr'><strong>δέ’</strong></span> 
     </span>
    </p>
   </div>
   <div class='ocr_carea' id='block_1_102' title="bbox 306 5442 1971 5529">
    <p class='ocr_par' dir='ltr' id='par_1_102' title="bbox 306 5442 1971 5529">
     <span class='ocr_line' id='line_1_102' title="bbox 306 5442 1971 5529; baseline 0.009 -36"><span class='ocrx_word' id='word_1_781' title='bbox 306 5442 659 5517; x_wconf 76' lang='grc' dir='ltr'>Θεωροῦντες,</span> <span class='ocrx_word' id='word_1_782' title='bbox 719 5442 873 5519; x_wconf 72' lang='grc' dir='ltr'>φησὶ,</span> <span class='ocrx_word' id='word_1_783' title='bbox 931 5450 1044 5508; x_wconf 84' lang='grc' dir='ltr'>πῶς</span> <span class='ocrx_word' id='word_1_784' title='bbox 1101 5445 1457 5529; x_wconf 79' lang='grc' dir='ltr'>διεξέρχονται</span> <span class='ocrx_word' id='word_1_785' title='bbox 1512 5449 1689 5517; x_wconf 80' lang='grc' dir='ltr'>καλῶς</span> <span class='ocrx_word' id='word_1_786' title='bbox 1745 5450 1844 5521; x_wconf 76' lang='grc' dir='ltr'>τὴν</span> <span class='ocrx_word' id='word_1_787' title='bbox 1916 5449 1971 5505; x_wconf 79' lang='grc' dir='ltr'><strong>ἐν</strong></span> 
     </span>
    </p>
   </div>
   <div class='ocr_carea' id='block_1_103' title="bbox 374 5564 1091 5659">
    <p class='ocr_par' dir='ltr' id='par_1_103' title="bbox 374 5564 1091 5659">
     <span class='ocr_line' id='line_1_103' title="bbox 374 5564 1091 5659; baseline 0.01 -28"><span class='ocrx_word' id='word_1_788' title='bbox 374 5564 432 5619; x_wconf 74' lang='grc'>91</span> <span class='ocrx_word' id='word_1_789' title='bbox 466 5565 628 5635; x_wconf 79' lang='lat' dir='ltr'><strong>Gen.</strong></span> <span class='ocrx_word' id='word_1_790' title='bbox 654 5585 821 5653; x_wconf 74' lang='lat' dir='ltr'><strong>xvru,</strong></span> <span class='ocrx_word' id='word_1_791' title='bbox 858 5578 882 5633; x_wconf 87' lang='lat'><strong>1</strong></span> <span class='ocrx_word' id='word_1_792' title='bbox 922 5592 1091 5659; x_wconf 85' lang='lat' dir='ltr'><strong>seqq.</strong></span> 
     </span>
    </p>
   </div>
   <div class='ocr_carea' id='block_1_104' title="bbox 2053 4563 3701 4627">
    <p class='ocr_par' dir='ltr' id='par_1_104' title="bbox 2053 4563 3701 4627">
     <span class='ocr_line' id='line_1_104' title="bbox 2053 4563 3701 4627; baseline 0.001 -4"><span class='ocrx_word' id='word_1_793' title='bbox 2053 4564 2531 4625; x_wconf 70' lang='lat' dir='ltr'><strong>conversationis</strong></span> <span class='ocrx_word' id='word_1_794' title='bbox 2590 4563 2857 4627; x_wconf 79' lang='lat' dir='ltr'><strong>illorum.</strong></span> <span class='ocrx_word' id='word_1_795' title='bbox 2908 4566 3083 4627; x_wconf 78' lang='lat' dir='ltr'><strong>Jesus</strong></span> <span class='ocrx_word' id='word_1_796' title='bbox 3134 4566 3417 4627; x_wconf 77' lang='lat' dir='ltr'><strong>Christus</strong></span> <span class='ocrx_word' id='word_1_797' title='bbox 3463 4564 3594 4626; x_wconf 84' lang='lat' dir='ltr'><strong>heri</strong></span> <span class='ocrx_word' id='word_1_798' title='bbox 3646 4570 3701 4625; x_wconf 88' lang='lat' dir='ltr'><strong>et</strong></span> 
     </span>
    </p>
   </div>
   <div class='ocr_carea' id='block_1_105' title="bbox 2051 4648 3031 4732">
    <p class='ocr_par' dir='ltr' id='par_1_105' title="bbox 2051 4648 3031 4732">
     <span class='ocr_line' id='line_1_105' title="bbox 2051 4648 3031 4732; baseline 0.001 -20"><span class='ocrx_word' id='word_1_799' title='bbox 2051 4648 2254 4732; x_wconf 77' lang='lat' dir='ltr'><strong>hodie,</strong></span> <span class='ocrx_word' id='word_1_800' title='bbox 2286 4652 2446 4715; x_wconf 77' lang='lat' dir='ltr'><strong>idem</strong></span> <span class='ocrx_word' id='word_1_801' title='bbox 2478 4659 2664 4716; x_wconf 77' lang='lat' dir='ltr'><strong>etiam</strong></span> <span class='ocrx_word' id='word_1_802' title='bbox 2694 4658 2761 4714; x_wconf 77' lang='lat' dir='ltr'><strong>in</strong></span> <span class='ocrx_word' id='word_1_803' title='bbox 2789 4654 3031 4716; x_wconf 76' lang='lat' dir='ltr'><strong>saecula.</strong></span> 
     </span>
    </p>
   </div>
   <div class='ocr_carea' id='block_1_106' title="bbox 2138 4737 3693 4823">
    <p class='ocr_par' dir='ltr' id='par_1_106' title="bbox 2138 4737 3693 4823">
     <span class='ocr_line' id='line_1_106' title="bbox 2138 4737 3693 4823; baseline -0.003 -20"><span class='ocrx_word' id='word_1_804' title='bbox 2138 4765 2164 4795; x_wconf 77' lang='grc' dir='ltr'>α</span> <span class='ocrx_word' id='word_1_805' title='bbox 2203 4737 2510 4803; x_wconf 66' lang='grc' dir='ltr'>Μεῐηοτθε</span> <span class='ocrx_word' id='word_1_806' title='bbox 2532 4750 2720 4804; x_wconf 88' lang='lat' dir='ltr'><strong>estote</strong></span> <span class='ocrx_word' id='word_1_807' title='bbox 2777 4761 2981 4805; x_wconf 90' lang='lat' dir='ltr'><strong>eorum</strong></span> <span class='ocrx_word' id='word_1_808' title='bbox 3014 4742 3113 4823; x_wconf 90' lang='lat' dir='ltr'><strong>qui</strong></span> <span class='ocrx_word' id='word_1_809' title='bbox 3147 4749 3405 4823; x_wconf 73' lang='lat' dir='ltr'><strong>prazsunt</strong></span> <span class='ocrx_word' id='word_1_810' title='bbox 3433 4742 3623 4804; x_wconf 85' lang='lat' dir='ltr'><strong>vobis.</strong></span> <span class='ocrx_word' id='word_1_811' title='bbox 3667 4768 3693 4798; x_wconf 79' lang='grc'>»</span> 
     </span>
    </p>
   </div>
   <div class='ocr_carea' id='block_1_107' title="bbox 2052 4826 3701 4910">
    <p class='ocr_par' dir='ltr' id='par_1_107' title="bbox 2052 4826 3701 4910">
     <span class='ocr_line' id='line_1_107' title="bbox 2052 4826 3701 4910; baseline 0.003 -21"><span class='ocrx_word' id='word_1_812' title='bbox 2052 4826 2509 4910; x_wconf 67' lang='lat' dir='ltr'><strong>Praeceptornm.</strong></span> <span class='ocrx_word' id='word_1_813' title='bbox 2557 4855 2577 4884; x_wconf 76' lang='grc' dir='ltr'><strong>ι</strong></span> <span class='ocrx_word' id='word_1_814' title='bbox 2639 4832 2897 4904; x_wconf 84' lang='lat' dir='ltr'><strong>Quorum</strong></span> <span class='ocrx_word' id='word_1_815' title='bbox 2956 4834 3175 4896; x_wconf 80' lang='lat' dir='ltr'><strong>exitum</strong></span> <span class='ocrx_word' id='word_1_816' title='bbox 3236 4832 3701 4894; x_wconf 82' lang='lat' dir='ltr'><strong>conversationis</strong></span> 
     </span>
    </p>
   </div>
   <div class='ocr_carea' id='block_1_108' title="bbox 2054 4916 3695 4999">
    <p class='ocr_par' dir='ltr' id='par_1_108' title="bbox 2054 4916 3695 4999">
     <span class='ocr_line' id='line_1_108' title="bbox 2054 4916 3695 4999; baseline 0.002 -22"><span class='ocrx_word' id='word_1_817' title='bbox 2054 4916 2525 4980; x_wconf 75' lang='lat' dir='ltr'><strong>considerantes.</strong></span> <span class='ocrx_word' id='word_1_818' title='bbox 2546 4944 2570 4973; x_wconf 73' lang='grc' dir='ltr'><strong><em>ι</em></strong></span> <span class='ocrx_word' id='word_1_819' title='bbox 2609 4920 2669 4981; x_wconf 94' lang='lat' dir='ltr'><strong>ld</strong></span> <span class='ocrx_word' id='word_1_820' title='bbox 2694 4930 2803 4991; x_wconf 89' lang='lat' dir='ltr'><strong>est,</strong></span> <span class='ocrx_word' id='word_1_821' title='bbox 2829 4920 3695 4999; x_wconf 76' lang='lat' dir='ltr'><strong>expendentes,examinantes.</strong></span> 
     </span>
    </p>
   </div>
   <div class='ocr_carea' id='block_1_109' title="bbox 2053 5003 3689 5072">
    <p class='ocr_par' dir='ltr' id='par_1_109' title="bbox 2053 5003 3689 5072">
     <span class='ocr_line' id='line_1_109' title="bbox 2053 5003 3689 5072; baseline 0.004 -7"><span class='ocrx_word' id='word_1_822' title='bbox 2053 5003 2251 5065; x_wconf 84' lang='lat' dir='ltr'><strong>Potest</strong></span> <span class='ocrx_word' id='word_1_823' title='bbox 2276 5005 2387 5066; x_wconf 91' lang='lat' dir='ltr'><strong>hoc</strong></span> <span class='ocrx_word' id='word_1_824' title='bbox 2429 5015 2486 5065; x_wconf 90' lang='lat' dir='ltr'><strong>et</strong></span> <span class='ocrx_word' id='word_1_825' title='bbox 2522 5006 2595 5067; x_wconf 89' lang='lat' dir='ltr'><strong>de</strong></span> <span class='ocrx_word' id='word_1_826' title='bbox 2640 5008 2887 5069; x_wconf 93' lang='lat' dir='ltr'><strong>mortuis</strong></span> <span class='ocrx_word' id='word_1_827' title='bbox 2917 5009 3140 5070; x_wconf 89' lang='lat' dir='ltr'><strong>dictum</strong></span> <span class='ocrx_word' id='word_1_828' title='bbox 3174 5028 3305 5071; x_wconf 86' lang='lat' dir='ltr'><strong>esse</strong></span> <span class='ocrx_word' id='word_1_829' title='bbox 3336 5018 3394 5071; x_wconf 90' lang='lat' dir='ltr'><strong>et</strong></span> <span class='ocrx_word' id='word_1_830' title='bbox 3422 5010 3498 5070; x_wconf 89' lang='lat' dir='ltr'><strong>de</strong></span> <span class='ocrx_word' id='word_1_831' title='bbox 3529 5009 3689 5072; x_wconf 86' lang='lat' dir='ltr'><strong>vivis.</strong></span> 
     </span>
    </p>
   </div>
   <div class='ocr_carea' id='block_1_110' title="bbox 2051 5093 3697 5177">
    <p class='ocr_par' dir='ltr' id='par_1_110' title="bbox 2051 5093 3697 5177">
     <span class='ocr_line' id='line_1_110' title="bbox 2051 5093 3697 5177; baseline 0.001 -21"><span class='ocrx_word' id='word_1_832' title='bbox 2051 5095 2137 5156; x_wconf 92' lang='lat' dir='ltr'><strong>De</strong></span> <span class='ocrx_word' id='word_1_833' title='bbox 2160 5093 2407 5154; x_wconf 91' lang='lat' dir='ltr'><strong>mortuis</strong></span> <span class='ocrx_word' id='word_1_834' title='bbox 2421 5095 2657 5174; x_wconf 86' lang='lat' dir='ltr'><strong>quidem</strong></span> <span class='ocrx_word' id='word_1_835' title='bbox 2681 5116 2694 5157; x_wconf 90' lang='lat'><strong>:</strong></span> <span class='ocrx_word' id='word_1_836' title='bbox 2724 5095 3486 5177; x_wconf 85' lang='lat' dir='ltr'><strong>Considerantesquomodo</strong></span> <span class='ocrx_word' id='word_1_837' title='bbox 3513 5107 3697 5158; x_wconf 89' lang='lat' dir='ltr'><strong>trans-</strong></span> 
     </span>
    </p>
   </div>
   <div class='ocr_carea' id='block_1_111' title="bbox 2053 5180 3696 5264">
    <p class='ocr_par' dir='ltr' id='par_1_111' title="bbox 2053 5180 3696 5264">
     <span class='ocr_line' id='line_1_111' title="bbox 2053 5180 3696 5264; baseline 0.003 -23"><span class='ocrx_word' id='word_1_838' title='bbox 2053 5180 2284 5258; x_wconf 85' lang='lat' dir='ltr'><strong>egerint</strong></span> <span class='ocrx_word' id='word_1_839' title='bbox 2337 5181 2535 5263; x_wconf 85' lang='lat' dir='ltr'><strong>vitam,</strong></span> <span class='ocrx_word' id='word_1_840' title='bbox 2599 5203 2713 5264; x_wconf 84' lang='lat' dir='ltr'><strong>qua</strong></span> <span class='ocrx_word' id='word_1_841' title='bbox 2785 5187 3230 5249; x_wconf 91' lang='lat' dir='ltr'><strong>conversatione</strong></span> <span class='ocrx_word' id='word_1_842' title='bbox 3289 5187 3378 5247; x_wconf 86' lang='lat' dir='ltr'><strong>usi</strong></span> <span class='ocrx_word' id='word_1_843' title='bbox 3462 5188 3580 5248; x_wconf 86' lang='lat' dir='ltr'><strong>sint</strong></span> <span class='ocrx_word' id='word_1_844' title='bbox 3635 5187 3696 5246; x_wconf 91' lang='lat' dir='ltr'><strong>in</strong></span> 
     </span>
    </p>
   </div>
   <div class='ocr_carea' id='block_1_112' title="bbox 2051 5270 3700 5343">
    <p class='ocr_par' dir='ltr' id='par_1_112' title="bbox 2051 5270 3700 5343">
     <span class='ocr_line' id='line_1_112' title="bbox 2051 5270 3700 5343; baseline 0.005 -13"><span class='ocrx_word' id='word_1_845' title='bbox 2051 5272 2293 5343; x_wconf 76' lang='lat' dir='ltr'><strong>mundo,</strong></span> <span class='ocrx_word' id='word_1_846' title='bbox 2355 5270 2673 5334; x_wconf 87' lang='lat' dir='ltr'><strong>imitemini</strong></span> <span class='ocrx_word' id='word_1_847' title='bbox 2732 5276 2933 5336; x_wconf 83' lang='lat' dir='ltr'><strong>tidem.</strong></span> <span class='ocrx_word' id='word_1_848' title='bbox 2988 5275 3111 5337; x_wconf 89' lang='lat' dir='ltr'><strong>Nisi</strong></span> <span class='ocrx_word' id='word_1_849' title='bbox 3164 5277 3320 5337; x_wconf 77' lang='lat' dir='ltr'><strong>enim</strong></span> <span class='ocrx_word' id='word_1_850' title='bbox 3372 5277 3455 5337; x_wconf 88' lang='lat' dir='ltr'><strong>illi</strong></span> <span class='ocrx_word' id='word_1_851' title='bbox 3489 5277 3700 5339; x_wconf 78' lang='lat' dir='ltr'><strong>futuris</strong></span> 
     </span>
    </p>
   </div>
   <div class='ocr_carea' id='block_1_113' title="bbox 2052 5358 3695 5444">
    <p class='ocr_par' dir='ltr' id='par_1_113' title="bbox 2052 5358 3695 5444">
     <span class='ocr_line' id='line_1_113' title="bbox 2052 5358 3695 5444; baseline 0.003 -23"><span class='ocrx_word' id='word_1_852' title='bbox 2052 5358 2470 5437; x_wconf 85' lang='lat' dir='ltr'><strong>credidissent,</strong></span> <span class='ocrx_word' id='word_1_853' title='bbox 2507 5371 2658 5422; x_wconf 68' lang='lat'><strong>48!</strong></span> <span class='ocrx_word' id='word_1_854' title='bbox 2727 5367 3008 5444; x_wconf 84' lang='lat' dir='ltr'><strong>optimam</strong></span> <span class='ocrx_word' id='word_1_855' title='bbox 3041 5368 3543 5427; x_wconf 83' lang='lat' dir='ltr'><strong>conversationem</strong></span> <span class='ocrx_word' id='word_1_856' title='bbox 3579 5386 3695 5427; x_wconf 92' lang='lat' dir='ltr'><strong>non</strong></span> 
     </span>
    </p>
   </div>
   <div class='ocr_carea' id='block_1_114' title="bbox 2051 5446 3698 5547">
    <p class='ocr_par' dir='ltr' id='par_1_114' title="bbox 2051 5446 3698 5547">
     <span class='ocr_line' id='line_1_114' title="bbox 2051 5446 3698 5547; baseline 0.008 -40"><span class='ocrx_word' id='word_1_857' title='bbox 2051 5446 2481 5517; x_wconf 82' lang='lat' dir='ltr'><strong>exhibuissent.</strong></span> <span class='ocrx_word' id='word_1_858' title='bbox 2515 5450 2599 5519; x_wconf 89' lang='lat' dir='ltr'><strong>De</strong></span> <span class='ocrx_word' id='word_1_859' title='bbox 2652 5452 2796 5521; x_wconf 85' lang='lat' dir='ltr'><strong>vivis</strong></span> <span class='ocrx_word' id='word_1_860' title='bbox 2826 5462 3018 5521; x_wconf 85' lang='lat' dir='ltr'><strong>autem</strong></span> <span class='ocrx_word' id='word_1_861' title='bbox 3049 5472 3064 5523; x_wconf 84' lang='lat'><strong>:</strong></span> <span class='ocrx_word' id='word_1_862' title='bbox 3099 5453 3557 5523; x_wconf 87' lang='lat' dir='ltr'><strong>Considerantes</strong></span> <span class='ocrx_word' id='word_1_863' title='bbox 3581 5474 3698 5547; x_wconf 88' lang='lat' dir='ltr'><strong>quo</strong></span> 
     </span>
    </p>
   </div>
  </div>
