4180 6212
322 321 439 384 445
1404 321 1798 384 COMMENT.
1849 319 1932 389 IN
1986 318 2009 377 Ε

2096 316 2225 377 [8Τ.
2277 315 2374 378 AD
2421 319 2648 380 HEBR.
3594 315 3714 382 446

318 452 480 508 αὐτοῦ
553 449 652 517 ἔξω
705 457 803 520 τῆς
867 451 1073 518 πόλεως
1133 451 1480 533 Ἰερουσαλὴμ.
1529 452 1973 524 ἀνεσκολοπίσθη,
1996 481 2009 506 Α

2096 448 2265 510 iundi
2299 450 2557 530 peccatis
2586 452 2806 514 effusus
2827 469 3063 516 omnem
3085 451 3368 514 mundum
3396 439 3706 532 purgaiiit:

323 539 410 597 διὰ
451 541 538 612 τὸ,
586 541 769 599 καὶτὰ
825 541 1048 616 σώματα
1105 548 1208 599 τῶν
1265 541 1392 622 ὑπὲρ
1449 543 1707 619 ἁμαρτίας
1765 546 1980 613 θυσιῶν,

2096 557 2282 620 'orpus
2330 559 2466 602 vero
2496 540 2683 622 ipsius
2732 551 2896 603 extra
2947 542 3239 603 civitatem
3290 540 3615 604 Jerusalem
3653 542 3710 602 in

326 629 428 694 ἔξω
463 634 562 695 τῆς
620 627 925 708 παραϐολῆς
976 631 1234 694 καίεσθαι,
1295 638 1458 689 Τοῦτο
1515 629 1579 698 δὴ
1636 630 1724 688 οὖν
1756 633 1816 687 τὸ
1847 634 1984 704 αἷμα

2096 647 2246 690 :ruce
2267 648 2620 709 suspensum
2642 641 2731 692 est
2757 649 2768 690 :
2790 650 2859 693 eo
2891 631 3044 712 quod
3070 631 3247 692 etiam
3271 647 3522 710 corpora
3541 629 3713 691 victi-

330 715 416 774 διὰ
458 720 552 774 τοῦ
591 716 715 796 παρ’
759 719 896 794 ἡμῖν
952 719 1245 799 ἀρχιερέως
1304 719 1592 800 εἰσφέρεται
1656 722 1728 784 εἰς
1772 721 1832 776 τὸ
1862 720 1984 798 παρ’

2096 743 2104 775 ι
2132 736 2298 779 arum
2333 737 2438 798 pro
2474 729 2710 800 peccato
2729 729 2892 782 extra
2913 728 3106 782 castra
3136 718 3576 782 cremabantur.
3607 719 3716 780 Hic

330 809 468 881 ἡμῖν
525 808 910 886 θυσιαστήριον.
991 809 1084 865 Διὸ
1156 809 1251 866 οῦκ
1325 807 1490 874 ἔξεστι
1548 822 1667 873 τοῖς
1725 807 1986 864 Ἰουδαίων

2096 815 2266 888 taque
2300 809 2538 887 sanguis
2596 828 2700 889 per
2761 811 3098 886 pontiﬁcem
3155 816 3417 870 nostrum
3469 807 3721 869 infertur

333 894 666 974 ἀρχιερεῦσιν
698 893 750 960 ἐξ
781 897 937 952 αὑτοῦ
964 904 1058 953 τοῦ
1085 898 1432 976 θυσιαστηρία
1459 910 1674 978 φαγεῖν.

2096 915 2252 977 .uper
2279 899 2460 960 altare
2492 899 2646 979 quod
2698 900 2850 979 apud
2901 918 3008 960 nos
3062 908 3151 960 est
3178 917 3190 960 :
3223 897 3446 960 idcirco
3480 917 3594 958 non
3627 907 3719 959 est

2071 985 2156 1048 t'as
2186 987 2524 1050 Iudaeorum
2559 987 2941 1067 pontiﬁcibus
2967 1007 3034 1049 ex
3069 987 3196 1068 ipso
3227 986 3398 1049 altari
3427 987 3633 1048 edere.

681 1075 696 1096 κ
743 1070 757 1092 9
890 1084 945 1108 ..⁸
1001 1075 1024 1095 ρο
1157 1075 1169 1092 1
1253 1076 1266 1096 ι
1309 1083 1334 1093 ο
1439 1077 1452 1095 \
1573 1086 1596 1096 _,
1847 1073 1872 1090 οὔ

423 1095 451 1127 ε
490 1074 583 1129 Διὸ
611 1096 698 1131 και
762 1083 945 1141 Ιησους
1009 1097 1094 1132 ινα
1146 1097 1343 1154 αγιαση
1383 1075 1468 1132 δια
1509 1099 1602 1135 του
1643 1073 1769 1132 ίδίου
1816 1096 1849 1130 α
1880 1096 1989 1146 μα-

2155 1075 2306 1151 XIII,
2339 1078 2553 1139 12-15.
2613 1076 2748 1152 Qua
2779 1085 3017 1157 qropter
3045 1085 3104 1139 et
3150 1079 3326 1139 Iesus
3355 1085 3423 1138 ut
3445 1076 3716 1154 sanctiﬁ-

335 1184 426 1226 τος
455 1163 548 1219 τὸν
579 1161 730 1237 λαὸν,
777 1163 874 1229 ἔξω
933 1169 1032 1232 τῆς
1075 1163 1247 1232 πύλης
1303 1164 1483 1224 ἔπαθε.
1531 1165 1710 1224 Τοίνυν
1753 1162 1987 1241 ἐξερχώ-

2096 1173 2237 1227 τανει
2277 1184 2398 1247 per
2435 1169 2759 1246 proprium
2801 1167 3166 1248 sanguinem
3207 1164 3516 1246 populum,
3547 1173 3718 1228 extra

337 1255 469 1328 μεθα
513 1253 644 1331 πρὸς
676 1254 833 1309 αὐτὸν
878 1251 977 1319 ἔξω
1031 1253 1126 1322 τῆς
1170 1253 1537 1334 παρεμϐολῆς,
1571 1255 1662 1312 τὸν
1693 1249 1990 1325 ὀνειδισμὸν

2096 1261 2310 1316 portum
2335 1273 2550 1334 passus
2580 1263 2691 1318 est.
2724 1256 3036 1319 Exeamus
3056 1256 3256 1336 igitur
3284 1254 3363 1315 ad
3391 1271 3526 1316 eum
3547 1261 3720 1316 extra

335 1345 496 1400 αὒτοῦ
524 1341 792 1421 φέροντες.
854 1343 928 1400 Οὔ
969 1342 1068 1423 γὰρ
1112 1341 1312 1423 ἔχομεν
1372 1344 1472 1400 ὧδε
1521 1343 1783 1420 μένουσαν
1811 1341 1990 1413 πόλιν,

2096 1351 2294 1419 :astra,
2329 1346 2722 1426 opprobrium
2753 1347 2877 1426 ejus
2903 1351 3232 1425 portantes.
3269 1346 3397 1405 Non
3419 1343 3577 1404 enim
3607 1342 3719 1404 ha-

336 1429 477 1487 ἀλλᾶ
498 1431 596 1497 τὴν
629 1429 924 1506 μέλλουσαν
955 1431 1337 1508 ἐπιζητοῦμεν,
1400 1432 1478 1488 Δι’
1530 1433 1688 1490 αὐτοῦ
1737 1431 1825 1489 οὖν
1869 1431 1991 1486 ἁνα-

2096 1434 2281 1494 bemus
2308 1433 2407 1496 hic
2437 1442 2778 1496 manentem
2835 1436 3159 1512 civitatem,
3191 1432 3295 1494 sed
3319 1434 3594 1509 futuram
3625 1432 3725 1493 in-

337 1520 578 1600 ιρέρωμεν
635 1521 813 1578 θυσίαν
871 1521 1116 1585 αἰνέσεως
1177 1521 1261 1578 διὰ
1318 1523 1518 1585 παντὸς
1572 1528 1648 1597 τῷ
1706 1528 1842 1597 Θεῷ,
1877 1542 1968 1576 του

2096 1523 2400 1600 ιαίνὶτηαε.
2434 1523 2558 1586 Per
2605 1530 2801 1604 ipsum
2859 1525 3047 1603 igitur
3096 1523 3408 1601 offerimus
3461 1521 3724 1584 hostium

338 1608 506 1688 τέστι,
581 1610 783 1688 καρπὸν
853 1609 1081 1690 χειλέων
1161 1610 1564 1691 ὁμολογούντων
1630 1617 1706 1685 τῷ
1775 1609 1993 1684 ὀνόματι

2096 1611 2276 1673 ῖαιιιίἱε
2329 1630 2564 1693 semper
2619 1613 2776 1675 Deo:
2809 1613 2920 1676 hoc
2975 1620 3058 1676 est
3106 1612 3376 1692 fructum
3427 1609 3728 1673 tabiorum

343 1698 522 1758 αὐτοῦ.
560 1723 588 1753 ι

2096 1701 2486 1780 :onﬁtentium
2518 1703 2750 1764 nomini
2779 1705 2936 1780 ejus.

431 1810 459 1842 ε
495 1790 590 1845 Διὸ
619 1789 706 1845 καὶ
733 1786 966 1856 Ἰησοῦς,
1006 1813 1030 1842 ι»
1067 1797 1230 1848 Τοῦτο
1259 1791 1390 1870 πρὸς
1444 1793 1564 1855 τοὺς
1626 1789 1994 1868 ἐπαπορήσαν-

2166 1812 2187 1843 α
2226 1787 2595 1870 Quapropter
2649 1800 2707 1852 et
2764 1793 2962 1853 Jews.
3003 1816 3024 1846 ο
3055 1789 3178 1850 Hoc
3219 1789 3289 1849 ad
3323 1807 3426 1851 eos
3454 1787 3598 1850 dicit
3626 1787 3726 1868 qui

343 1897 440 1940 τας
469 1875 556 1947 ἂν,
592 1884 714 1942 Πῶς
747 1877 922 1956 λέγεις
953 1877 1100 1959 ἔχειν
1155 1883 1519 1959 θυσιαστήριον
1548 1900 1564 1962 ;
1627 1881 1687 1938 Τί
1742 1880 1842 1958 γὰρ
1886 1877 1997 1936 ἐτυ-

2096 1877 2417 1940 laasitantes
2438 1880 2639 1940 dicere
2665 1889 2906 1959 possent
2929 1897 2942 1941 :
2967 1878 3271 1952 Quomodo
3293 1877 3380 1938 ais
3404 1895 3509 1937 nos
3535 1874 3722 1937 habe-

341 1967 410 2030 θη
437 1967 494 2020 ἒν
538 1965 683 2038 αὗτῷ
715 1985 730 2045 ;
781 1968 880 2024 Καὶ
907 1969 1006 2046 γὰρ
1039 1967 1124 2024 καὶ
1154 1968 1310 2033 αύτὸς
1341 1972 1368 2026 6
1400 1972 1646 2049 Χριστὸς,
1683 1969 1742 2025 ὃν
1772 1967 1880 2024 ἅνω
1908 1968 1993 2022 καὶ

2096 1985 2140 2027 'e
2169 1967 2355 2029 altare
2375 1973 2401 2027 ἲ
2457 1969 2596 2048 quid
2629 1988 2812 2049 super
2832 1969 3025 2049 ipsum
3052 1967 3311 2028 oblatum
3329 1975 3415 2028 est
3436 1974 3464 2028 ?
3484 1965 3719 2028 Etenim

345 2054 495 2109 κάτω
519 2055 791 2132 περιάγεις
825 2054 903 2111 ὅτι
948 2056 1126 2137 ἐτύθη,
1157 2055 1238 2114 ὅτι
1266 2060 1414 2116 θυσία
1442 2058 1657 2137 γέγονεν
1716 2057 1842 2136 ὅπερ
1899 2065 1992 2114 τοῦ

2101 2073 2204 2134 pse
2220 2075 2453 2136 quoque
2475 2059 2747 2121 Christus
2764 2058 2837 2118 de
2855 2076 2970 2138 quo
2997 2057 3171 2138 toties
3193 2057 3412 2117 asseris
3433 2053 3588 2136 quod
3615 2053 3723 2114 im-

346 2143 550 2217 κόσμου
573 2145 662 2200 καὶ
703 2147 996 2225 προσφορὰ,
1043 2145 1150 2205 οὐδ’
1207 2150 1360 2211 αὐτὸς
1419 2149 1504 2206 οὖν
1562 2148 1616 2204 ἐν
1671 2151 1748 2222 τῷ
1804 2151 1988 2204 θυσια-

347 2231 565 2316 στηρίῳ-
594 2255 698 2288 που
755 2233 984 2296 τέθυται,
1032 2237 1262 2315 Φανερὸν
1308 2237 1431 2316 γὰρ,
1478 2236 1558 2293 ὅτι
1618 2236 1715 2302 ἔξω
1770 2237 1869 2302 τῆς
1913 2233 2010 2289 πό-

349 2317 484 2384 λεως
552 2310 900 2400 ιΙερουσαλὴμ
969 2310 1184 2387 ἔπαθε..
1235 2310 1390 2405 Πρδς
1431 2327 1519 2383 οὖν
1589 2327 1826 2406 τούτους,
1887 2322 2009 2407 Ναὶ,

461 2411 479 2466 ὶ
607 2407 656 2450 νς
803 2411 818 2428 \
933 2411 956 2432 Ἰ
1036 2415 1064 2469 θ
1215 2415 1228 2434 9
1315 2416 1327 2434 ε
1468 2418 1480 2435 \
1638 2416 1650 2436 ρ
1846 2414 1895 2432 τε
1984 2437 1995 2448 ἱ

349 2432 460 2491 φησ
483 2433 532 2471 ν.
609 2431 706 2474 εηιυ
761 2433 859 2485 μεν
933 2433 1033 2468 επα
1068 2435 1143 2485 εν,
1206 2414 1342 2472 αλλα
1411 2413 1495 2474 δια
1563 2438 1746 2473 τουτου
1801 2414 2010 2489 μαΛλοδ

352 2499 821 2571 κατασκευάζεται,
893 2500 973 2558 ὅτι
1031 2501 1234 2582 ἔχομεν
1304 2507 1693 2584 θυσιαστὴριον.
1757 2507 1857 2564 Καὶ
1914 2506 2014 2583 γὰρ

357 2591 445 2646 καὶ
487 2585 610 2667 παρ’
677 2591 840 2664 ἡμῖν,
899 2593 990 2648 οῦκ
1061 2593 1113 2649 ἐν
1184 2597 1372 2658 αὐτοῖς
1429 2608 1547 2660 τοῖς
1612 2596 2008 2666 θυσιαστηρίοις

353 2680 695 2738 κατακαίεται
740 2684 845 2736 τῶν
888 2683 1153 2758 θυομένων
1195 2687 1260 2744 τὰ
1320 2686 1563 2762 σώματα,
1621 2684 1739 2741 ἀλλ’
1789 2683 1886 2750 ἔξω
1915 2683 2010 2750 τῆς

355 2767 724 2849 παρεμϐολῆς.
773 2772 872 2828 Καὶ
924 2770 1001 2828 ἔτι
1054 2771 1139 2834 διὰ
1194 2785 1346 2834 τοῦτο
1391 2775 1489 2841 ἔξω
1530 2780 1628 2842 τῆς
1685 2774 1855 2841 πύλης
1887 2772 2016 2829 ἔπα-

358 2864 445 2917 θεν
485 2857 579 2915 *ίνα
627 2859 850 2933 πάντας,
897 2862 986 2917 καὶ
1045 2863 1122 2938 μὴ
1181 2864 1340 2939 μόνον
1397 2866 1515 2927 τοὺς
1558 2867 1742 2943 ἱερεῖς,
1789 2863 2009 2946 ἀγιάστη

360 2950 421 3006 Εἰ
474 2946 529 3003 δὲ
599 2947 746 3006 θυσία
829 2949 1041 3028 γέγονεν
1099 2952 1227 3032 ὑπὲρ
1278 2954 1512 3027 πάντων,
1570 2959 1684 3015 πῶς
1753 2953 1876 3031 οὐχὶ
1927 2951 2012 3006 και

2094 2144 2343 2207 molatos
2367 2146 2464 2217 sit,
2491 2155 2650 2206 488
2675 2147 2829 2228 quod
2864 2146 3054 2208 hostia
3083 2146 3259 2208 fuerit
3291 2163 3395 2226 pro
3419 2144 3641 2206 mundo
3674 2151 3732 2204 et

2093 2232 2330 2294 oblatio.
2366 2254 2439 2295 ne
2490 2235 2618 2316 ipse
2664 2255 2844 2316 super
2899 2235 3135 2316 quidem
3187 2235 3369 2296 altare
3396 2233 3732 2294 immolatus

2095 2330 2219 2384 est:
2247 2323 2620 2386 manifestum
2639 2325 2796 2385 enim
2822 2334 2910 2388 est
2941 2326 3093 2405 quod
3124 2333 3287 2385 extra
3313 2323 3608 2384 civitatem
3627 2321 3731 2384 Je-

2093 2411 2348 2473 rusalem
2365 2432 2572 2493 passus
2593 2414 2786 2478 sit.Ad
2807 2415 2914 2475 hos
2935 2415 3117 2494 igitur
3138 2414 3414 2495 loquens:
3437 2411 3731 2484 Profecto,

2094 2499 2481 2580 inquit,extra
2503 2502 2792 2565 civitatem
2825 2521 3029 2583 passus
3056 2513 3144 2564 est
3178 2525 3191 2561 :
3227 2502 3332 2564 sed
3364 2520 3433 2563 ex
3463 2501 3578 2562 hoc
3605 2518 3734 2561 ma-

2095 2588 2184 2667 gis
2213 2591 2596 2653 conlirmatur
2652 2593 2807 2672 quod
2838 2591 3162 2654 habeamus
3190 2593 3399 2654 altare.
3427 2589 3733 2670 Siquidem

2098 2678 2274 2740 etiam
2297 2683 2447 2761 apud
2469 2680 2708 2744 Judmos
2730 2701 2848 2744 non
2897 2681 3219 2762 superipsa
3234 2681 3444 2742 altaria
3467 2696 3734 2740 creman-

2099 2774 2191 2828 tur
2222 2769 2552 2831 oblatornm
2597 2790 2866 2852 corpora.
2901 2771 3006 2834 sed
3047 2780 3210 2833 extra
3243 2778 3464 2850 castra;
3499 2778 3556 2830 et
3579 2786 3732 2850 prae-

2098 2864 2262 2918 terea
2289 2858 2364 2919 ob
2397 2859 2452 2920 id
2499 2871 2660 2922 extra
2693 2869 2917 2940 portam
2955 2879 3162 2941 passus
3203 2869 3314 2933 est,
3350 2868 3411 2920 ut
3441 2877 3649 2920 omnes
3679 2865 3737 2917 et

2097 2964 2212 3006 non
2251 2947 2767 3013 solossacerdotes
2795 2952 3193 3012 sanctiﬁcaret
3225 2970 3237 3009 :
3273 2947 3482 3030 quodsi
3504 2946 3740 3008 victima

356 3037 724 3117 θυσιαστήριόν
753 3041 896 3096 ἔστιν
932 3059 948 3121 ;
996 3043 1066 3100 Τὸ
1108 3041 1186 3120 δὲ,
1219 3065 1246 3097 σ
1296 3033 1419 3100 υἰνα
1450 3042 1645 3120 ἁγιάσῃ
1672 3042 1764 3098 τὸν
1792 3041 1943 3116 Λαὸι,
1980 3062 2002 3094 ο

2096 3035 2280 3097 lactus
2302 3047 2388 3098 est
2423 3058 2525 3119 pro
2555 3041 2854 3117 omnibus,
2894 3039 3190 3122 quomodo
3208 3057 3324 3100 non
3358 3037 3532 3099 etiam
3560 3037 3740 3098 altare

1977 3133 2002 3143 1-

358 3128 448 3182 καὶ
496 3125 667 3194 ἄλλην
723 3126 926 3184 ἔννοιαν
975 3128 1202 3192 δίδωσιν.
1239 3131 1435 3203 Εἶπον,
1492 3132 1673 3210 φησὶν,
1719 3128 1798 3185 ὅτι
1842 3131 1886 3185 οἱ
1943 3133 2010 3204 τῇ

358 3223 535 3292 σκηνῇ
579 3214 915 3296 λατρεύοντες
949 3223 1043 3278 οὒκ
1088 3219 1306 3300 ἔχουσιν
1337 3220 1572 3286 ἐξουσίαν
1611 3232 1804 3300 φαγεῖν
1833 3218 1894 3274 ἐκ
1920 3224 2010 3272 τοῦ

354 3305 722 3384 θυσιαστηρίου
764 3308 940 3382 ἡμῶν,
997 3312 1098 3389 οὐχ
1155 3308 1236 3365 ὅτι
1295 3306 1544 3365 ἀδύνατον
1603 3308 1786 3370 αὺτοῖς
1831 3317 2004 3372 τοῦτο,

355 3391 486 3450 ἀλλ’
518 3393 599 3450 ὅτι
630 3395 764 3450 κατὰ
807 3396 1026 3474 γνώμην
1059 3399 1278 3478 ἑαυτῶν,
1324 3397 1558 3463 ἀναξίους
1603 3399 1816 3459 ἑαυτοὺς
1873 3397 2003 3452 ἀπο-

362 3484 658 3562 φαίνουσιν,
719 3481 889 3562 Ἐπεὶ,
936 3487 997 3542 τό
1059 3508 1118 3564 γε
1181 3487 1284 3542 ἀπὸ
1340 3487 1434 3554 τῆς
1490 3485 1876 3565 φιλανθρωπίας
1921 3494 2012 3542 τοῦ

359 3579 605 3647 Χριστοῦ,
643 3577 702 3631 οὗ
755 3575 918 3649 μόνον
975 3577 1034 3632 οῦ
1072 3575 1388 3650 κεκώλυται,
1435 3573 1553 3632 ἀλλ’
1604 3577 1690 3632 καὶ
1759 3573 1826 3630 δι’
1885 3575 2011 3630 ach-3

362 3662 516 3720 τοῦτο
545 3661 827 3723 πέπονθεν.
862 3653 986 3722 ιἸνα
1017 3666 1114 3744 γὰρ
1155 3665 1376 3744 ἁγιάσῃ,
1435 3668 1613 3745 φησὶν,
1675 3665 1796 3743 οὐχὶ
1839 3661 2008 3741 τόνδε,

361 3750 398 3817 ἢ
456 3751 625 3831 τόνδε,
700 3751 838 3809 ἀλλὰ
919 3754 1201 3829 σύμπαντα
1280 3756 1370 3810 τὸν
1453 3753 1607 3824 λαὸν,
1667 3755 1754 3810 καὶ
1809 3754 2011 3827 ποιήσῃ

365 3841 551 3904 αὐτοὺς
595 3839 826 3907 ἑξούσίαν
881 3841 1036 3922 ἔχειν
1092 3845 1177 3899 καὶ
1241 3847 1303 3899 ἒκ
1359 3851 1449 3899 τοῦ
1491 3845 1855 3919 θυσιαστήριου
1915 3845 2012 3898 αῦ-

363 3936 457 3986 τοῦ
484 3928 692 4006 ἐσθίειν,
733 3951 757 3988 I
795 3929 891 3996 ἔξω
912 3935 1008 3999 τῆς
1041 3930 1210 3998 πύλης
1242 3931 1420 3988 ἔπαθε.
1464 3955 1485 3986 ι
1521 3965 1600 3975 -
1625 3955 1651 3985 ιι
1677 3930 1856 3988 Τοίνυν
1881 3929 2014 4006 ἐξερ-

368 4019 613 4097 χώμεθα.
660 4039 691 4079 )
744 4017 893 4077 Ἐπεὶ
936 4020 1023 4076 οὖν
1056 4023 1083 4076 6
1141 4026 1361 4098 Χριστος
1392 4020 1488 4086 ἔξω
1532 4020 1628 4087 τῆς
1674 4016 2014 4098 παρεμϐολῆς

367 4105 577 4181 ἔπαθεν,
637 4106 976 4189 ἐξερχώμεθα
1034 4110 1165 4188 πρὸς
1224 4109 1379 4165 αὐτὸν
1431 4109 1532 4174 ’έξω
1587 4111 1684 4174 τῆς
1742 4105 2014 4186 παρεμϐο-

369 4194 494 4275 λῆς,
537 4197 828 4270 τουτέστιν,
888 4197 987 4262 ἔξω
1035 4208 1129 4256 τοῦ
1178 4198 1402 4276 κόσμου,
1461 4196 1649 4272 μηδὲν,
1709 4199 1858 4277 φησὶ,
1920 4219 2016 4252 κο-

2093 3125 2226 3185 ost?
2247 3125 2410 3199 Quod
2443 3138 2636 3190 autem
2657 3132 2770 3191 ait:
2804 3157 2828 3185 ιι
2856 3130 2928 3193 Ut
2957 3129 3356 3192 sanctiﬁcaret
3389 3126 3733 3207 populum,»

2091 3214 2346 3294 aliquam
2367 3237 2600 3298 quoque
2624 3216 3497 3296 tribuitinlelligentiam.Dixit,
3521 3213 3737 3295 inquit,

2093 3303 2248 3384 quod
2277 3304 2348 3365 iis
2379 3306 2478 3385 qui
2504 3307 2884 3369 tabernaculo
2916 3308 3329 3385 serviunt,non
3349 3309 3423 3365 sit
3449 3306 3532 3365 fas
3555 3303 3735 3365 edere

2093 3411 2159 3452 ex
2194 3394 2359 3454 altari
2382 3403 2580 3455 nostro
2614 3414 2627 3458 :
2655 3415 2771 3456 non
2805 3397 2961 3476 quod
2995 3397 3105 3456 hoc
3137 3395 3224 3456 eis
3253 3393 3601 3472 contingere
3624 3411 3732 3454 ne-

2093 3491 2269 3560 queat
2291 3483 2406 3542 ullo
2439 3485 2637 3555 modo,
2671 3485 2772 3545 εειΙ
2808 3486 2962 3564 quod
2989 3503 3054 3544 ex
3090 3492 3289 3544 monte
3320 3501 3427 3543 sua
3459 3482 3734 3559 indignos

2093 3589 2227 3631 sese
2249 3571 2566 3633 exhibeant
2583 3591 2595 3635 :
2618 3573 2896 3652 quoniam
2921 3573 3071 3650 quod
3089 3572 3159 3632 ad
3176 3571 3393 3634 Christi
3408 3569 3737 3648 benignita-

2096 3670 2212 3719 tem
2263 3663 2539 3740 perlinet,
2603 3681 2716 3722 non
2776 3663 2964 3723 solum
3027 3681 3142 3722 non
3201 3671 3282 3722 est
3348 3659 3732 3740 prohibitum,

2097 3768 2295 3810 verum
2326 3749 2498 3810 etiam
2535 3760 2776 3830 prapter
2820 3753 2931 3812 hoc
2981 3751 3172 3832 ipsum
3235 3769 3439 3830 passus
3499 3757 3610 3811 est.
3663 3749 3737 3812 Ut

2099 3839 2256 3898 enim
2290 3841 2712 3914 sanctxﬁcaret,
2772 3841 2982 3921 inquit,
3039 3860 3154 3901 non
3213 3841 3371 3901 hunc
3418 3847 3514 3900 aut
3545 3838 3736 3910 illum,

2097 3927 2201 3988 sed
2235 3927 2570 3989 universum
2608 3930 2910 4009 populum,
2945 3939 3002 3991 et
3033 3931 3251 3992 faceret
3283 3939 3342 3990 ut
3369 3931 3454 3990 eis
3479 3930 3563 3990 fas
3585 3937 3740 3992 esset

2099 4034 2167 4076 ex
2203 4020 2326 4096 ipso
2356 4017 2522 4076 altari
2556 4018 2772 4089 vivere,
2811 4045 2835 4073 ‹‹
2876 4029 3036 4080 extra
3073 4029 3295 4099 portam
3324 4038 3527 4098 passus
3561 4027 3672 4080 est.
3715 4044 3737 4073 ο

2109 4132 2130 4157 α
2169 4104 2456 4166 Exeamus
2482 4107 2673 4184 igitur.
2719 4108 3037 4180 oQuoniam
3066 4109 3237 4184 ἰμίικτ
3256 4111 3522 4172 Christus
3542 4127 3745 4187 passus

2105 4204 2192 4255 est
2251 4203 2414 4256 extra
2472 4205 2688 4269 castra,
2747 4216 3025 4258 exeamus
3053 4198 3124 4258 ad
3158 4218 3290 4259 eum
3328 4207 3489 4258 extra
3521 4205 3738 4269 castra,

370 4285 558 4368 σμικίἰν
591 4287 727 4360 μήτε
776 4287 969 4364 γήϊνον
1021 4287 1158 4360 μήτε
1206 4292 1304 4352 τῆς
1356 4288 1499 4342 κάτω
1528 4285 1668 4350 ἰλύος
1697 4287 2009 4366 ἐπιφερόμε-

2104 4283 2215 4344 hoc
2250 4292 2357 4353 est,
2386 4292 2546 4344 extra
2576 4286 2883 4346 mundum.
2916 4287 3096 4353 Nihil.
3133 4287 3344 4368 inquit,
3378 4287 3739 4348 mundanun.

369 4396 474 4435 νοιο
515 4353 598 4453 Ἠ,
633 4373 731 4439 ἔξω
760 4382 853 4432 τοῦ
882 4375 1086 4449 κόσμου
1112 4391 1125 4404 ⁶
1163 4377 1220 4432 Εἰ
1249 4374 1376 4444 δέοι,
1423 4377 1573 4455 φησὶ,
1621 4377 1708 4432 καὶ
1737 4377 2009 4431 ἀποθανεῖν

2105 4384 2194 4431 aut
2227 4374 2706 4452 terrenum,nihil
2730 4375 2884 4454 quod
2909 4378 3016 4436 sub
3040 4377 3164 4435 solo
3186 4353 3258 4436 sit
3290 4393 3742 4455 prosequamur.

369 4465 501 4531 ὑπὲρ
544 4469 721 4537 αὐτοῦ,
781 4465 1039 4528 τουτέστι,
1096 4466 1160 4520 τὰ
1214 4463 1370 4540 ὅμοια
1413 4466 1555 4538 αὒτῴ
1613 4467 1926 4544 πάσχοντας
1992 4485 2009 4518 ε

2105 4464 2240 4541 Aut,
2275 4474 2437 4522 extra
2459 4464 2766 4542 mundum,
2800 4464 2908 4522 hor.
2935 4465 3108 4524 modo
3133 4483 3148 4524 :
3178 4463 3236 4524 Si
3275 4465 3453 4526 etiam
3505 4484 3652 4542 opus
3673 4464 3748 4523 sit

375 4549 581 4622 δεήσοι.
619 4561 783 4612 Τοῦτο
812 4555 910 4632 γὰρ
952 4552 1112 4620 δηλοῖ
1139 4555 1228 4610 καὶ
1253 4556 1336 4627 τὸ,
1370 4556 1470 4611 Τὸν
1515 4552 1807 4627 ὀνειδισμὸν
1868 4555 2009 4607 altu:

2109 4560 2356 4610 mortem
2398 4571 2501 4630 pro
2537 4555 2661 4630 ipso
2685 4551 2890 4613 obire:
2933 4554 3040 4614 hoc
3071 4562 3180 4628 est,
3214 4552 3430 4612 similia
3455 4571 3585 4612 cum
3620 4551 3747 4629 ipso

371 4641 639 4720 φέροντες,
685 4644 742 4698 ὃν
800 4643 956 4706 αὐτὸς
998 4641 1274 4720 ὑπέμεινε,
1336 4641 1420 4699 διά
1451 4665 1508 4698 τε
1536 4647 1641 4698 τῶν
1684 4641 2009 4720 σκωμμᾴτωε

2107 4639 2419 4718 patiamur,
2441 4639 2490 4699 si
2522 4659 2668 4717 opus
2717 4640 2891 4701 fuerit
2952 4640 3095 4701 Nam
3131 4641 3242 4702 hoc
3273 4640 3562 4718 signiﬁcat
3598 4637 3750 4720 :Op-

370 4717 459 4786 καί
490 4739 583 4788 τοῦ
613 4733 857 4810 σταυροῦ.
912 4765 992 4776 --
1051 4719 1252 4810 ”Λλλο.
1289 4727 1826 4809 [ΟΙΚΟΥΜΕΝΙΟΥ[,
1861 4717 2009 4784 ’Ἑοιε

2112 4717 2122 4802 ι
2151 4728 2410 4788 rubi-ium
2445 4729 2575 4807 ejus
2601 4738 2920 4806 portantes,
2973 4730 3029 4789 id
3054 4741 3162 4802 est,
3196 4717 3348 4808 quod
3387 4729 3510 4808 ipse
3545 4717 3751 4809 passus

368 4841 462 4875 κεν
491 4823 518 4876 6
574 4809 843 4883 θεσπέσιος
908 4817 1113 4883 Παῦλος
1179 4809 1329 4885 ’Ἑξω
1388 4825 1486 4886 τῆς
1541 4815 1870 4896 παραϐολῆς,
1929 4815 2009 4881 ἕξοι

2115 4826 2353 4889 est,tum
2381 4836 2485 4897 per
2504 4827 2846 4894 scommata,
2882 4827 2998 4880 tum
3027 4837 3130 4898 per
3159 4838 3505 4880 crucem.-—
3537 4819 3748 4880 Aliud.

367 4909 463 4964 τοῦ
505 4909 707 4983 κόσμου
753 4907 956 4986 λέγειν,
1013 4913 1165 4974 Ζωῆς
1223 4909 1324 4986 γὰρ
1378 4910 1520 4984 ἡμᾶς
1564 4907 1792 4973 ἐξίστησι
1847 4928 2003 4978 κοσμι

2112 4907 2362 4968 Videtur
2391 4906 2556 4966 divus
2587 4905 2798 4968 Paulus
2855 4907 3075 4972 dicere.
3114 4907 3286 4968 Extra
3320 4916 3512 4969 castra
3544 4927 3556 4968 :
3593 4916 3754 4968 extra

368 5003 496 5064 κῆς.
537 5018 560 5054 α
597 4997 668 5055 Οὔ
701 4999 800 5076 γὰρ
844 4995 1061 5077 ἔχωμεν
1101 4994 1202 5052 ὧδε
1249 4997 1506 5073 μένουσαν
1536 4995 1713 5056 πόλιν.
1743 5019 1770 5050 ι
1810 5004 1905 5050 Δεῖ
1935 4994 2009 5050 οὗι

2111 4996 2425 5056 mundum.
2454 4994 2596 5056 Nam
2617 5014 2649 5055 a
2682 4995 2978 5057 mundana
3008 4998 3119 5057 vita
3144 5016 3250 5057 nos
3280 4998 3519 5062 alienat.
3561 5021 3582 5051 ι
3624 5000 3750 5060 Non

373 5088 512 5160 μετὰ
581 5086 866 5165 προθυμίας
923 5088 1182 5165 αἱρεῖσθαι
1238 5089 1329 5143 τὸν
1399 5087 1528 5165 ὑπὲρ
1587 5084 1810 5162 Χριστοῦ
1864 5084 2009 5140 θάνα-

2112 5085 2270 5145 enim
2295 5084 2580 5145 habemus
2604 5083 2698 5144 hic
2728 5093 3060 5145 manentem
3097 5085 3412 5148 civitatem.
3451 5112 3474 5144 ν
3512 5085 3756 5167 Oportet

371 5199 485 5250 τον,
540 5174 795 5254 μάλιστα,
840 5177 1022 5253 φησὶν,
1077 5174 1158 5231 ὅτι
1201 5175 1294 5231 οῦκ
1346 5178 1474 5232 εἰσιν
1532 5177 1684 5250 ἡμῶν
1741 5171 1923 5237 πόλεις
1970 5175 2009 5227 ατ

2102 5172 2280 5251 igitur
2303 5173 2373 5234 ad
2401 5181 2648 5234 mortem
2701 5193 2805 5254 pro
2829 5174 3060 5237 Christo
3095 5175 3455 5240 tolerandam
3488 5185 3757 5256 prompto

369 5263 470 5319 ὧδε
503 5263 709 5328 πόλεις.
761 5263 894 5320 ἀλλὰ
943 5261 1027 5320 δεῖ
1098 5265 1282 5343 ἐτέρπν
1332 5272 1519 5336 ζητεῖν
1557 5272 1662 5344 τὴν,
1711 5261 2009 5338 μένουσαν⁴

2104 5263 2244 5322 ferri
2279 5263 2786 5336 animmmaxime,
2810 5262 3025 5344 inquit,
3058 5265 3212 5344 quod
3251 5284 3365 5325 non
3401 5265 3758 5329 sintnostraa

373 5355 523 5408 αὗται
553 5354 652 5430 γὰρ
684 5351 1026 5415 ἀπόλλυνται,
1067 5372 1096 5410 (
1132 5351 1211 5409 Δι’
1243 5354 1396 5410 αὐτοῦ
1439 5353 1547 5409 οῦν.
1589 5377 1612 5411 ι»
1652 5343 1741 5416 Ὠς
1771 5349 1837 5406 δι’
1864 5348 2009 5442 1ζεξρχι·

2104 5351 2370 5414 civitates
2393 5370 2523 5432 quae
2562 5351 2658 5414 hic
2705 5361 2845 5414 sunt
2874 5343 3162 5428 civitates,
3198 5355 3298 5416 sed
3325 5355 3500 5416 aliam
3537 5363 3761 5437 oporte

370 5443 529 5520 ερέως
557 5445 617 5498 τὸ
660 5443 795 5497 κατὰ
826 5441 1011 5520 σάρκα.
1052 5463 1079 5500 ι
1117 5443 1212 5496 Δια
1255 5443 1450 5504 παντὸς
1493 5449 1568 5516 τῷ
1611 5446 1746 5514 Θεῷ,
1785 5463 1811 5492 ι
1869 5440 1924 5494 Ἠ
1958 5440 2009 5493 τὲ

2099 5459 2368 5522 quaerere
2392 5442 2852 5523 manentem,ha3
2872 5442 3029 5503 enim
3055 5452 3330 5524 pereunt.
3374 5466 3399 5503 ι
3434 5443 3545 5506 Per
3565 5446 3756 5525 ipsum

369 5532 552 5610 Πατρὶ,
589 5530 624 5598 ἢ
669 5530 790 5609 γοῦν
839 5533 978 5604 αὐτῷ
1007 5528 1074 5586 δι’
1116 5532 1320 5590 ἑαυτοῦ.
1383 5556 1407 5585 α
1447 5531 1656 5606 Καρπὸν
1686 5525 1936 5607 χειλέων,
1987 5549 2009 5585 ι

2097 5528 2337 5608 igitur.»
2369 5529 2671 5611 Tanquam
2706 5549 2813 5612 per
2849 5529 3214 5612 pontiﬁcem,
3249 5535 3583 5595 secundum
3621 5551 3759 5594 car-

379 5621 438 5679 Τί
481 5618 536 5677 δέ
589 5623 702 5677 ἔστι
745 5622 947 5699 καρπὸς
993 5618 1269 5700 χειλέωνς
1339 5621 1514 5700 εὐχαὶ,
1584 5617 1759 5696 ὕμνοι,
1811 5615 2009 5687 δεήσεις

2096 5638 2232 5682 nem
2265 5618 2476 5702 ipsius.
2519 5643 2541 5676 ι
2575 5617 2824 5703 Semper
2880 5622 3032 5685 Deo.
3080 5645 3104 5682 ι
3139 5622 3256 5685 Aut
3295 5621 3479 5700 Patri,
3511 5629 3611 5686 aut
3638 5621 3729 5704 ips
