4180 6212
411 331 529 397 447
553 303 559 309 ’

1530 330 1943 401 (ECUMENII
1986 328 2281 393 TRIGCE
2319 330 2652 395 EPISGOPI

3660 330 3779 397 448

410 492 521 555 per
547 474 833 556 seipsum.
864 498 891 529 α
914 475 1193 538 Fructum
1226 471 1539 535 labiorum.
1574 497 1596 529 ι
1634 468 1789 544 Quid
1822 473 1912 530 est
1938 481 2049 525 au-

2132 466 2261 545 πρὸς
2302 467 2394 522 τὸν
2424 465 2575 556 Θεόν,
2609 464 2825 535 Ἐπειδὴ
2869 468 2968 546 γὰρ
2999 468 3125 525 εἷπε
3154 468 3364 543 Θυσίας,
3410 468 3504 525 ’ἶνα
3534 469 3611 544 μὴ
3631 468 3781 543 νομί-

412 570 532 624 tem
562 562 788 626 fructos
818 564 1107 625 labiorum
1129 562 1160 622 ?
1189 557 2054 643 Vota,hymni,obsecrationes

411 654 486 717 ad
516 656 727 717 Deum.
786 651 1073 725 Quoniam
1124 652 1283 713 enim
1316 650 1464 712 dixit
1499 668 1513 711 :
1551 648 1778 725 Hostia,
1814 664 1888 708 ne
1920 644 2055 707 exi-

411 743 719 804 stimarent
774 758 911 802 eum
963 739 1166 801 dicere
1223 739 1298 802 de
1352 738 1728 813 animalibus,
1790 735 2055 816 seipsum

408 831 830 911 interpretatus
860 835 971 892 est.
1031 827 1288 903 Hostias,
1343 828 1555 909 inquit,
1603 826 1738 889 dico
1764 823 2054 904 sanguine

408 926 703 981 carentes.
760 917 903 977 434
945 935 1075 999 quae
1123 916 1296 980 labiis
1326 917 1679 989 offeruntur,
1713 914 2051 978 consisten-

408 1008 702 1069 stentesin
726 1006 896 1080 votis,
924 1007 1159 1088 hymnis
1175 1025 1245 1068 ac
1268 1006 1568 1087 precibus.
1600 1001 2051 1069 «Conﬂlentium

407 1094 635 1158 nomini
654 1096 844 1177 ejus.»
873 1094 1184 1157 Labiorum
1214 1095 1622 1159 confitentium
1648 1091 1879 1156 nomini
1902 1090 2052 1171 ejus,

406 1185 520 1246 hoc
552 1193 665 1266 est,
698 1184 946 1264 gratiam
990 1184 1434 1263 agnoscentium
1485 1183 1640 1264 quod
1703 1202 1805 1263 pro
1839 1178 2056 1241 nostris

2136 577 2267 613 σωσι
2297 556 2390 620 τὰς
2421 554 2507 612 διὰ
2532 556 2682 628 ζώων
2738 558 2894 616 αὐτὸν
2947 556 3146 638 λέγειν,
3206 559 3533 637 ἡρμήνευσεν
3565 558 3773 621 ἑαυτόν.

2136 647 2343 719 Θυσίας,
2378 646 2529 725 φησὶ,
2566 643 2749 726 ⁸λέγω,
2782 646 2876 710 τὰς
2906 645 3280 722 ἀναιμάκτους,
3309 648 3402 728 τᾲς
3423 646 3506 703 διὰ
3522 646 3773 728 χειλέων,

2134 733 2227 799 τὰς
2260 733 2313 790 ἐν
2342 736 2534 813 εὐχαῖς
2561 734 2647 789 καὶ
2669 734 2851 809 ὕμνοις
2881 736 2966 791 καὶ
2991 733 3250 805 δεήσεσιν.
3296 756 3319 791 ι
3346 726 3777 813 Ὀμολογούντων

2134 826 2211 896 τῷ
2278 821 2495 897 ὀνόματι
2565 821 2741 880 αὐτοῦ.
2807 845 2835 876 ι
2899 813 3328 903 Ὀμολογούντων
3392 828 3500 880 τῶν
3544 822 3775 903 χειλέων

2132 918 2209 986 τῷ
2234 910 2452 986 ὀνόματι
2481 910 2657 985 αὐτοῦ,
2681 910 2938 984 τουτέστι,
2971 912 3128 991 χάριν
3151 911 3385 988 εἰδότων,
3410 912 3491 969 ὅτι
3520 912 3648 992 ὑπὲρ
3670 916 3777 970 τῶν

2130 998 2404 1077 ἡμετέρων
2436 997 2691 1054 ἀπέθανεν
2708 999 2999 1078 ἁμαρτιῶν.
3050 1007 3095 1057 Η
3125 999 3525 1078 ὁμολογούντων
3553 1008 3630 1076 τῷ
3653 1001 3779 1058 ὀνό-

2138 1111 2264 1165 ματι
2296 1091 2474 1167 αὐτοῦ,
2497 1086 2782 1163 τουτέστιν,
2819 1087 3217 1167 ὁμολογούντων
3246 1092 3351 1147 τῶν
3372 1088 3601 1170 χειλέων
3623 1090 3777 1167 ἡμῶν

2136 1184 2214 1252 τῷ
2255 1177 2475 1252 ὀνόματι
2508 1178 2686 1236 αὐτοῦ.

407 1262 668 1354 peccatis
707 1262 987 1336 mortuus
1016 1262 1111 1335 sit.
1144 1274 1262 1336 Aut
1294 1290 1309 1336 :
1363 1262 1779 1335 Conﬁtentium
1817 1267 2046 1331 nomini
2076 1267 2225 1347 ejus,
2285 1281 2502 1345 nempe
2534 1262 2822 1326 labiorum
2854 1272 3190 1329 nostrorum
3224 1268 3631 1332 conﬁtentium
3663 1286 3779 1331 no-

407 1380 555 1423 mint
587 1383 742 1443 ejus.

484 1451 639 1528 XIII,
667 1452 880 1515 16-49.
918 1455 1221 1515 Craterum
1263 1452 1672 1531 beneﬁcentia:
1702 1459 1757 1513 et
1781 1467 2053 1514 commu-

404 1542 731 1604 nicationis
775 1559 849 1603 ne
895 1541 1359 1604 obliviscamini.
1447 1540 1687 1603 Talibus
1738 1541 1897 1602 enim
1956 1543 2052 1603 vi.-

405 1630 607 1691 ctimis
630 1628 901 1709 placetur
952 1631 1099 1693 Deo.
1155 1632 1368 1692 Parete
1396 1630 1492 1691 his
1523 1631 1630 1709 qui
1657 1638 2054 1708 prcrsuntvo-

406 1718 497 1781 bis
525 1726 582 1781 et
633 1719 982 1797 subjacete:
1038 1720 1330 1799 siquidem
1391 1719 1488 1779 illi
1541 1718 1913 1797 pervigilant
1939 1737 2053 1798 pro

404 1809 722 1870 animabus
751 1814 989 1889 vestris,
1053 1816 1340 1886 tanquam
1388 1809 1677 1870 rationem
1707 1809 2006 1872 reddituri
2036 1829 2048 1868 :

405 1904 469 1959 ut
496 1915 629 1959 cum
659 1898 887 1977 gaudio
913 1897 1021 1959 hoc
1050 1899 1304 1978 faciant,
1339 1905 1538 1959 etnon
1560 1898 2053 1976 gementes.Nam

402 1985 466 2047 id
493 1993 577 2049 est
607 1985 772 2048 vobis
808 1986 1047 2049 inutile.
1101 1988 1283 2049 Orate
1310 2003 1423 2066 pro
1445 1984 1639 2048 nobis.
1675 1984 2054 2066 Conﬁdimus

402 2077 563 2137 enim
618 2074 774 2154 quod
822 2075 1031 2138 bonum
1070 2077 1391 2137 habeamus
1437 2076 1861 2137 conscientiam
1895 2076 2054 2137 inter

402 2181 626 2239 omnes,
662 2165 968 2245 cupientes
1018 2166 1261 2227 honeste
1318 2165 1688 2226 conversari.
1723 2163 1918 2244 Magis
1947 2183 2052 2225 au-

403 2258 516 2314 tem
546 2252 778 2315 obsecro
826 2260 894 2315 ut
947 2253 1055 2315 hoc
1091 2255 1361 2332 faciatis,
1425 2270 1546 2333 quo
1576 2254 1840 2314 celerius
1869 2255 2047 2315 resti-

404 2347 550 2405 tuar
566 2342 757 2405 vobis.

489 2455 513 2486 (ι
540 2432 828 2492 Caeterum
888 2430 1318 2493 beneﬁcentiae.
1357 2454 1383 2484 ω
1425 2434 1533 2491 Pro
1578 2431 1788 2492 eadem
1836 2430 2049 2510 accipit

405 2518 615 2581 virtute
645 2518 1100 2581 beneﬁcentiam
1133 2527 1190 2580 et
1219 2520 1842 2581 communicationem.
1876 2520 2047 2579 «Pla-

402 2616 570 2672 cetur
599 2607 781 2669 Deo.»
844 2607 989 2669 Nam
1041 2609 1414 2688 εὐαρεστοῦμαι
1465 2609 1640 2688 (quod
1688 2607 1926 2689 proprie
1961 2608 2048 2667 si-

403 2696 1205 2777 gniﬁcat,hilariteraffectus
1220 2706 1479 2769 sum,aut
1495 2697 1722 2777 placide
1738 2716 1830 2758 me
1844 2695 2051 2770 habeo)

403 2784 578 2849 etiam
615 2786 849 2865 placere
879 2786 1217 2865 signiﬁcare
1248 2794 1440 2866 potest
1490 2785 1694 2867 Itaque
1724 2804 1841 2847 non
1865 2804 2047 2867 opor-

402 2882 485 2937 tet
500 2874 691 2937 solum
740 2875 995 2936 fructum
1039 2874 1328 2935 labiorum
1362 2876 1602 2947 offerre,
1636 2893 1837 2936 verum
1870 2875 2048 2937 etiam

402 2964 745 3044 hujusmodi
804 2963 1050 3026 hostias.
1115 2989 1141 3018 α
1175 2962 1383 3025 Parete
1440 2964 1530 3025 his
1568 2963 1665 3044 qui
1700 2971 1977 3044 praesunt.
2021 2987 2043 3020 ι

403 3143 611 3206 dicens
648 3162 662 3206 :
696 3143 960 3216 Quorum
995 3142 1312 3205 imitemini
1365 3142 1568 3216 ﬁdem,
1601 3142 2049 3203 considerantes

401 3231 536 3311 quis
590 3232 768 3294 fuerit
824 3232 1015 3293 exitus
1066 3230 1528 3292 conversationis
1584 3230 1842 3307 illorum,
1892 3248 2050 3291 nunc

400 3322 750 3404 subjungit:
792 3320 1002 3382 Parete
1036 3320 1384 3381 eis.Etenim
1420 3338 1595 3400 prave
1628 3320 1898 3381 credenti
1930 3339 2049 3380 non

400 3420 633 3493 oportet
672 3429 881 3493 parere
915 3431 927 3472 :
989 3417 1267 3471 caeterum
1332 3410 1482 3470 male
1527 3409 1770 3490 quidem
1805 3409 2043 3482 viventi,

400 3509 563 3563 recte
591 3509 785 3562 tamen
815 3499 1080 3562 credenti
1110 3517 1321 3578 parere
1340 3506 1571 3578 oportet
1609 3497 1785 3559 «Nam
1823 3499 2044 3572 omnia,

398 3590 613 3672 inquit,
645 3606 1016 3670 quacunque
1047 3586 1742 3656 dixerintvobis,servate
1763 3598 1821 3649 et
1844 3586 2043 3658 facite,

392 3682 559 3760 juxta
587 3698 768 3761 opera
805 3697 942 3740 vero
976 3696 1177 3739 eorum
1214 3696 1289 3738 ne
1313 3677 1568 3739 feceritis
1595 3676 1717 3738 92.»
1757 3678 1941 3739 Porro
1974 3674 2048 3735 de

400 3768 492 3831 his
522 3770 622 3849 qui
653 3768 914 3847 corrupti
946 3775 1085 3828 sunt
1133 3766 1193 3826 in
1220 3767 1356 3840 fide,
1389 3766 1507 3827 ait:
1552 3764 1847 3829 Doctrinis
1873 3763 2049 3823 variis

400 3877 468 3919 ac
501 3856 827 3938 peregrinis
876 3873 952 3916 ne
1007 3855 1536 3934 circumferamini,
1600 3852 2049 3927 Quamobrem?

403 3947 548 4020 Quia
578 3946 628 4007 is
656 3947 752 4025 qui
788 3945 938 4005 male
969 3944 1126 4016 vivit,
1188 3962 1556 4024 nequaquam
1616 3941 1888 4004 suadebit
1916 3940 2049 4002 aliis

404 4044 466 4096 ut
486 4034 639 4097 male
662 4034 851 4094 vivant
882 4032 1121 4095 Etenim
1152 4031 1280 4112 ipse
1309 4034 1716 4112 quoque,dum
1751 4033 1874 4092 hinc
1906 4030 2043 4109 agit,

400 4123 619 4187 rubore
649 4120 1224 4198 suﬁunditur,idque
1256 4130 1459 4198 aperte
1491 4121 1943 4198 significat,cum
1980 4136 2049 4178 ea

406 4212 701 4275 occultare
730 4210 1026 4280 enitatur;
1062 4211 1230 4288 atqui
1250 4226 1462 4287 pravus
1481 4218 1569 4270 est
1599 4209 1655 4268 in
1691 4209 1828 4275 fide.
1868 4224 2048 4287 prave

402 4269 830 4382 etiampopulo
861 4269 1424 4359 concinio'nabitur.
1467 4325 1488 4352 ι(
1534 4296 1634 4358 llis
1669 4297 1765 4377 qui
1795 4269 2113 4375 praisuntn

398 4391 588 4453 vobis.
626 4415 651 4446 ι
688 4389 772 4451 De
821 4387 1117 4467 episcOpis
1173 4386 1455 4467 loquitur.
1499 4409 1523 4443 α
1559 4386 1627 4446 Et
1659 4385 1987 4465 subjacete.
2018 4407 2043 4438 ιι

400 4481 671 4543 Exactam
686 4477 980 4557 signiﬁcat
997 4475 1397 4538 obedientiam
1418 4475 1477 4536 in
1499 4474 2047 4554 verbo,Subjacete.

404 4594 433 4631 ιι
469 4567 778 4650 Siquidem
804 4564 918 4646 ipsi
950 4564 1321 4645 pervigilant.
1355 4589 1376 4622 ι
1405 4564 1663 4626 Audiant
1685 4564 1743 4625 hi
1776 4563 1875 4645 qui
1908 4583 2052 4645 prae-

400 4666 561 4731 sunt,
594 4655 774 4738 quod,
810 4655 1314 4737 quemadmodum
1339 4658 1618 4735 populum
1652 4662 1886 4734 oportet
1916 4672 2048 4717 esse

400 4744 919 4821 obedientium,ita
933 4744 1303 4806 sacerdotem
1323 4762 1429 4823 pro
1444 4745 1702 4823 peccatis
1725 4743 1923 4823 populi
1948 4763 2048 4804 ex-

399 4835 715 4898 cubantem
768 4842 826 4895 et
880 4832 1224 4897 sollicitum.
1285 4834 1425 4893 456
1454 4831 1599 4893 Nam
1631 4831 1733 4911 qui
1766 4841 2043 4910 praesunt,

400 4925 710 5005 subjat‘ent
732 4922 1025 5003 supplicio
1042 4941 1147 5002 pro
1171 4922 1411 5003 populo.
1427 4920 1678 4984 «Utcnm
1704 4921 1916 5000 gaudio
1935 4923 2047 4983 hoc

396 5014 637 5077 faciant.
673 5039 696 5071 ο
734 5012 1043 5092 Siquidem
1098 5011 1214 5091 ipsi
1270 5010 1556 5073 excubias
1586 5008 1908 5071 servabunt
1941 5029 2045 5091 pro

401 5102 714 5165 animabus
760 5100 1004 5162 vestris:
1040 5109 1319 5163 caeterum
1366 5108 1553 5161 vestra
1583 5098 1922 5161 obedientia
1951 5108 2049 5161 aut

400 5188 1202 5263 inobedientiaefﬁciet,utid
1224 5208 1358 5250 cum
1384 5189 1593 5268 gaudio
1612 5198 1711 5250 aut
1728 5187 2050 5266 gemitibus

400 5280 638 5353 faciant,
676 5279 831 5361 quod
857 5278 1103 5341 «inutile
1124 5277 1291 5339 vobis
1313 5278 1487 5345 erit,»
1516 5278 1628 5339 hoc
1658 5287 1770 5350 est,
1803 5276 2043 5357 damno,

405 5367 978 5431 incommodo.Deus
993 5367 1151 5429 enim
1169 5367 1547 5448 rependet,et
1560 5385 1662 5428 eos
1678 5366 1753 5428 ob
1768 5366 2045 5446 injuriam

405 5456 746 5521 ulciscetur.
775 5479 802 5511 α
833 5460 1011 5521 Orate
1041 5474 1146 5537 pro
1171 5456 1364 5519 nobis.
1403 5480 1429 5513 ι
1464 5454 1749 5529 Quoniam
1777 5453 2047 5518 nonnulli

477 5610 537 5671 θα
592 5611 796 5677 Matth.
830 5628 998 5688 unt,
1021 5610 1059 5674 3

2225 1474 2247 1506 ι
2285 1456 2393 1518 Τῆς
2424 1448 2477 1506 δὲ
2521 1449 2753 1512 εὐποιίας
2808 1452 2897 1507 καὶ
2960 1451 3231 1516 κοινωνίας
3285 1453 3362 1529 μὴ
3432 1450 3779 1510 ἐπιλανθάνε-

2138 1544 2246 1600 σθε.
2322 1540 2594 1604 Τοιαύταις
2676 1540 2775 1619 γὰρ
2844 1540 3041 1606 θυσίαις
3123 1541 3479 1622 εὐαρεστεῖται
3537 1545 3565 1599 ὁ
3623 1542 3778 1608 Θεός.

2140 1633 2379 1686 Πείθεστε
2462 1643 2580 1693 τοῖς
2664 1628 2979 1707 ἡγουμένοις
3076 1631 3246 1712 ὑμῶν,
3351 1633 3438 1688 καὶ
3518 1632 3777 1692 ὑπείκετε.

2140 1721 2291 1777 Αὐτοὶ
2359 1720 2458 1799 γὰρ
2545 1718 2890 1798 ἀγρυπνοῦσιν
2959 1719 3085 1795 ὑπὲρ
3170 1727 3274 1777 τῶν
3341 1724 3533 1801 ψυχῶν
3604 1723 3777 1798 ὑμῶν,

2135 1811 2209 1873 ὡς
2294 1807 2452 1886 λόγον
2534 1807 2921 1879 ἀποδώσοντες,
2990 1808 3082 1864 Ἵνα
3155 1810 3286 1885 μετὰ
3361 1815 3532 1889 χαρᾶς
3626 1816 3779 1867 τοῦτο

2333 1946 2348 1979 ,
2432 1900 2520 1954 καὶ
2604 1898 2682 1973 μὴ
2782 1898 3140 1968 στενάζοντες,
3246 1897 3578 1961 Ἀλυσιτελὲς
3678 1902 3779 1978 γὰρ

2134 1989 2262 2062 ύμῖν
2336 1993 2511 2044 τοῦτο.
2598 1986 2959 2065 Προσεύχεσθε
3044 1988 3160 2066 περὶ
3241 1989 3418 2063 ἡμῶν.
3512 1987 3777 2044 Πεποίθα-

2135 2098 2232 2151 μεν
2288 2077 2386 2156 γὰρ
2463 2076 2543 2132 ὅτι
2613 2073 2783 2142 καλὴν
2853 2073 3145 2143 σδνείδησιν
3230 2076 3431 2157 ἔχομεν
3500 2078 3553 2134 ἐν
3624 2083 3776 2152 πᾶσι,

2134 2165 2310 2228 καλῶς
2443 2163 2679 2229 θέλοντες
2822 2162 3246 2245 ἀναστρέφεσθαι.
3388 2165 3778 2246 Περισσοτέρως

2132 2252 2185 2309 δὲ
2243 2252 2534 2333 παρακαλῶ
2592 2260 2741 2309 τοῦτο
2796 2257 3036 2329 ποιῆσαι,
3097 2254 3190 2310 ἵνα
3242 2255 3432 2336 τάχιον
3499 2255 3779 2311 ἀποκατα-

2133 2346 2305 2399 σταθῶ
2332 2344 2461 2419 ὑμῖν
2473 2389 2484 2400 .
2524 2365 2550 2395 n

2214 2450 2243 2489 (
2278 2432 2385 2496 Τῆς
2436 2428 2490 2485 δὲ
2533 2430 2789 2492 εὐποιίας.
2853 2451 2874 2483 ι
2924 2429 3170 2489 Εὐποιίαν
3213 2434 3301 2489 καὶ
3345 2433 3623 2491 κοινωνίαν
3676 2436 3775 2502 τὴν

2135 2519 2297 2585 αὐτὴν
2325 2518 2489 2597 λέγει,
2546 2541 2564 2570 ο
2604 2520 2976 2596 Εὐαρεστεῖται
3034 2522 3061 2575 ὁ
3102 2520 3251 2584 Θεός.
3290 2544 3317 2576 ι
3380 2524 3510 2578 Οἷον
3553 2522 3779 2602 ἀρέσκε-

2132 2630 2242 2689 ται,
2302 2608 2372 2666 Τὸ
2433 2608 2533 2687 γὰρ
2590 2608 2971 2686 εὐαρεστεῖται,
3032 2606 3206 2674 καλῶς
3258 2609 3530 2689 ἀρέσκεται
3587 2609 3768 2679 δηλοῖ.

2138 2686 2313 2780 Ηξεστε
2376 2700 2433 2755 οὐ
2487 2700 2597 2776 χρή
2656 2695 2816 2772 μόνον
2879 2698 3080 2776 καρπὸν
3150 2686 3377 2778 χειλέων
3432 2700 3773 2782 προσφέρειν,

2134 2783 2270 2841 ἀλλὰ
2307 2785 2395 2841 καὶ
2435 2786 2529 2847 τὰς
2575 2785 2819 2848 τοιαύτας
2861 2785 3060 2849 θυσίας,
3110 2806 3139 2845 ι
3175 2788 3414 2845 Πείθεσθε
3457 2802 3573 2853 τοῖς
3602 2791 3771 2869 ἡγου-

2135 2874 2334 2947 μένοις.
2408 2897 2431 2931 ο
2496 2875 2754 2953 Πρότερον
2812 2875 2996 2937 αὐτοὺς
3054 2876 3213 2932 εἰπὼν
3271 2878 3485 2943 πιστοὺς
3541 2881 3629 2935 καὶ
3684 2886 3778 2936 τοῦ

2135 1903 2323 1955 ποιῶσι

2092 2962 2413 3047 1ζηλοῦσθαι
2456 2962 2650 3034 ἀξίους,
2697 2962 2750 3019 ὲν
2793 2969 2871 3037 τῷ
2933 2962 3130 3045 λέγειν,
3200 2960 3295 3020 Ὠν
3363 2966 3775 3047 ἀναθεωροῦντες

402 3057 546 3119 Cum
572 3052 734 3133 prius
754 3071 858 3115 eos
880 3052 1095 3114 dixerit
1124 3052 1330 3114 ﬁdeles
1360 3072 1429 3115 ac
1454 3052 1782 3114 imitatione
1812 3052 2045 3131 dignos,
2068 3052 2110 3078 "

2134 3055 2232 3120 τὴν
2288 3049 2501 3109 ἔκϐασιν
2552 3058 2650 3120 τῆς
2704 3052 3055 3134 ἀιαστροφῆς,
3120 3053 3340 3126 ζηλοῦτε
3406 3056 3505 3123 τὴν
3574 3058 3770 3129 πίστιν,

2131 3142 2249 3199 τότε
2319 3142 2527 3221 ἐπάγει,
2604 3142 2839 3199 Πείθεσθε
2873 3158 2887 3173 ⁸
2962 3150 3039 3219 τῷ
3091 3144 3189 3223 γὰρ
3248 3147 3424 3209 κακὼς
3481 3146 3776 3203 πιστεύοντι

2131 3236 2189 3291 οὐ
2257 3231 2339 3288 δεῖ
2394 3231 2679 3312 πείθεσθαι,
2735 3236 2812 3307 τῷ
2870 3230 2925 3288 δὲ
2969 3239 3145 3296 κακῶς
3191 3234 3286 3309 μὲν
3330 3235 3524 3311 βιοῦντι
3596 3234 3775 3301 καλῶς

2130 3318 2184 3375 δέ
2244 3321 2542 3377 πιστεύοντι
2599 3322 2861 3378 πείθεσθαι
2921 3324 3053 3402 χρή,
3094 3346 3120 3377 ιι
3182 3324 3359 3379 Πάντα
3413 3324 3535 3403 γὰρ,
3590 3326 3770 3404 φησὶν,

2130 3407 2229 3466 ὅσα
2272 3408 2334 3465 ἂν
2376 3408 2600 3485 λέγωσιν
2644 3410 2771 3483 ὑμῖν
2815 3424 3015 3485 ποιεῖν,
3072 3424 3280 3468 ποιεῖτε
3318 3429 3332 3442 ’
3392 3413 3529 3469 κατὰ
3598 3411 3651 3469 δὲ
3708 3415 3774 3469 τὰ

2132 3498 2256 3577 ἔργα
2289 3499 2478 3579 αὐτῶν,
2512 3500 2589 3575 μὴ
2616 3512 2840 3560 ποιεῖτε.
2892 3524 2920 3556 )›
2959 3498 3078 3558 Ἐπὶ
3108 3500 3163 3557 δὲ
3194 3509 3300 3558 τῶν
3331 3503 3449 3581 περὶ
3478 3503 3577 3570 τὴν
3605 3502 3777 3559 πίστιν

2131 3587 2539 3669 διεφθαρμένων,
2598 3588 2772 3668 φησί’
2850 3588 3111 3670 Διδαχαῖς
3167 3590 3434 3655 ποικίλαις
3477 3594 3565 3648 καὶ
3606 3589 3774 3658 ξέναις

2133 3678 2209 3752 μὴ
2239 3676 2618 3757 παραφέρεσθε.
2668 3677 2728 3734 Τί
2781 3676 3027 3759 δήποτε,
3076 3677 3155 3735 ὅτι
3215 3682 3243 3736 ὁ
3287 3680 3383 3755 μὲν
3439 3686 3618 3744 κακῶς
3648 3680 3774 3757 βιῶν

2131 3768 2224 3822 οὐκ
2254 3768 2315 3821 ἄν
2371 3773 2549 3830 κακῶς
2592 3767 2733 3841 βὶούν
2792 3765 3193 3843 συμϐουλεύσειε
3249 3782 3367 3832 τοῖς
3426 3767 3629 3831 ἄλλοις.
3678 3770 3776 3828 Καὶ

2130 3856 2229 3933 γὰρ
2284 3857 2369 3912 καὶ
2431 3856 2586 3918 αὐτὸς
2628 3861 2791 3910 ταῦτα
2850 3856 3092 3935 πράττων
3147 3857 3475 3936 αἰσχύνεται,
3532 3856 3629 3914 καὲ
3684 3855 3775 3925 δη-

2130 3942 2219 3999 λοῖ
2248 3946 2309 4000 τὸ
2338 3945 2580 4023 κρύπτειν
2630 3948 2996 4023 μηχανᾶσθαι.
3057 3936 3113 4004 Ὀ
3170 3944 3224 4001 δὲ
3278 3947 3395 4024 περὶ
3447 3947 3547 4014 τὴν
3602 3946 3773 4003 πίστιν

2129 4034 2318 4107 κακὸς,
2350 4039 2528 4097 κακῶς
2580 4034 2668 4090 καὶ
2711 4042 2786 4108 τῷ
2828 4033 2943 4109 λαῷ
2985 4033 3216 4114 κηρύξει.
3282 4058 3309 4089 ι
3370 4044 3494 4101 Τοῖς
3546 4036 3779 4114 ἡγουμέ-

2131 4144 2236 4185 νοις
2280 4124 2456 4196 ἡμῶν.
2528 4144 2548 4177 ι
2602 4124 2723 4201 Περὶ
2767 4123 3070 4180 ἐπισκόπων
3125 4122 3289 4200 λέγει.
3349 4146 3376 4178 α
3438 4126 3533 4182 Καὶ
3565 4126 3774 4181 ὑπείκε-

2131 4232 2211 4270 τε.
2263 4233 2288 4265 ι
2357 4212 2464 4278 Τὴν
2524 4210 2903 4288 ἐπιτεταμένην
2960 4214 3124 4270 πειθὼ
3178 4210 3261 4268 δια
3305 4218 3422 4288 τού,
3485 4203 3771 4275 ’Υπείκετι

2132 4296 2311 4365 δηλοῖ.
2363 4320 2386 4355 (ι
2424 4302 2577 4356 Αὐτοὶ
2631 4302 2730 4380 γαρ
2784 4302 3152 4381 ἀγροδπνοῦσιν.
3218 4325 3245 4357 n
3310 4300 3673 4360 ’Λκουέτωσαν
3730 4305 3776 4360 οἱ

2133 4388 2439 4464 ⁹ιιιγούμενοι,
2488 4387 2568 4445 ὅτι
2624 4390 2799 4469 ὥσπερ
2845 4394 2931 4448 τὸν
2972 4392 3099 4448 λαὸν
3144 4392 3409 4460 πειθήνιον
3449 4392 3597 4447 εἶναι
3639 4391 3774 4470 χρὴ,

2134 4476 2297 4540 οὕτως
2340 4480 2430 4534 τὸν
2472 4479 2609 4558 ἱερέα
2652 4481 2781 4559 ὅπερ
2824 4486 2930 4537 τῶν
2972 4480 3240 4557 ἀμαρτιιῐιν
3294 4486 3386 4535 τοῦ
3427 4478 3555 4537 λαοῦ
3610 4478 3774 4559 ἄγρυ-

2134 4587 2283 4624 πνον.
2318 4568 2379 4624 Οἱ
2406 4568 2505 4647 γὰρ
2552 4568 2850 4649 ἡγούμενοι
2865 4569 2991 4648 ὑπὲρ
3042 4575 3147 4625 τῶν
3190 4578 3282 4628 τοῦ
3324 4568 3454 4625 λαοῦ
3505 4571 3777 4649 ἁμαρτιῶν

2139 4654 2440 4711 ὑπόκεινται
2467 4658 2710 4735 τιμωρία.
2752 4676 2780 4715 (
2815 4646 2938 4715 Ἵνα
2967 4658 3101 4733 μετὰ
3131 4663 3301 4737 χαρᾶς
3330 4664 3484 4715 τοῦτο
3498 4662 3712 4715 ποιῶσι.
3743 4681 3768 4714 ι

2131 4744 2284 4800 Αὐτοὶ
2315 4743 2412 4819 μὲν
2454 4744 2541 4800 οὖν
2584 4746 2796 4810 πάντως
2826 4746 3245 4825 ἀγρυπνήσουσιν
3274 4747 3402 4824 ὑπὲρ
3434 4746 3539 4802 τῶν
3582 4746 3775 4826 ψυχῶν

2130 4833 2298 4907 ὐμοῦν,
2345 4834 2406 4890 τὸ
2448 4831 2503 4888 δὲ
2556 4834 2704 4910 ὑμῶν
2759 4836 3027 4904 πειθήνιον
3081 4835 3116 4903 ἢ
3161 4835 3260 4911 μὴ,
3321 4834 3545 4899 ἐκείνους
3575 4834 3611 4903 ἢ
3642 4835 3777 4909 μετὰ

2130 4927 2301 5002 χαρᾷς
2333 4920 2369 4989 ἢ
2413 4923 2546 4997 μετὰ
2574 4929 2883 5001 στεναγμῶν
2938 4932 3093 4983 τοῦτο
3133 4936 3312 4979 ποιεῖν
3366 4923 3773 5002 παρασκευάσει.

2136 5032 2163 5062 σ
2227 4999 2404 5088 ιὈπερ
2464 4999 2766 5074 ἀλυσιτελὲς
2807 5013 2936 5085 ὑμῖν
2993 5010 3161 5088 ἔσται,
3228 5034 3251 5068 I
3313 4999 3463 5092 φησὶ,
3515 5011 3772 5086 τουτέστι,

2133 5097 2237 5176 [ob]
2297 5097 2577 5179 συμφέρον,
2629 5097 2785 5177 [οὐδέι
2817 5099 3086 5181 ὠφέλιμον
3113 5116 3127 5130 ⁸
3184 5102 3212 5157 ὁ
3257 5102 3387 5164 Θεὸς
3437 5101 3537 5180 γὰρ
3578 5100 3778 5176 ἐπαμυ-

2132 5200 2236 5249 νεῖ,
2284 5210 2304 5241 ι
2348 5190 2700 5269 Προσεύχεσθε
2752 5190 2868 5269 περὶ
2920 5191 3098 5265 ἡμῶν.
3162 5212 3187 5247 ι
3253 5186 3469 5260 Ἐπειδή
3494 5210 3631 5252 τινες
3661 5186 3774 5245 διέ-

2134 5274 2329 5334 ϐαλλον
2380 5280 2473 5333 τὸν
2517 5275 2839 5336 Ἀπόστολον
2871 5280 2943 5343 ὡς
2972 5279 3297 5337 ἀποστασίαν
3340 5286 3431 5336 τοῦ
3473 5279 3638 5354 νόμου
3693 5275 3775 5334 δι-

2127 5362 2404 5438 δάσκοντα,
2450 5367 2700 5445 ἀπεχθῶς
2758 5367 2918 5448 εἶχον
2959 5369 3089 5445 πρὸς
3147 5369 3326 5428 αὐτόν.
3391 5369 3483 5424 Διὸ
3540 5365 3656 5424 οὐδὲ
3712 5367 3773 5423 τὸ

2128 5452 2295 5529 ὄνομα
2353 5457 2507 5512 αὐτοῦ
2560 5456 2613 5513 ἐν
2673 5456 2819 5540 ἀρχῇ
2876 5462 2973 5524 τῆς
3035 5455 3355 5524 Ἐπιστολῆς
3385 5456 3632 5523 τέθεικεν,
3681 5454 3773 5511 ’ίνα
