4180 6212
353 327 469 395 449

1460 334 1859 400 COMMENT.
1906 320 1987 397 IN
2034 328 2276 394 EPIST.
2323 332 2424 394 AD
2465 330 2695 395 HEBR.

3605 329 3726 397 450

348 462 425 536 μὴ
494 462 698 520 Παύλου
753 467 814 523 τὸ
861 462 1025 542 ὄνομα
1097 467 1441 546 εὑρίσκοντες,
1525 465 1672 542 μηδὴ
1729 466 1986 544 ἆναγνῶτι

2076 458 3139 542 calumniabantnrApostolum,quod
3157 458 3586 525 discessionem
3602 464 3726 525 ale-

348 551 451 618 τὴν
482 552 826 625 Ἐπιστολήν,
859 555 1014 613 Ὅθεν
1073 564 1158 617 νῦν
1202 555 1551 635 ἀπολογεῖται
1610 560 1790 618 αὺτοῖς
1820 571 1834 585 °
1890 552 1995 613 Εῦ-

352 644 536 719 χεσθε,
584 644 763 722 ςιησὶν,
809 645 938 723 ῦπέρ
996 645 1174 719 ἡμῶν,
1238 645 1565 720 Πεποίθαμεν
1621 645 1742 723 γὰρ,
1814 644 1992 723 φησὶν,

352 727 432 789 ὅτι
489 730 657 799 καλὴν
716 731 1005 800 συνείδησιν
1062 734 1261 815 ἔχομεν
1316 734 1370 790 ἐν
1428 741 1580 805 πᾶσι,
1627 737 1714 791 καὶ
1755 732 1810 788 ἐν
1877 746 1995 796 τοῖς

353 816 519 877 ἔθνεσι
548 822 634 903 καὶ
660 822 794 900 πρὸς
848 823 982 898 ὑμᾶς
1044 822 1209 899 μηδὲν
1266 822 1619 903 σφαλλόμενοι
1673 826 1748 878 ῶν
1803 821 1993 901 λέγου-

350 931 457 969 σιν.
498 934 525 964 α
550 898 680 967 "Ott
709 910 881 978 καλὴν
904 910 1193 979 συνείδησιν
1221 910 1443 991 ἔχομεν.
1480 938 1503 968 υ
1541 915 1647 971 Οῦκ
1674 913 1991 968 ἀποστασίαν

346 1006 440 1055 τοῦ
509 997 675 1073 νόμου
729 1000 1102 1079 κηρύσσοντες,
1155 1001 1328 1063 καθώς
1396 1022 1535 1063 τινες
1601 998 1989 1071 διαϐάλλουσιν,

342 1084 464 1143 ἀλλ’
508 1086 613 1142 ἀπὸ
642 1093 733 1144 τοῦ
762 1089 1073 1165 γράμματος
1116 1091 1203 1146 καὶ
1258 1089 1355 1156 τῆς
1414 1096 1588 1168 σκιᾶς,
1634 1088 1719 1145 ἐπὶ
1748 1090 1809 1144 τὸ
1842 1087 1996 1144 πνεῦ-

302 1184 419 1248 ’μα
462 1176 550 1229 καὶ
620 1175 719 1243 τὴν
791 1175 1039 1246 ἀλήθειαν
1085 1178 1449 1256 μετάγοντες·
1514 1178 1642 1258 ὅπερ
1705 1178 1800 1234 οῦκ
1852 1176 1991 1234 ἔστιν

344 1263 658 1340 ἀποστασία,
707 1263 844 1322 ἀλλὰ
887 1266 1155 1336 πλήρωσις
1186 1268 1273 1322 καὶ
1320 1268 1601 1347 δημηγορία
1657 1278 1750 1326 τοῦ
1807 1266 1989 1341 νόμου.

352 1354 741 1432 Περισσοτέρως
813 1353 870 1411 δέ
937 1355 1228 1435 παρακαλῶ
1296 1367 1448 1415 τοῦτο
1516 1363 1757 1424 ποιῆσαι,
1833 1363 1996 1412 Ποῖον

346 1448 505 1498 τοῦτο
538 1462 555 1523 ;
610 1445 681 1500 Τὸ
710 1442 953 1523 εὔχεσθαι
983 1446 1112 1524 ὑπὲρ
1164 1448 1341 1520 ἡμῶν,
1402 1470 1427 1501 α
1464 1436 1585 1503 ulva
1616 1447 1803 1525 τάχιον
1857 1446 1997 1501 απο-

350 1534 684 1595 κατασταθῶ,
726 1556 748 1588 ι
798 1538 961 1591 Τοῦτο
1009 1532 1314 1611 θαῤῥοῦντος
1345 1533 1410 1601 ἦν
1463 1534 1544 1590 ὅτι
1595 1534 1797 1612 ἀγαθὴν
1840 1534 2003 1593 συνεί-

348 1616 501 1686 δησιν
575 1621 725 1701 εἶχε,
800 1623 858 1678 τὸ
928 1620 1097 1678 θέλειν
1176 1624 1265 1678 καὶ
1336 1622 1757 1704 αῦτοφροσώπως
1815 1624 2000 1685 αὐτοὺς

349 1721 558 1771 πεῖσαι,

2078 569 2150 629 ge
2173 548 2692 625 doceret,inimico
2722 549 2918 611 all'ecti
2941 557 3109 615 erant
3128 567 3268 627 erga
3283 549 3474 631 ipsum
3494 551 3724 617 animo:

2080 639 2198 700 idci
2237 659 2305 700 co
2332 658 2527 719 neque
2541 657 2759 700 nomen
2778 657 2949 701 suum
2966 639 3023 699 in
3044 637 3209 699 initio
3226 638 3729 723 posuitEpistolaa,

2081 747 2157 790 ne
2187 728 2355 790 Pauli
2379 729 2619 791 nomine
2634 726 3223 807 reperto,Epistolam
3256 746 3332 789 ne
3368 728 3570 807 legere
3591 732 3729 812 qui-

2079 817 2215 879 dem
2235 818 2641 897 dignarentur.
2677 816 2846 879 Unde
2868 835 3026 877 nunc
3049 816 3195 895 ipsis
3214 818 3625 896 respondens:
3655 819 3730 883 0-

2081 914 2228 986 rate,
2264 905 2474 988 inquit,
2509 926 2613 988 pro
2642 908 2853 982 nob;s;
2884 924 3018 966 nam
3048 905 3399 966 conﬁdimus
3427 908 3583 987 quod
3615 908 3727 969 bo-

2079 1013 2214 1055 nam
2239 994 2565 1059 habeamus
2586 994 3010 1057 conscientiam
3050 992 3210 1056 inter
3231 1013 3458 1068 omnes,
3486 1003 3545 1057 et
3571 996 3731 1061 inter

2078 1092 2284 1162 gentes
2316 1092 2373 1146 et
2399 1102 2538 1160 erga
2564 1082 2847 1157 vos,nihil
2871 1089 3137 1144 errantes
3168 1081 3227 1142 in
3251 1082 3347 1145 his
3366 1102 3497 1163 quae
3517 1085 3592 1148 de
3613 1106 3725 1148 no-

2079 1172 2168 1232 bis
2187 1172 2608 1253 obloquuntur.
2625 1198 2644 1227 o
2658 1171 2822 1244 Quod
2841 1171 3054 1233 bonam
3078 1169 3401 1233 habeamus
3417 1175 3726 1237 conscien-

2081 1261 2285 1325 tiam.»
2322 1260 2450 1322 Non
2484 1261 2914 1325 discessionem
2939 1280 2973 1321 a
2998 1263 3125 1338 lege
3155 1259 3729 1338 praedicantes,sicut

2081 1350 2355 1412 nonnmli
2382 1351 2857 1412 calumniantur:
2912 1349 3015 1410 sed
3048 1369 3080 1410 a
3102 1348 3297 1408 littera
3327 1358 3385 1412 et
3417 1350 3625 1414 umbra
3653 1354 3727 1416 ad

2082 1442 2353 1522 spiritum
2390 1448 2445 1500 et
2479 1441 2780 1501 teritatcm
2816 1437 3245 1501 transferentes
3270 1455 3282 1500 :
3306 1439 3461 1517 quod
3491 1459 3609 1504 non
3642 1451 3732 1507 est

2084 1529 2376 1611 apostasia
2399 1530 2519 1589 sive
2542 1528 2853 1606 discessio,
2888 1526 2990 1588 sed
3015 1526 3520 1606 complementum
3542 1540 3601 1592 et
3630 1551 3731 1612 pa-

2085 1618 2399 1681 trocinium
2419 1618 2584 1697 legis.
2602 1617 2822 1697 «Magis
2842 1624 3038 1678 autem
3068 1616 3316 1677 obsecro
3343 1618 3534 1680 utlioc
3554 1620 3732 1685 facia-

2020 1719 2056 1767 B
2081 1710 2175 1769 tis.
2215 1734 2240 1764 η
2278 1707 2570 1780 Quidnam
2597 1706 2755 1767 hoc?
2777 1704 3002 1786 Nempe
3020 1723 3193 1767 orare
3223 1724 3328 1786 pro
3360 1706 3727 1783 nobis.«Quo

350 1798 616 1861 celerius
670 1798 955 1861 restituar
1010 1798 1198 1861 vobis.
1240 1826 1267 1857 ι
1299 1800 1423 1863 Hoc
1456 1798 1813 1863 conﬁdentis
1873 1806 1995 1861 erat
2053 1798 2207 1880 quod
2270 1798 2487 1857 bonum
2540 1797 2791 1857 haberet
2814 1794 3260 1870 conscientiam,
3296 1814 3427 1856 cum
3462 1797 3638 1861 vellet
3664 1800 3727 1861 in

349 1888 594 1967 propria
623 1905 858 1970 quoque
883 1907 1137 1970 persona
1160 1891 1320 1971 ipsos
1350 1890 1673 1952 exhortari.

952 2002 1203 2059 ΚΕΦΑΛ.
1264 1986 1391 2060 Kn',

356 2104 380 2135 α
424 2083 575 2162 Εὒχὴ
620 2086 751 2162 πρὸς
800 2086 890 2141 τὸν
933 2088 1063 2141 Θεὸν
1117 2088 1234 2165 περὶ
1276 2087 1370 2154 τῆς
1416 2089 1487 2151 εἰς
1545 2087 1735 2165 ἀρετὴν
1778 2086 1995 2164 ἀγωγῆς

915 2167 1002 2221 καὶ
1033 2166 1359 2241 οἰκονομίας.
1402 2190 1430 2224 ι)

438 2275 465 2306 α
500 2243 558 2310 Ὀ
601 2249 655 2308 δὲ
689 2254 818 2316 Θεὸς
847 2259 946 2321 τῆς
1004 2256 1240 2334 εἰρήνης,
1294 2258 1322 2312 ὁ
1378 2257 1655 2334 ἀναγαγὼν
1700 2254 1759 2313 ἐκ
1800 2261 1995 2335 νεκρῶν

343 2343 439 2398 τὸν
513 2341 737 2418 ποιμένα
793 2350 899 2399 τῶν
969 2341 1243 2424 προϐάτων
1314 2347 1403 2401 τὸν
1474 2344 1637 2422 μέγαν
1707 2344 1760 2401 ἐν
1804 2341 1995 2419 αἵματι

346 2429 605 2501 διαθήκης
718 2432 946 2507 αἰωνίου,
1047 2434 1139 2489 τὸν
1240 2434 1426 2511 Κύριον
1525 2437 1679 2509 ἡμῶν
1764 2431 1992 2512 Ἰησοῦν,

343 2522 652 2596 καταρτίσαι
740 2522 871 2596 ὅμᾶς
947 2522 1001 2577 ἐν
1084 2524 1239 2579 παντὶ
1322 2521 1457 2603 ἔργῷ
1520 2522 1701 2600 ἀγαθῷ
1782 2523 1852 2588 εἰς
1934 2524 1995 2578 τὸ

344 2609 568 2675 ποιῆσαι
636 2611 698 2665 τὸ
772 2609 979 2686 θέλημα
1049 2613 1226 2684 αὐτοῦ,
1325 2612 1491 2668 ποιῶν
1576 2614 1630 2667 ἒν
1714 2612 1850 2686 ἡμῖν
1932 2613 1995 2666 τὸ

346 2697 621 2777 ὠάρεστον
717 2698 939 2756 ἐνώπιον
1034 2699 1214 2774 αὐτοῦ,
1327 2697 1411 2755 διὰ
1491 2698 1667 2767 Ἰησοῦ
1746 2700 1989 2778 Χριστοῦ,

345 2793 394 2863 ᾧ
462 2791 498 2857 ἡ
566 2788 688 2855 δόξα
740 2792 812 2854 εἰς
881 2793 1002 2854 τοὺς
1059 2792 1250 2856 αἰῶνας
1318 2798 1424 2847 τῶν
1506 2791 1732 2852 αἰώνων.
1794 2788 1989 2867 Ἀμήν.

348 2879 648 2957 Παρακαλῶ
719 2877 774 2935 δὲ
864 2881 1023 2955 ὑμᾶς,
1086 2878 1319 2960 ἀδελφοὶ,
1398 2878 1651 2959 ἀνέχεσθε
1732 2886 1823 2935 τοῦ
1892 2878 1991 2935 λό-

342 2989 442 3044 γου
511 2973 611 3034 τῆς
666 2967 1075 3047 παρακλήσεως,
1150 2970 1248 3026 Καὶ
1299 2970 1397 3049 γὰρ
1451 2966 1534 3023 διὰ
1589 2968 1835 3048 βραχέων
1891 2968 1990 3025 ἐπ-

339 3054 547 3113 έστειλα
628 3058 780 3133 ὗμιν.
881 3058 1170 3116 Γινώσκετε
1258 3059 1348 3114 τὸν
1445 3056 1665 3137 ἀδελφὸν
1738 3058 1989 3133 Τιμόθεον

335 3144 755 3222 ἀπολελυμένον,
868 3147 979 3222 μεθ’
1087 3149 1168 3226 οῦ,
1270 3148 1360 3203 εὰν
1458 3148 1648 3226 τάχιον
1732 3144 1981 3225 ἔρχηται,

2664 1989 2910 2054 CAPUT
2946 1987 3129 2052 XXII.

2079 2084 2361 2145 Precatio
2398 2081 2475 2143 ad
2504 2083 2691 2143 Deum
2724 2086 2792 2141 ut
2813 2080 2893 2141 ad
2908 2080 3196 2141 virtutem
3220 2079 3640 2145 instituantur
3668 2094 3725 2149 et

2558 2170 2791 2231 obedite
2820 2169 3124 2248 gubernen
3136 2174 3255 2230 tur.

2158 2258 2315 2334 XIII,
2351 2260 2560 2321 20-95.
2600 2260 2757 2319 Deus
2799 2265 3004 2319 autem
3054 2257 3223 2334 pacis
3268 2257 3378 2335 qui
3418 2260 3666 2325 reduxit
3693 2281 3731 2326 a

2076 2350 2331 2411 mortuis
2341 2356 2644 2429 pastorem
2658 2364 2707 2407 ηε
2720 2362 2947 2427 agnum
2980 2350 3185 2406 ovium
3209 2345 3276 2405 in
3290 2348 3588 2425 sanguine
3602 2358 3727 2412 tes-

2078 2440 2333 2500 tamenti
2347 2438 2563 2499 wtemi
2570 2436 2893 2497 Dominum
2907 2433 3728 2511 nostrumJesum,absolutos

2077 2527 2403 2589 vosredltat
2424 2527 2489 2588 in
2512 2526 2680 2587 omni
2690 2540 2871 2602 opere
2885 2521 3500 2599 bono,ad/aciendum
3520 2525 3726 2590 volun-

2078 2623 2267 2677 tatem
2291 2613 2779 2695 tpsius,e/ﬁciens
2798 2620 2859 2673 ut
2882 2612 3040 2689 quod
3065 2615 3307 2689 agimus
3329 2620 3632 2694 acceptum
3645 2620 3726 2680 sit

2075 2706 2141 2766 in
2163 2713 2473 2784 conspectu
2489 2721 2596 2765 suo
2614 2719 2725 2780 per
2737 2699 2946 2763 Iesum
2972 2699 3307 2773 Christum,
3327 2702 3427 2763 cui
3437 2702 3641 2783 gloria
3656 2708 3725 2769 in

2075 2793 2292 2856 statuta
2306 2796 2692 2855 sa'culorum.
2741 2793 2959 2853 Amen.
2984 2789 3125 2849 456
3146 2789 3398 2852 Obsecro
3418 2811 3543 2867 vos,
3578 2799 3722 2870 fra-

2077 2882 2472 2963 tres,su[ferte
2490 2898 2823 2963 sermonem
2839 2878 3718 2963 consolationis.Eteiiimpau-

2074 2965 2160 3025 cis
2179 2958 2393 3044 scripsi
2407 2962 2594 3024 nobis.
2618 2961 2800 3023 Scitis
2818 2960 3075 3039 fratrem
3102 2958 3478 3023 Timotheum
3502 2958 3720 3025 dim-is-

2070 3070 2204 3114 sum
2222 3069 2511 3133 esse,cum
2531 3052 2730 3131 quo,si
2741 3050 2991 3111 celerius
3007 3049 3463 3123 venerit,visam
3480 3051 3723 3115 vos.Sa-

2070 3143 2258 3204 lutate
2280 3159 2482 3203 omnes
2503 3141 2607 3220 qui
2650 3136 3130 3219 praesuntvobis,
3167 3136 3221 3199 et
3242 3154 3443 3201 omnes
3456 3147 3716 3204 sanctos.

334 3231 536 3308 ὄψομαι
619 3234 779 3309 ῦμᾶς.
856 3225 1188 3290 Ἀσπάσασθε
1262 3235 1461 3298 πάντας
1532 3234 1653 3295 τοὺς
1737 3231 2467 3311 ἡγουμέ-Οδιιίαιαηιυοε
2484 3225 3717 3311 ItatiﬂratiacumomnibusvobisAmen,

332 3344 454 3386 νους
481 3324 654 3397 ὑμῶν,
700 3325 786 3379 καὶ
816 3324 1016 3387 πάντας
1045 3323 1165 3387 τοὺς
1196 3323 1398 3402 ἁγίους.
1431 3320 1780 3392 Ἀσπάζονται
1811 3322 1943 3397 ὑμᾶς
2002 3325 2048 3378 οἱ
2119 3321 2223 3377 ἀπὸ
2282 3326 2378 3386 τῆς
2448 3317 2701 3392 Ἰταλίας,
2749 3307 2811 3371 Ἠ
2870 3318 3025 3396 χάρις
3071 3317 3203 3391 μετὰ
3273 3317 3484 3371 πάντων
3567 3319 3715 3394 ὑμῶν

335 3409 535 3487 Ἀμήν.

415 3520 474 3576 Εἰ
517 3517 573 3575 δὲ
617 3522 645 3575 ὁ
690 3521 841 3594 Θεὸς,
903 3522 1033 3583 Θεὸς
1093 3521 1303 3597 εἰρήνης
1365 3517 1523 3596 ἐστὶν,
1588 3521 1646 3577 οὐ
1700 3515 1783 3574 δεῖ
1838 3520 1982 3593 ἡμᾶς

334 3608 442 3664 ἀπὸ
508 3614 679 3684 μονῆς
727 3610 893 3676 ἀκοῆς
964 3607 1206 3685 ψευδοῦς,
1271 3606 1652 3678 διαστασιάζειν
1704 3609 1833 3687 πρὸς
1888 3606 1982 3682 ἐμὲ

338 3697 426 3753 καὶ
468 3697 738 3774 πολεμίως
784 3698 950 3779 ἔχειν.
1033 3722 1057 3753 α
1121 3700 1221 3756 Τὸν
1277 3696 1504 3773 ποιμένα
1545 3702 1651 3753 τῶν
1706 3694 1980 3776 προϐάτων

332 3789 425 3844 τὸν
496 3788 686 3867 μέγαν.
756 3812 777 3844 ι
864 3794 1077 3867 Ποῖον;
1138 3789 1238 3845 Τὸν
1297 3788 1480 3866 Κύριον
1550 3787 1725 3861 ἡμῶν,
1800 3786 1979 3865 φησὶν,

334 3873 561 3943 Ἰησοῦν.
620 3898 645 3933 ι
692 3876 784 3934 Ἐν
841 3877 1035 3950 αἵματι
1066 3874 1344 3947 διαθήκης.
1402 3896 1427 3936 D
1476 3874 1741 3953 ’Ἔγειρεν
1798 3874 1975 3947 αῦτὸν,

330 3966 512 4044 φησὶν,
560 3964 620 4021 ὲκ
649 3971 868 4045 νεκρῶν,
898 3963 1111 4045 ’ίναέεἴη
1167 3966 1227 4019 τὸ
1282 3967 1421 4039 αἷμα
1467 3967 1622 4022 αὐτοῦ
1681 3964 1752 4027 εἰς
1797 3960 1978 4032 διαθή-

326 4075 432 4119 κην
487 4056 626 4129 ἡμῖν
682 4054 910 4113 αἰώνιον.
980 4032 1038 4109 *Η
1095 4051 1259 4115 οὕτως
1295 4069 1308 4082 ·
1374 4042 1622 4132 ’Ἐγειρεν
1694 4052 1850 4109 αῦτὸν
1921 4050 1979 4106 ἐκ

329 4148 530 4222 νεκρῶν
598 4143 688 4198 σῦν
772 4140 960 4217 αἵματι
1055 4139 1310 4211 διαθήκης
1397 4141 1627 4215 αἰωνίου,
1713 4138 1975 4213 τουτέστι,

331 4233 426 4287 σῦν
453 4237 522 4298 τῆ
550 4231 751 4312 ἐγέρσει
808 4232 987 4310 αὐτοῦ,
1038 4230 1126 4286 καὶ
1166 4230 1228 4285 τὸ
1271 4232 1410 4305 αἷμα
1466 4231 1623 4287 αὐτοῦ
1663 4228 1978 4308 κεχάρισται

330 4322 471 4395 ἡμῖν
526 4323 601 4383 εἰς
654 4319 910 4390 διαθήκην
965 4319 1196 4381 αἰώνιον,
1275 4321 1330 4376 EI
1398 4318 1498 4397 γὰρ
1566 4318 1643 4393 μὴ
1699 4316 1978 4397 ἐγήγερτο,

332 4413 430 4468 ώκ
472 4407 535 4465 ἂν
562 4409 627 4477 ἦν
656 4411 792 4484 ἡμῖν
840 4410 902 4464 τὸ
946 4411 1083 4483 αἷμα
1127 4406 1284 4465 αὐτοῦ
1340 4407 1411 4470 εἰς
1469 4404 1745 4476 διαθήκην.
1786 4424 1811 4461 ι
1848 4416 1983 4464 Κατ·

336 4499 542 4578 αρτίσαι
571 4499 730 4575 ὑμᾶς.
786 4520 811 4554 ι
872 4501 1031 4570 Οἶον,
1085 4494 1388 4575 πληρώσαι,
1444 4492 1745 4556 τελειώσαι.
1809 4485 1979 4570 Ἠμᾶς

2147 3513 2315 3587 Quod
2366 3513 2416 3574 si
2450 3514 2607 3575 Deus
2654 3520 2744 3571 est
2774 3509 2933 3570 Deus
2988 3507 3172 3589 pacis,
3205 3527 3325 3568 non
3355 3517 3585 3589 oportet
3614 3529 3714 3573 vos

2066 3602 2140 3664 ab
2178 3622 2296 3663 uno
2320 3602 2446 3663 solo
2477 3599 2682 3662 auditu
2716 3598 2988 3659 mendaci
3020 3596 3376 3658 seditionem
3417 3616 3616 3676 agere,
3647 3619 3716 3662 ac

2067 3690 2378 3752 inimicum
2428 3707 2638 3768 gerere
2690 3687 2956 3749 animum
3017 3704 3156 3764 erga
3185 3703 3305 3746 me.
3348 3709 3369 3741 α
3412 3685 3713 3751 Pastorem

2069 3798 2345 3859 magnum
2378 3779 2600 3840 ovium.
2640 3798 2668 3836 ι
2704 3775 3035 3848 Quemnam
3058 3775 3089 3834 ?
3111 3774 3425 3837 Dominum
3445 3787 3713 3839 nostrum

2061 3867 2547 3949 Jesum,inquit.a
2586 3868 2648 3929 In
2676 3864 3333 3944 sanguinetestamenti.
3376 3889 3394 3921 ι
3430 3864 3717 3929 Excitavit

2063 3974 2197 4022 eum
2216 3977 2249 4018 a
2275 3956 2546 4031 mortuis,
2594 3958 2698 4030 ait,
2733 3962 2797 4015 ut
2826 3954 3069 4033 sanguis
3092 3954 3220 4033 ejus
3253 3962 3410 4016 esset
3437 3954 3610 4018 nobis
3638 3956 3713 4019 ad

2065 4055 2484 4109 testamentum
2516 4053 2827 4106 aeternum.
2880 4048 2996 4106 Aut
3027 4043 3139 4104 hoc
3172 4043 3345 4105 modo
3381 4065 3395 4106 :
3430 4044 3715 4108 Excitavit

2059 4136 2255 4216 ipsum
2288 4155 2321 4197 a
2346 4135 2595 4200 mortuis
2624 4152 2757 4195 cum
2790 4132 3081 4211 sanguine
3114 4134 3450 4195 testamenti
3478 4135 3709 4213 aeterni,

2062 4225 2175 4287 hoc
2208 4235 2319 4303 est,
2356 4243 2462 4305 per
2514 4222 2930 4286 excitationem
2987 4222 3178 4303 ipsius
3206 4222 3447 4302 sanguis
3475 4243 3712 4307 quoque

2064 4314 2192 4393 ejus
2223 4314 2477 4375 donatus
2507 4322 2597 4374 est
2625 4310 2797 4373 nobis
2824 4311 2895 4373 ad
2929 4319 3346 4373 testamentum
3368 4321 3655 4375 aeternum
3692 4333 3707 4377 :

2065 4403 2179 4464 nisi
2210 4403 2371 4464 enim
2407 4402 2697 4464 excitatus
2722 4400 2955 4477 fuisset,
2988 4419 3358 4481 nequaquam
3382 4401 3588 4464 fuisset
3605 4422 3712 4464 no-

2064 4492 2154 4554 bis
2179 4492 2422 4569 sanguis
2471 4491 2662 4573 ipsius
2710 4490 2783 4552 ad
2830 4497 3270 4551 testamentum.
3330 4515 3356 4544 «
3393 4491 3711 4553 Absolutos

332 4577 422 4645 οῦν
508 4585 591 4644 δεῖ
658 4584 984 4665 ἐνάρξασθαι,
1056 4585 1146 4640 τὸν
1219 4581 1273 4639 δὲ
1330 4582 1654 4665 πληροῦνταᾷ
1700 4583 1971 4642 ἱκετεύειν.

2072 4599 2163 4643 vos
2194 4579 2424 4643 reddat.
2467 4605 2488 4636 ι
2526 4582 2650 4643 Hoc
2675 4578 3063 4659 est,pcrticiat
3084 4586 3142 4639 et
3163 4587 3557 4641 consummet.
3588 4577 3709 4641 Nos

332 4696 363 4735 ε
401 4677 489 4740 Εἰς
530 4677 593 4731 τὸ
648 4663 876 4741 ποιῆσαι
919 4675 982 4729 τὸ
1036 4670 1244 4748 θέλημα
1274 4675 1482 4754 ,αῦτοῦ.
1546 4697 1573 4730 ι
1640 4663 1697 4729 Ὀ
1745 4672 1845 4751 γὰρ
1902 4673 1974 4737 εἰς

328 4772 434 4821 πᾶν
493 4761 647 4843 ἔργον
699 4763 894 4842 ἀγαθὸν
942 4760 1358 4838 κατηρτισμένος
1414 4763 1502 4817 καὶ
1558 4759 1978 4841 πεπληρωμένος

326 4854 505 4933 ἰσχύει
546 4855 769 4920 ποιῆσαι
825 4852 887 4906 τὸ
929 4848 1138 4925 θέλημα
1198 4859 1290 4909 τοῦ
1344 4856 1497 4909 Θεοῦ.
1557 4856 1668 4906 Πᾶν
1717 4847 1772 4905 δὲ
1830 4848 1980 4929 ἔργον

328 4942 500 5018 λέγει,
532 4939 685 5019 ἔργον
726 4940 815 4996 καὶ
843 4938 1038 5001 πίστιν,
1099 4960 1127 4994 α
1161 4939 1336 4995 Ποιῶν
1393 4938 1449 4994 έν
1490 4939 1627 5014 ἡμῖν
1680 4939 1741 4993 τὸ
1797 4939 1981 5017 εὐάρε-

332 5054 494 5089 στων.
550 5050 581 5089 ι
647 5020 822 5087 ’Ὅταν
879 5026 934 5084 δὲ
988 5030 1133 5103 ἡμᾶς
1189 5027 1475 5107 καταρτίσῃ
1534 5028 1607 5092 εἰς
1664 5032 1767 5083 πᾶν
1835 5025 1985 5106 ἔργον

334 5122 532 5200 ἀγαθὸν
561 5122 635 5184 εἰς
664 5121 725 5176 τὸ
780 5131 956 5176 ποιεῖν
1014 5120 1074 5174 τὸ
1115 5115 1323 5193 θέλημα
1369 5122 1547 5193 αὐτοῦ,
1592 5117 1711 5174 τότε
1766 5116 1984 5193 ἐμποιεῖ

334 5210 390 5267 ἐν
447 5212 584 5287 ἡμῖν
625 5213 689 5265 τὸ
753 5209 1026 5288 εὐάρεστον
1078 5208 1241 5281 αὐτῷ.
1287 5207 1348 5265 Τί
1397 5205 1451 5263 δέ
1494 5207 1632 5264 ἐστιν
1691 5207 1832 5282 αὐτῷ
1888 5207 1980 5262 εύ-

333 5301 599 5379 άρεστονς
646 5300 717 5357 Τὸ
759 5310 935 5354 ποιεῖν
988 5298 1132 5371 ἡμᾶς
1189 5297 1250 5352 τὸ
1303 5294 1512 5372 θέλημα
1566 5296 1744 5357 αὐτοῦ.
1805 5315 1829 5351 ι
1883 5296 1982 5351 Διὰ

330 5388 511 5457 Ἰησοῦ
558 5393 805 5467 Χριστοῦ.
861 5408 890 5442 ι
942 5384 1131 5467 Αὐτὸς,
1179 5384 1332 5465 φησὶ,
1388 5398 1537 5442 ποιεῖ
1589 5385 1650 5440 τὸ
1701 5384 1977 5462 εὒάρεστον

330 5482 500 5559 αὐτῷ,
549 5462 618 5534 διἱ
650 5478 807 5552 ἡμῶν
863 5472 1060 5551 μέσων.
1110 5462 1263 5555 Ὀρᾷδ
1316 5462 1398 5530 ὅτι
1440 5474 1502 5530 τὸ
1555 5478 1659 5531 πᾶν
1701 5478 1794 5529 τοῦ
1848 5479 1980 5529 Θεοῦ

332 5567 490 5625 catt:

476 5616 492 5647 7

2059 4670 2237 4749 igitur
2257 4677 2489 4751 oportet
2512 4668 2816 4743 inchoare,
2835 4676 2892 4730 et
2914 4685 3048 4728 eum
3070 4665 3169 4747 qui
3190 4665 3704 4746 perficitobsecra-

2058 4777 2186 4823 re.«
2213 4758 2304 4821 Ad
2327 4758 2660 4821 faciendum
2682 4755 3046 4819 voluntatem
3078 4754 3325 4836 ipsius.»
3360 4753 3503 4817 Nam
3528 4756 3578 4818 is
3608 4760 3707 4839 qui

2062 4849 2132 4911 ad
2154 4867 2329 4911 omne
2374 4867 2524 4929 opus
2562 4847 2782 4908 bonum
2814 4844 3123 4907 absolutus
3153 4853 3244 4906 est
3272 4853 3329 4905 et
3350 4847 3703 4925 completus,

2066 4938 2464 5018 potestfacere
2480 4936 2578 4998 Dei
2593 4930 3165 4997 voluntatem.0mne
3178 4942 3371 4995 autem
3387 4953 3535 5013 opus
3547 4945 3710 4998 vocat

2067 5045 2217 5107 opus
2245 5035 2307 5087 et
2334 5024 2861 5087 ﬁdemJElIiciens
2884 5032 2945 5083 ut
2968 5023 3119 5102 quod
3154 5024 3381 5102 agimus
3396 5033 3708 5105 acceptum

2067 5116 2200 5177 sit.»
2236 5113 2348 5177 Ubi
2378 5122 2574 5175 autem
2607 5132 2716 5174 nos
2746 5111 3050 5173 absolutos
3078 5110 3410 5174 reddiderit
3428 5112 3500 5173 ad
3531 5132 3710 5175 omne

2066 5223 2214 5284 Opus
2242 5204 2462 5265 bonum
2494 5203 2563 5262 ad
2589 5200 2922 5264 faciendam
2954 5219 3121 5262 suam
3156 5200 3539 5276 voluntatem,
3570 5211 3711 5264 tunc

2064 5293 2306 5355 inducet
2325 5292 2385 5353 in
2406 5290 2577 5352 nobis
2591 5290 2746 5371 quod
2765 5289 2879 5351 sibi
2895 5300 3205 5370 acceptum
3220 5288 3486 5361 est.Quid
3508 5299 3708 5354 autem

2058 5380 2175 5462 ipsi
2198 5380 2507 5461 acceptdm
2528 5379 2668 5441 est?
2691 5378 2764 5441 Ut
2781 5378 3067 5440 faciamus
3095 5379 3283 5459 ipsius
3314 5378 3705 5444 voluntatem.

2064 5493 2092 5527 α
2118 5473 2235 5534 Per
2259 5466 2464 5531 Jesum
2496 5468 2818 5530 Christum.
2841 5487 2870 5528 ι
2904 5465 3061 5548 Ipse,
3094 5467 3309 5549 inquit,
3341 5468 3525 5531 efﬁcit
3551 5470 3709 5551 quod

552 5572 716 5624 Τοῦτο
795 5562 848 5621 δὲ
925 5564 1138 5635 ποιήσει
1196 5564 1282 5621 καὶ
1339 5561 1628 5621 ἐπιτελέσει
1685 5563 1757 5626 εἰς
1828 5562 1972 5637 ἡμᾶς

2072 5559 2172 5623 sibi
2201 5565 2512 5641 acceptum
2543 5565 2634 5623 est
2656 5575 2763 5641 per
2792 5575 2901 5621 nos
2928 5557 3182 5622 medios.
3208 5557 3394 5622 Vides
3421 5561 3580 5642 quod
3611 5567 3707 5622 to-
