4180 6212
438 346 547 411 451

1581 346 1994 411 (ECUMENII
2037 343 2332 408 TRICCAS
2376 339 2713 408 EPISCOPI

3717 335 3837 401 4Βὲ

446 485 570 543 tum
609 482 685 544 sit
723 481 826 544 Dei
869 481 1064 562 opus?
1121 480 1245 542 Hoc
1273 487 1468 541 autem
1501 479 1676 541 faciet
1727 487 1785 542 et
1812 499 2094 542 consum-

2181 483 2238 538 τὸ
2270 481 2543 560 εὒάρεστον
2575 482 2714 554 αὒτῷ
2742 477 2826 534 διὰ
2887 489 2971 538 τοῦ
3030 479 3274 556 Χριστοῦ,
3337 478 3395 534 Ei
3451 477 3550 555 γὰρ
3607 473 3827 552 μεσίτης

447 571 706 634 mabitin
731 571 1030 652 nos,quod
1055 569 1171 632 sibi
1191 577 1501 649 acceptum
1527 577 1614 630 est
1631 587 1738 650 per
1767 569 2086 633 Christum.

2181 569 2410 646 γενέσθαι
2441 575 2571 626 Θεοῦ
2597 568 2684 625 καὶ
2714 569 2870 644 ἡμῶν
2909 566 3194 641 ἠθέλησεν,
3241 565 3458 629 εἰκότως
3502 562 3568 621 δι’
3601 565 3760 652 αὐτοῦ
3801 563 3832 618 δ

444 662 594 723 Nam
617 660 667 722 si
697 659 1048 722 conciliator
1075 657 1231 718 inter
1270 657 1455 720 Deum
1493 665 1551 718 et
1587 675 1694 719 nos
1723 658 1855 720 ﬁeri
1889 657 2089 734 voluit,

446 749 658 810 merito
689 767 796 829 per
823 751 1015 829 ipsum
1041 745 1216 808 Pater
1240 745 1397 826 quod
1428 746 1543 807 sibi
1572 755 1876 827 acceptum
1901 755 2010 823 est,
2033 746 2094 808 in

445 855 555 899 nos
587 837 871 918 perﬁciet.
903 835 1196 898 «Sull‘erte
1231 853 1567 897 sermonem
1602 835 2027 900 consolationis
2059 857 2088 896 ›

445 922 572 985 Non
596 923 763 998 dicit,
797 921 1067 996 Consilii,
1093 920 1691 997 aut,ExhortaIionis,
1727 922 1829 984 ε.ρά
1858 931 2099 1004 propter

443 1010 799 1073 afﬂictiones
827 1011 886 1072 in
909 1009 1123 1090 quibus
1157 1017 1363 1072 erant:
1391 1010 1844 1086 Consolationis,
1879 1011 2090 1092 inquit.

452 1125 479 1156 α
514 1101 750 1161 Etenim
789 1099 992 1180 paucis
1021 1099 1258 1180 scripsi.
1299 1124 1322 1158 ιι
1359 1098 1609 1161 Paucis:
1636 1099 2000 1162 conferendo
2022 1099 2096 1162 ad

447 1207 517 1251 ea
536 1209 666 1270 quaa
683 1189 952 1251 dicturus
973 1188 1200 1261 fuisset,
1235 1207 1365 1269 qua;
1389 1188 1642 1269 plurima
1657 1196 1850 1265 erant,
1883 1189 1934 1251 si
1963 1190 2095 1251 sin-

444 1278 580 1358 gula
599 1279 758 1340 dicta
781 1278 1056 1342 fuissent.
1097 1276 1307 1340 «Scitis
1339 1277 1578 1340 fratrem
1599 1276 1978 1340 Timotheum
1999 1277 2096 1340 di-

443 1367 757 1431 missum.»
819 1367 1004 1446 Magis
1052 1384 1191 1446 erga
1242 1366 1620 1429 Timotheum
1671 1367 1866 1429 amico
1897 1368 2098 1429 animo

448 1457 643 1519 affecti
660 1465 857 1534 erant,
889 1455 1025 1518 ideo
1049 1455 1124 1516 de
1169 1457 1294 1537 ipso
1317 1455 1544 1518 scribit.
1574 1454 1723 1528 Quid
1756 1465 1845 1517 est
1874 1464 2095 1534 autem,

446 1544 812 1608 Dimissum?
847 1545 966 1608 Aut
1011 1545 1071 1605 in
1101 1563 1344 1607 carcere
1371 1543 1584 1626 fuerat,
1618 1553 1718 1606 aut
1749 1563 1816 1606 ex
1849 1545 2100 1607 Athenis

448 1635 726 1698 dimissus
783 1633 1024 1716 erat,ibi
1081 1651 1340 1714 namque
1379 1632 1591 1695 fuerat.
1631 1656 1654 1689 α
1708 1632 1853 1694 Cum
1883 1653 2020 1716 quo,
2049 1633 2100 1695 si

450 1723 708 1787 celerius
735 1723 1179 1799 venerit,visam
1196 1721 1661 1785 vos.»Dimissns
1691 1721 1929 1803 quidem
1962 1731 2052 1786 est
2081 1741 2094 1786 :

2176 658 2360 738 Πατὴρ
2402 660 2462 714 τὸ
2490 656 2766 736 εύάρεστον
2797 658 2938 732 αὒεῷ
2980 658 3050 722 εἷς
3097 658 3241 732 ἡμᾶς
3275 653 3598 715 ἀπιτελέσει.
3637 675 3666 707 ι
3698 651 3833 709 ’Λν-

2177 746 2360 826 ἐχεσθε
2400 754 2494 804 τοῦ
2521 745 2681 825 λόγου
2709 747 2809 813 τῆς
2840 745 3251 826 παρακλήσεως.
3293 767 3315 801 ι
3353 746 3427 802 Οὔ
3467 743 3642 822 λέγει,
3689 747 3834 816 Συμ-

2179 833 2398 909 ϐουλῆς,
2429 836 2491 915 ἢ,
2525 835 2910 913 Παραινὲσεως,
2958 832 3097 891 ἀλλὰ
3125 831 3210 890 διὰ
3237 834 3332 897 τὰς
3384 831 3586 908 θλίψεις
3639 833 3695 887 ὲν
3737 831 3828 892 αἷς

2178 925 2336 998 ἦσαν,
2393 922 2783 1003 Παρακλήσεώς
2843 945 2996 1004 φησι,
3064 945 3088 980 ι
3153 924 3251 982 Καὶ
3294 922 3394 1002 γὰρ
3448 919 3532 978 διὰ
3583 917 3830 1000 βραχέων

2179 1012 2475 1076 ἐπέστειλα,
2542 1037 2566 1067 n
2632 1013 2730 1072 Διὰ
2782 1012 3051 1093 βραχέων,
3126 1015 3200 1077 ὡς
3256 1013 3385 1090 πρὸς
3441 1011 3506 1066 τὰ
3569 1006 3830 1085 μέλλοντα

2178 1102 2416 1184 λέγεσθαι
2489 1102 2624 1161 πάνυ
2692 1099 2865 1158 πολλὰ
2919 1102 3064 1177 ὄντα,
3136 1100 3290 1182 εἴπερ
3359 1099 3532 1158 πάντα
3585 1095 3820 1178 εἴρηται.

2186 1216 2212 1248 α
2260 1192 2550 1249 Γινώσκετε
2597 1192 2689 1247 τὸν
2731 1188 2952 1271 ἀδελφὸν
2995 1190 3272 1267 Τιμόθεον,
3339 1212 3364 1243 ιο
3425 1185 3637 1245 Μᾶλλον
3695 1187 3825 1264 πρὸς

2180 1283 2268 1338 τὸν
2324 1281 2578 1357 Τιμόθεον
2636 1282 2731 1338 οὒκ
2788 1281 2949 1360 εἶχον
3011 1279 3281 1360 ἐπαχθῶς,
3342 1275 3421 1360 διρ
3470 1276 3655 1356 γράφει
3711 1274 3830 1349 περὶ

2181 1371 2357 1430 αύτοῦ.
2389 1346 2452 1426 ἱΓί
2479 1366 2534 1424 δέ
2576 1368 2687 1425 ἐστι
2718 1369 2799 1441 τὸ,
2851 1346 3280 1444 τΛπολελυμὲνον
3312 1386 3331 1448 ς
3392 1346 3596 1424 "ﬂvuév'
3619 1346 3829 1445 φυλακῇ

2179 1457 2267 1533 ἦν,
2313 1458 2351 1526 ἢ
2393 1456 2444 1524 ἐξ
2498 1456 2736 1524 Ἀθηνῶν
2777 1455 3060 1532 ἀπελύετο,
3104 1457 3220 1514 ἐκεῖ
3279 1457 3380 1536 γὰρ
3421 1455 3511 1529 ἦν,
3551 1474 3575 1510 α
3611 1449 3737 1510 Μεθ’
3768 1450 3828 1508 οὗ

2182 1547 2270 1603 ἐὰν
2297 1547 2488 1627 τάχιον
2533 1544 2782 1626 ἔρχηται,
2828 1544 3030 1622 ὄψομαι
3072 1547 3230 1621 ὑμᾶς.
3295 1566 3322 1606 ι
3387 1543 3648 1610 Ἀπελύθη
3707 1540 3826 1618 μέν.

2184 1638 2242 1692 Εἰ
2284 1635 2338 1692 δὲ
2376 1638 2571 1715 τάχιον
2602 1634 2726 1712 ἔλθῃ
2757 1637 2885 1715 πρὸς
2931 1635 3021 1712 μῖ,
3069 1636 3160 1692 σὺν
3217 1636 3358 1709 αῦτῷ
3411 1631 3609 1708 ὄψομαι
3663 1632 3823 1706 ὑμᾶς,

2183 1725 2472 1805 ἐρχόμενος
2549 1727 2679 1803 πρὸς
2761 1726 2920 1800 ὑμᾶς.
2999 1725 3152 1788 Εἰκὸς
3209 1724 3308 1804 γὰρ
3362 1722 3427 1791 ἧν
3478 1718 3826 1779 ἀπολελῦσθαι

447 1811 602 1893 quod
631 1813 680 1873 si
699 1812 953 1874 celerius
991 1811 1221 1873 venerit
1243 1810 1316 1872 ad
1345 1831 1461 1878 me,
1495 1810 1630 1870 4'57
1657 1829 1776 1872 una
1805 1829 1938 1872 cum
1969 1809 2097 1890 ipso

2183 1815 2279 1889 μὲν
2310 1815 2487 1894 αὒτδν,
2518 1814 2684 1884 πήπω
2725 1810 2780 1868 δὲ
2838 1811 3218 1881 ἀπεληλυθένεοι
3277 1813 3406 1891 πρὸς
3462 1811 3553 1867 τὸν
3597 1806 3825 1870 Παῦλον.

449 1901 750 1981 profectus
773 1901 984 1963 videbo
998 1900 1470 1964 vos.Verisimile
1490 1919 1744 1980 namque
1762 1908 1886 1961 erat
1905 1900 2098 1980 ipsum

445 1990 685 2070 quidem
722 1989 902 2051 fuisse
931 1989 1266 2061 dimissum,
1328 1998 1386 2049 at
1432 1989 1694 2050 nondum
1726 1989 1797 2049 ad
1855 1989 2098 2050 Paulum

453 2079 818 2158 pervenisse.
849 2077 1082 2142 «Gratia
1112 2097 1246 2138 cum
1287 2077 1542 2139 onnibus
1579 2076 1801 2139 vobis»
1839 2079 1962 2138 Hoc
1984 2087 2096 2158 est,

453 2167 728 2228 remissio
762 2175 1138 2248 peccatorum
1190 2176 1246 2228 et
1298 2167 1630 2246 purificatio
1661 2166 1737 2226 sit
1768 2165 2096 2228 vobiscum.

450 2254 759 2328 Quomodo
790 2264 985 2318 autem
1021 2273 1152 2318 esse
1175 2255 1390 2335 poterit
1419 2275 1551 2316 cum
1583 2255 1859 2316 omnibus
1878 2255 2049 2316 nobis
2072 2254 2102 2316 ?

449 2344 512 2407 Si
534 2363 652 2406 non
682 2344 970 2406 fuerimus
1026 2343 1085 2404 in
1120 2343 1227 2405 Dei
1259 2343 1618 2406 beneﬁcium
1652 2344 2095 2419 contumeliosi,

447 2441 766 2515 peccantes
795 2452 862 2494 ac
895 2431 1090 2494 effecti
1121 2431 1450 2510 segniores.

449 2536 860 2616 Finis,dioino
873 2533 1778 2614 favmteauxilio,Epistolwad
1793 2535 2094 2598 Hebraeos.

661 2635 895 2715 Sclipta
929 2645 1018 2698 est
1047 2635 1120 2697 ab
1153 2635 1318 2697 Italia
1356 2653 1464 2714 per
1489 2633 1892 2700 Timotheum.

2189 1935 2214 1963 α
2291 1899 2354 1965 Ἠ
2405 1908 2562 1987 χάρις
2620 1907 2753 1982 μετὰ
2806 1906 3016 1962 πάντων
3088 1908 3258 1982 ὑμῶν.
3345 1929 3370 1960 ι
3433 1902 3730 1977 Τουτέστιν,
3790 1903 3824 1968 ἡ

2183 1996 2366 2079 ἄφεσις
2442 1997 2547 2052 τῶν
2635 1997 2902 2074 ἁμαρτιῶν
2970 1997 3057 2052 καὶ
3127 1999 3160 2064 ἡ
3231 1995 3478 2074 κάθαρσις
3549 1991 3641 2059 εἴη
3712 1989 3826 2067 μεθ’

2181 2087 2351 2160 ὑμῶν.
2397 2089 2516 2146 Πῶς
2573 2079 2618 2137 δ’
2676 2081 2736 2136 ἂν
2785 2081 2876 2150 εἴη
2921 2085 3055 2158 μετὰ
3109 2085 3320 2140 πάντων
3373 2083 3570 2160 ὒμῶνς
3633 2081 3688 2137 Εἰ
3747 2079 3825 2154 μὴ

2179 2172 2471 2252 ὑϐρίσωμεν
2503 2174 2575 2235 εἷς
2606 2171 2706 2240 τήν
2762 2173 3056 2251 ιῦεργεσίαν
3108 2179 3200 2230 τοῦ
3256 2179 3406 2245 Θεοῦ,
3444 2170 3828 2248 ἁμαρτάνοντες

2180 2265 2265 2320 καί
2301 2263 2644 2342 ῥᾳθυμοῦντες
2657 2306 2669 2318 .

2189 2564 2212 2594 α
2263 2538 2425 2603 Τέλος
2471 2539 2562 2595 σὺν
2606 2545 2744 2618 Θεῷ,
2784 2543 2886 2606 τῆς
2933 2540 3064 2617 πρὸς
3098 2528 3363 2615 Ἐϐραίους
3397 2534 3741 2602 Ἐπιστολῆς,
3797 2556 3819 2588 ι

2484 2636 2724 2719 Ἐγράφη
2755 2638 2860 2694 ἀπὸ
2891 2635 3115 2703 Ἰταλίας
3146 2634 3228 2692 διὰ
3257 2633 3531 2712 Τιμοθέου.

1710 2963 2594 3094 ΥΠΟΘΕΣΙΣ

1015 3233 1228 3318 ΤΗΣ
1307 3231 1956 3319 ΚΑΘΟΛΙΚΗΣ
2048 3233 2548 3326 ΙΑΚΩΒΟΥ
2629 3233 3270 3326 ΕΠΙΣΤΟΛΗΣ

1659 3601 2631 3716 ARGUMENTUM

1239 3851 1896 3938 CATHOLIC/E
1970 3853 2360 3941 JACOBI
2447 3857 3044 3945 EPISTOLfE.

541 4203 1064 4267 4'58Hancscribit
1083 4205 1340 4268 Jacobus
1363 4207 1454 4268 his
1477 4209 1630 4288 quia
1667 4210 1981 4272 duodecim
2007 4210 2097 4272 tri-

2267 4211 2472 4280 Ταύτην
2521 4215 2675 4280 αὐτὸς
2733 4217 2760 4272 ὁ
2831 4209 3079 4277 Ἰὰκωϐος
3151 4207 3445 4268 ἐπιστέλλει
3519 4220 3635 4270 τοῖς
3719 4205 3825 4262 ἀπὸ

461 4295 656 4358 bubus
686 4294 940 4375 dispersi
962 4293 1289 4369 fuerunt,et
1309 4296 1696 4361 crediderunt
1711 4299 1771 4359 in
1787 4298 2099 4360 Dominum

464 4382 772 4446 nostrumJ
781 4400 944 4444 esum
959 4381 1696 4448 ChristumScribitautem
1712 4396 1906 4468 aptam
1919 4390 1992 4450 ad
2006 4390 2102 4450 do-

463 4472 718 4536 cendum
733 4470 1293 4552 Epistolam.docens
1305 4472 1377 4534 de
1395 4476 1780 4537 tentationum
1799 4477 2097 4550 varietate,

463 4579 733 4644 quaenam
745 4579 779 4621 a
794 4563 912 4624 Deo
925 4562 1091 4636 sit,et
1110 4580 1242 4642 quae
1259 4579 1296 4623 a
1310 4564 1551 4644 proprio
1563 4564 1743 4626 corde
1766 4566 2096 4630 hominum:

459 4649 736 4730 quodque
748 4666 866 4708 non
887 4647 1065 4710 verbo
1087 4651 1446 4725 tantum,sed
1463 4659 1521 4712 et
1539 4671 1720 4733 opere
1741 4653 1918 4715 fidem
1931 4674 2103 4736 opor-

460 4736 1445 4818 teatostendere,nequeauditores
1476 4740 1756 4819 legis,sed
1788 4743 2100 4806 effectores

453 4823 882 4906 justificari.De
913 4824 1194 4888 divitibus
1214 4846 1447 4908 quoque
1478 4829 1742 4911 praecipit
1760 4849 1833 4892 ne
1863 4831 1924 4892 in
1946 4841 2098 4894 cmtu

460 4915 730 4978 ecclesiae
751 4917 1678 4998 praeponanturpauperibus,sed
1703 4920 2096 5000 potiusincre-

460 5011 699 5085 pentur,
763 5011 1040 5084 tanquam
1085 5004 1327 5068 fastuosi
1355 5024 1424 5066 ac
1454 5008 1724 5087 superbi.
1760 5007 1832 5069 Et
1861 5009 2098 5072 tandem

361 5155 364 5158 λ
459 5094 794 5154 consolatus
825 5091 959 5154 illos
987 5093 1089 5174 qui
1127 5094 1346 5174 injuria
1375 5095 1964 5178 afﬁciuntur,eosque
1992 5117 2098 5160 ex-

460 5182 730 5243 hortatus
743 5181 1184 5260 utlonganimes
1198 5183 1317 5244 sint
1334 5202 1519 5264 usque
1545 5185 1616 5246 ad
1639 5183 1869 5248 Judicis
1885 5187 2100 5250 adven-

459 5277 608 5358 tum,
659 5269 762 5331 ubi
795 5270 972 5332 etiam
1002 5269 1076 5332 de
1129 5271 1428 5351 patientiae
1457 5275 1794 5350 commodo,
1829 5277 2098 5358 exemplo

456 5356 569 5420 Job
601 5358 824 5436 docuit,
886 5358 1156 5438 praecipit
1187 5360 1464 5422 advocari
1513 5362 1892 5443 presbyteros
1922 5356 2102 5446 super

455 5447 752 5524 infirmos,
785 5455 970 5526 utque
998 5447 1274 5511 studeant
1302 5449 1375 5510 ad
1409 5449 1717 5513 veritatem
1748 5461 2100 5518 convertere

2185 4302 2288 4357 τῶν
2348 4301 2548 4359 δώδεκα
2589 4301 2766 4384 φυλῶν
2835 4301 3178 4380 διασπαρετσι
3229 4301 3316 4357 καὶ
3357 4297 3694 4354 πιστεύσασιν
3749 4295 3824 4358 εἰς

2183 4392 2274 4447 τὸν
2346 4392 2532 4470 Κύριον
2583 4381 2736 4467 ημῶν
2793 4389 2997 4457 Ἰησοῦν
3053 4389 3295 4456 Χριστόν.
3370 4387 3558 4466 Γράφει
3630 4381 3684 4438 δὲ
3740 4381 3825 4439 δι-

2184 4476 2514 4548 δασκαλικὴν
2555 4481 2654 4548 τὴν
2699 4477 3042 4550 Ἐπιστολὴν,
3097 4476 3352 4534 διδάσκων
3403 4476 3520 4553 περὶ
3572 4472 3823 4552 διαφορᾶς

2183 4573 2512 4647 πειρασμῶν,
2574 4581 2729 4635 ποῖος
2773 4569 2870 4644 μὲν
2911 4567 3051 4623 ἔστιν
3111 4568 3139 4621 ὁ
3201 4565 3306 4620 ἀπὸ
3361 4565 3512 4636 Θεοῦ,
3566 4561 3727 4624 ποῖος
3769 4557 3824 4615 δὲ

2184 4661 2211 4714 ὁ
2283 4657 2384 4714 ἀπὸ
2440 4663 2536 4722 τῆς
2590 4656 2718 4722 ἰδίας
2791 4655 2998 4737 καρδίας
3055 4660 3161 4711 τῶν
3217 4652 3527 4730 ἀνθρώπων.
3588 4651 3686 4708 Καὶ
3742 4648 3824 4704 ὅτι

2182 4750 2242 4803 οὗ
2283 4745 2426 4826 λόγῳ
2470 4747 2652 4824 μόνον,
2719 4745 2854 4805 ἀλλὰ
2907 4746 2996 4802 καὶ
3062 4744 3201 4824 ἔργῳ
3255 4740 3338 4798 δεῖ
3395 4740 3652 4798 δεικνύναι
3693 4739 3822 4826 ,τὴν

2181 4825 2378 4918 πίστιν,
2437 4838 2522 4894 οιαὶ
2579 4839 2679 4917 οὐχ
2751 4839 2797 4894 οἱ
2854 4835 3102 4914 ἀκροαταὶ
3170 4839 3263 4888 τοῦ
3332 4829 3515 4906 νόμου,
3586 4825 3705 4884 ἀλλ’
3775 4830 3822 4884 οἱ

2182 4929 2397 4996 ποιηταὶ
2453 4927 2795 4989 δικαιοῦνται.
2857 4927 2980 5007 Περί
3035 4947 3092 4982 τε
3144 4930 3250 4980 τῶν
3292 4921 3553 4980 πλουσίων
3607 4942 3818 5000 παραγ-

2181 5015 2379 5094 γέλλει,
2423 5017 2516 5074 ἵνα
2573 5018 2650 5093 μὴ
2705 5016 3082 5096 προκρίνωνται
3124 5019 3230 5070 τῶν
3284 5016 3522 5090 πτωχῶν
3589 5009 3644 5065 ἒν
3697 5022 3820 5072 ταῖς

2182 5105 2510 5181 ἐκκλησίαις,
2577 5104 2713 5162 ἀλλὰ
2790 5104 2991 5182 μᾶλλον
3073 5103 3162 5159 καὶ
3243 5099 3667 5168 ἐπιπλήττωνται
3750 5099 3822 5162 ὡς

2179 5196 2523 5274 ὑπερήφανοι,
2638 5196 2736 5252 Καὶ
2835 5193 2985 5258 τέλος
3083 5187 3594 5270 παραμυθησάμενος
3700 5187 3822 5250 τοὺς

2181 5281 2574 5359 ἀδικουμένους,
2645 5285 2733 5340 καὶ
2799 5281 3229 5363 προτρεψάμενος
3311 5277 3494 5340 αὖτοὺς
3554 5277 3817 5363 μακροθυ-

2183 5385 2306 5448 μεῖν
2362 5371 2462 5438 ἕως
2516 5378 2615 5440 τῆς
2686 5362 2970 5451 παρουσίας
3041 5377 3131 5427 τοῦ
3205 5373 3416 5446 Κριτοῦ,
3473 5366 3561 5422 καὶ
3616 5362 3822 5430 διδάξας

2182 5461 2298 5539 περὶ
2325 5461 2594 5536 ὑπομονῆς
2625 5461 2685 5518 ἐκ
2731 5469 2823 5519 τοῦ
2869 5459 2993 5518 Ἰὼϐ
3037 5461 3099 5516 τὸ
3153 5455 3392 5538 χρηστὸν
3448 5452 3631 5534 αὐτῆς,
3690 5475 3820 5533 παρ·

456 5551 559 5598 eos
577 5534 679 5615 qui
703 5535 937 5600 seducti
971 5543 1108 5598 sunt
1134 5544 1233 5598 aut
1261 5536 1364 5618 qui
1395 5547 1594 5600 errant
1617 5557 1631 5603 :
1656 5539 1738 5602 ait
1767 5543 1926 5604 enim
1958 5560 2091 5607 esse

2181 5534 2438 5629 :ﬁéﬂct‘
2475 5549 2884 5630 προσκαλεῖσθαι
2945 5549 3064 5613 τοὺς
3123 5534 3498 5626 πρεσϐυτέρους
3556 5542 3641 5600 ἐπὶ
3695 5543 3825 5620 τοὺς
