4180 6212
301 305 421 369 457

1287 304 1683 369 COMMENT.
1731 302 1814 365 IN
1858 290 2100 373 EPIST.
2144 295 2470 375 CATHOL.
2515 296 2793 363 JACOBI.

3562 294 3681 399 4,58

293 438 584 517 προθυμίας
644 436 1082 518 ἀποσϐεσθείσης,
1154 439 1243 495 καὶ
1308 438 1400 493 οὐκ
1456 439 1529 500 εἰς
1588 436 1784 514 ἀγαθὸν
1839 446 1943 491 τοῖς

2041 445 2148 491 nos
2178 430 2501 494 Dominus:
2529 433 2683 516 quod
2717 438 3026 515 promptus
3048 432 3291 514 quidem
3321 430 3679 518 sitspiritus:

294 526 664 607 χρησαμένοις
749 526 1141 595 τελευτησάσης
1176 543 1190 558 ⁸
1277 529 1323 584 ot
1413 524 1466 582 δὲ
1562 522 1630 581 δι’
1693 522 1949 602 ἁμαρτίαν

294 616 623 696 ἐπαγόμενοι
673 619 747 681 ὡς
806 631 921 682 τοῖς
981 614 1293 693 Σοδομίταις
1351 618 1380 672 ὁ
1429 613 1666 694 ὄλεθρος.
1725 612 1947 673 Τούτους

296 707 417 770 τοὺς
500 707 845 787 πειρασμοὺς,
960 704 1061 773 ὅση
1168 702 1409 785 δύναμις,
1495 701 1762 786 φευκτέον,
1850 698 1948 755 ἀν-

296 797 615 874 αμαρτήτως
688 797 950 873 βιοῦντας.
1013 792 1161 852 Ἐπεὶ
1223 796 1342 858 τούς
1386 815 1447 873 γε
1501 792 1606 848 ἀπὸ
1661 795 1812 864 Θεοῦ,
1871 790 1946 851 ὡς

293 891 373 958 τῷ
429 882 570 944 Ἰὼϐ.
629 886 705 947 ὣς
763 889 840 958 τῷ
897 882 1160 958 Ἀϐραὰμ,
1203 884 1279 959 μὴ
1324 884 1483 959 μόνον
1549 883 1609 937 οὗ
1670 876 1941 960 φευκτέον,

292 970 418 1027 ἀλλ’
476 972 530 1027 εἴ
571 995 621 1028 τι
678 974 766 1029 καὶ
823 970 1062 1047 δυνατὸν,
1120 969 1219 1028 διὰ.
1256 977 1357 1039 τῆς
1411 972 1683 1045 ὑπομονῆς
1728 967 1815 1022 καὶ
1844 970 1943 1031 τῆς

294 1061 631 1142 εὐχαριστίας
700 1061 1075 1123 ἑπισπαστέον.
1155 1053 1214 1118 Ὀ
1290 1061 1389 1139 γὰρ
1461 1060 1590 1121 Θεὸς
1661 1055 1938 1135 πειράζων,

292 1148 381 1206 ἐπ’
410 1149 637 1228 ὠφελείᾳ
663 1152 752 1206 καὶ
780 1150 1057 1228 ἆναρρήσει
1115 1158 1268 1208 τοῦτο
1314 1162 1490 1206 ποιεῖν
1522 1146 1691 1207 οἶδεν.
1723 1151 1935 1223 Πειρασ-

292 1254 423 1315 μοῖς
458 1237 513 1296 δὲ
543 1239 804 1303 ποικίλοις
860 1241 1010 1320 εἶπε,
1071 1238 1154 1295 διὰ
1196 1240 1257 1295 τὸ
1286 1240 1407 1303 τοὺς
1453 1238 1575 1318 μὲν,
1608 1239 1679 1299 ὡς
1710 1233 1938 1315 ἔφημεν,

291 1329 402 1385 ἀπὸ
430 1337 585 1410 Θεου,
629 1330 749 1393 τοὺς
778 1328 831 1385 δὲ
860 1328 949 1409 ἀφ’
995 1330 1148 1407 ἡμῶν
1172 1331 1336 1392 εἶναι,

386 1616 410 1651 ι
468 1584 599 1652 ’Ὁτι
657 1597 718 1651 τὸ
768 1594 1003 1672 δοκίμιον
1056 1598 1204 1672 ὑμῶν
1264 1604 1362 1669 τῆς
1419 1597 1645 1659 πίστεως
1690 1592 1943 1672 κατεργά-

292 1691 440 1756 ζεται
522 1687 817 1760 ὑπομονήν,
909 1678 971 1742 Ἠ
1054 1683 1108 1740 δὲ
1190 1688 1432 1761 ὑπομονὴ
1516 1685 1667 1765 ἔργον
1740 1681 1940 1738 τέλειον

292 1773 494 1854 ἐχέτω,
551 1774 644 1830 ἵνα
698 1774 791 1842 ἦτε
876 1774 1068 1832 τέλειοι
1134 1777 1221 1832 καὶ
1294 1773 1597 1853 ὁλόκληροι,
1654 1775 1709 1829 ἓν
1758 1768 1941 1847 μηδενὶ

292 1861 624 1939 λειπόμενοι,
663 1887 688 1917 ιι

377 1955 652 2027 Δοκίμιον,
721 1953 783 2008 τὸ
836 1952 1144 2032 κεκριμένον
1199 1952 1365 2031 λέγει,
1426 1953 1486 2008 τὸ
1553 1948 1941 2025 δεδοκιμασμέ-

294 2063 407 2120 νον,
451 2042 513 2096 τὸ
542 2041 789 2120 καθαρόν,
840 2038 933 2106 Ὠς
991 2043 1078 2097 καὶ
1131 2043 1215 2116 τὸ,
1284 2066 1311 2097 α
1373 2040 1647 2120 Ἀργύριον
1699 2059 1939 2117 τιεπυρω⁹

294 2129 477 2206 μένον,
510 2128 745 2205 δοκίμιον
786 2135 855 2206 τῇ
911 2135 1005 2208 γῇ.
1055 2149 1086 2189 )
1138 2137 1256 2195 [Ιῶς
1299 2128 1353 2186 δὲ
1400 2132 1471 2185 ,τὸ
1514 2127 1747 2204 δοκίμιον
1802 2128 1939 2182 ὓπο-

293 2219 467 2293 μονὴν
520 2220 943 2299 κατεργάζεταις
1011 2218 1220 2287 Ἐκείνη
1278 2220 1378 2299 γὰρ
1433 2221 1467 2287 ἡ
1511 2220 1684 2282 πίστις
1742 2216 1941 2293 καθαρὰ

293 2306 599 2388 ἒλέγχεται,
689 2309 724 2375 ἡ
800 2308 854 2364 ὲν
909 2310 1152 2386 ὑπομονῇ
1202 2310 1288 2365 καὶ
1363 2307 1605 2388 καρτερίᾳ
1672 2307 1777 2363 τῶν
1835 2304 1943 2361 ἐπι-

293 2396 599 2477 φερομένων
707 2402 1016 2475 πειρασμῶν
1126 2395 1465 2461 διατελοῦσα.,
1554 2403 1747 2455 Πιστοῦ
1842 2395 1941 2474 γὰρ

291 2488 366 2549 ὡς
452 2485 664 2553 ἀληθῶς
750 2483 925 2566 ἔργον,
1012 2487 1071 2542 τὸ
1154 2487 1289 2562 μετὰ
1356 2486 1712 2566 μακροθυμίας
1754 2506 1812 2541 τε
1855 2485 1941 2541 καὶ

291 2575 657 2656 εὔχαριστίας,
769 2576 863 2638 τὰς
974 2576 1216 2640 τοιαύτας
1317 2579 1569 2656 ἒπιιρορᾶς
1668 2572 1937 2654 δέχεσθαι,

296 2655 519 2721 Ὀποῖόν
560 2686 630 2744 ’τε
686 2664 774 2720 καὶ
831 2666 859 2720 ὁ
915 2662 1038 2721 Ἰὼϐ
1089 2664 1341 2743 ἔπραττεν
1399 2655 1452 2721 ἐν
1510 2671 1671 2721 πᾶσιν
1713 2666 1938 2744 εὔχαρι-

293 2759 457 2814 στῶν.
500 2775 524 2807 ι
560 2740 766 2831 ’Ἔργον
820 2750 1023 2810 τέλειον
1074 2740 1271 2834 ἐχέτω,
1305 2775 1335 2814 )
1400 2754 1596 2834 Σκόπει
1628 2769 1644 2785 ⁸
1700 2740 1811 2810 οὐκ*
1845 2740 1937 2809 εῖ-

290 2863 360 2898 πε
430 2844 527 2909 τήν
584 2841 855 2918 ὑπομονὴν
937 2831 1240 2921 ὁριστικῶς,
1299 2841 1403 2920 ὅτι,
1466 2831 1670 2923 ’Ἔργον
1739 2841 1940 2898 τέλειον

290 2929 437 3011 ἔχει,
469 2927 608 2985 ἀλλὰ
635 2932 1059 3009 προστακτικῶς,
1113 2929 1344 3012 Ἐχέτω.
1387 2931 1458 2989 Οὐ
1488 2932 1587 3010 γὰρ
1616 2942 1938 3010 προϋποκει-

289 3018 461 3095 μένην
490 3018 683 3098 ἀρετὴν
714 3016 1046 3098 ἐξαγγέλλει,
1079 3019 1215 3076 ἀλλὰ
1235 3027 1323 3077 νῦν
1344 3020 1709 3101 ἐγγινομένην,
1738 3022 1810 3084 ὣς
1828 3020 1938 3100 χρὴ

289 3109 522 3185 γίνεσθαι
569 3110 869 3183 νομοθετεῖ.

378 3307 403 3341 ι
454 3286 515 3342 Εἰ
544 3283 599 3341 δέ
626 3307 706 3349 τις
749 3286 896 3360 ὑμῶν
925 3283 1160 3343 λείπεται
1190 3287 1397 3369 σοφίας,
1432 3288 1637 3345 αἰτείτω
1678 3288 1819 3368 παρὰ
1848 3286 1940 3343 τοῦ

2033 518 2137 579 sed
2172 521 2563 601 exstinguitur
2594 520 3111 604 promptitudoilla
3141 523 3298 584 inter
3328 516 3675 594 certamina,

2031 624 2141 668 nec
2152 609 2224 669 ad
2242 609 2461 673 bonum
2483 610 3251 693 ceditutentibuszquaedam
3270 628 3412 687 vero
3435 613 3679 690 propter

2030 709 2333 775 peccatum
2357 701 2737 777 inducuntur,
2773 708 2835 762 ut
2864 700 3196 779 ,Sodomitis
3226 699 3521 761 interitus.
3556 695 3674 759 Has

2031 788 2381 850 tentationes
2416 799 2700 872 quantum
2738 808 3075 871 possumus,
3107 789 3309 869 fugere
3354 786 3666 860 debemus,

2027 875 2249 956 absque
2271 884 2511 957 peccato
2541 877 3007 941 vivendo.Porro
3035 897 3164 959 qua:
3192 895 3227 940 a
3254 876 3380 939 Deo
3411 882 3570 951 sunt,
3606 882 3673 936 ut

2026 980 2156 1043 quae
2175 964 2285 1026 Job
2309 975 2409 1029 aut
2438 967 2739 1029 Abraham
2771 968 3167 1048 contigerunt,
3219 984 3337 1027 non
3376 963 3674 1044 fugiendae

2025 1061 2185 1128 sunt,
2221 1055 2361 1135 quin
2394 1057 2611 1137 potius,
2662 1057 2712 1119 si
2758 1076 2872 1138 quo
2917 1056 3090 1118 modo
3142 1055 3273 1118 ﬁeri
3311 1061 3528 1137 potest.
3564 1070 3674 1134 per

2025 1142 2365 1221 patientiam
2388 1147 2775 1225 etgratiarum
2797 1145 3090 1208 actionem
3110 1144 3496 1208 asciscendaa.
3512 1143 3673 1205 Deus

2026 1231 2183 1291 enim
2210 1233 2311 1313 qui
2343 1242 2547 1317 tentat,
2572 1236 2645 1298 ad
2676 1235 2987 1297 utilitatem
3018 1254 3087 1297 ac
3118 1234 3379 1296 victoriae
3411 1233 3677 1295 declara-

2021 1318 2245 1382 tionem
2269 1322 2383 1385 hoc
2398 1323 2596 1409 facere
2620 1326 2803 1389 novit.
2838 1325 2995 1387 Dixit
3015 1332 3212 1387 autem
3245 1346 3259 1386 :
3287 1323 3668 1386 Tentationes

2021 1409 2236 1484 varias,
2272 1431 2340 1473 eo
2373 1414 2529 1494 quod
2558 1416 2734 1477 nullae
2762 1433 2796 1477 a
2828 1413 2949 1477 Deo
2980 1422 3044 1476 ut
3084 1412 3361 1490 diximus,
3396 1412 3667 1495 quaadam

2022 1516 2158 1560 vero
2189 1518 2221 1560 a
2252 1501 2422 1564 nobis
2454 1505 2806 1584 procedunt.

2104 1590 2149 1659 Ι,
2184 1590 2320 1665 3-4,
2356 1594 2631 1656 Scientes
2661 1595 2820 1674 quod
2846 1592 3128 1674 probatio
3154 1600 3367 1656 vestra:
3387 1591 3529 1672 ﬁdei
3546 1608 3671 1669 ope-

2023 1685 2194 1769 retur
2217 1682 2621 1759 patientiam:
2652 1685 2948 1763 patientia
2978 1701 3117 1745 vero
3147 1700 3290 1769 opus
3328 1681 3670 1769 perfectum

2024 1764 2277 1830 habeat:
2308 1778 2374 1831 ut
2401 1772 2535 1833 sitis
2559 1774 2813 1852 perfecti
2860 1782 2915 1835 et
2958 1764 3551 1854 integrifnullaque
3601 1771 3672 1831 in

2021 1864 2203 1934 parte
2231 1858 2542 1922 diminuti.

2111 1947 2357 2022 Δοκίμιον
2389 1947 2532 2009 dicit
2560 1947 2715 2030 quod
2736 1948 3103 2029 exploratum
3128 1956 3220 2013 est
3240 1957 3298 2011 et
3317 1944 3667 2029 comproba-

2025 2039 2180 2094 tnm:
2211 2054 2384 2114 porro
2402 2037 2847 2118 comprobatum
2870 2038 3311 2119 diciturpurum
3340 2034 3666 2118 :quemad-

2025 2123 2264 2184 modum
2289 2125 2573 2205 scriptum
2596 2135 2718 2189 est:
2748 2127 3103 2189 cArBentum
3120 2127 3255 2207 igne
3269 2126 3662 2207 exploratum,

2024 2219 2332 2289 purgatum
2359 2223 2536 2276 terra.
2576 2242 2602 2271 »
2641 2215 2946 2288 Quomodo
2977 2223 3172 2277 autem
3214 2213 3481 2297 probatio
3514 2214 3667 2296 parit

2025 2301 2407 2380 patientiam?
2426 2303 2573 2376 Quia
2594 2305 2740 2367 ﬁdes
2760 2305 2859 2366 illa
2892 2323 3037 2385 pura
3067 2302 3198 2366 esSe
3224 2298 3665 2386 probatur,q’uae

2025 2407 2132 2469 per
2189 2392 2527 2470 patientiam
2575 2413 2643 2455 ac
2701 2394 3071 2457 tolerantiam
3108 2395 3250 2454 44⁵5
3283 2392 3660 2455 inductarum

2021 2478 2409 2542 afﬁictionum
2430 2482 2752 2561 perﬁcitur.
2786 2482 2931 2544 Nam
2962 2502 3101 2545 vere
3128 2482 3321 2545 ﬁdelis
3350 2500 3499 2562 opus
3550 2488 3661 2559 est,

2024 2587 2131 2648 per
2159 2568 2662 2648 longanimitatem
2694 2579 2751 2634 et
2778 2572 3097 2651 gratiarum
3128 2571 3421 2633 actionem
3449 2570 3661 2649 hujus-

2023 2656 2183 2718 modi
2215 2658 2473 2739 impetus
2502 2660 2777 2741 excipere
2803 2682 2816 2722 :
2848 2660 3345 2742 quemadmodum
3370 2678 3435 2721 se
3461 2658 3667 2720 habuit

2021 2743 2204 2822 Job5,
2226 2748 2324 2828 qui
2356 2750 2414 2809 in
2448 2750 2726 2812 omnibus
2756 2752 2973 2827 gratias
3002 2749 3232 2830 agebat.
3266 2774 3293 2805 α
3330 2746 3494 2829 Opus
3524 2765 3663 2827 per-

2022 2837 2240 2897 fectum
2266 2837 2961 2902 habeat.»Animadverte
2997 2840 3151 2920 quod
3185 2858 3303 2901 non
3326 2838 3538 2900 dixerit
3559 2855 3667 2919 per

2020 2921 2599 3007 indicativum.0pus
2627 2928 2951 3007 perfectum
2984 2928 3186 3008 habet,
3210 2927 3314 2988 sed
3348 2926 3665 3007 perimpe—

2021 3013 2292 3087 rativum,
2355 3013 2599 3076 Habeat.
2653 3015 2782 3078 Non
2844 3018 2999 3078 enim
3060 3015 3342 3097 praedicat
3372 3034 3500 3078 eam
3534 3033 3667 3095 quae

2025 3102 2254 3182 praefuit
2282 3102 2585 3180 virtutem,
2619 3106 2724 3167 sed
2766 3125 2895 3187 quae
2946 3107 3196 3187 accedit,
3252 3111 3315 3167 et
3371 3103 3669 3185 quomodo

2026 3190 2156 3252 ﬁeri
2188 3200 2453 3273 oporteat
2482 3197 2701 3258 statuit.

2104 3280 2148 3355 Ι,
2176 3282 2309 3345 5-8.
2350 3282 2517 3356 Quod
2564 3285 2623 3346 si
2673 3285 2771 3347 cui
2820 3290 3091 3347 vestrum
3138 3285 3301 3347 deest
3344 3281 3665 3362 sapientia,

290 3372 525 3437 διδόντος
556 3381 687 3431 Θεοῦ
728 3379 887 3431 πᾶσιν
930 3373 1138 3455 ἁπλῶς,
1182 3377 1270 3432 καὶ
1318 3379 1397 3453 μη
1450 3375 1807 3449 ὀνειδίζοντος,
1854 3377 1940 3432 καὶ

2028 3370 2281 3449 postulet
2307 3391 2343 3431 a
2380 3373 2501 3434 Deo
2531 3374 2638 3453 qui
2669 3373 2773 3435 dat
2802 3374 3079 3435 omnibus
3105 3371 3386 3451 candide,
3411 3386 3521 3432 nec
3548 3388 3663 3431 ea:-

292 3461 570 3534 δοθήσεται
627 3467 790 3538 αὐτῷ.
838 3465 1056 3521 Αἰτείτω
1097 3462 1151 3521 δὲ
1180 3463 1234 3520 ἐν
1284 3466 1482 3540 πίστει,
1530 3464 1693 3541 μηδὲν
1746 3463 1940 3544 διακρι-

2028 3460 2293 3541 probrut,
2327 3468 2381 3522 et
2410 3460 2663 3523 dabitur
2693 3465 2768 3539 ei,
2803 3462 3083 3524 Postulet
3112 3469 3314 3523 autem
3347 3475 3479 3520 cum
3502 3457 3667 3537 ﬁdu-

295 3554 540 3627 νόμενος.
576 3544 634 3610 Ὀ
674 3554 773 3631 γὰρ
808 3550 1198 3632 διακρινόμενος
1254 3552 1394 3611 ἔοικε
1422 3552 1643 3610 κλύδωνι
1670 3552 1939 3621 θαλάσσης

293 3640 662 3717 ἀνεμιζομένῳ
687 3642 774 3697 καὶ
816 3640 1156 3720 ῥιπιζομένῳ,
1209 3644 1298 3711 Μὴ
1328 3644 1428 3724 γὰρ
1458 3644 1643 3701 οἰέσθω
1671 3642 1940 3723 ἅνθρωπος

294 3729 529 3805 ἐκεῖνος,
587 3729 668 3786 ὅτι
738 3729 968 3805 λήψεταί
1021 3754 1072 3787 τι
1140 3733 1282 3812 παρὰ
1336 3743 1427 3793 τοῦ
1504 3732 1710 3812 Κυρίου,
1780 3728 1942 3810 Ἀνὴρ

292 3816 546 3929 δίφυιον

295 3928 473 3968 αυτου.
507 3928 540 3968 )

375 3998 449 4054 Τὸ
499 3997 677 4055 α’ίτισν
733 4008 826 4058 τοῦ
879 3998 1077 4056 τελείου
1133 3999 1286 4080 ἔργου
1367 4000 1466 4068 τὴν
1522 4001 1707 4082 σοφίαν
1774 3998 1939 4077 λέγει.

302 4108 332 4139 α
378 4088 600 4143 Αἰτείτω
644 4089 785 4167 παρὰ
813 4094 945 4145 Θεοῦ
1019 4111 1043 4147 ι
1107 4088 1471 4163 Ἐπειδὴέοῖδε
1500 4091 1563 4147 τὸ
1591 4093 1688 4157 τῆς
1718 4089 1943 4151 πίστεως

296 4172 561 4257 δοκίμιον,
605 4177 694 4233 καὶ
735 4178 833 4245 τὴν
860 4177 1132 4254 ὑπομονὴν
1189 4179 1288 4246 τὴν
1343 4178 1397 4235 ἐν
1452 4192 1571 4241 τοῖς
1600 4189 1944 4257 πειρασμοῖς,

297 4267 363 4322 οὐ
402 4268 510 4322 τῶν
568 4266 843 4345 τυχόντων
897 4266 1184 4346 ἀνθρώπων
1242 4266 1581 4347 κατόρθωμα,
1652 4264 1789 4322 ἀλλὰ
1843 4269 1948 4322 τῶν

296 4352 439 4409 κατᾶ
467 4354 597 4411 Θεὸν
627 4360 827 4435 σοφῶν,
859 4352 945 4411 διὰ
996 4362 1151 4412 τοῦτο
1195 4354 1280 4411 ἐπὶ
1323 4355 1505 4436 σοφίας
1550 4354 1767 4423 αἴτησιν
1804 4377 1949 4432 παρ-

654 3819 1016 3885 ὰκατάστατος
1124 3820 1180 3876 ὲν
1275 3822 1468 3887 πάσαις
1576 3835 1691 3886 ταῖς
1798 3818 1941 3883 ὁδοῖς

2025 3551 2121 3611 cia
2153 3550 2440 3630 quiinihit
2470 3552 2725 3612 haesitat.
2753 3550 2912 3613 Nam
2943 3552 3052 3629 qui
3072 3550 3306 3612 haesitat
3333 3547 3558 3609 similis
3578 3552 3672 3608 est

2023 3639 2238 3717 ﬂuctui
2258 3640 2447 3700 maris
2472 3641 2578 3719 qui
2609 3642 2798 3703 ventis
2827 3642 3032 3719 agitur
3067 3647 3127 3702 et
3146 3641 3373 3718 impetu
3402 3636 3667 3715 rapitur.

2024 3725 2231 3805 Neque
2259 3728 2421 3788 enim
2444 3728 2743 3790 existimet
2773 3730 2945 3791 homo
2966 3728 3070 3791 ille
3099 3745 3164 3790 se
3194 3722 3429 3803 aliquid
3457 3740 3670 3804 accep-

2026 3820 2290 3877 turuma
2322 3816 2602 3878 Domino.
2651 3816 2751 3878 Vir
2773 3817 3005 3898 duplici
3063 3816 3266 3878 animo
3314 3818 3670 3875 inconstans

2027 3911 2110 3966 est
2142 3904 2206 3965 in
2233 3905 2514 3967 omnibus
2543 3910 2659 3967 viis
2686 3907 2839 3968 suis.

2109 3992 2355 4054 Causam
2371 3993 2617 4073 perfecti
2630 3994 2833 4075 operis
2862 3994 3005 4057 dicit
3032 3992 3385 4074 sapientiam
3397 4039 3410 4053 .
3426 4014 3448 4049 α
3460 3993 3668 4053 Postu-

2028 4081 2110 4143 let
2132 4099 2165 4141 a
2194 4080 2673 4154 DeosQuoniam
2698 4084 2857 4144 novit
2874 4082 3013 4145 ﬁdei
3034 4081 3581 4164 comprobationem
3605 4098 3674 4142 ac

2031 4171 2408 4232 tolerantiam
2441 4171 2503 4231 in
2524 4171 2966 4245 alﬂictionibus,
3004 4190 3126 4232 non
3168 4190 3298 4234 esse
3348 4188 3497 4252 opus
3524 4187 3676 4250 quo-

2029 4261 2253 4321 rumvis
2281 4259 2724 4342 hominum,sed
2759 4280 2961 4324 eorum
2993 4262 3096 4342 qui
3118 4259 3449 4323 secundum
3488 4260 3672 4321 Deum

2031 4348 2331 4428 sapientes
2362 4358 2848 4431 sunt,propterea
2870 4351 2941 4411 ad
2974 4349 3284 4430 sapientiae
3320 4346 3671 4423 postulatio-

299 4446 445 4519 ορμᾷ
511 4443 633 4506 τοὺς
682 4433 847 4500 ταῦτα
902 4447 1184 4523 κατορθοῦν
1235 4433 1635 4506 ὲπιποθοῦντας.
1715 4462 1744 4502 ι
1818 4449 1943 4509 Μη-

2032 4454 2169 4497 nem
2200 4435 2450 4517 impellit
2484 4455 2584 4498 eos
2615 4440 2714 4517 qui
2748 4440 2871 4500 haec
2895 4448 3173 4517 praestare
3201 4433 3673 4523 conanturJrQui

297 4529 389 4586 δὲν
417 4528 833 4609 διακρινόμενος.
889 4555 917 4588 ι
971 4534 1034 4589 Εἰ
1075 4533 1173 4612 γὰρ
1229 4533 1459 4589 πιστεύει
1516 4534 1744 4607 αἰτείτω,
1804 4534 1848 4588 εἰ
1890 4530 1944 4588 δὲ

297 4617 646 4701 διακρίνεται,
706 4618 841 4697 μηδὲ
912 4620 1141 4701 αἰτείτω.
1187 4618 1328 4688 Οὐδὲ⁶
1367 4621 1467 4701 γὰρ
1526 4620 1755 4697 λήψεται
1814 4621 1946 4701 ἀπι-

298 4714 443 4764 στῶν
473 4705 555 4764 ὅτι
586 4698 841 4784 λήψεται.
893 4728 917 4764 (ι
963 4698 1152 4767 "Eous
1208 4698 1449 4765 κλύδωνι-
1474 4707 1766 4777 θαλάσσης,
1803 4732 1831 4764 ι
1890 4700 1947 4766 ’0

299 4797 406 4875 γὰρ
463 4795 853 4877 διακρινόμενος
926 4794 1218 4878 ἀμφίϐολος
1277 4796 1352 4854 ὢν
1420 4798 1537 4877 περὶ
1611 4800 1706 4865 τὰς
1766 4799 1951 4855 ἑαυτοῦ

302 4887 566 4967 αἰτήσεις,
634 4890 822 4966 μικρὸν
906 4888 1389 4968 προσκαρτερήσας,
1449 4888 1593 4952 εὐθὺς
1650 4888 1947 4969 ἀναχωρεῖ.

303 4975 517 5054 Πάσχει
560 4972 798 5057 δὲ’τοῦτο
828 4975 881 5041 ἐξ
908 4976 1289 5055 ὑπερηφανίας,
1335 4974 1678 5055 ἀπαγορεύων
1708 4975 1947 5057 ταχέως,

303 5061 388 5119 ὅτι
429 5050 512 5139 μὴ
572 5065 713 5144 παρᾶ
748 5050 931 5131 ’πόδας
974 5050 1368 5132 ἐπηκολούθησε
1424 5050 1490 5121 τὰ
1517 5050 1835 5142 αἰτούμενα,

302 5148 373 5219 δὴ
416 5150 625 5231 μεγάλα
667 5152 907 5230 οἰόμενος
963 5153 1081 5233 περὶ
1137 5154 1342 5228 ἑαυτοῦ,
1399 5155 1486 5209 καὶ
1515 5156 1589 5218 ὡς
1621 5158 1714 5213 οὒκ
1745 5152 1952 5219 ἀνάξιος

306 5240 575 5320 ἀστοχεῖν
631 5244 706 5297 ὧν
774 5254 1011 5299 ποιεῖται
1065 5264 1164 5308 την
1222 5241 1461 5308 αἴτησιν.
1522 5244 1701 5318 Τούτῷ
1756 5240 1811 5299 δὲ
1841 5243 1952 5299 ἀπ-

307 5331 547 5392 εναντίας
574 5333 603 5388 ὁ
633 5331 1019 5412 ταπεινόφρων,
1083 5352 1104 5386 ι
1155 5332 1244 5397 Μὴ
1289 5331 1389 5410 γὰρ
1451 5330 1636 5388 οἰέσθω
1686 5329 1953 5412 ἅνθρωπος

307 5416 539 5484 ἒκεῖνος.
594 5443 617 5477 ι
655 5413 713 5479 Ὀ
765 5418 880 5497 μεθ’
934 5419 1221 5499 ὑπεροψίας
1270 5420 1430 5475 αἰτῶν
1472 5418 1675 5487 δηλαδὴ
1718 5416 1951 5477 καίὀλι-

388 5582 424 5635 ⁵
447 5579 589 5647 Job.
621 5595 667 5655 ι,
700 5584 727 5642 1
766 5597 932 5662 seqq.

869 5736 1132 5806 ΡΑτιιοι..
1167 5741 1282 5806 Gn.
1315 5740 1526 5807 CXIX.

2029 4524 2182 4588 nihil
2212 4525 2457 4587 haesitat.
2475 4523 2571 4587 »εἰ
2603 4527 2757 4587 enim
2792 4527 3056 4607 conﬁdit,
3082 4533 3241 4607 petat
3266 4546 3281 4602 ;
3306 4526 3353 4586 si
3381 4542 3518 4585 vero
3539 4522 3668 4583 ha:-

2028 4614 2189 4689 sitat,
2214 4634 2288 4675 ne
2310 4621 2465 4694 petat
2486 4614 2892 4696 quidem,quia
2915 4634 3035 4677 non
3056 4612 3307 4694 accipiet
3323 4612 3425 4693 qui
3459 4608 3675 4672 diffidit

2030 4720 2094 4763 se
2120 4702 2801 4782 accepturum.aSimilis
2822 4703 3132 4765 estﬂuctui
3158 4701 3396 4765 maris.»
3424 4698 3480 4761 Is
3511 4697 3672 4758 enim

2031 4791 2132 4872 qui
2160 4790 2635 4865 haesitat,dubius
2652 4792 2810 4854 circa
2838 4810 2971 4853 suas
2994 4789 3333 4873 petitiones,
3358 4787 3460 4851 ubi
3482 4785 3676 4867 pauli-

2033 4898 2172 4960 sper
2201 4878 2705 4956 sustinuit,statim
2737 4878 3443 4942 recedit.Acciditautem
3458 4876 3572 4938 hoc
3590 4874 3679 4936 illi

2034 4987 2104 5031 ex
2130 4967 2595 5050 superbia,quod
2621 4969 2735 5030 cito
2758 4970 3037 5049 desperet
3062 4986 3132 5029 eo
3165 4966 3319 5047 quod
3352 4984 3468 5027 non
3498 4983 3532 5027 e
3567 4982 3675 5026 ve-

2035 5057 2209 5136 stigio
2241 5065 2564 5137 sequantur
2577 5076 2707 5136 quae
2730 5065 3043 5138 petuntur:
3069 5065 3270 5136 utpote
3294 5073 3499 5133 magna
3520 5053 3595 5114 de
3617 5070 3682 5114 se

2036 5147 2380 5227 concipiens
2427 5153 2484 5206 et
2529 5146 2683 5224 quod
2732 5145 2942 5226 repelli
2973 5151 3274 5208 mereatur
3304 5144 3363 5205 in
3396 5142 3680 5225 petitione

2036 5255 2213 5317 quam
2245 5235 2593 5296 facitJ’orro
2624 5235 2918 5296 contrario
2951 5234 3125 5296 modo
3153 5234 3227 5295 ad
3260 5234 3416 5295 hunc
3431 5229 3687 5294 sehabet

2037 5323 2402 5406 quimodesti
2423 5322 2507 5384 esl
2532 5322 2734 5385 animi.
2751 5325 2994 5404 (Neque
3015 5322 3173 5385 enim
3192 5322 3486 5385 existimet
3507 5326 3682 5387 homo

2101 5411 2430 5493 ill-Nempe
2455 5409 2559 5494 qui
2581 5429 2650 5475 ex
2673 5412 2827 5475 fastu
2850 5422 2908 5475 et
2926 5411 3283 5495 negligentia
3305 5410 3474 5494 petit.
3498 5412 3686 5477 Aufer

3219 5740 3292 5809 15
