4180 6212
521 336 640 401 459

1650 325 2065 392 ἘΟΙΙΜΕΝΙΙ
2112 322 2408 387 TRICCIE
2446 325 2779 393 EPISCOPI

3795 325 3919 393 460

522 489 555 532 a
589 468 779 548 teipso
808 465 993 528 animi
1023 463 1461 545 duplicitatem,
1494 479 1688 542 neque
1720 460 1992 536 omnino,
2053 477 2162 524 cun

2246 465 2485 543 ιγωρίας.
2545 456 2696 549 Ἀρον
2766 479 2984 530 σεαυτοῦ
3064 470 3163 538 τὴν
3246 467 3519 549 διψυχίαν,
3605 468 3692 524 καὶ
3769 452 3909 542 μηδὲ

523 556 748 639 aliquid
777 574 811 617 a
838 558 959 619 Deo
989 553 1142 633 petis
1187 553 1385 616 animo
1435 550 1697 639 vacilles.
1731 549 1984 639 dicendo
2017 549 2174 631 apud

2260 551 2397 620 ὅλως
2457 554 2764 639 διψυχήοῃς
2838 560 3146 630 αἰτήσασθαι
3215 559 3356 638 παρὰ
3428 563 3558 614 Θεοῦ
3613 555 3786 635 λέγειν
3854 554 3911 611 ἒν

523 638 1118 727 teipsum,Quomodo
1143 659 1383 723 possum
1408 638 1706 721 quidpiam
1732 658 1766 701 a
1794 638 2046 702 Domino
2065 660 2162 722 pe-

2258 650 2482 724 σεαυτῷ,
2542 644 2645 721 ὅτι,
2712 638 2835 713 Πῶς
2912 645 3134 724 δύναμάι
3218 648 3429 715 αἰτῆσαί
3485 669 3535 703 τι
3605 646 3744 725 παρὰ
3814 653 3912 703 τοῦ

524 744 652 797 tere
683 741 741 797 et
770 733 1066 813 accipere,
1091 731 1193 812 qui
1224 729 1402 791 toties
1429 729 1489 789 in
1521 727 1712 817 ipsum
1751 728 2162 809 peccaverimi

2263 733 2445 811 Κυρίου
2492 736 2579 792 καὶ
2626 734 2836 812 λαϐεῖν,
2896 738 3221 817 ἡμαρτηκὼς
3277 736 3503 794 τοσάῦτα
3568 736 3641 798 εἷς
3697 733 3906 814 «Mdv;

523 822 611 886 Ne
642 824 766 884 haec
788 821 1030 901 cogites,
1068 819 1172 881 sed
1205 837 1275 880 ex
1310 826 1431 879 toto
1462 816 1641 879 corde
1688 825 2040 880 convertere
2100 817 2171 880 ad

524 911 936 985 Dominum,et
969 917 1102 989 pete
1135 906 1207 969 ab
1237 906 1366 988 ipso
1392 906 1523 967 sine
1554 904 1949 987 haesitatione,
1985 916 2047 968 et
2066 925 2171 969 co-

525 1020 775 1082 gnosces
808 997 1247 1061 multitudinem
1279 994 1702 1057 misericordia:
1732 995 2047 1075 ejus,quod
2072 1014 2172 1057 ne-

525 1109 816 1172 quaquam
860 1098 917 1150 te
947 1088 1205 1162 deserat,
1252 1084 1355 1146 sed
1401 1083 1746 1164 petitionem
1801 1084 2013 1145 animae
2061 1093 2173 1146 tum

525 1171 867 1260 Complebit.
901 1176 1030 1238 Non
1060 1183 1147 1237 est
1176 1174 1334 1237 enim
1368 1174 1521 1235 Deus
1550 1174 1703 1234 sicut
1745 1171 2042 1260 homines,
2068 1173 2172 1253 qui

526 1259 859 1329 mutuarum
893 1264 1242 1345 iujuriarum
1277 1262 1711 1323 meminerunt:
1737 1260 1840 1321 sed
1873 1259 1999 1340 ipse
2020 1260 2172 1321 obti.

521 1356 767 1418 viscitur
794 1355 1049 1435 injuria},
1088 1360 1149 1415 et
1181 1352 1495 1413 miseretur
1538 1355 1825 1413 creaturze
1855 1367 1997 1412 suae.
2030 1350 2166 1410 444

531 1470 558 1501 ι
584 1444 692 1507 Vir
711 1444 937 1526 duplici
965 1445 1226 1505 animo.)
1258 1440 1491 1521 Duplici
1523 1440 1718 1500 animo
1752 1438 1941 1500 virum
1972 1439 2169 1519 appel-

524 1534 605 1596 lat
632 1533 968 1595 instabilem
1000 1541 1059 1594 et
1088 1550 1205 1592 non
1238 1530 1495 1604 ﬁrmum,
1526 1529 1625 1610 qui
1650 1548 1847 1609 nuque
1869 1529 1940 1592 ad
1971 1526 2168 1592 futura

524 1623 937 1703 solide,neque
967 1621 1039 1683 ad
1062 1620 1373 1701 praesentia
1387 1637 1598 1681 secure
1628 1619 1892 1682 ﬁrmatus
1916 1623 2036 1683 est:
2063 1619 2165 1681 sed

523 1713 641 1775 huc
661 1721 833 1793 atque
858 1711 998 1773 illuc
1018 1710 1253 1772 ducitur
1280 1727 1347 1769 ac
1369 1707 1782 1770 circumfertur
1806 1730 1819 1770 :
1846 1718 1905 1771 et
1930 1709 2166 1772 interim

526 1800 762 1883 quidem
778 1798 1360 1879 futura,quandoque
1378 1814 1514 1859 vero
1540 1797 1853 1878 prmsentia
1868 1798 2168 1879 amplecti.

524 1889 853 1952 tur.Talem
871 1896 1067 1950 autem
1092 1885 1296 1948 ﬂuctui
1323 1904 1559 1966 quoque
1578 1886 1758 1948 maris
1780 1886 2162 1968 comparavit,

523 1998 634 2041 nec
668 1978 1003 2041 ﬁrmitatem
1053 1994 1164 2037 nec
1212 1973 1593 2036 stabilitatem
1644 1975 1999 2037 habentizet
2033 1976 2164 2037 ﬂori

522 2067 726 2130 herba:
744 2066 844 2146 qui
876 2064 1016 2126 etim
1042 2084 1159 2126 non
1184 2064 1651 2145 perseverat.sed
1683 2064 1857 2126 simul
1884 2071 1947 2125 ut
1976 2063 2167 2126 oritur

522 2157 611 2219 sol
644 2152 1207 2217 deﬂuit.Gonsidera
1233 2170 1372 2213 vero
1402 2151 1560 2232 quod
1592 2171 1709 2213 non
1740 2151 1958 2213 dixerit
1989 2154 2163 2215 talem

522 2243 837 2307 assimilari
872 2242 1096 2322 herbae,
1141 2243 1246 2303 sed
1276 2240 1409 2302 ﬂori
1445 2239 1668 2315 herbaa,
1715 2240 1894 2303 breve
1919 2240 2162 2303 omnino

522 2342 757 2414 tempus
786 2332 1125 2410 signiﬁcans
1153 2348 1260 2410 per
1288 2328 1788 2401 ﬂoremQuoniam
1820 2338 2017 2392 autem
2039 2349 2164 2391 om-

523 2423 689 2484 nium
720 2420 1104 2482 obstetricem
1121 2437 1189 2480 ac
1204 2418 1470 2480 altricem
1494 2419 1655 2480 novit
1679 2436 1810 2480 esse
1838 2417 2022 2480 animi
2043 2437 2167 2479 mo-

525 2510 866 2586 destiam,et
893 2509 1023 2570 sine
1052 2509 1161 2568 hac
1192 2506 1339 2567 nihil
1376 2523 1507 2568 esse
1538 2507 1839 2585 egregium
1872 2507 1932 2567 in
1967 2506 2167 2587 probis

525 2618 594 2661 ac
614 2598 895 2661 studiosis
923 2597 1083 2671 viris,
1110 2594 1245 2656 ideo
1277 2594 1583 2674 subjungit
1613 2615 1630 2656 :
1666 2595 1963 2659 Glorietur
1986 2595 2169 2658 frater

526 2688 629 2769 qui
652 2686 894 2748 humilis
925 2682 1677 2762 est,etc.Quomodoautem
1701 2690 1956 2764 etquare
1972 2684 2168 2745 dictus

527 2784 620 2840 est.
648 2776 799 2839 alius
815 2773 1035 2854 duplici
1062 2771 1292 2833 animo?
1313 2770 1479 2843 Quod
1503 2788 1698 2851 neque
1719 2770 1790 2831 ad
1816 2779 2164 2851 praesentem

523 2864 700 2925 vitam
734 2882 926 2944 neque
948 2863 1018 2923 ad
1046 2861 1298 2923 futuram
1325 2860 1711 2921 sitﬁrmatus:
1750 2878 1886 2921 nam
1920 2860 2032 2921 vita
2061 2860 2161 2920 di-

522 2953 676 3016 citur
717 2952 893 3013 etiam
926 2950 1145 3031 anima,
1165 2957 1229 3011 ut
1260 2967 1392 3010 cum
1435 2948 1692 3010 dicitur:
1726 2972 1752 3003 α
1791 2948 2005 3012 Omnia
2032 2966 2164 3028 quae

2260 822 2347 889 Μὴ
2392 821 2687 903 διαλογίζου
2737 832 2922 906 ταῦτα,
2968 824 3088 881 ἀλλ’
3149 822 3200 891 ἐξ
3243 822 3373 891 ὅλης
3400 821 3611 902 καρδίας
3655 824 3893 900 ὶπίστρε-

2255 914 2355 985 ψον
2411 914 2498 968 επὶ
2544 913 2752 993 Κύριον,
2811 915 2900 971 καὶ
2956 915 3102 972 αἰτοῦ
3153 910 3277 993 παρ’
3308 914 3467 970 αὐτοῦ
3524 909 3851 973 ἀδιστάκτως
3887 927 3905 944 ⁸

2253 1002 2340 1056 καὶ
2412 1001 2595 1079 γνώσῃ
2675 1003 2775 1070 τὴν
2858 1001 3333 1083 πολυσπλαγχνίαν
3418 1002 3596 1074 αὐτοῦ,
3680 998 3760 1056 ὅτι
3844 1000 3909 1055 οὐ

2253 1090 2329 1164 μή
2380 1112 2439 1146 σε
2494 1091 2847 1173 ἐκγαταλίπῃ,
2934 1092 3070 1149 ἀλλὰ
3147 1096 3210 1149 τὸ
3286 1091 3495 1167 αἴτημα
3564 1096 3662 1158 τῆς
3714 1094 3904 1170 ψυχῆς

2252 1200 2344 1235 σου
2374 1177 2791 1261 πληροφορήσεί.
2854 1183 2960 1239 Ούκ
3018 1180 3129 1239 ἔστι
3187 1182 3287 1260 γὰρ
3324 1183 3353 1236 6
3412 1182 3540 1244 Θεὸς
3597 1181 3668 1244 ὡς
3711 1182 3758 1237 οἱ
3801 1176 3904 1235 ἄν·

2252 1270 2470 1344 θριειποι,
2545 1273 2592 1327 οἱ
2666 1277 3111 1346 μνησικακοῦντες
3196 1268 3478 1349 ἀλλήλοις,
3552 1266 3671 1325 ἀλλ’
3743 1267 3903 1330 αὒτὸς

2252 1357 2614 1432 ἀμνησίκακός
2644 1358 2775 1433 ἐστι,
2830 1362 2916 1416 καὶ
2972 1358 3386 1439 σπλαγχνίζεται
3442 1358 3529 1415 ἐπὶ
3581 1359 3680 1425 τὴν
3737 1357 3903 1423 ποίη-

2251 1468 2332 1501 σιν
2375 1446 2554 1509 αὐτοῦ.
2614 1469 2645 1503 α
2707 1446 2871 1528 Ἀνὴρ
2927 1446 3172 1528 δίψυχος.
3223 1471 3251 1503 ι)
3315 1449 3551 1526 Δίψυχον
3607 1444 3768 1502 ἅνδαα
3810 1446 3904 1503 τόν

2249 1534 2635 1614 άνεπέρειστον,
2700 1538 2790 1593 τὸν
2840 1537 3155 1617 ἀστήρικτον
3200 1535 3367 1616 λέγει,
3425 1537 3515 1592 τὸν
3573 1535 3710 1611 μήτε
3766 1535 3901 1614 πρὸς

2250 1624 2314 1678 τὰ
2345 1622 2604 1698 μέλλοντα
2667 1625 2895 1703 παγίως,
2943 1627 3080 1701 μήτε
3138 1627 3270 1704 πρὸς
3324 1625 3393 1681 τὰ
3433 1624 3666 1704 παρόντα
3719 1623 3899 1703 ἀσφα-

2249 1710 2355 1775 λῶς
2418 1711 2766 1792 ἡδρασμένον,
2813 1712 2949 1770 ἀλλὰ
3017 1711 3142 1790 τῇδε
3204 1713 3423 1770 κάκεῖσε
3479 1712 3738 1791 ἀγόμενον
3808 1712 3901 1766 καὶ

2251 1800 2678 1883 περιφερόμενον,
2725 1803 2812 1859 καὶ
2857 1803 2988 1860 ποτὲ
3032 1804 3129 1878 μὲν
3170 1809 3275 1859 τῶν
3322 1800 3647 1878 μελλόντων,
3684 1799 3813 1857 ποτὲ
3838 1797 3899 1855 δὲ

2249 1896 2353 1947 τῶν
2384 1892 2655 1971 παρόντων
2697 1891 3077 1973 ἀντεχόμενον,
3138 1892 3235 1949 Τὸν
3278 1889 3332 1946 δὲ
3376 1900 3615 1949 τοιοῦτον
3646 1891 3731 1945 καὶ
3760 1887 3897 1946 κλύ-

2248 1976 2369 2034 δωνι
2420 1980 2671 2036 ἀπείκασε
2728 1979 2997 2047 θαλάσσης
3055 1984 3148 2039 οὐκ
3191 1979 3373 2060 ἔχοντι
3433 1980 3494 2035 τὸ
3544 1976 3748 2059 ἑδραῖον
3807 1980 3900 2035 καὶ

2248 2070 2527 2144 στάσιμον,
2556 2071 2642 2126 καὶ
2694 2067 2832 2126 ἄνθει
2894 2070 3091 2150 χόρτου
3150 2066 3263 2125 οὔδε
3317 2071 3458 2143 αὐτῷ
3514 2066 3893 2148 παραμένοντι,

2249 2155 2366 2213 ἄλλ’
2422 2158 2533 2233 ἅμα
2592 2165 2669 2234 τῷ
2697 2158 2973 2215 ἀνατεῖλαι
3031 2162 3117 2215 τὸν
3180 2156 3356 2232 ἥλιον,
3430 2155 3894 2236 ἆπορυῖσκομένῳ,

2248 2247 2443 2303 Σκόπει
2486 2245 2540 2301 δὲ
2570 2246 2651 2303 ὅτι
2681 2247 2774 2304 οὒκ
2816 2248 2963 2324 εἶπε,
3018 2247 3200 2327 χόρτῳ
3253 2246 3485 2303 ἐοικέναι
3513 2247 3604 2302 τὸν
3633 2248 3894 2321 τοιοῦτον,

2247 2332 2364 2389 ἀλλ’
2420 2333 2563 2391 ἄνθει
2620 2336 2840 2415 χόρτου,
2884 2338 2945 2392 τὸ
2998 2336 3191 2401 τελέως
3244 2334 3619 2415 ὀλιγοχρόνιον
3661 2333 3747 2391 διὰ
3801 2346 3899 2394 τοῦ

2249 2420 2430 2487 ἄνθους
2462 2422 2658 2490 δηλῶν.
2721 2422 2937 2492 Ἐπειδὴ
2968 2421 3022 2480 δὲ
3076 2430 3183 2481 τῶν
3239 2422 3415 2480 καλῶν
3458 2424 3705 2480 ἁπάντων
3758 2446 3896 2499 μαι-

2250 2512 2455 2591 εύτριαν
2501 2511 2616 2569 οἶδε
2670 2515 2770 2581 τὴν
2811 2515 3313 2595 ταπεινοφροσύνην,
3371 2513 3459 2570 καὶ
3513 2510 3634 2569 ἄνευ
3689 2514 3892 2581 ταύτης

2250 2598 2393 2658 σόδέν
2450 2604 2861 2681 κατορθούμενον
2902 2603 3009 2660 τῶν
3051 2601 3365 2678 σπουδαίων,
3429 2599 3515 2659 διὰ
3554 2608 3709 2659 τοῦτο
3765 2601 3895 2659 ἐπι-

2249 2689 2390 2769 φέρει
2432 2692 2517 2764 τὸ,
2592 2692 2891 2772 Καυχάσθω
2933 2694 2961 2748 6
3003 2690 3223 2769 ἀδελφὸς
3267 2694 3295 2748 6
3352 2692 3622 2757 ταπεινὸς,
3683 2693 3770 2748 καὶ
3823 2693 3896 2749 τὰ

2250 2777 2370 2844 ἑξῆς
2428 2782 2547 2842 Πῶς
2579 2777 2633 2835 δὲ
2670 2778 2895 2861 δίψυχος
2926 2780 3135 2859 εἴρηται
3179 2781 3265 2837 καὶ
3318 2778 3402 2836 διὰ
3455 2780 3506 2836 τί
3546 2800 3564 2856 ;
3615 2772 3706 2845 Ὠς
3750 2783 3893 2857 μήτε

2248 2868 2377 2945 πρὸς
2408 2877 2506 2935 την
2565 2875 2833 2949 παροῦσαν
2874 2870 3038 2944 ζωὴν,
3087 2870 3225 2945 μήτε
3264 2871 3392 2947 πρὸς
3435 2870 3535 2937 τὴν
3593 2870 3894 2945 μέλλουσαν

2243 2953 2591 3033 ἡδρασμένος.
2637 2958 2803 3038 Ψυχὴ
2847 2959 2947 3037 γὰρ
2990 2959 3078 3015 καὶ
3118 2959 3152 3026 ἡ
3182 2958 3295 3028 ζωὴ
3322 2957 3552 3037 λέγεται,
3587 2960 3660 3023 ὠς
3703 2964 3757 3016 ἓν
3785 2964 3890 3035 τῷ,

520 3041 700 3104 habet
724 3043 901 3102 homo
933 3039 1094 3130 dabit
1119 3038 1441 3130 propanima
1460 3055 1566 3130 sua
1583 3036 1634 3097 6.
1667 3062 1693 3093 »
1716 3071 1795 3082 -
1819 3059 1841 3094 ιι
1873 3036 1933 3130 in
1964 3036 2162 3099 omni-

2253 3067 2279 3098 α
2316 3044 2490 3100 Πάντα
2519 3043 2617 3102 ὅσα
2646 3036 2763 3127 ἔχει
2821 3036 3091 3125 ἅνθρωπος
3149 3044 3302 3102 δώσει
3356 3046 3488 3126 ὑπὲρ
3546 3053 3643 3116 τῆς
3686 3053 3892 3130 ,ψυχῆς

522 3132 636 3192 bus
664 3130 775 3191 viis
804 3130 948 3191 suis.
982 3154 1004 3183 »
1026 3126 1161 3189 Vias
1183 3126 1326 3189 dicit
1347 3126 1531 3187 animi
1564 3133 1757 3188 motus
1787 3125 2005 3206 quibus
2026 3144 2162 3206 spes

524 3220 808 3299 elevatur,
834 3218 955 3278 sive
978 3234 1109 3297 quae
1138 3215 1297 3277 utilis
1322 3223 1409 3278 est
1437 3218 1559 3277 sive
1589 3233 1721 3296 quae
1750 3214 1993 3287 inutilis,
1997 3215 2163 3295 juxta

518 3307 579 3369 id
608 3308 767 3388 quod
799 3307 876 3368 ait
894 3305 1098 3368 David:
1134 3304 1236 3366 «Et
1261 3322 1468 3367 omnes
1489 3304 1617 3366 vias
1646 3323 1808 3366 meas
1829 3322 2162 3385 praecogno-

519 3396 654 3458 ViSll
673 3398 723 3459 7.
740 3422 762 3452 ι)

599 3485 841 3561 1,9-11.
890 3483 1207 3547 Glorietur
1263 3491 1467 3547 autem
1522 3484 1717 3561 frater
1766 3488 1873 3563 qui
1914 3480 2163 3544 humilis

518 3584 609 3639 est
637 3577 704 3638 in
724 3573 1097 3636 sublimitate
1146 3581 1535 3636 sua:contra
1586 3572 1695 3652 qui
1739 3572 1905 3633 dives
1957 3578 2063 3645 est,
2096 3573 2164 3634 in

516 3663 857 3727 humiliiate
884 3680 995 3725 sua
1032 3680 1043 3720 :
1081 3667 1366 3741 quoniam
1395 3661 1582 3724 veluti
1630 3660 1742 3741 ﬂos
1787 3658 1981 3722 herba
2009 3678 2162 3741 prae-

518 3754 741 3816 teribit.
777 3752 1051 3813 Exortus
1082 3756 1168 3812 est
1199 3752 1361 3813 enim
1386 3750 1477 3813 sol
1520 3766 1657 3811 cum
1700 3755 1870 3820 testu,
1903 3756 1962 3811 et
2008 3766 2160 3811 eata-

516 3843 642 3902 ruit
669 3840 877 3913 herba,
911 3848 967 3901 et
994 3839 1107 3919 ﬂos
1131 3839 1299 3902 illius
1330 3839 1578 3913 decidit,
1602 3844 1657 3900 et
1673 3838 1857 3900 decor
1885 3845 2162 3918 aspectus

518 3929 686 3992 illius
738 3929 939 4007 periit.
999 3928 1105 3989 Sic
1154 3935 1210 3990 et
1261 3929 1428 3990 dives
1484 3928 1552 3989 in
1610 3927 1727 3989 vtis
1765 3931 1896 3988 suis
1925 3942 2161 3988 mares-

520 4024 633 4081 cet.

599 4196 891 4270 Quoniam
922 4196 1288 4258 vacillantem
1312 4196 1595 4259 assimilat
1620 4196 1823 4258 ﬂuctui
1858 4195 1959 4276 qui
1987 4203 2158 4257 vento

516 4286 728 4368 agitur,
758 4286 860 4367 qui
889 4285 1126 4346 inﬂatus
1159 4284 1512 4348 sublimatur
1544 4304 1658 4348 una
1686 4303 1820 4347 cum
1853 4282 2160 4365 spiritibus

516 4376 839 4453 maris,sed
874 4375 1213 4456 priusquam
1238 4375 1523 4447 elevetur,
1557 4373 1953 4455 prosternitur
1981 4392 2049 4435 ac
2069 4392 2134 4436 se

2245 3135 2421 3194 αὖτοῦ.
2461 3157 2484 3192 ι
2526 3167 2596 3178 -
2636 3154 2659 3191 ε
2694 3134 2783 3191 Ἐν
2818 3135 3013 3200 πάσαις
3043 3150 3164 3200 ταῖς
3195 3133 3340 3199 ὁδοῖς
3386 3136 3565 3199 αύτοῦ,
3608 3161 3627 3192 ι
3682 3128 3887 3220 Ὀδοῦς,

2242 3221 2334 3286 τὰς
2378 3224 2612 3302 ψυχικὰς
2637 3221 2781 3301 λέγει
2809 3226 3063 3305 κινήσεις,
3116 3228 3207 3289 αἷς
3258 3222 3462 3290 ἐλπίδες
3508 3224 3890 3307 ἐπαιωροῦνται

2244 3307 2355 3365 εἴτε
2383 3313 2612 3390 χρησταὶ
2666 3310 2779 3367 εἴτε
2825 3315 2914 3369 καὶ
2970 3313 3072 3389 μὴ,
3119 3312 3247 3369 καθό
3289 3334 3417 3392 φησι
3474 3315 3560 3371 καὶ
3618 3318 3646 3372 6
3695 3314 3886 3393 Δαυ¹ιδ,

2251 3420 2272 3453 ι
2312 3401 2409 3457 Καὶ
2448 3400 2619 3466 πάσας
2650 3402 2744 3463 τὰς
2777 3398 2924 3465 ὁδούς
2956 3422 3058 3478 μου
3085 3399 3352 3481 προεῖδες.
3392 3424 3416 3460 ι

2333 3508 2355 3540 ι
2421 3489 2720 3569 Καυχάσθω
2775 3487 2830 3546 δὲ
2891 3493 2919 3546 6
2977 3488 3218 3570 ἀδελφὸς,
3277 3492 3305 3547 6
3359 3494 3630 3575 ταπεινὸς,
3702 3494 3755 3551 ὲν
3813 3504 3896 3572 τῷ

2243 3574 2363 3651 ὕψει
2446 3577 2604 3637 αὖτοῦ
2638 3599 2650 3611 υ
2724 3581 2753 3636 6
2834 3577 2891 3635 δὲ
2959 3577 3208 3643 πλούσιος
3278 3580 3339 3637 ἐκ
3419 3588 3489 3659 τῇ
3572 3574 3890 3642 ταπεινώσει

2244 3664 2402 3724 αύτοῦ
2433 3709 2448 3725 .
2558 3665 2638 3723 ὅτι
2747 3670 2821 3732 ὡς
2923 3668 3073 3735 ἄνθος
3182 3669 3378 3750 χόρτου
3487 3671 3888 3752 παρελεύσεται,

2246 3752 2509 3812 Ἀνέτειλε
2552 3757 2654 3836 γὰρ
2696 3759 2725 3813 6
2785 3755 2938 3824 ἥλιος
3005 3758 3097 3813 σὺν
3140 3765 3217 3832 τῷ
3282 3759 3537 3836 καύσωνι,
3610 3762 3700 3819 καὶ
3769 3762 3895 3834 ἐξή-

2246 3864 2364 3934 ρανε
2434 3846 2525 3900 τὸν
2593 3845 2814 3934 χόρτον,
2895 3847 2980 3902 καὶ
3062 3847 3125 3903 τὸ
3194 3845 3347 3911 ἄνθος
3412 3850 3569 3906 ανῖντοῦ
3650 3849 3888 3934 ἐξέπεσε,

2244 3933 2332 3989 καὶ
2398 3934 2434 4001 ἡ
2504 3932 2787 4013 εὐπρέπεια
2863 3941 2954 3991 τοῦ
3038 3934 3325 4013 προσώπου
3394 3938 3546 3995 αὐτοῦ
3615 3932 3886 4003 ἀπώλετοζ

2245 4020 2424 4085 Οὕτως
2492 4024 2579 4078 καὶ
2648 4024 2677 4078 6
2760 4020 3007 4087 πλούσιος
3072 4023 3125 4080 ἐν
3204 4037 3326 4089 ταῖς
3410 4027 3643 4106 πορείαις
3731 4032 3892 4088 αὒτοῦ

2244 4112 2654 4189 μαρανθήσεται.
2707 4134 2731 4170 υ

2324 4197 2540 4268 Ἐπειδὴ
2594 4199 2818 4259 κλύδωνι
2870 4202 3064 4279 ἀνέμου
3129 4203 3220 4258 τὸν
3279 4201 3669 4284 διακρινόμενον
3725 4207 3888 4265 ἄπει-

2240 4289 2412 4367 κάζει,
2486 4289 2542 4351 ὃς
2601 4294 2968 4371 μετεωρίζεται
3026 4291 3124 4367 μὲν
3194 4305 3312 4357 τοῖς
3381 4295 3671 4370 πνεύμασιν
3727 4295 3886 4376 ἐξογ-

2240 4377 2516 4458 κούμενος,
2576 4381 2764 4436 θᾶττον
2822 4378 2877 4436 δέ
2935 4382 2971 4449 ἢ
3037 4382 3310 4456 ὑψωθῆναι
3369 4386 3774 4465 καταστορετταί
3827 4408 3887 4443 τε

518 4465 725 4528 datur:
759 4467 868 4526 hoc
908 4466 1099 4543 ipsum
1148 4472 1345 4525 autem
1391 4464 1678 4544 contingit
1706 4461 2020 4532 vacillanti,
2057 4462 2157 4543 qui

2246 4467 2324 4521 καὶ
2366 4466 2678 4542 κοιμίζεται,
2723 4470 2883 4528 ταῦτὸ
2952 4466 3007 4525 δὲ
3054 4479 3208 4528 τοῦτο
3263 4472 3350 4527 καὶ
3408 4472 3437 4527 6
3491 4461 3887 4552 διακρινόμενος

514 4573 637 4635 prae
666 4556 813 4616 iastu
841 4572 909 4616 ac
938 4553 1215 4634 superbia
1242 4556 1298 4617 in
1332 4553 1494 4615 nullo
1526 4571 1731 4615 eorum
1765 4571 1895 4633 qua:
1929 4558 2159 4632 oportet

511 4645 707 4705 ﬁrmat
735 4662 872 4705 suas
902 4644 1239 4724 petitiones;
1265 4651 1575 4724 pr0pterea
1604 4639 2160 4721 subjungitzGlorie-

517 4740 613 4796 tur
640 4733 826 4795 frater
856 4734 953 4814 qui
986 4743 1077 4794 est
1101 4732 1366 4794 humilis.
1401 4732 1486 4794 Ac
1518 4731 1567 4793 si
1597 4731 1826 4792 diceret
1854 4748 1867 4791 :
1906 4727 2017 4800 Qui
2041 4729 2160 4790 vult

515 4820 816 4901 quippiam
852 4830 1073 4902 petere,
1109 4821 1366 4901 primum
1386 4820 1625 4901 quidem
1653 4826 1808 4899 petat
1828 4836 1961 4898 quae
1988 4835 2157 4897 opor-

515 4909 690 4984 tet,in
721 4911 939 4990 quibus
970 4929 1339 4990 nequaquam
1371 4908 1740 4970 fraudabitur
1765 4907 1966 4988 pelitts
1995 4908 2157 4970 :haec

515 5004 711 5060 autem
734 5010 871 5059 sunt
900 5018 1145 5078 regnum
1170 4996 1276 5059 Dei
1297 5008 1350 5060 et
1371 4998 1633 5078 justitia:
1658 4997 1877 5060 deinde
1896 4994 2157 5061 tolerans

513 5087 590 5149 sit
618 5087 680 5147 in
706 5087 907 5149 talium
942 5087 1455 5168 petitione,neque
1483 5085 1583 5149 ubi
1619 5086 1921 5167 paululum
1944 5104 2155 5167 preca-

513 5183 608 5238 tus
639 5184 747 5250 est,
774 5175 969 5237 statim
999 5175 1351 5251 discedal,id
1385 5176 1544 5238 enim
1574 5176 1902 5255 arrogantis
1931 5175 2152 5239 est:sed

514 5265 1013 5345 exspectetdonec
1025 5265 1410 5345 accipiat,per
1421 5264 1808 5327 humilitatem
1826 5265 2151 5328 tolerando.

521 5374 545 5412 ι
575 5352 687 5426 Qui
718 5353 953 5416 humilis
974 5364 1110 5431 est,,
1131 5354 1189 5415 in
1215 5354 1573 5417 sublimitate
1588 5371 1750 5418 sua.»
1775 5354 1853 5416 Ex
1873 5356 2154 5418 humilia-

513 5440 675 5504 tione
685 5443 1018 5505 secundum
1033 5442 1523 5523 Deum,coniingit
1542 5443 1715 5506 nobis
1726 5463 1902 5507 omne
1914 5443 2151 5507 bonum.

593 5616 625 5669 6
646 5616 777 5684 Job.
807 5637 870 5701 ιι,
905 5622 962 5683 4.
1051 5625 1080 5673 7
1109 5623 1259 5689 Psal.
1291 5640 1566 5700 cxxxvm,
1598 5623 1657 5687 4.

2239 4554 2462 4633 πάσχει,
2532 4552 2584 4620 ἐξ
2638 4556 2993 4636 ὑπερηφανίας
3060 4560 3149 4614 καὶ
3215 4558 3502 4638 ὑπεροψίας
3558 4562 3688 4640 πρὸς
3740 4561 3889 4622 οὐδὲν

2242 4644 2343 4698 τῶν
2380 4641 2603 4701 δεόντων
2662 4644 3008 4726 ἐπιστηρίζων
3060 4647 3155 4711 τὰς
3230 4647 3415 4707 ἑαυτοῦ
3471 4650 3730 4730 αἰτήσεις,
3803 4649 3890 4708 διὰ

2237 4742 2390 4791 τοῦτο
2419 4731 2651 4813 ἐπιφέρει
2679 4735 2762 4808 τὸ,
2809 4736 3109 4817 Καυχάσθω
3153 4737 3182 4792 6
3240 4733 3462 4817 ἀδελφὸς
3507 4739 3536 4794 6
3593 4740 3838 4806 ταπεινός
3867 4788 3885 4804 .

2237 4820 2473 4880 τοιοῦτόν
2502 4843 2551 4877 τι
2594 4821 2766 4901 λέγων
2801 4842 2815 4857 ⁸
2881 4816 2937 4882 Ὀ
2979 4822 3299 4901 βουλόμενος
3344 4826 3514 4882 αἰτεῖν
3570 4849 3621 4882 τι
3677 4835 3887 4909 πρῶτον

2240 4911 2338 4985 μὲι
2384 4912 2591 4967 αἰτείτω
2630 4912 2695 4971 τὰ
2761 4911 2967 4987 δέοντα,
3013 4912 3066 4970 ἐν
3126 4917 3212 4978 οἷς
3259 4911 3373 4972 οὐδὲ
3428 4914 3723 4995 ἀστοχήσει
3777 4920 3888 4977 τῶν

2239 4999 2585 5077 αἰτουμένων,
2647 5009 2822 5059 Ταῦτα
2879 5000 2934 5058 δέ
2992 5002 3130 5060 ἐστιν
3202 5005 3237 5071 ἡ
3300 5001 3538 5079 βασιλεία
3592 5012 3684 5061 τοῦ
3755 5015 3888 5066 Θεοῦ

2238 5090 2323 5145 καὶ
2370 5091 2404 5158 ἡ
2455 5087 2777 5159 δικαιοσύνη.
2842 5080 3075 5150 ’Ἔπειτα
3115 5092 3430 5174 καρτερείτω
3470 5095 3587 5173 περὶ
3626 5096 3725 5163 τὴν
3778 5104 3888 5154 τῶν

2237 5179 2488 5235 τοιούτων
2542 5178 2782 5256 αἴτησιν,
2868 5180 3005 5238 ἀλλὰ
3066 5182 3143 5259 μὴ
3202 5180 3285 5240 ἐπ’
3347 5179 3523 5259 ὀλίγον
3578 5182 3882 5262 εὒξάμενος,

2238 5267 2381 5331 ε’ἶοθὺς
2411 5268 2777 5349 ἀναχωρείτω,
2811 5268 3089 5349 (ἀλαζόνος
3118 5272 3218 5351 γὰρ
3268 5268 3472 5349 τοῦτο,)
3534 5270 3670 5329 ἀλλὰ
3724 5295 3887 5354 περιρ

2237 5357 2438 5444 μενέτω
2517 5359 2617 5426 τὴν
2699 5358 2863 5436 λῆψιν
2948 5359 3002 5416 ἐν
3090 5361 3404 5419 ταπεινώσει
3487 5368 3883 5444 προκαρτερῶν.

2242 5469 2268 5500 α
2335 5438 2392 5505 Ὀ
2448 5452 2710 5524 ταπεινὸς,
2761 5449 2814 5504 ἐν
2856 5456 2934 5524 τῷ
2989 5448 3108 5526 ὕψει
3167 5452 3343 5513 αὒτοῦ,
3389 5476 3408 5506 ι
3472 5449 3568 5510 Ἐκ
3624 5464 3716 5514 τοῦ
3748 5457 3886 5512 κατὰ
