4180 6212
338 331 447 396 461

1260 336 1658 401 COMMENT.
1705 338 1787 399 IN
1831 337 2074 399 EPIST.
2120 338 2444 401 CATHOL.
2491 341 2768 404 JABOBI.

3603 352 3726 417 462

335 467 467 522 Θεὸν
532 473 903 527 ταπεινοῦσθαι
969 477 1073 528 πᾶν
1155 471 1349 551 ἀγαθὸν
1434 474 1572 548 ἡμῖν
1644 472 1985 549 περιγίνεται.

2078 467 2212 529 445
2245 469 2498 531 Divitem
2520 480 2717 534 autem
2742 473 2887 536 dicit
2905 477 3363 557 superciliosum
3394 500 3463 542 ac
3495 482 3720 545 fastuo—

337 554 595 613 Πλούσιον
623 556 677 613 δὲ
720 561 810 616 τὸν
859 560 1327 641 κατορφρυωμένον
1380 559 1550 640 λέγει,
1600 560 1659 616 ὃν
1687 562 1774 617 καὶ
1801 581 1991 616 ταπει-

338 645 432 729 νὸν
496 644 682 727 καλεῖ,
753 650 827 713 ὣς
892 648 947 705 ἐν
1017 655 1095 724 τῷ
1152 649 1449 729 ἐπαίρεσθαι
1505 646 1990 725 καταϐαλλόμενον.

345 755 371 789 ι
419 724 477 791 (0
507 732 562 789 δὲ
604 724 853 801 πλούσιος
885 737 939 793 ὲν
1086 739 1400 795 ταπεινώσει
1444 737 1623 813 αὑτοῦ,
1661 761 1690 795 ι
1735 736 1991 795 Ἀκόλου-

335 825 427 878 θον
456 823 524 890 ἦν
548 826 744 885 εἰπεῖν.
810 817 868 885 Ὀ
899 824 954 882 δὲ
983 826 1235 893 πλούσιος
1291 827 1619 907 αἰσχυνέσθω
1663 828 1717 883 ἐν
1890 849 1991 883 τα-

338 910 591 967 πεινώσει
635 915 816 994 αὐτοῦ,
860 913 998 971 ἀλλά
1025 917 1088 972 τὸ
1117 916 1570 997 ἁνεπαχθέστερον
1629 912 1987 992 μεταδιώκων.

339 999 575 1077 παρῆκεν
632 1002 757 1059 αὐτό
790 1021 804 1036 ’
903 1025 926 1057 ι
997 1006 1094 1063 Καὶ
1147 1007 1182 1073 ἡ
1238 1003 1520 1084 εὐπρέπεια
1572 1014 1665 1063 τοῦ
1714 1003 1995 1083 προσώπου

340 1088 516 1147 ανῗποῦ.
585 1111 608 1144 ι
686 1090 975 1171 Πρόσωπον
1034 1099 1481 1174 καταχρηστικῶς
1566 1091 1773 1171 εἴρηκε,
1835 1099 1996 1150 Τούτο

343 1176 444 1254 γὰρ
474 1176 559 1233 ἐπὶ
589 1178 751 1253 μόνου
795 1178 1005 1258 λέγεται
1065 1181 1358 1260 ἀνθρώπου,
1419 1182 1506 1238 ἐπὶ
1565 1179 1619 1237 δὲ
1663 1183 1767 1238 τῶν
1820 1179 1994 1237 ἄλλων

339 1264 515 1337 ζώων,
559 1266 639 1325 οὔ.
705 1265 852 1325 Ἀλλ’
909 1269 994 1326 ἐπὶ
1064 1271 1161 1346 μὲν
1217 1277 1323 1328 τῶν
1378 1269 1734 1351 τετραπόδων,
1797 1270 1992 1349 ῥύγχος

2075 576 2418 654 sum,quem_
2448 559 2622 622 etiam
2656 562 2941 624 humilem
2975 574 3163 640 vocat,
3198 568 3339 649 quia
3358 588 3430 633 eo
3452 565 3582 653 ipso
3605 591 3724 654 quo

2076 645 2359 736 elevatur,
2386 646 3031 730 deprimitnr.(C0ntra
3056 655 3157 735 qui
3180 645 3345 720 dives
3379 645 3493 736 est,
3524 661 3582 723 in
3605 645 3721 724 bu-

2074 732 2325 828 r_n_ilitate
2356 752 2480 797 sua.
2511 762 2537 791 ιο
2587 738 2770 828 Magis
2799 732 3173 822 consequens
3216 754 3345 807 erat
3374 756 3439 808 ut
3467 732 3718 828 diceret,

2075 823 2250 911 Dives
2270 830 2465 885 autem
2486 826 2744 906 pudefiat
2763 827 2824 889 in
2837 829 3167 893 humilitate
3188 836 3430 911 sua,sed
3449 823 3722 901 odiosum

2074 909 2318 972 verbum
2349 912 2599 995 fugiens,
2637 915 2780 976 illud
2824 918 3019 996 potius
3063 909 3339 985 addidit:
3383 950 3409 981 α
3444 925 3514 987 Ει
3543 926 3727 989 decor

2075 1007 2370 1099 aspectus.
2408 1025 2435 1057 ιο
2472 1004 2781 1083 Πρόσωπον,
2809 1004 2868 1065 id
2901 1018 3013 1081 est,
3062 1007 3271 1071 faciem
3319 1012 3441 1075 sive
3472 1015 3719 1099 vultum,

2077 1085 2224 1147 dixit
2250 1086 2575 1170 improprie
2601 1108 2614 1153 :
2644 1110 2778 1153 nam
2797 1094 2909 1155 hoc
2924 1094 2985 1154 in
3012 1096 3140 1157 solo
3161 1098 3402 1162 homine
3424 1100 3645 1165 dicitur
3666 1085 3726 1167 et

2077 1175 2282 1271 nonin
2309 1179 2541 1240 caeteris
2562 1181 2919 1271 animalibus
2948 1205 2963 1257 ;
3004 1185 3107 1247 sed
3142 1186 3204 1248 in
3235 1189 3723 1271 quadrupedibus

2076 1263 2559 1358 ιιιιιόθηιρύγχος,
2595 1268 2653 1329 id
2677 1285 2788 1345 εει,
2817 1272 2999 1334 rictus
3029 1263 3272 1353 dicitur;
3295 1297 3410 1340 non
3436 1263 3638 1358 facies;
3662 1282 3723 1342 in

343 1353 715 1444 obinpdawnov
770 1360 1003 1441 λέγεται.
1048 1362 1256 1421 Ἐπὶδέ
1313 1369 1419 1420 τῶν
1460 1369 1700 1444 πτηνῶν,
1760 1362 1987 1442 ῥάμφος.

2078 1352 2423 1444 volucribus
2451 1365 2646 1418 autem
2678 1360 2902 1440 ῥάμφος,
2930 1361 2989 1423 id
3019 1372 3108 1425 est
3127 1352 3408 1431 rostrum.
3451 1394 3472 1425 ι
3520 1371 3585 1433 In
3614 1352 3724 1431 viis

346 1466 377 1497 κ
412 1443 498 1502 Ἐν
540 1461 665 1511 ταῖς
708 1450 939 1529 πορείαις
996 1452 1177 1512 αὒτοῦ.
1240 1472 1271 1512 κ
1324 1453 1541 1532 Πορείας
1594 1440 1695 1509 τοῦ.
1715 1440 1983 1525 πλουσίου,

2078 1440 2219 1503 suis;
2258 1466 2285 1496 »
2324 1443 2459 1505 Vias
2512 1454 2610 1507 aut
2659 1447 2872 1511 itinera
2913 1450 3108 1513 divitis
3147 1454 3289 1516 dicit
3317 1455 3626 1536 decursus,
3661 1457 3722 1520 in

341 1532 439 1599 τὰς
469 1533 524 1590 ἐν
552 1537 1088 1618 εὐπραγίᾳ-διεξόδους
1117 1540 1296 1616 καλεῖ,
1329 1540 1504 1599 εἵτουν
1559 1540 1869 1612 διοικήσεις,
1914 1542 1988 1595 ὧν

2078 1547 2358 1627 prospero
2389 1552 2692 1629 successu,
2731 1537 2854 1599 sive
2873 1539 3415 1608 administrationes
3436 1555 3495 1609 et
3514 1532 3723 1629 dispo-

340 1625 536 1714 μεταξὺ
564 1628 891 1696 ἀνελπίστως
946 1634 1214 1709 κομίζεται
1255 1635 1353 1702 τὴν
1411 1634 1497 1690 ἐπὶ
1551 1634 1649 1701 τὴν
1707 1629 1986 1709 δυστυχίαν

2078 1617 2361 1714 siticnes:
2383 1620 2556 1714 inter
2577 1643 2726 1703 quas
2756 1626 3056 1708 insperato
3090 1632 3305 1714 accipit
3333 1617 3720 1698 mutationem

341 1712 671 1787 μεταϐολήν.
1016 1705 1024 1709 Ἰ
1867 1705 1876 1709 ’
1891 1705 1904 1709 ﬂ

2078 1705 2144 1765 ad
2167 1705 2585 1772 infelicitatem
2618 1722 2678 1774 et
2706 1705 3121 1782 infortunium.

429 1827 457 1858 ε
532 1771 801 1888 Μακάριος
872 1810 1005 1890 ἀνὴρ
1071 1814 1128 1877 ὃς
1204 1811 1453 1887 ὑπομένει
1509 1812 1823 1891 πειρασμὸν,
1908 1806 1988 1862 ὅτι

2151 1793 2200 1876 Ι,
2252 1798 2452 1891 ,12-16.
2508 1771 3233 1886 Beat—us-‘uir‘qui—suﬁert
3277 1817 3668 1875 tentationem
3706 1835 3718 1873 :

339 1888 560 1969 δόκιμος
646 1897 928 1974 γενόμενος
980 1888 1259 1976 Ἵλτψεται
1367 1902 1456 1957 τὸν
1558 1888 1810 1978 στέφανον
1891 1901 1989 1963 τῆς

2078 1890 2363 1962 quoniam
2408 1904 2541 1949 cum
2574 1892 2870 1969 probatus
2916 1894 3110 1973 fuerit
3152 1900 3407 1977 accipiet
3436 1919 3722 1964 coronam

340 1986 512 2059 ζωῆς,
600 1987 658 2041 ὃν
743 1987 1102 2067 ἐπηγγείλατο
1184 1992 1212 2045 ὁ
1296 1989 1482 2068 Κύριος
1542 2001 1658 2051 τοῖς
1714 1986 1992 2064 ἀγαπῶσιν

2078 1979 2226 2069 uitae
2261 1992 2445 2069 quain
2510 1982 2792 2057 promisit
2848 1982 3135 2045 Dominus
3182 1986 3578 2069 diligentibus
3633 2008 3719 2054 se.

343 2072 527 2136 αὖτόν.
614 2073 810 2143 Μηδεὶς
867 2060 878 2066 ’
903 2060 1287 2157 ’πειραζόμενος
1376 2060 1608 2157 λεγέτω,
1693 2060 1775 2131 ὅτι
1856 2071 1991 2130 Ἀπὸ

2078 2060 2299 2157 Nullus
2326 2066 2717 2157 quitentatur
2742 2069 2903 2132 dicat
2922 2090 2985 2133 se
3015 2090 3052 2133 (ι
3078 2074 3196 2135 Deo
3247 2060 3477 2139 tentari
3509 2098 3523 2138 :
3562 2081 3725 2141 Deus

347 2166 481 2218 Θεοῦ
559 2164 898 2244 πειράζομαι,
983 2153 1040 2224 ’ὸ
1111 2153 1211 2248 γὰρ
1283 2170 1412 2231 Θεὸς
1462 2153 1799 2248 ⁷ἀπείραστός
1884 2162 1992 2219 ἐστι

2078 2153 2238 2213 enim
2296 2153 2475 2216 malis
2539 2162 2765 2218 tentari
2817 2177 2892 2221 ne
2904 2162 3063 2241 yuit,
3125 2170 3183 2224 et
3238 2165 3365 2243 ipse
3420 2169 3722 2230 neminem

341 2256 545 2326 κακῶν,
608 2242 842 2333 πειράζει
919 2253 974 2311 δὲ
1058 2259 1211 2323 αὐτὸς
1287 2255 1492 2317 οὐδένα.
1582 2245 1857 2315 υΕκαστος
1939 2249 1992 2306 δὲ

2078 2245 2286 2337 tentat.
2328 2242 2747 2337 Unusquisque
2776 2256 2977 2310 autem
3010 2242 3306 2328 tentatur,
3338 2255 3483 2316 dum
3512 2273 3549 2319 a
3572 2275 3721 2337 pro-

342 2340 673 2417 πειράζεται,
702 2330 710 2333 ⁷
742 2343 844 2399 ὑπὸ
926 2348 1027 2411 τῆς
1104 2342 1234 2409 ἰδίας
1309 2344 1579 2418 ἐπιθυμίας
1656 2340 1992 2415 ἐξελκόμενος

2078 2330 2209 2418 pria
2239 2333 2598 2395 conscientia
2640 2335 3023 2401 abstrahitur
3053 2348 3107 2403 et
3136 2342 3474 2407 inescatur.
3524 2330 3720 2408 Dein-

343 2425 436 2515 καί
517 2425 916 2505 δελεαζόμενος,
981 2433 1127 2515 Ἐἶτα
1210 2433 1247 2500 ἡ
1344 2417 1586 2507 ἐπιθυμία
1668 2425 1992 2485 συλλαϐοῦσα

2078 2417 2149 2479 de
2222 2423 2705 2500 concupiscentia
2778 2433 3096 2506 postquam
3174 2437 3482 2512 concepit,
3552 2436 3726 2515 parit

341 2514 507 2571 τίκτει
605 2518 884 2597 ἁμαρτίαν.
980 2511 1043 2578 Ἠ
1124 2518 1179 2576 δὲ
1258 2522 1487 2600 ἁμαρτία
1585 2516 1996 2575 ἀποτελεσθεῖσα

341 2601 566 2661 ἀποκύει
666 2607 910 2672 θάνατον.
1011 2610 1101 2677 Μὴ
1204 2609 1492 2686 πλανᾶσθε,
1600 2605 1811 2686 ἀδελφοί
1893 2628 1994 2681 μου

343 2689 637 2769 ἀγαπητοί.
677 2717 702 2752 ε

431 2769 653 2840 ’Ἔοικεν
720 2785 749 2840 ὁ
806 2786 1062 2863 μακάριος
1123 2788 1273 2850 οὗτος
1329 2783 1712 2865 ἀσφαλέστερον
1770 2781 1989 2863 χρησά-

348 2889 506 2945 μενος
535 2878 615 2947 τῷ
642 2874 760 2952 περὶ
788 2875 1096 2953 πειρασμῶν
1124 2873 1293 2953 λόγῳ,
1352 2874 1405 2930 ἐν
1439 2878 1523 2938 οἷς
1568 2895 1697 2952 φησι
1731 2888 1746 2905 ⁸
1805 2876 1983 2926 Πᾶσαν

346 2959 523 3037 χαρὰν
577 2962 796 3040 ἡγεῖσθε
839 2962 895 3018 ἐν
944 2964 1251 3041 πειρασμῶν
1306 2961 1654 3042 περιπτώσει,
1701 2960 1840 3017 Εἶτα
1892 2964 1989 3025 τῆς

2075 2517 2388 2586 peccatum
2449 2532 2468 2571 :
2513 2520 2827 2592 peccatum
2884 2534 3027 2579 vero
3075 2516 3178 2579 ubi
3221 2522 3559 2599 perfectum
3613 2530 3718 2599 est,

2070 2606 2444 2744 progenerat
2488 2608 2768 2663 mortem.
2822 2604 2912 2667 Ne
2955 2607 3172 2669 erretis
3216 2610 3445 2685 fratres
3471 2614 3595 2674 mei
3623 2613 3720 2675 di-

2101 2690 2225 2744 ecti

2101 2690 2225 2747 ecti

2154 2773 2403 2838 Videtur
2447 2776 2657 2840 beatus
2707 2778 2820 2842 iste
2848 2800 2993 2843 usus
3036 2784 3307 2847 securius
3336 2804 3616 2850 sermone
3647 2788 3722 2850 de

2073 2862 2520 2955 teniationibus,
2554 2887 2689 2929 cum
2720 2869 2801 2929 ait
2834 2891 2847 2932 :
2883 2869 2993 2931 Pro
3024 2891 3254 2935 summo
3286 2876 3498 2955 gaudio
3523 2877 3719 2939 ducite

2070 2949 2342 3015 incidere
2398 2958 2453 3015 in
2511 2958 2884 3020 tentationes.
2922 2961 3148 3023 Deinde
3176 2949 3406 3026 memor
3436 2966 3722 3028 orationis

345 3053 440 3136 τοῦ
494 3039 684 3129 Κυρίου
722 3052 969 3125 μνησθεὶς
1023 3039 1215 3132 εὐχῆς,
1283 3039 1394 3118 ἥτις
1465 3050 1543 3127 μὴ
1586 3050 1659 3115 εἷς
1702 3048 1991 3128 πειρασμὸν

2078 3039 2413 3124 dominica),
2445 3063 2575 3136 quae
2595 3044 2768 3136 jubet
2797 3048 2855 3109 id
2898 3049 3055 3129 quod
3094 3052 3307 3113 melius
3357 3062 3466 3129 est,
3506 3073 3721 3136 nempe

345 3134 602 3210 ἐμπεσεῖν
658 3140 800 3215 ἡμᾶς
845 3138 1230 3216 ἐξιλεουμένους
1287 3141 1349 3196 τὸ
1400 3150 1642 3219 κρεῖττον
1696 3141 1984 3216 παρεγγυᾷ,

343 3223 773 3302 ἐπαναλαμϐάνει
848 3227 933 3285 διὰ
1011 3231 1121 3285 τῶν
1185 3227 1552 3307 προκειμένων
1634 3227 1725 3283 τὸν
1807 3224 1986 3303 λόγον,

341 3316 646 3393 σαφηνίζων
700 3317 776 3382 τίς
832 3317 928 3393 μὲν
978 3320 1007 3374 ὃ
1061 3318 1167 3374 ἀπὸ
1238 3319 1372 3375 Θεοῦ
1422 3318 1735 3397 πειρασμὸς,
1795 3315 1851 3378 ὃς
1904 3315 2011 3371 καὶη

341 3405 689 3486 περιχαρείας
730 3403 1002 3486 πρόξενος,
1051 3406 1130 3470 τίς
1175 3404 1230 3462 δὲ
1278 3408 1306 3463 δ
1361 3405 1488 3486 παρ’
1543 3406 1697 3480 ἡμῶν
1755 3403 1988 3481 εὒθπίρε·

340 3512 453 3555 τος.
501 3489 652 3562 Πλὴν
680 3494 858 3559 καλῶς
888 3494 1007 3575 ἔχει
1036 3497 1127 3552 τὸν
1170 3495 1266 3571 μὲν
1318 3497 1501 3574 Κύριον
1548 3494 1636 3549 καὶ
1690 3493 1820 3549 Θεὸν
1877 3489 1994 3558 ἰη-

345 3589 469 3640 σοῦν
521 3587 748 3663 Χριστὸν
805 3588 937 3664 πρὸς
992 3588 1053 3643 τὸ
1107 3584 1473 3665 ἀσθενέστερον
1514 3589 1612 3651 τῆς
1667 3580 1994 3661 ἀνθρωπίνης

346 3671 800 3743 ἀποσκοπησαντα
869 3674 1094 3756 φύσεως,
1167 3675 1266 3741 τὴν
1353 3673 1602 3754 ἐπιφορὰν
1680 3668 1993 3735 ἀπεύξασθαι

344 3765 450 3817 τῶν
542 3769 851 3842 πειρασμῶν
931 3763 1231 3843 ὑποθέσθαι,
1310 3761 1647 3841 ἀτελέστερον
1732 3758 1807 3816 ἔτι
1889 3763 1995 3815 τῶν

343 3852 597 3925 μαθητῶν
637 3836 1019 3929 διακειμένων.
1078 3836 1173 3909 "Ov
1216 3836 1319 3909 ’καὶ
1381 3853 1436 3908 ιν
1490 3836 1671 3915 ἄλλοις
1736 3848 1996 3915 πεποίηκε

344 3937 599 4015 πολλοῖς,
674 3942 739 3997 τὰ
799 3940 1090 4019 τελεώτερα
1140 3940 1273 4005 τέως
1330 3938 1689 4019 ὑπερθέμενος.
1739 3938 1889 3996 Ἐπεὶ
1941 3934 1997 3992 δὲ

2073 3136 2138 3189 ιιι
2165 3148 2400 3192 oremus
2432 3152 2506 3195 ne
2537 3135 2870 3198 incidamus
2898 3137 2960 3199 in
2997 3141 3382 3203 tentationem
3422 3144 3475 3218 8,
3508 3135 3726 3223 repetit

2074 3234 2408 3281 sermonem
2440 3241 2453 3283 :
2488 3240 2594 3301 per
2619 3242 2688 3285 ea
2712 3244 2843 3304 qua:
2867 3226 2964 3288 hic
2996 3232 3722 3308 proponuntur,manifes-

2073 3313 2202 3401 tans
2228 3327 2358 3389 quae
2388 3309 2758 3401 sitimmissa
2783 3333 2817 3375 a
2843 3315 2964 3376 Deo
2996 3318 3262 3395 tentanio,
3324 3338 3541 3401 nempe
3592 3339 3724 3399 quae

2078 3395 2256 3457 etiam
2306 3400 2507 3488 gaudii
2551 3402 2916 3463 conciliatrix
2963 3414 3074 3481 est,
3129 3415 3187 3468 et
3244 3426 3373 3488 quae
3431 3395 3485 3469 ε’
3521 3395 3725 3471 nostra

2079 3486 2603 3551 voluntate.Recte
2633 3507 2834 3552 tamen
2880 3493 2998 3553 dici
3032 3503 3221 3573 potest
3244 3486 3398 3575 quod
3434 3496 3723 3559 Dominus

2077 3591 2147 3635 ac
2175 3576 2335 3638 Deus
2354 3575 2529 3639 Jesus
2552 3578 2820 3641 Christus
2852 3580 2927 3641 ad
2949 3580 3417 3645 imbecillitatem
3450 3586 3723 3647 humanae

2078 3673 2301 3727 natura;
2345 3667 2693 3749 respiciens,
2734 3671 3067 3746 admoneat,
3103 3672 3306 3752 fugere
3338 3674 3713 3753 tentationes,

2078 3756 2645 3846 cumimperfectius
2672 3760 2865 3821 adhuc
2893 3760 3091 3821 aﬂ‘ecti
3139 3770 3337 3824 essent
3391 3763 3665 3846 discipuli
3698 3782 3711 3827 :

2079 3844 2236 3926 quod
2264 3847 2395 3909 aliis
2423 3867 2659 3930 quoque
2713 3849 2853 3911 fecit
2898 3851 3096 3913 multis
3126 3851 3186 3913 in
3218 3852 3385 3929 locis,
3419 3872 3453 3915 a
3483 3844 3716 3935 perfec-

2080 3934 2328 3998 tioribus
2357 3937 2594 3999 interim
2628 3938 2957 4002 abstinens.
3025 3945 3339 4023 Postquam
3387 3934 3585 4006 autem
3614 3962 3721 4025 per

342 4032 415 4105 τῇ
454 4025 540 4089 διὰ
582 4029 677 4097 τῆς
724 4029 1059 4093 ἀναστάσεως
1101 4032 1259 4089 αὐτοῦ
1309 4028 1614 4108 ἐπιγνώσει,
1659 4030 1748 4085 καὶ
1800 4033 1869 4104 τῇ
1923 4027 1992 4089 είς

2078 4025 2496 4105 cogitationem
2521 4028 2978 4091 resurrectionis
3010 4030 3197 4111 ipsius
3219 4038 3278 4093 et
3304 4032 3717 4095 ascensionem

345 4114 593 4192 οὐρανοὺς
678 4115 965 4193 ἀναλήψει,
1043 4116 1345 4197 ἐπεῤῥώσθη
1431 4118 1467 4184 ἡ
1559 4115 1780 4184 ἀσθενής
1842 4117 1992 4191 ἡμῶν

2078 4112 2140 4174 in
2170 4114 2349 4176 caelos
2398 4116 2745 4179 conﬁrmata
2802 4127 2893 4181 est
2954 4128 3156 4181 nostra
3200 4120 3435 4183 infirma
3465 4131 3714 4185 natura:

343 4203 519 4283 φύσις,
553 4203 748 4281 μηκέτι
802 4207 925 4271 τοὺς
970 4206 1294 4287 πειρασμοὺς
1354 4203 1637 4262 δεδοικέναι
1689 4207 1718 4260 ὁ
1774 4201 1992 4283 ἀδελφὸς

2078 4201 2196 4281 iam
2226 4203 2409 4266 frater
2437 4204 2621 4286 ipsius
2651 4206 2979 4269 secundum
3030 4228 3270 4271 carnem
3318 4209 3556 4273 instruit
3585 4229 3714 4288 nos,

343 4294 503 4352 αὑτοῦ
568 4295 705 4351 κατὰ
774 4295 941 4373 σάρκα
996 4296 1317 4374 εἰσηγεῖται,
1386 4294 1479 4350 ἅτε
1550 4293 1669 4357 οῗας
1726 4312 1783 4348 τε
1837 4290 1992 4359 οὔσης

2078 4309 2154 4354 ne
2180 4292 2461 4374 deinceps
2492 4294 2850 4357 tentationes
2881 4306 3236 4373 metuamus,
3270 4298 3413 4360 446
3431 4318 3564 4361 cum
3592 4318 3721 4380 pos-

343 4380 532 4439 λοιπὸν
601 4396 717 4446 τοῖς
766 4392 858 4443 τοῦ
910 4384 1095 4463 Κυρίου
1141 4384 1356 4440 πάθεσιν
1411 4380 1838 4461 ἐπιῤῥωσθείσης)
1884 4398 1992 4437 κα-

2078 4380 2263 4442 simus
2293 4382 2537 4462 posthac
2592 4384 2925 4446 conﬁrmati
2982 4386 3404 4449 afﬂictionibus
3454 4387 3715 4463 Domini,

346 4469 661 4528 ταπαλαίειν
716 4478 890 4527 πᾶσαν
930 4471 1299 4553 ἐπερχομένην
1353 4470 1622 4551 ἐπήρειαν,
1686 4475 1885 4527 Διττῶν
1939 4467 1992 4525 δὲ

2078 4484 2362 4550 superare
2391 4489 2627 4533 omnem
2677 4474 3193 4553 supervenientem
3250 4475 3629 4537 atliictionem
3663 4483 3718 4536 et

347 4557 538 4640 ὄντων,
597 4562 671 4623 ὡς
725 4557 947 4640 ἔφαμεν,
1018 4564 1123 4618 τῶν
1186 4567 1513 4639 πειρασμῶν,
1574 4559 1821 4639 συμφέρει
1875 4561 1992 4616 καθ’

2080 4559 2639 4625 tentationem.Cum
2663 4571 2859 4623 autem
2894 4563 3159 4645 duplices
3187 4564 3308 4627 sint
3336 4562 3714 4637 tentationes,

341 4648 589 4727 ἑκάτερον
610 4649 645 4716 ἡ
673 4649 936 4724 ὑπομονή.
965 4647 1085 4707 Ἐπὶ
1110 4650 1208 4726 μὲν
1235 4655 1341 4707 τῶν
1385 4649 1490 4705 ἀπὸ
1548 4656 1642 4706 τοῦ
1701 4654 1853 4722 Θεοῦ,
1913 4646 1992 4704 ὅτι

2078 4654 2142 4707 ιιι
2170 4646 2464 4726 duximus,
2495 4651 2657 4712 utilis
2688 4659 2776 4713 est
2804 4651 2865 4712 in
2885 4653 3151 4733 utrisque
3177 4651 3495 4733 patientia:
3525 4652 3585 4711 in
3602 4651 3720 4713 illis

346 4737 687 4817 ἀναρρήσεως
750 4739 885 4815 μετά
939 4745 1103 4795 ταῦτα
1170 4738 1528 4819 τυγχάνομεν,
1589 4740 1662 4800 ὡς
1734 4734 1992 4817 Ἀϐραάμ.

2078 4734 2319 4815 quidem
2371 4757 2502 4819 quae
2556 4749 2693 4800 sunt
2736 4740 2940 4815 aDeo,
3003 4741 3283 4821 quoniam
3343 4740 3717 4822 postmodum

346 4826 549 4888 Ἐπὶδέ
579 4836 687 4887 τῶν
728 4826 820 4909 ἀφ’
867 4830 1046 4905 ἡμῶν,
1097 4826 1177 4884 ὅτι
1232 4828 1579 4904 ὑπομένοντες
1634 4826 1770 4903 μετὰ
1827 4831 1992 4908 εὐχα-

2078 4826 2451 4906 assequimur
2489 4828 2722 4891 laudem
2757 4830 2831 4891 de
2861 4829 3127 4909 victoria,
3158 4829 3328 4891 veluti
3360 4828 3663 4892 Abraham
3700 4849 3714 4891 :

354 4919 579 4999 ριστίας,
654 4919 810 4977 οἱονεὶ
860 4917 1213 4987 ἀντισήκωσιν
1270 4917 1468 4985 ταύτην
1525 4915 1832 4996 εἰσφέρομεν
1889 4918 1992 4973 τῶν

2078 4912 2141 4975 in
2171 4914 2287 4976 illis
2314 4933 2457 4977 vero
2479 4936 2653 4997 quase
2677 4918 2849 4980 nobis
2868 4927 3028 4992 sunt,
3048 4918 3327 4999 quoniam
3355 4918 3720 4980 sustinentes

341 5008 762 5088 ἡμαρτημένων.
877 4999 934 5065 Ὀ
1017 5008 1117 5086 γὰρ
1200 5005 1516 5085 ἐπιγνώμων
1597 5012 1703 5062 τῶν
1786 5006 1991 5081 ἑαυτοῦ,

2078 5020 2212 5064 cum
2240 5005 2554 5083 gratiarum
2580 5008 2838 5082 actione,
2873 5009 3025 5069 hanc
3054 5007 3233 5071 veluti
3277 5008 3718 5088 compensatio-

343 5096 523 5175 ἀρχὴν
581 5097 753 5172 ἑαυτῷ
805 5092 1126 5153 κατεϐάλετο
1180 5097 1466 5174 σωτηρίας,
1536 5096 1623 5151 καὶ
1683 5095 1756 5158 εὶς
1814 5117 1992 5175 χαρα-

2080 5110 2217 5152 nem
2248 5093 2565 5156 referimus
2622 5097 2693 5158 ad
2736 5104 2979 5178 peccata
3023 5115 3155 5177 quae
3202 5097 3632 5159 commisimus.
3666 5098 3723 5157 ls

341 5186 516 5264 κτῆρα
594 5186 799 5243 κικαίου
888 5185 1072 5241 ἑαυτὸν
1169 5183 1541 5263 ἀφωμοίωσεν,
1626 5180 1779 5263 εἴπερ
1861 5183 1992 5262 ἀνὴρ

2078 5181 2236 5242 enim
2268 5186 2365 5262 qui
2398 5201 2504 5246 sua
2531 5185 2680 5247 facta
2701 5185 3274 5267 explorat,sua3jacit
3294 5185 3530 5247 initium
3552 5185 3718 5248 salu-

344 5273 569 5352 δίκαιος,
622 5277 678 5333 ἐν
719 5276 1055 5358 πρωτολογίᾳ
1107 5277 1293 5333 ἑαυτοῦ
1332 5278 1649 5357 κατήγορος.
1708 5299 1734 5331 ι
1798 5275 1992 5344 Μηδεὶς

2079 5274 2241 5346 tis,et
2257 5272 2327 5332 ad
2349 5272 2590 5335 formam
2634 5274 2778 5353 justi
2808 5276 3070 5356 seipsum
3126 5275 3436 5348 assimilat,
3470 5293 3601 5336 cum
3636 5276 3723 5336 vir

343 5367 718 5445 πειραζόμενος
775 5365 997 5446 λεγέτω.
1067 5388 1089 5421 ι
1157 5366 1215 5425 Ei
1266 5363 1427 5423 διττοὶ
1484 5368 1531 5423 οἱ
1584 5367 1885 5446 πειρασμοὶ,
1945 5365 1992 5421 τί

2078 5359 2267 5441 iustus
2307 5360 2367 5421 in
2416 5361 2708 5441 principio
2739 5364 3034 5427 sermonis
3082 5364 3171 5424 sui
3203 5364 3278 5426 sit
3326 5373 3638 5426 accusator
3660 5366 3714 5426 9.

344 5460 435 5511 ὤν
461 5456 635 5515 πὰντιι
663 5457 953 5536 πειρασμὸν
990 5451 1233 5517 ἐκϐάλλει
1283 5459 1380 5521 τῆς
1430 5453 1537 5511 ἀπὸ
1581 5460 1672 5511 τοῦ
1720 5453 1851 5511 Θεοῦ
1906 5454 1992 5510 αἷ-

2087 5475 2109 5509 α
2146 5449 2352 5513 Nullus
2407 5451 2507 5532 qui
2559 5460 2813 5517 tentatur
2869 5453 3051 5518 dicat.
3093 5479 3115 5511 ιι
3151 5452 3215 5517 Si
3263 5454 3531 5536 duplices
3585 5466 3723 5519 sunt

423 5614 458 5664 8
485 5613 690 5677 Matth.
725 5632 805 5693 vr,
843 5613 935 5678 12.
1019 5613 1053 5664 9
1080 5612 1246 5675 Prov.
1280 5630 1446 5692 xvnr,
1477 5613 1575 5675 l7.
