4180 6212
528 338 644 404 463

1645 341 2056 406 (ECUMENII
2099 340 2393 404 TRICC/E
2436 337 2774 406 EPISCOPI

3771 331 3893 402 464

530 475 905 549 tentationes,
932 495 1040 538 cur
1070 495 1225 540 nunc
1256 477 1449 538 omnis
1479 476 1822 539 tentationis
1867 493 2104 537 causam
2135 493 2158 536 ε

2252 476 2403 551 τίας;
2439 475 2607 533 Ἀλλά
2634 475 2822 533 σκόπει
2855 493 2869 509 δ
2931 477 3025 533 οῦκ
3066 477 3191 532 εἶπε
3229 477 3550 556 Πειρασθεὶς,
3597 471 3732 530 ἀλλά
3763 478 3894 528 Πει-

529 562 650 624 Deo
673 565 899 643 rejicit‘!
913 560 1029 626 Sed
1053 565 1364 630 considera
1393 566 1550 647 quod
1575 585 1692 626 non
1716 564 1878 627 dicit:
1901 564 2010 637 Qui
2037 573 2164 624 ten-

525 657 686 712 tatus
717 653 938 726 est,sed
970 654 1069 734 qui
1104 662 1360 716 tentatur
1384 673 1548 717 :cum
1571 657 1728 716 enim
1751 653 1850 734 qui
1883 671 1988 733 per
2019 671 2167 732 pec-

531 748 720 802 catum
763 751 818 803 et
861 743 1376 823 intemperantiam
1401 744 1514 805 sibi
1543 743 1658 824 ipsi
1693 741 2042 803 tentationes
2063 759 2166 802 ac—

527 829 812 900 cersit,ita
829 840 892 892 ut
923 832 982 893 in
1015 832 1298 894 continuo
1359 833 1433 895 sit
1479 833 1624 906 salo,
1668 831 1813 894 dicit
1841 849 1875 891 a
1904 830 2026 892 Deo
2050 848 2167 890 non

525 919 762 993 tentari,
793 921 895 981 sed
928 941 960 982 a
988 922 1225 1001 propria
1254 921 1757 1002 concupiscentia.
1793 919 2097 1000 Siquidem
2117 918 2167 979 is

525 1008 627 1086 qui
675 1007 895 1068 illatam
951 1010 1089 1070 vicit
1141 1011 1550 1082 tentationem,
1586 1010 1811 1072 cautius
1840 1027 1907 1070 ac
1939 1007 2168 1068 firmius

525 1096 788 1176 seipsum
821 1099 1236 1174 constituit,sic
1258 1108 1319 1160 ut
1350 1118 1465 1161 non
1499 1099 1670 1160 facile
1729 1098 1993 1178 capiatur
2032 1104 2166 1157 ten-

527 1185 870 1262 tationibus,
906 1189 1000 1250 his
1034 1187 1288 1249 maxime
1318 1208 1448 1269 qum
1477 1208 1510 1249 a
1537 1189 1732 1267 seipso
1765 1193 2163 1248 moverentur.

531 1272 674 1336 Cum
705 1274 863 1335 enim
892 1276 960 1337 ad
995 1275 1411 1356 sapientiorem
1435 1273 2171 1347 declinaveritvitam,fon-

528 1369 644 1422 tem
670 1364 918 1425 occlusit
953 1365 1052 1444 qui
1084 1365 1506 1427 tontationibus
1540 1375 1758 1440 manat,
1796 1373 1853 1426 et
1882 1363 2169 1442 deinceps

522 1449 582 1510 in
613 1451 820 1531 requie
850 1454 1008 1532 degit
1037 1474 1070 1515 a
1103 1454 1545 1516 tentationibus.
1583 1457 1737 1516 Deus
1769 1460 1964 1514 autem
1998 1451 2168 1512 malis

525 1541 744 1602 tentari
774 1543 980 1623 nequit
1013 1563 1028 1603 :
1044 1544 1212 1621 juxta
1243 1562 1377 1604 cum
1398 1545 1497 1622 qui
1519 1542 1664 1604 dixit
1689 1542 2048 1622 (quanquam
2073 1559 2170 1601 ex-

531 1637 737 1690 ternus
767 1631 840 1691 sit
869 1652 902 1692 a
933 1632 1102 1693 nobis
1133 1641 1190 1694 et
1220 1652 1252 1694 a
1275 1633 1388 1694 ﬁde
1417 1632 1697 1712 alienus);
1727 1630 1933 1694 Divina
1964 1628 2166 1690 beata-

2251 565 2558 642 ραζόμενος.
2621 576 2720 642 Τον
2792 566 2891 645 γὰρ
2967 565 3136 641 ἑαυτῷ
3207 563 3294 622 διὰ
3374 562 3748 640 πλημμέλειαν
3808 561 3896 617 καὶ

2249 655 2536 714 ἀκολασίαν
2603 656 2942 734 ἐκπορίζοντα
3023 656 3142 718 τοὺς
3213 655 3566 733 πειρασμοὺς,
3646 651 3782 709 ὥστε
3839 649 3894 706 ἐν

2249 742 2484 810 διηνεκεῖ
2514 743 2660 818 σάλῳ
2690 745 2854 819 εἶναι,
2899 751 3080 801 τοῦτον
3124 743 3267 822 λέγει
3318 745 3394 818 μὴ
3444 743 3550 799 ἀπὸ
3593 747 3722 822 Θεοῦ
3769 761 3896 796 πει-

2251 833 2511 910 ράζεσθαι,
2597 831 2716 888 ἀλλ’
2786 833 2891 889 ἀπὸ
2975 839 3073 900 τῆς
3127 821 3255 898 ἰδίας
3311 832 3603 907 ἐπιθυμίας.
3671 821 3726 887 Ὀ
3795 828 3897 906 γάρ

2248 943 2328 976 τοι
2383 923 2474 978 τὸν
2519 920 2868 1001 ἐπενεχθέντα
2927 923 3146 992 νικήσας
3187 922 3502 1000 πειρασμὸν,
3562 917 3894 996 ἀσφαλέστε-

2249 1031 2338 1085 ρον
2395 1011 2580 1067 ἑαυτὸν
2650 1012 3012 1090 καταστήσας,
3095 1008 3392 1073 δυσάλωτος
3450 1009 3525 1065 ἔτι
3588 1008 3892 1064 καθίσταται

2249 1113 2590 1178 πειρασμοῖς,
2663 1099 2893 1176 μάλιστα
2963 1112 3080 1164 τοῖς
3144 1097 3234 1180 ἀφ’
3292 1099 3477 1155 ἑαυτοῦ
3533 1095 3886 1172 κινουμένοις.

2251 1189 2385 1266 Πρὸς
2443 1189 2541 1266 γὰρ
2599 1187 3026 1268 φιλοσοφωτέραν
3084 1185 3370 1251 ἀποκλίνας
3420 1187 3586 1264 ζωὴν,
3641 1183 3890 1263 ἀνέφραξε

2248 1276 2342 1344 τὴν
2402 1277 2524 1341 τοὺς
2580 1277 2900 1354 πειρασμοὺς
2945 1277 3168 1333 νάουσαν
3229 1275 3434 1354 πηγὴν,
3480 1274 3568 1330 καὶ
3623 1271 3677 1328 ἐν
3719 1270 3892 1328 ἀνέσει

2248 1363 2433 1421 λοιπὸν
2489 1372 2594 1421 τῶν
2651 1371 2956 1444 πειρασμῶν
3016 1363 3270 1422 διατελεῖ.
3328 1361 3670 1442 Ἀπείραστος
3741 1358 3796 1415 δὲ
3865 1362 3894 1414 ὂ

2251 1455 2378 1517 Θεὸς
2435 1461 2637 1535 κακῶν,
2702 1455 2838 1512 κατά
2905 1455 2996 1511 τὸν
3042 1455 3288 1532 εἰρηκότα
3339 1450 3459 1531 (κᾶν
3526 1457 3630 1507 τῶν
3684 1449 3895 1528 θύραθέν

2251 1541 2390 1598 ἐστιν
2445 1542 2600 1621 ἡμῖν)
2633 1562 2648 1576 ο
2712 1544 2783 1600 Τὸ
2827 1543 2983 1599 Θεϊόν
3025 1563 3084 1598 τε
3140 1542 3228 1599 καὶ
3271 1541 3549 1619 μακάριον,
3600 1535 3714 1593 οὔτε
3769 1538 3894 1592 αὖτὸ

2249 1631 2534 1709 πράγματα
2606 1631 2747 1711 ἔχει,
2829 1631 2946 1688 οὔτε
3016 1631 3210 1710 ἑτέροις
3280 1629 3524 1708 παρέχει.
3607 1626 3729 1704 Περὶ
3796 1625 3896 1693 τὴν

528 1735 640 1796 que
670 1726 879 1780 natura
909 1739 1102 1800 neque
1151 1721 1452 1783 molestias
1493 1720 1742 1782 sustinet
1794 1735 1990 1798 neque
2031 1717 2158 1778 aliis

2248 1721 2444 1787 θνητὴν
2488 1721 2587 1798 γὰρ
2631 1722 2778 1799 φύσιν
2820 1722 2907 1776 καὶ
2963 1721 3222 1798 περίγειον
3279 1725 3444 1774 ταῦτα
3497 1716 3697 1788 πάντα,
3768 1715 3889 1792 περὶ

523 1806 944 1884 praebet.Circa
977 1811 1282 1872 mortalem
1313 1809 1468 1872 enim
1489 1827 1556 1870 ac
1572 1817 1864 1870 terrenam
1895 1814 2161 1867 naturam

527 1896 586 1955 in
617 1914 730 1974 qua
753 1898 1008 1959 varietas
1039 1917 1106 1958 ac
1141 1900 1383 1962 mutatio
1405 1898 1795 1979 conspicitur,
1817 1897 2165 1975 contingunt

521 1984 648 2045 hazc
678 1987 876 2046 omnia
918 2007 1048 2066 quae
1090 1996 1348 2049 nostram
1395 1995 1807 2068 praeoccupant
1863 1996 2158 2048 naturam.

518 2074 1016 2153 Concupiscentia
1042 2096 1181 2138 vero
1213 2096 1281 2138 ac
1314 2085 1642 2156 peccatum,
1696 2084 1752 2136 et
1794 2094 1925 2157 quae
1954 2094 2022 2136 ex
2052 2075 2164 2135 Ιιοο

521 2161 788 2223 imminet
830 2165 1044 2226 animae
1078 2185 1255 2241 mors,
1291 2166 1506 2244 gradus
1556 2165 1798 2245 quidam
1862 2163 2164 2224 coustituti

517 2267 652 2311 sunt
704 2254 775 2314 ad
834 2255 1152 2316 humanam
1192 2255 1608 2335 perditionem.
1673 2252 2164 2332 Concupiscentia

469 2362 475 2367 '
518 2340 678 2400 enim
731 2343 922 2404 loeum
971 2343 1285 2406 diversorii
1319 2352 1553 2415 tenens,
1587 2343 1824 2404 inventa
1858 2341 2164 2402 mansione

519 2437 762 2505 operata
814 2439 903 2491 est
952 2439 1282 2511 peccatum,
1317 2434 1472 2512 quod
1526 2431 1677 2511 parit
1735 2436 2008 2502 mortem,
2051 2428 2164 2489 nisi

523 2525 719 2578 mente
753 2518 900 2579 illud
933 2520 1326 2590 eradicantes,
1357 2519 1604 2581 alterius
1638 2521 1766 2580 vitae
1791 2517 1962 2578 nobis
1991 2517 2158 2577 iuve-

520 2604 791 2667 nerimus
848 2607 1106 2672 initium.
1161 2608 1448 2680 Quoniam
1499 2607 1677 2686 igitur
1719 2609 1858 2668 satis
1909 2605 2166 2666 ostendit

523 2692 780 2753 divinam
813 2702 1078 2756 naturam
1115 2715 1309 2776 neque
1341 2697 1556 2757 tentari
1589 2714 1781 2775 posse,
1805 2712 1997 2774 neque
2031 2693 2164 2754 aliis

520 2780 578 2840 id
613 2781 880 2860 praebere
911 2785 1264 2846 tentationes
1304 2794 1498 2846 autem
1550 2784 1695 2846 dicit
1724 2784 1820 2845 hic
1851 2782 2162 2858 cogitatio-

519 2887 647 2940 nes,
677 2870 892 2932 animaa
923 2872 1342 2938 sublimitatem
1366 2873 1670 2935 turbantes
1699 2892 1764 2934 ac
1792 2872 2160 2934 confunden-

521 2966 609 3018 tes
643 2981 656 3017 :
686 2961 821 3019 447
855 2979 986 3021 nam
1021 2981 1148 3042 quae
1178 2981 1210 3023 a
1243 2966 1362 3024 Deo
1413 2971 1570 3035 sunt,
1606 2963 1862 3025 animam
1907 2960 2160 3022 maxime

523 3048 853 3121 stabiliunt,
905 3068 1033 3111 eam
1095 3051 1503 3114 illuminantes
1535 3058 1591 3116 et
1637 3050 2003 3114 ineti‘abilem
2031 3049 2161 3128 ejus

522 3137 1021 3215 pulchritudinem
1074 3140 1274 3201 multis
1323 3139 1709 3202 ostendentes
1771 3161 1782 3202 :

521 3225 844 3307 subjungit.

601 3318 643 3386 l,
680 3319 893 3380 17-18.
919 3317 1136 3381 Omnis
1167 3320 1416 3383 donatio
1457 3322 1614 3384 bona
1642 3327 1693 3381 et
1724 3336 1899 3381 omne
1935 3318 2158 3379 donum

504 3407 839 3484 perfectum
865 3427 894 3466 e
922 3411 1204 3488 supernis
1243 3416 1350 3484 est,
1377 3410 1734 3473 descendens
1772 3425 1810 3470 α
1846 3409 2027 3470 Patre
2057 3406 2157 3468 lu-

511 3496 766 3570 minum,
822 3499 990 3576 apud
1036 3515 1213 3576 quem
1273 3517 1393 3560 non
1451 3507 1533 3561 est
1587 3497 2014 3559 transmutatio
2044 3512 2156 3556 nec

511 3586 918 3647 conversionis
947 3587 1348 3648 obumbratto.
1400 3590 1474 3650 In
1512 3587 1814 3650 destinata
1845 3584 2158 3648 voluntate

502 3675 824 3750 progenuit
853 3691 962 3734 nos
991 3675 1168 3736 verbo
1200 3678 1498 3751 veritatis,
1532 3683 1598 3738 ut
1633 3691 1893 3738 essemus
1928 3674 2153 3754 primi-

513 3764 612 3820 τίω
633 3762 908 3838 quaedam
926 3781 1181 3825 suarum
1213 3771 1652 3826 creaturarum.

596 3872 621 3900 ιι
657 3848 702 3908 Ε
732 3852 1006 3929 supernis
1055 3861 1145 3912 est
1191 3871 1225 3913 a
1283 3857 1456 3916 Patre
1489 3853 1805 3914 luminum.
1846 3875 1868 3908 ι)
1906 3853 2048 3914 Cum
2085 3868 2153 3910 ea

513 3955 642 4016 qua;
673 3955 706 3996 a
737 3937 906 3998 nobis
961 3939 1324 4002 inducuntur
1376 3961 1569 4022 neque
1620 3940 2011 4022 pefectionem
2039 3940 2150 4000 ha-

515 4022 716 4097 beant,
739 4026 842 4086 sed
881 4028 1127 4088 multum
1163 4031 1356 4109 potius
1377 4030 1910 4110 imperfectionem.
1961 4046 2152 4108 neque

511 4112 766 4172 animam
822 4114 1134 4190 illustrent,
1170 4119 1464 4197 quomodo
1506 4118 1665 4179 enim
1726 4116 2151 4197 perfectionem

512 4200 800 4262 haberent
847 4223 977 4283 quae
1028 4215 1229 4284 postea
1278 4225 1346 4267 ex
1378 4206 1538 4267 lelici
1571 4223 1882 4285 progressu
1914 4209 2155 4282 sumunt

510 4288 1180 4372 perfectionem,vixque
1211 4295 1393 4355 multo
1433 4294 1634 4356 labore
1667 4292 2086 4372 turpitudinem
2121 4310 2157 4353 a

2243 1811 2311 1874 ἦν
2382 1807 2658 1873 ἀλλοίωσις
2716 1811 2898 1888 ὁρᾶται
2961 1810 3050 1865 καὶ
3093 1805 3384 1884 μεταϐολὴ,
3441 1806 3508 1863 τά
3548 1809 3646 1871 τῆς
3689 1803 3894 1882 φύσεως

2244 1899 2398 1973 ἡμῶν
2469 1899 2931 1978 προκατάρχοντα.
3012 1897 3293 1972 Ἐπιθυμία
3360 1895 3414 1950 δὲ
3483 1895 3571 1950 καὶ
3639 1891 3887 1968 ἁμαρτία,

2243 1987 2332 2042 καὶ
2373 1988 2400 2042 ὁ
2431 1985 2491 2042 ὲκ
2519 1987 2715 2053 ταύτης
2765 1987 3109 2065 ἐπιφυόμενος
3165 1991 3232 2061 τῇ
3288 1988 3440 2063 ψυχῇ
3490 1983 3735 2059 θάνατος,
3787 1981 3892 2056 βα-

2243 2076 2365 2149 θμοί
2419 2096 2556 2140 τινες
2611 2081 2708 2142 τῆς
2763 2075 3092 2153 ἀνθρωπίνης
3161 2075 3543 2143 καθεστήκασιν
3601 2067 3892 2132 ἀπωλείας.

2247 2155 2310 2221 Ἠ
2367 2165 2465 2243 γὰρ
2535 2164 2778 2240 ἐπιθυμία
2848 2164 3032 2243 χώραν
3102 2160 3332 2220 λαϐοῦσα
3407 2159 3765 2243 παραδοχῆς,
3806 2161 3894 2215 καὶ

2246 2253 2416 2327 μονὴν
2485 2253 2768 2332 ἀνευροῦσα
2819 2252 3153 2331 ἐνειργάσατο
3219 2253 3317 2319 τὴν
3387 2249 3663 2329 ἁμαρτίαν.
3727 2238 3894 2311 “Hm

2245 2341 2466 2397 ἀπέτεκε
2507 2343 2752 2421 θάνατον,
2809 2341 2871 2398 ἂν
2915 2342 2992 2416 μὴ
3061 2340 3286 2404 διανοίας
3346 2339 3510 2406 αῦτὴν
3565 2337 3891 2415 έκριζώσαν-

2244 2450 2358 2501 τες,
2403 2428 2642 2506 δευτέρας
2691 2431 2828 2505 ἡμῖν
2878 2431 3018 2500 ζωῆς
3075 2429 3427 2507 ἀνευρήσομεν
3482 2426 3682 2505 ἀρχήν.
3744 2423 3896 2481 Ἐπεὶ

2245 2517 2334 2573 οὖν
2391 2517 2750 2597 ἀποχρώντως
2796 2516 2951 2582 ἔδειξε
3003 2517 3100 2585 την
3154 2517 3293 2573 θείαν
3336 2517 3506 2596 φύσιν,
3557 2513 3685 2589 μήτ’
3728 2513 3892 2580 αὖτὴν

2245 2605 2425 2664 θ’ίαντε
2482 2608 2640 2664 οὖσαν
2694 2609 3046 2687 πειράζεσθαι,
3107 2603 3235 2682 μήτ’
3318 2602 3496 2670 ἄλλοις
3551 2609 3705 2660 τοῦτο
3748 2624 3892 2680 παρ-

2247 2695 2496 2774 έχουσαν,
2580 2695 2723 2774 λέγει
2807 2694 2860 2751 δὲ
2944 2695 3270 2774 πειρασμοὺς
3353 2694 3593 2766 ἐνταῦθα,
3665 2692 3786 2754 τοὺς
3829 2693 3892 2747 τὸ

2246 2786 2487 2846 εὐσταθὲς
2571 2790 2668 2852 τῆς
2741 2789 2923 2864 ψυχῆς
3015 2783 3299 2862 λογισμοὺς
3369 2782 3726 2861 ταράσσοντας
3801 2783 3892 2836 καὶ

2245 2873 2592 2952 συγχέοντας.
2639 2877 2699 2932 Οἱ
2741 2875 2840 2952 γὰρ
2883 2875 2987 2930 ἀπὸ
3039 2882 3191 2948 Θεοῦ,
3251 2870 3482 2948 μάλιστα
3538 2892 3889 2945 καταστημα-

2243 2965 2381 3018 τικοὶ
2423 2963 2521 3028 τῆς
2579 2963 2784 3042 ψυχῆς,
2858 2962 3250 3042 λαμπρύνοντες
3310 2961 3529 3041 ταύτην,
3601 2961 3689 3016 καὶ
3769 2972 3889 3022 τοῖς

2243 3050 2468 3114 πολλοῖς
2499 3053 2558 3108 τὸ
2610 3050 2906 3130 ἀπόρῥητον
2975 3051 3140 3118 αὐτῆς
3195 3051 3617 3125 ὲκπομπεύοντες
3666 3045 3886 3111 κάλλος,

1837 3139 1972 3200 ideo
2005 3157 2161 3200 nunc
2181 3137 2222 3189 ο
2249 3141 2347 3197 Διὰ
2372 3145 2530 3207 ,τοῦτο
2559 3139 2741 3218 ἐπάγει
2771 3140 2832 3197 τό
2865 3159 2878 3174 ·

2327 3338 2354 3370 α
2389 3323 2538 3374 Πᾶσα
2595 3315 2736 3383 δόσις
2802 3317 2999 3396 ἀγαθὴ,
3069 3317 3158 3373 καὶ
3214 3321 3319 3372 πᾶν
3378 3313 3600 3394 δώρημα
3657 3313 3884 3395 τέλειον,

2241 3402 2435 3462 ἄνωθεν
2517 3406 2576 3463 ὲκ
2646 3413 2738 3463 τοῦ
2810 3407 3010 3484 Πατρὸς
3082 3411 3187 3462 τῶν
3252 3405 3444 3486 φώτων
3527 3403 3688 3477 ἐστὶν,
3775 3427 3887 3483 παρ

2240 3498 2285 3568 ᾧ
2353 3498 2448 3554 οὐκ
2516 3493 2590 3550 ἕνι
2678 3494 3019 3576 παραλλαγὴ,
3108 3494 3146 3562 ἢ
3231 3498 3435 3573 τροπῆς
3520 3493 3882 3567 ἀποσκίασμα.

2238 3582 2516 3651 Βουληθεὶς
2598 3585 2895 3652 ἀπεκύησεν
2976 3585 3118 3658 ἡμᾶς
3229 3581 3374 3661 λόγῳ
3455 3581 3722 3662 ἀληθείας,
3811 3583 3886 3646 εἰς

2235 3677 2296 3732 τὸ
2379 3677 2522 3732 εἶναι
2603 3678 2744 3752 ἡμᾶς
2828 3677 3081 3758 ἀπαρχήν
3163 3698 3279 3734 τινα
3358 3678 3463 3731 τῶν
3546 3679 3703 3734 αῦτοῦ
3760 3697 3885 3731 κτι-

2236 3765 2473 3840 σμάτων,
2524 3788 2550 3820 »

2322 3873 2345 3909 ιι
2385 3843 2626 3910 ’Ἄνωθεν
2681 3854 2740 3909 ἐκ
2793 3861 2884 3910 τοῦ
2943 3855 3142 3934 Πατρὸς
3193 3860 3299 3911 τῶν
3336 3853 3547 3932 φώτων,
3585 3876 3613 3907 ι
3651 3843 3742 3916 Ὠς
3771 3859 3880 3910 τῶν

2234 3941 2357 4020 παρ’
2388 3943 2542 4017 ἡμῶν
2597 3942 2942 4020 ἐπαγομένων
2990 3941 3104 4000 οὔτε
3161 3945 3220 4000 τὸ
3277 3941 3501 4022 τέλειον,
3562 3943 3606 3997 εἰ
3658 3943 3737 4016 μὴ
3793 3942 3883 3998 καὶ

2233 4029 2367 4086 πολὺ
2408 4031 2471 4086 τὰ
2512 4030 2694 4095 ἀτελὲς
2751 4031 3010 4111 ἐχόντων,
3076 4031 3192 4088 οὔτε
3260 4031 3360 4098 τὴν
3403 4031 3585 4111 ψυχὴν
3645 4029 3884 4108 λαμπρυ-

2236 4118 2455 4181 νόντων,
2503 4126 2623 4182 Πῶς
2667 4122 2766 4199 γὰρ
2806 4119 3028 4200 τέλειον,
3090 4121 3150 4176 τὰ
3203 4121 3308 4176 ἀπὸ
3349 4125 3456 4176 τῶν
3517 4119 3576 4175 ἐκ
3603 4121 3881 4198 προκοπῆς

2237 4207 2297 4263 τὸ
2366 4207 2564 4264 τέλειον
2621 4206 3020 4283 λαμϐανόντων,
3067 4209 3154 4264 καὶ
3211 4209 3366 4286 μόγις
3415 4206 3638 4282 καμάτῳ
3695 4205 3882 4281 πολλῳ

2236 4297 2296 4352 τὸ
2325 4295 2384 4352 ἐκ
2431 4298 2684 4375 γενέσεως
2743 4297 2945 4377 αἶσχος
2991 4297 3505 4377 ἐποκαθαιρομένων.
3561 4295 3686 4353 εἶτα
3741 4297 3877 4372 πρὸς

505 4375 802 4466 nativitate
853 4387 1212 4442 contractam
1265 4383 1625 4454 emundant,
1679 4389 1736 4442 et
1811 4380 2026 4441 deinde
2075 4380 2147 4441 ad

2240 4385 2335 4446 τὴν
2365 4383 2714 4466 λαμπρότητα
2741 4375 3030 4454 τὴνηθείαν
3075 4375 3467 4465 ἀφικνουμένων
3503 4405 3518 4466 ;
3573 4406 3596 4442 ιι
3657 4383 3786 4464 Παρ’
3829 4388 3877 4459 ᾧ

500 4464 762 4526 divinum
814 4467 1194 4547 splendorem
1245 4471 1633 4552 pertingant?
1697 4496 1724 4526 α
1757 4469 1923 4549 Apud
1966 4488 2146 4550 quem

502 4571 620 4614 non
686 4565 776 4616 est
838 4560 1268 4620 transmutatio.
1311 4583 1333 4617 ι)
1383 4559 1513 4640 Ipse
1566 4559 1723 4622 enim
1776 4559 1991 4620 clamat
2042 4577 2148 4638 per

500 4643 856 4722 prophetam
894 4665 906 4701 τ
950 4671 976 4701 α
1011 4645 1129 4726 Ego
1160 4668 1288 4709 sum
1333 4657 1390 4709 et
1419 4669 1536 4711 non
1583 4656 1778 4710 mutor
1807 4648 1881 4706 10.
1918 4673 1944 4704 n
1978 4647 2143 4720 Quod

498 4738 692 4790 autem
726 4733 827 4793 ait:
851 4735 1301 4798 «Conversionis
1331 4737 1765 4816 obumbratio,»
1793 4737 1904 4798 hoc
1933 4744 2042 4808 est,
2071 4755 2145 4798 ne

498 4819 757 4898 suspicio
791 4821 1026 4901 quidem
1053 4825 1463 4906 autquippiam
1490 4825 1844 4906 suspicionis
1869 4824 2140 4886 umbram

495 4906 810 4985 attingens.
867 4933 889 4964 «
943 4909 997 4971 Is
1058 4913 1349 4975 destinata
1404 4915 1724 4978 voluntate.
1764 4938 1786 4970 υ
1844 4913 2144 4975 Destinata

497 4997 797 5058 voluntate
829 4998 998 5073 dixit,
1029 5019 1094 5061 os
1151 5001 1268 5062 illis
1325 5003 1671 5083 opprimens
1703 5002 1805 5082 qui
1852 5000 2138 5062 mundum

495 5101 634 5144 casu
667 5085 1020 5164 productum
1068 5089 1252 5151 fuisse
1302 5099 1614 5169 uagantur.
1657 5089 1947 5162 Quoniam
1981 5089 2138 5150 enim

494 5171 640 5234 dixit
675 5176 964 5254 superius:
1005 5180 1173 5258 Apud
1224 5199 1397 5260 quem
1439 5199 1555 5242 non
1587 5189 1675 5242 est
1707 5179 2132 5254 transmutatio,

2231 4474 2322 4530 οῦκ
2366 4473 2438 4531 ἔνι
2484 4475 2824 4555 παραλλαγή.
2863 4497 2890 4530 »
2945 4476 3110 4540 Αὐτὸς
3168 4477 3266 4555 γὰρ
3321 4477 3420 4552 βοᾷ
3461 4473 3545 4530 διὰ
3599 4483 3690 4532 τοῦ
3746 4495 3876 4552 προ-

2228 4564 2416 4642 φήτου,
2471 4587 2497 4618 α
2535 4563 2677 4642 Ἐγώ
2735 4565 2866 4638 εἶμι,
2917 4565 3004 4620 καὶ
3047 4566 3142 4621 οῦκ
3196 4563 3514 4639 ἀλλοίωμαι,
3563 4586 3591 4618 ι
3650 4563 3721 4620 Τὸ
3790 4560 3868 4636 δὲ,

2228 4657 2439 4730 Τροπῆς
2501 4652 2863 4732 ἀποσκίασμα,
2948 4653 3060 4708 ἀντὶ
3118 4662 3233 4732 τοῦ,
3299 4651 3414 4711 οὐδὲ
3483 4651 3677 4732 μέχρις
3731 4653 3871 4707 ὑπο-

2227 4742 2368 4802 νοίας
2396 4741 2537 4803 τινὸς
2592 4738 2851 4810 ῦποϐολή.
2907 4765 2934 4795 ι
2992 4739 3272 4808 Βουληθεὶς
3329 4741 3647 4808 ἀπεκύησεν.
3686 4763 3714 4794 ι
3774 4741 3869 4814 Τὸ,

2225 4827 2531 4908 Βουληθεὶς,
2617 4829 2796 4902 εἶπεν,
2882 4829 3231 4904 ἐπιστομίζων
3340 4831 3460 4894 τοὺς
3565 4829 3872 4904 αῦτομάτως

2223 4917 2512 4984 ὑποστῆναι
2568 4917 2684 4974 τόδε
2737 4919 2798 4974 τὸ
2877 4925 2986 4974 Πᾶν
3069 4918 3384 4998 ληροῦντας,
3476 4916 3694 4984 Ἐπειδὴ
3767 4918 3868 4996 γὰρ

2223 5005 2468 5085 ἀνωτέρω
2513 5007 2660 5086 εἷπε,
2710 5006 2838 5086 Παρ’
2897 5009 2943 5080 ᾧ
2997 5007 3091 5064 οῦκ
3121 5006 3193 5063 ἔνι
3224 5005 3564 5086 παραλλαγὴ,
3608 5007 3697 5064 καὶ
3727 5003 3869 5062 ἔδει·

2223 5092 2304 5158 ξεν
2334 5095 2394 5150 ἐκ
2421 5096 2606 5152 τούτο)
2635 5095 2988 5152 ἀναλλοίωτον
3043 5098 3105 5152 τὸ
3149 5103 3329 5170 Θεϊον,
3374 5095 3558 5173 ἐπάγει
3611 5097 3695 5166 τὸ,
3740 5102 3872 5153 Βου-

2221 5181 2396 5250 ληθεὶς
2461 5185 2756 5252 ἀπεκύησεν
2827 5188 2995 5261 ἡμᾶς.
3077 5187 3136 5242 Εἰ
3205 5187 3304 5265 γὰρ
3380 5185 3620 5263 γεννητοὶ
3676 5185 3867 5264 ἡμεῖς,

497 5274 556 5352 et
588 5281 657 5352 ex
709 5263 819 5325 hoc
852 5267 1109 5327 ostendit
1161 5268 1586 5331 immutabilem
1617 5289 1753 5331 esse
1786 5272 1952 5348 Dem,
1986 5271 2135 5330 sub-

2240 5271 2378 5341 ἷῆλον
2407 5273 2487 5330 ὅτι
2529 5276 2616 5330 καὶ
2645 5274 2948 5336 ἀλλοιωτοί.
3009 5275 3129 5338 Πῶς
3186 5263 3286 5352 γὰρ
3335 5272 3688 5332 ἀναλλοίωτον
3717 5275 3777 5330 τὸ
3805 5263 3870 5331 ἐκ

487 5349 726 5450 jungit:
770 5355 825 5415 Is
858 5355 1150 5455 destinata
1200 5359 1499 5455 voluntate
1551 5361 1863 5440 progenuit
1905 5378 2034 5422 nos.
2070 5358 2132 5421 Si

2240 5372 2306 5420 τοῦ
2363 5363 2441 5438 μὴ
2500 5359 2648 5429 ὄντος
2689 5362 2741 5430 ἒξ
2804 5362 3140 5428 ἀλλοιώσεως
3187 5349 3266 5427 εἷς
3302 5364 3363 5418 τὸ
3418 5363 3560 5420 εἶναι
3617 5362 3862 5451 προϊόν;

491 5448 652 5499 enim
684 5459 796 5502 nos
816 5448 936 5504 nati
968 5464 1196 5522 sumus,
1237 5448 1612 5510 manifestum
1645 5456 1733 5511 est
1762 5449 1916 5529 quod
1951 5449 2125 5512 etiam

2240 5453 2350 5510 ἰῖτα
2408 5451 2587 5522 ἐπειδὴ
2645 5455 2819 5527 εἶπεν,
2887 5451 3214 5520 Ἀπεκύησεν
3268 5453 3435 5529 ἡμᾶς,
3501 5452 3592 5511 ’ίνα
3650 5453 3725 5528 μή
3782 5448 3865 5516 τις

570 5616 629 5669 ⁵⁸
655 5616 905 5683 Malach.
932 5636 1018 5694 ιιι,
1051 5623 1110 5684 6.
