4180 6212
297 331 420 407 465

1270 334 1667 410 COMMENT.
1712 343 1796 405 IN
1840 342 2080 407 EPIST.
2128 342 2451 407 CATHOL.
2497 345 2777 408 JADOBI.

3548 345 3665 409 466

290 475 533 556 ὗπολᾶὄῃ
567 476 765 554 ὁμοίως
807 480 944 555 ἡμῖν
990 481 1079 537 καὶ
1119 481 1211 537 τὸν
1257 480 1376 536 Υἱὸν
1420 478 1705 537 ἀποτεκεῖν
1759 476 1934 551 αὐτὸν,

2026 474 2255 539 mutati.
2288 474 2595 548 Quomodo
2624 493 2880 557 namque
2924 476 3296 540 immutabile
3325 484 3480 539 esset
3507 478 3665 558 quod

286 569 377 622 καί
400 565 516 642 μεθ’
544 569 700 643 ἡμῶν
749 570 836 625 καὶ
876 570 966 625 τὸν
1023 568 1144 625 Υἱὸν
1191 571 1556 647 γεγεννῆσθαι,
1612 566 1796 645 ἐπάγει
1850 566 1935 644 τὸ,

285 655 445 733 Λόγῳ
484 654 759 722 ἀληθείας,
807 656 1008 728 Πάντα,
1040 657 1161 735 γὰρ,
1197 658 1332 713 κατὰ
1355 658 1446 713 τὸν
1487 660 1632 713 θεῖον
1662 653 1933 726 Ἰωάννην,

286 740 375 799 διὰ
413 753 508 804 τοῦ
551 747 672 802 Ποῦ
699 744 927 824 ἐγένετο.
985 743 1153 803 ’Ὥστε
1198 749 1241 802 εἱ
1283 744 1366 803 διὰ
1402 753 1495 802 τοὺ
1550 750 1648 813 τῆς
1691 742 1936 821 ἀληθείας

288 832 464 911 Λόγου
492 835 528 901 ἡ
554 833 773 913 πρόοδος
802 836 962 910 ἡμῖν,
996 837 1043 890 οἱ
1100 836 1161 890 τὸ
1219 835 1361 891 εἶναι
1411 833 1631 914 ἔχοντες
1686 833 1791 892 ἀπὸ
1847 841 1939 891 τοῦ

293 922 488 999 Λόγου,
522 924 625 1001 οὐχ
668 924 945 1001 ὁμογενεῖς
975 929 1051 996 τῷ
1079 920 1166 1002 ὑφ’
1195 923 1256 979 ού
1308 922 1621 1001 γεγόναμεν.
1662 944 1690 976 α
1736 922 1825 984 Εἰς
1877 926 1939 977 τὸ

294 1009 441 1066 εἶναι
483 1011 625 1085 ἡμᾶς
667 1012 943 1092 ἀπαρχήν,
981 1034 1009 1066 ι
1072 1011 1214 1069 Ἀντὶ
1270 1019 1361 1069 τοῦ
1403 1013 1643 1091 πρώτους
1696 1012 1783 1068 καὶ
1850 1033 1939 1067 τι-

293 1097 615 1174 μιωτάτους.
668 1103 942 1177 Κτίσματα
992 1098 1048 1157 δὲ
1110 1101 1274 1169 αὖτὴν
1317 1102 1414 1170 τὴν
1471 1100 1746 1182 ὁρωμένην
1773 1102 1940 1157 κτίσιν

289 1189 444 1267 φησι.

2021 583 2091 626 ex
2121 583 2241 625 non
2272 582 2404 627 esse
2438 583 2544 645 per
2593 566 2979 627 mutationem
3026 566 3293 646 procedit
3338 566 3414 628 ad
3476 585 3607 629 esse
3630 566 3661 626 ?

2019 652 2249 716 Deinde
2268 653 2405 735 quia
2426 653 2611 715 dixit:
2644 655 2965 735 Progenuit
2987 673 3116 731 nos,
3134 672 3210 717 ne
3238 654 3370 735 quis
3399 655 3662 736 suspica-

2019 750 2182 803 retur
2207 742 2363 823 quod
2396 742 2670 805 similiter
2697 750 2759 805 ut
2787 752 2863 805 et'
2887 762 3016 819 nos,
3051 745 3242 823 ipsum
3292 760 3527 823 quoque
3557 744 3662 805 Fi-

2020 830 2162 892 lium
2198 832 2606 911 progenuerit,
2649 841 2707 894 et
2735 850 2853 895 una
2886 832 3194 895 nobiscum
3226 832 3407 893 etiam
3440 832 3655 895 Filium

2021 920 2205 983 fuisse
2235 930 2460 995 natum,
2493 921 2834 1000 subjungit:
2869 922 3065 985 Verbo
3115 920 3398 983 veritatis.
3449 920 3662 984 Omnia

2022 1010 2204 1085 enim,
2222 1011 2390 1089 juxta
2411 1010 2645 1072 beatum
2675 1010 2963 1075 Joannem
2997 1012 3069 1087 ιι,
3105 1028 3209 1091 per
3250 1008 3463 1071 Filium
3509 1010 3661 1072 facta

2021 1106 2180 1161 sunt.
2212 1098 2413 1179 Itaque
2442 1098 2493 1160 si
2522 1116 2630 1179 per
2677 1098 2935 1161 Verbum
2988 1097 3251 1162 veritatis
3308 1116 3661 1178 progressus

2022 1186 2195 1248 nobis
2244 1186 2512 1266 contigit,
2546 1187 2645 1268 qui
2688 1206 2721 1248 a
2776 1187 2971 1250 Verbo
3026 1186 3313 1248 habemus
3354 1204 3507 1261 esse,
3541 1205 3659 1247 non

292 1291 507 1337 sumus
533 1292 650 1339 una
680 1295 818 1340 cum
851 1297 922 1341 eo
951 1276 1135 1359 geniti
1162 1294 1196 1339 a
1225 1295 1343 1358 quo
1371 1276 1509 1340 facti
1538 1293 1763 1339 sumus.
1801 1300 1830 1332 α
1864 1274 1939 1339 Ut
1967 1292 2234 1338 essemus
2280 1274 2574 1356 primitiae.
2614 1298 2641 1335 ι
2694 1278 2818 1339 Hoc
2868 1282 2977 1352 est,
3017 1273 3192 1358 primi
3233 1285 3292 1336 et
3319 1275 3661 1336 honOratis-

292 1361 475 1448 simi_._
492 1367 767 1442 Κτίσματα
809 1374 1005 1430 autem
1037 1367 1183 1430 dicit
1213 1365 1404 1448 ipsam
1427 1366 1723 1429 visibilem
1746 1372 2100 1428 creaturam.

374 1475 399 1509 ι
437 1444 636 1528 υΩστε,
670 1455 883 1536 ἀδελφοί
913 1480 1013 1535 μου
1043 1444 1331 1537 ἀγαπητοὶ,
1358 1457 1496 1514 ’έστω
1532 1464 1634 1522 πᾶς
1665 1454 1933 1534 ἅνθρωπος

283 1543 455 1621 ταχὺς
488 1545 562 1608 εἰς
605 1546 666 1602 τὸ
695 1545 941 1620 ἀκοῦσαι,
1000 1544 1187 1626 βραδὺς
1233 1548 1306 1610 εἷς
1359 1548 1422 1603 τὸ
1464 1545 1713 1621 λαλῆσαι,
1746 1544 1932 1624 βραδὺς

284 1632 362 1695 εἷς
388 1632 572 1710 ὀργήν.
609 1633 775 1713 Ὀργὴ
804 1636 904 1715 γὰρ
932 1634 1113 1714 ἀνδρὸς
1143 1633 1477 1703 δικαιοσύνην
1508 1642 1636 1692 Θεοῦ
1656 1635 1715 1693 οὗ
1744 1655 1934 1714 κατερ-

284 1721 499 1800 γάζεται
511 1766 527 1781 .
577 1745 601 1781 ο

368 1812 463 1890 Τὸ,
510 1812 713 1892 Τάχὺς,
759 1814 880 1893 οὐχὶ
923 1814 997 1877 εἷς
1040 1812 1203 1890 ψιλὴν
1273 1813 1523 1892 ἀκρόασιν
1578 1813 1927 1893 περιίστησιν²

286 1898 408 1955 ἀλλ’
438 1900 512 1963 εἷς
544 1900 642 1963 μὲν
669 1900 897 1980 ἐνεργον,
930 1904 1018 1959 καὶ
1046 1904 1107 1959 τὸ
1135 1903 1351 1959 ἀκοῦσαι
1379 1904 1510 1981 πρὸς
1540 1903 1638 1971 τὴν
1670 1901 1929 1982 μεταχεί-

287 2009 423 2064 ρισιν
489 1994 596 2044 τῶν
649 1990 990 2064 ἡκοοσμένων
1058 1991 1401 2073 ἀφορμιῖηαν.
1472 1991 1776 2050 Ἐπίσταται
1832 1992 1930 2069 γὰρ

286 2077 381 2133 τὸν
452 2079 588 2152 μετά
656 2076 887 2147 σπονδῆς
940 2080 1209 2160 ὑπέχοντα
1275 2094 1388 2145 τοῖς
1458 2080 1764 2159 λεγομένοις
1832 2080 1929 2147 τὴν

282 2165 477 2245 ἀκοὴν,
522 2168 610 2223 καὶ
659 2168 789 2243 πρὸς
843 2170 943 2235 την
998 2169 1243 2249 ἐργασίαν
1283 2171 1491 2251 τούτον,
1550 2170 1763 2246 ἕτοιμον
1817 2191 1929 2225 πα-

282 2255 498 2335 ρέξοντα
556 2258 741 2317 ἑαυτόν
773 2276 791 2294 ⁶
863 2260 1041 2338 ὥσπερ
1123 2261 1217 2317 ἀπ’
1303 2261 1562 2337 ἐναντίας,
1633 2263 1722 2317 τὸν
1798 2259 1933 2335 μετᾶ

280 2343 605 2424 βραδυτῆτος
669 2347 800 2425 πρός
870 2370 921 2405 τι
989 2346 1343 2425 διατιθέμενον
1400 2355 1468 2427 τῇ
1537 2347 1793 2426 ἀναϐολῇ,
1845 2348 1933 2404 καὶ

282 2434 510 2507 πάμπαν
581 2434 881 2512 εἰργόμενον
937 2436 1044 2494 ἔσθ’
1096 2436 1184 2494 ὅτε
1237 2442 1337 2506 τῆς
1394 2437 1770 2518 ἐγχειρήσεως.
1842 2436 1933 2492 Διὸ

286 2522 374 2579 ἐπὶ
411 2522 508 2598 μὲν
536 2527 636 2591 τῆς
688 2530 793 2580 τῶν
848 2525 998 2582 θείων
1041 2523 1375 2589 διδασκαλίας
1430 2530 1709 2606 ταχυτῆτα
1753 2524 1934 2583 ἐντέλ-

288 2611 464 2686 λεται,
498 2611 584 2668 ἐπὶ
625 2609 680 2668 δὲ
736 2614 840 2670 τῶν
882 2612 1147 2695 ἐπισφαλῆ
1198 2616 1295 2683 τὴν
1353 2616 1714 2696 μεταχείρισιν
1768 2614 1934 2695 ἐχόν-

284 2723 418 2779 των,
486 2702 585 2769 τὴν
655 2701 972 2784 βραδυτῆτα.
1036 2714 1211 2764 Ταῦτα
1267 2702 1321 2761 δέ
1372 2705 1506 2784 ἐστι,
1563 2706 1625 2761 τὸ
1679 2702 1933 2776 λαλῆσαι,

286 2793 349 2848 τὸ
379 2790 707 2870 ὀργισθῆναι.
745 2782 826 2849 UH
855 2814 912 2849 τε
953 2794 1052 2873 γὰρ
1080 2794 1393 2873 ἀπρομηθὴς
1422 2782 1604 2867 λαλία,
1649 2792 1740 2860 ἤτε
1799 2793 1936 2849 ἀπε-

287 2882 566 2982 ρίσκεπτος
598 2880 753 2982 όργῦἱ,
786 2886 880 2982 οὐκ
926 2884 998 2946 εἷς
1036 2883 1246 2982 ,ἀγαθὸν
1289 2880 1393 2982 ἐσθ’
1450 2881 1539 2939 ὅτε
1593 2880 1737 2982 οἶδεν
1766 2881 1935 2982 ’ἀπο-

284 2969 559 3041 τελευτᾷν.
599 2961 683 3025 Δι’
713 2972 743 3027 ὃ
785 2972 872 3027 καί
921 2994 1003 3036 τις
1027 2961 1159 3051 ἀνὴρ
1187 2972 1331 3038 θεῖός
1362 2994 1522 3053 φησιν
1558 2991 1572 3005 ⁸
1610 2961 1669 3029 Ὀ
1696 2969 1934 3041 λαλήσας

2097 1452 2144 1527 Ι,
2179 1453 2392 1515 19-21.
2430 1452 2663 1534 Itaque,
2688 1457 2920 1533 fratres
2948 1460 3071 1517 mei
3098 1452 3324 1529 dilecti,
3358 1459 3437 1515 sit
3467 1456 3660 1515 omnis

2015 1540 2190 1603 homo
2218 1541 2392 1605 velox
2415 1543 2493 1605 ad
2521 1544 3134 1620 audiendum,tardus
3165 1543 3244 1605 ad
3269 1541 3657 1623 loquendum,

2018 1632 2227 1694 tardus
2253 1633 2331 1694 ad
2352 1634 2531 1696 iram.
2567 1631 2675 1694 Ira
2704 1634 2866 1695 enim
2894 1635 3022 1695 viri
3039 1633 3347 1713 justitiam
3404 1630 3517 1693 Dei
3542 1649 3663 1694 non

2018 1721 2225 1800 efﬁcit.

1957 1788 1993 1837 Β
2051 1788 2233 1871 ”448
2253 1810 2422 1885 Quod
2441 1812 2525 1874 ait
2539 1810 2745 1886 Velox,
2774 1829 2898 1876 non
2929 1810 3001 1873 ad
3034 1809 3255 1871 nudam
3286 1808 3651 1870 auditionem

2010 1899 2295 1976 refertur,
2320 1900 2426 1962 sed
2474 1900 2546 1961 ad
2604 1908 2907 1962 strenuum
2962 1899 3023 1959 in
3080 1915 3258 1978 opere
3291 1905 3349 1959 et
3392 1916 3526 1959 eum
3560 1898 3660 1978 qui

2013 1996 2319 2068 postquam
2348 1988 2869 2070 audivit,procedit
2918 1988 2993 2050 ad
3044 2005 3112 2047 ea
3153 1985 3482 2067 praestanda
3528 2004 3657 2066 quae

2012 2077 2255 2141 audivit.
2301 2077 2470 2139 Novit
2500 2078 2658 2139 enim
2695 2097 2826 2139 eum
2860 2077 2961 2158 qui
3002 2075 3202 2139 subdit
3230 2074 3494 2136 auditum
3523 2092 3658 2136 cum

2013 2166 2208 2227 studio
2238 2169 2311 2230 ad
2341 2186 2410 2229 ea
2439 2184 2568 2247 quae
2591 2166 2892 2243 dicuntur,
2919 2165 3092 2227 etiam
3122 2163 3504 2245 praebiturum
3532 2162 3653 2224 sei-

2015 2274 2182 2335 psum
2195 2264 2463 2337 paratum
2487 2255 2558 2317 ad
2577 2274 2781 2317 eorum
2803 2254 3237 2333 operationem:
3263 2252 3653 2334 quemadmo-

2014 2344 2158 2405 dum
2184 2364 2216 2406 e
2247 2345 2478 2407 diverso
2534 2362 2673 2406 eum
2731 2344 2832 2424 qui
2863 2362 2997 2406 cum
3032 2341 3302 2404 tarditate
3334 2341 3407 2403 ad
3437 2339 3661 2421 aliquid

2018 2433 2501 2513 procrastinando
2532 2431 2800 2509 afﬁcitur,
2834 2431 3151 2513 aliquando
3204 2430 3438 2510 penitus
3479 2448 3655 2509 sepa-

2016 2522 2266 2583 randum
2297 2521 2370 2583 ab
2403 2520 2565 2583 omni
2606 2527 2821 2582 conatu
2870 2519 3090 2600 operis.
3124 2518 3264 2580 Ideo
3297 2520 3358 2578 in
3389 2517 3659 2579 doctrina

2017 2610 2257 2690 quidem
2288 2628 2488 2671 rerum
2520 2608 2849 2670 divinarum
2871 2607 3242 2670 velocitatem
3276 2606 3561 2686 praecipit,
3599 2607 3660 2665 in

2017 2698 2112 2761 bis
2142 2707 2335 2761 autem
2366 2718 2495 2780 qua:
2525 2698 2921 2780 periculosam
2950 2698 3173 2760 habent
3203 2693 3660 2758 administratio-

2020 2807 2179 2863 nem,
2220 2789 2575 2851 tarditatem.
2625 2787 2762 2850 Haec
2790 2796 2989 2849 autem
3015 2795 3150 2847 sunt
3181 2784 3341 2866 loqui
3373 2791 3431 2845 et
3460 2783 3659 2844 irasci.

2016 2875 2162 2937 Nam
2194 2885 2255 2938 et
2281 2877 2616 2939 inconsulta
2670 2875 2888 2938 locutio
2948 2882 3007 2936 et
3057 2874 3553 2953 incircumspecta
3576 2870 3665 2932 ira

2017 2985 2135 3027 non
2193 2966 2350 3027 novit
2410 2984 2670 3048 unquam
2702 2966 2762 3027 in
2795 2965 3015 3027 bonum
3065 2963 3364 3027 desinere.
3414 2960 3666 3039 Propter

285 3058 530 3138 μετέγνω
558 3058 838 3133 πολλάκις,
884 3062 912 3117 ὃ
956 3059 1012 3116 δὲ
1056 3049 1333 3131 σιωπήσας
1376 3049 1490 3119 οὐδὲ
1536 3080 1685 3118 ποτε.
1749 3060 1848 3118 Καὶ
1903 3062 1931 3117 ὁ

2017 3055 2171 3135 quod
2204 3056 2294 3117 vir
2323 3055 2561 3137 quidam
2585 3055 2820 3117 divinus
2839 3054 2956 3115 ait:
2989 3052 3357 3133 Frequenter
3388 3049 3661 3131 paenituit

281 3149 541 3227 μακάριος
595 3145 651 3203 δὲ
720 3147 877 3205 πάλιν
959 3148 1127 3208 Δαυῖδ
1158 3166 1173 3182 ⁶
1259 3171 1282 3206 α
1350 3139 1648 3229 Ὀργίζεσθε
1713 3149 1801 3204 καὶ
1857 3150 1935 3225 μὴ

2019 3161 2149 3205 esse
2199 3142 2482 3224 locutum,
2536 3143 2791 3205 tacuisse
2846 3161 2985 3205 vero
3034 3159 3362 3222 nunquam.
3402 3139 3658 3201 Rursum

279 3237 633 3317 ἁμαρτάνετε,
710 3260 739 3293 ι
825 3238 1094 3314 Τουτέστι,
1170 3239 1247 3313 μὴ
1305 3239 1658 3318 ὀργιζόμενοι,
1745 3237 1933 3304 εὐθέως

2017 3240 2210 3293 autem
2243 3231 2451 3293 beatus
2479 3231 2580 3292 ille
2608 3231 2790 3292 David
2828 3249 2841 3293 :
2872 3255 2898 3287 α
2926 3229 3253 3293 lrascimini
3276 3236 3331 3289 et
3352 3245 3428 3288 ne
3449 3246 3655 3307 pecce-

279 3328 371 3384 καὶ
411 3326 515 3394 τὴν
544 3325 984 3403 ὑποϐαλλομένην
1013 3328 1074 3384 ἐκ
1111 3327 1206 3396 τῆς
1249 3317 1410 3407 ὀργῆς
1465 3327 1689 3406 ἐπάγετε
1710 3328 1927 3402 μανίαν.

2017 3319 2090 3380 tis
2106 3320 2157 3363 ‘9
2192 3342 2204 3380 :
2245 3345 2268 3376 υ
2305 3321 2419 3383 hoc
2449 3327 2643 3395 est,ne
2675 3319 2849 3382 facile
2869 3317 3479 3391 irascendo,furorem
3498 3335 3656 3396 quo-

283 3416 553 3494 Σύμφωνα
594 3414 799 3480 τούτοις
841 3417 930 3472 καὶ
972 3416 1038 3472 τὰ
1091 3404 1348 3496 παρόντα,
1407 3415 1479 3474 Τό
1545 3404 1607 3471 τε
1662 3416 1763 3495 γὰρ
1817 3410 1934 3492 περὶ

2017 3428 2131 3491 que
2162 3409 2420 3472 incitetis
2449 3428 2622 3490 quem
2676 3410 2936 3488 suggerit
2956 3405 3183 3496 ira.His
3213 3404 3387 3466 etiam
3414 3404 3663 3496 confor-

278 3504 341 3559 τὸ
390 3491 623 3570 λαλῆσαι
676 3504 856 3583 ἀργὸν,
903 3504 965 3561 τό
1019 3526 1078 3561 τε
1120 3491 1240 3584 περὶ
1279 3507 1341 3561 τὸ
1371 3491 1688 3584 ὀργισθῆναι-
1714 3491 1932 3582 νωθρὸν,

2019 3498 2137 3559 mia
2164 3506 2300 3559 sunt
2327 3516 2458 3579 quze
2487 3497 2584 3559 hic
2615 3497 2915 3560 dicuntur.
2952 3494 3257 3575 Siquidem
3301 3492 3544 3584 tarditas
3595 3491 3656 3584 in

279 3598 350 3667 τῇ
377 3594 497 3672 περὶ
525 3598 690 3649 ταῦτα
714 3580 722 3583 ﬁ
747 3580 1005 3669 μελλήσει
1061 3580 1365 3673 ἐπανῆγαγε
1403 3580 1510 3650 ’τδν
1562 3580 1934 3672 μεταχειριού-

2017 3586 2313 3667 loquendo
2344 3596 2401 3648 et
2431 3586 2702 3667 tepiditas
2731 3586 2791 3647 in
2820 3584 3151 3655 irascendo,
3186 3580 3563 3673 cunctatione
3593 3581 3655 3642 in

285 3671 457 3756 μενον
500 3682 633 3760 πρὸς
687 3683 749 3738 τὸ
804 3680 920 3739 δέον
974 3681 1150 3740 καὶτὸ
1201 3671 1366 3747 εύθές,
1418 3683 1516 3740 Καὶ
1570 3682 1606 3750 ἢ
1660 3671 1932 3747 παντελῶς

2017 3676 2110 3737 his
2163 3685 2439 3757 servata,,
2488 3676 2782 3738 reducunt
2836 3674 2908 3736 ad
2953 3673 3014 3734 id
3045 3671 3200 3755 quod
3229 3672 3451 3734 decens
3479 3677 3662 3760 estet

279 3770 384 3838 τὴν
423 3759 553 3849 περί
579 3776 741 3827 ταῦτα
798 3769 1036 3837 ἐξέλυσεν
1094 3771 1266 3851 ὁρμὴν
1322 3769 1406 3827 διὰ
1472 3770 1568 3838 τῆς
1612 3768 1926 3847 κεκριμένης

2017 3773 2239 3827 rectum
2267 3782 2281 3827 :
2309 3773 2367 3826 et
2396 3764 2487 3828 vel
2512 3764 3054 3845 omninoimpetum
3084 3763 3243 3824 circa
3273 3762 3399 3851 haec
3430 3759 3655 3821 dissol-

279 3857 639 3935 ἐπισκέψεως,
699 3860 736 3922 ἢ
796 3862 932 3917 κατὰ
997 3862 1059 3918 τὸ
1113 3850 1383 3939 προσῆκον
1437 3861 1543 3917 τῶν
1602 3860 1926 3939 πραγμάτων

2017 3862 2150 3915 vunt
2171 3872 2277 3935 per
2309 3853 2694 3917 deliberatam
2722 3851 3281 3927 considerationem,
3318 3850 3406 3912 vel
3429 3867 3652 3911 conve-

282 3949 610 4018 ποιήσασθαι
663 3949 762 4016 τὴν
818 3948 1040 4016 διέξοδον
1119 3950 1312 4007 τούτων
1396 3949 1739 4027 εἰσηγήσατο,
1813 3948 1923 4023 μά-

2017 3942 2192 4005 nienti
2207 3943 2382 4005 modo
2399 3943 2469 4006 ad
2493 3961 2589 4004 res
2612 3961 2744 4024 quae
2764 3948 3081 4004 occurrunt
3102 3942 3312 4002 horum
3332 3939 3651 4001 decursum

276 4035 434 4093 λιστα
530 4042 630 4104 τῆς
731 4039 917 4118 ὀργῆς.
1033 4027 1198 4102 "Hm:
1307 4037 1596 4116 ἀλογίστως
1699 4057 1922 4115 προενε-

2017 4032 2137 4093 ﬁeri
2166 4032 2787 4111 ducent,potissimum
2814 4038 3006 4093 autem
3039 4030 3166 4104 irae;
3199 4048 3329 4111 qua:
3346 4027 3651 4118 siirratio-

274 4128 473 4205 χθεϊσα
520 4127 620 4192 τῆς
661 4117 771 4185 τοῦν
796 4133 925 4184 Θεοῦ
968 4124 1302 4194 δικαιοσύνης
1344 4126 1654 4205 ἀποστερεῖ.
1719 4127 1813 4181 Διὸ
1842 4132 1932 4187 καὶ

2017 4120 2293 4183 nabiliter
2314 4121 2556 4183 inducta
2574 4120 2869 4202 sit,privat
2887 4120 3084 4181 divina
3104 4118 3359 4199 justitia.
3391 4117 3653 4198 Ideoque

274 4216 377 4282 τὴν
405 4214 576 4271 αἰτίαν
606 4213 793 4294 ἐπάγει
823 4216 1041 4289 ταύτην,
1092 4217 1178 4289 τὸ,
1236 4214 1402 4295 Ὀργὴ
1457 4216 1556 4294 γὰρ
1608 4212 1792 4294 ἀνδρὸς
1844 4212 1931 4270 δι-

2017 4210 2167 4272 hanc
2196 4210 2501 4291 subjungit
2538 4227 2772 4273 causam
2808 4228 2822 4272 :
2858 4211 2953 4272 Ira
2998 4209 3156 4271 enim
3210 4207 3318 4269 viri
3358 4207 3650 4287 justitiam

274 4302 562 4370 καιοσύνην
619 4310 752 4361 Θεοῦ
800 4308 860 4363 οὗ
913 4304 1307 4384 κατεργάζεται.
1370 4304 1428 4362 Εἰ
1470 4304 1570 4383 γὰρ
1627 4300 1929 4370 δικαιοσύνη

2017 4299 2117 4362 Dei
2166 4318 2284 4363 non
2337 4300 2539 4363 efﬁcit.
2575 4300 2803 4362 Etenim
2837 4299 2888 4359 si
2937 4298 3164 4379 justitia
3205 4296 3444 4359 habitus
3470 4304 3563 4357 est
3592 4299 3652 4356 in

280 4390 423 4447 ἐστὶν
466 4389 570 4457 ἕξις
628 4390 682 4448 ἐν
740 4397 894 4473 ψυχῇ
950 4395 1042 4449 τοῦ
1095 4391 1215 4449 κατ’
1265 4391 1408 4458 ἀξίαν
1463 4392 1670 4465 ἑκάστῳ
1727 4391 1926 4448 ἀπονε-

2017 4389 2211 4451 anima
2239 4387 2340 4470 qui
2369 4388 2579 4450 dividit
2626 4387 2948 4468 unicuique
2994 4388 3159 4467 juxta
3191 4405 3356 4447 suam
3390 4385 3648 4464 dignita-

282 4455 515 4555 μητικὴ,
590 4482 722 4561 ὀργ·ὶ⁸
755 4455 894 4553 ’δξν
916 4483 1052 4538 κατὰ
1104 4483 1194 4537 τὸν
1251 4455 1483 4556 εἰπόντα,
1528 4455 1786 4537 ἀπόλλυσι
1843 4482 1931 4538 καὶ

2017 4455 2510 4553 ιειηιήνίνθιόωι
2538 4477 2620 4540 ait
2650 4455 2977 4557 ille,pe-rdit
2994 4455 3182 4537 Veliam
3203 4455 3649 4555 sapientesquo

279 4568 583 4648 φρονίμους,
639 4576 754 4631 πῶς
813 4568 847 4625 ἂ
900 4569 1032 4635 αὕτη
1082 4571 1118 4637 ἡ
1172 4567 1256 4626 διὰ
1315 4570 1414 4637 τὴν
1455 4570 1587 4647 ἀγαν
1640 4568 1929 4645 ἐμπάθειαν

2017 4568 2187 4630 modo
2210 4568 2336 4629 haec
2382 4567 2510 4646 ipsa
2529 4584 2657 4647 quae
2678 4567 3014 4629 vehementi
3042 4563 3353 4626 affectione
3385 4571 3642 4625 mentem

276 4662 540 4715 σκοτοῦσα
597 4658 692 4713 τὸν
745 4663 887 4732 νοῦν,
964 4659 1038 4721 ὡς
1106 4659 1193 4714 καὶ
1262 4657 1540 4738 φρονίμους
1609 4656 1923 4738 ἀπολλύναι,

2017 4656 2157 4719 adeo
2188 4655 2537 4718 obtenebrat
2557 4664 2620 4717 ut
2649 4656 2853 4734 perdat
2884 4654 3063 4717 etiam
3091 4650 3645 4733 sapientes,consti-

274 4746 373 4813 τὴν
426 4746 750 4824 κεκριμένως
810 4745 1176 4822 ἀπονέμουσαν
1224 4746 1431 4822 ἑκάστῳ
1482 4746 1544 4803 τὸ
1600 4743 1716 4803 κατ’
1783 4745 1927 4812 ἀξίαν

2017 4754 2203 4807 lueret
2236 4764 2365 4807 eam
2396 4764 2527 4825 quae
2554 4744 2762 4806 dividit
2790 4743 3110 4823 unicuique
3132 4743 3297 4820 juxta
3330 4758 3495 4801 suam
3549 4738 3646 4799 di-

275 4835 633 4915 συστήκειενς
688 4856 713 4891 ι
763 4833 960 4915 Βραδὺς
1008 4837 1081 4899 είς
1138 4836 1322 4914 ὀργήν,
1363 4858 1387 4891 n
1466 4835 1576 4903 Τὴν
1631 4834 1927 4914 βραδυτῆτα

2017 4833 2328 4912 gnitatem?
2369 4860 2386 4889 ι
2427 4833 2659 4895 Tardus
2713 4833 2787 4896 ad
2830 4834 3005 4896 iram.
3043 4856 3065 4889 ι)
3120 4829 3481 4892 Tarditatem
3530 4828 3653 4890 vult

274 4920 443 5002 διχῶς
499 4922 743 5001 βούλεται
813 4922 1137 5004 ἐνεργεῖσθαι
1211 4924 1335 5003 παρ’
1405 4926 1560 4997 ἡμῶν
1614 4923 1696 4987 εἴς
1752 4945 1809 4980 τε
1863 4926 1925 4981 τὸ

2017 4923 2278 4986 bifariam
2308 4923 2368 4985 in
2398 4924 2568 4985 nobis
2594 4926 2880 5004 exerceri,
2917 4930 3053 5003 puta
3081 4920 3153 4983 ad
3191 4918 3555 5000 loquendum
3590 4925 3651 4981 et

272 5009 531 5089 λαλῆσαι,
562 5014 651 5070 καὶ
692 5013 755 5069 τὸ
784 5013 1115 5091 ὀργισθῆναι.
1161 5010 1290 5071 Οἷδε
1331 5013 1431 5092 γὰρ
1470 5012 1506 5081 ἢ
1550 5010 1808 5089 μέλλησις
1836 5014 1923 5070 καὶ

2017 5013 2077 5074 ad
2109 5010 2688 5074 irascendum.Novit
2719 5010 2878 5073 enim
2903 5009 3199 5073 cunctatio
3229 5007 3647 5071 abstinentiam

275 5099 499 5181 ἀποχὴν
526 5100 826 5182 ἐργάζεσθαι
868 5107 968 5169 τῆς
992 5105 1187 5183 ὁρμῆς.

2017 5120 2039 5163 a
2064 5100 2490 5164 committenda
2522 5099 2789 5162 efﬁcere.

911 5207 1162 5264 ΚΕΦΑΛ.
1208 5189 1292 5264 B'.

2567 5203 2709 5263 449
2738 5199 2979 5265 CAPUT
3012 5200 3081 5264 II.

281 5318 306 5356 ι
359 5298 483 5379 Περὶ
511 5320 810 5379 πρᾳοτητος
867 5298 955 5355 καὶ
978 5299 1187 5378 ἁγνείας
1213 5300 1301 5356 καὶ
1326 5296 1560 5379 πράξεως
1589 5298 1790 5377 ἀγαθῆς
1821 5321 1920 5376 με-

2017 5299 2097 5362 Dc
2124 5300 2590 5362 mansuetudine
2620 5319 2692 5364 ac
2721 5301 3063 5363 innocentia
3120 5305 3176 5360 et
3229 5296 3469 5379 actione
3501 5294 3656 5379 bona

355 5399 421 5435 τα

523 5378 641 5444 ικῆς
670 5379 756 5436 ἐπί
797 5384 1117 5458 μακαρισμῷ
1148 5394 1163 5409 ⁸
1226 5381 1314 5436 καὶ
1359 5378 1477 5458 περὶ
1507 5378 1807 5456 ἐπιστήμης
1837 5381 1924 5437 καὶ

353 5460 674 5535 συμμετρίας
717 5458 900 5538 λόγου.
937 5483 959 5514 ι

356 5579 379 5615 ο
459 5559 540 5616 Δι’
596 5560 626 5615 ὃ
678 5558 990 5636 ἀποθέμενοι
1048 5565 1222 5617 πᾶσαν
1274 5559 1527 5637 ῥυπαρίαν
1605 5561 1692 5616 καὶ
1745 5580 1923 5639 περισ-

353 5668 611 5767 ιιιοευ,
647 5706 692 5773 ι,
720 5691 780 5755 3.
870 5692 929 5745 η
956 5691 1227 5770 Psal.1v,
1262 5691 1322 5755 5.

2085 5396 2220 5461 quae
2250 5380 2531 5461 conducit
2559 5381 2639 5443 ad
2670 5380 3125 5455 beatitudinem,
3177 5383 3235 5440 et
3283 5377 3357 5439 de
3398 5378 3652 5440 scientia

2083 5459 2156 5523 ac
2184 5459 2597 5523 mediocritate
2617 5467 2936 5525 sermonis.

2085 5557 2176 5640 1,2
2192 5557 2346 5623 1-22.
2372 5556 2755 5642 Quapropter
2771 5561 3047 5642 deposita
3069 5558 3234 5623 omni
3256 5556 3660 5621 immunditia
