4180 6212
412 318 529 384 467

412 547 589 626 cipite
610 546 861 607 insitum
886 562 1242 620 sermonem,
1269 548 1377 625 qui
1413 550 1611 625 potest
1636 543 1884 609 salvare
1911 548 2052 608 ani-

413 649 543 696 mas
572 638 825 695 vestras.

492 718 887 782 Immunditiaa
908 719 1070 781 addit
1093 719 1271 781 etiam
1301 720 1757 783 redundantiam
1789 719 2050 798 malitiae,

412 810 622 874 volens
650 810 763 871 hoc
817 809 1229 870 demonstrare
1274 809 1666 891 :Quanquam
1714 809 2058 892 frequenter

413 899 635 962 incidat
664 898 955 978 quispiam
1008 897 1070 959 in
1100 897 1355 979 aliquam
1385 898 1843 971 immunditiam,
1883 897 2057 960 citius

414 988 487 1051 ab
515 1006 585 1050 ea
612 986 898 1062 discedat,
933 1004 1043 1048 nec
1094 986 1495 1068 permanando
1541 996 1599 1049 et
1635 985 1966 1049 cunctando
1995 987 2056 1049 in

413 1078 537 1158 illa,
562 1094 671 1157 per
698 1074 1187 1138 consuetudinem
1220 1076 1432 1138 efﬁciat
1456 1076 1673 1137 malum
1704 1076 1955 1151 ﬁrmius,
1988 1094 2058 1138 ac

414 1164 715 1229 difﬁcilius
744 1165 817 1227 ad
847 1163 1213 1228 abluendum
1242 1187 1255 1224 :
1290 1184 1424 1228 cum
1461 1173 1597 1227 nata
1625 1166 1741 1227 sint
1757 1184 1885 1246 quae
1906 1184 2055 1227 con-

416 1256 578 1318 tinue
607 1261 662 1317 et
694 1254 931 1317 abunde
960 1254 1111 1316 ﬁunt
1140 1255 1199 1315 in
1234 1253 1428 1329 nobis,
1461 1254 1534 1316 ad
1557 1254 1966 1317 reducendum
1996 1254 2058 1315 in

417 1353 684 1407 naturam
730 1343 789 1405 id
817 1343 973 1425 quod
1007 1344 1281 1417 efﬁcitur,
1329 1344 1451 1405 sive
1509 1351 1734 1406 natura),
1790 1343 2056 1407 habitum

414 1434 529 1515 ipsi
554 1433 886 1513 acquirere.
928 1457 954 1486 α
994 1434 1108 1494 Per
1138 1431 1713 1493 mansuetudinem.»
1752 1429 2056 1511 Siquidem

417 1541 523 1603 per
551 1520 1068 1584 mansuetudinem
1101 1529 1159 1583 et
1213 1540 1331 1582 non
1363 1539 1473 1598 per
1502 1520 1815 1582 tumultum
1846 1537 1916 1581 ac
1933 1529 2059 1581 tur-

416 1611 716 1673 bationem
734 1610 982 1672 traditur
1001 1609 1335 1691 disciplina.
1354 1608 1632 1670 «Insitum
1654 1625 2054 1670 sermonem.»

418 1699 661 1764 lusitum
718 1698 890 1760 nobis
949 1698 1073 1760 sive
1128 1697 1453 1760 naturalem
1514 1714 1850 1759 sermonem
1894 1702 2061 1759 vocat

1526 322 1936 386 (EGUMENII
1980 319 2272 382 ΤΒΙΟΟιΕ
2314 321 2651 385 EPISCOPI

412 464 470 520 et
498 454 911 518 redundantia
940 454 1220 529 malitia,
1249 470 1357 536 per
1392 455 1918 519 mansuetudinem
1948 470 2051 516 re-

2152 452 2277 508 relav
2360 455 2571 529 κακίας,

3670 322 3790 387 468

2658 454 2713 511 ἐν
2796 456 3053 534 πραΰτητι
3147 454 3355 523 δέξασθε
3437 457 3529 512 τὸν
3614 452 3785 534 ἔμφυ-

2136 562 2226 598 τον
2308 540 2490 620 λόγον,
2574 544 2666 599 τὸν
2765 541 3049 619 δυνάμενον
3152 550 3319 601 σῶσαι
3417 545 3516 609 τὰς
3601 543 3782 624 ψυχὰς

2137 633 2283 708 ὑμῶν
2293 680 2304 692 .
2342 655 2366 691 ID

2219 726 2297 797 Τῇ
2366 721 2586 800 ῥυπαρία
2654 722 2960 801 προστίθησι
3017 724 3103 779 καὶ
3170 724 3255 799 τὸ,
3310 723 3616 797 Περισσείαν
3684 744 3788 780 κα-

2137 810 2279 889 κίας,
2320 816 2475 867 τοῦτο
2530 808 2849 886 βουλόμενος
2904 817 3272 890 παραστῆσαι,
3327 812 3413 884 τὸ,
3471 813 3530 869 Ei
3572 812 3661 868 καί
3686 834 3788 868 τινι

2138 897 2392 963 πολλάκις
2443 897 2722 977 περιέπεσὲ
2773 921 2853 963 τις
2907 899 3153 980 ρυπαρίᾳ,
3207 900 3419 981 ταχέως
3475 904 3638 968 αὐτῆς
3693 902 3792 956 ῦπ-

2138 986 2455 1061 εξίστασθαι,
2513 984 2650 1043 ἀλλὰ
2690 986 2769 1062 μὴ
2810 992 2881 1065 τῇ
2936 987 3058 1044 κατ’
3114 989 3276 1056 αὐτὴν
3319 989 3545 1066 ἐπιμονῃ
3603 1010 3660 1045 τε
3701 990 3791 1045 καὶ

2138 1076 2433 1157 ἐγχρονίσει
2462 1073 2546 1131 διὰ
2601 1080 2700 1143 τῆς
2758 1077 3028 1144 συνηθείας
3089 1076 3420 1158 βεϐαιότερον
3474 1080 3564 1135 καὶ
3612 1076 3791 1135 δυσεκ-

2140 1166 2443 1244 νιπτότερον
2534 1166 2598 1221 τὸ
2702 1168 2864 1223 κακὸν
2971 1166 3374 1247 ἀπεργάζεσθαι,
3478 1167 3788 1248 πεφυκότων

2138 1260 2244 1311 τῶν
2303 1252 2678 1334 συνεχέστερον
2738 1255 2874 1330 ἡμῖν
2955 1257 3043 1312 καὶ
3099 1256 3460 1336 περιττότερον
3510 1254 3787 1314 ἐπιτελου-

2142 1343 2338 1424 μένων,
2397 1345 2470 1407 εἰς
2542 1343 2692 1423 φύσιν
2752 1342 3109 1418 ἄποκαθιστᾷν
3165 1347 3227 1402 τὸ
3277 1344 3616 1421 τελούμενον,
3672 1343 3790 1412 ἤτοι

2140 1433 2343 1512 φύσεως
2387 1431 2492 1498 ἕξιν
2522 1433 2663 1505 αὒτῷ
2710 1446 3031 1512 περιποιεῖν,
3074 1453 3104 1492 ε
3145 1432 3235 1492 Ἐν
3262 1435 3545 1512 πραΰτητι.
3609 1457 3637 1489 ι
3702 1430 3790 1489 Ἐν

2140 1522 2400 1601 πραΰτητι
2430 1522 2549 1599 γὰρ,
2584 1520 2703 1577 ἀλλ’
2736 1521 2833 1578 οὒκ
2861 1521 2915 1577 ἐν
2958 1520 3158 1602 θορύϐῳ
3179 1525 3286 1604 Δκαὶ
3331 1528 3546 1604 ταραχῇ
3599 1524 3634 1591 ἡ
3689 1526 3789 1589 τῆς

2141 1600 2477 1693 διδασκαλίας
2507 1611 2705 1689 γίνεται
2734 1600 3044 1693 παραδοχήή,
3082 1636 3110 1668 ι
3178 1600 3692 1692 ’Ἱίμιρυτονηλόγον⁸
3764 1634 3786 1665 ι

2146 1692 2425 1783 ἸΕμφυτον
2449 1701 2610 1780 λόγον
2651 1699 2831 1782 καλεῖ,
2861 1704 2950 1760 τὸν
3008 1702 3325 1782 διακριτικὸν
3378 1706 3471 1761 τοῦ
3524 1701 3790 1780 βελτίονος

417 1808 553 1853 eum
582 1788 685 1870 qui
714 1788 1002 1851 discernit
1057 1787 1268 1849 melius
1316 1807 1350 1848 a
1395 1786 1621 1868 pejori:
1657 1804 1691 1847 a
1721 1804 1837 1866 quo
1881 1785 2057 1847 etiam

2152 1793 2228 1848 καὶ
2282 1798 2373 1848 τοῦ
2432 1792 2693 1872 χείρονος.
2771 1792 2899 1848 Καθ’
2970 1794 2999 1849 ὃ
3068 1795 3156 1850 καὶ
3205 1791 3412 1872 λογικοί
3480 1792 3637 1868 ἐσμεν
3704 1797 3793 1852 καὶ

418 1878 715 1940 naturales
736 1896 937 1939 sumus
967 1895 1035 1938 ac
1066 1875 1345 1939 dicimur.

498 1966 543 2044 Ι,
578 1966 783 2030 23-25.
815 1965 969 2029 Sitis
1000 1974 1207 2028 autem
1236 1966 1527 2045 effectores
1545 1964 1838 2027 sermonis
1860 1969 1916 2026 et
1942 1981 2063 2025 non

417 2067 650 2122 tantum
671 2055 1278 2134 auditoresfallentes
1312 2054 1740 2133 vosmetipsos:
1774 2056 2063 2133 quoniam

415 2150 472 2211 si
500 2150 638 2229 quis
666 2148 881 2209 audiat
911 2162 1273 2218 sermonem,
1304 2161 1411 2207 nec
1452 2162 1585 2206 cum
1626 2143 1809 2223 factis
1850 2142 2056 2223 expri-

417 2246 563 2318 mat,
596 2236 695 2299 hic
712 2235 936 2299 similis
973 2243 1058 2297 est
1087 2236 1218 2297 viro
1248 2233 1664 2296 consideranti
1689 2232 1915 2311 faciem
1943 2249 2062 2294 na-

421 2327 679 2390 tivitatis
698 2344 825 2388 suae
849 2326 913 2387 in
938 2323 1200 2404 speculo.
1239 2323 1660 2385 Consideruvit
1694 2323 1857 2384 enim
1898 2323 2062 2401 seip-

418 2433 551 2479 sum
588 2422 642 2477 et
670 2414 845 2490 abiit,
879 2414 1203 2493 statimque
1259 2411 1477 2474 oblitus
1516 2418 1602 2473 est
1649 2411 1850 2489 qualis
1890 2415 2060 2475 esset.

418 2505 501 2568 At
529 2504 637 2584 qui
657 2502 1040 2583 prospexerit
1072 2507 1140 2563 in
1173 2503 1362 2581 legem
1410 2500 1747 2578 perfectam
1798 2516 1933 2579 qua:
1975 2504 2066 2561 est

420 2592 742 2666 libertatis,
777 2598 831 2653 et
888 2591 1305 2668 permanserit,
1339 2589 1433 2651 hic
1464 2606 1609 2650 cum
1632 2605 1752 2649 non
1775 2588 1856 2649 sit
1877 2586 2061 2649 audi-

424 2688 514 2744 tor
541 2679 893 2755 obliviosus,
949 2679 1056 2741 sed
1107 2678 1348 2759 e/fector
1404 2679 1614 2758 operis,
1652 2677 1853 2739 beatus
1898 2677 2063 2754 facta

419 2787 531 2833 suo
580 2769 721 2832 erit.

500 2857 788 2931 Quoniam
804 2856 1204 2937 novitaliquos
1233 2874 1571 2918 sermonem
1595 2874 1730 2917 cum
1761 2854 2065 2934 diligentia

422 2946 759 3023 audientes,
785 2945 960 3007 etiam
982 2945 1111 3026 ipso
1135 2952 1401 3026 tempore
1431 2964 1547 3025 quo
1573 2944 1844 3023 audiunt,
1868 2945 2063 3007 fervo-

425 3054 552 3098 rem
582 3035 927 3115 frequenter
949 3032 1488 3113 exstinguere,ideo
1513 3051 1667 3095 nunc
1686 3034 1811 3095 hmo
1826 3031 2066 3114 subjun-

422 3122 671 3204 git,idin
692 3099 915 3184 effectu
943 3099 1414 3204 prmcipienszNe
1446 3122 1636 3184 solum
1668 3121 1730 3183 in
1766 3099 2063 3184 audie'ndo
2083 3099 2123 3150 C

425 3212 798 3290 diligentiam
828 3212 1287 3295 ostendatis,sed
1319 3214 1503 3275 multo
1536 3214 1720 3293 magis
1749 3214 1809 3275 in
1839 3213 2066 3277 facien-

424 3302 669 3367 (10.4ὅο
697 3302 1024 3366 ιῈειΙΙεηιεε
1042 3310 1237 3364 autem
1258 3302 1665 3383 vosmetipsos.
1681 3303 1837 3365 ιΗοο
1861 3310 2068 3385 est,se-

426 3390 925 3455 ducentes.Porro
952 3391 1164 3458 faciem
1196 3391 1517 3453 nativitatis
1532 3392 1678 3454 dicit
1706 3409 2067 3472 cognoscere

423 3481 685 3563 seipsum
718 3499 821 3561 per
844 3479 1213 3560 legem.Ideo
1245 3482 1422 3543 etiam
1455 3488 1605 3562 post,
1628 3480 1891 3553 Faciem,
1918 3482 2063 3544 sub-

416 3570 633 3651 junxit,
668 3569 1005 3633 nativitatis.
1034 3568 1181 3632 Nam
1214 3589 1319 3650 per
1348 3569 1537 3649 legem
1565 3569 1833 3632 dicentes
1860 3570 2073 3651 quales

423 3658 563 3721 facti
589 3658 1249 3733 simus,consideramus
1269 3658 1424 3739 quod
1457 3660 1600 3721 tales
1632 3659 1927 3729 factoslex
1947 3662 2074 3740 spi-

424 3750 653 3813 ritualis
684 3750 948 3830 perﬁciat
977 3768 1085 3812 nos
1133 3767 1236 3830 per
1261 3750 1556 3812 lavacrum
1580 3751 2068 3831 regenerationis.

426 3839 654 3902 Deiude
676 3839 826 3901 nein
845 3839 949 3899 tali
976 3840 1451 3902 consideratione
1484 3859 1588 3920 per
1616 3841 1908 3902 actionem
1930 3860 2071 3923 per-

2143 1879 2426 1959 λεγόμεθα,
2466 1904 2493 1936 ι

2232 1990 2255 2023 ιι
2289 1971 2492 2026 Γίνεσθε
2543 1968 2597 2025 δὲ
2654 1970 2870 2037 ποιηταὶ
2912 1968 3094 2048 λόγου,
3154 1972 3242 2027 καὶ
3285 1969 3363 2046 μὴ
3396 1970 3554 2045 μόνον
3592 1970 3793 2049 ἀκροα-

2142 2056 2259 2130 ταὶ,
2338 2058 2812 2136 παραλογιζόμενοι
2869 2057 3110 2121 ἑαυτούς.
3170 2057 3291 2116 Ὀτι
3349 2056 3402 2113 εἴ
3459 2079 3539 2121 τις
3597 2058 3793 2135 ἇκροα-

2143 2148 2242 2214 τὴς
2326 2144 2487 2225 λόγου
2571 2146 2703 2220 ἐστὶ,
2789 2147 2876 2203 καὶ
2959 2146 3018 2203 οὗ
3100 2149 3354 2221 ποιητὴς,
3415 2149 3564 2211 οὗτος
3620 2145 3796 2203 ἔοικεν

2146 2234 2289 2315 ἀνδρὶ
2370 2243 2705 2293 κατανοοῦντι
2788 2237 2850 2293 τὸ
2950 2236 3232 2316 πρόσωπον
3341 2241 3441 2303 τῆς
3539 2236 3793 2314 γενέσεως

2148 2330 2303 2385 αὐτοῦ
2385 2328 2440 2382 ὲν
2524 2325 2785 2403 ἐσόπτρῳ.
2879 2323 3179 2392 Κατενόησε
3255 2325 3354 2404 γὰρ
3444 2324 3638 2404 ἐαυτὸν,
3706 2325 3797 2380 καὶ¹

2147 2412 2465 2489 ἀπελήλυθε,
2530 2415 2618 2470 καὶ
2678 2413 2863 2478 εὐθέως
2919 2412 3202 2471 ἐπελάθετο
3247 2415 3433 2479 ὁποῖος
3491 2412 3577 2481 ῆν.
3626 2403 3683 2471 Ὀ
3739 2409 3796 2468 δὲ

2146 2504 2460 2583 παρακύψας
2521 2504 2593 2567 είς
2663 2503 2826 2579 νόμον
2882 2501 3085 2560 τέλειον
3142 2504 3233 2558 τὸν
3309 2507 3408 2569 τῆς
3479 2501 3791 2582 ἐλευθερίας,

2146 2595 2235 2650 καὶ
2291 2593 2643 2671 παραμείνας,
2717 2595 2867 2656 οὗτος
2932 2592 3027 2649 ούκ
3082 2591 3347 2671 ἀκροατὴς
3425 2590 3793 2662 ἐπιλησμονῆς

2147 2680 2454 2760 γενόμενος,
2486 2678 2622 2737 ἀλλὰ
2647 2681 2878 2749 ποιητὴς
2911 2678 3088 2761 ἔργου,
3120 2683 3270 2744 οὗτος
3318 2680 3573 2758 μακάριος
3617 2679 3669 2738 ἐν
3725 2686 3795 2756 τῇ

2146 2770 2363 2827 ποιώσει
2396 2770 2554 2826 αῦτοῦ
2583 2768 2754 2833 ἔσται,
2791 2793 2815 2827 ο

2227 2856 2444 2925 Ἐπειδὴ
2499 2856 2614 2915 οἶδε
2685 2859 2774 2915 καὶ
2831 2859 2953 2924 τοὺς
3017 2856 3219 2934 σπουδῇ
3275 2858 3630 2924 ἐπακούοντας
3702 2868 3796 2919 τοῦ

2146 2949 2306 3030 λόγου
2363 2949 2619 3015 πολλάκις
2700 2952 2799 3018 τὴν
2873 2951 3171 3029 θερμότητα
3249 2953 3337 3008 καὶ
3394 2951 3447 3009 ἐν
3517 2951 3656 3026 αὖτῷ
3712 2958 3789 3026 τῷ

2147 3040 2426 3119 ἀκροᾶσθαι
2510 3036 2952 3120 ἁποσϐεννύντας,
3025 3037 3110 3096 διὰ
3183 3049 3335 3100 τοῦτο
3416 3050 3501 3101 νῦν
3558 3039 3793 3121 ἐπιφέρει

2148 3137 2332 3205 ταῦτα,
2380 3129 2593 3205 δυνάμει
2649 3133 2811 3187 ταῦτα
2866 3129 3353 3210 παρακελευόμενος
3391 3149 3404 3162 ’
3479 3132 3568 3200 Μὴ
3614 3131 3666 3188 ἐν
3719 3136 3798 3204 τῷ

2150 3220 2431 3297 ἀκροᾶσθαι
2488 3219 2649 3295 μόνον
2724 3219 2825 3286 τὴν
2916 3217 3147 3286 σπουδὴν
3222 3218 3592 3295 ἐπιδείκνυσθε,
3660 3218 3798 3276 ἀλλὰ

2149 3307 2282 3367 πολὺ
2311 3307 2512 3384 μᾶλλον
2565 3307 2618 3366 ἐν
2661 3315 2738 3383 τῷ
2797 3322 3000 3371 ποιεῖν,
3061 3309 3131 3366 Τὸ
3182 3307 3260 3389 δὲ,
3321 3308 3797 3389 Παραλογιζόμενοι

2149 3398 2389 3475 ἑαυτοὺς,
2448 3398 2561 3454 ἀντὶ
2616 3406 2709 3455 τοῦ
2762 3396 3180 3463 Ἐξαπατῶντες.
3233 3421 3255 3454 ι
3322 3398 3799 3477 Παραλογιζόμενοι

2158 3487 2398 3551 ἑαυτούς.
2478 3511 2499 3542 n
2564 3488 2853 3566 Πρόσωπον
2910 3486 3190 3566 φενέσεως,
3250 3489 3311 3543 τὸ
3368 3485 3452 3542 διὰ
3493 3493 3585 3543 τοῦ
3639 3489 3802 3560 νόμου

2156 3568 2300 3655 λέγει
2355 3576 2539 3633 ἐαυτὸν
2622 3574 2929 3654 ἐγνωκέναι.
3019 3577 3115 3631 me:
3183 3577 3271 3632 καὶ
3352 3583 3430 3651 τῷ
3499 3574 3794 3654 Προσῶπῳ,

2157 3664 2389 3744 ἐγήγαγε
2432 3667 2516 3745 τὸ,
2576 3664 2862 3727 Γενέσεως,
2924 3664 3021 3719 Διὰ
3074 3665 3174 3743 γὰρ
3230 3674 3322 3724 τοῦ
3377 3664 3540 3740 νόμου
3593 3662 3800 3739 μανθά-

2158 3776 2331 3817 νοντες
2404 3757 2511 3812 οῦοι
2579 3753 2895 3832 γεγόναμεν,
2964 3760 3319 3829 κατανοοῦμεν
3377 3754 3527 3817 οῐους
3571 3753 3799 3830 γενομέ-

2156 3866 2273 3907 vom;
2330 3845 2358 3900 ὁ
2429 3844 2779 3919 πνευματικὸς
2832 3844 2975 3917 ἡμᾶς
3032 3841 3284 3899 ἀπονελεϊ
3342 3843 3500 3918 νόμος
3557 3841 3642 3898 διὰ
3707 3850 3805 3899 τοῦ

426 3928 942 4004 manentes,etiam
975 3928 1174 4007 gratia:
1197 3928 1613 3991 obliviscamur
1641 3948 1707 3991 ac
1740 3928 1902 3991 doni.
1923 3932 2067 3993 Nam

2153 3931 2370 4012 λουτροῦ
2410 3941 2506 4004 τῆς
2564 3929 2990 4009 παλιγγενεσίας.
3051 3932 3189 3988 Εἶτα
3240 3933 3319 4008 μῆ
3367 3931 3681 4007 ἐμμένοντες
3737 3937 3804 4008 τῇ

426 4016 527 4098 qui
545 4015 737 4098 pravis
756 4016 1089 4077 actionibus
1110 4019 1371 4098 seipsum
1389 4017 1650 4098 exp-«nit,
1680 4037 1755 4080 ne
1804 4019 2067 4081 meminit

2152 4022 2367 4101 τοιαύτῃ
2409 4021 2501 4094 θέᾳ
2555 4019 2640 4077 διὰ
2692 4025 2791 4087 τῆς
2860 4019 3118 4100 πράξεως,
3177 4022 3265 4077 καὶ
3321 4022 3411 4077 τοῦ
3470 4021 3801 4100 χαρίσματος

427 4104 668 4188 quidem
698 4104 852 4185 quod
882 4125 913 4166 a
945 4104 1066 4166 Deo
1097 4106 1172 4166 sit
1202 4105 1493 4168 beneﬁcio
1524 4108 1789 4169 aﬁ‘ectus.
1824 4107 1886 4167 Si
1911 4109 2067 4170 enim

2154 4109 2602 4186 ἐπιλαωανόμεθα
2647 4128 2660 4141 '
2749 4111 2777 4165 ὁ
2846 4110 2944 4188 γὰρ
3015 4107 3260 4184 πράξεσιν
3350 4110 3536 4165 ἑαυτὸν
3620 4106 3800 4171 ἐκδοὺς

430 4192 802 4255 meminisset
830 4194 985 4275 quod
1019 4194 1080 4255 in
1110 4194 1297 4255 ﬁlium
1330 4195 1437 4258 Dei
1456 4195 1763 4276 adoptatus
1785 4195 2067 4276 sitetjus-

2155 4211 2442 4277 πονηραῖς,
2489 4196 2604 4256 οῦδὲ
2646 4196 2726 4253 ὅτι
2770 4196 3117 4277 εῦηργέτηται
3147 4198 3289 4277 παρὰ
3328 4204 3423 4254 τοῦ
3466 4199 3597 4254 Θεοῦ
3651 4220 3799 4271 μνη-

428 4283 681 4346 tiﬁcatus
709 4302 777 4345 ac
808 4283 1226 4358 sanctiﬁcatus,
1262 4303 1394 4364 quae
1422 4284 1578 4346 dona
1607 4293 1745 4346 sunt
1786 4285 2067 4366 spiritua-

2156 4287 2385 4362 μονεύει,
2425 4288 2483 4344 Εἰ
2525 4287 2623 4365 γὰρ
2684 4286 3067 4362 ἐμνημόνευεν,
3118 4284 3201 4342 ὅτι
3243 4288 3517 4357 υἱοθετήθη
3572 4286 3659 4342 καὶ
3689 4284 3804 4341 ἐδι-

428 4374 905 4454 lia,nequaquam
937 4373 1198 4454 seipsum
1229 4374 1487 4435 traderet
1516 4373 1791 4455 operibus
1825 4375 2067 4453 gratiam

2154 4377 2355 4442 καιώθη
2414 4377 2500 4433 καὶ
2543 4376 2795 4452 ἡγιάσθη,
2845 4377 2878 4431 ἃ
2932 4375 3260 4449 πνευματικά
3302 4376 3413 4432 ἐστι
3470 4374 3801 4455 χαρίσματα,

428 4459 876 4543 repellentibus.
909 4487 933 4517 α
968 4461 1034 4523 In
1065 4462 1311 4541 speculo
1349 4487 1375 4517 ι)
1409 4462 1501 4523 Ab
1533 4463 1645 4525 hoc
1678 4471 1818 4525 noto
1852 4483 2067 4544 specu-

2153 4470 2249 4525 οῦκ
2304 4463 2366 4520 ἂν
2410 4465 2594 4520 ἑαυτὸν
2647 4462 2919 4545 παρεδίδου
2961 4478 3079 4528 τοῖς
3152 4462 3420 4524 ἀθετοῦσιν
3478 4463 3649 4542 ’ἐργοις
3707 4465 3808 4530 τὴν

427 4551 486 4613 lo
519 4549 798 4612 transfert
828 4568 1167 4613 sermonem
1204 4550 1278 4612 ad
1309 4552 1707 4614 intellectuale
1737 4553 2068 4635 speculum,

428 4639 580 4702 nihil
609 4638 975 4720 subjungens
1004 4658 1211 4703 eorum
1246 4659 1377 4722 quae
1404 4641 1462 4702 id
1522 4643 1679 4723 quod
1733 4642 1953 4704 dictum
1987 4651 2078 4706 est

428 4737 701 4810 aptarent
728 4729 999 4811 exemplo
1035 4748 1048 4792 :
1077 4738 1217 4811 puta
1244 4741 1305 4793 ut
1365 4731 1478 4793 hoc
1508 4730 1684 4792 modo
1714 4731 1981 4796 diceret:
2013 4732 2076 4796 Si

430 4818 563 4901 quis
592 4818 790 4881 audiat
813 4837 1177 4896 sermonem,
1228 4838 1340 4882 nec
1369 4839 1505 4881 eum
1537 4820 1707 4881 factis
1758 4820 2072 4901 exprimat,

429 4908 528 4971 hic
557 4907 770 4970 similis
803 4917 894 4970 est
925 4908 1047 4970 viro
1079 4909 1485 4972 consideranti
1543 4909 1752 4971 faciem
1810 4910 2077 4973 navitatis

430 5015 551 5060 suae
577 4996 639 5058 in
661 4996 1441 5078 speculo.Quemadmodum
1476 4999 1633 5059 enim
1667 4999 1766 5062 ille
1797 5000 2075 5063 conside-

432 5087 585 5151 ravit
614 5088 874 5169 seipsum
907 5096 965 5150 et
984 5088 1149 5164 abiit,
1183 5089 1495 5170 statimque
1521 5088 1736 5151 oblitus
1767 5099 1855 5152 est
1883 5091 2073 5172 qualis

435 5185 594 5240 esset
621 5197 635 5239 :
661 5176 740 5238 ita
762 5184 820 5238 et
849 5176 947 5238 hic
973 5178 1074 5258 qui
1106 5196 1211 5259 per
1247 5177 1398 5241 Mosi
1431 5178 1622 5256 legem
1674 5179 2074 5241 consideravit

432 5267 503 5329 ad
537 5266 679 5349 quid
707 5265 898 5329 factus
928 5274 1331 5348 esset,nempe
1351 5267 1507 5347 quod
1535 5268 1607 5329 ad
1624 5268 1868 5347 gloriam
1896 5269 2075 5332 Deiet

432 5355 509 5419 ad
537 5355 854 5435 imaginem
887 5354 990 5415 Dei
1007 5356 1293 5418 creatoris
1309 5356 1494 5418 factus
1524 5356 2074 5440 fuisset,postquam

434 5442 853 5519 consideravit,
884 5444 1031 5505 nihil
1063 5463 1268 5507 eorum
1318 5465 1450 5526 quas
1499 5445 1874 5508 considerata
1904 5459 2077 5511 erant

434 5531 600 5594 factis
634 5532 945 5612 expressit,
975 5534 1076 5595 sed
1100 5533 1225 5612 pari
1252 5535 1429 5595 modo
1460 5533 1615 5595 circa
1644 5535 2075 5598 consideratio-

436 5638 573 5683 nem
599 5619 919 5700 dispositus
940 5632 1027 5684 est
1056 5622 1209 5685 sicut
1243 5622 1426 5703 prius.
1452 5623 1583 5685 Non
1630 5640 1772 5702 ergo
1802 5640 2079 5687 sermone

2154 4554 2334 4632 χάριν.
2392 4573 2419 4611 ε
2471 4550 2560 4609 Ἐν
2603 4551 2832 4627 ἐσόπτῳ.
2898 4576 2925 4607 ι
2997 4553 3130 4609 Ἀπὸ
3182 4554 3277 4608 τοῦ
3316 4553 3566 4622 συνήθους
3622 4552 3808 4607 τούτω

2156 4642 2433 4721 ἐσόπτρου,
2509 4641 2594 4698 ἐπὶ
2677 4643 2738 4697 τὸ
2808 4644 2998 4709 νοητὸν
3058 4640 3305 4720 ἔσοπτριν
3361 4637 3645 4711 διαϐιϐάζει
3715 4643 3808 4695 τὸν

2156 4730 2345 4811 λόγον,
2378 4729 2542 4807 μηδὲν
2573 4730 2860 4809 ἐπενέγκας
2917 4732 3023 4787 τῶν
3092 4731 3164 4794 εἷς
3223 4728 3555 4810 παράδειγμα
3615 4728 3806 4809 ἀφορι-

2154 4823 2350 4893 ζόντων
2392 4821 2454 4879 τὰ
2515 4819 2814 4901 εἰρημένον,
2873 4825 2990 4878 οἷον
3034 4819 3126 4875 ’ἕνα
3169 4818 3301 4897 εἴπῃ
3357 4817 3522 4884 οὕτως
3562 4841 3576 4853 ·
3626 4817 3695 4876 Εἴ
3725 4840 3806 4883 τις

2156 4911 2422 4990 ἀκροατὴς
2464 4909 2624 4989 λόγου
2673 4912 2759 4966 καὶ
2817 4912 2876 4967 οῦ
2931 4909 3190 4983 ποιητὴς,
3246 4912 3398 4972 οὗτος
3442 4907 3610 4965 ἔοικεν
3664 4905 3809 4986 ἆνὸρι

2156 5006 2493 5056 κατανοοῦντι
2553 5001 2613 5056 τὸ
2662 4999 2943 5078 πρόσωπον
3013 5002 3111 5067 τῆς
3187 4997 3442 5076 γενέσεως
3509 5000 3666 5055 αὖτοῦ
3752 4997 3805 5053 ἐν

2155 5088 2415 5166 ἐσόπτρῳ.
2492 5078 2582 5152 Ὠς
2635 5089 2734 5167 γὰρ
2810 5087 3015 5152 ἐκεῖνος
3091 5087 3412 5153 κατενόησεν
3482 5086 3666 5142 ἑαυτὸν
3719 5087 3808 5140 καὶ

2156 5176 2470 5257 ἀπελήλυθε,
2529 5178 2618 5234 καὶ
2678 5175 2864 5242 εὐθέως
2923 5176 3205 5233 ἐπελάθετο
3261 5178 3449 5237 ὁποῖος
3491 5174 3558 5241 ἦν
3592 5189 3606 5205 ⁸
3669 5172 3806 5231 οὕτω

2155 5267 2241 5323 καὶ
2271 5269 2421 5330 οὗτος
2467 5268 2495 5322 ὁ
2538 5263 2622 5321 διὰ
2670 5274 2761 5324 τοῦ
2818 5266 3050 5328 Μωσέως
3108 5265 3272 5340 νόμου
3324 5263 3659 5332 κατανοήσας
3720 5263 3803 5336 τὸ,

2156 5355 2240 5413 διὰ
2268 5355 2318 5413 τί
2345 5355 2578 5434 γέγονεν,
2612 5354 2691 5411 ὅτι
2721 5356 2853 5431 πρὸς
2881 5352 3032 5420 δόξαν
3090 5361 3246 5434 Θεοῦ,
3292 5352 3380 5410 καὶ
3434 5353 3495 5408 τὸ
3551 5349 3669 5409 κατ’
3728 5353 3808 5407 εἷ-

2159 5446 2287 5502 κόνα
2327 5444 2568 5523 γενέσθαι
2616 5449 2709 5500 τοῦ
2750 5444 3108 5511 πεποιηκότος
3169 5450 3325 5526 Θεοῦ,
3384 5442 3519 5519 μετᾶ
3546 5443 3607 5497 τὸ
3650 5462 3812 5498 κατα-

2160 5540 2371 5605 νοῆσαι,
2485 5530 2631 5589 οῦδὲν
2741 5533 2847 5588 τῶν
2956 5531 3384 5600 κατανοηθέντων
3504 5529 3805 5607 εἰργάσατο,

2161 5622 2281 5679 ἀλλ’
2338 5623 2587 5685 ὡσαύτως
2644 5627 2719 5695 τῷ
2778 5621 2973 5701 πρώτῳ
3030 5622 3146 5701 περὶ
3216 5622 3315 5690 τὴν
3372 5617 3694 5685 κατανόησιν
3723 5616 3807 5675 δι-
