4180 6212
279 322 405 387 469
1214 324 1608 390 COMMENT.
1656 324 1739 386 IN
1787 321 2027 397 EPIST.
2074 322 2398 385 CATHOL.
2442 321 2720 386 JAGOBI.
3555 320 3671 387 470

279 458 455 527 ετέθη.
495 459 677 525 Οὕτως
706 461 794 518 οὖν
836 465 881 536 ᾧ
934 458 1080 539 λόγῳ
1135 460 1435 540 χρήσασθαι
1464 455 1602 531 δέον,
1636 458 1695 513 οὐ
1718 455 1929 536 κέχρη-

2022 470 2160 513 usus
2193 460 2285 513 est
2315 452 2610 532 quomodo
2632 449 2720 514 uti
2738 460 3060 533 oporteret.
3090 453 3153 515 Id
3178 460 3377 517 autem
3402 473 3519 516 non
3535 455 3671 517 fru-

281 569 395 610 ται.
440 558 607 609 Τοῦτο
638 547 694 605 δὲ
726 553 787 626 ρῤ
816 551 989 626 μάτην
1047 561 1197 606 ποιετ
1240 551 1268 604 6
1325 552 1416 604 τοῦ
1453 546 1637 626 Κ›ρίου
1697 544 1937 621 μαθητὴς

2023 548 2145 602 stra
2174 558 2243 601 ac
2274 547 2499 602 temere
2532 541 2671 603 facit
2705 541 2962 603 Jacobus
3020 541 3259 605 Domini
3309 542 3668 624 discipulus,

380 606 394 610 -
456 606 467 607 κ
525 606 539 609 -
738 606 777 608 ν.
816 606 828 626 ,
947 606 958 616 ,
1530 606 1541 626 ,
1697 606 1707 621 ,
1825 606 1836 611 -
1898 606 1929 610 ρ

287 635 569 718 Ἰάκωϐος,
644 606 783 695 ἀλλ”ἀ
837 639 1110 713 συντόμως
1194 635 1405 693 ἅπαντα
1475 634 1779 714 φθέγγεται,
1865 634 1937 694 ὡς

2023 630 2128 691 sed
2160 630 2362 691 omnia
2414 630 2673 692 breviter
2701 631 2980 711 loquitur,
3012 640 3286 712 tanquam
3347 606 3676 696 abbi'eviati

284 732 377 783 τοῦ
419 726 852 804 συντετμημὲνου
918 727 1163 802 μαθητὴς
1216 723 1400 803 λόγου,
1463 724 1552 780 καὶ
1610 722 1723 796 ἅμα
1777 721 1936 780 συνά-

2023 718 2192 781 verbi
2223 718 2568 800 discipulus,
2604 719 2900 800 simulque
2933 721 3260 783 auditorem
3294 721 3585 801 colligens
3606 740 3675 784 ac

283 837 397 893 γων
424 816 517 870 τὸν
569 816 861 895 ἀκροατὴν,
924 817 1012 872 καὶ
1058 815 1335 871 συντείνων
1392 815 1464 876 εἷς
1522 814 1581 868 τὸ
1633 811 1710 888 μὴ
1756 809 1944 889 παρέρ-

288 925 401 981 γως
430 894 649 960 τούτων
678 905 905 964 ἀκούειν.
966 927 994 959 α
1030 894 1088 961 Ὀ
1147 901 1201 958 δὲ
1255 902 1565 982 παρακύψας
1661 923 1682 953 ι
1747 898 1943 982 Σκόπει

287 979 371 1048 ὅτι
431 995 755 1071 Παρακόψας
812 994 988 1066 εἶπεν,
1036 991 1157 1049 ἀλλ’
1218 996 1311 1050 οὒκ
1334 979 1341 982 ’
1367 988 1647 1051 Εἰσελθὼν.
1687 1010 1710 1044 η
1759 979 1814 1045 Ὀ
1846 988 1945 1064 γὰρ

286 1084 645 1157 πνευματικὸς
719 1082 880 1158 νόμος
934 1083 994 1137 τὸ
1046 1083 1233 1162 ἐφετὸν
1292 1086 1570 1158 πανταχοῦ
1628 1078 1715 1132 καὶ
1769 1096 1944 1153 μεγα-

284 1169 439 1227 λεῖον
510 1170 682 1251 ἔχων,
740 1172 829 1227 καὶ
872 1168 966 1227 ἀπ’
1018 1173 1183 1237 αὐτῆς
1240 1173 1339 1235 τῆς
1398 1165 1654 1246 βραχείας
1697 1163 1941 1243 ἐντυχίας

285 1256 436 1315 οἶδεν
464 1258 772 1339 ἐφέλκεσθαί
813 1281 869 1315 τε
923 1260 1013 1315 καὶ
1058 1257 1413 1336 τελειοποεϊν,
1474 1257 1561 1312 καὶ
1611 1254 1704 1310 ἅτε
1761 1255 1821 1309 τὸ
1849 1251 1940 1309 τέ-

284 1347 431 1405 λειον
461 1347 606 1428 ’έχων
638 1350 725 1405 καὶ
770 1351 887 1427 περὶ
938 1350 1111 1405 πάντα
1158 1346 1462 1426 ἀνελλιπὲς,
1515 1346 1613 1413 τὴν
1666 1342 1942 1413 ἐνδοιάζειν

282 1438 407 1516 περί
455 1461 507 1495 τι
565 1442 669 1494 τῶν
739 1437 794 1493 ἐν
858 1439 1001 1511 αὒτῴ
1059 1434 1364 1501 ἀπαλλάξας
1410 1436 1501 1491 τὸν
1553 1433 1936 1512 ἐτυγχάνοντα,

285 1528 373 1581 καὶ
448 1525 768 1605 παραμένειν
845 1525 1065 1582 πέπεικε
1131 1538 1248 1589 τοῖς
1318 1522 1673 1599 τεθεαμένοις.
1766 1542 1786 1575 ι
1855 1521 1940 1581 Εἷς

285 1613 453 1689 νόμον
510 1614 732 1677 τέλειον,
800 1639 826 1670 n
906 1612 1126 1682 Ἐπειδὴ
1201 1612 1338 1691 μέγα
1392 1612 1639 1693 ἐφρόνουν
1697 1606 1941 1667 Ἰουδαῖοι

2027 808 2339 870 continens
2360 827 2433 869 ne
2456 808 2583 870 haec
2614 808 2803 870 otiose
2827 809 3083 871 audiret.
3123 835 3149 865 α
3182 810 3254 872 At
3281 811 3383 890 qui
3416 830 3675 892 prospe-

2026 895 2573 959 xerit.»Considera
2599 897 2754 978 quod
2784 898 3034 960 dixerit:
3064 898 3173 970 Qui
3192 900 3583 979 prospexerit,
3609 908 3670 962 et

2029 1002 2170 1057 non,
2203 983 2314 1056 Qui
2343 985 2647 1062 ingressus
2676 985 2873 1049 fuerit.
2913 984 3247 1067 Spiritui-lis
3278 1007 3536 1069 namque
3580 990 3678 1052 lex

2030 1072 2404 1152 magniﬁcum
2427 1074 2708 1154 quiddam
2731 1083 2789 1135 et
2810 1074 3028 1156 ubique
3052 1076 3445 1139 desiderabile
3468 1077 3667 1159 habet,

2029 1160 2184 1223 unde
2217 1162 2391 1223 etiam
2414 1183 2483 1223 ex
2508 1181 2682 1242 prava
2699 1163 2793 1226 sui
2810 1166 3182 1226 assecutione
3204 1166 3673 1229 novitattrahere

2025 1258 2083 1311 et
2113 1250 2439 1331 perfectum
2471 1251 2727 1315 reddere
2758 1275 2771 1311 :
2809 1272 3063 1334 cumque
3094 1255 3521 1334 perfectionem
3556 1256 3669 1317 ha—

2025 1338 2160 1400 beat
2190 1339 2324 1402 etin
2353 1339 2631 1402 omnibus
2651 1342 2887 1403 defectu
2911 1351 3271 1415 careat,eum
3303 1345 3404 1425 qui
3424 1363 3669 1407 assecu-

2028 1436 2118 1489 tus
2146 1429 2323 1505 est,in
2342 1429 2505 1491 nullo
2527 1430 2809 1510 relinquit
2827 1431 3005 1493 dubio
3028 1433 3183 1495 circa
3201 1433 3419 1514 aliquid
3435 1434 3591 1515 quod
3611 1436 3674 1496 iu

2024 1537 2094 1580 ea
2108 1515 2443 1581 continetur
2476 1537 2489 1581 :
2518 1527 2575 1580 et
2593 1519 2679 1581 eis
2701 1519 2801 1600 qui
2824 1520 2917 1582 vel
2938 1520 3323 1602 inspexerunt
3352 1524 3672 1604 persuadet

2023 1616 2089 1669 ut
2116 1608 2175 1668 in
2208 1627 2277 1669 ea
2307 1614 2718 1689 permaneant.
2756 1632 2779 1666 (ι
2815 1612 3026 1688 Legem
3062 1612 3403 1691 perfectam.
3445 1634 3465 1664 ι
3506 1612 3669 1685 Quo-

287 1702 343 1760 ἐν
400 1716 524 1765 ταῖς
571 1710 665 1761 τοῦ
722 1704 887 1780 νόμου
945 1704 1367 1783 παρατηρήσεσι,
1438 1703 1528 1758 καὶ
1583 1700 1795 1763 ταύταις
1879 1699 1937 1753 τό

2024 1697 2182 1758 niam
2217 1696 2612 1790 eﬂ‘erebantur
2639 1696 2827 1790 Judaei
2860 1706 3113 1790 propter
3125 1699 3271 1778 legis
3298 1699 3668 1764 observatio-

284 1799 393 1849 πᾶν
435 1797 535 1859 τῆς
577 1795 695 1871 περὶ
760 1796 890 1849 Θεὸν
942 1791 1203 1855 εὖσεϐείας
1260 1790 1542 1870 κατορθοῦν
1592 1788 1780 1864 ᾤοντο,
1852 1790 1939 1843 καὶ

288 1882 408 1960 περὶ
476 1881 667 1944 ταύτας
724 1881 1119 1962 ἀσχολούμενοι
1198 1881 1383 1956 μόνας,
1469 1880 1613 1936 αὐτοὶ
1697 1879 1793 1953 μὲν
1878 1879 1939 1933 τὸ

285 1969 493 2026 τέλειον
524 1970 733 2034 ἑαυτοῖς
792 1969 1262 2049 περιπεποιηκέναι
1318 1967 1635 2046 ἐλογίζοντο,
1710 1969 1840 2046 πρὸς
1885 1965 1939 2022 δὲ

287 2061 412 2122 τοὺς
484 2058 671 2123 ἄλλους
745 2059 1046 2138 ἀνθρώπους
1102 2058 1447 2138 ὑπερηφάνως
1517 2059 1604 2123 καὶ
1658 2056 1937 2113 ὀνειδιστι-

287 2154 401 2211 κῶς
441 2145 718 2221 διέκειντο,
750 2149 825 2213 ὡς
854 2146 1013 2217 δῆλον
1066 2147 1172 2203 ἀπὸ
1220 2157 1312 2205 τοῦ
1366 2145 1420 2201 ὲν
1476 2144 1780 2223 Εὖαγγελίῳ
1832 2168 1938 2224 φα-

290 2237 494 2316 ρισαίου
561 2238 648 2293 καὶ
733 2238 807 2291 ὦν
881 2239 1016 2293 κατά
1079 2243 1172 2293 τοῦ
1220 2234 1449 2292 τελώνου
1500 2232 1885 2300 ἀπηυθαὸίσατο
1920 2253 1934 2268 ’

286 2325 486 2392 ταύτην
543 2325 642 2392 τὴν
697 2323 878 2391 οἴησιν
934 2322 1306 2381 καταστέλλων
1354 2325 1382 2380 6
1431 2322 1686 2400 μακάριος
1745 2320 1938 2380 Ἰάκω-

287 2411 397 2479 ϐως
456 2414 522 2470 τά
574 2413 895 2493 προκείμενα
964 2435 1123 2489 φησι.
1204 2413 1461 2479 Μνησθεὶς
1541 2411 1640 2489 γὰρ
1715 2420 1942 2477 ποιητοῦ

2024 1805 2152 1866 nes,
2186 1795 2243 1848 et
2287 1787 2380 1848 his
2411 1804 2699 1847 summam
2735 1787 2968 1865 pietatis
2989 1787 3051 1848 in
3081 1787 3268 1851 Deum
3302 1807 3366 1851 se
3390 1798 3668 1869 praestare

2024 1877 2338 1954 putabant:
2361 1876 2575 1955 hisque
2608 1874 2751 1936 solis
2781 1884 3078 1952 vacantes,
3104 1876 3221 1939 sibi
3249 1878 3491 1958 quidem
3524 1898 3664 1959 per-

2021 1966 2337 2027 fectionem
2370 1964 2919 2043 vindicabant,erga
2948 1972 3193 2027 caeteros
3225 1986 3361 2028 vero
3395 1968 3674 2031 homines

2022 2054 2281 2134 superbo
2314 2052 2827 2133 etimproperioso
2859 2054 3055 2114 animo
3088 2056 3282 2119 aﬂ‘ecti
3302 2065 3470 2118 erant
3491 2080 3503 2116 :
3525 2058 3660 2120 45!

2024 2140 2521 2223 quemadmodum
2582 2140 2957 2204 manifestum
3008 2150 3096 2203 est
3131 2161 3199 2203 ex
3242 2145 3553 2227 pharisaao,
3588 2146 3665 2209 de

2023 2252 2139 2312 quo
2169 2232 2229 2292 in
2260 2230 2573 2307 Evangelia
2586 2231 2730 2304 13,et
2749 2230 2822 2291 ab
2844 2230 2939 2291 his
2967 2232 3067 2309 qui
3089 2231 3371 2293 adversus
3392 2234 3669 2297 Publica-

2023 2339 2164 2381 num
2188 2318 2609 2382 contumeiiosi
2632 2326 2798 2380 erant
2822 2320 3010 2382 :hunc
3034 2321 3304 2383 timorem
3328 2323 3668 2402 reprimens

2024 2408 2231 2472 beatus
2258 2408 2514 2473 Jacobus
2542 2407 2688 2470 dicit
2735 2425 2803 2469 ea
2840 2426 2970 2488 quae
3015 2419 3453 2490 proponuntur.
3490 2412 3672 2475 Facta

290 2505 465 2583 ἔργων
560 2505 649 2559 καὶ
731 2504 1024 2581 μακαρίσας
1099 2502 1276 2578 αὐτὸν,
1347 2504 1718 2579 ἐπανορθοῦται
1799 2501 1937 2563 εἰθὺς

2026 2516 2281 2580 namque
2296 2497 2595 2559 mentione
2612 2514 2854 2578 operum
2880 2499 3005 2578 ejus
3022 2498 3122 2579 qui
3139 2518 3479 2562 sermonem
3496 2501 3670 2565 factis

288 2594 377 2648 καὶ
419 2594 483 2649 τὸ
525 2592 579 2648 ἐν
609 2597 676 2669 τῇ
704 2593 916 2662 ποιήσει
958 2592 1102 2672 παρὰ
1151 2605 1266 2657 τοῖς
1325 2589 1550 2655 πολλοῖς
1591 2588 1937 2669 ἐπιφυόμενον

2025 2585 2431 2668 exprimit,ubi
2464 2604 2601 2648 eum
2625 2586 2859 2648 beatum
2895 2588 3461 2669 praedicavit,statim
3488 2592 3667 2654 etiam

287 2683 482 2755 κακὸν,
528 2684 616 2738 καί
658 2703 789 2761 φησι
824 2697 837 2711 ⁸
899 2682 990 2749 Μὴ
1046 2677 1410 2757 ὑπολάμϐανε,
1444 2681 1472 2735 6
1515 2678 1619 2735 ἀπὸ
1648 2679 1745 2744 τῆς
1776 2679 1937 2747 ποιή-

2027 2676 2267 2754 corrigit
2288 2676 2502 2737 malum
2528 2674 2684 2756 quod
2699 2675 2899 2736 multis
2921 2696 2989 2737 ex
3018 2677 3363 2757 operatione
3395 2680 3668 2743 adnasci-

287 2792 427 2834 σεως
497 2777 590 2827 τοῦ
660 2771 824 2846 νόμου
880 2769 1068 2850 λαχὼν
1125 2773 1187 2827 τὸ
1241 2769 1521 2848 μακάριον,
1581 2769 1655 2830 ὡς
1713 2766 1852 2843 μόνη
1907 2767 1937 2834 ἡ

2030 2775 2213 2839 tur,et
2234 2764 2426 2827 aitzNe
2440 2764 2738 2826 existimes
2754 2765 2910 2844 quod
2922 2784 2992 2827 ex
3009 2765 3287 2846 operibus
3300 2768 3447 2847 legis
3459 2770 3667 2832 sortia-

288 2861 505 2925 ποίησις
550 2858 667 2938 ἔχει
696 2858 789 2915 καῖ
834 2860 895 2915 τὸ
950 2857 1238 2916 ἀπόδεκτον
1289 2859 1429 2937 παρά
1474 2864 1609 2931 Θεῷ,
1669 2860 1741 2915 Οὔ
1796 2857 1895 2934 γάρ
1931 2876 1937 2885 ·

2024 2855 2107 2916 ris
2124 2853 2747 2934 beatitudinem,quasi
2765 2854 2889 2916 sola
2900 2856 3164 2935 operatio
3184 2855 3400 2919 habeat
3414 2858 3664 2922 utetiam

291 2947 407 3004 ἀλλ’
475 2950 682 3012 ἐκεῖνος
742 2949 771 3003 6
830 2948 965 3022 μετὰ
1020 2970 1110 3004 του
1167 2960 1365 3022 ποιεῖν,
1425 2946 1504 3022 μὴ
1531 2944 1937 3011 ἒξονειδιστικῶς

2026 2944 2182 3025 apud
2212 2943 2399 3005 Deum
2429 2942 2641 3004 reddat
2667 2943 3097 3024 acceptabilem
3125 2963 3138 3006 :
3178 2964 3551 3028 nequaquam
3585 2949 3667 3010 ita

291 3042 399 3093 τῶν
467 3034 647 3092 ἄλλων
718 3033 853 3112 μηδέ
925 3035 1342 3116 ἀφιλανθρώπως
1407 3036 1537 3113 πρὸς
1622 3035 1737 3098 τοὺς
1807 3036 1908 3109 ὁμο

2024 3022 2248 3114 est,sed
2298 3031 2401 3093 ille
2457 3030 2661 3093 beatus
2690 3040 2777 3093 est
2816 3022 2917 3113 qui
2947 3032 3124 3095 simul
3156 3042 3215 3095 et
3241 3022 3411 3108 facit,
3436 3044 3492 3098 et
3524 3056 3667 3117 erga

289 3138 470 3203 γενεϊς
528 3122 877 3201 διακείμενος.
950 3147 974 3180 a
1012 3126 1112 3183 Τὸν
1155 3129 1252 3192 τῆς
1311 3123 1622 3202 ἐλευθερίας.
1686 3146 1707 3178 ι
1764 3123 1937 3179 Εἰπὼν

2023 3130 2271 3184 caeteros
2294 3121 2383 3182 sui
2404 3120 2639 3200 generis
2669 3121 2941 3182 homines
2967 3140 3086 3183 non
3107 3124 3535 3187 contumelioso
3556 3145 3667 3189 nec

292 3213 473 3288 Νόμον
530 3211 758 3294 τέλειον,
831 3213 1113 3292 ἐπήνεγκε,
1161 3215 1262 3272 Τὸν
1305 3218 1404 3279 τῆς
1459 3210 1770 3294 ἐλευθερίας,
1841 3211 1937 3279 τὴν

2022 3211 2345 3272 inhumano
2373 3209 2573 3272 animo
2593 3210 2836 3273 affectus
2870 3210 3170 3283 est.¢Quae
3201 3221 3291 3274 est
3306 3213 3660 3278 libertatis.»

288 3301 580 3381 ἐλευθερίαν
635 3291 895 3378 ἐπίσημον
952 3307 1110 3362 αὐτοῦ
1167 3302 1507 3377 ποιούμενος.
1570 3291 1627 3358 Ὀ
1679 3302 1778 3379 γὰρ
1807 3301 1937 3356 κατὰ

2022 3297 2132 3361 Ubi
2164 3297 2408 3360 dixisset
2429 3297 2640 3375 Legem
2658 3298 3007 3377 perfectam,
3032 3298 3335 3377 subjunxit
3358 3320 3370 3364 :
3393 3303 3533 3375 Quae
3576 3311 3667 3365 est

292 3394 516 3471 Χριστὸν
548 3391 737 3467 νόμος,
783 3396 879 3459 τῆς
912 3393 1028 3471 περὶ
1086 3397 1190 3448 πᾶν
1245 3393 1307 3447 τὸ
1351 3390 1600 3470 σαρκικὸν
1630 3388 1935 3459 ἀπήλλάξας

2022 3388 2654 3469 libertatis,assignans
2675 3387 2805 3467 ejus
2826 3387 3311 3452 libertatem.Lex
3331 3391 3487 3453 enim
3501 3393 3667 3457 Chri-

288 3478 550 3553 δουλείας,
636 3477 1029 3556 σαϐϐατισμῶν,
1115 3482 1200 3536 καὶ
1280 3483 1598 3558 περιτομῆς,
1670 3478 1757 3559 καὶ
1839 3483 1935 3544 τῆς

291 3572 409 3648 περὶ
448 3570 572 3632 τοὺς
630 3568 820 3635 ἄλλους
874 3569 1161 3648 ἀγνισμοὺς
1230 3567 1493 3649 λατρείας,
1569 3567 1621 3624 ἐν
1679 3564 1937 3645 ἐλευθερίᾳ

289 3659 492 3714 τούτων
519 3659 608 3714 καὶ
635 3657 807 3715 ἀνέσει
865 3660 954 3714 τὸν
998 3657 1282 3738 προσιόντα
1340 3658 1637 3723 καθίστησι,
1702 3657 1799 3715 Καὶ
1853 3653 1937 3710 διὰ

285 3747 352 3804 τὸ
395 3745 703 3825 ἐλευθέριον,
762 3749 849 3803 καὶ
912 3748 974 3803 τὸ
1028 3747 1135 3803 ἀπὸ
1197 3752 1295 3814 τῆς
1339 3746 1627 3825 ἐλευθερίας
1674 3743 1793 3816 ἡδὺ,
1850 3750 1938 3803 καὶ

288 3837 638 3914 προσεκτικὸν
708 3836 983 3914 εἰργάσατο
1051 3845 1256 3910 τοῦτον,
1329 3834 1552 3902 καὶτῆς
1610 3830 1934 3908 λυμαινομέ-

289 3946 387 3991 νης
410 3924 579 3981 ἅπασι
620 3938 740 3987 τοῖς
794 3924 984 3988 καλοῖς
1032 3923 1333 3994 ἀπήλλαξεν
1386 3922 1773 3999 ἐπιλησμονῆς.
1836 3923 1933 3979 Οὔ·

288 4010 375 4069 δὲν
418 4013 519 4092 γὰρ
561 4012 699 4070 οὕτω
756 4013 1094 4094 περιέχεσθαί
1134 4035 1274 4076 τινος
1332 4012 1517 4091 πείθει,
1576 4013 1648 4076 ὡς
1704 4013 1764 4067 τὸ
1819 4011 1936 4089 περὶ

288 4102 350 4158 τὸ
405 4108 625 4181 πρᾶγμα
676 4102 1084 4181 ἐνθεωρούμενον
1155 4100 1337 4161 ἅνετόν
1398 4123 1454 4157 τε
1495 4102 1582 4157 καὶ
1625 4098 1932 4179 ἐλευθέριον,

285 4190 508 4267 Προσέτι
536 4191 624 4247 καὶ
653 4192 911 4271 μακάριον
940 4190 1177 4272 ἀπέφηνε
1207 4192 1295 4248 τὸν
1329 4196 1592 4253 τοιοῦτον,
1654 4205 1683 4247 (
1716 4189 1935 4266 Ἀκροα·

287 4279 388 4346 τὴς
442 4277 833 4355 ἐπιλησμονῆς.
893 4302 915 4336 ι
991 4285 1069 4358 Τῇ
1124 4280 1368 4359 ἀκροασει
1416 4278 1616 4354 συνῆψε
1659 4278 1758 4346 τὴν
1814 4281 1935 4333 ἐπι-

2018 3478 2095 3539 sti
2123 3497 2157 3539 a
2184 3480 2465 3540 servitute
2514 3477 2770 3540 liberans
2814 3479 3082 3540 omnium
3132 3481 3487 3562 carnalium,
3524 3490 3665 3563 puta

2020 3564 2408 3629 Sabbatorum
2428 3566 2485 3628 ei
2507 3566 2976 3632 circumcisionis
3000 3586 3068 3630 ac
3090 3570 3279 3630 cultus
3307 3569 3463 3632 circa
3484 3579 3668 3634 caete-

2019 3673 2114 3716 ras
2142 3654 2961 3736 puriﬁcationesﬁnlibertate
2981 3665 3037 3719 et
3059 3658 3265 3737 requie
3287 3657 3362 3719 ab
3385 3659 3478 3721 his
3496 3679 3667 3723 cons-

2020 3744 2075 3805 ti'
2093 3746 2175 3806 uit
2197 3743 2673 3806 accedentemzet
2701 3753 2941 3825 propter
2962 3745 3295 3808 libertatem
3318 3766 3386 3810 ac
3418 3749 3671 3811 suavita-

2021 3840 2135 3896 tem
2174 3851 2351 3914 quzea
2374 3833 2644 3895 libertate
2671 3834 3138 3913 procedit,etiam
3186 3836 3343 3899 hunc
3370 3844 3656 3899 attentum

2017 3924 2243 4000 reddit,
2269 3923 2600 4005 liberatque
2631 3923 2929 3988 oblivione
2952 3944 3080 4005 qua:
3113 3925 3269 3987 bona
3300 3928 3499 3989 omnia
3524 3946 3666 3990 cor-

2016 4012 2425 4093 rumpit.Nibil
2454 4013 2610 4075 enim
2643 4015 2789 4076 adeo
2820 4015 3134 4095 persuadet
3162 4016 3471 4078 adhaerere
3492 4016 3671 4079 alicui

2020 4101 2173 4164 sicut
2201 4102 2516 4178 illud,nem
2529 4122 2597 4183 pe
2615 4105 2770 4184 quod
2801 4104 3386 4185 requiemanegotiis
3409 4114 3465 4168 et
3484 4106 3671 4169 liber-

2021 4199 2194 4252 tatem
2228 4191 2370 4253 dare
2402 4192 3046 4274 conspicitur.lnsuper
3075 4195 3233 4255 hunc
3264 4213 3495 4276 quoque
3519 4195 3666 4259 bea-

2023 4286 2144 4340 tum
2166 4280 2610 4342 demonstravit.
2639 4281 2921 4344 (Auditor
2952 4282 3336 4346 obliviosusa
3365 4285 3669 4348 Auditioni

286 4366 591 4448 λησμονὴν,
647 4370 722 4433 ὡς
791 4371 835 4425 εί
893 4367 1034 4425 ἐνδεῖ
1087 4373 1185 4435 τῆς
1240 4369 1513 4437 ποιήσεως
1568 4368 1603 4435 ἡ
1662 4366 1909 4444 ἀκρόασις
1921 4420 1935 4445 ,

2023 4368 2335 4449 conjunxit
2360 4368 2914 4451 oblivionem,quod
2946 4371 3231 4432 auditioni
3262 4392 3410 4451 opus
3425 4372 3501 4433 sit
3520 4392 3671 4454 ope-

287 4455 436 4512 οὗδέν
499 4463 718 4537 πρᾶγμα
775 4458 852 4534 μὴ
908 4459 996 4513 καὶ
1055 4456 1154 4523 τὴν
1210 4454 1574 4531 ἐπιλησμονὴν
1642 4453 1936 4512 ἐπακολου-

288 4548 474 4625 θῆσαι,
533 4547 608 4611 ὡς
638 4546 774 4604 κατὰ
816 4547 1077 4623 πάρεργον
1121 4543 1218 4601 οὒκ
1244 4543 1466 4623 ἐνεργῶς
1511 4545 1608 4611 τὴν
1637 4544 1938 4623 ἀκροάσεως

288 4634 582 4713 γενομένης
592 4683 606 4698 ,

372 4745 400 4777 α
450 4720 517 4778 Εἴ
560 4744 639 4787 τις
697 4721 848 4781 δοκεῖ
901 4727 1130 4804 θρῆσκος
1174 4723 1315 4780 εἶναι
1369 4721 1422 4778 ἐν
1471 4722 1735 4799 ὑμῖν,’μὴ
1766 4721 1934 4802 χαλι-

281 4817 537 4889 ναγωγῶν
610 4810 858 4890 γλῶσσαν
940 4816 1118 4893 αὒτοῦ,
1206 4811 1342 4869 ἀλλὰ
1426 4812 1643 4869 ἀπατῶν
1722 4810 1936 4891 καρδίαν

283 4900 468 4972 αὐτοῦ,
554 4900 742 4956 τούτου
843 4902 1068 4977 μάταιος
1165 4904 1200 4970 ἡ
1300 4901 1569 4979 θρησκεία.
1674 4901 1935 4978 Θρησκεία

282 4988 485 5065 καθαρά
553 4990 641 5045 καὶ
708 4989 961 5065 ἀμίαντος
1016 4993 1158 5071 παρὰ
1249 4991 1325 5065 τῷ
1396 4996 1511 5065 Θεῷ
1586 4990 1673 5045 καὶ
1744 4990 1925 5067 Πατρὶ,

280 5075 417 5145 αὕτη
504 5076 666 5153 ἐστὶν,

279 5165 334 5223 ἐν
419 5172 487 5243 τῇ
573 5166 747 5242 θλίψει
829 5172 999 5228 αὖτῶν
1035 5186 1048 5199 ⁶

276 5254 386 5310 ἀπὸ
430 5263 522 5312 τοῦ
554 5255 778 5332 κόσμου.
818 5281 841 5315 ι

367 5334 429 5401 Ἠ
472 5344 746 5425 θρησκεία,
793 5345 976 5422 πλέον,
1036 5370 1085 5404 τι
1143 5345 1291 5404 δοκεῖ
1346 5351 1444 5413 τῆς
1487 5345 1712 5408 πίστεως
1757 5344 1925 5425 ἔχειν,

285 5434 522 5514 Κρυςρίων
570 5434 668 5511 γάρ
710 5441 866 5492 τινῶν
927 5436 1125 5514 γνώσιν
1178 5438 1240 5492 τὸ
1298 5434 1464 5511 ὄνομα
1519 5433 1926 5512 ἐπαγγέλλεται,

362 5594 419 5644 1³
446 5592 587 5657 Luc.
624 5610 793 5669 xvui,
831 5595 930 5658 10.

2020 4458 2269 4531 ratione,
2304 4457 2533 4519 nullum
2568 4467 2762 4519 autem
2796 4477 2942 4539 opus
2973 4458 3331 4519 oblivionem
3361 4470 3665 4541 sequatur:

2021 4547 2189 4627 quasi
2217 4546 2520 4627 superﬂua
2551 4548 2628 4610 sit
2658 4547 2878 4608 auditio
2927 4565 3057 4627 quae
3089 4549 3291 4628 cperis
3343 4550 3665 4613 efﬁcaciam

2021 4635 2218 4698 habet.

2102 4724 2147 4799 Ι,
2180 4726 2400 4788 26-27.
2436 4727 2505 4787 Si
2544 4725 2685 4806 quis
2726 4725 2968 4787 videtur
2998 4724 3313 4805 religiosus
3342 4741 3470 4788 esse
3496 4728 3665 4790 inter

2020 4831 2122 4877 vos
2153 4818 2256 4895 qui
2298 4834 2414 4878 non
2461 4814 2671 4895 frenat
2706 4814 2978 4895 linguam
3028 4815 3332 4892 suam,sed
3368 4814 3529 4893 fallit
3558 4834 3669 4881 cor

2020 4920 2217 4979 suum,
2251 4906 2427 4980 huius
2458 4922 2619 4966 vana
2638 4912 2723 4966 est
2752 4904 2992 4983 religio.
3027 4901 3258 4983 Religio
3274 4920 3436 4983 pura
3458 4912 3517 4967 et
3542 4907 3664 4968 im-

2021 4994 2325 5054 maculata
2359 4994 2521 5071 apud
2554 4993 2750 5054 Deum
2780 5001 2832 5054 et
2856 4992 3098 5054 Patrem
3133 4993 3261 5053 haec
3282 5001 3385 5066 est,
3411 4996 3666 5060 visitare

765 5078 1168 5137 ἐπισκέπτεσθαι
1251 5080 1505 5159 ὀρφανοὺς
1590 5080 1675 5133 καὶ
1752 5080 1926 5157 χήρας

2022 5079 2273 5161 Dupillos
2287 5099 2357 5143 ac
2373 5081 2586 5143 viduas
2605 5083 2669 5143 in
2704 5079 3039 5161 afﬂictione
3065 5082 3662 5161 ipsarum:immacu-

1163 5166 1385 5226 ἄσπιλον
1480 5166 1662 5222 ἐαυτὸν
1744 5180 1929 5245 τηρεῖν

2022 5169 2203 5231 latum
2230 5187 2475 5232 servare
2493 5173 2754 5251 seipsum
2783 5188 2819 5231 α
2846 5170 3088 5232 mundo.

2096 5348 2357 5425 Θρησκεία
2402 5345 2607 5427 religio
2655 5347 2788 5427 plus
2837 5345 3116 5427 quiddam
3162 5347 3382 5413 habere
3430 5352 3662 5416 videtur

2016 5453 2191 5514 quam
2207 5434 2375 5496 ﬁdes.
2402 5435 2801 5509 Quorumdam
2822 5436 2982 5500 enim
3000 5436 3363 5502 occultorum
3378 5442 3663 5523 cognitio-
