4180 6212
454 328 581 422 4'71E
1588 352 2001 433 (EGUMENII
2039 362 2332 429 TRICCE
2376 369 2710 433 EPISCOPI
3704 369 3827 435 472

449 494 588 586 ne‘m
617 486 912 586 promittit
941 492 1141 586 ipsum
1192 490 1432 586 nomen,
1468 505 1525 559 et
1579 517 1782 561 eorum
1819 518 1950 581 qua)
1980 498 2092 560 ﬁde

2176 504 2262 558 καὶ
2324 499 2646 578 βεϐαιότητα
2714 512 2821 561 τῶν
2869 506 3005 562 κατά
3068 507 3168 575 τὴν
3223 509 3394 565 πίστιν
3473 504 3824 586 ἐνθεωρουμέσ

452 578 905 677 conspiciuntur
935 582 1467 677 ﬁrmitatemqldeo
1496 587 1608 677 hac
1630 588 1807 677 etiam
1837 578 2092 652 dictione

2179 611 2306 652 νων.
2357 591 2454 648 Διά
2494 615 2578 650 τοι
2633 599 2790 651 τοῦτο
2832 595 2921 651 καὶ
2958 617 3043 651 νυν
3089 597 3117 652 6
3175 596 3433 675 μακάριος
3477 578 3828 670 Ἰάκωδοξτῇ

451 667 596 732 usus
627 678 714 764 est
745 667 950 731 beatus
976 668 1259 748 JacObus,
1285 674 1531 738 dicens:
1565 675 1898 756 Religio,ac
1929 677 1979 739 si
2000 676 2092 740 di-

2180 677 2313 744 λέξει
2396 682 2563 759 ταύτῃ
2632 684 2925 763 ὲχρήσατο,
3003 667 3241 763 Θρῆσκος
3323 667 3508 760 εἰπὼν,
3603 667 3829 764 ὡσπερεὶ

450 756 1042 852 χίεεοῑιϐοεηοεοθνε
1064 768 1124 822 te
1154 762 1459 825 existimas
1483 774 1541 826 et
1562 775 1762 827 exacte
1784 765 2092 829 observare

2180 767 2349 849 ἔλεγε,
2378 756 2627 839 Γνώστην
2664 756 2867 830 ’έαυτὸν
2910 756 3056 830 οἴει,
3086 780 3190 831 τῶν
3249 772 3304 829 ἐν
3361 779 3438 848 τῷ
3465 756 3612 850 νδμῳ
3663 756 3828 852 ἀποῤ-

454 850 670 943 arcana
699 866 830 930 qua;
860 857 997 943 sunt
1026 847 1087 910 in
1118 850 1582 943 lege.Quomodo
1614 855 1726 917 hoc
1750 856 1880 918 ﬁeri
1909 863 2092 937 potest

2179 847 2353 935 ῥήτων
2395 862 2481 916 καὶ
2510 857 2701 940 ἀκριϐῆ
2758 860 2985 941 φύλακα.
3047 868 3168 926 Πῶς
3202 881 3220 943 ς
3281 851 3456 942 υΟσγε
3499 847 3598 931 την
3641 847 3824 943 γλῶσ-

452 936 1120 1030 cumlinguamfrenare
1144 940 1774 1016 nescias,detrahendo
1806 936 2092 1025 proximo:

2181 968 2278 1003 σαν
2333 950 2412 1024 μὴ
2459 936 2807 1026 ἐπιστάμενος
2861 936 3290 1030 χαλιναγωγετῐν,
3347 936 3666 1017 καταλαλεϊς
3734 954 3828 1009 τοῦ

453 1025 996 1118 et_fastuose_vitam
1028 1026 1274 1107 degens,
1301 1030 1521 1093 nullius
1542 1033 1713 1113 egeni
1734 1034 2092 1095 miserearis:

2180 1035 2428 1112 πλησίον,
2463 1039 2550 1094 καὶ
2590 1025 2956 1118 ὑπεροπτικῶς
2998 1025 3230 1104 δια-ϐιοὺς
3273 1025 3468 1099 ὀὐδένα
3520 1046 3626 1099 τῶν
3682 1041 3825 1098 ἀπο-

449 1112 777 1207 μευ-(ιω
810 1114 904 1176 lex
930 1134 1124 1197 neque
1187 1118 1600 1182 detrahentem
1658 1122 1905 1204 recipiat
1931 1124 2000 1200 14,
2043 1131 2092 1185 el

2181 1126 2407 1204 ροῦντων
2464 1112 2755 1207 οἰκτείρείς,
2822 1135 2914 1184 τοῦ
2984 1130 3146 1205 νόμου
3232 1131 3368 1205 μήτε
3430 1130 3521 1187 τὸν
3579 1129 3821 1187 καταλα-

449 1202 829 1300 inimico-rum
852 1223 1097 1300 quoque
1128 1207 1402 1270 misereri
1414 1209 1719 1291 jubeat,ac
1748 1202 1988 1275 inimica
2004 1231 2092 1274 oc-

2180 1202 2369 1272 λοῦνται
2410 1202 2781 1296 προσιεμένου,
2838 1215 2975 1280 ἀλλὰ
3042 1202 3132 1274 καὶ
3182 1202 3304 1284 τοὺς
3361 1219 3583 1300 ἐχθροὺς
3639 1220 3821 1276 οἰκτεί-

452 1300 663 1374 cupato
688 1292 749 1353 in
780 1292 1140 1357 sublevando
1172 1315 1278 1358 suo
1301 1299 1576 1378 jumeuto
1600 1301 1757 1381 quod
1784 1300 1893 1363 sub
1918 1321 2092 1365 onere

2181 1325 2289 1382 ρειν
2330 1292 2665 1380 καλεύοντος,
2726 1306 2814 1363 καὶ
2865 1314 2941 1381 τῷ
2983 1307 3111 1387 ὑπὲρ
3152 1309 3242 1364 τὸν
3306 1292 3474 1383 νόμδν
3519 1310 3580 1365 τὸ
3641 1308 3826 1366 ἑαυτοῦ

451 1384 696 1476 cecidit,
713 1385 1011 1476 jubeat_ut
1039 1386 1119 1476 sis
1150 1389 1368 1451 auxilio
1396 1389 1480 1450 45‘!
1512 1389 1573 1453 Si
1601 1410 1739 1471 ergo
1783 1392 2092 1471 religiosus

2181 1398 2376 1459 κτῆνος
2434 1392 2785 1470 ἐμπεπτωκὸς
2831 1392 3013 1476 ἔχοντι
3069 1384 3594 1471 καταλαμϐανομένῳ
3649 1394 3827 1475 ἐχθρῷ

451 1492 586 1566 esse
606 1474 799 1566 vis,ne
821 1482 877 1536 te
900 1463 971 1536 ei;
991 1474 1141 1555 legis
1167 1479 1507 1558 cognitione
1535 1463 1877 1560 religiosum
1901 1463 2092 1544 osten-

2180 1483 2677 1559 συναντιλαμϐάνειν
2718 1486 2890 1559 τούτῳ
2936 1487 3273 1549 καλεῦοντος.
3338 1484 3506 1566 Εἴπερ
3557 1488 3645 1543 οὖν
3685 1490 3828 1565 θρῆ-

448 1561 688 1655 da_s,sed
720 1581 793 1624 ex
825 1564 1191 1655 operatione,
1224 1566 1283 1629 id
1313 1577 1509 1630 autem
1534 1570 1875 1631 miserendo
1903 1571 2092 1650 proxi-

2181 1595 2305 1637 σκος
2338 1574 2480 1630 εἶναι
2523 1573 2724 1653 βούλει,
2757 1574 2834 1650 μὴ
2880 1575 2933 1631 ἐν
2989 1582 3057 1652 τῇ
3113 1576 3304 1655 γνώσει
3359 1582 3451 1632 τοῦ
3479 1561 3668 1652 ’νόμου
3698 1561 3826 1632 ἔπι-

449 1651 567 1715 mi:
598 1670 737 1742 nam
767 1642 1188 1717 misericordia
1213 1674 1351 1735 erga
1401 1657 1731 1737 proximum
1765 1642 2092 1722 similitudo

2178 1659 2441 1718 δείκνυσον
2492 1664 2582 1719 τὸν
2639 1667 2889 1742 θρῆσκον,
2961 1661 3081 1719 ἀλλ’
3138 1663 3192 1719 ἐν
3241 1670 3311 1741 τῇ
3367 1665 3602 1735 ποιήσει.
3661 1671 3828 1723 Τοῦτο

448 1740 713 1839 quaedam
741 1748 836 1839 est
864 1742 937 1804 ad
969 1742 1178 1839 Deum.
1211 1744 1307 1806 Ait
1339 1745 1497 1807 enim
1534 1766 1608 1839 :A«
1642 1746 1841 1839 Estote
1866 1746 2092 1839 miseri-

2177 1750 2232 1808 δέ
2273 1752 2387 1807 ἐστι
2435 1754 2493 1808 τὸ
2548 1740 2678 1817 τοὺς.
2713 1752 2960 1826 πλησίον,
3023 1740 3319 1832 οἰκτείρειν.
3385 1744 3442 1811 Ὀ
3498 1754 3598 1832 γὰρ
3629 1755 3701 1819 εἷς
3731 1756 3825 1811 τὸν

445 1830 658 1891 cordes
705 1829 862 1893 sicut
906 1839 966 1892 et
1015 1833 1189 1894 Pater
1219 1841 1413 1895 vester
1464 1835 1723 1897 caelestis
1752 1834 2092 1898 misericors

2176 1840 2400 1908 πλησίον
2449 1844 2715 1921 οἱκτιρμὸς
2765 1841 3085 1922 ἀφομοίωσίς
3158 1829 3270 1899 ἔστι
3328 1844 3461 1922 πρὸς
3666 1845 3823 1907 Θεόν,

442 1918 742 1983 θει¹6.8ε(ἰ
764 1929 822 1983 et
843 1919 1254 2011 misericordia
1267 1941 1385 1985 non
1401 1923 1478 1987 sit
1498 1944 1632 1985 cum
1660 1932 1934 2005 respectu
1956 1944 2092 2006 per—

2182 1954 2210 1985 α
2284 1932 2491 1986 Γίνεσθε
2550 1918 2671 2011 γάρ,
2758 1918 2938 2010 φησὶν,
3018 1918 3382 2010 οἰκτίρμονες,
3419 1932 3590 1996 καθὼς
3660 1934 3745 1989 καὶ
3793 1936 3824 1989 6

440 2024 720 2098 sonarum
754 2025 768 2070 :
803 2008 1145 2098 quianeque
1165 2010 1320 2073 Deus
1346 2031 1454 2074 sua
1476 2011 1769 2075 beneﬁcia
1797 2013 1937 2073 facit
1956 2013 2092 2075 huic

2176 2020 2359 2098 Πατὴρ
2416 2008 2571 2093 ὑμῶν
2622 2008 2665 2075 V6
2718 2008 2954 2097 οὗράνιος
3011 2008 3292 2098 οἰκτίρμων
3356 2020 3486 2077 ἐστί.
3547 2044 3574 2076 ιι
3656 2018 3824 2078 Ἀλλά

440 2096 532 2188 vel
548 2096 636 2188 illi
657 2095 1208 2188 distribuendo,sed
1224 2100 1451 2162 nullum
1469 2100 1865 2163 discernenda
1886 2120 2092 2163 omnes

2176 2109 2262 2163 καὶ
2319 2095 2347 2163 ὃ
2392 2108 2656 2187 οἶκτιρμὸς
2723 2095 2802 2182 μη
2860 2107 2914 2163 ἐν
2966 2095 3390 2188 προσωποληψίᾳ
3446 2108 3602 2168 ἔστω.
3673 2111 3823 2167 Ἐπεὶ

441 2184 736 2276 beneﬁcio
792 2186 1062 2264 afﬁcit”,
1086 2189 1296 2251 divites
1342 2209 1412 2253 ac
1457 2210 1772 2272 pauperes,
1809 2189 1994 2252 malos
2024 2209 2092 2252 ac

2176 2194 2311 2272 μηδὲ
2367 2196 2394 2252 6
2455 2184 2585 2258 Θεδς
2642 2184 3139 2276 ἀπομεμερισμένας
3192 2198 3283 2263 τὰς
3314 2184 3317 2185 ν
3348 2199 3531 2258 ἑαυτοῦ
3586 2213 3821 2256 ποιεῖται

440 2272 929 2364 bonos.Frenans
957 2285 1175 2359 autem,
1212 2280 1326 2342 hoc
1349 2280 1849 2355 est,coliibens,et
1877 2298 1996 2340 non
2023 2298 2092 2341 ex

2176 2286 2494 2364 εὐεργεσίας,
2569 2284 2705 2341 ἀλλὰ
2788 2272 3150 2351 ἀδιαστᾶκτως
3234 2287 3456 2363 πάντας,
3543 2286 3820 2354 πλουσίους

437 2363 783 2443 arrogantia
813 2365 981 2454 quasi
1032 2366 1225 2446 legem
1257 2367 1430 2430 factis
1461 2369 1843 2449 exprimeret,
1881 2368 2092 2431 fallens

2176 2363 2268 2430 mi
2313 2372 2570 2453 πένητας,
2641 2375 2905 2453 πονηροὺς
2963 2375 3050 2430 καὶ
3125 2375 3350 2453 ἀγαθοὺς
3408 2379 3695 2454 εὖεργετεϊ.
3745 2378 3819 2435 Τὸ

441 2469 608 2514 suam
631 2453 1220 2517 conscientiamznam
1246 2457 1358 2518 hoc
1379 2456 2086 2537 signiﬁcatcor,sicutibi:

2176 2460 2253 2536 δὲ,
2299 2462 2714 2543 χαλιναγωγῶν,
2774 2465 2928 2520 οἱονεὶ
2971 2464 3284 2545 κατάγχων,
3336 2465 3422 2520 καὶ
3596 2464 3650 2530 εξ
3706 2467 3820 2535 οἰή-

451 2543 600 2605 aCor
618 2543 937 2606 contritum
968 2555 1025 2607 et
1056 2546 1432 2608 humiliatum
1479 2567 1594 2608 non
1626 2546 1923 2627 despicies
1947 2544 2021 2609 ‘3.
2057 2567 2084 2605 ι

2176 2571 2309 2614 σεως
2379 2552 2452 2613 ὡς
2521 2553 2753 2619 ποιητὴς
2834 2553 2997 2628 νόμου
3080 2543 3298 2610 ἀπατῶν
3354 2554 3453 2621 τὴὸ
3526 2552 3821 2620 συνείδησιν

441 2664 524 2675 -
558 2629 821 2721 «Religio
852 2633 1355 2721 pura.»Fortassis
1384 2634 1545 2699 dicet
1577 2635 1792 2716 aliquis
1821 2653 1834 2696 ε
1871 2633 1932 2697 Si
1964 2643 2085 2696 tes-

2176 2639 2353 2699 αὐτοῦ.
2386 2645 2550 2698 Τοῦτο
2602 2642 2700 2719 γὰρ
2747 2642 2781 2709 ἡ
2839 2638 3021 2721 καρδία
3065 2640 3308 2719 βούλεται
3364 2642 3658 2718 σημαίνειν.
3727 2634 3819 2706 Ὠς

447 2719 701 2810 tumenti
720 2720 878 2801 quod
907 2721 1109 2810 statuit
1140 2722 1411 2785 Christus
1435 2724 1643 2786 doctor
1691 2732 1781 2786 est
1812 2723 2084 2797 Iacobus,

2176 2726 2227 2782 ἒν
2276 2734 2375 2807 τῷ,
2457 2751 2484 2783 α
2545 2729 2766 2808 Καρδίαν
2851 2719 3296 2810 συντετριμμένην
3367 2732 3456 2787 καὶ
3504 2753 3820 2789 τεταπεινω-

446 2807 887 2901 quomodonon
916 2808 1161 2901 abrogat
1181 2831 1340 2874 nunc
1357 2832 1490 2894 quae
1519 2813 1666 2893 legis
1692 2812 1963 2887 sunt,sed
1989 2829 2091 2893 po-

2176 2817 2361 2893 μένην,
2398 2840 2426 2873 ››
2459 2853 2539 2865 --—
2574 2841 2601 2873 ιι
2631 2820 2892 2897 Θρησκεία
2934 2807 3161 2901 καθαρά.
3199 2843 3227 2876 ιο
3267 2809 3433 2886 ἸΙσως
3462 2819 3572 2900 ἐρεῖ
3598 2843 3676 2886 τις
3704 2840 3716 2853 ·
3756 2823 3815 2879 Εἰ

443 2896 560 2958 tius
592 2896 1181 2981 extollit,suscipiens
1212 2920 1316 2963 eos
1340 2902 1441 2983 qui
1470 2901 1531 2963 in
1558 2903 1689 2983 ejus
1720 2901 2092 2964 observantia

2176 2906 2269 2974 τῆς
2326 2907 2461 2962 κατὰ
2522 2896 2746 2985 Χριστὸν
2790 2896 3399 2978 81¢01§Xﬂ¢3t8d0¥110¢
3461 2896 3499 2965 δ’
3542 2906 3814 2973 Ἰάκωϐος,

443 2996 897 3077 versanturmec
924 2989 1033 3050 hos
1061 2990 1512 3071 reprehendens
1544 2999 1645 3053 aut
1691 2990 1990 3071 repellens
2019 2988 2092 3050 ab

2176 3001 2289 3060 πῶς
2321 3004 2407 3055 νῦν
2451 2996 2571 3076 οὐχὶ
2613 3011 2871 3075 καταργεϊ
2909 2997 2975 3053 τὰ
3025 3007 3118 3056 τοῦ
3175 2996 3359 3077 νόμου,
3420 2995 3555 3054 ἀλλά
3614 2996 3818 3074 μᾶλλον

446 3074 863 3167 observatione
887 3077 1038 3157 legis
1063 3085 1090 3141 ?
1119 3067 1205 3141 Ad
1233 3079 1391 3160 quod
1423 3079 1569 3141 illud
1619 3067 1896 3160 dicimus,
1929 3077 2088 3160 quod

2176 3083 2383 3164 ἐξαίρει,
2442 3067 2564 3148 τοῦς
2621 3085 2676 3141 ἐν
2870 3086 3052 3142 τούτου
3107 3067 3357 3167 θρησκεία
3399 3067 3814 3166 ἀποδεχδμενος,

443 3183 552 3248 per
581 3164 824 3228 modum
850 3166 1271 3232 introducendi
1322 3169 1516 3250 potius
1566 3188 1724 3230 nunc
1778 3187 1910 3230 cum
1942 3168 2089 3248 ipsis

2176 3174 2365 3248 καὶμὴ
2411 3174 2670 3251 ἐπιτιμῶν
2715 3176 2917 3238 τούτοις
2960 3176 3048 3231 καὶ
3104 3164 3201 3243 τῆς
3259 3185 3352 3234 τοῦ
3408 3176 3570 3251 νόμου
3628 3175 3821 3231 ἀπανι-

445 3253 712 3329 disserit,
757 3262 814 3317 et
860 3255 1125 3321 demittit
1153 3276 1219 3320 so
1247 3258 1321 3320 ad
1354 3276 1560 3319 eorum
1590 3257 2082 3333 imbecillitatem,

442 3361 520 3406 ne
545 3351 630 3406 sta
641 3343 741 3405 tim
765 3344 837 3406 ab
859 3345 1101 3407 exordio
1134 3347 1329 3429 legem
1354 3347 1834 3421 evertens,faciat
1864 3365 1969 3408 eos
1985 3365 2086 3408 re-

446 3432 1162 3508 troredere,fastidientes
1192 3435 1267 3498 ob
1290 3436 1635 3517 dogmatum
1671 3435 2012 3516 novitatem,
2034 3442 2091 3496 et

444 3521 1877 3588 adincredulitatemdeclinantes.Convenientius
1891 3532 2090 3586 autem

439 3629 571 3674 rem
602 3619 884 3687 tractans,
914 3620 972 3675 et
993 3633 1057 3676 se
1077 3613 1399 3676 demittens
1425 3614 1498 3676 ad
1525 3614 1740 3694 legem,
1761 3633 1875 3694 quo
1897 3612 1966 3675 ad
1993 3611 2094 3674 illa

440 3699 751 3782 inquibus
773 3720 921 3764 novo
951 3710 1302 3766 testamento
1315 3722 1431 3765 non
1444 3703 1728 3765 afferebat
1761 3720 2091 3765 nocumen-

440 3796 567 3851 tum
598 3789 720 3851 suis
750 3791 1266 3869 superstitionibus
1279 3793 1409 3875 (qui
1431 3792 1588 3853 enim
1610 3802 1784 3856 nocet
1806 3791 1946 3854 ﬁdei
1965 3808 2095 3871 quae

442 3876 507 3939 in
530 3877 828 3940 Christum
858 3888 970 3953 est,
1002 3880 1340 3944 observatio
1385 3882 1764 3943 sabbatorum
1804 3887 1908 3943 aut
1927 3881 2091 3960 jeju-

445 3967 611 4029 nium
625 3967 1095 4043 autabstinentia
1111 3989 1143 4031 a
1157 3970 1511 4050 quibusdam
1528 3969 1893 4048 cibis),ethis
1910 3977 2087 4030 atten-

442 4055 627 4118 tiores
657 4074 761 4119 eos
791 4057 864 4118 ad
896 4076 1069 4118 suum
1101 4077 1439 4121 sermonem
1467 4058 1843 4134 reddens,ita
1872 4057 2092 4119 sensim

445 4162 515 4208 ac
546 4144 823 4225 paulatim
855 4144 1166 4208 discedere
1196 4146 1438 4228 quidem
1467 4149 1739 4211 hortatur
1768 4166 1801 4208 a
1823 4146 1971 4225 legis
1992 4144 2094 4206 ob-

447 4232 903 4311 servationibus,
939 4242 1217 4317 tanquam
1270 4234 1604 4317 laboriosis,
1640 4245 1699 4298 et
1727 4243 1925 4297 tamen
1959 4236 2092 4295 inu-

448 4322 674 4399 tilibus,
712 4329 770 4384 et
792 4329 1069 4404 tanquam
1093 4323 1165 4386 ad
1199 4324 1563 4400 servitutem,
1600 4343 1717 4385 non
1748 4322 1819 4384 ad
1852 4323 2093 4385 liberta-

449 4418 568 4475 tem
602 4430 733 4493 quae
761 4410 823 4472 in
851 4410 1081 4475 Christo
1115 4422 1225 4489 est,
1260 4412 1622 4475 vocantibus.
1669 4411 1953 4474 Brevibus
1982 4412 2095 4472 ita-

450 4519 567 4582 que
597 4501 1159 4564 commutationibus
1179 4520 1247 4565 ac
1276 4500 1769 4564 alternationibus
1796 4500 2100 4581 sapienter

450 4607 616 4663 usus,
666 4589 768 4652 ubi
793 4591 919 4671 jam
950 4590 1157 4655 habuit
1189 4591 1348 4673 ipsos
1382 4609 1498 4652 non
1529 4591 1784 4670 graviter
1839 4591 2098 4652 ferentes

453 4697 586 4760 qua;
635 4678 1002 4753 dicerentur,
1056 4689 1197 4742 tunc
1230 4698 1299 4742 ea
1327 4699 1457 4761 quae
1502 4679 1849 4743 Christianis
1878 4697 2094 4740 conve-

448 4767 694 4830 niebant
737 4768 1036 4850 proponit.
1073 4794 1099 4825 α
1133 4769 1380 4832 Servare
1429 4769 1692 4849 seipsum
1726 4788 1760 4830 a
1785 4767 2028 4831 mundo.
2065 4792 2086 4825 υ

449 4856 666 4921 Mundo
699 4858 796 4920 hic
825 4857 1161 4939 intelligere
1193 4857 1482 4921 debemus
1516 4858 1862 4939 popularem
1887 4875 1956 4918 ac
1976 4856 2095 4917 vul-

450 4964 651 5027 garem
701 4947 955 5026 turbam,
991 4967 1122 5030 quae
1178 4947 1677 5029 concupiscentiis
1731 4946 1818 5008 sui
1879 4945 2097 5007 erroris

452 5035 877 5118 corrumpitur.

1079 5238 1326 5305 CAPUT
1372 5239 1470 5304 III.

448 5345 590 5410 453
601 5347 694 5412 De
704 5350 997 5413 charitate
1010 5367 1164 5431 erga
1179 5349 1803 5431 unumquemquesine
1831 5354 2098 5428 respectu

851 5430 1125 5512 personas
1152 5430 1480 5494 secundum
1512 5431 1723 5508 legem.

528 5529 998 5608 II,1—4,Fratres
1015 5535 1157 5609 mei,
1180 5551 1257 5596 ne
1273 5539 1543 5612 respectu
1563 5546 1969 5611 personarum
1987 5532 2098 5593 Iza-

2170 3267 2306 3318 στῶν
2363 3265 2830 3343 παρατηρήσεως;
2902 3264 3035 3343 Πρὸς
3091 3264 3149 3320 ὃν
3205 3262 3423 3341 ἐροῦμεν
3476 3263 3672 3335 ἐκεῖνο,
3747 3265 3820 3330 ὡς

2171 3352 2653 3432 εἶσαγωγικώτερον
2710 3356 2895 3416 αὐτοῖς
2956 3359 3045 3409 νῦν
3103 3351 3424 3433 διαλέγεται,
3473 3354 3561 3408 καὶ
3617 3376 3818 3433 συγκα-

2171 3430 2400 3499 ταϐαίνει
2449 3448 2517 3519 τῇ
2569 3430 2765 3498 τούτων
2820 3442 3081 3502 ἀσθενεία.
3132 3430 3275 3500 (ἸναὝ
3311 3430 3496 3519 μὴήέκ
3554 3430 3820 3523 προθῦρων

2173 3528 2482 3611 ἀνατρέπων
2541 3530 2631 3586 τὸν
2661 3530 2846 3607 νόμον,
2882 3531 3051 3587 ὀπίσω
3093 3544 3298 3612 χωρεῖν
3353 3532 3548 3608 αοιήσῃ
3607 3538 3674 3609 τῇ
3704 3554 3823 3589 και-

2176 3619 2356 3687 νότητι
2439 3624 2544 3676 τῶν
2627 3618 2961 3698 διδαγμάτων
3071 3627 3412 3694 ναυτιῶντας,
3519 3622 3606 3697 καὶ
3688 3624 3820 3700 πρὸς

2175 3711 2440 3767 ἀπείθειαν
2509 3707 2915 3773 ἀποκλίναντας.
2986 3709 3468 3788 Οἰκονομικώτερον
3537 3708 3591 3764 δὲ
3651 3731 3822 3786 μετα-

2175 3799 2552 3880 χειρισάμενος
2611 3799 2672 3854 τὸ
2738 3803 2977 3876 πρᾶγμα,
3050 3798 3140 3854 καὶ
3193 3795 3438 3861 ὒπενδοὺς
3495 3796 3616 3854 ὅσον
3667 3799 3822 3857 αὖτὸν

2176 3891 2269 3945 οὒκ
2312 3884 2568 3944 ἔϐλαπτεν
2614 3888 2687 3950 εἷς
2729 3886 2828 3953 τὴν
2872 3892 3057 3954 καινὴν
3110 3883 3365 3956 διαθήκην
3408 3899 3529 3950 ταῖς
3573 3900 3821 3961 νομικαϊς

2177 3975 2471 4039 δεισιθείαις
2507 3994 2520 4009 ⁸
2567 3976 2615 4031 τί
2670 3975 2770 4054 γὰρ
2820 3972 3204 4054 σαϐϐατισμὸς,
3234 3973 3269 4041 ἢ
3300 3976 3538 4048 νηστεία,
3570 3974 3605 4043 ἢ
3633 3975 3821 4054 ἀποχὴ

2177 4066 2470 4143 βρωμάτων
2513 4064 2585 4127 εἷς
2615 4063 2712 4130 τὴν
2742 4064 2879 4120 κατά
2931 4065 3153 4143 Χριστὸν
3209 4060 3545 4143 παραϐλάψει
3576 4064 3746 4120 πίστιν
3777 4062 3820 4143 ς)

2176 4154 2265 4210 καὶ
2334 4154 2539 4216 τούτοις
2630 4151 3139 4233 προσεκτικωτέρους
3222 4151 3410 4216 αὐτοὺς
3478 4158 3569 4209 τοῦ
3638 4153 3824 4209 ἑαυτοῦ

2178 4241 2336 4320 λόγου
2394 4238 2592 4314 λαϐὼν,
2666 4240 2829 4305 οὕτως
2884 4241 3054 4321 ἠρέμα
3123 4240 3211 4296 καὶ
3283 4241 3419 4299 κατὰ
3472 4242 3659 4320 μικρὸν
3715 4247 3823 4296 τῶν

2180 4331 2256 4406 μὴ
2311 4330 2617 4410 ἀφίστασθαι
2680 4343 2929 4409 παραινεῖ
2988 4336 3093 4387 τῶν
3157 4338 3250 4388 τοῦ
3307 4330 3492 4411 νόμου,
3545 4332 3615 4395 ὡς
3673 4330 3823 4408 ἐγκό-

2180 4442 2293 4476 πων
2334 4420 2431 4495 μὲν
2459 4417 2743 4498 ἀνωφελῶν
2774 4417 2850 4491 δὲ,
2884 4420 2970 4475 καὶ
3021 4421 3095 4483 ὡς
3126 4420 3255 4499 πρὸς
3284 4416 3516 4475 δουλείαν
3573 4418 3632 4475 οὗ
3690 4421 3823 4499 πρὸς

2181 4507 2467 4587 ἐλευθερίαν
2534 4507 2969 4584 μετακαλούντων
3024 4507 3123 4575 τὴν
3201 4507 3254 4563 ἐν
3333 4514 3560 4585 Χριστῷ.
3634 4514 3822 4587 Σοφῶς

2178 4599 2449 4675 τοιγαροῦν
2520 4610 2641 4660 ταῖς
2705 4597 2983 4676 βραχείαις
3041 4594 3380 4675 ὑπαλλαγαϊς
3453 4596 3821 4676 χρησάμενος,

2178 4685 2265 4742 ὅτε
2296 4687 2371 4761 μὰ
2399 4684 2915 4765 δυσανασχετοῦντας
2949 4686 3077 4765 εἶχε
3106 4698 3224 4749 τοῖς
3253 4683 3558 4762 λεγομένοις
3596 4686 3715 4740 τότε
3757 4686 3825 4741 τὰ

2176 4776 2512 4853 προσήκοντα
2542 4781 2875 4853 Χριστιανοϊς
2902 4775 3258 4853 παρατίθεται,
3327 4797 3350 4829 α
3388 4766 3604 4830 Ἐαυτὸν
3633 4774 3824 4853 τηρεῖν

2177 4865 2281 4921 ἀπὸ
2327 4866 2420 4920 τοῦ
2468 4862 2688 4938 κόσμου.
2728 4887 2755 4918 ι
2824 4863 3036 4938 Κόσμον
3080 4862 3296 4919 ἐνταῦθα
3346 4863 3436 4918 τὸν
3485 4860 3706 4938 δημώδη
3736 4865 3825 4919 καὶ

2178 4954 2426 5033 συρφετὸν
2457 4949 2622 5032 ὄχλον
2666 4950 2969 5023 ἀκουστέον,
3012 4952 3101 5009 τὸν
3130 4952 3266 5011 κατά
3292 4952 3386 5016 τὰς
3418 4950 3690 5027 ἐπιθυμίας
3720 4952 3823 5018 τῆς

2178 5042 2386 5110 ἀπάτης
2417 5040 2574 5099 αὐτοῦ
2616 5040 2975 5121 φθειρόμενον,

2808 5248 3061 5304 ΚΕΦΑΛ.
3109 5234 3189 5303 I".

2185 5371 2213 5405 ι(
2271 5351 2403 5424 Περὶ
2457 5350 2554 5415 τῆς
2604 5346 2734 5424 πρὸς
2793 5346 3012 5403 ἕκαστον
3065 5346 3277 5424 ἀγάπης
3332 5344 3826 5425 ἀπροσωπολήπτου

2777 5426 2912 5483 κατὰ
2956 5427 3139 5503 νόμον.
3189 5450 3217 5482 ι

2265 5554 2286 5587 ι
2349 5530 2590 5609 Ἀδελφοί
2642 5550 2765 5607 μου,
2852 5532 2929 5606 μὴ
3016 5531 3070 5588 ἐν
3138 5529 3610 5610 προσωποληψίαις
3665 5529 3825 5611 ἔχετε

526 5707 580 5754 ¹⁴
607 5709 765 5774 Psal.
798 5726 852 5789 c,
885 5712 946 5774 ὅ.
1036 5708 1088 5753 ¹⁵
1116 5709 1302 5774 Exod.
1337 5724 1502 5785 nm,
1539 5711 1600 5771 5.
1685 5684 1739 5752 ¹δ
1821 5708 1961 5771 Luc.
1996 5727 2074 5788 v1,

2176 5711 2208 5770 ὃ.
2296 5707 2349 5752 1⁷
2377 5707 2579 5774 Matth.
2609 5724 2669 5785 ν,
2697 5707 2811 5772 45:
2884 5704 2937 5750 1⁸
2964 5707 3122 5772 Psal.
3154 5723 3215 5785 L,
3248 5707 3347 5771 19.
