4180 6212
348 284 492 391 47‘3"

1313 331 1709 396 COMMENT.
1757 333 1839 395 IN
1883 323 2123 389 EPIST.
2171 328 2494 393 CATHOL.
2541 332 2818 394 JACOBI.

3625 286 3755 390 474³

340 465 448 530 τήν
493 462 666 520 πίστιν
754 464 850 521 τοῦ
937 466 1130 545 Κυρίου
1185 467 1340 542 ἡμῶν
1396 465 1574 533 Ἰησοῦ
1631 473 1853 547 Χριστοῦ
1913 473 1995 535 τῆ⁴

2098 459 2290 523 beatis
2315 462 2493 543 ﬁdem
2528 464 2770 525 Domini
2798 468 2992 526 nostri
3031 464 3175 525 Jesu
3234 459 3466 524 Christi
3508 462 3587 521 ex
3616 458 3741 538 Opi-

339 549 523 619 δόξης.
610 550 736 612 Ἐὰν
844 555 945 634 γὰρ
1040 553 1248 635 εἰσέλθῃ
1333 557 1406 622 εἷς
1487 557 1588 624 τὴν
1684 560 1998 637 συναγωγὴν

338 644 493 718 ὑμῶν
590 641 725 722 ἀνὴρ
810 641 1253 724 χρυσοδακτύλιος
1352 644 1408 701 ἐν
1502 645 1681 713 ἒσθῆτι
1758 644 1997 728 λαμπρᾷ,

337 731 555 809 εἰσέλθῃ
610 730 664 788 δὲ
739 733 828 789 καὶ
884 734 1109 814 πτωχὸς
1178 732 1233 790 ’έν
1330 732 1536 814 ῥυπαρᾷ
1632 734 1837 810 ἐσθῆτι,
1912 738 2001 794 καὶ

342 819 678 898 ἐπιϐλέψητε
764 820 850 878 ἐπὶ
931 823 1023 879 τὸν
1119 830 1377 904 φοροῦντα
1484 824 1583 892 τὴν
1654 823 1848 893 ἐσθῆτα
1902 827 1999 894 τὴν

340 910 619 990 λαμπρὰν,
648 910 737 967 καὶ
792 908 984 977 εἴπητε
1038 915 1203 992 αὐτῷ,
1286 912 1359 968 Σὺ
1415 911 1571 969 κάθου
1638 910 1739 969 ὦδε
1796 913 1998 995 καλῶς,

337 1002 436 1057 καὶ
490 1007 567 1076 τῷ
609 1004 819 1082 πτωχῷ
865 1001 1086 1081 εἴπητε,
1146 1003 1219 1058 Σὺ
1284 1004 1461 1081 στῆθι,
1550 1001 1692 1077 ἐκεῖ,
1749 1003 1785 1072 ἢ
1840 1004 2001 1065 κάθου

340 1088 451 1147 ὦδε
479 1091 582 1147 ὑπὸ
662 1090 724 1146 τὸ
791 1089 1075 1148 ὑποπόδιόν
1133 1113 1257 1167 μου.
1317 1091 1417 1148 Καὶ
1470 1091 1531 1147 ού
1586 1090 1873 1172 διεκρίθητε
1945 1093 1999 1150 έν

2079 550 2280 613 nione.
2310 550 2471 614 Nam
2493 558 2548 615 si
2569 553 2963 633 ingrediatur
3000 554 3067 614 in
3096 558 3323 615 coetum
3352 555 3619 614 vestrum
3639 550 3740 609 vir

2081 656 2335 702 aureum
2392 649 2632 723 gestans
2677 642 2995 719 annulum,
3043 647 3197 705 veste
3239 640 3488 703 indutus
3524 636 3734 719 splen-

2081 727 2247 804 dida,
2280 731 2662 811 ingrediatur
2715 741 2921 797 autem
2972 740 3033 794 et
3075 748 3312 813 pauper
3367 733 3435 791 in
3481 725 3735 790 sordida

2082 823 2267 889 veste,
2302 828 2358 881 et
2387 823 2783 902 respexeritis
2838 823 2916 885 ad
2946 821 3118 884 illum
3149 820 3256 901 qui
3286 824 3505 881 vestem
3539 820 3737 896 gestat

2084 904 2489 990 splendidam,
2546 929 2617 971 ac
2646 912 2931 974 dixeritis
2961 910 3057 972 illi
3091 929 3105 969 :
3174 911 3259 970 Tu
3287 906 3421 969 sede
3438 905 3537 967 hic
3567 903 3735 984 bene,

2079 998 2346 1077 pauperi
2365 1016 2507 1061 vero
2538 1000 2832 1063 dixeritis
2865 1021 2883 1061 :
2923 1000 3007 1063 Tu
3033 1006 3127 1062 sta
3160 996 3311 1072 illic,
3347 1002 3453 1058 aut
3476 991 3615 1055 sede
3640 990 3738 1052 hic

2079 1083 2284 1146 subter
2309 1087 2635 1151 scabellum
2665 1107 2864 1151 meum
2893 1106 2907 1151 :
2942 1096 2995 1151 et
3019 1105 3140 1150 non
3170 1083 3558 1167 dijudicastis
3573 1079 3735 1160 apud

342 1180 584 1243 ἑαυτοῖς.
660 1179 758 1238 Καὶ
841 1178 1073 1258 ἐγένεσθε
1142 1180 1311 1259 κριταὶ
1408 1178 1759 1260 διαλογισμῶν
1819 1204 1995 1251 πονη-

335 1274 472 1345 ρῶν.
506 1291 536 1323 ι
885 1257 889 1258 ⁷
1180 1257 1187 1259 ἡ
1568 1257 1577 1260 ⁷

2077 1257 2310 1328 larum.

424 1379 452 1412 σ
488 1358 578 1425 Μὴ
607 1356 663 1414 έν
687 1356 1187 1433 προσωποληψίαις.
1216 1381 1244 1413 ι
1314 1347 1372 1416 Ὀ
1429 1358 1530 1437 γὰρ
1588 1358 1643 1415 ἐν
1699 1381 1989 1440 προσωπο-

2161 1373 2184 1408 ιι
2212 1351 2298 1418 Ne
2320 1374 2452 1417 cum
2483 1365 2762 1438 respectu
2794 1374 3247 1439 personarum.»
3282 1352 3429 1416 Nam
3462 1349 3561 1431 (ιυί
3595 1363 3732 1440 “Em

326 1445 510 1523 ληψίᾳ
600 1467 650 1502 τι
705 1452 896 1520 ποιῶν,
958 1432 1159 1504 πολλοῦ
1230 1432 1454 1522 σπίλου,
1499 1432 1705 1517 πολλῆς
1741 1432 1986 1518 ’κηλῖδος

2077 1452 2351 1521 respectu
2385 1432 2772 1525 personarum
2795 1432 3026 1527 aliquid
3056 1445 3222 1524 facit,
3260 1441 3442 1504 multa
3474 1432 3729 1506 macula,

333 1535 528 1591 ἒωτὸν
610 1532 1003 1610 ἀναπίμπλησι,
1083 1535 1145 1590 τὸ
1234 1534 1487 1614 ὁμογενὲς
1554 1536 1842 1611 ἀτιμάζων.
1903 1540 1993 1596 καὶ

2077 1532 2260 1591 multo
2291 1532 2508 1613 probro
2539 1535 2800 1615 seipsum
2836 1535 3048 1615 replet,
3074 1532 3407 1615 proximum
3433 1527 3736 1615 dedecui?

332 1626 443 1702 πρὸ
472 1623 669 1681 ἐκείνου
696 1608 905 1699 ἑαυτὸν,
950 1608 1004 1680 εἴ
1061 1646 1121 1703 γε
1148 1626 1184 1693 ἡ
1410 1627 1475 1682 τὸ
1518 1608 1703 1703 ὅμοιον
1724 1627 1988 1704 ἐπίδειξις,

2077 1608 2442 1700 afﬁciens,ac
2464 1608 2727 1706 seipsum
2752 1608 2927 1685 etiam
2953 1608 3091 1685 ante
3111 1622 3277 1683 illum
3305 1635 3474 1683 :nam
3505 1608 3738 1706 exhibi-

336 1696 431 1772 καὶ
500 1715 632 1793 πρὸς
716 1696 899 1771 ἑαυτὸν
980 1696 1389 1797 παραπέμπεται
1457 1718 1518 1773 τὸ
1551 1696 1563 1703 ⁷
1600 1696 1985 1797 πραττόμενονί

2077 1705 2155 1797 tio
2181 1726 2320 1790 erga
2350 1696 2686 1777 consortem
2723 1712 3069 1775 transmittit
3099 1711 3157 1773 id
3189 1709 3347 1791 quod
3374 1708 3437 1769 ﬁt
3460 1704 3638 1797 etiam
3635 1696 3733 1797 ’ξι-(1

341 1823 371 1860 ι
424 1786 627 1863 Καὶ-οὗ
669 1800 979 1882 διεκρίθητε.
1016 1786 1163 1864 )”Ο.
1195 1786 1343 1880 -Καὶ,
1399 1786 1684 1884 σύνδεσμος
1729 1786 1983 1889 παρέλκει

2077 1786 2363 1889 seipsum.
2404 1829 2427 1860 ιι
2463 1803 2535 1865 Et
2562 1822 2680 1864 non
2713 1802 3111 1884 dijudicastis.
3151 1825 3177 1856 »
3207 1786 3602 1889 “ConjunctiO,
3635 1786 3730 1889 Et;

330 1890 486 1951 Ἀντὶ
554 1898 666 1968 τοῦ,
713 1893 785 1951 Τὸ
841 1890 1161 1973 διακριτικὸν
1218 1895 1363 1967 ὑμῶν
1419 1893 1757 1980 διεφθείρατε,
1807 1885 1984 1977 pnas-

2077 1885 2328 1955 abundat
2352 1914 2367 1929 ’
2396 1895 2507 1956 hoc
2528 1892 3024 1972 est,Dijudicandi
3049 1889 3162 1951 vim
3179 1910 3310 1980 quas
3332 1890 3390 1950 in
3414 1886 3578 1950 vobis
3598 1886 3729 1980 eriti-

335 1983 467 2058 μίαν
538 1983 821 2053 συζήτησιν
876 1969 1196 2051 ποιήσαντες
1272 1984 1491 2064 πότερον
1512 1969 1523 1977 ’
1562 1969 1837 2069 τιμητέον,
1893 1992 1983 2047 τὸν

2077 1982 2674 2063 corrupistis,nullam
2714 1969 3161 2061 inquisitionem
3195 1969 3479 2040 facientes
3500 1985 3632 2037 uter
3652 1969 3731 2031 sit

335 2070 550 2138 πένητα
592 2072 714 2147 μὲν,
761 2069 1045 2128 σπουδαῖον
1088 2068 1167 2144 δὲ,
1214 2070 1250 2139 ἢ
1292 2074 1384 2128 τὸν
1415 2072 1665 2132 πλούσιον
1721 2066 1844 2158 μὲν,
1886 2080 1985 2157 ῥᾳ-

2077 2070 2485 2158 honorandus,
2522 2088 2824 2153 pauperne
2857 2069 3087 2158 probus
3116 2068 3238 2130 sive
3269 2066 3619 2135 industrius,
3651 2085 3728 2126 an

338 2164 511 2235 θυμον
539 2158 618 2240 δὲ,
676 2156 802 2216 ἀλλ’
857 2159 1023 2225 οὕτως
1078 2157 1389 2240 ἀδιακρίτως
1446 2162 1543 2219 καὶ
1600 2164 1653 2221 ἐν
1709 2156 1993 2246 προσωπο-

2077 2157 2238 2221 dives
2266 2163 2464 2238 segnis
2498 2178 2511 2223 :
2538 2160 2642 2222 sed
2678 2160 2765 2222 ita
2791 2158 2922 2221 sine
2944 2157 3174 2238 judicio
3206 2166 3269 2221 et
3288 2174 3723 2246 cumpersona-

2075 2266 2203 2308 rum
2237 2257 2536 2329 respectu,
2571 2251 2725 2311 hunc
2757 2248 2998 2329 quidem
3023 2255 3267 2329 propter
3288 2244 3521 2308 divitias
3543 2246 3725 2307 hono-

335 2248 520 2326 ληψία
565 2249 654 2305 τὸν
699 2249 799 2325 μὲν
864 2249 1152 2325 ἐτιμήσατε
1212 2246 1296 2306 διὰ
1354 2251 1445 2309 τὸν
1514 2251 1762 2330 πλοῦτον,
1818 2258 1910 2312 τὸν
1938 2254 1993 2313 δὲ

334 2340 644 2415 ἡτιμήσατε
715 2336 800 2396 διὰ
855 2338 955 2405 τὴν
1010 2338 1214 2401 πενίαν,
1293 2362 1321 2395 σ
1382 2341 1481 2399 Καὶ
1536 2340 1771 2421 ἑγένεσθέ
1824 2347 1995 2421 κριταὶ

2077 2335 2275 2409 rastis,
2302 2338 2468 2399 illum
2495 2357 2631 2401 vero
2654 2347 2898 2419 propter
2928 2344 3336 2418 paupertatem
3362 2335 3730 2415 contemptui

2077 1189 2185 1259 uos
2213 1177 2370 1254 ipsos
2403 1193 2422 1239 :
2453 1184 2509 1240 et
2531 1179 2680 1257 facti
2705 1180 2844 1242 estis
2862 1178 3094 1259 judices
3132 1177 3575 1257 cogitationum
3604 1186 3737 1231 ma-

1893 2347 1995 2403 ιταὶ

335 2366 644 2415 ητιμησατε
715 2366 800 2396 uta
855 2366 955 2405 την
1010 2366 1214 2401 πενιαν,
1293 2366 1321 2395 σ
1383 2366 1481 2399 nat
1536 2366 1771 2421 εγενεσσε
1824 2366 1995 2425 κριται

335 2425 704 2507 διαλογισμῶν
758 2428 1029 2506 πονηρῶν,
1086 2449 1115 2482 ι
1196 2428 1492 2506 Τουτέστιν,
1574 2429 1742 2491 ἄδικοι
1799 2436 1990 2515 κριταὶ,

2077 2366 2275 2409 ι’ᾱδιιδ,
2302 2366 2468 2399 ιιιυιιι
2497 2366 2631 2401 γει-υ
2656 2366 2897 2419 μτυμιιπ
2930 2366 3336 2418 μειυμυηᾰιιτιιι
3362 2366 3727 2415 υυιιιυιιιγιυι

2078 2425 2387 2489 habuistis.
2432 2451 2454 2485 ι
2490 2428 2565 2489 Et
2623 2426 2764 2489 lacti
2820 2425 2962 2489 estis
3010 2422 3245 2515 judices
3302 2422 3727 2515 cogitationum

333 2516 412 2593 τῇ
476 2518 702 2605 πονηρίᾳ
788 2516 847 2572 ἐκ
929 2515 1384 2605 πρωωποληψίας
1480 2512 1845 2600 προσθέμενοι,
1912 2512 1993 2605 (Ο,

2084 2515 2393 2579 malarum.
2430 2542 2457 2573 ››
2486 2516 2610 2579 Hoc
2643 2525 2753 2598 est,
2785 2512 3505 2605 injustijudicesnnalitia
3528 2512 3727 2575 affecti

336 2608 469 2683 Καὶ,
500 2604 811 2681 σύνδεσμος,
855 2604 1106 2685 παρέλκει
1163 2606 1378 2664 ένταύθα
1430 2609 1503 2672 ὡς
1563 2610 1798 2689 εἴρηται,
1832 2601 1995 2684 συνήζ.

2080 2623 2152 2666 ex
2182 2624 2571 2687 personarum
2623 2617 2919 2687 respectu.
2954 2603 3079 2667 Hoc
3129 2604 3259 2666 loco
3291 2601 3552 2665 abundat
3581 2621 3727 2664 con-

334 2700 449 2760 θως
495 2696 829 2777 ἀρχαϊζούσης.
885 2697 1093 2777 φράσει.
1142 2694 1291 2754 Ἐπεὶ
1342 2697 1644 2766 ἀποδόσεως
1700 2700 1861 2770 οῧσης
1902 2703 1992 2759 ἐν-

2077 2693 2305 2774 junctio
2334 2698 2442 2776 καὶ,
2464 2695 2522 2757 id
2542 2704 2654 2777 est,
2689 2703 2768 2771 et,
2802 2695 2954 2757 sicut
2984 2694 3208 2756 dictum
3241 2700 3351 2764 est,
3381 2712 3451 2754 ex
3481 2712 3591 2754 usu
3624 2710 3728 2753 ve-

334 2789 509 2846 ταῦθα
564 2792 656 2869 τοῦ
725 2784 972 2857 ἀνωτέρω
1042 2786 1337 2865 εἰρημένου,
1414 2783 1655 2869 περιττὸς
1726 2794 1754 2847 ὁ
1810 2791 1989 2849 σύνδε-

2077 2783 2217 2844 teris
2248 2783 2651 2865 phrasis.Cum
2687 2784 2843 2846 enim
2875 2783 2951 2845 sit
2980 2782 3079 2845 hic
3101 2782 3394 2845 sermonis
3420 2781 3726 2862 responsio

335 2898 501 2951 σμος.
548 2864 717 2933 ’Ἐστι
746 2875 847 2954 γὰρ
893 2873 1083 2940 οὕτως.
1135 2872 1260 2933 Ἐὰν
1328 2878 1427 2958 γὰρ
1483 2864 1688 2957 εἰσέλθῃ
1746 2883 1819 2947 εἰς
1895 2883 1994 2950 τὴν

2079 2871 2152 2933 ad
2188 2864 2428 2954 id'qnod
2450 2872 3092 2954 praecessit,superﬂua
3106 2880 3196 2933 est
3225 2870 3590 2951 conjunctio.
3624 2869 3727 2932 Est

336 2964 664 3043 συναγωγὴν
732 2965 902 3039 ὑμῶν,
979 2963 1114 3043 ἀνὴρ
1207 2964 1649 3045 χρυσοδακτύλιος
1706 2969 1759 3026 ἐν
1816 2970 1994 3040 ἐσθῆτι

2079 2960 2239 3023 enim
2262 2962 2343 3024 ita
2370 2962 2705 3024 ordinanda
2734 2961 3032 3023 sententia
3068 2981 3081 3021 :
3114 2959 3258 3022 Nam
3291 2959 3341 3021 si
3361 2959 3728 3039 ingrediatur

335 3053 584 3132 λαμπρᾷ,
630 3052 838 3130 εἰσέλθῃ
909 3051 964 3109 δὲ
1019 3055 1107 3111 καὶ
1159 3056 1379 3134 πτωχὸς
1436 3056 1490 3112 ἐν
1556 3058 1756 3138 ῥυπαρᾷ
1812 3060 1993 3128 ἐσθῆτι

2078 3051 2137 3129 in
2172 3059 2385 3113 caelum
2421 3061 2678 3114 vestrum
2712 3052 2798 3113 vir
2847 3067 3095 3113 aureum
3124 3057 3361 3130 gestans
3415 3049 3722 3131 annulum,

491 3122 638 3220 έξης,
705 3141 765 3199 ού
814 3122 1109 3221 ’διεκρίθητε
1166 3142 1219 3199 ἐν
1281 3122 1566 3219 "iactam;
1613 3122 1703 3203 καί
1735 3122 1994 3225 ’ἐγένεσθε

2078 3122 2238 3201 veste
2266 3140 2505 3202 indutus
2534 3140 2866 3220 splendida,
2884 3122 3255 3219 ingrediatur
3276 3144 3469 3200 autem
3497 3148 3555 3200 et
3576 3122 3725 3219 pau;

341 3233 518 3309 κριταὶ
560 3229 925 3308 διαλογισμῶν
980 3236 1227 3312 πονηρῶν
1259 3248 1275 3263 ⁶
1329 3232 1589 3314 τουτέστι,
1637 3236 1708 3292 Τὸ
1736 3233 1994 3313 διακριτι-

2080 3247 2187 3309 per
2215 3229 2275 3290 in
2309 3229 2551 3292 sordida
2581 3239 2766 3304 veste,
2801 3237 2946 3309 etc.,
2979 3248 3098 3290 non
3142 3226 3511 3307 dijudicastis
3540 3225 3600 3286 in
3631 3245 3726 3314 vo-

341 3323 443 3377 κὸν
498 3322 646 3395 ὑμῶν
702 3316 1109 3400 διαφθείραντες,
1193 3322 1445 3399 γεγόνατε
1506 3321 1560 3378 ἐν
1640 3322 1836 3403 ἐκλογῇ
1892 3328 1995 3381 τῶν

2079 3316 2318 3398 bisipsis
2347 3327 2404 3380 et
2461 3318 2599 3381 facti
2650 3318 2797 3381 eStis
2819 3317 3056 3398 judices
3088 3315 3507 3395 cogitationum
3536 3313 3724 3375 mala-

339 3416 595 3489 πονηρῶν
667 3406 1047 3487 διαλογισμῶν,
1122 3410 1212 3466 τὸν
1268 3409 1355 3466 νέν
1409 3412 1748 3487 τιμήσαντες,
1795 3416 1887 3471 τὸν
1941 3413 1995 3470 δὲ

2078 3422 2209 3465 rum
2237 3427 2251 3467 :
2278 3406 2420 3468 454
2437 3409 2549 3470 hoc
2572 3406 3067 3488 est,Dijudicandi
3100 3405 3216 3466 vim
3251 3411 3719 3483 corrumpentes,

338 3499 732 3574 ἀτιμήσαντες,
768 3499 936 3555 καίτοι
995 3504 1092 3575 τῇς
1146 3498 1350 3580 φύσεως
1402 3501 1501 3566 τῆς
1557 3502 1748 3581 αὐτῆς,
1778 3503 1995 3585 ἐνυπαρ-

2079 3492 2341 3572 elegistis
2374 3497 2555 3558 malas
2583 3495 2993 3577 cogitationes,
3049 3494 3217 3556 illum
3259 3491 3499 3585 quidem
3530 3492 3721 3552 hono-

337 3590 553 3668 χούσης
587 3588 931 3669 ἀμφοτέροις.
1402 3632 1409 3638 .
1738 3580 1743 3581 ⁷
1942 3580 1952 3585 ’

2078 3591 2299 3656 rantes,
2335 3586 2494 3647 hunc
2544 3596 2744 3647 autem
2796 3582 3162 3664 contemptui
3208 3580 3543 3643 habentes:
3586 3599 3719 3642 cum

2080 3680 2275 3731 tamen
2307 3672 2513 3734 eadem
2538 3679 2698 3734 esset
2726 3672 2787 3734 in
2819 3680 3069 3753 utroque
3100 3678 3329 3732 natura.

430 3788 459 3820 ι
491 3765 807 3841 ’Λκούσατε,
838 3764 1051 3847 ἀδελφοὶ
1107 3788 1207 3842 μου
1265 3765 1553 3844 ἀγαπητοί.
1602 3769 1717 3848 Ούχ
1778 3772 1806 3826 ὃ
1862 3771 1991 3833 Θεὸς

2099 3847 2102 3848 ί
2156 3758 2227 3834 ll,
2282 3762 2419 3824 5-9.
2475 3762 2714 3837 Audite,
2774 3762 2992 3840 fratres
3040 3762 3158 3823 mei
3206 3758 3411 3822 dilecti
3432 3775 3462 3848 ἐς
3520 3775 3723 3820 nonne

342 3853 612 3921 ἐξελέξατο
721 3856 841 3919 τοὺς
934 3856 1186 3936 πτωχοὺς
1307 3864 1399 3915 τοῦ
1496 3847 1714 3933 κόσμου
1783 3860 1987 3939 τούτου,

2078 3847 2244 3911 Deus
2304 3849 2484 3931 elegit
2531 3868 2839 3932 pauperes
2884 3853 3095 3913 saeculi
3152 3847 3636 3939 huius,_divites_
3656 3848 3723 3908 in

342 3943 626 4008 πλουσίους
696 3943 751 4000 ἐν
816 3943 1011 4017 πίστει,
1088 3935 1184 4001 καὶ
1266 3943 1628 4025 κληρονόμους
1714 3953 1814 4016 τῆς
1899 3935 1994 4026 βαζ

2077 3940 2189 4016 ﬁde
2208 3946 2261 4001 et
2311 3940 2576 4004 hoeredes
2626 3942 2804 4022 regni
2842 3942 3005 4022 quod
3031 3942 3309 4019 promisit
3338 3935 3723 4017 diligentibus

344 4031 571 4114 σιλείας,
624 4036 691 4101 ἧς
764 4031 1117 4112 ἐπηγγείλατο
1211 4046 1327 4098 τοῖς
1425 4034 1700 4114 ἀγαπῶσιν
1784 4039 1989 4113 αύτόν;

348 4113 537 4198 ’Υμεῖς
607 4121 663 4178 δὲ
718 4123 1015 4199 ἠτιμήσατε
1105 4125 1195 4180 τὸν
1269 4113 1513 4205 πτωχόν.
1574 4128 1681 4184 Οὐκ
1733 4131 1779 4184 οἱ
1834 4127 1995 4186 πλού-

339 4233 446 4269 σιοι
527 4209 1060 4270 καταδυναστεύουσιν
1173 4214 1343 4289 ὑμῶν,
1416 4214 1506 4269 καὶ
1598 4216 1743 4273 αὐτοὶ
1812 4215 1993 4274 ἕλκου-

337 4324 425 4357 σιν
490 4303 627 4377 ὖμᾶς
700 4304 773 4364 εἷς
830 4303 1127 4382 κριτήριας
1201 4304 1308 4360 Ούκ
1391 4301 1535 4359 αὒτοὶ
1614 4302 1990 4385 βλασφημοῦσι

339 4392 406 4446 τὸ
427 4390 592 4448 καλὸν
636 4390 805 4466 ὄνομα
872 4391 934 4447 τὸ
989 4390 1275 4458 ἐπικληθὲν
1331 4388 1415 4471 ἐφ’
1471 4392 1650 4473 ὑμᾶς;

342 4502 426 4535 τοι
487 4480 649 4554 νόμον
730 4478 935 4536 τελεῖτε
991 4479 1267 4556 βασιλικὸν
1352 4480 1491 4537 κατὰ
1566 4481 1660 4548 τὴν
1756 4484 1988 4565 Γραφὴν,

342 4568 676 4646 Ἀγαπήσεις
739 4569 832 4625 τὸν
884 4567 1110 4635 πλησίον
1206 4590 1298 4626 σου
1381 4572 1454 4633 ὡς
1514 4571 1754 4645 σεαυτὸν,
1816 4572 1994 4638 καλῶς

346 4670 577 4718 ποιεῖτε.
640 4654 785 4716 Εἰδὲ
869 4656 1408 4737 προσωποληπτεῖτε,
1509 4658 1767 4737 ἁμαρτίαν
1836 4661 1995 4740 ἐργά-

350 4750 498 4818 ζεσθε
570 4745 923 4827 ἐλεγχόμενοι
993 4748 1096 4803 ὑπὸ
1178 4754 1271 4804 τοῦ
1354 4748 1540 4828 νόμου,
1622 4749 1692 4814 ὡς
1750 4747 1994 4829 παραϐά-

348 4857 461 4895 ται.
497 4859 526 4891 ι

429 4922 650 4993 Ἐπειδῆ
692 4926 729 4994 ἡ
783 4926 937 4982 πενία
994 4923 1253 5007 δυσχερές
1302 4924 1411 4981 ἐστι
1484 4936 1602 4988 τοῖς
1645 4923 1869 4991 πολλοῖς
1909 4929 1999 4985 καὶ

344 5014 508 5091 μόνον
537 5014 855 5081 ἀκουσθῆναι
892 5034 907 5051 ·
970 5013 1054 5073 διὰ
1112 5022 1267 5073 τοῦτο
1318 5014 1506 5088 εἰπὼν,
1558 5013 1683 5077 τοὺς
1737 5018 1994 5097 Πτωχοὺς

2074 4030 2184 4089 se?
2207 4028 2330 4092 Nos
2359 4040 2555 4093 autem
2610 4034 2977 4111 contemptui
3020 4030 3317 4093 habuistis
3362 4043 3713 4110 pauperem.

2076 4116 2291 4180 Nonne
2341 4118 2558 4182 divites
2613 4120 2997 4201 tyrannidem
3043 4126 3315 4182 exercent
3375 4118 3441 4179 in
3490 4134 3614 4195 vos,
3664 4121 3722 4177 et

2075 4205 2259 4267 iidem
2315 4209 2573 4271 trahunt
2624 4226 2729 4271 vos
2783 4208 2867 4269 ad
2924 4208 3305 4270 tribunalia?
3356 4204 3571 4267 Nonne
3601 4203 3721 4283 ipsi

2076 4292 2491 4375 blasphemant
2546 4299 2763 4361 bonum
2808 4316 3027 4360 nomen
3078 4296 3234 4377 quod
3258 4297 3604 4358 inuam/um
3636 4297 3723 4355 est

1738 4396 1800 4450 El
1856 4394 1988 4470 μέν-
2012 4402 2255 4467 pauper
2281 4387 2433 4450 vos?
2461 4388 2532 4450 Si
2571 4396 2772 4449 tamen
2803 4387 2986 4467 legem
3045 4388 3291 4467 quidem
3321 4385 3571 4466 expletis
3627 4398 3720 4444 re-

2077 4475 2247 4554 giam
2280 4478 2472 4555 juxta
2551 4476 2938 4558 Scripturam
3008 4493 3022 4536 :
3084 4475 3315 4552 Diliges
3370 4473 3721 4554 proximum

2080 4572 2250 4626 tuum
2301 4567 2461 4628 sicut
2512 4569 2791 4647 teipsum,
2848 4565 2991 4629 bene
3042 4566 3271 4640 facitis.
3312 4563 3381 4626 Si
3414 4579 3551 4623 vero
3569 4577 3716 4639 per-

2075 4670 2283 4716 sonam
2310 4656 2633 4736 respicitis,
2661 4662 2965 4736 peccatum
3003 4654 3391 4727 committitis,
3422 4649 3722 4712 conuincti

2075 4761 2186 4826 per
2212 4743 2405 4825 legem
2428 4744 2587 4824 quod
2615 4745 2749 4807 sitis
2778 4750 3271 4823 transgressores.

2159 4920 2447 4996 Quoniam
2482 4930 2799 5005 paupertas
2824 4922 2911 4984 vel
2933 4921 3134 4984 auditu
3161 4920 3358 5000 gravis
3381 4931 3473 4982 est.
3492 4920 3714 4993 multis,

2078 5010 2212 5073 ideo
2266 5030 2399 5074 cum
2434 5011 2702 5086 dixisset,
2736 5013 3032 5092 Pauperes
3088 5009 3315 5085 mundi,
3345 5009 3536 5071 statim
3570 5007 3715 5069 sub-

342 5105 436 5161 ὖοῦ
494 5102 712 5179 κόσκου,
779 5102 965 5169 εὐθέως
1008 5104 1272 5185 ἐπήγαγε,
1331 5100 1638 5167 Πλουσίους.
1684 5105 1810 5182 Περὶ
1848 5108 1899 5162 τί
1939 5104 1994 5162 δὲ

2077 5099 2291 5180 iunxit,
2341 5099 2588 5164 Divites.
2649 5098 2713 5161 In
2743 5117 2860 5182 quo
2890 5107 3087 5161 autem
3146 5098 3398 5162 divites?
3426 5099 3487 5159 in
3515 5097 3629 5160 ﬁde
3658 5105 3720 5161 et

344 5192 677 5274 πλουσίουςς
723 5194 849 5274 Περὶ
874 5198 975 5263 τὴν
1013 5195 1186 5251 πίστιν
1240 5194 1328 5250 καὶ
1383 5192 1437 5249 ἐν
1518 5197 1587 5270 τῇ
1640 5192 1832 5257 πίστει,
1896 5196 1995 5254 Καὶ

347 5284 450 5362 γὰρ
478 5281 645 5346 οὕτως
674 5281 815 5364 ἔχει.
847 5284 918 5341 Τὸ
961 5283 1060 5363 γὰρ
1105 5283 1220 5363 περὶ
1281 5284 1375 5339 τὸν
1455 5281 1656 5358 κόσμον
1709 5283 1997 5363 ἀπερίσπα-

349 5394 473 5430 στον
509 5378 616 5429 τῶν
658 5374 925 5449 πενήτων,
984 5372 1340 5454 ένεργατέρους
1424 5371 1609 5436 αὐτοὺς
1658 5374 1747 5430 καὶ
1814 5395 1991 5453 πρακ-

348 5460 667 5540 τικωτέρους
715 5466 824 5518 τὼν
909 5460 1292 5539 πλουτούντων,
1375 5458 1587 5518 ἒπειδὰν
1668 5460 1990 5542 προσέλθωσι

2076 5188 2235 5252 circa
2277 5189 2478 5253 ﬁdem.
2536 5188 2767 5253 Etenim
2810 5190 2889 5250 ita
2948 5207 3013 5251 se
3041 5207 3139 5251 res
3169 5187 3365 5250 habet.
3399 5188 3546 5251 Nam
3580 5204 3714 5249 cum

2081 5297 2375 5359 pauperes
2405 5299 2522 5341 non
2581 5277 2982 5342 distrahantur
3011 5277 3172 5340 circa
3224 5294 3322 5339 res
3353 5276 3581 5350 mundi,
3618 5274 3719 5337 ubi

2077 5369 2441 5431 accesserint
2459 5371 2533 5431 ad
2563 5367 2765 5442 ﬁdem,
2801 5366 2987 5447 magis
3039 5367 3266 5429 strenui
3293 5365 3624 5429 redduntur
3651 5383 3719 5427 ac

2074 5457 2242 5541 operi
2265 5461 2455 5541 magis
2478 5457 2821 5522 insistentes
2850 5474 3026 5539 quam
3075 5455 3308 5519 divites.
3364 5456 3505 5520 Ideo
3539 5455 3716 5541 etiam

349 5556 419 5627 τῇ
478 5535 672 5624 πίστει,
741 5563 910 5615 ποιεῖ,
972 5553 1066 5609 Διὸ
1112 5553 1199 5609 καὶ
1240 5535 1285 5609 δ’
1325 5552 1514 5632 Κύριος
1555 5535 1819 5616 τοιούτους
1870 5552 1989 5618 τοὺς

2077 5535 2540 5612 Dominus'tales
2568 5546 2747 5628 elegit
2778 5535 3123 5627 discipulos,
3157 5566 3306 5628 quos
3335 5545 3512 5611 etiam
3546 5535 3717 5628 regni

349 5641 588 5716 μαθητὰς
636 5636 937 5715 ἐπελέξατο,
993 5642 1079 5709 οὖς
1124 5643 1212 5699 καὶ
1265 5641 1624 5724 κληρονόμους
1679 5646 1777 5709 τῆς
1829 5642 1988 5719 βασιά

2077 5640 2342 5703 haeredes
2359 5637 2697 5704 declaravit.
2713 5636 3174 5721 «Blasphemunt
3192 5636 3409 5703 bonum
3432 5656 3671 5705 nomen.
3685 5661 3713 5697 η
