4180 6212
383 305 500 368 475
1499 307 1910 372 CECUMENII
1956 309 2047 370 ΤΗ

2131 305 2251 370 .CiE
2296 308 2628 372 EPISCOPI

384 439 612 502 Bonum
649 460 868 503 nomen
893 448 983 503 est
1006 459 1224 503 nomen
1250 459 1462 502 novum
1488 442 1654 522 juxta
1684 442 2031 523 prophetam

2131 441 2260 506 λείας
2288 439 2538 506 ἀνέδειξεν
2575 490 2589 504 ,
2639 465 2673 523 με.
2720 442 3100 523 Βλασφημοῦσι
3157 446 3216 500 τὸ
3272 443 3434 500 καλὸν
3488 443 3678 520 ὄνομα,
3731 467 3758 498 »

385 529 688 591 dicentem
729 551 740 592 :
783 556 804 585 ιι
844 534 949 594 His
982 531 1080 612 qui
1120 531 1261 591 mihi
1293 520 1556 592 serviunt
1589 520 1890 593 vocabitur
1920 549 2031 591 no-

2131 533 2187 589 Γὸ
2218 529 2379 587 καλὸν
2411 530 2577 606 ὄνομα
2637 520 3112 608 ”Ονομα’καινὸν,
3157 534 3217 589 τὸ
3257 535 3392 590 κατά
3433 534 3523 590 τὸν
3553 533 3766 612 προφή-

387 637 523 680 men
544 637 756 681 novum
784 619 940 701 quod
963 618 1349 681 benedicetur
1369 637 1548 700 super
1567 639 1803 682 omnem
1821 620 2035 684 faciem

2131 621 2212 688 τὴν
2243 622 2334 677 τὸν
2367 621 2653 700 φάσκοντα.
2707 639 2738 682 ί
2782 631 2910 687 Τοῖς
2943 620 2997 678 δὲ
3041 621 3336 680 δουλεύουσί
3405 646 3498 700 μοι
3553 621 3765 691 κληθή-

389 715 562 769 terrze
580 708 658 771 ‘9.
676 712 998 771 i—«Juxta
1027 708 1416 789 Scripturam.
1444 732 1471 770 ι
1509 708 2036 773 Deuteronomium

2131 731 2265 765 τεται
2323 707 2492 785 ὄνομα
2547 711 2746 790 οαινὸν,
2821 711 2850 767 ὃ
2908 710 3319 790 εύλογηθήσεται
3393 712 3477 769 ἐπὶ
3547 717 3652 768 πᾶν
3706 711 3766 766 τὸ

389 795 558 857 dicit.
2122 798 2403 877 πρόσωπον
2432 801 2527 866 τῆς
2553 803 2679 875 γῆς.
2731 821 2758 853 »
2798 833 2871 842 -
2921 822 2948 854 α
2984 800 3132 857 Κατά
3199 801 3298 868 τὴν
3356 801 3594 881 Γραφήν.
3637 820 3662 857 I
3699 799 3769 856 Τὸ

2130 887 2534 966 Δευτερονόμιον
2558 885 2726 965 λέγει,

471 975 513 1049 Ι,
541 973 744 1040 10-13.
772 974 1066 1057 Quisquis
1098 977 1262 1039 enim
1283 982 1465 1040 totam
1484 977 1674 1056 legem
1691 977 2042 1053 servaverit,

2209 976 2391 1040 Ὅστις
2471 977 2569 1055 γὰρ
2663 975 2786 1033 ὅλον
2817 979 2907 1033 τὸν
2989 977 3148 1034 νότίον
3228 979 3466 1058 τηρήσῃ,
3573 975 3769 1052 πταίσῃ

385 1062 699 1142 oﬂ'enderit
711 1070 909 1126 autem
929 1069 993 1126 in
1006 1066 1346 1143 uno.faclus
1357 1074 1444 1127 est
1457 1083 1589 1127 omn
1601 1066 1720 1128 ium
1736 1063 2047 1127 reus-Nam

2131 1063 2186 1121 δὲ
2216 1062 2269 1120 ἔν
2315 1067 2412 1142 lavi,
2501 1064 2684 1145 γέγονε
2752 1066 2962 1122 πάντων
3022 1065 3238 1145 ἔνοχος.
3327 1075 3368 1124 0
3425 1066 3525 1145 γὰρ
3583 1064 3767 1138 εἰπὼν,

385 1152 2050 1230 ᾳαὶἆίπὶῑεΝειηωρὴω·ἰς,άί.τὶτριὶαιη,Νσοσοι’άαε.ραοά
2131 1154 2220 1222 Μὴ
2265 1155 2580 1235 μοιχεύσῃς,
2639 1155 2763 1212 εἷπε
2831 1157 2939 1230 καὶ,
2986 1156 3074 1222 Μὴ
3133 1155 3411 1235 φονεύσῃς.
3459 1155 3518 1212 Εἰ
3598 1151 3654 1208 δὲ
3711 1157 3770 1211 οῦ

386 1241 441 1300 si.
454 1257 593 1302 nom
611 1243 808 1318 fueris
843 1242 1199 1322 mwchalus,
1223 1243 1514 1305 occideris
1546 1243 1969 1323 (amem/actus
1989 1260 2047 1305 es

2131 1244 2424 1323 μοιχεύσῃς
2559 1265 2818 1323 φονευσῃς
2940 1241 3016 1322 δὲ,
3124 1243 3342 1322 γέγονας
3463 1238 3772 1322 παραϐάτης

3644 311 3766 377 476

390 1291 797 1408 transgi‘essor
809 1329 970 1409 legis.
982 1331 1078 1392 lla
1098 1293 1403 1410 loduamin
1415 1334 1433 1393 ἰ
1445 1340 1506 1394 et
1524 1333 1609 1394 ita
1621 1291 2047 1412 faciiitisyelu-

2131 1291 2422 1323 |""l\""i"
2563 1291 2818 1323 ‘r"'"w-
2944 1291 3016 1322 τ’)
3138 1291 3342 1322 ιἰν-’τ
3470 1291 3768 1322 "'T""'""

2131 1331 2312 1407 νόμου.
2359 1332 2536 1396 Οὕτως
2603 1330 2845 1406 λαλεῖτε,
2895 1332 2982 1388 καὶ
3026 1331 3190 1396 οὕτως
3246 1343 3476 1410 ποιεῖτε,
3536 1332 3608 1395 ὡς
3683 1327 3768 1384 διὰ

386 1419 434 1478 ti
445 1435 552 1497 per
571 1417 750 1498 legem
767 1418 1066 1481 libertatis
1083 1420 1398 1496 fudit-undi
1429 1421 1736 1499 Siquidem
1742 1421 2046 1500 judicium

2131 1419 2290 1495 νόμου
2316 1420 2602 1500 ἐλευθερίας
2661 1418 2943 1495 μέλλοντες
2987 1420 3270 1499 κρίνεσθαι.
3347 1411 3410 1476 Ἠ
3453 1418 3553 1497 γάρ
3608 1417 3774 1494 κρίσις

387 1505 1042 1587 absquemisericordiu
1055 1509 1173 1570 erit
1188 1510 1240 1570 ei
1257 1511 1360 1588 qui
1375 1527 1492 1570 non
1507 1512 1800 1590 praestitit
1812 1511 2045 1572 miseri-

2131 1508 2337 1574 ἀνέλεος
2388 1516 2463 1584 τῷ
2518 1510 2596 1585 μὴ
2653 1511 2934 1580 ποιήσαντι
2990 1508 3158 1572 ἕλεος.
3236 1508 3650 1587 Κατακαυχάται
3719 1502 3774 1560 δὲ

389 1595 658 1658 cordiam
721 1594 1037 1658 Gloriatur
1076 1604 1283 1660 autem
1306 1599 1736 1660 ii'iz’serz'cordia
1761 1599 2047 1660 adversus

2131 1594 2273 1654 ἔλεον
2302 1601 2544 1677 κρίσεως.
2587 1621 2611 1652 ιι

373 1683 711 1761 judicium.

480 1773 843 1835 «Offenderit
871 1784 1068 1836 autem
1101 1775 1160 1835 in
1193 1793 1334 1836 uno.
1378 1800 1402 1829 ι)
1441 1773 1565 1836 Hoc
1597 1775 1752 1837 circa
1782 1777 2048 1840 dilectio-

396 1881 530 1924 nem
547 1863 965 1945 dixit,propter
981 1883 1150 1944 quam
1175 1863 1347 1925 etiam
1361 1883 1448 1924 om
1462 1883 1598 1926 nem
1615 1865 2043 1946 praeredentem

396 1970 734 2014 sermonem
769 1953 943 2014 latius
969 1953 1249 2015 disseruit
1279 1953 1803 2017 demonstrationis
1839 1956 2041 2036 gratia.

2131 1953 2477 2022 κατασκευήν,
2549 1954 2621 2009 Τὸ
2679 1950 2758 2025 δὲ,
2807 1952 2877 2010 Οὒ
2947 1952 3276 2032 μοιχεύσεις,
3369 1949 3428 2008 οὗ
3479 1949 3772 2028 φονεύσεις,

393 2040 534 2100 455
559 2041 719 2105 Dixit
742 2043 1060 2116 autem,Ne
1087 2042 1425 2117 mmcheris,
1456 2060 1528 2104 ne
1551 2043 1811 2125 occidas,
1839 2063 2043 2106 exem-

2131 2036 2505 2117 ὑποδείγματος
2565 2039 2748 2119 εἴρηκε
2789 2041 2967 2120 χάριν.
3059 2040 3254 2095 Σκόπει
3313 2036 3367 2093 δὲ
3423 2037 3508 2093 ὅτι
3568 2038 3654 2095 καὶ
3710 2037 3777 2091 τὰ

400 2131 480 2212 pli
511 2150 707 2192 causa.
745 2131 1072 2194 Considera
1104 2139 1300 2191 tamen
1335 2131 1490 2210 quod
1525 2132 1795 2212 exempla
1827 2132 1947 2194 sint
1975 2152 2044 2195 ex

2131 2126 2485 2207 ὑποδείγματα
2543 2129 2604 2184 έκ
2653 2139 2745 2188 τοῦ
2801 2131 2872 2193 εἷς
2959 2129 3174 2208 ἀγάπην
3232 2125 3598 2189 συντελοῦντύς
3669 2126 3768 2180 εἰσι

394 2221 545 2300 lege,
577 2228 866 2301 quatenus
889 2219 1233 2282 conferebat
1256 2220 1327 2281 ad
1361 2219 1917 2282 dilectionemﬁam
1945 2221 2045 2304 qui

2131 2217 2311 2292 νόμου,
2346 2226 2384 2273 Ο
2416 2219 2514 2296 γὰρ
2542 2217 2721 2274 τέλεον
2793 2218 3002 2296 ἐγαπῶν
3045 2221 3106 2274 τὸ
3150 2217 3399 2296 πλησίον,
3453 2216 3603 2280 οῦτος
3659 2212 3776 2273 οὐδὲ

399 2311 658 2390 perfecte
689 2309 879 2389 diligit
912 2310 1264 2390 proximum,
1297 2309 1393 2371 hic
1427 2329 1619 2391 neque
1653 2302 2046 2373 mmcliabitur

2131 2307 2428 2386 μοιχεύσει,
2473 2305 2588 2366 οὐδέ
2630 2308 2891 2386 φονεύσει.
2957 2306 3183 2388 Ἐχθροῦ
3237 2307 3337 2386 γὰρ
3415 2311 3580 2362 ταῦτα
3639 2302 3776 2360 οὕτω

396 2389 589 2480 neque
613 2389 1014 2461 occidet.Ha2c
1047 2399 1207 2460 enim
1241 2399 1370 2478 ejus
1402 2389 1540 2460 sunt
1565 2400 1665 2480 qui
1695 2400 1892 2461 animo
1924 2399 2044 2461 ini-

2131 2391 2440 2458 διατιθέντος
2470 2397 2559 2451 τὸν
2601 2396 2847 2463 πλησίον.
2911 2395 3059 2454 Ἐπεὶ
3107 2399 3148 2452 εὶ
3221 2395 3299 2471 μὴ
3369 2400 3549 2467 τοῦτο,
3609 2389 3774 2454 οὐδεὶς

395 2479 546 2549 mico
575 2489 818 2550 allectus
849 2497 938 2549 est
987 2507 1123 2566 erga
1158 2488 1512 2568 proximum.
1548 2479 2040 2569 Quandoquidem

2131 2481 2187 2538 ἂν
2221 2483 2489 2561 ἀτθρώπον
2546 2485 2760 2562 σωθείη,
2808 2483 3014 2548 οὖδενὸς
3085 2483 3304 2564 ἔχοντος
3360 2484 3421 2538 τὸ
3478 2479 3560 2536 διὰ
3589 2486 3776 2536 πασῶν

395 2577 508 2638 nisi
540 2578 619 2638 ita
646 2578 968 2652 diceretur,
1020 2565 1216 2638 nullus
1269 2577 1574 2638 hominum
1607 2565 2041 2649 salvus-ﬁeret,

2131 2577 2232 2625 τῶν
2261 2571 2484 2628 ἐντολῶν
2529 2572 2855 2637 ἀνελλιπές.⁶
2888 2565 2945 2632 Ὀ
3016 2574 3113 2653 γὰρ
3171 2572 3403 2652 ἁγνείαν,
3465 2569 3609 2651 φέρε»
3669 2589 3776 2624 λα’

396 2683 530 2725 cum
565 2685 737 2726 nemo
771 2684 875 2745 per
904 2665 1102 2726 omnia
1132 2673 1325 2726 servet
1352 2673 1781 2746 praeceptorum
1807 2667 2045 2745 integri-

2131 2661 2441 2736 τωρθωκὼς,
2473 2665 2635 2736 θυμοῦ
2666 2659 2770 2717 ἔσθ’
2841 2661 2928 2718 ὅτε
2997 2663 3241 2729 ἡττᾶται.
3306 2661 3404 2717 Καὶ
3455 2661 3482 2714 ὁ
3539 2657 3773 2731 ἐλεημο-

390 2762 571 2814 tatem
629 2754 738 2826 Qui
773 2756 931 2816 enim
964 2756 1296 2816 castitatem
1356 2755 1518 2814 verbi
1551 2745 1728 2816 causa
1769 2755 2039 2829 servavit,

2131 2747 2254 2824 σύνῃ
2310 2751 2784 2827 περιανθιζόμενες,
2837 2751 3116 2829 βασκανίᾳ,
3183 2751 3225 2805 εί
3281 2750 3456 2828 τύχοι,
3515 2745 3774 2824 ἠμαύρω-

393 2842 484 2904 ira
511 2843 808 2905 interdum
839 2853 1150 2924 superatus
1176 2851 1264 2904 est
1292 2863 1304 2902 :
1336 2851 1391 2903 et
1422 2845 1517 2922 qui
1543 2846 1930 2924 eieemosyna
1951 2863 2043 2906 or-

2131 2859 2235 2895 ται.
2271 2836 2437 2895 ’Ὡστε
2482 2840 2541 2896 οὗ
2593 2842 2709 2918 περί
2753 2843 2951 2905 παντὸς
3028 2839 3264 2916 εἴρηται,
3321 2845 3411 2894 τοῦ
3480 2837 3616 2891 κατά
3684 2835 3775 2896 νὰς

394 2940 572 3023 natus
597 2941 708 3008 est,
743 2921 967 2994 invidia
1027 2931 1298 2994 fortassis
1349 2921 2047 3023 Aoti‘uscatusestlitaque

2131 2924 2314 3003 ἀρετὰς
2372 2925 2704 3000 ἀνελλιποῦς,
2737 2927 2874 2984 ἀλλὰ
2931 2930 3047 3007 περὶ
3111 2926 3347 3006 ἀγάπης,
3409 2928 3481 2988 ὡς
3552 2925 3612 2980 οὖ

397 3041 511 3082 non
542 3021 617 3084 de
650 3007 857 3102 quovis
879 3023 1099 3083 dictum
1143 3030 1230 3084 est
1262 3020 1360 3100 qui
1402 3021 1460 3080 in
1488 3021 1797 3083 virtutibus
1820 3007 2047 3084 nullum

2131 3012 2715 3092 προσωποληπτοῦντας
2774 3015 3070 3078 ἀνελλιπῶς
3155 3015 3352 3082 ταύτην
3405 3013 3600 3092 ἀνύειν,
3659 3007 3758 3065 ἀλλ

394 3110 608 3204 habeat
640 3100 1070 3204 defectum,sed
1097 3112 1171 3173 de
1195 3111 1704 3192 dilectione,quod
1741 3131 1854 3172 non
1881 3129 2047 3194 Opor.

2139 3100 2417 3197 ὁλοτελῶς.
2466 3114 2629 3164 Τοῦτο
2671 3103 2724 3160 δὲ
2754 3105 2985 3182 καὶπερὶ
3027 3110 3132 3160 τῶν
3187 3102 3364 3161 ἄλλων
3424 3103 3622 3182 ἀρετῶν
3667 3120 3777 3179 φα-

2325 3201 2338 3204 ,
2451 3195 2463 3204 .
2615 3193 2626 3204 .
2705 3191 2727 3204 ..
2756 3194 2767 3204 .
2869 3192 2901 3204 ,ς
3089 3198 3114 3204 _
3482 3197 3508 3204 -
3679 3187 3689 3204 .

395 3207 512 3261 teat
537 3201 688 3262 hanc
704 3219 835 3262 cum
863 3201 1096 3262 defectu
1117 3220 1184 3261 ex
1211 3191 1599 3280 personarum
1627 3211 1900 3282 respectu
1921 3191 2047 3282 per-

2139 3213 2258 3266 μεν.
2289 3191 2382 3257 "Oc
2409 3195 2508 3272 γὰρ
2565 3193 2642 3268 μὴ
2699 3191 2783 3249 διὰ
2826 3192 3006 3251 τέλους
3049 3198 3154 3249 τῶν
3209 3197 3570 3271 σωφρονικῶν,
3629 3191 3775 3282 φέρε,

398 3288 602 3380 ﬁcere,
625 3289 727 3380 sed
750 3289 1020 3380 integre.
1046 3277 1390 3353 Hocautem
1420 3289 1494 3380 de
1516 3290 1648 3350 aliis
1673 3277 2047 3372 quoque-vir-

2140 3281 2307 3350 ἣτῶν
2336 3281 2547 3338 δικαίων
2616 3282 2956 3362 ἀντίσχηται,
3018 3280 3139 3338 ἀλλ’
3196 3279 3560 3358 ἐλλιπέστερον
3629 3277 3778 3356 χρή·-

397 3377 620 3440 tutibus
645 3379 1071 3472 dicimusANam
1097 3379 1194 3460 qui
1220 3399 1334 3440 non
1360 3379 1620 3460 perfecte
1648 3370 1932 3443 modestis
1953 3392 2047 3444 aut

2133 3394 2316 3439 σηται.
2377 3374 2524 3434 οὗτος
2596 3370 2852 3451 χωλεύων
2901 3373 3017 3450 περὶ
3089 3371 3187 3437 τὴν
3241 3370 3626 3465 μεταχείρισιν,
3701 3371 3778 3438 τῷ

2269 3463 2283 3472 ι
2363 3466 2388 3472 ..
2479 3461 2492 3472 ο
2599 3467 2624 3472 ..
2698 3460 2739 3472 ιλ
2843 3463 2854 3472 ι
3101 3460 3113 3472 ο
3328 3449 3340 3470 ε
3374 3457 3428 3472 -\
3588 3457 3614 3472 ν
3721 3455 3733 3472 κ

381 3467 557 3546 justis
586 3467 767 3529 rebus
797 3467 958 3529 verbi
993 3457 1177 3546 gratia
1208 3457 1478 3541 adhaisit,
1501 3469 1603 3530 sed
1638 3489 1770 3530 cum
1807 3471 2039 3534 defectu

2132 3463 2286 3518 παντί
2327 3466 2426 3528 τῆς
2469 3461 2662 3538 ἀρετῆς
2694 3460 2993 3538 ἐλυμήνατο
3048 3460 3278 3536 σώματι.
3328 3457 3499 3516 νΟλον
3555 3457 3645 3511 οῦν
3686 3457 3776 3510 τὸν

388 3557 844 3634 ususfuerit,hic
868 3559 1256 3621 claudieando
1281 3559 1338 3620 in
1364 3558 1681 3620 tractandis
1703 3560 2036 3642 virtutibus,

2131 3551 2282 3626 νόμον
2314 3553 2404 3606 τὸν
2457 3551 2574 3630 περὶ
2603 3555 2700 3618 τῆς
2733 3550 2948 3629 ἀγάπης
2978 3548 3282 3628 ἀκουστέον,
3348 3549 3464 3625 περὶ
3515 3547 3575 3602 οὗ
3603 3565 3776 3621 προη-

2274 3641 2282 3650 .
2478 3640 2491 3650 .
2544 3645 2570 3650 _
2628 3643 2640 3650 .
2873 3641 2883 3650 .
3213 3636 3250 3650 ς.
3320 3637 3361 3650 ,ς
3437 3639 3459 3650 -
3529 3635 3541 3650 .
3723 3633 3735 3650 ς

387 3646 662 3708 universo
695 3647 927 3709 virtutis
958 3666 1210 3728 corpore
1241 3649 1476 3710 vitiatus
1508 3657 1617 3709 est.
1653 3635 2038 3728 [intelligenda

2131 3641 2392 3723 γουμένως
2439 3640 2580 3712 αὖτῷ
2622 3643 2650 3696 ὁ
2715 3641 2937 3704 σκοπός.
3000 3636 3260 3714 Νόμον,δέ
3317 3635 3628 3714 ἐλευθερίας,
3689 3635 3780 3731 τρν

393 3747 480 3796 est
513 3735 690 3814 igitur
719 3736 810 3797 lex
843 3755 974 3817 qua:
1003 3727 1076 3797 de
1109 3736 1427 3799 dilectione
1445 3736 1664 3814 agit,de
1689 3756 1804 3818 qua
1829 3727 2038 3819 princi-

2131 3730 2623 3808 ἱπροσωπόληπτόν
2657 3751 2837 3808 φησιν,
2900 3727 2958 3790 ὅς
3016 3727 3156 3783 ἐστιν
3199 3729 3227 3782 ὁ
3268 3733 3361 3782 τοῦ
3411 3729 3655 3803 Χριστοῦ.
3722 3727 3777 3776 ’0

2212 1794 2241 1835 (
2290 1777 2490 1852 Πταίσῃ
2510 1773 2563 1832 δὲ
2594 1775 2647 1832 ἓν
2681 1776 2773 1833 ἑνί.
2814 1799 2841 1830 ι
2877 1783 3039 1834 Τοῦτο
3067 1777 3183 1855 περὶ
3215 1774 3426 1852 ἀγάπης
3468 1773 3676 1852 εἴρηκε,
3707 1770 3772 1828 δι’

2128 1869 2193 1930 ἦν
2252 1865 2338 1919 καὶ
2391 1864 2560 1919 πάντα
2619 1866 2708 1921 τὸν
2761 1865 2864 1942 πρὸ
2906 1864 3089 1921 τούτου
3147 1862 3411 1918 κατέτεινε
3466 1860 3624 1938 λόγον
3701 1861 3774 1924 εἷς

2068 1846 2107 1895 Β

391 3843 541 3904 puus
590 3838 678 3885 est
710 3824 820 3905 ipsi
850 3844 1088 3906 scopus.
1146 3828 1364 3906 Legem
1399 3845 1534 3886 vero
1571 3826 1858 3888 libertatis
1909 3828 2054 3896 dicit

390 3931 520 3992 quae
569 3922 730 3974 caret
779 3923 1054 3993 respectu
1116 3933 1507 3995 personarum
1569 3936 1582 3974 :
1633 3934 1764 3996 qua;
1817 3925 1906 3977 est
1956 3918 2051 3982 lex

391 4000 630 4063 Christi.
667 4000 776 4073 Qui
833 4002 990 4062 enim
1054 4021 1372 4082 personam
1426 4003 1696 4083 respicit,
1747 4023 1864 4064 non
1899 4005 2052 4068 liber

387 4097 499 4158 est,
534 4091 637 4150 sed
674 4109 878 4151 servus
911 4107 925 4152 :
960 4089 1104 4151 Nam
1138 4109 1150 4153 :
1195 4117 1219 4146 (ι
1255 4093 1300 4152 Α
1325 4111 1444 4168 quo
1469 4092 1602 4172 quis
1626 4102 1937 4172 Superatus
1961 4100 2051 4156 est

389 4179 518 4257 ejus
549 4186 607 4240 et
631 4197 837 4239 servus
867 4187 955 4240 est
975 4179 1094 4242 90.»
1124 4215 1203 4225 —
1241 4181 1572 4242 «Judicium
1608 4180 1835 4261 absque
1865 4183 2049 4245 mise-

389 4267 649 4328 ricordia
683 4267 792 4328 erit
826 4269 943 4331 ei.»
981 4267 1037 4330 Si
1071 4269 1354 4348 proximis
1377 4269 1794 4331 remiserimus
1815 4281 2052 4350 peccata

390 4355 606 4438 quibus
638 4358 694 4417 in
729 4376 835 4418 nos
859 4357 1257 4438 deliquerunt,
1287 4368 1342 4420 et
1375 4377 1594 4437 egenos
1625 4362 1723 4439 qui
1760 4359 1916 4421 inter
1944 4381 2050 4424 nos

2134 3807 2232 3898 γαρ
2287 3807 2778 3898 προσωπολήπτης,
2864 3816 2958 3872 οὒκ
3027 3814 3316 3894 ἐλεύθερος,
3377 3811 3512 3869 ἀλλὰ
3567 3807 3774 3874 δοῦλος.

2140 3932 2163 3963 α
2188 3903 2250 3988 ᾯ
2283 3910 2380 3988 γάρ
2402 3931 2480 3972 τις
2528 3907 2774 3978 ἥττηται,
2809 3905 2974 3962 τούεὼ
3001 3907 3088 3961 καὶ
3108 3902 3439 3962 δεδούλωται.
3479 3924 3506 3956 ι
3545 3933 3620 3944 -
3649 3921 3676 3953 α
3731 3903 3775 3954 Η

2133 3999 2231 4077 γὰρ
2291 3999 2456 4071 κρίσις
2500 3995 2708 4060 ἀνέλεος
2763 4001 2838 4068 τῷ
2881 3993 2958 4070 μὴ
3029 3995 3309 4063 ποιήσαντι
3353 3990 3520 4055 ἕλεος,
3561 4012 3584 4046 ο
3660 3993 3777 4077 Τῶν

2135 4074 2213 4152 εἰς
2238 4088 2451 4150 ἑαυτοὺς
2503 4085 2898 4161 ἁμαρτημάτων
2968 4083 3210 4164 ἀφιέντας
3265 4083 3408 4156 ἡμᾶς
3449 4095 3566 4141 τοῖς
3625 4074 3773 4142 πλη-

2134 4179 2267 4257 σίον,
2340 4179 2427 4234 καὶ
2481 4189 2595 4237 τοῖς
2647 4180 2754 4230 τῶν
2809 4173 3158 4251 ὑπαρχόντων
3226 4172 3363 4246 ἡμῖν
3438 4164 3770 4244 μεταδόσεως

2134 4269 2510 4326 κοινωνοῦντας
2553 4263 2673 4328 τοῖς
2703 4259 2945 4340 ἐνδεέσιν,
3009 4263 3036 4316 ὁ
3068 4260 3170 4316 ἀπὸ
3196 4270 3286 4319 τοῦ
3329 4267 3459 4318 Θεοῦ
3502 4259 3574 4321 εἰς
3632 4257 3775 4329 ἡμᾶς

2133 4354 2279 4418 ἕλεος
2324 4353 2377 4409 ἐν
2409 4359 2475 4428 τῇ
2519 4359 2624 4408 τῶν
2665 4349 3042 4427 βαϐαιωμένων
3086 4347 3414 4424 ἀναλήψεται
3471 4343 3770 4422 διαγνώσει.

389 4431 548 4520 sunt,
583 4431 1092 4527 eleemosynarum
1119 4431 1450 4508 nostrarum
1482 4431 1801 4528 participes
1835 4449 2046 4511 feceri-

2138 4443 2283 4521 Μέγα
2339 4444 2438 4520 γάρ
2516 4441 2582 4495 τὰ
2631 4439 2966 4517 κατόρθωμα,
3040 4436 3218 4515 ὥσπερ
3270 4434 3580 4497 ἀπεναντίας
3651 4431 3779 4508 βαρὺ

2163 4533 2173 4542 ι
2351 4533 2360 4542 ι
2655 4541 2658 4542 ,
2796 4531 2807 4542 ι
2955 4529 2966 4542 ι
3089 4528 3101 4542 \
3190 4528 3201 4542 ο
3273 4525 3284 4542 Ι
3358 4523 3376 4542 ἱ
3524 4525 3538 4542 1
3697 4519 3748 4542 BI

391 4554 521 4597 mus
554 4553 566 4596 :
604 4536 661 4595 in
694 4523 1072 4598 discussione
1132 4554 1339 4598 eorum
1395 4523 1523 4618 quae
1573 4535 1631 4597 in
1667 4523 1781 4598 vita
1810 4547 2046 4618 peracta

2131 4533 2188 4588 τὸ
2231 4533 2528 4609 κατάκριμα
2573 4541 2688 4591 τοῖς
2745 4531 2822 4603 μὴ
2880 4529 3010 4607 πρὸς
3053 4528 3115 4582 τὸ
3185 4523 3448 4605 ὑμόφυλον
3491 4523 3776 4579 εὒσυνειδό-

389 4633 542 4685 sunt.
583 4623 684 4685 Dei
724 4643 960 4706 quoque
992 4624 1404 4686 misericordia
1423 4643 1530 4686 nos
1555 4624 2045 4708 excipiet.Siqui-

391 4714 527 4774 dem
556 4712 615 4773 id
639 4714 988 4793 prmciarum
1015 4723 1102 4775 est
1119 4713 1880 4794 facinus,quemadmodum
1903 4735 1935 4778 e
1961 4717 2046 4778 di-

391 4819 557 4865 verso
585 4801 778 4881 gravis
807 4803 1223 4864 condemnatio
1255 4803 1369 4863 illis
1392 4801 1504 4864 erit
1534 4802 1633 4882 qui
1665 4823 1780 4864 non
1807 4803 2049 4867 fuerunt

397 4891 547 4952 bene
575 4909 644 4952 ac
676 4891 770 4972 pie
800 4892 990 4954 aﬂ'ecli
1024 4910 1162 4970 erga
1192 4911 1314 4952 sua;
1365 4894 1540 4952 sortis
1572 4891 1870 4954 homines.
1901 4893 2044 4954 Nam

394 4999 495 5042 eos
533 4980 632 5061 qui
664 4990 1014 5061 permanent
1047 4981 1208 5042 nullo
1236 4981 1630 5042 οοηιίοιειιιὶεε
1659 4981 1873 5043 affectu
1905 4983 2048 5044 moti

389 5088 526 5150 erga
556 5069 859 5152 proximos
918 5072 1018 5151 qui
1078 5071 1136 5131 in
1170 5089 1235 5130 se
1285 5069 1686 5150 deliquerunt,
1724 5072 1863 5132 mali
1894 5072 2048 5135 servi

394 5159 811 5222 condemnatio
844 5161 1298 5242 complectetur,
1352 5179 1468 5222 una
1495 5179 1626 5222 cum
1660 5160 2047 5224 retributione

394 5268 526 5328 qua:
580 5249 639 5310 in
697 5249 964 5311 oratione
1017 5250 1318 5311 Dominica
1370 5248 1734 5328 designatur.
1771 5249 1855 5312 lbi
1887 5251 2042 5312 enim

395 5336 650 5416 petimus
679 5357 712 5398 a
742 5338 858 5399 Deo
896 5347 955 5398 ut
1005 5337 1176 5399 nobis
1207 5338 1468 5400 remittat
1498 5339 1650 5400 sicut
1681 5347 1738 5400 et
1789 5359 1897 5400 nos
1943 5359 2043 5401 re-

395 5425 684 5486 mittimus
743 5425 828 5487 eis
887 5425 986 5507 qui
1043 5427 1103 5487 in
1162 5447 1268 5488 nos
1353 5428 1757 5508 deliquerunt.
1821 5426 1890 5488 Et
1945 5447 2045 5491 eos

390 5514 491 5594 qui
551 5513 682 5575 duri
741 5521 906 5588 sunt,
985 5515 1270 5597 nulloque
1347 5515 1779 5579 misericordiae
1830 5515 2045 5580 aﬂ'ectu

471 5676 528 5727 ‘9
557 5675 650 5739 Isa
680 5693 816 5753 ιω,
849 5679 910 5741 2.
997 5679 1059 5730 90
1088 5678 1137 5742 II
1168 5677 1320 5741 Pctr.
1357 5697 1425 5754 ιι,
1461 5679 1555 5742 19.

2129 4643 2233 4684 τως
2267 4619 2603 4680 διατεθεῖσιν,
2663 4616 2781 4676 Ἐπί
2836 4639 2894 4672 τε
2951 4617 3049 4696 γὰρ
3105 4616 3210 4671 τῶν
3267 4616 3338 4678 εἷς
3392 4613 3606 4676 ἑαυτοὺς
3674 4611 3775 4666 ὑπὸ

2127 4717 2234 4766 τῶν
2304 4709 2527 4776 πλησίον
2610 4704 3102 4782 πλημμεληθέντων
3146 4705 3464 4780 ἀσυμπαθίυς
3534 4699 3774 4779 διαγενο-

2130 4799 2327 4876 μένων,
2375 4800 2433 4855 τὸ
2476 4807 2567 4858 τοῦ
2622 4801 2854 4874 πονηροῦ
2905 4793 3089 4851 δούλου
3145 4794 3442 4870 κατάκριμα
3499 4811 3772 4870 περιστοι-

2130 4911 2298 4968 χισει,
2332 4889 2466 4952 μετά
2507 4888 2596 4943 καί
2623 4894 2714 4942 τοῦ
2770 4885 2824 4941 ἐν
2867 4906 2934 4961 τῃ
2991 4885 3128 4963 εὖχῇ
3185 4879 3640 4956 ἀνταποδόματος.
3678 4878 3774 4936 Καὶ

2129 4980 2229 5056 γὰρ
2261 4977 2465 5058 ἀεριέναι
2495 4979 2629 5052 ἡμῖν
2661 4975 2774 5031 ἐκεῖ
2841 4975 2875 5042 ἡ
2960 4973 3174 5039 αἴτησις
3230 4973 3358 5050 πρὸς
3404 4971 3554 5041 Θεὸν,
3601 4968 3772 5030 καθὼς

2131 5067 2218 5122 καὶ
2287 5056 2449 5142 ἡμεῖς
2505 5077 2622 5126 τοῖς
2680 5066 2750 5127 εἰς
2802 5064 2944 5138 ἡμᾶς
3019 5058 3470 5137 πλημμελήσασιν
3527 5056 3766 5136 ἀφίεμεν.

2134 5159 2232 5214 Καὶ
2272 5170 2390 5220 τοῖς
2476 5153 2714 5222 ἀνηλεῶς
2783 5151 2900 5220 ἤτοι
2957 5151 3326 5219 ἀκοινωνήτως
3384 5151 3470 5205 καί
3528 5145 3772 5225 σκληρῶς

2128 5249 2258 5327 πρὸς
2329 5247 2451 5309 τοὺς
2517 5246 2814 5325 χρῄζοντας
2886 5245 3196 5316 σωματικῆς
3275 5240 3600 5319 παραμυθίας
3652 5235 3771 5293 δια-

2128 5337 2416 5412 κειμένοις,
2463 5332 2681 5397 ἀνίλεως
2711 5333 2796 5388 καὶ
2826 5333 2861 5399 ἡ
2916 5330 3080 5408 κρίσις
3152 5330 3443 5398 ἀπαντήσει
3501 5328 3639 5385 κατά
3677 5327 3770 5382 τὸν

2130 5429 2361 5504 παρόντα
2390 5423 2571 5501 λόγον.
2613 5441 2642 5478 (
2676 5426 3086 5498 Κανακαυχᾶται
3129 5413 3184 5473 ἃ
3256 5416 3404 5473 ’έλεον
3454 5415 3699 5496 κρίσεως.
3741 5437 3763 5470 δ

2130 5520 2189 5575 Οἱ
2235 5517 2333 5595 γὰρ
2363 5512 2647 5593 ἂλεήμονες
2702 5508 3106 5582 ἐλεηθήσονται,
3163 5507 3298 5564 κατά
3365 5505 3467 5573 τὴν
3524 5506 3616 5562 τοῦ
3659 5514 3770 5563 Κυ-
