4180 6212
313 282 443 346 477

1260 288 1654 351 COMMENT.
1704 284 1784 350 IN
1830 284 2073 347 EPIST.
2121 281 2443 348 CATHOL.
2489 288 2770 351 JAGOBI.

3603 295 3719 361 478

311 416 430 496 ρίου
458 413 745 494 ἀπόφασιν.
784 406 1009 481 ιἈλλιι)ς
1075 440 1133 475 τε
1175 420 1264 476 καὶ
1322 420 1366 475 εί
1425 416 1825 496 εἰδωλολάτραις
1855 419 1883 473 ὁ
1914 416 1964 473 ἒν

2056 415 2668 495 moventnrergaillos
2682 417 2782 499 qui
2812 420 3104 499 corporali
3138 430 3317 501 egent
3348 423 3713 487 consolatio-

317 503 547 571 πένησιν
603 505 876 584 οἰκτιρμὺς
933 504 1220 588 ἐξαλείφειν
1290 507 1505 566 δύναται
1560 507 1817 582 ἁμαρτίας
1876 504 1970 587 (ὡς

316 593 378 651 ἐν
407 598 487 668 τῷ
518 593 717 662 Δανιὴλ
769 595 1120 677 ἠκούσαμεν),
1193 598 1243 655 τί
1299 599 1393 656 οὐκ
1444 596 1508 653 ἃν
1560 596 1840 676 ἐργάσαιτο
1888 594 1974 652 ἐπὶ

314 689 524 741 πιστῶν
553 683 886 766 ἂνθρώπωνς
934 695 1151 746 Τυιοῦτο
1181 685 1235 743 δὲ
1290 687 1342 744 τί
1395 709 1488 761 μοι
1551 684 1702 743 δοκεῖ
1761 687 1913 748 οὗτος
1946 686 1974 740 ὁ

320 770 475 838 ἕλεος
543 771 968 853 διαπράττεσθαι,
1034 773 1162 855 ὅπερ
1213 775 1298 832 ἐπὶ
1351 775 1455 832 τῶν
1527 773 1768 842 ἀθλητῶν
1824 782 1978 832 τοῦτο

318 858 393 928 δὴ
435 862 496 918 τὸ
524 859 630 918 ἀπὸ
658 868 765 918 τῶν
834 859 1055 942 δένδρων
1110 861 1529 944 ἒπαλειφόμενον
1583 860 1781 921 ἕλαιον.
1845 871 1974 917 Διο-

315 948 604 1007 λισθαίνειν
671 950 770 1030 γὰρ
840 951 1020 1018 οὗτοὺς
1073 949 1249 1008 δίδωσι
1339 952 1434 1017 τὰς
1510 957 1616 1008 τῶν
1673 949 1975 1009 ἀντιπαλων

315 1035 515 1102 λαϐάς,
549 1039 700 1097 Οὗτω
726 1040 814 1096 καὶ
842 1039 897 1096 ἐν
918 1047 988 1118 τῇ
1038 1044 1360 1120 παγκοσμίῳ
1416 1040 1608 1120 κρίσει,
1681 1040 1776 1102 τὰς
1832 1040 1974 1118 παρὰ

313 1133 427 1185 τῶν
476 1126 789 1205 κατηγόρων
841 1130 995 1205 ἡμῶν
1065 1128 1332 1190 δαιμόνων
1391 1130 1644 1210 ἐπιφορὰς
1702 1126 1972 1208 διαδιδρά-

319 1237 473 1273 σκειν
502 1216 774 1294 παρέξεται
802 1219 831 1275 ὁ
860 1219 934 1282 εἷς
987 1219 1109 1284 τοὺς
1167 1218 1397 1286 πλησίον
1464 1220 1621 1295 ἡμῶν
1677 1216 1849 1282 ἔλεος.
1896 1251 1971 1262 -

318 1295 575 1370 υΛλλως.
628 1328 650 1362 ι
722 1297 784 1365 Ἠ
827 1308 928 1387 γὰρ
969 1308 1135 1387 κρίσις
1193 1307 1431 1380 ἀνέλεος,
1469 1332 1497 1364 ι
1560 1307 1625 1365 Ἠ
1685 1306 1976 1385 αἰτιολογία

314 1395 454 1472 πρὸς
481 1395 603 1459 τοὺς
632 1394 684 1460 ἐξ
737 1394 991 1463 ἆπηνείας
1062 1394 1194 1476 ἄγαν
1245 1398 1308 1454 τὸ
1361 1397 1708 1478 ὑπεροπτικὸν
1752 1398 1825 1461 είς
1854 1396 1975 1461 τοὺς

317 1482 717 1565 εὐτελεστέροδς
842 1483 899 1540 ἐν
983 1484 1410 1565 προσωποληψίᾳ
1488 1482 1961 1561 ἓπιδεικνυμένους.

317 1571 703 1630 Μαλάσσειοῧν
728 1574 899 1632 αὐτῶν
944 1575 1005 1630 τὸ
1048 1573 1251 1641 ἀπηνὲς
1308 1576 1396 1631 καὶ
1439 1574 1779 1655 σκληρὸν-τῇ
1824 1574 1965 1631 ἆπο-

314 1661 505 1741 φάνσει
547 1662 715 1740 ταύτῃ
758 1660 957 1743 φοϐῶν,
1010 1662 1246 1720 τοιοῦτόν
1300 1685 1349 1720 τι
1408 1653 1589 1742 λέγων*
1614 1683 1629 1697 ⁹
1687 1653 1745 1721 Ὀ
1778 1673 1964 1743 -νόμος

314 1750 530 1827 ἆγαπᾷν
571 1754 662 1809 τὸν
694 1741 916 1819 πλησίον
985 1756 1259 1831 παρεγγυᾷ
1326 1755 1399 1815 ὡς
1484 1741 1686 1814 έουτόν.
1750 1741 1968 1831 υΩσπερ

318 1836 375 1894 δὲ
435 1842 569 1919 πρὸς
623 1841 809 1898 ἑαυτὸν
863 1842 921 1898 οὺ
991 1839 1454 1920 προσωποληωτετ
1508 1863 1585 1907 τις
1631 1840 1813 1919 (μανία
1870 1841 1969 1920 γὰρ

315 1927 527 2008 τοῦτο),
552 1927 689 1984 οὕτω
718 1928 854 2005 μηδὲ
903 1930 966 1986 σὺ
993 1928 1473 2009 πρασωπολήπτει.
1519 1932 1579 1988 Εἰ
1636 1927 1691 1985 δὲ
1747 1926 1799 1995 ἐξ
1828 1928 1968 1985 ἀπο-

320 2017 469 2081 νοίας
516 2018 604 2074 καὶ
654 2016 1017 2098 σκληρότητος
1090 2017 1174 2075 ἐπὶ
1228 2017 1682 2098 προσωποληψίαν
1736 2030 1965 2097 χωρεῖς,

318 2103 487 2185 φοϐοῦ
518 2108 712 2182 μήπως
743 2108 831 2180 καὶ
860 2108 1015 2172 αὐτὸς
1059 2113 1164 2165 τῶν
1226 2108 1423 2184 ὁμοίων
1476 2106 1629 2184 τεύξῃ
1680 2108 1823 2187 παρὰ
1877 2112 1970 2164 τοῦ

316 2192 523 2252 δικαίου
579 2206 797 2277 κριτοῦ,
873 2199 963 2254 καὶ
1044 2195 1366 2274 ἆποκλείσῃς
1447 2204 1651 2272 σεαυτῷ
1706 2198 1797 2253 τὸν
1875 2194 1967 2252 ἀπ’

318 2283 522 2341 ἐκείνου
553 2283 721 2349 ἔλεον,
765 2276 848 2342 ΊΗ
904 2287 1004 2365 γὰρ
1070 2287 1237 2365 κρίσις
1307 2285 1545 2350 ἀνέλεος.
1611 2304 1641 2345 (
1688 2294 1968 2343 Κατακαυ-

315 2380 488 2454 χᾶται
544 2372 630 2455 δά,
673 2398 696 2433 ι
759 2375 874 2432 ἀντὶ
913 2384 1027 2449 τοῦ,
1088 2381 1230 2452 νικᾷ,
1301 2376 1731 2456 καταγωνίζεται,
1780 2373 1967 2450 ἀπαμ-

316 2463 518 2526 ϐλύνει.

2053 520 2153 576 ne,
2156 502 2445 581 judicium
2464 524 2701 587 quoque
2715 506 2969 588 excipiet
2983 508 3114 572 sine
3126 509 3538 573 misericordia
3552 511 3711 590 juxta

2057 597 2408 672 praesentem
2441 611 2806 660 sermonem.
2846 620 2872 653 α
2908 595 3214 661 Gloriatur
3241 598 3436 661 auiem
3469 599 3709 662 miseri-

2056 680 2261 742 cordia
2286 680 2572 745 adversus
2593 684 3266 768 judicium.»Siquidem
3291 688 3713 754 misericordes

2060 768 2531 832 misericordiam
2549 783 2994 854 consequentur
3005 777 3173 855 juxta
3195 778 3435 840 Domini
3464 788 3711 842 senten-

2061 856 2200 919 tiam
2218 858 2741 923 91.456Praaterea
2762 881 2995 944 quoque
3015 864 3064 925 si
3097 864 3158 927 in
3183 864 3511 929 idololatris
3530 867 3708 931 mise-

2057 944 2319 1037 ricordia
2375 966 2512 1027 erga
2573 968 2867 1030 pauperes
2926 960 3120 1033 potest
3181 953 3386 1016 delere
3444 966 3706 1037 peccata,

2056 1035 2557 1115 quemadmodum
2588 1040 2648 1100 in
2678 1038 2924 1102 Daniele
2957 1040 3279 1105 didicimus
3304 1043 3381 1119 29,
3413 1035 3553 1126 quid
3587 1035 3703 1107 non

2057 1123 2322 1214 efﬁceret
2351 1126 2412 1187 in
2445 1126 2721 1190 ﬁdelibus
2748 1127 3287 1194 bominibus?Tale
3310 1123 3504 1195 autem
3535 1133 3706 1214 quid-

2056 1212 2191 1276 dam
2220 1214 2462 1304 videtur
2482 1216 2629 1278 mihi
2649 1217 2773 1280 haec
2801 1218 3210 1283 misericordia
3241 1222 3502 1298 efficere,
3530 1212 3702 1304 quale

2057 1301 2171 1363 hoc
2189 1303 2385 1366 oleum
2413 1302 2486 1365 ab
2513 1304 2826 1367 arboribus
2846 1308 3182 1385 manans,in
3204 1310 3440 1375 athletis
3462 1301 3695 1373 illitum.

2057 1390 2166 1453 Dat
2196 1392 2352 1454 enim
2375 1392 2531 1455 istud
2556 1393 2731 1471 elabi,
2753 1415 2828 1457 ne
2859 1397 2930 1457 ab
2963 1396 3312 1462 adversariis
3341 1408 3651 1464 teneantur
3683 1421 3696 1465 :

2049 1486 2108 1542 et
2132 1478 2211 1541 ita
2235 1481 2410 1542 etiam
2442 1481 2501 1543 in
2534 1483 2851 1546 universali
2876 1484 3108 1565 judicio
3147 1487 3560 1552 misericordia
3590 1508 3698 1552 no-

2048 1577 2168 1631 stra
2202 1589 2343 1661 erga
2362 1591 2581 1661 egenos
2602 1574 2767 1636 dabit
2791 1576 3051 1654 effugere
3075 1576 3334 1661 impetus
3350 1598 3419 1641 ac
3441 1579 3701 1661 pericula

2050 1673 2186 1738 qua
2215 1677 2249 1720 a
2276 1658 2648 1723 daemonibus
2701 1665 3150 1727 accusatoribus
3187 1658 3403 1729 nostris
3431 1658 3703 1729 immine-

2051 1743 2219 1836 bunt.
2252 1781 2331 1792 —
2356 1748 2493 1811 Alio
2515 1751 2712 1813 modo.
2754 1752 3081 1814 «Judicium
3107 1753 3333 1836 absque
3366 1755 3701 1819 misericor-

2053 1833 2172 1896 dia.
2213 1859 2235 1893 ι
2273 1837 2477 1927 Causa;
2496 1840 2755 1901 redditio
2786 1850 2872 1902 est
2915 1842 3195 1904 adversus
3225 1833 3327 1906 eos
3357 1843 3456 1927 qui
3486 1845 3696 1907 fastum

2053 1931 2113 2012 et
2144 1926 2534 2005 arrogantiam
2570 1947 2777 2008 magna
2808 1930 3028 1992 saevitia
3056 1926 3700 2012 demonstrarunterga

2052 2011 2412 2092 abjectiores
2434 2034 2565 2076 cum
2589 2026 2864 2098 respectu
2886 2021 3477 2100 personarum.Lenit
3499 2011 3697 2101 itaque

2053 2118 2258 2162 eorum
2290 2103 2702 2167 crudelitatem
2731 2125 2799 2168 ac
2818 2107 3236 2181 duritiam,hac
3259 2110 3553 2172 sententia
3585 2119 3698 2171 ter-

2049 2206 2212 2279 rens,
2238 2209 2305 2253 ac
2334 2191 2383 2253 si
2409 2194 2633 2258 diceret
2672 2215 2685 2255 :
2721 2197 2833 2257 Lex
2857 2196 3031 2276 jubet
3073 2198 3405 2279 proximum
3452 2198 3705 2277 diligere

2048 2277 2201 2340 sicut
2229 2279 2492 2362 seipsum
2531 2307 2543 2342 :
2599 2277 3100 2366 quemadmodum
3136 2287 3317 2367 igitur
3345 2305 3522 2349 nemo
3555 2305 3700 2366 erga

2048 2367 2311 2449 seipsurn
2338 2389 2655 2452 personam
2672 2373 2917 2454 respicit
2935 2390 3090 2443 (nam
3116 2375 3175 2436 id
3199 2376 3473 2437 insanum
3495 2380 3702 2455 es=et),

2050 2458 2133 2520 ita
2162 2475 2358 2539 neque
2389 2468 2449 2521 tu
2481 2480 2792 2543 personam
2824 2463 3310 2545 respicias.Quod
3343 2463 3392 2526 si
3424 2483 3493 2526 ex
3525 2483 3697 2526 arro-

315 2552 520 2633 gantia
546 2560 605 2615 et
633 2552 851 2617 duritia
875 2554 951 2617 ad
982 2572 1253 2637 persona
1279 2560 1615 2636 respectum
1648 2551 1938 2627 deﬂectis,
1975 2548 2116 2611 time
2150 2568 2185 2609 n
2216 2576 2219 2583 -
2248 2568 2366 2630 qno
2393 2550 2571 2612 modo
2602 2551 2730 2632 ipse
2762 2572 2998 2635 quoque
3020 2553 3239 2616 similia
3268 2572 3303 2616 a
3323 2554 3705 2635 justojudice

317 2642 731 2726 consequaris.
765 2663 834 2706 ac
865 2643 1149 2708 excludas
1177 2662 1213 2706 a
1240 2643 1429 2725 teipso
1459 2642 1624 2706 illius
1656 2638 2169 2743 misericordiam:
2210 2639 2538 2741 Siquidem.
2543 2641 2837 2721 judicium
2864 2644 3093 2743 absq-ne
3126 2641 3559 2743 m‘i-serieordia,
3584 2653 3697 2743 etc.

321 2757 353 2790 ι
390 2732 694 2798 Gloriatur
715 2743 911 2797 autem
943 2732 1359 2797 misericordia
1381 2732 1664 2795 adversus
1675 2730 1993 2813 judicium.
2031 2751 2058 2784 ι»
2088 2726 2214 2790 Hoc
2245 2738 2354 2802 est,
2388 2729 2591 2803 vincit,
2626 2739 2941 2812 expugnat,
2972 2731 3247 2795 obtundit
3296 2732 3386 2795 vel
3436 2732 3699 2795 hebetat-

959 2845 1212 2904 ΚΕΦΑΛ.
1248 2830 1333 2902 a'.

321 2966 356 3005 σ
394 2934 527 3003 υΟτι
558 2946 654 3003 οὒκ
681 2944 743 3001 ἐκ
795 2946 1022 3010 πίστεως
1080 2946 1261 3020 μόνον,
1320 2943 1458 3001 ἀλλὰ
1526 2945 1614 3000 καὶ
1678 2942 1730 3009 ἐξ
1800 2940 1967 3019 ’ἐργων

398 3025 488 3081 καὶ
511 3028 607 3083 οὐκ
636 3024 698 3105 ἔκ
741 3025 959 3105 θατέρου
1027 3023 1224 3101 ἶδίκῶς,
1283 3022 1403 3081 ἀλλ’
1462 3023 1514 3090 ἐξ
1555 3024 1758 3105 ἀμφοῖν
1855 3023 1967 3098 ἅμα

321 3105 620 3166 δικαιοῦτὰι
649 3102 918 3184 ἄνθρωπος
931 3147 944 3166 .
982 3128 1009 3160 η

2682 2836 2931 2902 CAPUT
2978 2837 3082 2904 IV.

2051 2934 2232 3011 Quod
2262 2956 2385 3001 non
2413 2957 2496 3001 ea:
2521 2943 2655 3004 sola
2674 2942 2820 3020 ﬁde,
2855 2941 2963 3004 sed
2999 2943 3181 3004 etiam
3212 2958 3288 3005 ea:
3314 2940 3611 3020 operibus,
3644 2950 3703 3004 et

2130 3034 2253 3103 non
2282 3036 2361 3103 ex
2386 3020 2586 3103 altera
2632 3025 2908 3098 seorsim,
2942 3023 3048 3084 sed
3092 3022 3277 3085 simul
3306 3039 3386 3085 ea;
3411 3023 3702 3103 utrisque

2120 3097 2498 3177 justiﬁcatur
2523 3100 2721 3164 homo.

404 3219 429 3251 ι
465 3195 526 3255 Τί
578 3197 641 3252 τὸ
693 3166 916 3276 ἑοιιξελος,⁷
962 3192 1173 3274 ἀδελφοί
1249 3215 1375 3272 μου,
1446 3193 1535 3249 ἐὰν
1605 3193 1778 3249 πίστιν
1833 3191 1964 3271 λέγῃ

2100 3166 2202 3276 ⁸ῚΙ,
2233 3166 2581 3265 ιῖι-19.Οιιαι
2601 3192 2864 3270 utilitas,
2871 3191 3104 3268 fratres
3119 3190 3324 3265 mei,si
3341 3190 3519 3270 ﬁdem
3539 3191 3700 3254 dicat

315 3308 400 3349 τις
431 3284 606 3366 ἔχειν,
635 3282 763 3364 ’έργα
809 3282 865 3340 δέ
908 3287 987 3360 μὴ
1058 3281 1216 3363 ἔχῃς
1278 3283 1368 3349 Μὴ
1437 3279 1646 3338 δύναται
1698 3283 1734 3349 ἡ
1791 3282 1964 3366 πίστις

317 3363 500 3432 σῶσαι
558 3363 756 3455 αὐτόν;
805 3371 929 3431 Ἐὰν
983 3372 1043 3429 δὲ
1126 3370 1351 3454 ἀδελφὸς
1403 3371 1440 3440 ἢ
1509 3369 1708 3451 ἀδελφὴ
1778 3363 1965 3449 γυμνοῖ

318 3465 625 3544 ὑπάρχωσι,
657 3464 745 3519 καὶ
814 3462 1121 3540 λειπόμενοι
1171 3466 1271 3520 ὦσι
1333 3466 1430 3531 τῆς
1501 3458 1764 3544 ἐφημέρω
1833 3480 1961 3539 τρο-

318 3540 658 3633 φῆς-ἐἴπῃ
715 3550 769 3609 δὲ
822 3576 902 3618 τις
974 3551 1159 3615 αὐτοῖς
1242 3551 1295 3618 ἒξ
1348 3540 1549 3628 ὑμῶν,
1595 3540 1850 3628 ’Υπάγετε
1909 3547 1963 3602 ἒν

318 3643 526 3719 εἶρήντὶο
599 3642 928 3721 θερμαίνεσθε
998 3644 1084 3698 καὶ
1155 3641 1476 3722 χορτάζεσθε
1510 3654 1524 3669 ⁸
1580 3640 1655 3712 μὴ
1711 3635 1838 3693 δῶτε
1909 3634 1963 3692 δὲ

321 3735 504 3793 αὐτοῖς
533 3732 599 3792 τὰ
668 3729 939 3801 ἐπιτήδεια
1006 3738 1099 3788 τοῦ
1170 3730 1438 3807 σώματος,
1484 3727 1535 3784 τί
1602 3730 1663 3784 τὸ
1733 3725 1959 3806 ὄφελοςς

318 3819 473 3898 Οὕτω
501 3821 587 3876 καὶ
614 3821 650 3888 ἡ
693 3821 890 3894 πίστις,
964 3819 1053 3879 ἐὰν
1123 3820 1202 3894 μὴ
1256 3818 1384 3898 ἔργα
1440 3818 1569 3898 ἔχῃ,
1642 3816 1798 3895 νεκρά
1854 3815 1963 3872 ἐστι

320 3897 441 3965 καθ⁹
512 3909 728 3978 ἑαυτήν,
799 3908 950 3966 Ἀλλ’
1020 3909 1144 3985 ἐμεῖ
1200 3930 1280 3972 τις
1328 3897 1341 3941 έ
1406 3897 1508 3963 Eb,
1561 3906 1733 3963 πίστιν
1790 3902 1959 3984 ἔχεις,

321 3996 476 4073 κάγὼ
521 3994 648 4075 ἔργα
677 3996 816 4077 ἔχω.
866 3996 1048 4064 Δετξόν
1095 4019 1184 4073 μοι
1252 3997 1352 4065 τὴν
1408 3996 1585 4052 πίστιν
1667 4015 1759 4049 σου
1815 3992 1967 4070 κάγὼ

319 4082 471 4149 δείξω
526 4107 611 4142 σοι
681 4085 742 4144 ἐκ
825 4094 929 4144 τῶν
998 4087 1169 4166 ἔαγων
1242 4107 1344 4160 μου
1425 4085 1523 4152 τὴν
1592 4085 1769 4139 πίστιν
1839 4104 1960 4157 μου.

322 4173 399 4229 Σὺ
439 4175 700 4241 πιστεύεις
755 4173 835 4231 ὅτι
879 4177 907 4232 ὁ
966 4178 1093 4239 Θεὸς
1139 4175 1224 4239 εἷς
1290 4173 1456 4247 Em;
1516 4170 1704 4234 Κάλῶς
1761 4183 1960 4234 ποιεῖς.

322 4262 422 4319 Καὶ
462 4263 529 4319 τὰ
556 4260 801 4340 δαιμόνια
842 4264 1146 4321 πιστεῦουσι
1179 4265 1269 4321 καὶ
1296 4264 1592 4344 φρίσσουσι.
1632 4283 1658 4315 n

2050 3272 2280 3355 aliquis
2297 3276 2523 3340 habere
2540 3296 2626 3359 se,
2650 3296 2834 3359 opera
2852 3295 2988 3341 vero
3002 3296 3129 3341 non
3146 3279 3399 3342 habeat?
3420 3278 3577 3341 Num
3592 3298 3700 3359 po-

2051 3369 2156 3427 test
2179 3364 2335 3444 ﬁdes
2348 3366 2579 3429 salvum
2615 3369 2816 3445 facere
2836 3366 3011 3429 illum
3030 3370 3059 3428 ?
3097 3367 3264 3441 Quod
3283 3369 3340 3428 si
3370 3368 3569 3445 frater
3595 3377 3699 3431 aut

2044 3471 2220 3515 soror
2240 3455 2719 3536 nudifuerint,et
2738 3463 2973 3537 egentes
2987 3461 3110 3519 sint
3129 3457 3486 3535 quotidiana
3510 3462 3694 3528 victu,

2046 3539 2208 3604 dicat
2226 3549 2423 3606 autem
2448 3542 2671 3622 aliquis
2689 3551 2953 3608 vestrum
2971 3543 3095 3607 illis
3117 3565 3130 3603 :
3153 3543 3329 3607 Abite
3358 3561 3492 3606 cum
3521 3562 3693 3624 pace,

2047 3626 2315 3694 calescite
2333 3640 2392 3693 et
2403 3636 2910 3708 satureminimec
2929 3642 3142 3695 tamen
3160 3632 3447 3695 dederitis
3468 3635 3697 3713 eisquw

2047 3723 2383 3782 necessaria
2410 3731 2554 3783 sunt
2576 3728 2979 3803 corpori,quae
2996 3723 3113 3785 erit
3134 3720 3369 3785 utilitas
3387 3720 3412 3782 ?
3430 3721 3564 3783 457
3591 3721 3700 3784 Sic

2046 3812 2102 3868 et
2124 3806 2339 3881 ﬁdessi
2370 3826 2556 3890 opera
2590 3829 2712 3873 non
2749 3810 3053 3887 habuerit,
3096 3817 3337 3873 mortua
3361 3818 3444 3875 est
3475 3830 3583 3893 per
3609 3830 3692 3875 se.

2044 3893 2172 3957 Sed
2184 3897 2335 3960 dicet
2359 3900 2585 3977 aliquis
2612 3916 2624 3962 :
2655 3899 2742 3961 Tu
2761 3899 2941 3980 ﬁdem
2963 3898 3233 3982 hubes,et
3253 3918 3363 3979 ego
3383 3919 3560 3981 Opera
3578 3900 3694 3963 ha-

2046 3985 2149 4049 beo
2176 4008 2189 4046 :
2214 3989 2451 4050 ostende
2469 3989 2626 4051 mihi
2642 3989 2822 4069 ﬁdem
2846 3997 3106 4066 tuam,et
3127 4007 3237 4070 ego
3259 3992 3564 4053 ostendam
3588 3989 3699 4053 tibi

2044 4093 2120 4137 ea:
2138 4077 2318 4155 factis
2360 4078 2508 4138 meis
2536 4078 2717 4157 ﬁdem
2745 4095 2961 4142 meam.
3008 4081 3091 4142 'I'u
3120 4079 3320 4143 credis
3352 4080 3507 4159 quod
3541 4080 3697 4143 Deus

2044 4181 2203 4225 unus
2234 4168 2369 4228 est?
2423 4164 2609 4229 Recte
2636 4168 2831 4246 facis:
2882 4176 2934 4230 et
2983 4168 3286 4231 daemonia
3341 4169 3595 4232 credunt
3624 4187 3697 4233 ac

2043 4256 2527 4320 contremiscunt.

398 4350 597 4408 Σκόπει
627 4353 986 4427 πνευματικὴν
1035 4354 1266 4418 σύνεσιν,
1310 4352 1384 4411 Οὔ
1437 4351 1537 4429 γὰρ
1594 4360 1718 4408 εὺπε
1774 4348 1956 4424 μόνον,

2079 4341 2523 4418 ,Animadverte
2538 4345 2906 4426 spiritualem
2922 4345 3286 4409 intellectum
3298 4346 3696 4427 .Nequeenim

316 4439 442 4495 Ἐὰν
472 4440 648 4497 πίστιν
678 4438 839 4520 ἔχῃς,
871 4440 1030 4512 ἀλλὰ,
1063 4441 1124 4498 Τί
1163 4442 1225 4498 τὸ
1250 4440 1438 4523 ὄφελος
1467 4459 1483 4516 ;
1518 4432 1761 4516 Ὠσπερει
1785 4436 1955 4514 ἔλεγε·

320 4526 505 4593 Δεῖξόν
537 4544 626 4604 μοι
652 4531 715 4586 τὸ
745 4536 985 4609 πρᾶγμα,
1030 4529 1121 4610 ἀφ’
1192 4533 1253 4586 οὗ
1320 4552 1403 4586 σοι
1461 4531 1560 4597 τὴν
1615 4525 1957 4605 προσεγορίαν

315 4617 512 4684 ταύτην
580 4615 893 4695 λογίσομαι.
952 4618 1117 4676 Τοῦτο
1150 4619 1251 4696 γὰρ
1288 4620 1349 4675 τὸ
1404 4623 1502 4685 τῆς
1547 4617 1771 4677 πίστεως
1827 4615 1957 4694 ὀφε-

313 4705 426 4770 λος.
461 4728 489 4759 ι
523 4704 675 4764 Οὕτω
704 4708 792 4763 καὶ
822 4716 855 4775 ἠ
886 4707 1085 4788 πίστις,
1158 4708 1248 4764 ἐὰν
1293 4708 1371 4784 μὴ
1430 4706 1556 4785 ’έργα
1612 4704 1743 4785 ἔχῃ,
1803 4704 1959 4782 νεκρά

312 4794 422 4850 ἐστι
464 4795 581 4851 καθ’
611 4793 827 4866 ἑαυτήν.
860 4815 891 4857 ι
925 4798 1033 4856 Οὔκ
1074 4796 1380 4877 ἀντιφάσκει
1426 4817 1590 4852 ταυτα
1631 4801 1708 4869 τῷ
1776 4815 1956 4868 μακα-

311 4884 407 4959 ρίῳ
438 4881 651 4958 Παύλῳ,
682 4886 818 4943 κατὰ
862 4884 952 4943 δύο
1000 4886 1413 4963 σημαινομένων
1445 4894 1537 4944 τοῦ
1598 4889 1697 4950 τῆς
1730 4882 1958 4945 πίστεως

310 4974 567 5047 ὀνόματος
620 4973 935 5053 φερομένου.
997 4972 1120 5034 Ἐπί
1173 4997 1232 5032 τε
1286 4976 1386 5055 γὰρ
1447 4975 1545 5041 τῆς
1617 4970 1794 5039 ἁπλῆς
1865 4977 1957 5028 τοῦ

311 5060 628 5141 φαινομένου
694 5064 1151 5142 συγκαταθέσεως,
1242 5066 1415 5123 πίστιν
1473 5063 1725 5139 εἰώθαμεν
1782 5060 1957 5138 λέγειν

313 5150 452 5206 Καθδ
495 5150 582 5207 καὶ
623 5152 747 5215 τοὺς
779 5151 1030 5228 δαίμονας
1089 5153 1328 5234 ἔγνωμεν
1381 5153 1643 5209 πιστεύειν
1698 5150 1777 5207 ὅτι
1827 5155 1958 5207 Θεοῦ

311 5237 454 5312 Υἱός,
530 5241 625 5297 Καὶ
678 5239 838 5299 πάλιν
904 5243 1002 5310 τὴν
1074 5243 1134 5300 ἐκ
1214 5240 1493 5306 διαθέσεως
1545 5239 1955 5305 ἐπακολούθησιν

309 5327 443 5401 μετὰ
470 5324 684 5404 βεϐαία)
735 5331 1166 5410 συγκαταθέσεως
1201 5337 1279 5405 τῷ
1335 5337 1433 5399 τῆς
1505 5331 1732 5394 πίστεως
1787 5350 1958 5407 προσ-

304 5416 501 5493 ρήματι
571 5417 874 5476 καλούντων
929 5421 1110 5498 ἡμῶν,
1160 5412 1408 5485 Ἰάκωϐος
1465 5420 1560 5497 μὲν
1622 5419 1720 5486 τὴν
1779 5414 1957 5483 ἂπλῆν

2043 4430 2231 4491 solum
2260 4432 2407 4493 dixit
2440 4453 2453 4494 :
2482 4433 2543 4496 Si
2566 4435 2744 4497 [idem
2769 4434 3012 4515 habeas,
3037 4435 3140 4496 sed
3160 4436 3337 4496 etiam
3365 4455 3381 4495 :
3408 4433 3549 4507 Quae
3579 4434 3694 4495 uti-

2042 4517 2179 4581 lizas
2194 4519 2225 4578 ‘.’
2243 4521 2327 4582 Ac
2345 4521 2395 4582 si
2419 4522 2644 4585 diceret
2665 4542 2677 4587 .'
2705 4523 2969 4586 Ostende
2993 4523 3140 4585 mihi
3177 4542 3325 4604 opus
3354 4542 3388 4583 a
3410 4542 3525 4604 quo
3542 4524 3691 4583 exis-

2042 4607 2254 4670 timare
2286 4611 2510 4690 possim
2535 4612 2690 4673 hanc
2711 4612 3171 4693 appellationem
3193 4611 3300 4673 tibi
3328 4610 3691 4672 convenire:

2041 4694 2099 4756 id
2127 4697 2285 4759 enim
2315 4698 2455 4761 ﬁdei
2481 4700 2703 4762 utilitas
2724 4699 2984 4764 est.aSic
3016 4708 3074 4761 et
3103 4701 3269 4776 tides,
3292 4700 3340 4761 si
3365 4718 3543 4781 opera
3572 4719 3692 4762 non

2043 4785 2576 4862 habuerit,mortua
2607 4802 2688 4852 est
2726 4809 2831 4872 per
2861 4789 3126 4853 se.-Non
3155 4791 3541 4852 adversantur
3563 4791 3690 4852 haec

2041 4872 2211 4938 beato
2245 4878 2447 4957 Paulo,
2482 4898 2617 4941 cum
2677 4899 2895 4941 nomen
2956 4879 3094 4941 ﬁdei
3124 4879 3196 4940 ad
3223 4878 3340 4940 duo
3363 4879 3691 4959 signiﬁcata

2040 4962 2261 5027 feratur
2289 4965 2372 5030 25.
2418 4966 2564 5030 Nam
2598 4968 2756 5032 etde
2796 4968 3053 5050 simplici
3100 4988 3349 5031 assensu
3381 4970 3558 5031 (idem
3590 4970 3687 5031 da-

2040 5071 2178 5116 cere
2198 5054 2652 5136 solemus,juxta
2678 5058 2820 5119 illud
2844 5058 2997 5138 quod
3025 5057 3200 5120 etiam
3226 5058 3527 5120 daemones
3557 5077 3688 5120 cre-

2041 5141 2263 5204 didisse
2290 5144 2559 5206 novimus
2589 5146 2748 5227 quod
2782 5145 2884 5208 Dei
2912 5146 3099 5209 Filius
3131 5156 3292 5210 esset
3314 5146 3585 5210 Christus
3604 5148 3682 5211 3‘.

2040 5229 2415 5313 Rursumque
2446 5252 2577 5294 cum
2605 5234 3085 5297 consecutionem
3131 5254 3200 5298 ex
3231 5236 3442 5297 affectu
3476 5254 3687 5317 procc-

2039 5319 2279 5381 dentem
2308 5340 2442 5383 cum
2472 5321 2642 5383 firmo
2665 5341 2910 5385 assensu
2942 5322 3185 5386 nomine
3213 5323 3350 5386 ﬁdei
3373 5342 3684 5407 vocemus;

2036 5408 2292 5471 Jacobus
2323 5409 2563 5491 quidem
2595 5412 2929 5493 simplicem
2988 5431 3302 5475 assensum
3334 5413 3479 5475 dic:t
3508 5413 3685 5477 tidem

384 5562 435 5605 εί
466 5564 670 5628 Matth.
705 5583 767 5642 ν,
801 5569 861 5625 ‘7.
948 5567 1005 5618 29
1032 5566 1182 5630 Dan.
1219 5584 1295 5645 iv,
1320 5568 1423 5632 24.
1509 5566 1568 5618 ’3
1595 5567 1770 5627 Rom.
1804 5580 1888 5638 Iv,
1919 5563 1947 5624 1
1986 5577 2152 5641 seqq.
2240 5558 2300 5609 94
2328 5561 2533 5626 Matth.
2570 5583 2642 5640 Iv,
2673 5567 2710 5627 3
2744 5582 2889 5647 seqq
2918 5583 2933 5641 ;
2967 5563 3086 5628 Luc
3120 5580 3197 5638 ιν,
3242 5566 3257 5628 l
3298 5582 3463 5647 seqq.
