4180 6212
341 309 452 373 481
1261 303 1658 376 COMMENT.
1704 305 1786 368 IN
1830 299 2072 368 EPIST.
2119 301 2442 364 CATHOL.
2485 301 2764 364 JACOBI.
3587 301 3708 367 482

333 441 656 507 ἀποστόλοις
687 441 930 510 λαλῆσαν
961 447 1188 516 πνεῦμα.
1223 439 1391 498 Ἀλλὰ
1433 444 1530 507 τῆς
1588 440 1686 515 μὲν
1744 436 1810 495 δι’
1854 442 1988 515 ὁμο-

2090 435 2315 516 ]υἰάεῐῐι
2347 435 2493 496 ﬁdes
2524 435 2647 496 sola
2673 434 3048 496 confessione
3073 433 3359 514 justiﬁcet
3427 437 3713 499 acceden-

333 533 516 612 λογίας
566 535 739 610 μόνης
811 531 1112 598 δικαιούσης
1181 531 1272 586 τὸν
1331 532 1636 608 προσιόντα,
1710 530 1753 586 εἰ
1807 551 1984 608 παρα-

2097 542 2214 595 em,
2240 523 2289 584 si
2316 523 2508 584 statim
2537 542 2570 585 a
2593 523 2744 585 mala
2765 523 2880 586 vita
2910 523 3175 584 discedat
3205 525 3370 599 (huic
3409 526 3567 586 enim
3597 546 3714 588 non

333 628 526 703 χρῆμα
593 621 814 678 ἀπέλθοι
884 627 976 677 τοῦ
1018 620 1130 696 βίου
1164 639 1179 653 ⁸
1240 619 1409 691 τούτῳ
1478 619 1577 696 γὰρ
1635 619 1694 674 οὖ
1750 619 1987 697 πάρεισιν

2090 614 2285 676 ttlSttnl
2315 633 2518 694 opera,
2541 613 2644 674 sed
2678 613 2979 674 sufﬁciens
3002 613 3112 693 ipsi
3135 615 3468 678 remedium
3493 625 3581 678 est
3602 636 3714 696 pu-

336 691 484 791 ξργα,
532 709 650 767 ἀλλ’
683 708 890 790 ἐφόδιον
921 711 1063 782 αὗτῷ
1104 709 1280 765 ἱκανὸν
1309 709 1343 775 ἡ
1393 705 1476 762 διὰ
1533 713 1624 762 τοῦ
1681 707 1985 783 βαπτίσμα-

2090 702 2317 791 'iﬁcatio
2349 691 2456 782 per
2484 702 2894 783 baptismum),
2927 691 3039 762 illa
3074 721 3212 764 vero
3263 703 3336 764 ab
3378 722 3450 766 eo
3472 706 3571 785 qui
3588 691 3714 784 jam

333 790 426 865 τος
454 790 730 879 κάθαρσις)
764 815 781 832 ⁸
818 805 916 866 τῆς
947 796 1001 853 δὲ
1041 800 1130 854 τὸν
1188 795 1290 864 ἤδη
1349 794 1762 872 βεϐαπτισμένον
1819 796 1984 851 ἀπαι-

2090 790 2395 871 iaptizatus
2429 791 2964 870 estrequiritetiam
2977 790 3267 852 bonorum
3288 811 3534 872 operum
3555 794 3720 856 exhi-
3781 803 3790 812 '

333 889 532 955 τούσης
610 889 699 945 καὶ
743 888 952 965 ἆγαθὼν
1039 885 1188 964 ἔργον
1247 883 1508 949 ἐπίδειξιν.
1584 885 1763 957 Τούτῳ
1819 886 1905 940 καὶ
1961 886 1988 939 ὁ

2090 880 2386 941 )ἰιὶοηεῐηε
2419 882 2562 943 Cum
2589 879 2700 940 hoc
2723 898 2899 939 sensu
2918 879 3138 941 Paulus
3160 899 3394 961 quoque
3423 882 3718 945 consentit

336 969 546 1040 Παῦλος
606 991 889 1054 συμφωνεῖ
943 975 1154 1054 ἑτέρωθι
1210 972 1378 1052 λέγων
1465 972 1628 1036 οὕτως
1700 975 1786 1030 καὶ
1841 971 1986 1028 διδά-

2090 968 2186 1028 ιιίο
2220 966 2278 1028 in
2311 969 2547 1042 loco,ita
2570 968 2874 1039 dicens,ac
2897 967 3118 1028 docens
3141 968 3316 1028 ﬁdem
3342 981 3476 1048 post
3519 970 3715 1050 bapti-

336 1089 480 1122 σκων
507 1066 606 1133 τὴν
680 1066 820 1140 μετὰ
874 1066 934 1120 τὸ
1002 1065 1274 1140 βάπτισμα
1324 1063 1519 1134 πίστιν,
1580 1063 1676 1129 τὴν
1745 1060 1828 1117 διὰ
1884 1069 1988 1118 τῶν

2090 1076 2196 1116 ima
2226 1058 2651 1135 perfectionem
2685 1057 2995 1136 requirere
3025 1075 3128 1135 per
3172 1076 3372 1136 opera,
3433 1078 3565 1120 cum
3597 1058 3708 1119 ait:

339 1154 506 1233 ἔργων
535 1153 810 1210 τελειωσιν
843 1153 1104 1232 ἀπαιτείν,
1157 1151 1210 1205 ἐν
1268 1154 1350 1213 οἷς
1410 1173 1592 1229 φησιν,
1661 1174 1682 1205 ε
1719 1150 1846 1208 Ούτε
1889 1173 1991 1207 πε-

2090 1169 2106 1201 ιι
2141 1144 2345 1226 Neque
2370 1146 2738 1208 circumcisio
2760 1145 3080 1226 quidquam
3101 1147 3251 1206 valet
3273 1165 3463 1226 neque
3486 1165 3715 1228 praepu-

341 1245 536 1322 ριτομή
602 1266 652 1298 τι
695 1243 892 1322 ἰσχύει,
953 1240 1070 1296 οὒτε
1130 1236 1468 1318 ἀκροϐυστία,
1527 1238 1664 1294 ἀλλὰ
1707 1242 1881 1302 πίστις
1925 1238 1991 1294 δι’

2090 1234 2246 1308 .ium,
2281 1236 2419 1297 459
2440 1236 2543 1296 sed
2565 1237 2709 1296 ﬁdes
2742 1253 2870 1314 quae
2928 1252 3034 1314 per
3091 1234 3471 1296 dilectionem
3501 1254 3713 1316 opera-

339 1317 555 1408 ἆγᾶπης
612 1317 984 1409 ἐνεργουμένη.
1024 1349 1047 1384 ι)
1117 1317 1292 1382 ’117δὲ
1337 1326 1542 1403 ἀγάπη.
1586 1325 1790 1395 πολλης
1835 1324 1991 1407 φιλο-

340 1420 527 1498 σοφίας
555 1417 730 1475 δεῖται
765 1420 836 1481 είς
869 1419 930 1474 τὸ
960 1415 1328 1494 πληρωθῆναι,

427 1499 678 1571 εἌλλως.
710 1514 819 1576 Της
866 1507 964 1582 μὲν
1022 1505 1082 1561 ἐκ
1139 1505 1308 1581 μόνης
1379 1506 1601 1570 πίστεως
1673 1503 1992 1569 δικαιώσεως

370 1601 402 1630 9,
438 1601 451 1618 \
558 1599 585 1619 τ
681 1595 695 1618 ν
852 1597 863 1611 ι
1041 1618 1066 1628 _
1284 1595 1336 1628 ρο
1416 1616 1435 1632 ρ

343 1621 501 1654 suam
556 1621 624 1664 ην
702 1595 942 1673 Αϐρααμ,
1007 1594 1094 1650 ὅτε
1153 1617 1436 1659 πιστευσα,

344 1687 430 1751 εἴς
500 1684 858 1758 δικαιοσύνην,
918 1689 1012 1750 τῆς

1521 1593 1766 1673 ἐλογίσθη
1837 1599 1994 1653 αὒτοῦ

1102 1681 1146 1714 (ΚΣ
1211 1682 1259 1702 νγ
1333 1683 1355 1702 ,Ι
1599 1683 1609 1700 Ι
1761 1686 1773 1701 ὶ
1916 1687 1928 1700 ο

1097 1699 1151 1738 ος.
1212 1705 1261 1747 ες
1334 1705 1522 1762 εργων,
1583 1684 1670 1739 ὃτε
1727 1707 1815 1741 τον
1885 1707 1993 1739 υιον

342 1775 628 1854 ἀνενέγκας
695 1775 780 1830 ἐπὶ
822 1775 882 1829 τὸ
949 1773 1348 1849 θυσιαστήριον,
1424 1775 1521 1829 Καὶ
1573 1774 1672 1850 γὰρ
1730 1777 1787 1831 οὐ
1840 1763 2060 1848 μόνονΒ

344 1867 408 1921 τὸ
439 1864 594 1944 ἔργον
636 1863 825 1942 ἐποίει,
872 1860 1007 1918 ἀλλὰ
1035 1862 1122 1917 καὶ
1169 1861 1265 1928 τῆς
1336 1860 1561 1924 πίστεως
1618 1866 1711 1920 οὒκ
1768 1861 1994 1932 ἀπέστη,

348 1957 432 2010 ὃτι
478 1953 530 2008 ἐν
562 1952 744 2010 Ἰσαὰκ
774 1949 959 2026 μέλλει
991 1953 1052 2006 τὸ
1101 1949 1309 2028 σπέρμα
1377 1954 1534 2008 αὐτοῦ
1589 1950 1869 2018 πληθύνειν
1927 1954 1999 2014 ὡς

344 2045 415 2100 τα
486 2042 672 2118 ἄστρα,
733 2039 1082 2118 λογισαμένος
1140 2039 1219 2094 ὅτι
1275 2040 1362 2094 καὶ
1439 2039 1498 2094 ἐκ
1546 2047 1741 2116 νεκρῶν
1798 2039 1998 2119 ἐγεῖραι

2079 1330 2174 1385 tur
2195 1323 2304 1386 εδδ
2369 1325 2549 1385 Porro
2609 1324 2845 1386 dilectio
2898 1323 3076 1403 longo
3131 1331 3264 1402 eget
3315 1324 3598 1387 exercitio
3657 1332 3721 1386 ut

2078 1414 2465 1494 compleatur.

2159 1503 2301 1565 Alio
2334 1505 2527 1565 modo.
2592 1501 2886 1564 Abraham
2921 1502 3109 1580 imago
3139 1501 3380 1582 quidem
3408 1501 3514 1563 fuit
3536 1503 3718 1582 jnsti-

2076 1592 2366 1653 ﬁcationis
2397 1612 2526 1672 qum
2548 1611 2614 1654 ex
2648 1591 2772 1651 sola
2802 1590 2919 1651 ﬁde
2950 1593 3032 1664 ﬁt,
3059 1591 3293 1670 quando
3361 1591 3718 1671 imputatum

2081 1681 2186 1741 fuit
2214 1682 2323 1761 ipsi
2361 1681 2732 1760 adjustitiam
2757 1679 2912 1760 quod
2931 1680 3368 1744 crediderit”:
3407 1682 3536 1760 ejus
3585 1700 3721 1742 vero

2083 1790 2215 1852 quze
2247 1781 2334 1831 est
2381 1790 2448 1832 ex
2483 1770 2785 1850 operibus,
2822 1769 3056 1850 quando
3088 1769 3272 1830 ﬁlium
3304 1770 3515 1830 obtulit
3542 1788 3722 1850 super

2081 1861 2262 1920 altare
2283 1861 2360 1922 28.
2387 1859 2690 1940 Siquidem
2717 1879 2830 1919 non
2854 1860 3043 1919 solum
3076 1857 3392 1938 peragebat
3421 1877 3590 1938 opus,
3613 1857 3719 1919 sed

2083 1949 2259 2010 etiam
2287 1949 2347 2009 in
2373 1950 2488 2009 ﬁde
2509 1947 2832 2027 permansit
2855 1947 3008 2025 quod
3027 1965 3130 2026 per
3146 1945 3306 2007 Isaac
3332 1947 3720 2028 multiplican-

2083 2038 2222 2098 dum
2238 2044 2610 2098 essetsemen
2638 2055 2808 2096 suum
2841 2035 2993 2094 sicut
3021 2033 3546 2105 astra,existimans
3564 2037 3719 2116 quod

350 2130 577 2193 δυνατὸς
609 2133 637 2186 6
670 2129 825 2192 Θεός.
892 2116 1088 2203 "Opto;
1120 2130 1207 2184 καὶ
1293 2129 1384 2182 τὸν
1475 2126 1644 2185 Δαυίδ
1702 2131 1728 2183 ὁ
1801 2129 2004 2194 Παῦλος

2090 2126 2259 2187 etiam
2287 2145 2353 2186 ex
2383 2125 2627 2185 mortuis
2657 2131 2856 2204 posset
2889 2126 3045 2185 Deus
3067 2123 3349 2183 suscitare
3377 2123 3460 2186 99.
3498 2125 3722 2186 Tamen

348 2220 658 2298 προκομίζει
711 2215 970 2296 μάρτλρα,
1016 2223 1190 2296 σοφῶς
1248 2214 1597 2285 διασκευάζων
1652 2219 1717 2273 τὰ
1787 2219 1992 2275 ἑαυτοῦ.

2090 2215 2300 2276 Paulus
2328 2213 2598 2294 producit
2619 2212 2792 2274 etiam
2817 2211 3000 2272 David
3023 2212 3083 2272 in
3105 2219 3311 2272 testem
3334 2214 3725 2294 30,sapienter

348 2289 495 2377 ’ᾔδει
525 2289 626 2384 γὰρ
657 2289 732 2378 τῷ
773 2289 895 2380 θείω
924 2289 1185 2379 [ίνεύμίατι
1215 2304 1314 2371 τὴν
1343 2302 1635 2378 μέλλουσαν
1683 2305 1737 2361 ἐν
1793 2314 2000 2385 Χριστῷ

2090 2323 2187 2365 sua
2207 2289 2580 2363 conﬁrmans.
2610 2300 3031 2362 Noveratenim
3053 2300 3153 2361 ille
3171 2318 3274 2380 per
3289 2289 3568 2382 Spiritiim
3593 2321 3723 2364 eam

350 2396 670 2474 παρέσεσται
699 2396 834 2450 κατὰ
861 2395 1069 2472 καιροὺς
1102 2395 1296 2454 πίστιν,
1353 2393 1445 2448 Διό
1500 2416 1628 2469 φησι
1661 2411 1675 2425 ·
1747 2417 1769 2450 ι
1809 2403 1998 2451 Μακα-

2090 2393 2259 2453 ﬁdem
2295 2410 2421 2472 qua:
2455 2391 2662 2452 futuris
2720 2388 3083 2469 temporibus
3141 2397 3380 2450 ventura
3442 2399 3566 2452 erat
3623 2410 3727 2470 per

351 2507 470 2564 ριος
517 2485 650 2561 ἀνὴρ
681 2487 726 2558 ᾧ
755 2483 815 2538 οὒ
844 2484 922 2558 μὴ
965 2482 1242 2560 λογίσηται
1303 2483 1488 2560 Κύριος
1533 2483 1808 2561 ἁμαρτίαν,
1861 2510 1888 2540 ι
1922 2521 2001 2531 —

2090 2481 2378 2544 Christum
2410 2503 2423 2539 :
2460 2479 2593 2540 ideo
2625 2478 2732 2540 ait:
2763 2479 3010 2539 «Beatus
3031 2477 3117 2538 vir
3139 2476 3232 2539 cui
3266 2497 3385 2538 non
3413 2477 3728 2558 imputabit

359 2599 388 2628 ε
425 2566 488 2630 Ἠ
519 2575 698 2634 πίστις
759 2574 926 2651 χωρὶς
984 2578 1088 2627 τῶν
1145 2571 1312 2651 ἔργων
1395 2573 1550 2650 νεκρά
1621 2571 1754 2636 ἐστι,
1795 2599 1818 2627 n
1895 2580 2006 2645 Τὴν

2091 2569 2378 2631 Dominus
2404 2577 2706 2649 peccatum
2726 2567 2804 2625 3t.
2848 2585 2992 2622 »-ι
3016 2565 3190 2627 Fides
3244 2565 3466 2647 absque
3521 2569 3724 2648 operi-

355 2664 492 2736 μετὰ
520 2663 582 2717 τὸ
637 2661 909 2737 βάπτισμα
964 2661 1143 2716 πίστιν
1227 2659 1394 2738 λέγει.
1469 2658 1628 2718 Οὐδὲν
1683 2663 1781 2740 γὰρ
1839 2667 2010 2731 πίστις

2092 2657 2202 2720 bus
2236 2671 2466 2719 mortua
2498 2667 2607 2731 est,
2649 2683 2670 2712 ι
2711 2656 2914 2718 Fidem
2943 2654 3089 2714 dicit
3117 2672 3245 2734 qua;
3274 2665 3364 2716 est
3398 2664 3527 2736 post
3550 2656 3728 2736 bapti-

356 2750 563 2830 ὠφελεῖ
593 2749 898 2829 χηρεύουσα
948 2747 1136 2826 ἔργων,
1185 2751 1336 2823 εἰμὴ
1406 2751 1493 2805 καὶ
1577 2753 1812 2825 μείζονος
1867 2757 2010 2830 ἡμᾶς

2093 2766 2239 2809 sma.
2275 2747 2431 2809 Nihil
2469 2746 2626 2807 enim
2657 2744 2892 2824 prodest
2921 2744 3069 2804 ﬁdes
3099 2743 3375 2804 destituta
3424 2745 3724 2824 operibus,

359 2841 745 2918 ἁμαρτήματος
854 2835 1127 2901 ὑποδίκους
1206 2838 1506 2918 καθίστησι,
1607 2841 1667 2895 τὸ
1751 2841 2008 2901 τάλαντον

2093 2837 2208 2896 nisi
2241 2837 2396 2918 quod
2429 2856 2534 2896 nos
2567 2833 2772 2913 majori
2801 2832 2995 2893 adhuc
3029 2840 3266 2912 peceato
3309 2832 3504 2893 reddit
3535 2833 3725 2894 obno-

355 2933 455 3012 μὲν
501 2927 783 3002 λαϐόντας,
858 2929 936 3004 μὴ
994 2928 1398 3009 ἐπιφερομένους
1458 2927 1512 2984 δὲ
1568 2931 1666 2998 τὴν
1734 2934 2004 3012 ἐργασίαν.

2090 2925 2238 3001 xios,
2267 2926 2367 3007 qui
2396 2925 2674 2986 talentum
2708 2922 2946 3002 quidem
2973 2923 3333 3001 accepimus,
3379 2920 3611 2982 lucrum
3637 2931 3727 2982 ta-

360 3010 528 3078 ιὈθεν
574 3020 661 3074 καὶ
697 3019 725 3073 6
774 3017 959 3095 Κύριος
1011 3008 1359 3096 ὑπογραμμὸν
1415 3016 1606 3091 διδοὺς,
1681 3008 1918 3097 ὼςέμετὰ
1946 3026 2008 3080 τὸ

2094 3037 2228 3078 men
2261 3035 2378 3076 non
2396 3013 2734 3074 retulimus.
2765 3009 2935 3074 Unde
2963 3008 3320 3071 etDominus
3348 3009 3730 3071 velutadum-

355 3111 634 3187 βάπτισμα
705 3107 792 3162 καὶ
876 3104 1025 3184 ἔργον
1120 3109 1256 3181 ἡμῖν
1365 3103 1470 3180 δεῖ,
1529 3108 1831 3184 βαπτισθεὶς
1904 3113 2006 3187 ὑπὸ

2092 3105 2315 3168 brando
2343 3103 2514 3165 nobis
2529 3101 2704 3162 tradit
2724 3101 2879 3180 quod
2915 3106 3044 3178 post
3072 3098 3366 3178 baptisma
3394 3102 3730 3162 necessaria

360 3197 608 3255 Ἰωάννου
678 3196 777 3262 τὴν
846 3194 1045 3274 ἔρημον
1104 3195 1314 3275 ἔφθασε,
1376 3197 1465 3251 καὶ
1534 3199 1655 3261 τοὺς
1713 3201 1848 3255 κατὰ
1917 3193 2009 3261 τοῦ

2090 3195 2262 3256 nobis
2293 3195 2414 3256 sint
2435 3209 2637 3273 opera,
2675 3209 2808 3250 cum
2839 3207 2873 3249 a
2901 3190 3124 3250 Joanne
3174 3187 3496 3266 baptizatus
3520 3188 3593 3248 ad
3623 3189 3730 3249 de-

355 3283 603 3342 διαϐόλου
645 3281 928 3362 ἀνεδέχετο
981 3283 1215 3360 ἀγῶνας,
1268 3285 1366 3341 Καὶ
1410 3283 1614 3350 Παῦλος
1659 3284 1713 3343 δὲ
1756 3302 1872 3353 τοῖς
1909 3289 2007 3357 ἤδη

2090 3291 2312 3346 sertum
2346 3281 2635 3362 pervenit,
2671 3287 2729 3340 et
2758 3277 3085 3340 certamina
3114 3275 3398 3336 adversus
3429 3275 3729 3337 diabolum

353 3382 464 3432 τῶν
513 3373 815 3451 μυστηρίων
886 3371 1154 3436 ἀξιωθετσι
1202 3387 1471 3451 παραινεῖ,
1519 3373 1712 3454 λέγων,
1767 3401 1789 3431 ιι
1827 3385 2009 3438 Σπου-

356 3464 603 3540 δάσωμεν
675 3461 928 3518 εἰσελθεῖν
999 3464 1071 3526 εἷς
1142 3463 1347 3530 ἐκείνην
1418 3467 1517 3531 τὴν
1573 3468 1927 3542 κατάπαυσιν,
1979 3494 2002 3527 ιν

358 3557 434 3618 ὡς
491 3555 586 3610 οὐκ
682 3551 942 3632 ἀρκούσης
996 3556 1096 3618 τῆς
1180 3553 1429 3624 πίστεως,
1518 3553 1637 3610 ἀλλ’
1695 3555 2008 3636 ὀφειλούσης

359 3644 709 3720 προστεθῆναι
780 3641 868 3696 καὶ
933 3645 1033 3707 τῆς
1102 3641 1479 3720 καθαριότητος
1549 3651 1641 3701 τοῦ
1698 3647 1832 3722 βίου,

365 3728 576 3797 πολλὴν
617 3730 734 3807 περὶ
775 3729 962 3786 τούτου
1003 3729 1241 3808 γενέσθαι
1285 3729 1540 3798 σπουδὴν,

454 3843 480 3875 α
516 3819 605 3886 Μὴ
674 3817 863 3875 πολλοὶ
947 3815 1247 3876 διδάσκαλοι
1305 3821 1528 3897 γίνεσθε,
1607 3819 1818 3900 ἀδελγοί
1887 3845 2005 3900 μου,

362 3908 557 3973 εἰδότες
616 3906 696 3963 ὅτι
768 3915 950 3984 μεῖζον
1049 3922 1218 3988 κρῖμα
1291 3907 1596 3986 ληψόμεθα.
1670 3911 1850 3969 Πολλὰ
1908 3914 2007 3993 γὰρ

362 3998 622 4072 πταίομεν
653 3995 902 4060 ἅπαντες.
940 4015 970 4055 )

445 4087 620 4144 Εἰπὼν
685 4083 932 4163 ἀνωτέρω
1003 4088 1092 4143 καί
1132 4083 1335 4152 διδάξας
1365 4089 1464 4156 τὴν
1491 4089 1667 4145 πίστιν
1722 4089 1799 4164 μὴ
1829 4087 2002 4146 διάκε-

2088 3372 2349 3454 suscepit
2379 3371 2457 3431 52.
2485 3371 2699 3431 Paulus
2720 3384 2952 3447 quoque
2984 3383 3086 3426 eos
3122 3363 3259 3454 _qui_
3303 3363 3580 3454 mysteria
3601 3365 3729 3454 jam

2089 3450 2822 3542 acceperantadhortatur,
2837 3455 3063 3514 dicens:
3082 3450 3478 3542 «Studeamus
3496 3452 3732 3542 ingredi

2088 3551 2151 3612 in
2181 3539 2338 3610 illam
2367 3547 2635 3628 requiem
2663 3546 2727 3595 55
2749 3562 2803 3606 ξ»
2832 3542 2998 3622 quasi
3025 3560 3143 3600 non
3171 3539 3417 3601 sufﬁciat
3447 3539 3730 3617 ﬁdes,sed

1926 3649 2013 3704 καὶ
2093 3640 2486 3719 addiquoque
2544 3634 2757 3697 debeat
2809 3632 2941 3693 vitae
3001 3629 3246 3710 puritas,
3308 3637 3366 3690 et
3420 3628 3579 3690 circa
3619 3630 3732 3691 boc

2097 3746 2372 3805 magnum
2403 3724 2679 3787 adhiberi
2711 3720 3002 3784 studium.

2174 3816 2279 3892 Ill,
2309 3817 2336 3877 1
2366 3814 2656 3878 2.Νοιίιε
2709 3811 2912 3890 plures
2969 3809 3245 3888 magistri
3288 3807 3450 3888 fieri,
3510 3807 3735 3886 fratres

2094 3908 2236 3986 mei,
2285 3905 2536 3966 scientes
2582 3901 2739 3982 quod
2824 3899 3022 3978 majus
3055 3897 3367 3976 judicium
3423 3897 3731 3978 sumpturi

2084 3997 2320 4060 simus:
2353 3995 2416 4055 in
2446 3991 2654 4055 multis
2683 3992 2846 4053 enim
2879 3987 3146 4051 labimur
3171 4003 3399 4049 omnes.

2169 4083 2314 4148 Cum
2344 4081 2404 4143 in
2427 4079 2828 4162 superioribus
2849 4076 3094 4138 dixisset
3111 4093 3178 4137 ac
3207 4074 3721 4141 docuissetﬁdeles

360 4196 451 4254 νον
536 4175 703 4254 ἔργων
800 4173 1094 4232 σπουδαίων
1172 4180 1464 4244 κεκτῆσθαι
1545 4178 1666 4241 τοὺς
1765 4179 2002 4251 πιστοὺς,

2090 4182 2154 4239 ut
2184 4173 2358 4235 ﬁdem
2385 4170 2756 4252 possiderent
2779 4186 2896 4228 non
2920 4182 3163 4254 vacuam
3200 4163 3371 4225 bonis
3421 4164 3726 4254 operibus,

361 4251 680 4346 petéGn'iati
709 4261 789 4344 ἐφ’
860 4263 1032 4342 ἕτερον
1102 4263 1323 4344 ἀδελφὸν
1379 4263 1566 4323 αούτοδ
1631 4265 2006 4346 παράγγελμα,

2091 4263 2164 4327 ad
2193 4261 2350 4324 aliud
2383 4251 2613 4322 transiit
2635 4264 2991 4338 praeceptum
3023 4253 3162 4315 huic
3183 4271 3557 4346 germanum.
3589 4253 3733 4316 Ete-

355 4335 494 4433 ἶΚαῖ
522 4353 621 4432 γάρ
677 4335 816 4416 τιλες
887 4335 1154 4410 διδάσκειν
1197 4335 1554 4434 ἐπιχειροῦσιν
1597 4354 1630 4410 ἃ
1673 4335 1750 4432 pii}
1788 4335 2008 4435 ’κατώρί

2094 4353 2216 4414 nim
2250 4349 2488 4432 quidam
2521 4335 2738 4409 docere
2768 4335 3058 4407 conantur
3085 4361 3215 4424 qum
3271 4360 3380 4402 nec
3422 4342 3549 4435 ipsi
3581 4361 3734 4435 prm-

362 4422 547 4499 O‘waav'
582 4422 775 4520 αὐτοί).
810 4443 909 4500 Καί
960 4465 1119 4522 φησιν
1201 4422 1328 4500 ὅτι..
1355 4422 1540 4519 μεῖζον
1595 4422 1684 4501 τὸ·
1711 4422 1880 4524 κρῖμα
1906 4422 2010 4502 τίῦν

2095 4422 2294 4504 εἰδηιῖ
2327 4448 2384 4502 et
2415 4438 2494 4499 ait
2521 4435 2679 4517 quod
2729 4434 2924 4524 majus
2979 4422 3729 4524 eritZeorumnjudicium,

363 4531 618 4588 τοιούτων
687 4530 821 4606 μετά
889 4541 982 4590 τοῦ
1037 4530 1202 4608 μηδὲν
1270 4531 1576 4610 κερδαίνειν.
1667 4524 1724 4592 Ὀ
1793 4535 1893 4614 γὰρ
1949 4535 2013 4590 τὰ

363 4624 446 4700 μὴ
497 4621 759 4702 προσόντα
817 4619 1056 4680 διδάσκον
1147 4625 1219 4687 ὡς
1297 4621 1422 4680 ὄντα
1485 4625 1649 4700 ἂῦτῷ,
1735 4627 2011 4706 κατάριτός

366 4712 508 4768 ἐστιν
538 4715 612 4776 ὥς
662 4709 746 4766 διὰ
815 4715 913 4778 τῆς
973 4711 1131 4768 αύτοῦ
1200 4710 1450 4790 γλώσσης
1494 4714 1821 4775 ὀλισθαίνων,
1914 4715 2012 4772 Καὶ

365 4797 596 4877 βεϐαιῶν
664 4806 818 4858 τοῦτο
872 4799 931 4855 ἐκ
1000 4800 1274 4879 περουσίας
1357 4803 1539 4881 φησίν,
1630 4803 1690 4860 Εἰ
1757 4803 1856 4882 γὰρ
1925 4805 2013 4858 καὶ

367 4888 545 4954 ἄλλως
610 4891 646 4958 ἡ
710 4888 928 4968 γλῶσσα
982 4890 1211 4970 πέφυκεν
1293 4888 1602 4947 ὀλισθαίνειν
1674 4888 1726 4956 ἐξ
1793 4891 2015 4971 ἀπροσε-

368 4975 478 5044 ξίας
519 4980 594 5036 ὧν
664 4977 753 5035 καὶ
807 4980 868 5035 τὸ
923 4991 1090 5058 κρῖμα
1133 4979 1228 5036 οὐκ
1294 4977 1667 5060 ἀποδιδράσκει
1738 4983 1766 5036 6
1821 4981 2016 5047 ταύτην

368 5067 721 5143 κεκτημένος,
755 5069 827 5132 ὡς
849 5067 1116 5144 ,Σολομῶν
1145 5091 1299 5150 φησι,
1326 5067 1520 5146 λέγων,
1561 5088 1590 5128 ι
1637 5069 1717 5126 Δι’
1761 5071 2018 5150 ἁμαρτίαν

370 5155 600 5237 χειλέων
645 5156 935 5233 ἐμπίμπτει
980 5159 1052 5221 εἷς
1082 5156 1275 5236 παγίδα
1303 5157 1640 5238 ἁμαρτωλός·
1668 5179 1696 5219 ι
1732 5165 1874 5226 ἦπου
1896 5159 1960 5216 ἂν
1989 5163 2016 5216 6

372 5245 431 5301 ἐκ
458 5246 704 5324 προνοίας
762 5247 1098 5326 ἁμαρτάνων,
1154 5244 1413 5308 διδάσκων
1466 5253 1534 5324 τῇ
1604 5246 1822 5327 γλώσσῃ
1852 5247 1885 5303 ἅ
1937 5251 2014 5324 μὴ

451 5411 508 5456 9°
535 5410 728 5492 Galat.
761 5429 819 5483 ν,
853 5413 912 5476 6.
993 5411 1055 5492 37
1086 5415 1236 5478 Gen.
1265 5431 1360 5492 xv,
1396 5417 1456 5478 6.

1568 5411 1623 5456 ’3
1653 5413 1980 5501 Gen._1_rx_u,
2011 5417 2086 5480 10
2109 5431 2278 5501 seqq.

2094 4516 2573 4611 quandoquidem
2605 4524 2754 4587 nihil
2781 4522 2930 4584 lucri
2985 4519 3328 4611 attulerunt.
3358 4516 3504 4611 Nam
3536 4517 3638 4598 qui
3666 4535 3736 4578 ea

2095 4605 2266 4681 docet
2287 4605 2418 4699 qua:
2450 4634 2568 4677 non
2599 4620 2846 4695 prosunt
2867 4617 3148 4699 tanquam
3167 4608 3268 4670 illa
3298 4605 3550 4699 habens,
3585 4624 3756 4674 cons

2095 4694 2408 4772 demus—tus
2439 4712 2531 4766 est
2563 4694 2740 4764 veluti
2769 4718 2873 4760 sua
2904 4697 3106 4776 lingua
3136 4696 3353 4776 lapsus.
3390 4694 3513 4756 Hoc
3533 4702 3734 4757 autem

2095 4795 2490 4859 abundantius
2513 4792 2869 4855 conﬁrmans
2889 4787 3055 4849 dicit.
3079 4785 3422 4866 Quanquam
3443 4783 3600 4846 enim
3621 4784 3736 4846 alio

2097 4905 2334 4967 quoque
2361 4883 2537 4946 modo
2567 4899 2634 4941 ex
2666 4875 3038 4967 negligentia
3072 4891 3260 4967 prona
3291 4881 3378 4934 est
3429 4873 3635 4967 lingua
3663 4872 3738 4967 ad

2099 4961 2443 5053 labendum,
2476 4972 2536 5034 in
2555 4987 2624 5032 ea
2645 4985 2895 5049 quorum
2909 4963 3204 5045 judicium
3229 4982 3347 5053 non
3381 4962 3620 5053 effugiet
3639 4961 3740 5043 qui

2101 5068 2252 5129 hanc
2282 5050 2488 5125 nactus
2518 5068 2629 5132 est,
2663 5053 3166 5138 quemadmodum
3200 5052 3377 5114 habet
3433 5050 3736 5127 Solomon,

2100 5155 2306 5216 dicens
2331 5173 2344 5216 :
2366 5151 2508 5211 460
2531 5169 2553 5200 α
2578 5152 2826 5227 Propter
2849 5151 3158 5226 peccatum
3196 5140 3491 5202 labiorum
3533 5139 3743 5201 incidit

2099 5248 2160 5308 in
2184 5246 2458 5326 laqueum
2481 5238 2888 5321 peccator“;
2939 5232 3127 5296 multo
3178 5240 3373 5294 tamen
3426 5231 3614 5312 magis
3642 5231 3744 5312 qui

2388 5409 2443 5454 ευ
2473 5408 2658 5472 Hebr.
2691 5425 2750 5472 χι
2781 5404 2997 5470 17-19.
3104 5399 3159 5444 ³ο
3185 5399 3358 5466 Βοιη.
3391 5417 3474 5483 Iv,
3506 5400 3544 5467 6
3571 5418 3739 5483 seqq.

369 5491 421 5537 3*
643 5509 804 5590 sui,
837 5494 896 5559 2.
986 5491 1040 5537 ³³
1066 5493 1274 5559 Matth.
1305 5491 1385 5569 η,
1419 5501 1444 5559 4
1483 5513 1649 5578 seqq.
1736 5495 1790 5540 ³⁸
1813 5491 1997 5560 Hebr.

2096 5491 2254 5582 ,ιζ’
2291 5491 2344 5538 ³⁴
2369 5493 2539 5560 Prov.
2573 5507 2680 5565 xu,
2719 5493 2815 5553 t3.

1875 5623 1940 5710 ἢ
