4180 6212
384 331 505 396 485
1325 331 1713 399 COMMENT.
1761 332 1845 397 IN
1892 330 2134 395 EPIST.
2181 334 2507 399 CATHOL.
2555 339 2834 420 JACOBI,
3656 342 3776 407 486

386 463 623 522 ποτοῦσα
651 465 715 521 τό
925 463 1093 553 ’ᾼλλά
1163 466 1251 523 καί
1308 466 1465 539 αὐτὴ,
1537 466 1686 547 φησὶ,
1746 463 2067 544 φλογίζεταιι

2146 463 2336 528 i'raude
2364 476 2640 548 operatur
2668 492 2679 526 :
2710 468 2989 550 perjuriis
3014 469 3206 533 aliena
3245 471 3432 553 carpit
3458 493 3471 531 :
3511 480 3568 535 et
3595 491 3775 553 super

385 555 488 610 ὑπὸ
527 553 626 621 τῆς
657 544 904 633 γεέννης.
953 544 1042 621 (Ως
1115 553 1275 622 δῆλον
1332 555 1437 611 ἀπὸ
1493 544 1586 613 τοῦ
1641 544 1737 619 τὴν
1808 553 2056 630 γλῶσσαν

2146 556 2338 618 ιιιῐιηίο
2368 544 2552 618 rotam
2576 544 2865 636 gehennae
2894 559 3258 624 inﬂammat:
3290 544 3404 623 hdc
3447 569 3534 623 est
3561 544 3775 624 incen-

387 642 910 721 ἀποτηγανιξομένου
953 641 1224 706 πλουσίου.
1303 643 1414 709 Τὴν
1479 641 1724 722 γλῶσσαν
1794 644 1894 720 γὰρ
1929 644 2055 730 ,οὒκ

2146 644 2222 706 dit
2250 653 2309 706 et
2337 646 2551 708 excitat
2579 646 2638 708 in
2674 666 2780 707 nos
2812 648 3171 726 gehennam,
3198 650 3375 711 veluti
3404 650 3656 730 grassari
3689 650 3774 711 fa-

398 730 533 788 ἄλλο
590 730 897 808 κολάζεται,
950 731 1042 788 διὰ
1114 734 1175 788 τὸ
1229 733 1361 811 πρὸς
1418 731 1711 788 ἀπόλαυσιν
1754 734 1839 787 καὶ
1890 728 2055 811 φλυα-

391 820 507 891 ρίαν
551 818 823 899 εὐτρεπές.
884 821 943 877 Εἴ
1015 821 1112 896 μὲν
1170 820 1259 878 οὖν
1317 825 1428 887 Τῆς
1486 819 1707 899 γεέννης
1780 817 1918 899 ἔχει,
1979 816 2051 880 ὥς

387 930 508 964 τινα
535 914 641 964 τῶν
684 907 1013 988 ἀντιγράφων
1044 908 1190 988 ἔχει,
1265 908 1404 965 οὕτω
1458 910 1519 964 τὸ
1577 908 1739 986 ῥητὸν
1814 908 2049 963 ἀναπτυ-

388 997 566 1059 κτέυν.
603 999 663 1054 Εἰ
715 995 770 1052 δὲ
812 1000 904 1054 τὸν
949 1000 1150 1078 τροχὸν
1204 1003 1300 1065 νῆς
1355 998 1614 1076 γενέσεως
1671 996 1813 1077 ἔχει,
1871 996 2051 1053 τοιαύ-

388 1107 489 1152 της
542 1087 799 1166 τυγχάνει
846 1091 943 1154 τῆς
1014 1086 1214 1151 λύσεως
1249 1102 1263 1116 ⁸
1338 1089 1545 1166 Τροχὸν
1601 1085 1882 1166 γενέσεως,
1954 1086 2055 1151 τὴν

392 1175 541 1245 ζωὴν
591 1177 749 1251 ἡμῶν
831 1198 986 1256 φησι,
1046 1175 1372 1254 Φλογίζουσα
1424 1178 1510 1233 οὗν
1564 1178 1656 1231 τὶν
1713 1176 1909 1254 τροχὸν
1960 1173 2054 1241 τῆς

388 1263 681 1343 γενέσεως,
746 1263 932 1321 σπιλοϊ
985 1264 1085 1332 τὴν
1143 1266 1309 1336 ζωήν,
1371 1263 1475 1322 Καὶ
1545 1267 1712 1345 «ioc;
1773 1268 2053 1343 Προπετὼς

2136 732 2299 795 ciens
2336 734 2647 797 adversum
2708 754 2818 797 nos
2872 736 3094 816 ignem.
3138 736 3251 800 Sed
3286 747 3342 800 et
3374 738 3522 821 ipsa,
3558 739 3770 821 inquit,

2133 821 2469 885 incenditur
2497 825 2836 903 agehenna,
2865 826 3365 905 quemadmodum
3400 828 3775 890 manifestum

2134 919 2223 971 est
2252 929 2318 972 ex
2351 912 2530 973 divite
2556 912 2655 993 qui
2689 914 2883 992 lingua
2904 914 3591 997 eruciabatur35.Neque
3612 916 3769 978 enim

2137 998 2211 1059 ob
2237 998 2392 1061 aliud
2420 1000 2619 1079 lingua
2653 1003 2914 1081 punitur,
2950 1022 3123 1083 quam
3155 1003 3290 1065 ideo
3322 1004 3477 1085 quod
3504 1012 3774 1085 prompta

2134 1086 2311 1148 fuerit
2331 1088 2401 1149 ad
2426 1088 2672 1151 delicias
2689 1101 2744 1151 et
2769 1109 2977 1171 nugas.
3004 1090 3202 1172 Itaque
3233 1092 3283 1153 si
3305 1093 3529 1171 legatur
3562 1095 3770 1156 Butam

2135 1177 2445 1256 gehennae,
2481 1179 2632 1240 sicut
2682 1179 2965 1241 nonnulla
3016 1179 3237 1242 habent
3284 1181 3661 1262 exemplaria,
3698 1182 3776 1242 ita

2136 1265 2482 1345 explicanda
2512 1286 2600 1329 εει
2630 1270 2943 1330 sententia.
3008 1266 3069 1329 Si
3112 1278 3262 1331 vero
3310 1269 3525 1333 habeat
3570 1269 3778 1331 Botam

390 1352 705 1428 κινουμένη,
736 1350 857 1434 Ἀφ’
889 1355 950 1409 οὗ
1006 1356 1034 1409 ὁ
1091 1354 1201 1429 βίος
1253 1355 1409 1429 ἡμῶν
1490 1353 1892 1433 ἐκτραχύνεται,
1923 1350 2040 1419 ἤτοι

2146 1354 2460 1427 nativitatis,
2497 1356 2670 1416 talem
2716 1358 3054 1438 assequitur
3108 1352 3463 1419 solutionem
3502 1379 3515 1420 :
3549 1359 3757 1422 Rotam

391 1445 420 1498 δ
452 1444 650 1523 χρόνος
683 1449 780 1511 τῆς
809 1447 951 1516 ζωῆς
981 1446 1159 1520 ἡμῶν.
1205 1454 1398 1504 Τοῦτον
1441 1445 1546 1523 γὰα
1589 1446 1678 1501 καὶ
1710 1447 1737 1501 ὁ
1768 1441 2038 1516 Μελῳδὸς,

2146 1443 2441 1506 tativitatis
2462 1444 2786 1507 dicitvitam
2815 1447 3483 1509 nostram.lnﬂammans
3501 1465 3638 1526 ergo
3658 1465 3761 1508 ro-

393 1533 653 1612 στέφανον
685 1534 845 1590 εἰπὼν
900 1539 992 1589 τοῦ
1046 1533 1303 1595 ἐνιαυτοῦ,
1365 1534 1627 1615 Στέφανος
1672 1530 1725 1589 δὲ
1782 1534 1868 1589 καὶ
1913 1552 2037 1611 τρο-

2146 1549 2239 1593 am
2272 1534 2594 1594 nativitatis
2653 1536 3013 1596 contaminat
3064 1535 3235 1596 vitam
3266 1556 3278 1596 :
3323 1543 3383 1597 et
3415 1535 3714 1616 quomodo
3735 1533 3765 1593 ‘I

391 1620 497 1700 χός
525 1624 586 1680 οὗ
613 1619 955 1702 διενηνόχασι
1025 1622 1160 1681 κατὰ
1213 1623 1275 1679 τὸ
1328 1621 1577 1679 κυκλικὸν
1619 1623 1708 1679 καὶ
1737 1618 2038 1701 τροχοειδὲς

2146 1622 2258 1682 162
2283 1626 2433 1686 Dum
2490 1631 2714 1684 temere
2758 1643 2826 1685 ac
2885 1624 3213 1705 petulanter
3270 1633 3558 1705 movetur,
3606 1623 3766 1685 unde

392 1711 603 1790 Τροχὸς
633 1708 689 1766 δὲ
732 1711 899 1789 δβίας
928 1713 1001 1775 ὡς
1056 1713 1128 1774 εἰς
1173 1712 1356 1767 ἑαυτὸν
1424 1710 1845 1788 ἀνελιττόμενος.
1923 1713 2067 1773 Ηώς¹

2146 1721 2506 1792 exasperatur
2536 1711 2649 1773 vita
2680 1721 2902 1783 nostra,
2936 1712 3057 1774 sive
3088 1719 3321 1794 tempus
3366 1713 3495 1774 vita:
3526 1719 3763 1773 nostrai.

392 1795 449 1852 δὲ
492 1796 683 1854 σπιλοτ
714 1799 804 1854 τὸν
848 1798 959 1874 βίον
1001 1800 1203 1873 ἡμῶν;
1260 1797 1410 1856 Οὕτω
1462 1797 1749 1873 κινουμένη
1781 1799 1854 1861 ὡς
1896 1795 2041 1852 ἀνω-

2146 1797 2254 1863 Ξοο
2283 1801 2440 1862 enim
2496 1809 2555 1862 et
2591 1802 3085 1882 Psalmographus
3116 1820 3396 1863 coronam
3427 1800 3759 1882 appellavit

394 1884 532 1965 τέρω
618 1888 925 1964 εἰρήκαμεν,
989 1875 1109 1966 Ἀφ’
1167 1890 1240 1943 ὧν
1336 1888 1426 1944 καὶ
1514 1886 1875 1967 ὲρῤυπωμένος
1959 1886 2045 1942 καὶ

2146 1889 2334 1951 licens
2362 1908 2375 1952 :
2412 1889 2739 1951 Benedices
2770 1875 3006 1951 corona;
3037 1892 3199 1954 anni.
3238 1892 3391 1954 Rota
3413 1875 3548 1951 vero
3594 1896 3653 1951 et
3673 1908 3772 1951 co-

396 1972 822 2038 πολυστένακτος
874 1978 903 2032 ὁ
959 1974 1070 2053 βίος
1168 1974 1529 2037 ἀποτελεῖται.
1624 1976 1801 2041 Οὕτως
1873 1978 1959 2032 οὖν
2018 1976 2047 2041 ἦ

2146 1996 2273 2039 rona
2304 1979 2362 2038 in
2397 1996 2467 2039 eo
2499 1979 3048 2060 conveniunt,quod
3082 1988 3329 2060 utraque
3360 1977 3668 2040 circularis
3686 1984 3775 2039 est

402 2061 623 2140 γλῶσσα
648 2063 957 2143 μετλγέσθω
1017 2071 1095 2138 τῷ
1146 2066 1281 2143 ὀρθῷ
1336 2063 1506 2144 λόγῳ,
1536 2064 1643 2123 Κᾶν
1683 2066 1783 2145 γὰρ
1850 2064 2048 2138 κόσμος

2146 2074 2189 2128 et
2219 2066 2571 2128 orbicularis
2601 2066 2746 2128 Rota
2769 2077 2967 2129 autem
2995 2067 3210 2128 dicitur
3243 2067 3371 2141 vita,
3407 2075 3684 2146 tanquam
3715 2065 3778 2126 in

400 2149 513 2207 ὶστὶ
542 2156 642 2218 τῆς
686 2150 909 2230 ἀδικίας,
982 2154 1136 2209 οἱονεὶ
1191 2155 1323 2232 πρὸς
1379 2156 1471 2210 τὸν
1525 2151 1828 2233 συρφετώδη
1883 2150 2050 2231 ὄχλον

2146 2155 2391 2236 seipsam
2446 2155 2731 2218 revoluta.
2794 2155 3102 2229 Quomodo
3169 2163 3365 2217 autem
3418 2154 3778 2216 contaminat

399 2240 488 2296 καὶ
516 2237 739 2316 δημώδη
773 2239 1100 2320 ἐκφερομένη
1171 2243 1259 2298 καὶ
1342 2241 1627 2324 βλέπουσα.
1687 2242 1898 2317 Κόσμον
1952 2240 2052 2319 γὰρ

2146 2244 2314 2306 vitam
2348 2244 2641 2305 nostram?
2661 2243 2744 2305 Ita
2769 2254 2923 2306 mota
2951 2246 3102 2307 sicut
3122 2252 3295 2307 antea
3316 2243 3573 2305 diximus
3604 2263 3616 2303 :
3647 2261 3778 2324 pro-

401 2312 619 2384 ἰνταῦθα
673 2330 734 2385 τὸ
1083 2312 1388 2389 ἀκουστέον.
1489 2312 1548 2387 Ἠ
1604 2312 1811 2405 κόσμος
1890 2312 2052 2408 ἐστὶν,

2146 2341 2270 2414 pter
2297 2351 2426 2413 qua;
2457 2341 2515 2394 et
2538 2334 2837 2395 sordidata
2866 2341 2924 2395 et
2955 2333 3128 2414 plena
3158 2333 3429 2414 suspiriis
3450 2333 3564 2394 vita
3581 2312 3781 2394 nostra

404 2416 528 2485 ἤτοι
596 2427 866 2494 κοσμοῦσα
919 2419 1020 2487 τὴν
1077 2418 1405 2499 ἀνθρωπίνην
1473 2420 1644 2500 φύσιν,
1732 2420 1904 2496 Ταύτῃ
1957 2419 2057 2497 γὰρ

2146 2422 2440 2502 peragitur
2494 2421 2620 2484 Hoc
2652 2423 2826 2483 modo
2860 2422 3033 2503 igitur
3064 2423 3261 2503 lingua
3291 2431 3452 2484 recto
3501 2439 3780 2485 sermone

405 2504 664 2576 ἀλλήλοις
707 2509 1069 2586 ξκοινωνοῦμεν
1135 2515 1242 2565 τῶν
1297 2510 1495 2566 ἑαυτῶν
1547 2508 1851 2584 νοημάτων,
1914 2506 2062 2564 Ἐπεὶ

2146 2511 2599 2589 circumagatur.
2626 2511 2854 2573 Etenim
2888 2511 3141 2573 mundus
3171 2523 3256 2574 est
3290 2510 3635 2593 iniquitatis.
3673 2528 3778 2571 ve-

401 2597 502 2652 καὶ
572 2594 710 2652 οὕτω
766 2597 904 2654 τινὲς
968 2594 1245 2673 βούλονται
1358 2600 1448 2654 τὸν
1503 2599 1705 2672 κόσμον
1773 2594 2061 2673 λαμϐάνειν

2146 2599 2254 2661 luti
2286 2600 2356 2661 ad
2389 2601 2564 2660 vilem
2613 2619 2681 2661 ac
2742 2600 3081 2680 popularem
3130 2600 3363 2664 turbam
3422 2600 3698 2663 devoluta
3728 2607 3786 2660 et

412 2685 545 2763 πρὸς
576 2685 863 2759 σημασίαν,
899 2683 1047 2741 ’Λλλ’
1106 2686 1196 2743 οὖν
1250 2689 1380 2764 πρὸς
1450 2688 1540 2743 τὸν
1611 2682 1833 2762 δημώδη
1891 2683 2060 2764 ὄχλον

2146 2689 2650 2770 respiciens.Nam
2683 2689 2939 2752 mundus
2963 2690 3074 2752 hoc
3107 2693 3234 2753 loco
3255 2689 3602 2769 intelligitur
3624 2687 3783 2749 mul-

410 2773 699 2853 φερόμενον
757 2772 954 2847 ἀδικεῖ,
999 2775 1093 2831 παῖ
1148 2774 1335 2833 σπιλοϊ
1403 2774 1526 2832 ὅλον
1614 2779 1676 2831 τὸ
1736 2781 1915 2850 σῶμα,
1973 2775 2060 2829 καὶ

2146 2778 2475 2842 titudo.Aut
2508 2779 2760 2841 mundus
2788 2779 2965 2854 est,id
3004 2786 3117 2860 est,
3176 2787 3614 2855 ornamentum,
3665 2776 3786 2839 sive

413 2861 649 2942 φλογίζει
679 2863 767 2917 τὸν
810 2863 1038 2948 τροχὸν..
1076 2868 1174 2930 τῆς
1244 2862 1526 2941 γενέσεως,
1616 2864 1701 2920 καὶ
1762 2861 2060 2942 φλογίζεται

2146 2885 2363 2929 ornans
2393 2868 2711 2929 humanam
2744 2876 3009 2929 naturam
3048 2886 3061 2930 :
3099 2887 3206 2948 per
3230 2869 3381 2930 hanc
3421 2867 3584 2928 enim
3615 2885 3785 2928 com-

416 2938 650 3016 ὗπὸντῆς
694 2938 945 3027 γεὲννὴς.
1002 2938 1197 3026 ’Ὅμως
1252 2938 1312 3010 οὗ
1382 2950 1626 3032 χαλεπὸν
1676 2938 2059 3030 μεταχειρίσα-

2146 2955 2524 3019 municamus
2555 2956 2807 3018 invicem
2839 2964 3068 3017 nostras
3098 2938 3484 3036 cogitationes
3515 2954 3787 3035 quando-

418 3041 536 3095 σθαι
564 3037 762 3104 ταύτην
790 3040 924 3118 πρὸς
965 3039 1026 3095 τὸ
1056 3038 1285 3119 εὐλόγως
1343 3043 1625 3112 κινεῖσθαι,
1692 3040 1778 3095 καὶ
1820 3041 1894 3103 ὡς
1942 3037 2005 3093 ἂν
2033 3040 2061 3093 ὁ

2146 3044 2384 3125 quidem
2441 3044 2501 3105 in
2533 3046 2641 3107 hac
2673 3064 2905 3126 quoque
2943 3044 3379 3124 signiﬁcatione
3410 3043 3608 3105 volunt
3631 3061 3787 3104 non-

414 3109 918 3209 μεταχειριζόμενος
1003 3109 1309 3208 βουληθείη.
1395 3133 1454 3189 Εἰ
1533 3109 1632 3211 γὰρ
1701 3138 1844 3188 πᾶσα
1909 3131 2059 3211 φύσις

2146 3109 2290 3195 riulli
2340 3132 2626 3197 Mundum
2670 3109 2967 3215 accipere.
2997 3109 3233 3214 "Itaque
3290 3133 3430 3195 dum
3488 3132 3683 3195 fertur
3713 3132 3784 3193 ad

408 3216 609 3297 θηρίων
679 3240 736 3275 τε
801 3221 890 3276 καὶ
943 3222 1219 3295 πετεινῶν,
1292 3220 1522 3300 ἑρπετῶν
1578 3241 1634 3275 τε
1703 3221 1790 3276 καὶ
1843 3218 2061 3277 ἐναλίων

2146 3222 2320 3285 vilem
2348 3222 2885 3303 turbam,injuriam
2920 3222 3056 3284 facit
3077 3230 3328 3283 etnocet
3357 3240 3425 3283 ac
3456 3228 3639 3282 totum
3662 3239 3790 3283 cor-

416 3305 705 3382 δαμάζεται
754 3310 843 3364 καὶ
897 3306 1212 3385 διδάμασται
1267 3315 1336 3387 τῇ
1406 3310 1554 3389 φύσει
1610 3315 1678 3386 τῇ
1735 3309 2058 3390 ἀνθρωπίνῃ,

2146 3330 2255 3392 pus
2284 3310 2668 3386 contaminat,
2687 3318 2743 3372 et
2769 3310 3094 3371 inﬂammat
3123 3318 3309 3370 rotam
3345 3308 3789 3376 nativitatis,in-

415 3396 523 3475 ἆρα
562 3401 662 3464 τὴν
690 3395 939 3477 γλῶσσαν
996 3397 1078 3455 ὅτι
1133 3398 1502 3479 ἀκατάσχετον
1542 3399 1722 3473 κανὸν,
1779 3397 1859 3456 ὅτι
1890 3398 2062 3476 μεστὴ

2146 3401 2592 3480 ﬂammaturque
2621 3417 2654 3461 a
2682 3398 2976 3479 gehenna.
3010 3397 3130 3459 Nec
3164 3406 3362 3460 tamen
3394 3398 3546 3459 hanc
3572 3397 3789 3459 difﬁci-

410 3486 495 3544 ἱοῦ
560 3486 926 3567 θανατηφόρου
985 3485 1150 3551 οὒδεὶς
1205 3487 1491 3567 ἀνθρώπων
1533 3488 1741 3545 θύναται
1785 3486 2060 3569 δαμάσαις

2148 3489 2205 3551 le
2236 3493 2326 3550 est
2354 3488 2618 3567 dirigere
2666 3496 2727 3548 ut
2783 3494 2945 3549 recte
2987 3494 3312 3560 moveatur,
3367 3494 3426 3548 et
3483 3504 3553 3547 eo
3614 3484 3790 3546 modo

412 3576 525 3632 Οὖκ
549 3571 612 3632 ἂν
644 3574 881 3652 εἴποιμι.
906 3578 967 3635 Εἰ
1009 3578 1111 3657 γὰρ
1165 3574 1465 3654 ἀδάμαστος
1532 3578 1620 3633 καὶ
1692 3575 1880 3634 οὔποτε
1934 3582 2065 3657 πρὸς

2149 3596 2263 3659 quo
2293 3575 2430 3638 velit
2458 3575 2509 3638 is
2539 3575 2639 3655 qui
2664 3575 2972 3653 gubernat.
3004 3572 3149 3635 Nam
3179 3573 3229 3635 si
3255 3572 3450 3634 omnis
3476 3581 3682 3634 natura
3713 3572 3792 3634 fe-

412 3664 480 3720 τὸ
548 3676 799 3742 κρεῖσσον
854 3665 1201 3740 ἀπονεύουσα,
1270 3671 1386 3730 πῶς
1452 3666 1505 3723 ἒν
1563 3666 1697 3744 αὒτῇ
1752 3665 2067 3745 εὐλογοῦμεν

2149 3683 2349 3728 rarum
2380 3683 2448 3726 ac
2480 3670 2784 3725 volucrum
2813 3683 2882 3725 ac
2913 3662 3278 3744 serpentium
3328 3674 3389 3724 et
3419 3660 3791 3724 marinorum

411 3753 508 3809 τὸν
571 3755 700 3810 Θεὸν
755 3754 846 3810 καὶ
917 3754 1146 3835 Πατέρα,
1214 3756 1301 3812 καὶ
1370 3754 1425 3811 ἐν
1521 3758 1655 3832 αὖτῇ
1721 3756 2067 3836 καταρώμεθα

2154 3754 2423 3817 domatur
2451 3760 2511 3815 et
2539 3752 2760 3814 domita
2790 3760 2879 3815 est
2926 3771 2959 3814 a
3008 3766 3219 3814 natura
3268 3752 3544 3824 humana,
3595 3757 3791 3811 utrum

412 3841 538 3906 τοὺς
567 3840 922 3924 ἀνθρώπουςς
982 3841 1114 3901 Ἰδοὺ
1163 3845 1292 3923 πρὸς
1360 3845 1421 3900 τὸ
1473 3842 1717 3921 βούλημα
1788 3845 2072 3924 μετάγεται

415 3937 513 3988 τοῦ
567 3930 872 4012 χρωμένου,
934 3932 1085 3990 Ἀλλ’
1143 3938 1204 3993 οὒ
1271 3934 1408 4016 χρὴ,
1480 3933 1695 4015 ἀδελφοί
1736 3958 1864 4012 μου,
1905 3942 2069 3991 ταῦτα

282 4024 307 4039 ⁸
418 4017 560 4077 οὕτω
614 4020 869 4099 γίνεσθαι.
931 4023 991 4079 Εἰ
1049 4023 1142 4102 γα,
1201 4020 1269 4079 δι’
1340 4024 1503 4091 αὐτῆς
1576 4021 1913 4102 εὐλογοῦμεν.
1974 4028 2073 4101 ἄρα

417 4108 545 4172 τοὺς
600 4108 719 4165 καθ’
773 4109 1026 4186 ὁμοίωσιν
1077 4119 1208 4191 Θεου
1263 4111 1551 4190 γεγονότας
1626 4111 1927 4191 ἀνθρώπους
1980 4110 2074 4168 οὒκ

426 4196 666 4276 αἰσχύνη
771 4185 1091 4279 καταρᾶσἸαι
1130 4185 1245 4274 ;”Η
1279 4185 1496 4257 ’δίδαιον
1563 4199 1657 4257 ἵνα
1711 4185 1774 4257 ἑκ
1825 4199 1916 4257 τοῦ
1972 4201 2071 4256 αὒ-

414 4290 513 4342 τοῦ
565 4286 830 4363 στόματος
884 4286 1169 4370 ὲξέρχηται
1258 4287 1467 4368 εὐλογία
1536 4289 1619 4346 ναὶ
1679 4288 1930 4368 κατάρας
2002 4287 2076 4347 Οὗ

419 4374 561 4453 χρήο

2153 3843 2413 3923 linguam
2446 3841 2601 3924 quod
2627 3841 2703 3903 sit
2734 3841 3125 3904 incoercibile
3156 3840 3397 3905 malum.
3429 3842 3589 3922 quod
3623 3840 3797 3920 plena

2151 3950 2379 3994 veneno
2396 3929 2928 4005 mortifero,nullus
2959 3930 3268 3992 hominum
3302 3931 3547 3991 domare
3575 3925 3797 4009 potest?

2154 4019 2533 4104 Nequaquam
2565 4019 2646 4081 ita
2666 4036 2799 4081 esse
2819 4019 3108 4100 dicerem,
3135 4017 3198 4081 Si
3227 4018 3391 4080 enim
3419 4016 3648 4080 domari
3681 4033 3799 4077 non

2157 4118 2370 4192 potest,
2411 4126 2520 4171 nec
2550 4127 2807 4191 unquam
2828 4108 2900 4170 ad
2924 4108 2983 4168 id
3009 4108 3167 4189 quod
3194 4107 3409 4169 melius
3431 4113 3520 4169 est
3541 4104 3803 4168 declinat

2155 4196 2452 4281 quomodo
2506 4215 2613 4279 per
2660 4215 2790 4259 eam
2842 4195 3253 4259 benedicimus
3282 4195 3403 4257 Deo
3435 4204 3491 4257 et
3534 4193 3712 4273 Patri,
3747 4199 3806 4255 et

2157 4306 2428 4369 perheam
2453 4286 2860 4349 maledicimus
2883 4284 3257 4349 hominibus?
3276 4284 3429 4347 Ecce
3449 4284 3521 4347 ad
3555 4286 3681 4362 ejus
3702 4281 3802 4362 qui

2084 4377 2334 4442 Dutitur
2358 4377 2723 4438 voluntatem
2754 4373 3196 4454 circumagitur.
3232 4372 3346 4435 Sed
3380 4391 3499 4433 non
3530 4377 3792 4451 oportet,

418 4462 635 4526 fratres
665 4462 808 4541 mei,
842 4463 967 4527 haec
996 4463 1077 4526 ita
1106 4464 1258 4530 ﬁeri.
1292 4463 1355 4528 Si
1385 4465 1546 4528 enim
1579 4484 1687 4548 per
1742 4466 1928 4548 ipsam
1977 4466 2391 4532 benedicimus
2437 4464 2580 4540 Deo,
2616 4484 2811 4527 annon
2844 4465 3032 4546 pudor
3062 4470 3152 4524 est
3204 4461 3570 4548 maledicere
3601 4456 3797 4548 homi-

421 4548 607 4614 nibus
637 4552 741 4634 qui
770 4552 845 4615 ad
876 4552 986 4617 Dei
1012 4553 1464 4617 similitudinem
1501 4545 1723 4617 conditi
1752 4545 1933 4618 sunt?
1961 4575 2035 4618 an
2063 4559 2290 4640 justum
2344 4563 2432 4617 est
2461 4563 2524 4616 ut
2570 4573 2642 4617 ex
2691 4545 2900 4617 eodem
2945 4570 3049 4614 ore
3089 4549 3429 4630 egrediatur
3459 4545 3798 4610 benedictio

425 4645 488 4701 et
519 4640 905 4707 maledictio?
934 4662 1054 4706 non
1084 4652 1318 4726 oportet
1358 4647 1440 4707 ita
1467 4645 1622 4706 ﬁeri.

510 4751 535 4787 ε
570 4730 723 4790 Οἷὶτω
782 4735 871 4790 καὶ
923 4735 958 4802 ἡ
1032 4733 1249 4815 γλῶσσα
1322 4737 1508 4815 μικρὸν
1567 4733 1729 4813 μέλος
1800 4735 1929 4816 ἐστὶ,
1980 4738 2068 4793 καὶ

424 4817 793 4902 μεγαλαυχετ.
920 4820 1053 4881 Ἰδοὺ
1181 4823 1367 4892 ἡλίκον
1447 4824 1548 4905 πῦρ
1648 4822 1841 4891 ἡλίκην
1939 4823 2071 4892 ὓλην

424 4907 670 4969 ἀνάπτει.
747 4913 847 4970 Καὶ
934 4914 970 4981 ἡ
1038 4912 1258 4992 γλῶσσα
1320 4915 1382 4971 τὸ
1456 4923 1578 4991 πῦρ.
1635 4905 1693 4971 Ὀ
1737 4913 1935 4989 κόσμος
1973 4914 2072 4982 τῆς

423 4994 649 5057 ἀδικίας.
733 4998 912 5066 Οὕτως
1009 5003 1046 5071 ἡ
1130 5001 1347 5081 γλῶσσα
1427 5004 1737 5061 παθίσταται
1822 5000 1876 5058 ἐν
1958 5016 2075 5061 του

424 5084 642 5163 μὲλεοιν
687 5088 868 5164 ἡμῶν,
956 5092 992 5159 ἡ
1062 5090 1326 5149 σπιλοῦσα
1423 5090 1546 5149 ὅλον
1627 5092 1688 5146 τὸ
1745 5091 1926 5173 σῶμα,
1993 5095 2080 5150 καὶ

425 5173 744 5256 γλογίζουσα
812 5180 907 5236 τὸν
979 5182 1179 5261 τροχὸν
1259 5183 1358 5249 τῆς
1414 5180 1694 5259 γενέσεως,
1781 5181 1869 5236 καὶ
1943 5179 2079 5262 φλο-

428 5266 684 5342 γιζομένη
753 5267 854 5324 ὑπὸ
964 5272 1065 5336 τῆς
1163 5269 1406 5349 γεέννης,
1520 5275 1670 5326 Πᾶσα
1744 5270 1846 5350 γὰρ
1929 5271 2079 5351 φύσις

428 5355 623 5441 θηρίων
656 5440 661 5441 ν
691 5376 750 5411 τε
807 5358 896 5413 καὶ
993 5362 1270 5440 πετεινῶν,
1355 5359 1587 5441 ἑρπετῶν
1665 5380 1725 5415 τε
1810 5360 1898 5415 καὶ
1954 5357 2079 5415 ἐνα-

428 5439 555 5499 λίων
645 5440 933 5520 δαμάζεται
1040 5449 1128 5506 καὶ
1222 5439 1537 5526 δεδάμασται
1620 5452 1690 5525 τῇ
1783 5448 1930 5527 φύσει
2013 5452 2082 5525 τῇ

513 5600 569 5646 ³⁵
596 5600 742 5667 Luc.
775 5620 897 5683 xu,
930 5603 1029 5670 24.

2232 4732 2332 4809 ΙΙΙ,
2365 4733 2492 4795 5-9.
2540 4733 2633 4797 Ita
2674 4734 2885 4814 lingua
2914 4729 3204 4812 pusillum
3236 4727 3571 4790 membrum
3603 4730 3711 4801 est,
3748 4741 3781 4786 e

2152 4840 2375 4903 magna
2394 4823 2607 4902 jactat.
2640 4823 2793 4885 Ecce
2815 4823 3076 4902 exiguus
3106 4819 3264 4900 ignis
3292 4834 3471 4898 quam
3498 4830 3793 4903 magnum

2157 4901 2477 4976 materiam
2530 4901 3162 4988 incendiLEt’lingua
3192 4908 3353 4987 ignis
3392 4912 3504 4986 est,
3535 4901 3803 4966 mundus

2160 5003 2523 5084 iniquitatis.
2559 4999 2667 5062 Sic
2696 5001 2905 5079 lingua
2954 4998 3348 5061 constituitur
3408 4997 3472 5058 in
3524 4990 3806 5084 membris

2161 5082 2388 5155 nostris
2415 5107 2546 5170 qua:
2589 5087 2855 5150 maculat
2906 5092 3096 5149 totum
3129 5092 3431 5166 corpus,et
3462 5082 3806 5170 inﬂammat

2161 5188 2361 5243 rotam
2389 5167 2756 5258 nativitatis,
2781 5184 2836 5239 et
2857 5176 3323 5255 inﬂammatum
3349 5171 3641 5253 gehenna.
3667 5167 3808 5228 465

2164 5267 2382 5331 Omnis
2410 5265 2571 5327 enim
2600 5274 2825 5328 natura
2855 5273 2906 5328 ct
2926 5265 3204 5345 ferarum
3227 5268 3283 5327 et
3312 5261 3645 5334 volucrum,
3678 5274 3808 5318 ser-

2158 5356 2545 5437 pentiumque
2570 5361 2624 5418 et
2652 5360 3033 5418 marinorum
3064 5354 3346 5416 domatur
3383 5358 3439 5415 et
3469 5349 3692 5437 domita
3722 5352 3808 5437 est

2164 5435 2202 5509 ο
2225 5450 2449 5509 natura
2478 5442 2748 5506 humana
2782 5464 2802 5506 :
2836 5444 3109 5524 linguam
3138 5450 3342 5505 autem
3362 5437 3571 5503 nullus
3605 5435 3807 5499 homi-
