4180 6212
491 302 608 367 48⁸1

492 453 639 498 num
679 435 929 497 domare
952 427 1604 512 potestanoei-cibile
1651 428 1902 500 malum,
1953 423 2109 504 plent

2216 415 2512 494 ἀνθρωπίνῃ
2547 435 2560 450 ⁸
2652 420 2751 487 τὴν
2861 418 2916 476 δὲ

489 543 718 587 veneno
741 503 1070 596 morti/ero.
1105 521 1224 582 Per
1250 521 1447 597 ipsam
1497 516 1902 580 benedicimus
1934 503 2059 574 Deo
2088 529 2109 572 ε

2221 503 2496 583 ἐνθρώπων
2595 505 2824 584 δαμάσαι
2848 527 2871 585 ;

492 615 695 683 Patri,
726 619 784 675 et
810 594 1138 690 per-ipsam
1168 594 1591 668 maledicimus
1639 603 1987 668 hominibus
2030 603 2139 682 qui
2219 594 2318 690 σςτὴ

489 705 566 766 ad
594 700 1056 766 similitudinem
1089 695 1201 757 Dei
1231 696 1464 758 conditi
1494 702 1664 759 sunt.

575 993 600 1022 α
637 969 720 1026 lla
749 973 806 1026 et
836 965 1091 1044 lingua.»
1129 961 1434 1043 Tanquam
1467 961 1768 1022 diceretur
1802 981 1814 1017 :
1847 955 1932 1019 Ad
1955 973 2126 1016 eum-

490 1057 624 1118 dem
658 1055 897 1116 modum
932 1061 991 1114 et
1023 1053 1219 1132 lingua
1249 1059 1411 1113 recte
1445 1049 1663 1110 moveri
1687 1048 1884 1118 debet,
1920 1064 2050 1128 quae
2073 1051 2129 1105 et

484 1145 534 1206 si
566 1143 843 1225 pusillum
874 1142 950 1203 sit
980 1140 1334 1212 membrum,
1369 1157 1578 1213 magna
1605 1148 1799 1198 tamen
1825 1141 2119 1225 operatur.

486 1224 639 1294 bona
660 1232 935 1293 videlicet
969 1238 1026 1291 et
1056 1230 1207 1290 mala
1237 1250 1248 1287 :
1279 1247 1394 1288 non
1450 1235 1537 1287 est
1589 1234 1784 1286 autem
1820 1224 1971 1284 adeo
2022 1241 2125 1281 ex-

486 1322 720 1402 plicitus
765 1337 964 1381 sermo
991 1368 1007 1399 ,
1057 1316 1339 1398 quoniam
1388 1313 1714 1377 abbreviati
1743 1313 1903 1402 verbi
1935 1309 2120 1402 disci-

485 1399 656 1490 pulus
687 1418 776 1471 est
803 1409 903 1489 qui
928 1409 1040 1469 hoc
1072 1405 1300 1467 scribit.
1340 1427 1362 1460 ιι
1401 1403 1654 1466 Mundus
1700 1399 2051 1482 iniquitatis.
2078 1423 2115 1490 ⁸››

481 1487 765 1561 Mundum
799 1487 912 1558 boc
942 1497 1072 1556 loco
1103 1495 1306 1556 volunt
1334 1492 1574 1573 quidam
1607 1491 1943 1570 significare
1975 1487 2120 1548 mul-

484 1587 820 1660 titudinem,
882 1582 1375 1665 quemadmodum
1437 1581 1610 1642 etiam
1668 1579 1767 1640 ubi
1821 1577 2040 1640 dicitur
2102 1600 2114 1640 :

1619 284 2034 361 CECUMENII
2080 283 2378 348 TRICGIE
2420 283 2755 351 EPISGOPI

3014 421 3260 500 γλῶσσαν
3358 425 3524 490 οὖδεὶς
3651 423 3866 483 δύναται

2980 509 3037 566 Ἀ
3045 513 3375 594 κατάσχετον
3497 515 3660 572 κακὸν
3772 534 3865 589 με·

2435 597 2514 652 ἱου
2619 599 3004 678 θανατηφόρου,
3123 599 3210 657 Ἐν
3307 607 3438 680 αὐτῇ
3547 602 3864 682 εῦλογοίμεν

2214 683 2306 738 τὸν
2378 687 2506 740 Θεὸν
2575 687 2662 741 καὶ
2734 688 2960 764 Πατέρα,
3032 691 3118 746 καὶ
3185 689 3238 745 ἐν
3313 694 3446 770 αῦτῇ
3516 692 3864 771 καταρώμεθα

2210 772 2330 836 τούς
2451 775 2749 852 ἀνθρώπους
2860 777 2975 834 καθ’
3112 781 3364 856 ὁμοίωσιν
3475 780 3605 838 Θεοῦ
3698 803 3864 860 γεγο-

2211 861 2388 926 νότας,

2299 975 2320 1006 ιι
2372 950 2520 1008 Οῦτω
2547 952 2635 1008 καὶ
2676 952 2911 1031 γλῶσσα.
2956 978 2979 1014 ι
3031 956 3181 1013 Ἀντὲ
3210 965 3304 1015 τοῦ
3341 979 3352 991 '
3386 960 3487 1018 Τὸν
3531 960 3686 1017 αὐτὸν
3727 960 3857 1038 τρό-

2209 1062 2308 1096 πον
2351 1042 2500 1108 καὶὴ
2530 1039 2748 1120 γλῶσσα
2817 1043 3010 1123 ὀφείλει
3065 1050 3322 1104 κινεῖσθαι
3406 1047 3607 1128 καλῶς,
3657 1049 3686 1104 ὃ
3755 1048 3854 1104 κᾶν

2211 1131 2396 1216 μικρὸν
2425 1129 2585 1204 μέλος
2666 1131 2824 1207 ἐστὶν,
2875 1131 3011 1188 ἀλλὰ
3070 1134 3276 1213 μεγάλα
3347 1137 3642 1216 ἐργάζεται,
3713 1137 3852 1194 καλὰ

2209 1215 2410 1284 δηλαδὴ
2452 1221 2538 1274 καὶ
2566 1221 2724 1282 κακά.
2799 1223 2904 1278 Οὐκ
2948 1222 3247 1289 ἐξηπλωται
3278 1223 3332 1281 δὲ
3390 1225 3576 1307 οὕτως,
3629 1215 3716 1282 Ῠὸτι
3761 1231 3854 1280 τοῦ

2206 1298 2630 1373 συντετμημένου
2713 1301 2872 1380 λόγου
2963 1305 3226 1378 μαθητὴς,
3303 1308 3330 1361 6
3385 1298 3574 1365 ταῦτα’
3605 1306 3846 1386 φράςρων.

2211 1418 2237 1449 α
2275 1387 2329 1452 Ὀ
2395 1397 2595 1471 κόσμος
2648 1403 2746 1465 τῆς
2805 1397 3027 1463 ἀδικίας.
3068 1424 3094 1454 n
3161 1402 3370 1478 Κόσμον
3427 1403 3564 1466 τινὲς
3635 1403 3852 1460 ἐνταῦθα

2199 1483 2492 1570 τὸῇπλῆθος
2542 1485 2817 1561 βούλονται
2891 1490 3190 1564 σημαίνειν,
3239 1491 3416 1570 ὥσπερ
3484 1493 3571 1548 καὶ
3623 1491 3676 1548 ἐν
3747 1497 3847 1569 τῷ,

2208 1592 2238 1632 (
2272 1564 2328 1632 Ὀ
2373 1575 2571 1651 κόσμος
2602 1577 2754 1633 αὑτὸν
2786 1579 2878 1634 οῦκ
2909 1577 3066 1656 ἔγνω,
3108 1603 3129 1634 υ
3152 1580 3312 1660 ,-ἂντὶ,
3358 1564 3469 1656 τοῦ,
3515 1583 3576 1637 τὸ
3609 1564 3851 1656 δημῶδες

491 1699 513 1732 ιι
550 1676 797 1737 Mundus
827 1661 958 1736 eum
993 1692 1106 1734 non
1131 1671 1402 1748 cognovit
1422 1672 1505 1745 36,
1525 1671 1668 1731 ιιιοο
1699 1667 2109 1748 est,popularis

2200 1661 2424 1750 πλῆθος.
2459 1664 2663 1739 Κόσμος
2707 1665 2793 1721 οὖν
2821 1669 2909 1722 καὶ
2965 1668 2998 1735 ἡ
3034 1666 3252 1744 γλῶσσα
3316 1671 3572 1750 τουτέστι,
3646 1668 3849 1735 πλῆθος

484 1764 823 1827 multitudo.
875 1762 1130 1825 Mundus
1187 1760 1365 1840 igitur
1413 1768 1503 1821 est
1549 1768 1608 1820 et
1658 1758 1876 1837 lingua,
1931 1756 1989 1816 id
2031 1763 2118 1816 est

486 1853 794 1914 multitudo
825 1851 1174 1931 iniquitatis.
1222 1850 1292 1912 Et
1336 1857 1556 1930 quanta
1595 1849 1642 1909 si
1694 1845 2006 1908 multitudo
2038 1844 2120 1906 ibi

482 1942 701 2003 dictum
734 1948 966 2002 estcum
983 1940 1467 2019 praemisit,quam
1489 1956 1760 2016 magnam
1790 1935 2115 1996 materiam.

489 2056 510 2084 ιι
547 2030 755 2092 Omnis
787 2029 944 2090 enim
977 2037 1205 2090 natura.
1247 2054 1268 2084 »
1297 2028 1438 2100 Quae
1460 2036 1596 2088 sunt
1620 2027 1792 2104 hujus
1824 2024 2119 2103 objectio-

482 2119 593 2200 nis,
630 2119 957 2197 intelligere
1007 2126 1238 2198 oportet
1279 2119 1447 2197 juxta
1488 2135 1556 2178 ea
1600 2135 1728 2196 qua:
1775 2113 1937 2194 prius
1967 2113 2123 2173 dicta

487 2211 795 2270 sunt.Cum
828 2207 984 2268 enim
1019 2207 1178 2287 prius
1214 2207 1458 2268 dixisset
1500 2225 1569 2268 ac
1627 2203 1986 2266 ostendisset
2019 2221 2124 2281 per

481 2298 716 2360 frenum
743 2306 798 2359 et
821 2315 926 2377 per
954 2296 1416 2374 gubernaculum
1449 2293 1604 2375 quod
1638 2313 1702 2355 ea
1749 2311 1877 2373 quae
1906 2291 2121 2372 pusilla

477 2385 715 2467 quidem
749 2393 886 2446 sunt
915 2404 1126 2464 magna
1147 2385 1408 2446 efficiunt
1429 2385 1568 2445 dum
1596 2391 1756 2444 recte
1782 2388 2112 2454 moventur,

449 2493 538 2551 _ac
571 2475 975 2553 subjunxisset
1005 2474 1160 2554 quod
1204 2473 1329 2553 pari
1363 2474 1537 2533 modo
1587 2481 1643 2532 et
1691 2471 1886 2549 lingua
1938 2469 2116 2530 debet

2201 1749 2423 1826 ἀδικίας,
2503 1756 2590 1810 καὶ
2659 1752 2780 1810 ὅσου
2853 1755 3104 1832 πλήθους,
3159 1757 3391 1836 εἴρηται,
3454 1758 3520 1815 δι’
3557 1749 3564 1750 7
3602 1763 3675 1815 ὧν
3718 1758 3844 1838 ἔφη,

2201 1839 2392 1908 ἡλίκην
2436 1839 2590 1909 ὅλην,
2641 1865 2668 1896 α
2717 1850 2864 1900 Πᾶσα
2907 1847 3005 1924 γὰρ
3077 1846 3245 1925 φύσις.
3279 1871 3306 1902 ι
3369 1850 3444 1906 Τὰ
3500 1853 3599 1914 τῆς
3627 1846 3847 1903 ἀντιλο-

2203 1930 2318 2007 γίας
2388 1931 2582 1998 ταύτης
2642 1934 2772 2010 πρὸς
2814 1934 2880 1988 τὰ
2922 1933 3167 2009 ἀνωτέρω
3235 1936 3484 2016 εἰρημένα
3540 1936 3846 1998 ἀκουστέον,

2205 2019 2378 2074 Εἰπὼν
2450 2021 2549 2098 γὰρ
2609 2023 2696 2077 καὶ
2766 2019 2929 2087 δείξας
2986 2021 3070 2084 διὰ
3123 2032 3216 2080 τοῦ
3272 2025 3520 2105 χαλινοῦ,
3609 2025 3691 2082 διὰ
3758 2024 3852 2080 τοῦ

2204 2105 2484 2183 πηδαλίου,
2548 2108 2580 2164 ἃ
2649 2111 2815 2188 μικρὰ
2872 2111 2967 2185 μὲν
3005 2111 3135 2185 ἔστι,
3201 2113 3407 2192 μεγάλα
3451 2113 3505 2170 δὲ
3574 2118 3846 2194 κατορθοῖ,

2202 2195 2381 2252 καλῶν
2450 2199 2754 2278 κινούμενα,
2811 2201 2898 2256 καὶ
2977 2200 3265 2280 ἐπενέγκας
3335 2203 3413 2259 ὅτι
3482 2202 3617 2259 οὕτω
3671 2203 3760 2259 καὶ
3814 2203 3850 2270 ἡ

2201 2286 2416 2364 γλῶσσα
2463 2289 2659 2370 ὀφείλει
2733 2292 3047 2371 μετάγεσθαι
3091 2301 3167 2368 τῷ
3211 2296 3345 2373 ὀρθῷ
3403 2293 3567 2373 λόγῳ,
3627 2293 3848 2350 δείκνυσι

2199 2378 2285 2430 νῦν
2341 2381 2433 2436 οὐκ
2493 2378 2716 2436 ἀδύνατα
2768 2382 3142 2462 προστάσσειν,
3188 2381 3270 2440 διὰ
3338 2389 3444 2438 τῶν
3485 2383 3848 2458 ὑποκειμένων

2195 2463 2616 2545 ὑποδειγμάτων,
2650 2469 2828 2548 ὥσπερ
2861 2474 2903 2526 εἱ
2961 2470 3139 2550 ἔλεγεν
3173 2487 3187 2501 ·
3266 2470 3412 2528 Ἀλλ’
3442 2471 3554 2551 ἐρεῖ
3623 2493 3701 2535 τις
3763 2469 3844 2525 ὅτι

473 2563 791 2640 circumagi
826 2572 987 2623 recto
1019 2553 1297 2623 sermone
1323 2584 1335 2624 :
1362 2561 1623 2623 ostendit
1647 2577 1800 2620 nunc
1831 2557 2109 2638 subjectis

2195 2553 2292 2608 κᾶν
2335 2558 2519 2634 μικρὸν
2549 2557 2707 2632 μέλος
2737 2561 2770 2627 ἡ
2803 2557 3042 2637 γλῶσσα,
3107 2559 3227 2617 ἀλλ’
3283 2561 3370 2618 οὖν
3415 2559 3621 2638 μεγάλα
3681 2560 3845 2638 ἐργα-

474 2651 762 2732 exemplis
791 2650 946 2732 quod
983 2651 1355 2730 impossibile
1386 2669 1503 2710 non
1535 2649 1610 2710 sit
1653 2649 1737 2709 illi
1770 2648 2062 2726 impvrare
2092 2667 2106 2706 :

2194 2643 2388 2718 ζομένη
2432 2649 2569 2702 καλὰ
2598 2649 2684 2703 καὶ
2745 2650 2907 2728 κακὰ,
2969 2651 3063 2706 οῦκ
3121 2651 3362 2717 εὗπειθὴς
3421 2648 3523 2706 0'30"
3574 2650 3843 2728 εὐάγωγος

472 2749 748 2820 tanquam
772 2743 818 2800 si
851 2738 1078 2800 diceret
1107 2760 1118 2799 :
1145 2737 1257 2800 Sed
1288 2739 1446 2799 dicet
1475 2737 1686 2818 aliquis
1719 2736 1874 2817 quod
1918 2735 2109 2812 lingua

2194 2732 2324 2820 ημτν
2408 2734 2516 2790 ἐστι
2574 2737 2703 2814 πρὸς
2749 2735 2782 2792 ἃ
2861 2737 3180 2814 βουλόμεθα.
3256 2737 3412 2796 Οὐδὲν
3480 2746 3634 2795 τοῦτο
3703 2740 3838 2816 πρὸς

468 2819 803 2909 quanquam
838 2827 1116 2905 pusillum
1149 2828 1221 2888 sit
1253 2826 1873 2900 membrum,attamen
1898 2843 2109 2903 magna

2194 2819 2500 2909 απολογίαν.
2537 2826 2595 2880 Εἰ
2644 2827 2744 2903 γὰρ
2800 2826 3033 2884 ἀνοίκεια
3065 2833 3132 2904 τῇ
3177 2830 3370 2885 ἁαυτοῦ
3412 2829 3561 2909 φύσει
3622 2825 3842 2899 δαμάζει

470 2908 748 2994 operatur
779 2915 933 2976 bona
962 2925 1020 2978 et
1054 2916 1202 2977 mala
1235 2935 1249 2978 :
1281 2935 1473 2996 neque
1525 2915 1881 2995 obsequens,
1919 2932 2109 2994 neque

2194 2908 2459 2989 ἅνθρωπος
2491 2912 2633 2989 θδρία
2701 2913 2918 2994 χαλεπὰ
2989 2918 3085 2992 μὲν
3145 2917 3300 2992 ἰδεῖν,
3373 2908 3723 2998 χαλεπώτερα
3782 2914 3838 2972 δὲ

474 3005 801 3067 tractabilis
831 3013 918 3066 est
941 3023 974 3065 a
1003 3004 1174 3066 nobis
1204 3005 1276 3066 ad
1307 3024 1377 3066 ea
1422 3023 1555 3084 quae
1600 3006 1889 3068 volumus.
1946 3004 2107 3066 Nihil

2194 3004 2681 3080 μεταχειρίσασθαι,
2730 3003 2787 3058 οὗ
2833 3003 3020 3079 πολλῷ
3073 3005 3268 3082 μῦλλον
3339 3009 3400 3061 τὸ
3445 3007 3631 3062 ἑαυτοῦ
3673 3004 3839 3081 μέλος

465 3095 578 3156 hoc
609 3095 729 3174 agit
759 3095 830 3154 ad
868 3092 1494 3173 responsionem.Nam
1520 3093 1570 3156 si
1600 3093 1756 3154 feras
1777 3111 1880 3154 sua
1901 3100 2108 3154 natura

2194 3086 2432 3152 εὒείκτως
2464 3091 2934 3173 μεταχειρίσαιτο;
2969 3095 3060 3150 Et?)
3107 3095 3194 3151 καὶ
3262 3095 3347 3173 τὸ,
3419 3096 3527 3162 Ter
3569 3091 3623 3149 δὲ
3665 3092 3840 3172 γλῶσ-

467 3203 585 3244 ηοη
615 3181 972 3244 domesticas
1001 3181 1201 3244 domat
1230 3183 1430 3264 homo,
1465 3199 1646 3245 saevas
1678 3181 1916 3263 quidem
1939 3199 2106 3261 aspe-

2194 3198 2285 3232 σαν
2341 3175 2506 3241 οὐδεὶς
2566 3179 2852 3259 ἀνθρώπων
2936 3180 3165 3257 δαμάσαι
3237 3181 3471 3257 δύναται,
3555 3183 3633 3258 μὴ
3705 3184 3841 3239 κατᾶ

467 3281 590 3346 ctu,
620 3280 678 3334 at
707 3271 880 3351 longe
911 3271 1096 3351 magis
1125 3290 1308 3334 saevas
1340 3273 1410 3334 ad
1463 3271 1860 3342 tractandum,
1907 3289 2106 3332 nonne

2194 3263 2482 3351 ᾂπόφανσιν
2565 3267 2952 3347 ἀναγνωστέον,
3045 3270 3180 3328 ἀλλὰ
3277 3270 3394 3329 κατ’
3478 3271 3834 3350 ἑπαπόρησιν.

467 3362 652 3424 multo
686 3361 870 3439 magis
896 3361 1198 3441 proprium
1255 3360 1587 3422 membrum
1619 3369 1874 3422 tractare
1909 3367 2106 3440 posset

466 3462 529 3511 ut
558 3450 671 3512 sibi
700 3450 873 3512 facile
891 3449 1368 3531 obtemperaret?
1399 3449 1536 3512 Ideo
1574 3454 1750 3512 etiam
1785 3451 1940 3530 quod
1969 3450 2051 3512 ait
2084 3469 2096 3509 :

467 3539 758 3618 Linguam
791 3546 985 3600 autem
1019 3539 1213 3600 nullus
1261 3539 1564 3600 hominum
1597 3537 1838 3601 domare
1887 3547 2098 3618 potest,

460 3647 577 3689 non
601 3627 1046 3691 estafﬁrmative
1069 3628 1518 3707 legendum,sed
1545 3627 2100 3708 perrdubitationem

461 3727 564 3780 aut
619 3717 1170 3795 interrogationem,
1201 3727 1266 3778 ut
1313 3718 1427 3778 hoc
1489 3717 1662 3779 modo
1723 3717 1974 3779 dicatur.
2038 3715 2098 3780 Si

460 3807 616 3867 feras
670 3805 987 3866 indomitas
1040 3806 1428 3867 mansuefacit
1475 3807 1651 3868 homo
1680 3818 1739 3866 et
1771 3805 2104 3869 tractabiles

458 3895 676 3969 reddit,
732 3911 928 3955 annon
964 3912 1129 3955 suam
1182 3894 1439 3974 linguam
1473 3894 1715 3956 domare
1747 3895 1995 3976 poterit?
2021 3895 2106 3958 Ita

459 4001 600 4062 ergo
653 3981 966 4061 legendum
1019 3990 1109 4044 est
1141 3983 1250 4044 hoc
1283 3992 1340 4044 et
1373 3982 1849 4064 intelligendum.
1882 3983 2029 4060 Nam
2055 3986 2106 4047 si

457 4071 738 4134 assertive
769 4071 1474 4152 diceretur,nequaquam
1505 4071 1565 4132 in
1599 4091 1912 4152 progressu
1941 4075 2106 4137 recte

2192 3345 2317 3412 υΙναγ
2371 3357 2407 3431 ᾗ
2463 3355 2654 3422 οῦτως.
2684 3345 2690 3347 ν
2717 3361 2774 3416 Εἰ
2843 3345 2943 3416 τὶ
2982 3360 3235 3418 ἆτίθασσα
3315 3361 3467 3442 θηρία
3567 3345 3838 3440 ἅνθρωπος

2185 3450 2478 3505 τιθασσεύει
2536 3451 2622 3506 καὶ
2667 3454 2990 3531 χειρονοήθη
3063 3467 3232 3534 ποιεῖ,
3305 3454 3404 3533 ἆρα
3487 3452 3585 3520 τὴν
3653 3453 3837 3509 ἑαυτοῦ

2185 3535 2431 3614 γλῶσσαν
2486 3541 2545 3594 οὖ
2641 3536 2916 3620 δαμάσεις
2978 3541 3078 3599 Οὗν
3154 3540 3539 3620 ἀναγνωστέον,
3607 3542 3666 3599 El.
3739 3542 3835 3619 γὰρ

2185 3627 2322 3683 κατᾶ
2368 3625 2688 3707 ἀπόφανσιν,
2722 3629 2814 3684 οῦκ
2845 3627 2905 3685 ἂν
2959 3629 3077 3706 δέξῃ
3108 3632 3312 3710 προϊὼν
3379 3628 3556 3693 καλῶς
3616 3635 3830 3708 κεχρῆ-

2183 3717 2297 3770 σθαι
2329 3723 2404 3790 τῷ
2444 3717 2814 3797 νουθετήματι,
2849 3716 2989 3797 λέγω
3017 3717 3072 3774 δὲ
3142 3727 3243 3799 τῷ,
3295 3717 3387 3793 Οῦ,
3449 3717 3660 3800 ἀδελφοι
3685 3740 3832 3796 ιμου,

2184 3812 2346 3862 ταῦτα
2397 3803 2532 3860 οὕτω
2601 3805 2852 3883 γίνεσθαι.
2906 3809 2961 3862 Εἰ
3022 3809 3120 3888 γὰρ
3175 3807 3424 3864 ἀδύνατον
3483 3806 3836 3886 μεταρρυθμί-

2185 3915 2292 3969 σαι,
2355 3896 2382 3949 6
2433 3893 2699 3960 ἀδυνάτοις
2771 3894 3073 3976 ἐπιχειρεῖν
3125 3904 3418 3977 παραινῶν,
3489 3899 3584 3954 οῦκ
3624 3893 3838 3977 ἀσφαλῆ

2226 3983 2237 4000 ς
3078 3987 3087 4002 .
3415 3990 3428 4006 ς
3541 3987 3555 4004 η
3798 3985 3811 4004 ι

2184 4003 2283 4048 την
2313 3985 2610 4062 παραίνεσιν
2653 3998 2824 4048 ποιεῖ,
2890 3988 3119 4056 Φήσειεν
3175 4009 3254 4050 τις
3292 4005 3306 4019 ⁸
3369 3997 3440 4046 Το
3509 3985 3588 4066 δε,
3645 3985 3841 4042 ἀκατα-

2187 4091 2380 4150 σχετον
2429 4075 2617 4146 κακὸν,
2679 4074 2850 4148 μεστὴ
2911 4077 2989 4134 ἱοῦ
3045 4077 3430 4157 θανατηφόρου,
3485 4077 3621 4132 κατὰ
3696 4073 3838 4129 ἀπό-

455 4159 755 4220 videretur
783 4158 865 4219 uti
889 4161 1320 4236 exhortatione,
1370 4180 1504 4222 cum
1535 4161 1650 4222 ait:
1685 4161 1814 4222 Non
1847 4172 2107 4245 oportet.

2195 4181 2379 4239 φανσιν
2433 4161 2826 4238 προσενεκτέον.
2895 4163 3158 4231 Λῦξητικὰ
3229 4169 3327 4245 γὰρ
3385 4166 3494 4220 ἐστι
3565 4169 3656 4220 τοῦ
3709 4159 3836 4217 δυσ-

457 4249 674 4310 fratres
702 4247 981 4328 mei,hzec
1002 4248 1082 4309 ita
1113 4249 1266 4312 fieri.
1303 4228 1445 4310 Nam
1481 4250 1531 4310 si
1564 4228 1936 4330 impossibile
1953 4228 2109 4320 θεεΘῖ

2195 4228 2597 4329 μεταχειρίστου
2639 4250 2734 4320 τῆς
2777 4228 3047 4329 γλώσσης..
3113 4228 3417 4312 ’Λλλίὶιῑκαὶ
3472 4254 3556 4332 τὸ,
3604 4249 3702 4309 Ἐκ
3741 4257 3838 4307 τσῦ

455 4337 537 4399 ita
591 4337 898 4428 adaptare,
951 4336 1002 4397 is
1057 4337 1159 4418 qui
1201 4337 1610 4428 impossibilia
1639 4339 1936 4428 admonet,
1969 4342 2109 4404 464

2194 4342 2351 4398 αὐτοῦ
2406 4342 2668 4419 στόματος
2756 4344 3024 4426 ἐξέρχεται
3120 4348 3330 4428 εὐλογία
3436 4349 3523 4404 καὶ
3607 4345 3832 4425 κατάρα,

454 4446 571 4488 non
585 4425 852 4487 stabilem
880 4444 948 4486 ac
964 4427 1417 4490 convenientem
1449 4429 1584 4490 facit
1611 4427 2080 4494 admonitionem
2092 4487 2106 4499 .

2194 4429 2311 4486 κατ’
2365 4431 2691 4512 ἐπαπόρησιν
2763 4434 3152 4514 ἀναγνωστέον.
3229 4437 3603 4515 Ἐντρέποντος
3646 4437 3747 4516 γὰρ
3802 4437 3831 4490 6

453 4515 692 4605 Diceret
719 4514 934 4605 aliquis
986 4533 1000 4577 :
1049 4518 1334 4578 Attamen
1387 4517 1544 4598 quod
1576 4517 1680 4581 ait.
1717 4515 2109 4585 Incoercibile

2194 4515 2376 4597 λόγος’
2433 4522 2554 4585 τοὺς
2623 4521 2881 4600 ἀκροατάς
2951 4524 3116 4605 ἐστιν,
3209 4526 3252 4581 εἰ
3305 4514 3561 4603 εὐλογεῖν
3630 4514 3831 4584 πάντας

453 4604 696 4680 malum,
732 4604 907 4693 plena
939 4622 1170 4666 veneno
1206 4605 1512 4668 mortifero
1558 4606 1843 4668 asserlive
1903 4610 2106 4688 profe-

2194 4606 2508 4685 κελευόμεθα
2533 4626 2547 4640 ⁶
2584 4609 2816 4693 Λοίδοροι
2849 4613 2949 4693 γὰρ
2977 4604 3244 4691 βασιλείαν
3318 4622 3446 4671 Θεοῦ
3514 4616 3573 4672 οὗ
3625 4611 3831 4692 κληρο-

449 4693 703 4754 rendum
735 4700 860 4756 est:
895 4692 1020 4754 haec
1051 4693 1206 4755 enim
1234 4713 1339 4774 per
1369 4703 1753 4774 augmentum
1785 4697 2109 4760 ostendunt

448 4779 711 4861 linguam
743 4800 872 4845 esse
905 4781 1593 4846 intractabilem.Verum
1612 4802 1643 4846 e
1663 4784 2101 4862 diverso,illud,

447 4869 528 4930 Ex
550 4870 759 4933 eodem
790 4891 894 4934 ore
950 4873 1222 4953 procedit
1275 4872 1616 4934 benedictio
1650 4883 1706 4934 et
1739 4873 2099 4952 maledictio,

445 4955 766 5021 dubitative
791 4960 1232 5040 estlegendum:
1259 4960 1521 5022 estenim
1551 4978 1747 5023 sermo
1771 4962 2097 5026 exhortan-

452 5045 525 5108 tis
555 5047 879 5112 auditores.
905 5048 1050 5110 Nam
1085 5048 1134 5108 si
1158 5048 1443 5127 jubemur
1475 5068 1683 5110 omnes
1711 5047 2095 5127 benedicere,

443 5135 740 5216 siquidem
771 5137 1046 5199 maledici
1075 5155 1325 5214 regnum
1341 5136 1448 5198 Dei
1472 5137 1528 5198 in
1549 5137 1959 5201 hmreditetem
1981 5159 2096 5202 non

443 5235 1111 5310 consequentur,ann0n
1141 5225 1323 5307 pudet
1363 5226 1574 5288 eodem
1610 5227 1693 5288 uti
1722 5226 1993 5310 membro
2024 5230 2093 5293 ad

443 5313 839 5376 ministerium
859 5306 1183 5396 iniquitatis
1203 5322 1261 5376 et
1293 5313 1463 5377 bonaa
1485 5306 1882 5397 operationis?
1910 5315 2096 5380 Nemo

442 5401 708 5482 prudens
739 5404 953 5466 eodem
985 5402 1382 5469 instrumento
1409 5407 1598 5467 lutum
1625 5413 1887 5468 moveret
1908 5415 1966 5468 et
1990 5427 2097 5469 un-

520 5575 585 5630 56
609 5576 782 5646 Joan.
815 5597 858 5657 ι,
893 5581 990 5648 to.

2188 4699 2530 4772 νομήσουσιν.
2621 4694 2748 4779 Ἆρα
2823 4703 2915 4758 οῦκ
2971 4704 3199 4783 κῖσχύνη
3256 4707 3333 4778 τῷ
3429 4703 3570 4778 αῦτῷ
3625 4703 3832 4781 ὀργάνῳ

2188 4790 2424 4865 χρῆσθα.
2473 4789 2718 4868 ὑπουργῷ
2784 4791 2969 4854 κακίας
3019 4794 3105 4850 καὶ
3160 4791 3596 4871 καλοκάγαθίας,
3655 4788 3832 4856 Οὐδεὶς

2185 4876 2289 4931 τῶν
2350 4888 2754 4958 σωφρονοῦντων
2807 4886 2884 4954 τῷ
2954 4885 3094 4956 αὖτῴ
3164 4882 3370 4961 ὀργάνῳ
3429 4877 3678 4960 βόρϐορον
3748 4877 3832 4934 διὰ

2181 4964 2416 5044 ταράξειε
2487 4969 2574 5023 καὶ
2645 4967 2828 5047 μύρον,
2904 4971 3236 5051 Προσεύχῃ;
3310 4970 3399 5038 Μή
3469 4975 3683 5048 καταρῶ
3739 4970 3830 5023 τὸν

2180 5055 2390 5134 ἐχθρόν.
2429 5057 2582 5136 Εὖχῆ
2633 5059 2732 5135 γὰρ
2773 5061 2861 5115 καὶ
2887 5062 3087 5138 κατάρα
3135 5059 3268 5116 πολὺ
3309 5062 3370 5115 τὸ
3398 5058 3558 5135 μέσον
3589 5058 3826 5138 ἔχουσιν.

2183 5145 2239 5199 El
2283 5145 2360 5219 μὴ
2402 5143 2560 5224 ἀφίης
2619 5154 2694 5222 τῷ
2747 5147 3092 5225 λελυπηκότι,
3142 5149 3258 5206 0'36“;
3331 5147 3648 5230 ἀφεθήσετσί
3716 5169 3823 5223 σοι,

2179 5231 2314 5290 ἀλλὰ
2407 5236 2782 5314 καταρώμενας
2881 5240 3100 5297 σεαυτὸν
3157 5237 3365 5315 ἀλώσ-ῃ,
3465 5237 3624 5304 ἡνίκα
3667 5235 3823 5316 ἐὔχῃ

2179 5320 2429 5402 ἀφεθῆναί
2494 5346 2576 5381 σοι
2635 5326 2700 5382 τὰ
2755 5326 3114 5408 ὀφειλήματα,
3185 5329 3358 5391 καθὼς
3411 5327 3471 5385 ἂν
3529 5329 3617 5384 καὶ
3670 5327 3825 5390 αὐτὸς

2178 5411 2336 5492 ἀφίης
2394 5425 2511 5478 τοῖς
2572 5425 2788 5475 σεαυτοῦ
2859 5415 3179 5496 ὀφειλέταις,
3257 5415 3422 5474 Ἀλλὰ
3517 5414 3680 5473 καλὸν
3736 5420 3828 5471 τοῦ
