4180 6212
396 287 518 358 ιθδ

1511 290 1922 356 (EGUMENII
1969 287 2265 353 TRICCE
2300 290 2637 354 EPISCOPI

3661 281 3784 348 496

403 423 713 499 natur,Dei
742 424 1021 488 inimicus
1052 425 1326 489 efﬁcitur.
1349 423 1493 486 Nam
1524 431 1764 504 propter
1793 422 2045 484 studium

2135 427 2252 504 περὶ
2295 427 2327 482 ἃ
2370 423 2672 483 σπεύδουσιν
2730 425 3012 506 ἅνθρωποι,
3075 432 3208 484 θεοῦ
3275 427 3357 482 ναὶ
3413 425 3638 499 κόσμου,
3695 420 3782 478 καὶ

400 513 829 590 circainutilia,
856 515 1229 594 negligenter
1273 532 1348 576 ac
1363 513 1672 575 fastidiose
1691 531 1756 574 se
1771 513 1953 573 habet
1982 511 2054 572 ad

403 601 625 680 divina,
651 604 808 683 quod
841 605 1000 665 circa
1029 604 1186 665 solos
1216 603 1352 663 illos
1380 601 1552 663 nobis
1603 600 1892 680 contingit
1911 617 2056 680 quos

405 691 540 753 odio
572 691 860 754 habemus
894 692 1201 772 nostrique
1227 699 1366 753 sunt
1396 690 1649 752 inimici.
1678 693 1820 754 Cum
1854 689 2054 770 itaque

402 780 519 843 duo
549 780 669 841 sint
697 779 854 843 circa
885 799 1014 863 quae
1056 781 1298 842 student
1326 779 1623 856 homines,
1657 797 1875 859 nempe
1897 777 2054 839 Deus

398 886 467 932 ac
498 869 776 945 mundus,
810 879 872 932 et
933 871 1092 932 circa
1148 878 1465 950 utrumque
1500 870 1712 930 horum
1742 874 2054 929 versentur

401 956 539 1030 duo,
583 957 844 1020 amicitia
901 966 959 1020 et
1006 958 1208 1020 odium
1259 958 1464 1020 :circa
1516 957 1804 1020 utrumvis
1835 957 2047 1016 horum

397 1045 650 1112 studiosi
678 1065 808 1110 esse
841 1047 1384 1128 deprchendemur,
1411 1048 1660 1108 alterum
1688 1046 1920 1126 penitus
1946 1062 2049 1106 ne-

402 1133 623 1212 gligere
654 1135 945 1200 videmur.
981 1135 1254 1198 Studium
1289 1143 1485 1196 autem
1521 1135 1673 1215 parit
1701 1133 2044 1204 amicitiam,

401 1222 763 1302 negligentia
781 1243 921 1286 vero
953 1224 1176 1286 odium.
1210 1223 1319 1295 Qui
1351 1242 1490 1302 ergo
1521 1222 1732 1284 divinis
1758 1222 2044 1293 adhaeret,

399 1312 510 1374 Dei
539 1313 765 1374 amicus
798 1321 979 1394 est,et
1005 1313 1262 1374 dicitur:
1316 1312 1424 1384 Qui
1466 1330 1604 1374 vero
1643 1315 1829 1375 Deum
1854 1310 2046 1389 negli-

399 1400 502 1478 git,
539 1408 597 1462 et
617 1401 710 1462 his
724 1421 856 1482 quae
887 1401 1093 1462 mundi
1123 1411 1260 1463 sunt
1289 1403 1576 1462 tenaciter
1598 1401 1902 1463 adhaerere
1932 1401 2042 1462 de-

397 1488 818 1568 pruhenditur,
871 1490 967 1551 hic
995 1490 1151 1553 inter
1193 1508 1296 1552 eos
1325 1497 1635 1569 reputetur
1658 1489 1762 1570 qui
1794 1489 2048 1550 maxime

399 1586 540 1640 sunt
559 1578 664 1641 Dei
690 1579 1238 1653 inimici.Quoniam
1264 1599 1403 1642 vero
1424 1581 1549 1642 haec
1573 1590 1627 1642 et
1649 1599 1825 1642 omne
1840 1581 2047 1660 hujus-

2135 511 2253 570 καθ’
2297 515 2541 593 ἑκάτερον
2609 516 2810 572 τούτων
2867 513 2956 572 δύο
3023 513 3413 594 στρεφομένων,
3471 510 3644 591 φιλίας
3696 510 3786 565 καὶ

2138 603 2339 684 μίσους,
2393 607 2510 682 περὶ
2555 604 2807 684 ὁπότερον
2861 605 3058 660 τούτων
3102 600 3480 674 σπουδάζοντες
3519 599 3782 680 ληφθείη-

2138 713 2256 766 μεν,
2287 693 2499 755 πάντως
2555 701 2646 750 τοῦ
2689 691 2865 771 ἐτέρου
2922 689 3252 772 ἀφειδοῦντες
3301 689 3565 768 ὁρώμεθα.
3629 693 3785 743 Ποιεῖ

2135 778 2211 856 δέ,
2247 783 2282 848 ἡ
2327 781 2424 856 μὲν
2467 779 2668 848 σπουδὴ
2711 780 2912 862 φιλίαν,
2969 783 3004 849 ἡ
3048 779 3102 836 δὲ
3154 779 3429 858 ἄλιγωρία,
3477 790 3664 854 μῖσος,
3719 776 3780 838 ὃς

2133 870 2222 925 οὖν
2255 876 2361 926 τῶν
2425 871 2578 926 θείων
2620 870 2961 950 ἆντίσχηται,
3007 868 3154 948 φίλος
3205 875 3342 925 Θεοῦ
3390 867 3476 922 καὶ
3523 865 3632 921 ἔστι
3687 865 3778 950 καὶ

2131 955 2361 1034 λέγεται.
2411 957 2598 1022 ’Ὅστις
2647 955 2700 1013 δὲ
2758 948 2888 1014 Θεοῦ
2929 957 3028 1032 μὲν
3081 954 3490 1034 κατολιγωροίη,
3550 958 3654 1008 τῶν
3717 948 3774 1006 δὲ

2130 1052 2222 1101 τοῦ
2251 1045 2450 1120 κόσμου
2498 1043 2648 1124 ἀπρίξ
2680 1044 2993 1125 ἐξεχόμενος
3037 1050 3280 1126 φωρῷτο,
3341 1044 3491 1105 οὗτος
3549 1040 3604 1096 ἐν
3656 1052 3774 1105 τοῖς

2131 1132 2359 1209 μάλιστα
2402 1134 2616 1214 ἐχθροῖς
2645 1134 3049 1212 καταλογισθείη
3116 1140 3269 1195 Θεοῦ.
3315 1130 3461 1189 Ἐπεὶ
3516 1128 3572 1186 δὲ
3613 1138 3775 1188 ταῦτα

2129 1225 2216 1278 καὶ
2285 1229 2388 1280 πᾶν
2443 1225 2503 1279 τὸ
2572 1229 2677 1279 τῶν
2719 1225 2968 1280 τοιούτων
3009 1223 3174 1279 κακὸν
3223 1221 3275 1287 ἐξ
3328 1219 3631 1291 ἀλαζονείας
3687 1219 3776 1272 καὶ

2127 1313 2481 1392 ὑπερηφανίας
2550 1319 2654 1368 τῶν
2726 1310 3064 1391 ψευδοσόφων
3153 1309 3364 1390 ἐδείχθη
3449 1305 3778 1365 διδασκάλων

2129 1401 2409 1480 φυόμενον,
2473 1399 2694 1480 δευτέρῳ
2753 1401 2911 1459 πάλιν
2959 1398 3169 1480 ἐλέγχῳ
3238 1401 3526 1479 κέχρηται,
3571 1397 3775 1462 ἀνανῆ-

2131 1494 2227 1564 ψαι
2257 1488 2571 1565 βουλόμενος
2599 1495 2696 1557 τῆς
2728 1490 2893 1565 μέθης
2949 1490 3134 1551 αὑτοὺς
3159 1493 3265 1544 τῶν
3292 1488 3542 1544 τοιούτων
3569 1487 3656 1541 καὶ
3683 1493 3778 1542 τοῦ

2131 1579 2291 1657 κάρου
2321 1577 2641 1651 ἀπαλλάξαι,
2687 1581 2774 1635 καί
2803 1601 2962 1658 φησιν
2993 1595 3007 1608 ·

403 1668 564 1730 modi
597 1669 812 1730 malum
839 1687 913 1730 ex
939 1671 1090 1732 fastu
1121 1671 1176 1732 ei
1204 1668 1483 1750 superbia
1511 1670 1655 1731 falso
1686 1669 2046 1750 sapientium
2107 1669 2768 1747 praceptorumlortum
2801 1665 3080 1727 habuisse
3109 1671 3413 1726 ostensum
3447 1670 3558 1740 est,
3582 1663 3770 1724 altero

395 1774 634 1818 rursum
666 1768 1012 1836 argumento
1043 1777 1185 1820 usus
1216 1767 1323 1832 est,
1361 1760 1517 1837 ipsos
1547 1777 1580 1819 a
1609 1757 1813 1820 talium
1847 1757 2134 1819 ebrietate
2165 1755 2525 1835 resipiscere
2554 1755 2756 1816 volens
2784 1763 2844 1815 et
2891 1775 2926 1816 a
2957 1752 3200 1834 crapula
3229 1751 3506 1829 liberare,
3558 1759 3617 1812 et
3644 1751 3724 1813 ait
3751 1771 3766 1815 :

470 1844 572 1928 IV,
595 1847 657 1921 8,
691 1847 750 1909 6.
785 1850 880 1908 An
934 1851 1160 1929 putatis
1205 1848 1364 1928 quod
1403 1851 1676 1910 inaniter
1719 1847 2043 1927 Scriptura

2215 1865 2244 1904 (
2284 1853 2331 1903 Η
2361 1844 2567 1902 δοκεῖτε
2597 1845 2676 1901 ὅτι
2706 1849 2872 1910 κενῶς
2911 1847 2946 1914 ἡ
2992 1843 3173 1924 Γραφὴ
3203 1842 3346 1921 λέγει
3377 1844 3506 1920 πρὸς
3531 1842 3716 1921 φθόνον
3750 1857 3768 1917 ;

393 1934 559 1998 dicat
587 1936 668 1998 ad
695 1937 1001 1999 invidiam
1023 1941 1046 1997 .'
1086 1937 1471 2018 Concupiseit
1519 1938 1772 2016 spiritus
1802 1938 1908 2016 qui
1936 1935 2048 1997 ha-

397 2023 552 2087 bitat
579 2026 643 2086 in
671 2025 838 2088 vobis
871 2043 884 2087 :
922 2027 1227 2104 majorem
1260 2035 1455 2089 autem
1480 2027 1589 2087 dat
1621 2027 1879 2104 gratiam
1899 2026 1930 2085 9

477 2112 618 2174 Tale
645 2113 945 2194 quidpiam
979 2133 1086 2196 per
1113 2117 1238 2177 haec
1265 2115 1585 2196 signiﬁcat,
1613 2132 1721 2195 per
1750 2113 2046 2175 defectum

396 2209 571 2270 utens
614 2220 913 2277 sermone,
969 2213 1027 2264 et
1055 2222 1289 2266 rursum
1354 2222 1463 2285 per
1490 2221 1661 2266 usum
1723 2201 2049 2264 abbreviati

397 2291 584 2353 verbi.
620 2290 721 2354 Ait
747 2309 887 2370 ergo
921 2310 935 2354 :
971 2291 1096 2372 Ego
1149 2293 1389 2374 quidem
1426 2290 1682 2372 propriis
1711 2289 1915 2353 verbis
1945 2309 2047 2352 re-

398 2379 687 2460 prehendi
719 2399 820 2441 vos
849 2380 1007 2443 circa
1062 2394 1293 2443 rectum
1351 2388 1408 2442 et
1462 2379 2047 2460 irreprehensibilem

395 2487 567 2529 usum
594 2469 904 2548 sapientia)
933 2477 1246 2545 vestm,ne
1267 2488 1339 2531 ex
1369 2467 1704 2546 arrogantia
1734 2467 2049 2529 abutentes

391 2556 541 2636 ipsa,
575 2556 922 2618 adulteretis
973 2576 1042 2618 ac
1071 2558 1278 2620 dolose
1308 2557 1570 2618 tractetis
1599 2555 1885 2618 doctrinm
1913 2575 2046 2618 ser-

397 2644 826 2715 mone.Quodsi
848 2654 906 2706 et
926 2664 960 2706 a
989 2645 1295 2727 Scriptura
1322 2643 1433 2707 hoc
1460 2645 1754 2726 expetitis,
1779 2645 1920 2707 489
1939 2664 2046 2706 au-

395 2733 539 2796 dite.
573 2732 718 2794 Nam
780 2735 906 2795 haec
937 2734 1080 2796 dicit
1113 2755 1128 2795 :
1165 2759 1190 2789 (ι
1224 2735 1510 2796 Dominus
1556 2733 1855 2814 superbis;
1885 2734 2041 2796 resi-

391 2823 495 2882 stit
513 2821 839 2902 49.01taque
866 2841 982 2886 non
1005 2822 1259 2884 absurde
1289 2822 1583 2897 dicebam,
1620 2823 2040 2903 procedentem

391 2928 463 2972 ex
493 2909 771 2990 superbia
794 2919 1200 2992 contemptum
1237 2910 1566 2972 divinorum
1614 2912 1950 2987 dogmatum
1986 2925 2044 2980 et

394 3017 671 3078 magnum
701 3017 840 3078 erga
901 3001 1184 3062 mundum
1240 2999 1521 3073 studium,
1558 2999 1931 3061 inimicitiam
1967 3001 2041 3061 ad

393 3086 582 3149 Deum
615 3087 993 3150 constituere.
1038 3087 1102 3150 Si
1152 3089 1310 3150 enim
1343 3087 1615 3168 superbis
1641 3088 1888 3166 resistit,
1924 3089 2041 3150 ini-

2133 1931 2412 1990 Ἐπιποθεῖ
2441 1935 2502 1989 τὸ
2532 1935 2759 2007 πνεῦμα,
2813 1935 2871 1990 ὃν
2922 1933 3230 2007 κατῴκησεν
3287 1930 3341 1986 ἐν
3371 1941 3527 2006 ἡμῖν,
3562 1930 3774 2006 μείζονα

2130 2019 2184 2076 δὲ
2214 2020 2388 2078 δίδωσι
2418 2023 2578 2102 χάριν
2617 2043 2634 2098 ;
2668 2046 2696 2077 ι

2211 2111 2429 2167 Τοιοῦτό
2473 2133 2522 2167 τι
2573 2108 2657 2166 διὰ
2709 2110 2905 2167 τούτων
2961 2107 3138 2178 δῆλοτ,
3215 2107 3559 2170 ἐλλειπτικῶς
3618 2107 3773 2187 χρώ-

2132 2219 2288 2275 μενος
2344 2207 2421 2274 τῷ
2485 2197 2653 2278 λόγῳ,
2699 2200 2786 2256 καὶ
2831 2197 3012 2275 πάλιν,
3059 2197 3143 2254 διὰ
3183 2200 3283 2266 τὴν
3339 2208 3431 2256 τοῦ
3473 2218 3775 2272 σδντετμη-

2133 2286 2290 2361 μένου
2331 2285 2491 2365 λόγου
2545 2293 2765 2368 χρῆσιν,
2819 2289 2988 2354 Φησὶν
3055 2287 3146 2343 οὖν
3181 2305 3196 2320 ⁶
3258 2286 3402 2365 Ἐγὼ
3470 2287 3566 2361 μὲν
3639 2286 3777 2360 ὑμᾶς

2128 2391 2248 2438 τοῖς
2277 2376 2484 2440 οἰκείοις
2528 2376 2795 2444 ἐπέστησα
2837 2374 3018 2454 λόγοις
3062 2377 3178 2455 περὶ
3219 2377 3280 2430 τὸ
3332 2375 3446 2430 εὑθὺ
3489 2375 3575 2430 καὶ
3632 2373 3772 2429 ἀκα-

2128 2464 2431 2542 τάγνωστον
2473 2470 2572 2532 τῆς
2635 2467 2886 2545 χρήσεως
2940 2470 3039 2533 τῆς
3095 2465 3274 2544 σοφίας
3337 2464 3505 2539 ὑμῶν,
3565 2464 3639 2526 ὡς
3708 2461 3772 2517 ἂν

2130 2551 2208 2625 μὴ
2283 2550 2336 2616 ἐξ
2416 2554 2768 2631 ὑπερηφανίας
2836 2554 3248 2632 παραχρώμενοι
3300 2553 3463 2628 ταύτῃ
3527 2550 3768 2617 νοθεύητε

2129 2641 2215 2694 καὶ
2271 2637 2479 2696 δολοῖτε
2529 2643 2621 2697 τὸν
2662 2647 2758 2709 τῆς
2827 2639 3161 2706 διδασκαλίας
3219 2639 3398 2718 λόγον.
3459 2641 3516 2696 Εἰ
3571 2637 3624 2694 δὲ
3682 2640 3771 2694 καὶ

2129 2726 2234 2782 ἀπὸ
2274 2733 2371 2794 τῆς
2415 2734 2628 2808 Γραφῇ
2677 2739 2830 2786 τουτο
2887 2737 3121 2809 ζητεῖτε,
3167 2728 3406 2790 ἀκούετε,
3465 2725 3607 2792 Αὕτη
3670 2726 3770 2804 γάρ

2125 2837 2252 2892 φησι
2287 2832 2302 2847 ·
2371 2839 2398 2871 α
2434 2819 2621 2894 Κύριος
2661 2818 3014 2897 ὑπερηφάνοις
3066 2817 3450 2874 ἀντιτάσσεται.
3501 2838 3530 2869 ι
3604 2813 3771 2869 ’Ὥστε

2125 2903 2219 2959 οὑκ
2271 2903 2522 2970 ἀσκόπως
2580 2903 2734 2985 ἔφην,
2811 2907 2908 2973 τὴν
2977 2904 3030 2972 ἐξ
3085 2905 3434 2986 ὑφερηφανίας
3503 2903 3771 2982 καταφρό-

2126 3013 2274 3058 νησιν
2342 2994 2441 3069 μὲν
2512 2996 2616 3050 τῶν
2669 2995 2762 3050 τοῦ
2821 2996 3007 3074 Κυρίου
3058 2993 3364 3074 δογμάτων,
3420 2993 3770 3049 κατάσπευσιν

2123 3078 2180 3136 δὲ
2227 3084 2357 3161 πρὸς
2400 3084 2490 3138 τὸν
2547 3084 2767 3160 κόσμον,
2829 3083 3023 3164 ἔχθραν
3077 3084 3322 3160 ἐμποιεῖν
3366 3083 3438 3146 εἷς
3497 3081 3647 3142 Θεόν,
3712 3081 3770 3138 Εἰ

396 3175 568 3238 micis
597 3184 792 3238 autem
845 3177 1129 3242 resistere
1181 3167 1462 3250 solemus,
1494 3177 1697 3258 utique
1727 3178 1902 3239 etiam
1935 3197 2040 3239 su-

2128 3171 2225 3249 γὰρ
2251 3185 2370 3235 τοῖς
2405 3173 2760 3252 ὑπερηφάνοις
2818 3173 3205 3253 ἀντιτάσσεται,
3257 3171 3474 3252 ἐχθροῖς
3529 3167 3585 3227 δὲ
3639 3169 3768 3226 εἰώ-

395 3263 563 3345 perbi
593 3264 752 3327 inter
808 3265 1084 3327 inimicos
1146 3265 1561 3327 connumerari
1599 3245 1854 3329 “debent.
1914 3265 2043 3328 Non

2128 3262 2287 3334 Θαμεν
2345 3259 2762 3341 ἀντιτάσσεσθαι,
2809 3262 3022 3324 πάντως
3064 3283 3165 3319 που
3229 3262 3318 3316 καὶ
3375 3261 3421 3316 οἱ
3490 3259 3766 3338 ὑπερήφα-

397 3353 556 3414 enim
583 3352 841 3414 inaniter
870 3361 970 3414 aut
995 3372 1164 3432 vane,
1199 3354 1286 3415 vel
1309 3357 1380 3415 ad
1413 3353 1716 3427 invidiam,
1741 3352 2046 3434 Scriptura

393 3441 659 3504 difﬁcilia
685 3443 854 3504 nobis
876 3453 930 3506 et
955 3445 1110 3507 vires
1133 3452 1364 3506 nostras
1377 3445 1727 3506 excedentia
1753 3457 2044 3527 praecepta

395 3531 675 3612 publicat,
710 3533 817 3595 sed
876 3535 1031 3613 quod
1089 3534 1472 3613 concupiscat
1527 3533 1650 3594 sive
1681 3542 1911 3612 expetat
1940 3553 2046 3597 sua

392 3621 798 3682 exhortatione
823 3621 1252 3685 inhabitantem
1281 3623 1340 3682 in
1363 3620 1535 3683 nobis
1551 3621 1793 3698 gratiam
1826 3641 1840 3685 :
1863 3641 2037 3702 quam

391 3707 495 3769 ubi
520 3728 626 3788 per
642 3709 1006 3789 spiritualem
1026 3711 1372 3771 modestiam
1393 3710 2037 3790 inveneritoperantem

389 3795 452 3856 in
500 3797 694 3869 nobis,
732 3800 1016 3876 majorem
1051 3798 1150 3859 dat
1202 3800 1477 3878 gratiam.
1541 3798 1742 3880 Itaque
1772 3799 1822 3860 si
1881 3800 2044 3862 Scri-

393 3893 579 3964 ptura;
601 3885 1313 3966 obtemperatis,humiles
1333 3907 1434 3950 vos
1455 3889 1687 3950 reddite
1711 3889 2045 3970 etfabjectos

399 3991 594 4033 coram
628 3972 902 4057 Domino,
927 3984 984 4036 et
1007 3975 1321 4037 invenietis
1343 3977 1589 4055 gratiam
1614 3996 1718 4057 per
1736 3979 2042 4051 exultatio-

394 4078 531 4120 nem
566 4059 746 4124 illius.
784 4053 1139 4142 ἰ’περηφανία
1181 4053 1377 4125 autem
1436 4053 1639 4125 vitium
1689 4075 1776 4126 est
1811 4069 2046 4146 penitus

396 4146 818 4228 inﬂans,quam
853 4149 1170 4212 elationem
1198 4151 1490 4213 dicimus:
1529 4161 1587 4214 et
1615 4154 1811 4214 ώσω-ι
1837 4153 1910 4216 ab
1939 4175 2043 4216 ar-

2125 3371 2202 3404 νοι
2256 3347 2309 3404 ἐν
2363 3349 2486 3412 τοῖς
2543 3348 2762 3429 ἐχθροῖς
2805 3348 3258 3428 καταλογισθετεν.
3318 3349 3392 3405 Οὔ
3445 3349 3544 3426 γὰρ
3598 3347 3764 3411 κενῶς

2124 3436 2242 3503 ἤτοι
2273 3437 2531 3512 ματαίως,
2567 3437 2600 3504 ἢ
2655 3439 2787 3516 πρὸς
2828 3437 3014 3516 φθόνον
3070 3438 3104 3506 ἠ
3148 3437 3329 3517 Γραφὴ
3382 3437 3449 3493 τὰ
3504 3435 3762 3514 ἀμήχανα

2121 3527 2256 3600 ἡμῖν
2284 3526 2373 3581 καὶ
2418 3525 2759 3582 ἀποτείνοντα
2813 3525 2912 3594 τὴν
2968 3525 3228 3604 ἡμετέραν
3283 3522 3499 3601 δύναμιν
3551 3545 3764 3602 παραγ-

2123 3613 2363 3692 γέλματα
2427 3612 2738 3694 διαγορεύει,
2810 3612 2930 3671 ἄλλ’
2984 3614 3324 3687 ἐπιποθοῦσα,
3385 3613 3502 3681 ἤτοι
3571 3614 3764 3684 ἐπιζη-

2125 3713 2285 3763 τοῦσα
2354 3705 2452 3772 τὴν
2520 3701 2604 3759 διὰ
2658 3705 2758 3770 τῆς
2816 3702 3201 3782 παρακλήσεως
3256 3703 3419 3771 αὑτῆς
3463 3703 3766 3782 ἐγκατοικι-

2127 3793 2356 3868 ζομένην
2391 3795 2528 3868 ἡμῖν
2586 3793 2745 3872 χάριν
2779 3810 2794 3828 ⁸
2855 3793 3154 3872 εὑρίσκοντα
3209 3790 3264 3848 δὲ
3317 3792 3518 3859 ταύτην
3557 3791 3769 3871 ἐνεργον

2126 3881 2182 3936 ἐν
2208 3883 2346 3958 ἡμῖν
2375 3879 2458 3940 διὰ
2491 3886 2590 3948 τῆς
2641 3881 3016 3962 ταπεινώσεως
3071 3886 3169 3962 τῆς
3210 3883 3596 3962 πνευματικῆς,
3657 3880 3772 3956 μεί-

2125 3957 2256 4043 ζονα
2277 3969 2450 4028 δίδωσι
2482 3971 2662 4050 χάριν.
2715 3961 2889 4026 ’Ὥστε
2946 3971 2992 4028 εἰ
3045 3957 3304 4039 πειθήνιον.
3356 3968 3471 4026 ἐστε
3631 3975 3772 4048 Γρα-

2127 4069 2221 4141 φῇ,
2291 4061 2648 4128 ταπεινώθητε
2704 4061 2928 4118 ἐνώπιον
3011 4066 3105 4117 τοῦ
3158 4065 3313 4137 Θῑοῦ,
3387 4061 3472 4116 καὶ
3527 4060 3772 4138 εὑρήσετε

2127 4152 2225 4218 τὴν
2267 4149 2351 4207 διὰ
2395 4156 2495 4218 τῆς
2551 4151 2710 4206 αὑτοῦ
2762 4151 3016 4226 ὑψώσεως
3058 4150 3239 4229 χάριν.
3303 4141 3659 4228 Ὑπερηφανία
3715 4146 3770 4203 δέ

395 4237 827 4318 τοεεηιὶε,ᾳυω
856 4238 1034 4315 οἴῃσις
1093 4240 1330 4314 dicitur,
1397 4242 1675 4321 quoniam
1714 4242 1812 4302 illa
1847 4242 1921 4305 de
1953 4245 2045 4306 his

2128 4239 2265 4296 ἐστιν
2305 4241 2340 4307 ἡ
2385 4241 2458 4305 εἷς
2520 4237 2672 4303 τέλος
2730 4239 3006 4316 ἐπηρμένη
3064 4237 3245 4317 κακία,
3301 4235 3612 4318 διαφέρουσα
3666 4239 3767 4305 τῆς

397 4343 529 4405 quas
558 4324 738 4388 habet
771 4327 1090 4408 extollitur,
1123 4329 1250 4390 haac
1281 4335 1476 4389 autem
1508 4330 1582 4390 de
1614 4331 1706 4392 his
1735 4350 1865 4410 quae
1885 4332 2043 4393 nullo

2128 4331 2371 4404 οἰήσεως,
2417 4326 2498 4384 ὅτι
2551 4330 2588 4397 ὴ
2650 4329 2747 4404 μὲν
2801 4328 2886 4385 ἐπὶ
2933 4325 3293 4406 ὑπηργμένοις
3355 4326 3490 4402 αὑτῇ
3557 4345 3764 4382 κατεπ-

392 4414 568 4474 modo
599 4413 713 4475 sibi
743 4416 1111 4493 contingunt.
1183 4415 1465 4498 Opposita
1493 4437 1635 4480 vero
1693 4438 1724 4480 e
1754 4420 2043 4483 diametro

2128 4420 2346 4497 αίρεται,
2380 4419 2415 4485 ἦ
2459 4417 2639 4484 οἴησις
2683 4416 2737 4473 δὲ
2779 4419 2867 4473 ἐπὶ
2919 4414 3179 4493 μηδαμῶς
3233 4415 3551 4494 ὑπάρχωσι.
3621 4414 3767 4472 Κατᾶ

391 4501 702 4563 humilitas
729 4503 852 4564 sive
879 4505 1060 4566 animi
1085 4478 1371 4568 modestia
1393 4525 1670 4586 magnum
1691 4506 1908 4568 bonum
1931 4519 2039 4574 est.

2128 4478 2484 4584 Stapc'cp'ovvdé
2624 4478 2841 4585 ampla,
2888 4478 3006 4573 ἤτοι
3047 4478 3413 4576 ταπείνωσιςῗ
3431 4502 3570 4582 μέγα
3625 4502 3767 4581 ἀγα-

391 4588 464 4651 Et
483 4591 770 4679 quoniam
803 4601 1120 4674 utrumque
1148 4594 1475 4656 voluntarie
1521 4595 1707 4673 nobis:
1733 4597 2040 4679 contingit,

2128 4595 2213 4652 θόν
2281 4598 2417 4659 ἔστι,
2465 4596 2562 4652 Καὶ
2631 4593 2820 4662 ἐπειδὴ
2856 4594 3126 4673 ἀμφότερα
3181 4599 3561 4672 προαιρετιιιῶς
3630 4593 3770 4668 ἡμῖν

394 4678 670 4758 quisquis
702 4698 807 4760 per
837 4681 1227 4761 arrogantiam
1278 4683 1540 4764 seipsum
1571 4685 1805 4760 exaltat,
1837 4678 2045 4766 praeter

2128 4685 2410 4763 ἐγγίνεται,
2441 4691 2545 4748 πᾶς
2576 4686 2603 4740 ὁ
2632 4685 2766 4740 κατὰ
2813 4681 3115 4753 ἀλαζονείαν
3171 4682 3320 4756 ὑψῶν
3379 4682 3584 4753 ἑαυτὸν,
3639 4682 3770 4760 πρὸς

391 4766 504 4854 hoc
529 4769 685 4847 quod
701 4789 733 4829 a
765 4770 1016 4833 Domino
1039 4772 1470 4834 condemnatus
1487 4773 1852 4854 est,insuper
1869 4775 2044 4837 etiam

2128 4780 2202 4848 τῷ
2230 4775 2330 4829 ὑπὸ
2361 4773 2546 4852 Κυρίου
2577 4776 3009 4852 κατακεκρίσθαι,
3066 4768 3142 4826 ἔτι
3185 4767 3245 4824 δὲ
3290 4779 3625 4829 ταπεινοῦται
3681 4767 3770 4826 ὑπ’

390 4853 464 4916 ab
497 4856 624 4936 ipso
658 4858 1038 4924 humiliatur:
1081 4861 1334 4922 exaltato
1386 4880 1490 4941 per
1539 4853 1911 4924 occasionem
1946 4864 2044 4926 illo

2128 4867 2302 4937 αὑτοῦ,
2335 4861 2628 4937 ὑψουμένου
2670 4861 2723 4916 ἐν
2752 4865 2918 4940 καιρῷ
2957 4859 3051 4916 τοῖ’)
3100 4858 3236 4914 κατὰ
3304 4858 3521 4938 ἀτυφίαν
3576 4879 3770 4916 ταπει-

395 4945 496 5024 qui
512 4945 793 5042 ‘seipsum
825 4967 894 5009 ex
918 4949 1101 5042 animi
1149 4950 1807 5042 modestiadejecerat:
1844 4961 2045 5042 utpote

2128 4951 2389 5015 νώσαντος
2433 4951 2640 5025 ἑαυτὸν,
2671 4950 2762 5006 ἅτε
2788 4955 2894 5006 τῶν
2921 4947 3006 5004 ἐπ’
3035 4947 3167 5024 αὑτῇ
3205 4945 3376 5004 ἄθλων
3417 4946 3770 5042 Εεχαγούντων

394 5049 461 5094 ea
491 5033 664 5105 duce,
727 5038 1152 5099 certaminibus
1199 5039 1568 5118 spiritualem
1628 5039 2042 5103 sublimitatem

2129 5042 2221 5095 τὸν
2262 5037 2598 5118 κεχρημένον
2640 5039 2768 5116 πρὸς
2801 5037 2933 5113 ὕψος
2973 5037 3348 5113 πνευματικόν.
3388 5059 3417 5090 α
3475 5033 3529 5093 Ἠ
3561 5033 3767 5092 δοκεῖτε

395 5122 853 5185 conciliantibus
885 5125 968 5187 illi
1001 5126 1103 5208 qui
1156 5129 1214 5188 in
1260 5127 1352 5187 his
1385 5146 1518 5189 sese
1569 5128 1854 5190 exercuit.
1897 5155 1922 5185 (ι
1957 5133 2045 5192 An

2131 5128 2210 5184 ὅτι
2240 5130 2406 5190 κενῶς
2435 5129 2469 5195 ἡ
2502 5127 2681 5207 Γραφὴ
2712 5125 2876 5206 λέγει,
2911 5126 2946 5194 ἣ
2977 5127 3106 5204 πρὸς
3136 5127 3320 5205 φθόνον
3350 5145 3368 5205 ς
3407 5150 3432 5180 ιι
3466 5123 3624 5182 Οὐδὲν
3651 5125 3770 5180 τού-

393 5211 612 5289 putatis
637 5213 793 5292 quod
818 5213 1073 5275 inaniter
1124 5215 1432 5296 Scriptura
1481 5216 1659 5297 dicat,
1694 5225 1790 5278 aut
1809 5217 1878 5278 ad
1911 5218 2045 5279 invi.

2130 5241 2258 5280 των,
2305 5215 2455 5273 Ἀλλ’
2500 5216 2744 5274 ἐπιποθεῖ
2773 5215 2892 5284 ἤτοι
2924 5215 3169 5286 ἐπιζητεῖ
3195 5215 3292 5282 τὴν
3335 5213 3419 5270 διὰ
3446 5219 3543 5281 τῆς
3586 5235 3766 5297 παρα-

390 5297 548 5388 diam
570 5299 600 5360 ‘I
632 5291 669 5357 »ί
699 5301 858 5364 Nihil
879 5303 1112 5379 horum,
1149 5291 1656 5385 sed'concupiscit'
1677 5305 1799 5367 sive
1833 5310 2045 5388 expetit

2129 5306 2374 5377 κλήσεως
2433 5307 2596 5372 αὑτῆς
2653 5305 3146 5382 ἐγκατοικισθεῐσαν
3187 5305 3315 5380 ὑμῖν
3371 5303 3556 5382 χάριν,
3605 5291 3768 5362 υ[ἐστι

393 5387 636 5462 gratiam
669 5389 742 5466 in
765 5389 933 5453 vobis
965 5409 1070 5472 per
1093 5410 1258 5454 suam
1291 5393 1759 5456 exhortationem
1796 5387 2045 5475 inhabi-

2132 5395 2185 5453 δὲ
2229 5395 2414 5472 ὅμοιον
2443 5396 2577 5451 κατὰ
2623 5394 2992 5460 ἀποσιώπησιν
3041 5397 3140 5460 τῆς
3197 5392 3514 5470 ἀναιρέσεως
3555 5397 3634 5466 τῷ
3686 5389 3773 5450 ἐπὶ

472 5555 531 5604 4⁸
560 5556 584 5618 Ι
609 5554 770 5635 Petr,
797 5575 857 5640 v,
891 5563 949 5623 5.
