4180 6212
404 406 522 472 499

1046 539 1286 608 CAPUT
1330 541 1413 606 VI
1429 592 1442 603 .

415 647 587 722 Quod
614 664 735 710 non
758 663 869 725 per
895 645 1221 720 hominem,
1253 644 1359 707 sed
1410 662 1518 725 per
1580 644 1768 708 Deum
1815 660 2060 725 gressus

491 729 618 789 viri
665 723 1072 807 diriguntur:
1133 727 1198 786 in
1235 742 1376 807 quo
1410 723 2060 807 etiamtroctaturde

494 808 762 869 avaritia
798 803 1063 868 'divitum
1113 811 1166 866 et
1222 803 1489 883 ipsorum
1553 803 1787 866 deliciis
1836 805 1904 864 in
1951 803 2061 865 hoc

492 887 715 949 mundo
745 902 818 948 ac
837 885 909 947 de
935 887 1092 962 iusto
1122 885 1236 947 Dei
1255 884 1511 959 iudicio.

493 986 593 1062 IV,
634 987 848 1051 13-17.
918 987 1083 1067 Agite
1132 1005 1298 1049 nunc
1348 988 1454 1066 qui
1496 986 1702 1048 dicitis
1735 1002 1752 1047 :
1787 985 1977 1049 Hodie
2006 990 2065 1047 et

319 1156 326 1162 ι
415 1092 552 1140 ora:
568 1074 1037 1156 proﬁciscamur
1065 1076 1131 1136 in
1163 1074 1322 1137 hanc
1372 1076 1780 1162 civitatem,et
1808 1091 2064 1155 agamus

325 1163 328 1166 ’
414 1164 502 1227 ibi
531 1181 764 1228 annum
789 1181 1005 1239 unum,
1067 1171 1122 1225 et
1174 1168 1549 1244 negotiemur
1598 1180 1668 1224 ac
1698 1161 1934 1224 lucrum
1964 1163 2065 1240 fu-

417 1254 678 1328 ciamus,
734 1258 842 1333 qui
870 1253 1179 1334 ignoratis
1223 1252 1370 1332 quid
1400 1253 1687 1330 futurum
1725 1252 1802 1313 sit
1827 1259 2069 1330 postero

418 1342 539 1404 die.
574 1341 726 1417 Qua:
781 1348 869 1404 est
898 1346 1065 1404 enim
1112 1342 1241 1403 vita
1290 1343 1534 1403 vestra?
1571 1339 1768 1419 Vapor
1791 1342 1954 1402 enim
1983 1345 2072 1402 est

422 1432 530 1510 qui
575 1430 656 1491 ad
709 1430 1000 1509 exiguum
1059 1437 1294 1508 tempus
1322 1436 1568 1509 apparet
1608 1436 1664 1490 et
1689 1427 1900 1490 deinde
1927 1446 2067 1490 eva-

419 1519 655 1592 nescit;
676 1535 794 1598 pro
824 1535 891 1580 eo
947 1517 1106 1595 quod
1151 1518 1476 1580 dicendum
1531 1515 1698 1578 vobis
1747 1523 1884 1579 erat
1933 1538 1947 1575 :
2002 1518 2072 1577 Si

423 1605 726 1668 Dominus
754 1605 1034 1681 voluerit,
1064 1613 1119 1668 et
1147 1607 1204 1668 si
1232 1607 1594 1680 vixerimus,
1624 1604 1928 1684 faciamus
1962 1605 2073 1667 hoc

422 1703 532 1757 aut
559 1694 738 1757 illud.
789 1693 966 1758 Nunc
1012 1701 1218 1758 autem
1263 1695 1625 1773 gloriamini
1663 1699 1729 1755 in
1759 1711 2071 1775 arrogan-

426 1785 528 1846 tiis
579 1785 818 1846 vestris.
893 1782 1114 1846 Omnis
1166 1783 1494 1846 exsultatio
1554 1784 1698 1844 talis
1749 1782 1911 1846 mala
1965 1789 2072 1846 est.

1540 407 1947 472 (ECUMENII
1991 404 2284 468 ΤΗΙοοΕ
2329 403 2662 468 EPISGOPI

3664 385 3788 453 500

2763 542 3013 596 ΚΕΦΑΛ.
3059 535 3120 607 ς
3132 523 3161 596 ’.

2230 666 2256 696 α
2294 633 2422 700 U0n
2454 644 2548 698 οῦκ
2577 643 2630 697 ὲν
2661 640 2940 719 ἀνθρώπῳ,
2974 636 3092 694 ἀλλ’
3124 637 3202 719 ιένΔ
3223 635 3445 719 Θεῷ-’τὰ
3486 629 3786 719 διαϐήματα

2223 721 2405 800 ἀνδρὸς
2427 711 2809 782 κατευθύνεται,
2837 711 2932 777 Ἐν
2947 723 2992 794 ᾧ
3011 719 3128 796 περὶ
3147 714 3468 788 πλεονεξίας,
3495 711 3780 800 πλουσίων,

2221 793 2435 868 καὶπῆς
2477 805 2533 858 ἓν
2562 802 2749 877 κόσμῳ
2777 793 2974 879 τρυφῆς
3003 793 3176 856 αὐτῶν
3203 796 3292 852 καὶ
3331 795 3448 872 περὶ
3491 793 3786 868 δικαιοκρι-

2227 881 2340 945 σίας
2367 884 2458 938 τοῦ
2482 888 2632 942 Θεοῦ.
2673 905 2695 936 n

2233 1007 2260 1040 α
2339 973 2478 1062 ἸΑγε
2532 990 2617 1040 νῦν
2687 985 2733 1039 οἱ
2790 981 3060 1058 λέγοντες,
3123 981 3365 1058 Σήμερον
3445 977 3533 1032 καὶ
3614 973 3790 1050 α’ύριον

2145 1073 2519 1154 πορευσώμεθα
2591 1074 2662 1135 εἷς
2748 1069 2902 1140 τήνδε
2974 1070 3071 1137 τὴν
3145 1067 3324 1140 πόλιν,
3399 1067 3488 1122 καὶ
3555 1063 3792 1154 ποιήσωῖ-

2149 1149 2244 1239 μεν
2328 1161 2442 1218 ἐκεῖ
2524 1160 2756 1218 sua)th
2837 1157 2929 1214 ἕνα
2963 1178 2979 1194 ·
3054 1159 3140 1214 καὶ
3197 1154 3661 1236 ἒμπορευσώμεθα,
3704 1149 3794 1206 καὶ

2148 1238 2487 1330 κερδήσωμεν
2523 1267 2536 1282 ⁸
2629 1249 2837 1312 Ο’Ῐτινες
2905 1247 2996 1304 οῦκ
3075 1247 3348 1303 ἐπίστασθε
3419 1245 3480 1301 τὸ
3535 1247 3633 1307 τῆς
3707 1238 3796 1294 αὖ·

2150 1329 2280 1419 ριον.
2331 1340 2460 1395 Ποία
2518 1339 2617 1418 γὰρ
2671 1339 2706 1406 ἡ
2763 1339 2874 1407 ζωὴ
2929 1337 3122 1415 ὑμῶνς
3188 1332 3374 1409 Ἀτμὶς
3417 1333 3515 1411 γὰρ
3570 1329 3724 1419 ’ἐσται
3758 1329 3794 1394 ἡ

2151 1418 2328 1508 ὀλίγον
2451 1426 2767 1508 φαινομένη,
2908 1425 3093 1481 ἔπειτα
3233 1422 3288 1480 δὲ
3410 1418 3767 1502 ἀφανιζομένη
3779 1465 3794 1478 .

2151 1520 2295 1575 Ἀντὶ
2374 1524 2466 1573 τοῦ
2547 1515 2725 1594 λέγειν
2809 1515 2943 1590 ὑμᾶς
2999 1529 3013 1544 ⁸
3129 1511 3251 1571 Ἐὰν
3337 1515 3365 1569 ὑ
3449 1510 3634 1590 Κύριος
3716 1510 3800 1563 θε-

2154 1604 2320 1685 λήσῃ,
2405 1606 2492 1661 καὶ
2573 1605 2842 1680 ζήσωμεν,
2942 1603 3029 1658 καὶ
3134 1603 3442 1677 ποιήσωμεν
3526 1605 3679 1655 τοῦτο
3763 1594 3800 1662 ἢ

2156 1695 2352 1752 ἐκεῖνο.
2441 1703 2543 1752 Νῦν
2626 1690 2680 1748 δὲ
2783 1694 3052 1771 καυχᾶσθε
3135 1689 3187 1748 ὲν
3271 1703 3393 1753 ταῖς
3475 1687 3799 1758 ἀλαζονείαις

2157 1787 2328 1861 ὑμῶν.
2411 1789 2562 1839 Πᾶσα
2653 1781 2920 1861 καύχησις
3022 1781 3238 1847 τοιαύτη
3340 1778 3548 1856 πονηρά
3629 1775 3793 1832 ἐστιν.

426 1869 631 1951 Igitur
659 1872 770 1951 qui
795 1873 963 1935 novit
1021 1879 1177 1933 recte
1223 1873 1430 1949 facere
1478 1888 1583 1933 nec
1612 1872 1782 1949 facit,
1821 1872 1920 1934 hic
1945 1888 2078 1952 pec-

2164 1871 2329 1931 Είδότι
2365 1871 2452 1928 οὗν
2508 1869 2670 1927 καλὸν
2728 1882 2926 1944 ποιεῖν,
2984 1869 3074 1926 καὶ
3122 1868 3198 1943 μὴ
3257 1873 3517 1938 ποιοῦντι,
3574 1864 3801 1941 ἀμαρτία

430 1966 564 2024 cato
594 1966 852 2022 tenetur.

512 2047 657 2120 «Qui
686 2048 885 2110 dicitis
912 2071 926 2110 ;
955 2048 1207 2111 Hodie.»
1244 2049 1375 2110 Non
1407 2048 1561 2111 tollit
1602 2056 1955 2130 potestatem
1974 2057 2076 2112 aut

431 2137 684 2200 liberum
717 2137 1168 2216 arbitrium,sed
1202 2137 1466 2200 ostendit
1496 2155 1614 2200 non
1647 2156 1782 2200 esse
1806 2145 1991 2200 totum
2014 2138 2076 2198 in

432 2245 610 2289 manu
639 2229 771 2308 ejus
806 2247 819 2288 :
856 2247 994 2290 nam
1025 2245 1284 2309 superna
1317 2246 1553 2308 quoque
1581 2247 1728 2308 opus
1751 2228 2074 2306 estgratia.

429 2315 594 2378 Licet
625 2316 782 2378 enim
804 2325 862 2378 et
907 2325 1136 2379 certare
1159 2325 1217 2378 et
1263 2320 1505 2378 currere
1525 2335 1593 2378 ac
1625 2317 1910 2394 negotiari
1944 2336 2076 2378 om-

432 2405 654 2485 niaque
682 2423 858 2484 agere
888 2425 1020 2487 quae
1049 2413 1185 2468 sunt
1213 2405 1286 2467 ad
1335 2405 1511 2467 vitam
1539 2425 1552 2468 :
1588 2425 1706 2466 non
1728 2414 1925 2467 tamen
1957 2407 2083 2468 haec

436 2493 696 2575 propriis
726 2494 1028 2556 laboribus
1048 2495 1398 2571 attribuere,
1427 2494 1532 2556 sed
1562 2493 1778 2556 divinae
1821 2494 2086 2574 benigni-

435 2581 664 2645 tati.Ait
688 2601 944 2664 namque
974 2583 1302 2647 Jeremias:
1339 2607 1360 2639 «
1397 2582 1670 2658 Domine,
1705 2603 1822 2645 non
1867 2584 1928 2646 in
1969 2585 2084 2646 ho-

436 2670 600 2732 mine
631 2671 864 2732 estvita
914 2671 1101 2751 ipsius
1133 2673 1213 2731 l7.
1253 2697 1280 2729 ιι
1314 2671 1387 2733 Et
1442 2672 1848 2734 Paroemiastes
1881 2691 1894 2734 :
1938 2695 1961 2730 ‹ι
1997 2675 2086 2736 Ne

437 2758 710 2838 glorieris
739 2760 801 2820 in
831 2760 1181 2838 crastinum,
1205 2780 1338 2822 cum
1358 2762 1597 2840 ignores
1622 2761 1762 2840 quid
1797 2761 2090 2842 pariturus

441 2847 516 2909 sit
543 2847 866 2927 insequens
890 2848 1018 2912 dies
1037 2851 1121 2909 48.
1153 2875 1180 2906 ιι
1216 2885 1294 2895 -
1331 2873 1354 2906 «
1385 2847 1525 2922 Quae
1540 2857 1630 2910 est
1652 2850 1810 2912 enim
1840 2850 1952 2910 vita
1981 2868 2086 2911 ve-

441 2938 604 3000 stra?
625 2963 650 2994 »
687 2936 826 3000 Haec
865 2938 1034 3021 dicit,
1096 2939 1410 3001 vanitatem
1434 2957 1502 3000 ac
1532 2938 1928 3017 abjectionem
1959 2937 2092 3000 vita;

441 3032 661 3088 nostrae
689 3026 1007 3107 designans
1042 3049 1055 3091 :
1091 3037 1150 3090 et
1189 3026 1571 3108 pudefaciens
1613 3046 1719 3088 nos
1747 3027 1904 3109 quod
1935 3027 2094 3090 circa

443 3115 505 3177 id
535 3133 713 3177 omne
740 3124 971 3197 tempus
1001 3117 1132 3178 vitae
1161 3126 1380 3179 nostrae
1400 3134 1906 3192 consummamus,
1931 3117 2092 3194 δαείη

444 3205 821 3286 temporariis
849 3206 1042 3281 malis,
1081 3214 1138 3268 et
1196 3206 1256 3267 in
1286 3205 1380 3266 his
1424 3225 1554 3286 quae
1599 3205 1775 3267 simul
1808 3213 1869 3266 ut
1891 3214 2094 3268 exorta

2160 1963 2301 2036 αύτῷ
2331 1961 2468 2016 ἐστιν
2480 2003 2492 2018 .
2550 1981 2573 2013 ι)

2241 2072 2268 2104 α
2303 2052 2362 2107 Οἱ
2403 2048 2648 2126 λέγοντες
2685 2062 2698 2076 ⁶
2744 2047 3009 2124 Σήμερον,
3051 2067 3073 2102 u
3125 2044 3196 2102 Ού
3239 2045 3338 2111 τὴν
3381 2042 3608 2109 ἐξουσίαν
3640 2043 3794 2097 ἀναι-

2159 2153 2262 2216 ρεῖ,
2297 2137 2433 2194 ἀλλὰ
2460 2135 2711 2192 δείκνυσιν
2756 2134 2838 2192 ὅτι
2868 2135 2925 2191 οὒ
2974 2137 3035 2190 τὸ
3089 2141 3192 2191 πᾶν
3252 2134 3405 2190 αὒτοῧ
3458 2136 3622 2207 ἔστιν,
3669 2129 3806 2185 ἀλλὰ

2159 2214 2308 2284 δεϊτα
2336 2228 2425 2283 καὶ
2480 2231 2582 2293 τῆς
2641 2225 2836 2280 ἄνωθεν
2879 2225 3128 2303 χάριτος.
3193 2214 3408 2290 ’Ἔξεστι
3462 2223 3559 2298 μὲν
3591 2221 3806 2299 γὰρκαὶ

2162 2314 2340 2372 ἀθλεῖν
2389 2317 2477 2370 καὶ
2532 2313 2742 2393 τρέχειν
2798 2314 2885 2369 καὶ
2945 2312 3343 2393 ἐμπορεύεσθαι,
3388 2314 3473 2368 καὶ
3517 2311 3685 2367 πάντα
3741 2308 3808 2364 τὰ

2163 2406 2293 2486 πρὸς
2338 2405 2398 2459 τὸ
2427 2410 2523 2480 ζῇν
2555 2403 2810 2482 ἐνεργεῖν,
2861 2400 2997 2458 ἀλλά
3052 2402 3129 2478 μὴ
3183 2414 3300 2464 τοῖς
3356 2400 3568 2464 οἰκείοις
3621 2399 3804 2461 πόνοις

2164 2499 2320 2550 τοῦτο
2388 2492 2708 2569 Λογίζεσθαι,
2763 2488 2899 2546 ἀλλὰ
2952 2497 3019 2566 τῇ
3094 2497 3185 2546 τοῦ
3230 2497 3360 2548 Θεοῦ
3422 2487 3802 2568 φιλανθρωπίᾳ.

2167 2583 2308 2649 Φησὶ
2349 2582 2448 2659 γὰρ
2491 2570 2744 2656 Ἱερεμίας
2779 2595 2793 2608 ⁸
2851 2599 2874 2634 ιι
2923 2579 3098 2658 Κύριε,
3162 2580 3257 2635 οὒκ
3311 2577 3365 2634 ἐν
3421 2585 3499 2652 τῷ
3553 2575 3810 2654 ἀνθρώπῳ

2169 2673 2205 2739 ἡ
2234 2668 2351 2734 ὁδὸς
2383 2673 2561 2730 αὐτοῦ.
2596 2687 2626 2728 ι
2664 2669 2762 2726 Καὶ
2809 2670 2838 2724 ὁ
2889 2669 3284 2746 Παροιμιαστής
3319 2683 3333 2698 ⁸
3388 2685 3418 2725 (
3477 2667 3566 2733 Μὴ
3619 2663 3811 2743 καυχῶ

2171 2761 2236 2816 τὰ
2291 2762 2362 2823 εἷς
2393 2759 2588 2836 αὔριον.
2632 2760 2704 2815 Οῦ
2732 2758 2832 2837 γὰρ
2863 2755 3013 2822 οἶδας
3056 2757 3105 2812 τί
3159 2755 3360 2822 τέξεται
3413 2757 3448 2823 ἡ
3501 2755 3736 2811 ἐπιοῦσα.
3777 2775 3806 2806 ι

2170 2884 2249 2895 -
2287 2870 2309 2904 ιι
2345 2848 2475 2905 Ποία
2503 2848 2602 2926 γὰρ
2629 2849 2663 2914 ἡ
2693 2847 2804 2918 ζωὴ
2835 2848 2980 2917 ὑμῶν
3015 2865 3031 2926 ς
3092 2869 3118 2900 n
3178 2848 3248 2904 Τὸ
3305 2845 3525 2920 μάταιον
3554 2845 3641 2900 καὶ
3667 2843 3813 2898 οὗτι-

2172 2937 2326 2996 δανὸν
2393 2941 2492 3003 τῆς
2561 2936 2820 3014 ἡμετέρας
2895 2935 3192 3011 ὑποφαίνων
3251 2934 3413 3008 ζωῆς,
3474 2935 3561 2990 καὶ
3615 2953 3809 2987 καται-

2173 3028 2383 3108 σχύνων
2412 3028 2556 3101 ἡμᾶς
2611 3027 2683 3087 ὡς
2737 3026 2853 3104 περὶ
2904 3027 3057 3080 τοῦτο
3099 3025 3160 3080 τὸ
3217 3030 3318 3080 πᾶν
3361 3025 3515 3099 ἡμῶν
3569 3021 3814 3099 κατατρί-

2171 3114 2358 3182 ϐοντας
2387 3121 2492 3193 ⁸τῆς
2550 3118 2717 3188 ζωῆς,
2773 3114 2935 3170 ταῦτά
2990 3136 3170 3194 φησιν,
3231 3112 3311 3170 ὅτι
3364 3111 3418 3169 ἓν
3473 3110 3810 3192 προσκαίροις

2171 3217 2385 3279 κακοῖς,
2419 3205 2505 3260 καὶ
2534 3203 2647 3278 ἅμα
2674 3209 2752 3278 τῷ
2799 3204 3086 3270 ὑποστῆναι
3145 3201 3568 3283 ἀφανιζομένοις,
3628 3203 3656 3256 ὁ
3713 3202 3812 3254 κὸ-

444 3299 585 3354 sunt
613 3301 993 3364 evanescunt,
1024 3294 1164 3354 472
1195 3293 1391 3356 omnis
1416 3293 1581 3355 labor
1611 3301 1813 3356 noster
1843 3293 2082 3376 explea-

2171 3317 2270 3359 πος
2301 3296 2453 3370 ἡμῶν
2485 3290 2621 3358 ἆίπαξ
2669 3291 2988 3353 ἒκτελεϊται.
3045 3299 3209 3350 Τοῦτο
3262 3292 3350 3348 καὶ
3396 3288 3561 3348 Δαυῖδ
3614 3288 3818 3345 διακω-

446 3391 563 3445 tur.
594 3381 720 3445 Hoc
750 3390 811 3446 et
837 3381 1021 3445 David
1051 3383 1395 3464 perstringit
1441 3382 1648 3444 dicens
1705 3401 1718 3445 :
1772 3406 1793 3440 (ι
1832 3382 2091 3446 Verum-

447 3479 645 3532 tamen
672 3470 734 3531 in
761 3469 1020 3548 imagine
1051 3471 1372 3553 pertransit
1417 3472 1614 3544 homo,
1653 3480 1847 3533 tamen
1877 3472 2094 3534 frustra

449 3558 837 3622 conturbatur
861 3561 946 3636 49,
984 3586 1010 3617 ι)
1063 3562 1176 3623 hoc
1206 3569 1316 3636 est,
1351 3560 1508 3622 circa
1548 3560 1605 3621 id
1640 3560 1796 3640 quod
1830 3580 1948 3622 non
1979 3569 2092 3636 est,

450 3648 555 3710 sed
567 3649 627 3709 in
644 3649 770 3711 solo
785 3651 1197 3730 phantasmate
1226 3650 1494 3713 subsistit
1519 3667 1531 3711 :
1559 3650 1661 3729 huj
1671 3650 1900 3712 usmodi
1923 3668 2093 3712 nam-

451 3755 681 3817 queres
705 3747 764 3800 et
782 3737 978 3818 imago
1005 3757 1021 3814 ;
1047 3749 1151 3800 aut
1185 3739 1342 3800 circa
1374 3740 1434 3801 id
1478 3739 1633 3816 quod
1660 3758 1775 3800 non
1807 3747 1896 3800 est
1922 3739 2086 3803 idem

451 3825 806 3901 subsistens,
839 3827 943 3888 sed
976 3835 1264 3906 quatenus
1315 3827 1796 3889 assimilationem
1831 3827 2005 3891 habet
2033 3837 2091 3891 et

451 3914 853 3994 conjecturam
885 3934 1018 3976 cum
1047 3917 1162 3977 vita
1188 3935 1318 3996 quae
1347 3935 1483 3977 vere
1513 3917 1796 3996 procedit.
1839 3942 1864 3971 α
1891 3919 2092 3998 Vapor

453 4002 614 4063 enim
649 4009 760 4066 est.
803 4025 825 4058 ι
861 4004 1060 4084 Vapor
1089 4013 1177 4066 est
1223 4004 1548 4083 coagulatio
1593 4023 1768 4066 aerea
1823 4004 1894 4065 ab
1940 4006 2094 4085 ignis

2173 3381 2361 3461 μῳδῶν
2419 3403 2572 3462 φησι.
2627 3403 2654 3436 ι
2721 3380 2910 3438 Μέντοι
2987 3403 3048 3460 γε
3119 3381 3173 3436 ἐν
3242 3381 3400 3437 εἰκόνι
3458 3377 3816 3456 διαπορεύεται

2175 3473 2470 3553 ἄνθρωπος,
2502 3470 2644 3539 πλὴν
2687 3471 2863 3546 μάτην
2917 3471 3253 3549 ταράσσεται,
3313 3491 3338 3527 ι
3399 3468 3656 3542 τουτέστι,
3703 3467 3820 3544 περὶ

2174 3564 2235 3619 τὸ
2261 3561 2338 3638 μὴ
2370 3561 2452 3642 ὃν,
2479 3558 2594 3616 ἀλλ’
2639 3558 2771 3652 9ξῖσον
2829 3559 2881 3614 ἐν
2937 3560 3171 3640 φάσματι
3226 3559 3540 3624 ὑποστῆναι.
3604 3563 3820 3613 Τοιοῦτο

2175 3652 2275 3729 γὰρ
2317 3651 2352 3718 ἡ
2411 3641 2584 3708 εἰκών.
2640 3641 2698 3705 Ἠ
2758 3650 2876 3728 περὶ
2936 3649 3035 3715 τὴν
3093 3649 3169 3723 μὴ
3227 3647 3636 3719 αὒθυπόστατον,
3699 3641 3819 3699 ἀλλ’

2175 3738 2296 3795 ὅσον
2349 3737 2402 3793 ἐν
2450 3737 2772 3817 ἀφομοιώσει
2815 3738 2902 3794 καὶ
2956 3738 3192 3812 εἰκασμῷ
3233 3745 3326 3809 τῆς
3379 3733 3545 3800 ὅντως
3589 3731 3820 3812 προϐαι-

2172 3829 2361 3894 νούσης
2419 3831 2561 3898 ζωῆς
2596 3843 2614 3860 ⁸
2701 3849 2729 3881 α
2778 3824 2962 3901 Ἀτμὶς
3020 3826 3118 3905 γάρ
3183 3825 3346 3886 ἐστιν.
3397 3843 3428 3884 ι
3475 3823 3655 3898 Ἀτμίς
3710 3823 3822 3878 ἐστι

2171 3917 2420 3980 σύστασις
2453 3914 2686 3993 ἀερώδης
2733 3915 2838 3972 ἀπὸ
2881 3916 3042 3994 πυρὸς
3100 3907 3368 3993 autem,
3427 3911 3478 3978 ἐξ
3533 3913 3822 3990 ὑγρότητος

2175 4004 2609 4080 ἀναθυμιωμένη,
2696 4003 2989 4083 ἐλαχίστην
3073 4004 3172 4070 τὴν
3237 4003 3524 4060 ὑπόστασιν
3595 4000 3817 4081 ἔχουσι.

455 4091 655 4152 calore
673 4108 744 4153 ex
759 4092 1011 4154 humore
1023 4093 1639 4167 exhalans,minimam
1661 4094 1886 4156 habens
1906 4095 2097 4158 suhsi-

453 4179 726 4241 stentiam
739 4181 908 4242 .Nam
933 4191 1176 4262 propter
1194 4182 1607 4244 vehementem
1627 4183 1993 4246 tenuitatem.
2007 4186 2082 4246 fa-

2179 4182 2534 4263 ἐναφανίζεται
2602 4191 2850 4263 χωροῦσα
2918 4183 3047 4244 πρὸς
3105 4188 3258 4239 τοῦτο
3316 4181 3404 4236 καὶ
3473 4177 3823 4254 διαλυομένη,

455 4267 568 4330 cile
586 4267 997 4330 circumstanti
1015 4271 1249 4350 corpori
1268 4270 1536 4332 cedendo
1561 4273 1940 4334 evanescitac
1971 4273 2082 4334 dis-

2178 4272 2412 4350 καθάπερ
2473 4273 2603 4351 πρὸς
2669 4270 2802 4349 ὕδωρ
2859 4271 3021 4349 μικρὰ
3063 4271 3225 4334 νοτίς.
3285 4268 3517 4342 Τοιούτῳ
3573 4267 3824 4322 ἀπείκασε

455 4356 726 4438 solvitur,
759 4357 939 4420 veluti
995 4359 1262 4421 modicus
1319 4360 1532 4420 humor
1573 4361 1894 4422 accedente
1924 4381 2070 4442 aqua

2178 4361 2276 4428 τὴν
2329 4360 2592 4439 ἡμετέραν
2653 4362 2818 4431 ζωήν.
2882 4361 2979 4418 Καὶ
3023 4357 3166 4425 μάλα
3221 4356 3517 4436 εὖστόχως.
3577 4353 3828 4410 Μεσολα-

456 4445 585 4508 Tali
613 4446 962 4510 assimilavit
989 4451 1161 4512 vitam
1193 4457 1498 4512 nostram:
1561 4450 1738 4530 idque
1793 4450 1940 4511 scite
1988 4451 2082 4512 ad-

2181 4447 2348 4518 δήσας
2390 4446 2444 4504 δὲ
2486 4456 2564 4524 τῷ
2605 4450 2828 4524 τοιούτῳ
2888 4447 3233 4526 ὑποδείγματι
3293 4447 3384 4502 τὸν
3427 4443 3610 4523 λόγον,
3667 4442 3830 4530 πάλιν

456 4535 723 4597 modum.
752 4537 934 4598 Porro
967 4556 1242 4600 sermone
1272 4540 1368 4599 tali
1428 4521 1696 4619 exemplo
1738 4539 2082 4620 intercepto,

2184 4536 2235 4603 ἐξ
2289 4521 2622 4619 ὑποστροφῆς
2652 4521 2932 4594 ἀποδίδωσι
2987 4537 3049 4592 τὰ
3084 4521 3392 4634 ⁷ἀκόλουθον
3453 4521 3618 4634 αὐτῷ,
3667 4521 3834 4588 ’Ἐστι

457 4642 693 4686 rursum
725 4643 795 4687 ex
841 4626 1240 4708 hypostrophe
1291 4626 1487 4690 reddit
1531 4614 1687 4708 quod
1737 4628 1847 4707 ipsi
1877 4614 2082 4691 conss?

2186 4627 2284 4704 γὰρ
2314 4614 2551 4684 ὅλον-τῦ
2608 4628 2806 4706 χωρίον
2850 4625 3014 4690 οὕτως
3051 4641 3064 4656 ⁸
3117 4614 3259 4704 ’Ἄγε
3315 4625 3424 4695 νῦν,
3469 4625 3516 4680 οἱ
3563 4621 3831 4699 λέγοντες,

459 4731 649 4794 quens
678 4721 825 4776 erat.
858 4715 959 4777 Est
989 4715 1148 4777 enim
1200 4723 1318 4778 tota
1359 4718 1647 4796 particula
1671 4717 1782 4778 hoc
1806 4717 1979 4778 modo
2001 4735 2069 4778 or

2187 4720 2429 4800 Σήμερον
2460 4722 2547 4776 καὶ
2577 4720 2748 4799 αὔριον
2802 4722 3174 4800 πορευσώμεθα
3233 4719 3305 4781 εἷς
3361 4713 3514 4785 τήνδε
3570 4717 3668 4778 τὴν
3726 4715 3837 4769 πό-

459 4802 757 4864 dinanda:
785 4803 957 4884 Agite
977 4824 1135 4868 nunc
1163 4805 1264 4887 qui
1288 4805 1708 4882 dicitis,Hodie
1731 4816 1787 4866 et
1813 4825 1942 4867 cras
1965 4825 2082 4886 pro'

2189 4807 2292 4888 λιν,
2325 4811 2413 4866 καὶ
2455 4811 2765 4884 ποιήσωμεν
2822 4808 2935 4866 ἐκεῖ
2997 4809 3230 4864 ἐνιαυτὸν
3271 4805 3384 4880 ἕνα,
3443 4805 3529 4860 καὶ
3583 4803 3843 4880 ἐμπορευ-

460 4891 799 4955 ﬁciscamur
825 4893 886 4954 in
909 4893 1067 4956 illam
1088 4895 1472 4970 civitatem,et
1491 4913 1732 4972 agamus
1757 4895 1859 4957 tibi
1882 4914 2082 4958 annun

2193 4899 2404 4973 σώμεθα
2429 4900 2517 4954 καὶ
2560 4896 2896 4977 κερδήσωμεν
2932 4917 2944 4930 ·
3006 4897 3118 4952 ἀντὶ
3161 4904 3251 4954 τοῦ
3306 4891 3480 4971 λέγειν
3522 4893 3678 4966 ὑμᾶς,
3716 4888 3840 4947 Ἐὰν

463 4989 740 5054 unum,et
769 4984 1140 5062 negotiemur
1159 5003 1228 5046 ac
1278 4985 1507 5047 lucrum
1555 4983 1838 5046 faciamus
1869 5002 2010 5065 :pro
2041 5004 2082 5046 et

2193 4988 2221 5041 ὁ
2269 4986 2453 5064 Κύριος
2483 4985 2708 5063 θελήσῃ,
2765 4987 2852 5041 καὶ
2907 4985 3153 5059 ζήσωμεν
3195 4984 3284 5037 καὶ
3329 4981 3640 5065 ποιήσωμεν
3683 4987 3840 5034 τοῦτο

462 5070 619 5148 quod
651 5070 974 5134 dicendum
1007 5072 1171 5135 vobis
1190 5073 1408 5136 erat.Si
1431 5073 1718 5135 Dominus
1745 5063 2021 5155 voluerit,
2055 5093 2082 5136 e

2195 5073 2230 5140 ἢ
2290 5063 2485 5131 ἐκεῖνο.
2551 5096 2575 5130 ιι
2652 5081 2754 5132 Νῦν
2809 5071 2863 5128 δὲ
2918 5073 3186 5150 καυχᾶσθε
3243 5069 3294 5125 ἐν
3344 5080 3459 5130 ταῖς
3517 5063 3845 5136 ἀλαζονείαις

463 5159 514 5219 si
535 5157 1170 5234 vixerimus,faciamus
1196 5163 1308 5224 hoc
1338 5172 1436 5224 aut
1462 5163 1630 5223 illud.
1666 5189 1688 5216 α
1727 5162 1893 5224 Nunc
1917 5173 2082 5226 auten

2194 5164 2361 5237 ὑμῶν’
2405 5185 2428 5221 ι)
2479 5164 2656 5229 Οὕτως
2700 5162 2847 5227 ὄντος
2879 5170 2969 5220 τοῦ
2996 5157 3303 5234 ἀκολούθου,
3349 5161 3408 5215 οὗ
3463 5155 3616 5212 τοῦτο
3668 5166 3844 5233 ποιεῖ,

465 5246 802 5326 gloriamini
823 5249 883 5309 in
905 5252 1255 5331 arrogantiis
1273 5253 1480 5314 vestris
1515 5252 1791 5325 nCumita
1813 5271 1950 5313 vera
1965 5271 2079 5314 con

2199 5251 2336 5308 ἀλλὰ
2391 5251 2649 5329 διακόψας
2699 5259 2776 5327 τῷ
2831 5246 3211 5328 παραδείγματι
3263 5247 3361 5314 τὴν
3423 5243 3699 5323 συνέχειαν
3757 5251 3852 5300 τοῦ

459 5336 692 5398 secutio
723 5338 1018 5400 sermonis
1043 5349 1347 5412 essot,non
1373 5341 1482 5402 hoc
1509 5340 1782 5420 facit,sed
1808 5350 2082 5422 postquar

2201 5340 2384 5418 λόγου,
2444 5343 2577 5414 μετά
2634 5347 2796 5396 ταῦτα
2868 5339 3127 5414 ἐπήνεγκε
3203 5335 3265 5391 τὸ
3343 5331 3592 5390 ἐλλεῖπον
3648 5331 3849 5411 φθάσας

465 5424 737 5505 exemplo
763 5425 1416 5491 intersecuitsermonis
1430 5419 2082 5510 consequentiam,dein

2202 5428 2286 5485 διὰ
2314 5435 2411 5496 τῆς
2455 5437 2545 5484 τοῦ
2601 5430 2910 5508 πράγματος
2969 5424 3167 5490 εἰκόνος
3223 5425 3285 5479 τὸ
3345 5423 3568 5498 μάταιον
3625 5419 3856 5486 ὕποστῆ-

465 5532 607 5594 ceps
635 5513 938 5594 subjunxit
966 5518 1124 5597 quod
1155 5519 1378 5594 deerat,
1403 5537 1511 5600 per
1539 5509 1856 5596 imaginem
1879 5518 1965 5580 rei
1982 5537 2082 5599 pro

2204 5541 2290 5574 σαι
2321 5521 2410 5574 τοῦ
2459 5516 2509 5584 εξ
2563 5515 2866 5588 ἀλαζονείας
2925 5515 3040 5592 περὶ
3096 5509 3242 5570 τόνδε
3295 5513 3386 5568 τὸν
3443 5510 3645 5584 κόσμον
3700 5509 3858 5584 ἡμῶν

2183 4095 2280 4149 Διά
2309 4095 2407 4172 γὰρ
2452 4095 2550 4161 τὴν
2599 4092 2732 4171 ἄγαν
2780 4091 3083 4159 λεπτότητα
3137 4091 3348 4172 ταχέως
3401 4097 3479 4164 τῷ
3521 4089 3828 4168 περιέχοντι

543 5681 604 5732 47
632 5678 859 5746 Jerem.
891 5701 951 5758 ι,
988 5686 1088 5749 33.
1135 5687 1198 5736 48
1230 5688 1402 5749 Prov.
1434 5702 1618 5762 xxvn,
1661 5687 1714 5748 1.
1767 5686 1826 5736 ι9
1857 5686 2013 5749 Psal.
2045 5703 2267 5750 xxxvm
2308 5689 2368 5744 7.
