4180 6212
366 340 473 406 501

1291 351 1683 417 COMMENT.
1732 355 1815 416 IN
1859 345 2101 409 EPIST.
2146 348 2470 411 CATHOL.
2515 349 2792 413 JAGOBI.

3629 348 3748 413 502

367 477 800 567 περισπωμένου,
850 471 1014 540 ι’[ζστι
1060 484 1160 561 γὰρ
1203 483 1368 550 οὕτως
1402 501 1417 517 ⁶
1486 489 1766 567 Καυχᾶσθε
1811 486 1865 543 ἐν
1891 494 2010 545 ταῖς

2097 478 2276 541 brans
2305 498 2373 542 ac
2402 479 2760 542 convincens
2789 479 3041 545 subesse
3059 482 3371 544 vanitatem
3395 480 3457 543 in
3483 498 3553 543 eo
3582 482 3743 562 quod

366 563 690 637 ἀλιζονείαις
728 570 897 645 ὑμῶν.
944 573 1142 651 Τίνες;
1221 572 1429 638 Οῗτινες
1487 563 1898 633 οὒκέπίστασθε
1950 575 2013 630 τὸ

366 654 644 735 εἰσαύριον.
678 658 810 715 Ποία
852 660 950 739 γὰρ
979 662 1014 729 ἡ
1057 664 1170 733 ζωὴ
1199 662 1346 737 ὑμῶν
1382 681 1397 741 ς
1458 664 1555 721 Καὶ
1599 662 1743 732 ἑξῆς.
1807 664 1904 720 Διὰ
1960 662 2014 719 δέ

366 749 480 821 τοῦ,
527 746 655 801 Ποία
684 747 718 814 ἡ
744 748 857 818 ζωὴ
901 750 1095 829 ὑμῶνς
1158 748 1503 816 ἐξουδενώσας
1546 759 1647 819 τὴν
1701 753 1870 825 ζωὴν,
1928 752 2015 808 καὶ

366 829 756 909 προδοποιήσας
824 834 908 894 διὰ
950 839 1131 896 τούτου
1173 843 1252 913 τῷ
1322 841 1394 904 εἷς
1440 840 1703 898 ενὺτέλειαν
1758 838 2012 921 παραδεί-

366 941 553 995 γματι,
585 922 751 986 οὕτως
809 924 994 1005 ἐπάγει
1052 930 1138 984 καὶ
1178 930 1242 985 τὸ
1297 927 1611 1007 ὑπόδειγμα,
1670 930 2014 1009 καιριώτατον

365 1015 516 1064 τοῦτο
545 1016 733 1071 ποιῶν.
774 1036 803 1067 α
839 1019 1116 1094 Καυχᾶσθε
1145 1016 1201 1072 ἐν
1228 1030 1349 1081 ταῖς
1399 1015 1722 1088 ἀλαζονείαις
1775 1020 1942 1095 ὑμῶν.
1981 1042 2008 1072 »

361 1095 604 1188 ἾΑλαζὼν
671 1102 761 1188 καὶ
825 1102 1099 1175 ἀλαζονεία
1184 1105 1261 1181 μὴ
1316 1108 1630 1188 ὑφεστώτων
1684 1109 2011 1187 πραγμάτων

363 1185 481 1243 ἐστὶ
524 1187 749 1259 σπουδή.
800 1193 893 1248 Διὸ
934 1194 1022 1249 καὶ
1071 1193 1279 1266 ἀλαζὼν
1332 1185 1544 1274 λέγεται
1591 1199 1620 1253 6
1677 1185 1816 1272 per;
1878 1196 2010 1264 ἄλης

360 1281 489 1349 ζῶν,
550 1278 809 1359 τουτέστι,
869 1283 1003 1357 μετᾶ
1058 1282 1284 1341 ἀστάτου
1341 1286 1428 1341 καὶ
1489 1286 1567 1361 μὴ
1623 1284 1842 1365 ἔχοντος
1873 1286 2009 1342 ἶ)πά-

361 1385 547 1453 στασιν
587 1367 919 1446 πράγματος.
963 1392 986 1426 ε
1019 1376 1167 1428 Πᾶσα
1223 1373 1487 1453 καύχησις
1531 1376 1749 1441 τοιαύτη
1806 1374 2011 1451 πονηρά

362 1450 527 1516 ἓπιν.
567 1478 590 1509 ι
666 1455 1128 1535 Ἐπαναλαμϐἀνει
1182 1466 1281 1529 τήν
1324 1459 1558 1520 διάκενον
1612 1464 1899 1543 καύχησιν,
1973 1461 2009 1530 ἢ

362 1562 445 1604 τις
474 1540 527 1607 ἐξ
585 1545 938 1626 ὑπερηφανίας
980 1548 1128 1629 φιλεῖ
1168 1549 1446 1606 τίκτεσθαι.
1504 1552 1604 1609 Καὶ
1660 1540 1814 1608 οἱονεὶ
1870 1574 2008 1627 συμ-

362 1635 622 1721 ⁴περαίνων
664 1639 788 1721 ,τὸν
857 1638 1044 1698 ἑαυτοῦ
1096 1638 1277 1718 λόγον,
1335 1640 1591 1721 ἐπιφέρει,
1653 1639 1734 1697 ὅτι
1806 1642 2011 1719 πονηρά

2094 586 2203 629 nos
2234 568 2508 631 distrahit
2538 569 2696 631 circa
2754 570 2909 631 hunc
2966 570 3277 632 mundum.
3316 569 3417 632 Est
3445 569 3605 632 enim
3632 569 3749 631 hoc

2096 656 2271 718 modo
2299 657 2743 738 intelligendum
2772 679 2785 719 :
2815 659 3167 721 Gloriamini
3193 660 3254 721 in
3274 658 3630 739 arrogantiis
3647 675 3749 721 ve-

2096 744 2255 807 stris.
2288 744 2542 819 Quinam
2583 746 2685 827 qui
2705 746 2987 825 ignoratis
3016 747 3157 828 quid
3190 757 3426 828 postero
3455 747 3555 810 die
3584 747 3747 809 futu-

2095 850 2227 893 rum
2276 833 2375 897 sit.
2409 832 2549 907 Quae
2578 844 2670 896 est
2717 835 2876 896 enim
2906 836 3022 897 vita
3070 843 3266 898 vestra
3286 836 3317 897 ει
3344 844 3457 898 etc.
3493 835 3606 897 Per
3634 835 3749 897 hoc

2094 932 2292 984 autem
2311 922 2468 1003 quod
2490 922 2571 984 ait
2596 943 2609 983 :
2637 922 2777 996 Quaa
2800 930 2891 986 est
2906 924 3066 986 enim
3092 924 3207 985 vita
3227 932 3420 987 vestra
3436 930 3465 987 ἲ
3485 933 3750 985 contem-

2097 1030 2247 1076 nens
2272 1012 2472 1093 vitam,
2505 1021 2564 1076 et
2615 1032 2721 1094 per
2748 1014 2862 1076 hoc
2890 1014 3040 1077 viam
3087 1024 3443 1096 praestruens
3472 1012 3745 1094 exemplo

2092 1100 2163 1162 ad
2190 1100 2567 1181 fragilitatem
2608 1102 2823 1184 posito,
2854 1104 2934 1165 ita
2963 1103 3265 1184 subjungit
3294 1111 3352 1166 et
3379 1102 3741 1183 exemplum,

2091 1189 2355 1252 reddens
2377 1191 2491 1251 hoc
2513 1190 2944 1256 firmissimum.
2977 1191 3362 1257 «Gloriamini
3383 1192 3444 1253 in
3467 1209 3750 1270 arrogan-

2094 1278 2189 1340 tiis
2216 1279 2448 1343 vestris.
2487 1304 2514 1334 n
2550 1279 2847 1359 Arrogans
2877 1289 2936 1343 et
2989 1282 3335 1361 arrogantia
3381 1281 3624 1343 aﬁ'ectus
3652 1286 3742 1342 est

2093 1365 2167 1428 de
2198 1367 2378 1429 rebus
2408 1387 2528 1429 non
2558 1368 3183 1434 subsistentibus.ldeo
3207 1370 3382 1432 etiam
3414 1370 3622 1440 ἀλαζών
3654 1367 3745 1429 di-

2094 1454 2249 1516 citur
2276 1461 2303 1513 ὁ
2334 1459 2469 1533 μετά
2494 1456 2627 1525 ἄλης
2658 1464 2781 1538 ζῶν,
2837 1457 2896 1519 id
2934 1465 3022 1519 est
3046 1476 3179 1519 cum
3198 1458 3345 1519 mari
3367 1456 3595 1537 vivens,
3627 1455 3741 1518 hoc

2094 1551 2184 1606 est
2211 1563 2345 1605 cum
2376 1562 2441 1606 re
2499 1544 2765 1608 instabili
2823 1565 2936 1609 nec
2990 1546 3244 1608 habente
3269 1544 3735 1609 subsistentiam.

2100 1630 2340 1696 «Omnis
2389 1635 2704 1697 exsultatio
2736 1635 2869 1697 talis
2899 1635 3054 1697 mala
3081 1643 3228 1699 est.»
3263 1634 3501 1717 Repetit
3529 1651 3738 1697 vanam

366 1719 528 1780 ἐστιν.
567 1724 625 1779 Ei
653 1720 708 1779 δὲ
738 1727 963 1806 πονηρὰ,
1013 1728 1226 1791 πάντως
1275 1727 1354 1785 ὅτι
1408 1719 1499 1786 καί
1537 1729 1643 1786 ἀπὸ
1683 1739 1775 1789 τοῦ
1830 1736 2007 1797 Πονη-

2092 1721 2502 1800 gloriationem
2536 1742 2666 1805 quae
2690 1742 2758 1785 ex
2817 1723 3098 1804 superbia
3126 1723 3272 1785 oriri
3301 1724 3481 1805 cupit,
3517 1730 3576 1785 et
3602 1730 3739 1783 tan-

365 1817 456 1899 ροὺ
482 1812 617 1868 ἐστι.
678 1814 751 1871 Ού
808 1812 892 1871 δεῖ
932 1813 989 1872 δὲ
1030 1817 1151 1881 τοὺς
1207 1820 1284 1892 τῷ
1344 1818 1515 1897 Κυρίῳ
1565 1817 1647 1875 διὰ
1701 1819 1795 1876 τοῦ
1862 1820 2010 1899 άγὲου

364 1898 728 1976 βαπτίσματος
795 1902 1136 1971 ἀνατεθέντας
1223 1913 1315 1963 τοῦ
1393 1914 1628 1987 Πονηροῦ
1707 1905 2008 1987 παραδέχε-

366 1990 483 2077 σθαι
514 1989 824 2070 ἐπισποράς.
881 1992 1150 2075 Ἐπιφὲρει
1191 1994 1247 2052 δὲ
1302 1998 1502 2077 καὶτὸ,
1549 1995 1718 2054 Εὶδᾶτι
1761 1997 1849 2054 οὖν
1906 2020 2007 2053 κα-

364 2074 458 2132 λὸν
486 2091 661 2136 ποιεῖν
686 2083 773 2138 καὶ
823 2082 900 2157 μὴ
949 2074 1215 2165 ποιοῦντι,
1272 2074 1498 2165 ἁμαρτία
1541 2089 1682 2161 αὑτῷ
1708 2088 1818 2143 ἐστι
1850 2102 1863 2116 ·
1923 2088 2010 2142 καὶ

363 2166 483 2232 τοὺς
555 2167 1060 2244 ψευδοδιδασκάλους
1129 2171 1361 2231 παιδεύει
1418 2174 1601 2238 πάλιν,
1688 2176 1776 2242 Μὴ
1845 2182 2009 2233 ταῦτα

366 2253 630 2313 παιδεύειν
706 2258 930 2336 τολμᾷς,
1014 2260 1052 2317 ἆ
1134 2262 1211 2338 μὴ
1281 2265 1532 2342 πρότερον
1609 2262 2010 2341 κατώρθωσαςς

373 2366 402 2398 ι
437 2346 706 2424 Μακάριος
775 2349 897 2427 γάρ,
972 2352 1154 2431 φησὶν,
1215 2352 1317 2431 οὑχ
1382 2352 1440 2415 ὃς
1497 2349 1708 2430 διδάξει,
1782 2349 1901 2407 ἀλλ’
1954 2352 2010 2414 ὃς

367 2434 582 2504 πσιήσει
611 2438 699 2493 καὶ
727 2435 940 2503 διδάξει.
980 2462 1009 2495 ι
1071 2443 1422 2519 Προηγεῐσθοι
1492 2441 1592 2521 γὰρ
1630 2439 1715 2497 δεῖ
1763 2441 1831 2496 τὰ
1887 2439 2012 2519 ἔργα

365 2529 459 2580 τσό
512 2522 697 2603 λόγου.
746 2527 938 2585 Καθότι
976 2530 1086 2607 ,καὶ
1142 2527 1570 2605 ἐπιδεικνυμένην
1628 2530 1800 2587 πίστιν
1841 2532 2011 2607 ἀπαγ-

364 2610 543 2690 γέλλει
582 2612 805 2680 δίκαιος.
885 2638 910 2673 ε
969 2606 1027 2676 Ὀ
1083 2617 1182 2697 γὰρ
1224 2616 1384 2692 λύων,
1441 2618 1570 2698 φησὶ
1626 2620 1833 2698 Κύριος,
1889 2606 2012 2692 μίαν

363 2707 470 2757 τῶν
528 2702 754 2760 ἐντολῶν
805 2706 1004 2763 τούτων
1059 2707 1166 2764 τῶν
1237 2705 1557 2787 ἐλαχίστων,
1616 2709 1702 2764 καὶ
1757 2705 2011 2763 διδάσκων

365 2789 534 2855 οὕτως
564 2794 686 2858 τοὺς
729 2793 1056 2874 ἀνθρώπους,
1116 2795 1376 2869 τουτέστι,
1436 2793 1710 2870 διακένως,
1767 2794 1847 2875 ἐφ’
1926 2799 2010 2861 οἷς

371 2881 466 2937 οὐκ
521 2882 824 2957 ἐκοπίασεν,
870 2883 1152 2965 ἐλάχιστος
1208 2884 1555 2965 κληθήσειαι,
1613 2884 1779 2963 μέγας
1834 2883 1889 2941 δὲ
1957 2884 2011 2949 ὃς

367 2972 504 3044 μετὰ
545 2978 638 3029 τοῦ
666 2971 856 3053 πρᾶξαι
910 2972 1122 3041 διδάξει,
1175 2996 1200 3030 ι
1262 2971 1410 3031 Ἐπεὶ
1438 2975 1527 3031 καὶ
1569 2975 1722 3037 αὐτὸς
1775 2976 1803 3030 6
1856 2974 2009 3030 θεάν-

362 3060 594 3139 θρωπος,
648 3063 724 3117 ὧν
783 3060 973 3143 ἤρξατο
1027 3075 1225 3144 ποιεῖν,
1282 3062 1482 3120 τούτων
1682 3060 2035 3127 διδασκαλίανξ

366 3151 626 3215 ἐποιεῖτο.
660 3152 877 3212 Τοιοῦτό
907 3174 1000 3228 μοι
1029 3150 1178 3210 δοκεῖ
1216 3155 1305 3209 καὶ
1354 3154 1440 3225 τὸ,
1504 3175 1533 3208 α
1611 3150 1668 3210 Ὀ
1718 3151 2009 3231 καυχώμε-

366 3262 479 3311 νος,
514 3239 568 3297 ἐν
625 3242 795 3319 Κυρίῳ
836 3242 1145 3322 καυχάσθω,
1198 3263 1223 3298 ι
1270 3240 1385 3299 ἀντὶ
1436 3250 1549 3317 τοῦ,
1608 3242 1744 3297 κατᾶ
1804 3240 2008 3319 Κύριον,

366 3330 551 3403 ἐκείνῳ
619 3331 899 3411 χρώμενος
956 3329 1297 3410 ὑποδείγματι
1365 3330 1501 3389 πολὺ
1579 3331 1855 3410 πρότερον,
1926 3330 2013 3385 καὶ

365 3417 502 3476 οὕτω
543 3425 734 3500 ποιῶν,
766 3419 903 3477 οὕτω
930 3418 1208 3483 διδάσκων,
1252 3420 1399 3479 Ἐπεὶ
1446 3420 1534 3477 καὶ
1588 3418 1714 3476 ὅταν
1769 3419 1926 3500 φησὶν
1984 3420 2012 3474 6

368 3506 525 3565 Δαυίδ
554 3525 570 3541 °
609 3532 636 3563 ι
685 3506 774 3567 Ἐν
799 3515 878 3583 τῷ
920 3510 1092 3590 Κυρίῳ
1121 3509 1516 3580 ἐπαινεθήσεται
1544 3511 1579 3577 ἠ
1610 3509 1766 3588 ψυχή
1810 3529 1936 3583 μου,
1972 3526 2002 3567 ι

365 3598 460 3654 οὑκ
500 3595 631 3654 ἄλλο
672 3619 855 3677 φησιν,
907 3597 938 3665 ἥ
995 3597 1076 3655 ὅτι
1119 3599 1257 3657 κατὰ
1283 3599 1375 3663 τὰς
1434 3597 1652 3662 ἐντολὰς
1711 3597 2007 3675 πορευόμε-

365 3708 453 3749 νος
482 3693 576 3744 τοῦ
606 3687 791 3766 Κυρίου
833 3687 1152 3755 ἐπαινεθείη,

2091 1831 2268 1894 quam
2292 1831 2463 1874 suum
2478 1813 2840 1875 concludens
2852 1831 3185 1875 sermonem
3202 1813 3383 1876 infert
3401 1813 3556 1894 quod
3582 1811 3740 1873 mala

2090 1902 2167 1964 sit
2193 1920 2207 1965 :
2233 1900 2389 1983 quod
2422 1901 2472 1962 si
2522 1901 2907 1983 mala,utique
2932 1901 3108 1963 etiam
3137 1921 3172 1963 a
3194 1902 3448 1983 Maligno
3465 1908 3578 1963 est.
3606 1897 3738 1961 Non

2090 1998 2324 2072 oportet
2343 1998 2539 2052 autem
2563 2008 2663 2051 eos
2685 1991 2786 2071 qui
2818 2009 2923 2072 per
2943 1989 3235 2071 baptisma
3258 1989 3507 2052 Domino
3527 2006 3743 2051 conse-

2092 2079 2236 2141 crati
2268 2087 2423 2147 sunt.
2459 2079 2599 2139 475
2630 2079 2779 2140 ullas
2809 2081 3115 2159 suscipere
3169 2097 3202 2140 a
3233 2078 3489 2158 Maligno
3510 2076 3743 2157 insper-

2092 2166 2315 2229 siones.
2349 2165 2533 2229 Infert
2562 2177 2759 2230 autem
2787 2177 2845 2230 et
2874 2168 2985 2229 hoc
3024 2190 3037 2226 :
3071 2167 3253 2245 Igitur
3274 2167 3375 2249 qui
3397 2166 3559 2228 novit
3578 2172 3740 2227 recte

2091 2255 2287 2317 facere
2316 2275 2427 2318 nec
2453 2256 2611 2332 facit,
2647 2257 2741 2318 hic
2768 2264 3010 2338 peccato
3054 2264 3330 2320 tenetur:
3381 2271 3741 2335 rursumque

2092 2343 2269 2406 falsos
2298 2343 2571 2407 doctores
2601 2344 2867 2426 corripit.
2899 2345 3051 2408 Num
3073 2346 3197 2407 haec
3224 2345 3408 2407 audes
3438 2344 3740 2423 corripere

2092 2451 2228 2494 cum
2259 2452 2377 2494 non
2411 2435 2573 2514 prius
2603 2435 2663 2496 in
2719 2435 2814 2497 his
2843 2443 3004 2498 recte
3035 2442 3092 2498 te
3121 2433 3377 2515 gesseris
3398 2435 3428 2495 ?
3463 2452 3493 2493 ‹
3525 2433 3742 2495 Beatus

2093 2522 2276 2595 enim,
2311 2522 2523 2604 inquit,
2558 2542 2679 2585 non
2705 2524 2805 2605 qui
2850 2523 3139 2605 docuerit,
3172 2523 3278 2586 sed
3309 2521 3410 2605 qui
3440 2520 3654 2585 fecerit
3681 2526 3742 2582 et

2092 2610 2379 2673 docuerit,
2446 2636 2473 2667 ι
2530 2610 2776 2693 Oportet
2830 2612 2988 2675 enim
3047 2621 3111 2673 ut
3162 2630 3343 2693 opera
3398 2626 3739 2673 sermonem

2094 2701 2454 2780 praecedant,
2486 2700 2766 2781 quoniam
2817 2703 3014 2783 justus
3066 2700 3385 2765 exhibitam
3419 2700 3598 2763 ﬁdem
3630 2716 3741 2761 an-

2096 2789 2346 2851 nuntiat.
2407 2814 2435 2845 ι
2495 2789 2639 2852 Nam
2693 2791 2793 2872 qui
2849 2791 3112 2865 solverit,
3176 2791 3367 2872 inquit
3423 2788 3734 2868 Dominus,

2096 2897 2275 2940 unum
2308 2878 2383 2941 de
2414 2880 2704 2942 mandatis
2733 2880 2862 2943 istis
2917 2880 3206 2961 minimis,
3248 2888 3306 2943 et
3356 2878 3627 2942 docuerit
3655 2876 3741 2939 sic

2095 2968 2456 3043 homines,id
2480 2977 2590 3044 est,
2624 2969 2903 3048 inaniter,
2929 2989 3147 3052 nempe
3179 2988 3249 3033 ea
3276 2971 3338 3033 in
3368 2968 3585 3052 quibus
3618 2984 3739 3031 non

2096 3055 2402 3132 laboravit,
2437 3059 2722 3121 minimus
2772 3060 3116 3123 vocabitur:
3153 3078 3403 3140 magnus
3433 3067 3631 3121 autem
3660 3057 3733 3135 is,

2028 3114 2070 3201 ‘c
2095 3114 2402 3228 ἱίυῖἐίῖηὖί
2423 3114 2795 3211 ἑῐὲἔέἓί-ἷῐει
2810 3114 3078 3212 ἇῦἓῦἔιῖίὶ
3096 3114 3737 3229 ἐρ’ξῖόἶιξιὶιεῖἇίῇἶιῖἇὲξιὶ

2095 3244 2153 3298 et
2182 3236 2309 3317 ipse
2341 3240 2498 3299 Deus
2526 3245 2584 3299 et
2634 3239 2812 3300 homo
2848 3239 3060 3300 horum
3109 3237 3441 3301 doctrinam
3475 3234 3742 3298 tradebat

2094 3343 2224 3406 quae
2251 3325 2507 3405 primum
2526 3325 2722 3389 facere
2734 3336 2994 3409 cmperat
3014 3328 3067 3379 5‘
3106 3324 3485 3406 .Hujusmodi
3502 3340 3741 3404 quoque

2093 3413 2325 3475 videtur
2344 3414 2500 3495 quod
2526 3416 2605 3476 ait
2630 3414 2880 3479 Paulus:
2913 3415 3060 3489 «Qui
3080 3412 3455 3495 gloriatur,in
3485 3410 3738 3474 Domino

2092 3502 2379 3578 glorietur
2394 3503 2488 3577 59;
2520 3528 2543 3562 ι
2571 3505 2683 3566 hoc
2705 3513 2816 3579 est,
2838 3504 3165 3568 secundum
3200 3503 3541 3577 Dominum,
3579 3499 3740 3563 illius

2093 3591 2268 3671 longe
2297 3600 2470 3653 antea
2498 3602 2670 3654 utens
2692 3593 2993 3674 exemplo,
3029 3592 3178 3655 etita
3192 3590 3417 3654 faciens
3438 3597 3496 3652 et
3517 3590 3596 3650 ita
3624 3586 3739 3649 do-

2092 3700 2257 3745 cens.
2288 3679 2578 3753 Quoniam
2629 3690 2690 3745 ει
2740 3682 2920 3745 David
2979 3701 3115 3744 cum
3171 3681 3292 3743 ait:
3336 3702 3359 3736 ιι
3388 3682 3457 3742 In
3484 3674 3738 3739 Domino

365 3765 703 3837 laudabitur
729 3776 926 3838 anima
952 3793 1086 3839 mea
1111 3777 1196 3852 5'5,
1251 3800 1281 3832 ι
1342 3793 1462 3837 non
1516 3773 1674 3837 aliud
1727 3772 1897 3850 dicit,
1957 3788 2132 3855 quam
2192 3769 2349 3850 quod
2410 3769 2685 3848 gradiens
2735 3772 2901 3852 juxta
2958 3770 3197 3835 Domini
3254 3774 3548 3852 praecepta
3603 3765 3739 3828 lau-

365 3862 565 3927 detur.

450 3976 479 4011 ε
554 3943 698 4033 ’Ἄγε
754 3961 862 4025 νῦν,
928 3959 976 4012 οἱ
1041 3955 1305 4035 πλούσιοι,
1361 3954 1621 4011 κλαύσατε
1677 3951 2012 4023 ὀλολύζοντες

367 4042 451 4100 ἐπὶ
518 4056 641 4107 ταῖς
723 4042 1108 4121 ταλαιπωρίαις
1186 4045 1336 4120 ὑμῶν
1405 4055 1527 4107 ταῖς
1599 4040 2009 4120 ἐπερχομέναις.

367 4121 425 4188 Ὀ
467 4129 691 4197 πλοῦνος
762 4133 910 4207 ὑμῶν
976 4131 1198 4199 σέσηπε.
1257 4131 1333 4189 Τὰ
1405 4130 1588 4206 ἱμάτια
1640 4130 1786 4205 ὑμῶν
1843 4128 2010 4195 σητό-

362 4217 539 4299 ϐρωτα
607 4221 844 4299 γέγονεν.
920 4211 978 4279 Ὀ
1046 4222 1243 4300 χρυσὸς
1327 4222 1473 4296 ὑμῶν
1548 4219 1633 4276 καὶ
1706 4221 1734 4275 6
1791 4218 2010 4297 ἄργυρος

364 4309 640 4373 κατίωται,
721 4312 821 4369 Καὶ
889 4312 918 4367 6
986 4311 1064 4373 ἰὸς
1135 4310 1305 4366 αὑτῶν
1370 4311 1444 4375 εἰς
1522 4309 1799 4389 μαρτύριον
1882 4309 2009 4371 ὑμῖν

363 4395 531 4474 ἔσται,
604 4400 693 4456 καὶ
760 4400 982 4479 φάγεται
1051 4400 1147 4465 τὰς
1219 4399 1415 4478 σάρκας
1500 4400 1646 4475 ὑμῶν
1737 4400 1810 4461 ὡς
1883 4400 2003 4476 πῦρ.

2178 3945 2250 4021 V,
2274 3950 2300 4009 l
2318 3950 2401 4012 -6.
2431 3952 2476 4012 Α
2489 3951 2611 4031 gite
2630 3950 3059 4031 nunc,divites,
3065 3948 3238 4031 plora
3247 3955 3305 4010 te
3321 3946 3621 4026 ejulantes
3636 3961 3741 4007 su-

2089 4053 2207 4117 per
2226 4039 2488 4121 miseriis
2506 4040 2723 4103 vestris
2745 4057 2877 4120 qua
2891 4043 3336 4120 supervenient.
3369 4033 3617 4099 Divitiae
3637 4050 3743 4121 ve-

2090 4120 2609 4206 strce’putre/actoe
2632 4136 2813 4192 sunt:
2836 4130 3192 4191 vestimenta
3216 4132 3419 4189 vestra
3440 4124 3620 4187 tineis
3635 4120 3742 4185 ob-

2090 4216 2282 4277 noxia
2297 4216 2461 4293 facta
2476 4220 2882 4280 sunt.Aurum
2901 4224 2957 4281 et
2976 4224 3301 4297 argentum
3322 4222 3589 4277 vestrum
3599 4228 3743 4274 eru-

2090 4305 2232 4382 gine
2255 4305 2540 4367 vitiatum
2555 4313 2643 4367 est
2670 4323 2683 4368 :
2707 4314 2763 4369 et
2783 4323 2963 4386 erugo
3010 4322 3220 4368 eorum
3245 4310 3309 4365 in
3332 4301 3745 4366 testimonium

2092 4390 2258 4453 vobis
2273 4394 2363 4454 eri
2369 4400 2476 4469 t,et
2499 4395 2740 4457 excedet
2759 4413 2971 4457 carnes
2993 4403 3221 4456 vestras
3239 4393 3397 4455 sicut
3413 4392 3596 4470 ignis.
3622 4390 3744 4451 Pro

368 4467 786 4565 Ἐθησαυρίσατέ
1104 4486 1159 4544 ἐν
1234 4467 1489 4567 ἐσχάταις
1534 4467 1807 4566 ’ἡμέραιᾳ
1881 4467 2010 4542 Ἰδοὺ

2095 4478 2377 4543 thesauro
2397 4467 2823 4546 recondidistis
2858 4481 3024 4545 vobis
3044 4482 3204 4544 iram
3224 4483 3289 4541 in
3308 4467 3594 4542 extremis
3612 4477 3743 4539 die-

367 4575 397 4629 6
427 4576 611 4648 μισθὸς
640 4581 746 4632 τῶν
775 4575 1012 4655 ἐργατῶν
1034 4576 1139 4633 τῶν
1167 4576 1488 4653 ἀμησάντων
1515 4576 1609 4638 τὰς
1628 4575 1812 4655 χώρας
1839 4575 2010 4650 ὑμῶν,

364 4664 395 4718 6
422 4661 848 4743 ἀπεστερημένος
893 4662 985 4745 ἀφ’
1027 4666 1175 4741 ὑμῶν
1216 4666 1415 4744 κράζει.
1477 4665 1575 4722 Καὶ
1632 4665 1684 4719 αἱ
1738 4664 1856 4740 βοαὶ
1911 4669 2014 4719 τιῦν

361 4751 676 4830 θερισάντων
707 4754 781 4817 είς
808 4754 873 4809 τὰ
917 4755 1029 4810 ὦτα
1086 4755 1270 4831 Κυρίου
1322 4750 1542 4810 Σαϐαὼθ
1598 4750 2011 4820 εἰσεληλύθασιν.

364 4836 733 4920 Ἐτρυφήσατε
768 4841 855 4898 ἐπὶ
877 4843 976 4907 τῆς
1020 4844 1121 4921 γῆς
1151 4844 1239 4899 καὶ
1268 4841 1692 4912 ἐσπαταλήσατε.
1725 4838 2013 4921 Ἐτρὲψαῖε

364 4928 460 4993 τὰς
514 4927 729 5007 καρδίας
778 4931 955 5006 ὑμῶν,
1029 4933 1101 4994 ὡς
1163 4932 1216 4988 ἐν
1280 4931 1452 5011 ἡμέρᾳ
1494 4932 1725 5011 σφαγῆς.
1792 4928 2013 4987 Κατεδι-

361 5016 582 5092 κάσατε,
663 5018 975 5100 ἐφονεύσατε
1030 5022 1121 5077 τὸν
1189 5018 1409 5082 δίκαιον,
1488 5021 1596 5078 Οὔκ
1647 5019 2011 5075 ἀντιτάσσεται

365 5106 494 5180 ὑμῖν
505 5152 515 5162 .
563 5131 581 5158 ι

444 5217 469 5250 ι
523 5184 665 5275 ’Ἄγε
698 5205 808 5260 νῦν.
851 5222 877 5254 ι
913 5201 986 5258 Τὸ
1028 5197 1285 5279 φειδωλὸν
1314 5200 1400 5254 καὶ
1430 5196 1687 5278 γλίσχρον
1716 5202 1819 5252 τῶν
1849 5195 2011 5253 πλου-

360 5284 486 5340 σίων
529 5288 718 5365 θρῆνον
774 5290 946 5345 αὑτῶν
1000 5301 1259 5368 ποιεῖται,
1293 5286 1555 5359 ὀλολύζειν
1600 5286 1786 5351 αὖτοὺς
1843 5308 2009 5364 παρα-

2099 4568 2225 4630 bus.
2239 4568 2392 4633 Ecce
2410 4589 2635 4633 merces
2656 4574 3067 4652 operariorum
3110 4575 3215 4649 qui
3234 4571 3612 4630 messuerunt
3639 4582 3743 4627 re-

2095 4658 2303 4738 giones
2326 4667 2720 4741 vestras,quaa
2736 4661 2960 4741 fraude
2979 4677 3100 4722 non
3130 4657 3365 4720 reddita
3386 4662 3470 4718 est
3491 4672 3529 4716 a
3548 4655 3741 4736 vobis,

2098 4746 2324 4809 clamat
2345 4764 2358 4809 :
2379 4756 2433 4810 et
2456 4749 2751 4813 clamores
2770 4750 2877 4832 qui
2910 4753 3310 4819 messuerant,
3337 4747 3403 4807 in
3422 4760 3599 4807 aures
3628 4745 3746 4805 Do-

2097 4835 2251 4896 mini
2269 4833 2540 4900 Sabaoth
2563 4840 2947 4902 introierunt.
2958 4838 3031 4898 In
3046 4836 3288 4899 delictis
3308 4834 3550 4897 vixistis
3564 4849 3746 4913 super

2098 4930 2330 4986 terram
2350 4933 2403 4989 et
2438 4925 2785 5009 lascivistis,
2828 4926 3145 4989 enutristis
3180 4924 3363 4988 corda
3401 4930 3593 4987 vestra
3613 4928 3744 4985 tan-

2096 5029 2301 5094 quam,
2327 5016 2392 5077 in
2424 5017 2583 5078 diem
2624 5017 2974 5080 occisionis.
3003 5014 3465 5077 Condemnastis
3500 5018 3555 5075 et
3575 5012 3740 5075 occi-

2093 5100 2267 5163 distis
2293 5105 2541 5179 iustum,
2570 5122 2678 5167 nec
2708 5105 2926 5167 restitit
2956 5105 3148 5167 vobis.

2183 5212 2204 5244 α
2216 5189 2385 5269 Agite
2398 5211 2579 5255 nunc.
2594 5216 2618 5250 ι
2649 5193 2902 5255 Divitum
2923 5192 3299 5254 tenacitatem
3313 5210 3381 5254 ac
3399 5190 3743 5272 parcitatem

2090 5277 2227 5339 facit
2243 5279 2663 5345 lamentatione
2685 5282 2971 5363 ipsorum,
2995 5281 3219 5362 ejulare
3242 5280 3597 5358 eosiubens,
3630 5280 3744 5343 hoc

360 5372 729 5450 κελευόμενος,
786 5376 1044 5457 τουτέστι,
1102 5366 1339 5452 θρηνεῖν,
1393 5379 1467 5439 ὡς
1540 5377 1612 5440 εἰς
1683 5374 2006 5452 ἀνύπαρκτον

2092 5366 2708 5452 est,lamentari,utqui
2721 5369 2793 5433 ad
2807 5370 3111 5441 interitum
3127 5377 3184 5431 et
3198 5369 3592 5450 perditionem
3607 5387 3744 5432 suas

359 5464 446 5518 καὶ
513 5466 706 5545 φθορὰν
758 5466 1163 5542 ταμιευοέιένους
1220 5466 1310 5522 τὸν
1366 5464 1593 5522 πλοῦτον
1650 5466 1841 5535 αὑτῶν,
1916 5464 2007 5519 καὶ

2092 5457 2415 5524 recondant
2435 5459 2810 5541 divitias,nec
2824 5459 3355 5542 ipsasinsumantin
3372 5458 3746 5542 egenoszsola

434 5641 498 5693 50
528 5642 733 5704 Matth.
765 5658 853 5707 ut.
888 5643 989 5708 19.
1035 5644 1089 5697 51
1124 5647 1257 5710 Act.
1291 5659 1332 5724 ι,
1373 5645 1393 5707 ι
1472 5642 1536 5696 53
1563 5643 1785 5707 Jerem.
1819 5658 1902 5719 ιι,
1935 5639 2010 5704 23

2092 5637 2142 5705 ll
2172 5642 2309 5702 Cor.
2342 5656 2403 5717 ι,
2441 5641 2538 5703 l7.
2587 5640 2651 5693 53
2683 5638 2841 5706 Psal.
2874 5657 3083 5715 xxxm,
3115 5642 3177 5706 3.
