4180 6212
430 292 550 361 503
1546 297 1893 362 (EGUMEN
1899 299 1957 363 ΙΙ
2001 294 2297 360 TRIGCIE
2339 299 2672 365 EPISGOPI
3688 295 3809 360 304

433 446 694 512 namque
721 428 1060 497 divitiarum
1087 430 1150 492 in
1180 430 1291 493 bes
1309 429 1632 512 insumptio
1660 432 1802 493 474
1833 451 1958 494 non
1984 447 2071 512 pet

2179 432 2256 507 μὴ
2306 448 2423 497 τοῖς
2473 432 2737 511 δεομένοις
2792 435 3130 498 δαπανῶντας
3180 434 3356 493 αὐτόν.
3414 433 3564 499 Μόνη
3616 432 3717 510 γὰρ
3771 431 3813 498 ἦ

430 517 981 599 rit,sedinsumenti
1004 517 1236 597 integra
1246 527 1533 582 servatur.
1566 519 1892 602 Propterea
1905 520 2071 582 etiam

2162 522 2293 597 πρὸς
2353 522 2558 586 τούτους
2623 523 2849 581 πλούτου
2890 522 3098 592 δαπάνη
3155 523 3250 580 οὐκ
3302 520 3641 592 ἀπόλλυται,
3688 518 3809 576 ἀλλ’

429 607 576 672 dicit
593 606 1005 671 Parmmiastes
1028 624 1042 667 :
1067 605 1227 670 Mitte
1257 625 1468 688 panem
1494 614 1658 671 tuum
1675 627 1856 691 super
1871 608 2071 672 faciem

2164 609 2403 689 ἀκέραιος
2456 618 2533 686 τῷ
2586 610 2883 670 δαπανῶντι
2943 611 3035 693 cpe)
3047 613 3280 671 άττεται.
3370 612 3464 668 Διὰ
3516 617 3671 667 τοῦτο
3722 610 3817 666 καὶ

427 714 616 778 aqua,
643 697 759 759 hoc
788 702 900 771 est,
933 712 1117 777 super
1147 703 1531 776 apparentem
1564 697 1808 779 quidem
1831 699 2071 761 dissolu‘

2165 700 2193 754 6
2263 702 2656 778 Παροιμιαστής
2710 724 2840 783 φησι
2871 716 2885 730 '
2940 699 3283 759 Ἀπόστειλον
3346 701 3437 757 τὸν
3497 697 3653 777 ἄρτον
3718 719 3815 754 σου

433 784 657 849 tionem
676 802 744 846 ac
760 784 1203 865 corruptionem
1226 785 1367 865 (hoc
1386 785 1545 847 enim
1574 787 1858 868 consequi
1878 796 2071 850 natum

2167 786 2252 844 ἐπὶ
2305 788 2590 867 πρόσωπον
2655 788 2859 866 ὕδατος,
2929 789 3216 869 τουτέστιν,
3288 789 3373 846 ἐπὶ
3429 787 3655 864 δοκούσῃ
3710 786 3814 861 μὲν

427 880 521 936 est
540 870 827 954 panemin
840 890 1025 953 aquas
1040 873 1401 959 projectum)
1413 882 1692 937 :attamen
1711 894 2071 957 nequaquam

2167 873 2401 934 διαλύσει
2479 879 2567 934 καὶ
2646 882 2808 959 φθορᾷ
2885 883 3053 950 (τοῦτο
3120 879 3220 959 γὰρ
3277 882 3356 953 τῷ
3421 880 3540 935 καθ’
3624 874 3810 940 ὕδατος

430 959 798 1044 deperditur,
831 961 938 1025 sed
961 958 1053 1023 sui
1086 962 1471 1042 corruptione
1499 963 1877 1042 refrigerium
1911 965 2071 1027 nobis

2165 965 2498 1043 ῥιπτουμένῳ
2559 966 2699 1043 ἄρτῷ
2750 958 2993 1047 πέφυκεν
3049 965 3444 1047 ἐπακολουθεῖν)
3482 982 3496 997 ⁸
3563 969 3623 1024 0-3
3677 963 3809 1040 μέν-

427 1049 969 1132 conciliat,quando
993 1051 1253 1115 futurum
1281 1059 1439 1115 esset
1459 1061 1520 1114 ut
1537 1052 1741 1133 lingua
1763 1055 1825 1116 in
1846 1055 2071 1116 ﬂamma

2164 1076 2246 1112 τοι
2303 1056 2391 1112 καὶ
2447 1054 2818 1134 ἂπολλυμένῳ,
2892 1054 3028 1113 ἀλλὰ
3096 1056 3163 1132 τῇ
3217 1054 3450 1113 διαλύσει
3516 1055 3808 1134 ἀναψυχὴν

424 1138 976 1219 cruciata,egestate
1001 1148 1178 1219 guttai
1198 1159 1365 1221 aqua;
1386 1159 1824 1221 premere-mur.
1858 1168 1885 1198 ιι
1919 1142 2071 1205 Divi-

2161 1144 2297 1219 ἡμῖν
2367 1142 2716 1225 προξενοῦντι,
2772 1148 3000 1213 ὁπηνίκα
3057 1143 3342 1222 μέλλοιμεν
3406 1144 3505 1211 τὴν
3560 1143 3808 1223 γλῶσσαν

429 1228 525 1291 tite
540 1236 808 1292 vestrae.»
832 1227 968 1292 Sive
994 1230 1302 1310 opulentia
1343 1238 1559 1292 vestra.
1595 1229 2071 1294 Subaudiendum

2162 1233 2216 1290 ἐν
2273 1237 2340 1309 τῇ
2386 1231 2541 1312 φλογὶ
2598 1234 3108 1313 ἀποτηγανιζόμενοι
3146 1232 3347 1312 ῥανίδος
3390 1231 3575 1296 mare:
3648 1254 3814 1311 προσ-

430 1317 611 1391 eet,id
633 1326 744 1394 est,
778 1337 952 1399 quam
986 1318 1378 1399 opulentiam,
1411 1330 1478 1383 ut
1527 1320 1593 1383 ﬁt
1620 1338 1832 1387 sensus
1867 1342 1880 1380 :
1915 1319 2071 1382 Divi-

2161 1321 2384 1403 δεῖσθαι.
2438 1346 2465 1379 ιι
2517 1314 2574 1381 Ὀ
2616 1322 2841 1387 πλοῦτος
2895 1325 3065 1385 ὑμῶν.
3120 1344 3146 1383 ο
3194 1321 3694 1403 Προσυπακουστέον
3748 1324 3813 1378 τὸ

429 1405 529 1469 tie
559 1413 769 1469 vestrae
794 1395 939 1487 quas
964 1395 1240 1487 tanquam
1271 1407 1472 1486 ignem
1530 1426 1637 1488 pro
1668 1409 1945 1471 thesauro
1973 1427 2071 1470 re-

2161 1395 2245 1486 "0,
2278 1411 2352 1469 ἵν’
2384 1411 2420 1487 ᾗ
2463 1411 2629 1477 οὕτως
2666 1430 2680 1444 ⁶
2730 1404 2787 1471 Ὀ
2819 1411 3045 1477 πλοῦτος
3074 1395 3254 1489 ὑμῶν,
3303 1412 3361 1470 ὃν
3404 1414 3477 1477 ὡς
3522 1419 3621 1491 πυρ
3678 1410 3812 1478 ἐθη-

430 1496 783 1560 condidistis
807 1496 1096 1559 excedent
1123 1515 1332 1560 carnes
1382 1505 1642 1561 vestras.
1672 1522 1698 1553 α
1733 1497 2071 1561 Putrel‘acta

2164 1500 2460 1580 σαυρίσατε,
2505 1502 2864 1582 καταφάγεται
2906 1502 3001 1565 τὰς
3047 1502 3242 1581 σάρκας
3285 1502 3455 1578 ὐμῶν,
3506 1522 3531 1556 υ
3595 1499 3810 1567 Σέσηπε

434 1592 577 1647 sunt
606 1593 662 1646 et
716 1585 1063 1647 vestimenta
1112 1593 1329 1649 vestra.
1369 1611 1394 1642 ι
1430 1586 1818 1663 Putrefactio,
1868 1587 2071 1668 inquit,

2161 1591 2250 1647 καὶ
2279 1590 2345 1646 τὰ
2371 1591 2554 1667 ἱμάτια
2582 1593 2751 1667 ὑμῶν,
2808 1614 2836 1646 ι
2887 1582 2951 1648 Ἠ
3004 1596 3194 1666 σῆψις,
3243 1592 3393 1671 φησὶ,
3436 1595 3529 1647 τοῦ
3582 1588 3810 1647 πλούτου

435 1672 772 1737 divitiarum
804 1682 864 1735 et
889 1674 1379 1737 vestimentorum
1401 1674 1665 1739 corrosio
1683 1676 1807 1738 sive
1827 1678 2028 1738 exesio
2048 1695 2071 1738 ιι

2164 1679 2251 1734 καὶ
2313 1680 2375 1736 τὸ
2443 1678 2782 1758 θριπήδεστον
2834 1681 2954 1748 ἦτοι
3006 1678 3325 1757 σιτόϐρωτον
3382 1685 3488 1735 τῶν
3554 1679 3799 1758 ἱματίων,

437 1761 636 1837 tineis,
671 1770 730 1825 et
759 1780 940 1843 erugo
968 1763 1097 1825 auri
1128 1770 1186 1825 et
1210 1762 1441 1842 argenti
1471 1764 1621 1826 feret
1649 1764 1960 1826 adversum
1984 1783 2071 1827 vos

2164 1769 2251 1823 καὶ
2306 1770 2335 1824 6
2388 1754 2484 1832 ἰὸς-
2508 1775 2599 1826 τοῦ
2640 1778 2840 1849 χρυσοῦ
2893 1770 2979 1826 καὶ
3033 1778 3127 1828 τοῦ
3162 1754 3409 1849 ⁷ἀργύρου
3462 1754 3804 1846 καταμαρτυέ-

432 1851 870 1933 testimonium,
894 1871 1148 1932 arguens
1178 1852 1550 1915 tenacitatem
1583 1862 1862 1918 vestram.
1887 1854 2071 1934 Prop-

2165 1858 2312 1935 ρήσει
2371 1859 2542 1938 ὑμῶν,
2589 1857 2831 1938 ἐλέγχων
2883 1860 2947 1916 τὸ
3002 1855 3322 1933 ἀμεταδοτον
3376 1858 3547 1932 ὑμῶν,
3625 1854 3703 1912 Δι’
3777 1856 3806 1912 ὃ

428 1947 523 2002 ter
550 1940 710 2022 quod
742 1942 802 2004 in
832 1941 1116 2004 extremis
1172 1941 1384 2003 diebus
1416 1942 1581 2023 (dicit
1610 1950 1807 2004 autem
1841 1942 2071 2004 Domini

2164 1947 2252 2002 καὶ
2316 1946 2371 2002 ἐν
2412 1946 2667 2027 ἐσχάταις
2728 1947 2951 2025 ἡμέραις
3010 1944 3167 2026 (λέγει
3222 1945 3277 2003 δὲ
3318 1946 3417 2014 τὴν
3472 1952 3565 2002 τοῦ
3622 1946 3806 2025 Κυρίου

435 2029 781 2110 adventum)
809 2031 1124 2093 invenietis
1180 2030 1415 2093 divitias
1461 2042 1687 2093 vestras
1742 2031 2071 2093 reconditas

2164 2035 2496 2116 παρουσίαν),
2530 2038 2776 2117 εὑρήσετε
2823 2038 2914 2093 τὸν
2966 2035 3192 2117 πλούτον
3246 2036 3391 2110 ὑμῶν
3441 2036 3514 2097 ὡς
3556 2041 3657 2113 πῦρ
3709 2056 3808 2091 τα-

423 2118 592 2181 vobis
609 2126 889 2202 tanquam
907 2121 1104 2200 ignem
1128 2120 1191 2181 in
1230 2119 1631 2201 perditionem
1663 2119 1852 2199 :quod
1898 2119 2071 2182 etiam

2168 2114 2598 2201 μιευθέντανὺμτν
2625 2128 2698 2188 εἷς
2727 2124 2964 2205 ὄλεθρον.
3018 2114 3197 2204 ιὈπερ
3244 2124 3333 2181 καὶ
3374 2126 3403 2181 6
3458 2122 3512 2179 ἐν
3568 2122 3809 2201 Εὖαγγε-

428 2207 597 2270 diviti
615 2209 966 2289 contigit,de
984 2228 1103 2291 quo
1128 2213 1185 2272 in
1204 2209 1542 2289 Evangelio.
1571 2233 1598 2264 α
1633 2207 1698 2269 In
1721 2208 1956 2269 deliciis
1988 2209 2071 2269 vi-

2161 2213 2258 2289 λίῳ
2311 2213 2557 2278 πλούσιος
2609 2215 2889 2273 πέπονθεν.
2955 2237 2980 2270 ιι
3038 2211 3419 2293 Ἐτρυφήσατε.
3454 2231 3484 2271 )
3536 2209 3808 2291 Καταδρο-

425 2296 656 2361 sistis.»
690 2297 1118 2361 Discurrebant
1143 2298 1376 2362 Judaici
1408 2298 1705 2379 principes
1729 2297 2081 2359 devorantes

432 2403 747 2468 pauperes,
783 2394 840 2449 et
870 2387 1335 2467 pinguescebant
1357 2386 1682 2449 honoribus
1709 2386 1809 2466 qui
1840 2385 2080 2448 defere-

431 2474 651 2538 bantur
674 2474 747 2537 ab
767 2475 1067 2551 omnibus,
1105 2476 1208 2538 sed
1229 2475 1587 2557 parabantur
1615 2474 1687 2536 ad
1715 2473 2078 2537 occisionem

432 2562 543 2625 sub
574 2563 853 2627 manibus
881 2564 1382 2629 Romanorum.Et
1416 2563 1670 2625 maxime
1702 2563 1841 2643 quia
1873 2562 2071 2625 Domi-

2162 2568 2355 2644 μένων.
2419 2571 2517 2628 Καὶ
2571 2568 2799 2644 μάλιστα
2869 2568 2949 2627 ὅτι
3002 2570 3094 2626 τὸν
3150 2568 3310 2644 μόνον
3366 2565 3563 2623 δίκαιον
3613 2567 3803 2638 Κύριον

432 2670 575 2714 num
593 2652 695 2733 qui
716 2653 878 2715 solus
894 2661 1021 2716 erat
1032 2655 1230 2734 justus
1249 2653 1810 2732 condemnarunt,et
1837 2652 2071 2714 occide-

2162 2655 2504 2716 κατεδίκασαν
2574 2659 2663 2715 καὶ
2722 2658 3002 2738 ἐφόνευσαν
3045 2657 3138 2715 οὐκ
3179 2657 3411 2737 ἐρίζοντα
3466 2652 3583 2711 οὒδὲ
3636 2677 3806 2734 κραυ-

432 2748 573 2803 runt
600 2759 720 2803 non
757 2742 1219 2804 contendentem
1243 2760 1434 2823 neque
1455 2740 1906 2803 vociferantem.
1941 2740 2071 2802 Ideo

2164 2747 2411 2824 γάζοντα.
2477 2747 2893 2826 Ἀναντιρρήτως
2946 2748 3032 2827 τὸ,
3110 2768 3134 2803 Ι
3200 2744 3543 2826 Ἐφονεύσατε
3585 2745 3673 2800 τὸν
3724 2742 3806 2799 δί-

431 2847 592 2891 nunc
620 2828 769 2892 dicit
796 2850 809 2892 :
853 2827 1201 2893 «Occidistis
1213 2830 1501 2910 justum.)
1532 2829 1743 2890 Procul
1769 2828 1949 2891 dubio
1971 2830 2071 2891 hoc

2166 2855 2339 2911 καιον,
2416 2858 2444 2892 ι
2509 2835 2594 2892 ἐπὶ
2651 2837 2742 2892 τὸν
2799 2836 3022 2915 Χριστὸν
3085 2833 3418 2915 ἀναφέρεται,
3475 2839 3555 2910 Τῇ
3626 2832 3806 2907 μέντοι

432 2918 509 2982 ad
538 2918 838 2983 Christum
870 2917 1149 2983 refertur.
1182 2918 1296 2982 Per
1324 2918 1468 2980 illud
1502 2917 1868 2998 tamenquod
1893 2916 2071 2980 addit:

2166 2922 2389 3003 ἐπιφορᾷ
2410 2929 2500 3000 τῇ,
2529 2925 2635 2983 Οὐκ
2663 2924 3026 2986 ἀντιτάσσεται
3073 2925 3223 2999 ὑμῖν,
3255 2922 3499 2979 ἐκοίνωσε
3527 2922 3619 2978 τὸν
3647 2920 3806 3001 λόγον

431 3006 562 3073 Non
583 3007 806 3071 restitit
854 3006 1043 3083 vobis,
1099 3026 1479 3070 communem
1531 3007 1715 3070 efﬁcit
1742 3024 2071 3070 sermonem

2164 3013 2251 3069 καὶ
2281 3015 2410 3093 πρὸς
2437 3014 2556 3093 τους
2586 3010 2776 3077 ἄλλους
2804 3015 2924 3079 τοὺς
2955 3014 3021 3070 τὰ
3049 3012 3210 3090 ὅμοια
3237 3011 3378 3091 παρᾶ
3406 3010 3512 3068 τῶν
3541 3008 3802 3069 Ἰουδαίων

432 3097 610 3160 etiam
625 3095 699 3159 ad
716 3095 867 3160 alios
896 3096 997 3178 qui
1017 3096 1237 3159 similia
1252 3116 1287 3159 a
1312 3095 1539 3160 Judaels
1564 3096 1720 3177 passi
1745 3106 1904 3160 sunt.
1924 3099 2071 3160 For-

2162 3091 2446 3165 παθόντας.
2498 3091 2664 3167 ἸΙσως
2694 3100 2749 3159 δὲ
2806 3103 2895 3160 καὶ
2949 3107 3289 3182 προφητικῶς
3345 3101 3407 3156 τὸ
3456 3101 3573 3180 περὶ
3615 3100 3802 3156 ἑαυτὸν

431 3183 609 3249 tussis
636 3192 835 3249 autem
863 3193 922 3249 et
955 3186 1302 3268 prophetice
1347 3204 1513 3249 suam
1548 3184 1816 3265 designat
1845 3187 2071 3267 passio-

2161 3191 2471 3271 ὑπεμφαίνει
2502 3192 2689 3257 πάθος.

430 3292 569 3341 nam
578 3323 593 3339 .

2162 2304 2240 2379 μὴ
2309 2308 2414 2360 τῶν
2454 2301 2779 2362 “Ἰουδα’ίκῶν
2840 2303 3116 2384 ἀρχόντων
3156 2299 3628 2376 καταϐοσκομένων
3685 2301 3806 2365 τοὺς

2161 2391 2412 2459 πένητας,
2449 2394 2535 2450 καὶ
2562 2392 2922 2468 πιαινομένων
2976 2405 3099 2457 ταῖς
3140 2391 3283 2470 παρὰ
3323 2390 3534 2446 πάντων
3589 2402 3800 2463 τιμαῖς,

2161 2478 2281 2536 ἀλλ’
2324 2483 2397 2545 εἰς
2427 2481 2637 2561 σφαγὴν
2689 2494 2811 2547 ταῖς
2872 2472 3201 2557 Ῥωμαϊκαῖς
3258 2479 3439 2559 χερσὶν
3497 2477 3803 2557 εὐτρεπιζο-

962 3368 1102 3433 476
1144 3368 1383 3434 CAPUT
1428 3369 1552 3434 VII.

426 3473 519 3534 De
538 3472 840 3552 patientia
860 3488 932 3536 ac
961 3475 1293 3537 tolerantia
1341 3474 1770 3552 afﬂictionum,
1795 3480 1852 3534 et
1891 3472 1962 3534 de
1982 3490 2078 3534 ve-

504 3521 744 3616 }itZiZ?
751 3521 839 3616 ἐνῖ
860 3521 1681 3635 "EuprZEaZiii-"éﬂéiéié?
1688 3521 2071 3615 ὶὶὶίιῑόνὶἱῖεὲἆ.

503 3649 611 3696 nes
636 3635 847 3713 cuique
872 3634 1287 3698 convenientes
1337 3652 1474 3697 cum
1502 3634 1659 3714 ﬁde:
1696 3640 1749 3695 et
1791 3634 1952 3713 quod
1980 3634 2075 3695 in-

504 3714 896 3779 serviendum
923 3721 1009 3777 est
1036 3715 1226 3777 saluti
1247 3716 1540 3795 proximi.

504 3816 577 3891 V,
609 3816 791 3878 7-H.
851 3814 1259 3897 Longanimes
1297 3817 1495 3898 igitur
1550 3822 1761 3893 estote,
1821 3817 2073 3895 fratres,

2795 3378 3046 3434 KE<I>AA.
3092 3361 3172 3432 z'.

2166 3499 2189 3532 α
2225 3476 2347 3557 Περὶ
2389 3477 2741 3557 μακροθυμίας
2769 3478 2857 3533 καὶ
2886 3478 3155 3557 δπομονῆς
3183 3474 3538 3557 παθημάτων,
3577 3475 3667 3557 καὶ
3684 3473 3803 3553 περὶ

2235 3554 2511 3624 ἀλῆθείαςξ
2537 3554 2627 3616 Ἐν
2654 3560 2699 3631 ᾧ
2727 3557 3059 3636 παραινέσεις
3084 3555 3244 3636 ίδικαὶ
3274 3555 3480 3636 ἑκάστῳ
3500 3556 3803 3636 προσήκου-

2236 3658 2324 3693 σαι
2368 3638 2502 3713 μετὰ
2530 3639 2780 3702 πίστεως.
2806 3632 2925 3695 ’Καὶ
2953 3636 3034 3693 ὅτι
3076 3634 3413 3703 διακονητὲον
3439 3641 3508 3713 τῇ
3531 3632 3623 3694 τοῦ
3651 3632 3802 3702 πλη-

2241 3718 2350 3774 σίον
2383 3717 2637 3797 σωτηρίᾳ.
2679 3740 2701 3773 ι

2243 3837 2271 3870 ιι
2317 3815 2768 3895 Μακροθυμὴσατε
2822 3817 2932 3890 οὖν,
2992 3812 3228 3896 ἀδελφοὶ,
3288 3812 3388 3879 ἕως
3457 3812 3553 3881 τῆς
3609 3812 3805 3892 παρου-

422 3919 611 3982 usgue
636 3903 717 3965 ad
746 3903 1075 3967 adventum
1099 3906 1363 3967 Domini.
1405 3905 1552 3967 Ecce
1578 3904 1852 3984 agrirota
1871 3922 2071 3985 exspe-

2161 3904 2272 3970 σίας
2327 3911 2420 3961 τοῦ
2501 3906 2707 3983 Κυρίου.
2789 3902 2919 3963 Ἰδοὺ
2995 3908 3023 3962 6
3079 3907 3313 3985 γεωργὸς
3369 3901 3640 3983 ἐκδέχεται
3711 3903 3802 3958 τὸν

424 3996 547 4055 ctat
561 3993 900 4073 pretiosum
927 3997 1192 4073 fructum
1240 3999 1443 4070 terrae,
1495 3994 1923 4074 longanimiter
1967 4011 2071 4055 ex-

2161 3994 2330 4070 τίμιον
2386 3993 2588 4073 καρπὸν
2661 3994 2761 4060 τῆς
2837 3999 2963 4072 γῆς,
3048 3997 3398 4073 μακροθυμῶν
3480 3992 3566 4048 ἐπ’
3635 3993 3799 4066 αὐτῷ,

423 4086 705 4160 spectans
750 4080 949 4157 illum,
1009 4083 1199 4146 donec
1241 4084 1502 4163 accipiat
1526 4083 1803 4162 pluviam
1837 4083 2071 4144 matuti-

2161 4081 2260 4146 ἕως
2330 4080 2468 4159 λάϐῃ
2543 4085 2690 4140 ὑετὸν
2758 4088 3006 4163 πρώϊμον
3077 4085 3164 4139 καὶ
3243 4081 3462 4159 ὄψιμον.
3523 4083 3800 4157 Μακροθύ-

423 4184 577 4232 nam
605 4178 660 4234 et
678 4172 1028 4233 serotinum.
1086 4172 1491 4251 Longanimes
1545 4172 1736 4252 igitur
1789 4177 1969 4233 estote
2024 4177 2071 4232 et

2163 4172 2369 4246 μήσατε
2420 4173 2507 4229 καὶ
2588 4175 2767 4248 ὑμεῖς,
2850 4172 3133 4250 Στηρίξατε
3201 4172 3293 4237 τὰς
3349 4169 3558 4250 καρδίας
3625 4172 3798 4246 ὑμῶν,

421 4276 557 4342 vrs,
593 4265 651 4323 et
678 4259 1033 4339 conﬁrmata
1073 4259 1256 4322 corda
1284 4265 1505 4332 vestra,
1551 4264 1838 4338 quoniam
1854 4258 2071 4320 adven-

2163 4259 2243 4316 ὅτι
2311 4263 2345 4330 ἡ
2415 4264 2669 4340 παρουσία
2734 4264 2829 4321 τοῦ
2906 4265 3090 4342 Κυρίου
3172 4261 3384 4341 ἤγγικε.
3460 4262 3548 4328 Μὴ
3609 4262 3803 4317 στενά-

423 4354 518 4413 tus
562 4348 817 4412 Domini
875 4352 1346 4430 appropinquat.
1432 4348 1631 4413 Nolite
1688 4348 2071 4426 ingemiscere

2161 4357 2273 4420 ζετε
2316 4348 2434 4408 κατ’
2493 4351 2766 4434 ἀλλήλων,
2798 4350 3056 4433 ιἐιδελςροὶ,
3129 4351 3223 4409 ’ίνά
3278 4353 3357 4426 μὴ
3427 4349 3797 4434 κατακριθῆτε.

418 4439 586 4501 alius
608 4438 904 4501 adversus
932 4436 1148 4513 alium,
1191 4438 1442 4517 fratres,
1495 4446 1665 4500 utne
1708 4436 2073 4499 condemne-

415 4528 596 4591 mini.
624 4527 787 4590 Ecce
816 4526 1018 4590 Iudex
1062 4535 1204 4590 ante
1240 4528 1502 4606 januam
1562 4528 1813 4588 assistit.
1844 4525 2078 4587 Exem-

412 4616 585 4698 plum
614 4616 888 4697 accipite,
922 4615 1141 4680 fratres
1172 4617 1316 4690 mei,
1353 4616 1708 4694 afﬂictionis
1740 4632 1813 4677 ac
1841 4618 2076 4694 patien-

414 4708 544 4780 tiae,
572 4706 897 4787 prophetas
935 4706 1043 4785 qui
1068 4704 1260 4767 locuti
1287 4714 1429 4768 sunt
1450 4703 1778 4783 ininomine
1804 4703 2071 4767 Domini.

411 4794 570 4859 Ecce
601 4793 801 4857 beatos
828 4794 1107 4857 ducimus
1135 4811 1235 4857 eos
1265 4796 1373 4876 qui
1404 4800 1734 4857 sustinent.
1779 4791 2072 4855 Toleran-

414 4888 570 4947 tiam
601 4882 717 4946 Job
766 4883 1114 4964 audistis,et
1140 4884 1318 4964 ﬁnem
1350 4882 1599 4946 Domini
1618 4884 1885 4954 vidistis,
1920 4882 2078 4960 quod

409 4972 582 5035 valde
597 4973 945 5035 misericors
965 4971 1041 5035 sit
1071 4973 1370 5036 Dominus
1399 4991 1470 5036 ac
1500 4990 1687 5035 comm
1697 4973 1931 5034 iserans

494 5063 805 5142 Postquam
835 5060 1218 5125 Judaicorum
1253 5061 1588 5142 principum
1621 5059 1866 5123 delicias
1891 5077 2070 5120 accu-

407 5150 578 5225 savit,
612 5158 675 5213 et
718 5167 925 5212 eorum
983 5148 1269 5212 saevitiam
1305 5168 1374 5211 ac
1401 5149 1893 5211 inhumanitatem
1928 5165 2069 5227 erga

409 5239 953 5320 pauperes,transit
980 5238 1155 5301 etiam
1208 5239 1282 5301 ad
1314 5238 1553 5313 ﬁdeles,
1587 5247 1646 5301 et
1674 5238 1794 5299 ait:
1826 5235 1913 5297 Ne
1943 5237 2067 5298 haec

406 5325 679 5390 videntes
708 5327 1358 5409 oﬁ‘endamini,fratres,
1387 5346 1582 5408 neque
1604 5327 1807 5389 animo
1826 5324 2070 5405 dejicia-

406 5414 578 5486 mini,
610 5416 781 5497 quasi
811 5423 915 5478 aut
962 5435 1080 5478 non
1130 5414 1395 5496 reposita
1425 5416 1489 5478 ﬁt
1518 5416 1580 5477 in
1611 5415 1751 5477 illos
1779 5413 2061 5489 vindicta,

393 5510 494 5563 aut
519 5504 585 5564 ﬁt
635 5503 876 5584 quidem
909 5506 1191 5585 reposita,
1254 5504 1358 5565 sed
1408 5503 1658 5565 nimium
1693 5503 1903 5564 tardet.
1959 5504 2061 5564 Est

385 5588 547 5652 enim
562 5598 725 5653 certa
740 5591 906 5668 ultio,
937 5609 1125 5672 eaque
1143 5610 1176 5653 ε
1216 5591 1462 5671 vestigio
1483 5589 1917 5654 ventura.Dicit
1946 5607 2051 5650 auo

2164 4436 2297 4496 Ἰδοὺ
2369 4443 2397 4497 6
2466 4442 2648 4519 κριτὴς
2717 4429 2818 4520 πρὸ
2902 4429 3006 4498 τῶν
3075 4444 3238 4519 θυρῶν
3301 4438 3544 4506 ἔστηκεν.
3634 4429 3801 4495 ’Υπό-

2159 4524 2352 4606 δειγμα
2394 4526 2582 4586 λάϐετε
2641 4532 2738 4597 τῆς
2803 4529 3174 4601 κακοπαθείας,
3236 4525 3447 4606 ἀδελφοί
3518 4548 3641 4601 μου,
3711 4528 3804 4582 καὶ

2159 4619 2258 4681 τῆς
2342 4620 2718 4697 μακροθυμίας,
2803 4618 2924 4681 τοὺς
3005 4616 3302 4697 προφητὰς,
3388 4616 3441 4672 οἳ
3536 4611 3799 4681 ἐλάλησακ

2159 4704 2236 4779 τῷ
2293 4705 2511 4781 ὀνόματι
2569 4708 2776 4786 Κυρίου,
2837 4705 2966 4763 Ἰδοὺ
3037 4707 3387 4783 μακαρίζομεν
3461 4704 3580 4767 τοὺς
3662 4704 3803 4759 ὓπο-

2161 4791 2437 4868 μὲνοντας.
2471 4796 2580 4863 Τὴν
2607 4796 2878 4871 ὑπομονὴν
2907 4792 3029 4852 Ἰὼϐ
3083 4794 3365 4872 ἠκούσατε,
3421 4793 3510 4849 καὶ
3549 4793 3611 4848 τὸ
3650 4789 3804 4854 τέλος

2164 4883 2346 4960 Κυρίου
2374 4881 2565 4959 εἴδετε,
2598 4883 2678 4941 ὅτι
2723 4883 3171 4963 πολύσπλαγχνός
3229 4881 3369 4938 ἐστιν
3424 4883 3453 4937 6
3499 4880 3681 4958 Κύριος
3713 4880 3809 4937 καὶ

2159 4971 2461 5050 οἰκτίρμων.
2503 4998 2527 5029 υ

2247 5062 2524 5120 Διαϐαλὼν
2580 5065 2679 5131 τὴν
2739 5064 2844 5120 τῶν
2900 5059 3206 5121 Ἰουδαϊκῶν
3277 5059 3551 5140 ἀρχόντων
3612 5060 3810 5116 σπατάι

2157 5149 2284 5222 λην,
2335 5154 2422 5208 καὶ
2477 5154 2539 5210 τὸ
2588 5154 2718 5232 πρὸς
2769 5154 2889 5219 τοὺς
2932 5152 3166 5217 πένητας
3223 5149 3380 5206 αὐτὸν
3432 5146 3662 5225 σκληρὸν
3721 5150 3810 5204 καὶ

2151 5239 2523 5320 ἀπάνθρωπον,
2587 5240 2886 5318 μεταϐαίνει
2944 5243 3031 5297 καὶ
3081 5240 3165 5296 ἐπὶ
3229 5240 3348 5304 τοὺς
3418 5238 3655 5317 πιστοὺς,
3712 5240 3804 5294 καί

2151 5354 2279 5411 φησι
2316 5348 2330 5363 ⁸
2397 5334 2483 5400 Μὴ
2539 5342 2701 5392 ταῦτα
2770 5333 3017 5411 ὁρῶντες,
3077 5327 3309 5409 ἀδελφοὶ,
3375 5325 3795 5398 σκανδαλίζεσθε,

2150 5418 2286 5495 μηδὲ
2318 5420 2588 5497 ἀθυμεῖτε,
2635 5424 2708 5486 ὡς
2764 5422 2799 5490 ἢ
2853 5421 2931 5496 μὴ
2974 5415 3716 5497 ἐκδικήσεωςᾶποκειμὲνης,

2148 5496 2508 5590 agamnam
2568 5511 2687 5590 μὲν,
2748 5508 3098 5589 βραδυνούσης
3140 5506 3216 5569 δέ,
3281 5496 3446 5563 ’Ἐστι
3484 5505 3600 5590 ’γὰρ
3654 5503 3798 5561 ἐκδί-

2144 5585 2307 5663 κῖἇῖέ
2346 5584 2453 5657 καὶ
2506 5601 2640 5658 κατὰ
2674 5584 2887 5663 πόδας.
2962 5598 3115 5676 Λέγει
3196 5594 3252 5653 δὲ
3308 5595 3409 5662 τὴν
3483 5584 3793 5669 Ῥωμαϊκὴν
