4180 6212
321 371 439 439 505
1265 377 1659 439 COMMENT.
1708 371 1788 438 ΙΝ
1834 367 2075 432 EPIST.
2124 365 2447 432 CATHOL.
2493 370 2771 433 JAGOBI.
3581 359 3703 426 506

321 508 529 589 ἔφοδον,
563 512 652 566 καὶ
681 511 781 578 τὴν
821 511 922 566 ὑπὸ
966 511 1160 567 τούτων
1230 507 1604 588 αἰχμαλωσίαν
1672 514 1777 565 τῶν
1827 507 1956 564 ’[ου-

2052 509 2172 563 tem
2197 502 2598 589 Romanorum
2648 502 2938 566 insultum
3003 509 3064 564 et
3089 494 3570 589 Judaeorum‘sub
3606 491 3701 554 his

321 583 504 660 δαίων.
540 589 654 655 ’Ἦν
724 599 814 655 καὶ
864 600 1151 678 παρουσίαν
1219 583 1378 655 καλεῖ
1431 605 1524 654 τοῦ
1587 598 1772 677 Κυρίου
1826 599 1898 662 ὡς
1943 600 1956 654 ἐ

2053 588 2661 674 captivitatem,quau1
2683 591 2860 656 etiam
2882 589 3197 678 adventum
3219 583 3456 648 Domini
3471 589 3639 678 vocat
3675 602 3689 645 :

325 685 574 755 Ἰωάννης
619 690 648 745 ὁ
677 686 762 744 ἐπὶ
788 689 850 745 τὸ
918 671 1109 755 στῆθος
1181 687 1457 744 ἀναπεσὼν
1512 693 1606 744 τοῦ
1662 671 1870 766 Κυρίου,
1903 685 1951 743 δι

2053 671 2555 762 quemadmodum
2613 688 2672 745 et
2693 683 2951 742 Joannes
2993 676 3095 760 qui
3125 693 3306 757 super
3336 680 3544 766 pectus
3575 671 3700 733 Do-

323 777 420 852 ὦν,
452 778 604 857 φησὶ,
649 778 768 856 περὶ
794 778 894 843 τῆς
923 776 1081 834 αύτοῦ
1123 773 1492 850 ἀποϐιώσεως,
1548 777 1640 832 τὸν
1668 763 1824 833 αὐτὸν
1856 777 1956 832 είσ-

2054 769 2199 831 mini
2221 770 2516 842 recubuit,
2551 789 2686 832 cum
2711 770 2786 832 de
2803 788 2910 830 suo
2936 767 3192 857 loquitur
3213 764 3476 857 interitu,
3507 763 3701 843 ipsum

326 851 478 944 ἀγῶν’
512 851 732 946 Κύριον-
770 864 994 944 λέγοντα
1040 884 1056 899 ⁸
1135 887 1164 920 α
1198 863 1325 922 Ἐὰν
1379 866 1560 940 αὐτὸν,
1616 864 1752 922 θέλω
1793 864 1956 941 μένειι

2049 857 2368 921 Dominum
2391 859 2643 935 inducit,
2669 858 2967 946 dicentem
2999 875 3012 920 :
3046 880 3068 946 ι
3107 853 3184 946 Si
3200 873 3342 946 eum
3364 851 3538 946 velim
3572 869 3704 912 ma-

323 941 424 1018 tu};
466 941 738 1033 ἕρχωμαι.
790 977 814 1012 ι
847 941 953 1012 Καὶ
1005 954 1105 1033 γὰρ
1146 953 1418 1032 παρετάθη
1476 954 1564 1010 καὶ
1606 954 1772 1027 τούτῳ
1813 956 1840 1009 ὁ
1868 959 1956 1020 τῆς

2051 965 2198 1009 nere
2217 948 2409 1010 donec
2441 947 2668 1012 veniam
2698 948 2787 1010 54.
2830 967 2854 1004 ο
2893 945 3124 1008 Etenim
3155 944 3292 1004 476
3327 941 3469 1033 huic
3501 957 3703 1033 proro-

322 1050 462 1114 ζωῆς
489 1045 686 1111 ταύτης
717 1045 937 1124 χρόνος,
984 1043 1084 1108 ἕως
1115 1043 1212 1111 τῆς
1274 1041 1524 1108 ἁλώσεως
1596 1034 1962 1123 Ἰερουσαλὴμ,

319 1133 408 1188 καὶ
435 1133 624 1211 μικρὸν
677 1133 944 1195 ἐπέκεινα,
983 1137 1080 1190 Καὶ
1134 1131 1222 1188 ὅτι
1264 1133 1298 1200 ἡ
1355 1139 1448 1188 τοῦ
1507 1132 1692 1211 Κυρίου
1757 1153 1959 1212 παρου-

318 1221 405 1277 σία
431 1224 519 1278 καὶ
546 1220 762 1282 ἐνταῦθα
790 1223 878 1278 καὶ
921 1222 1005 1278 ἐπὶ
1061 1224 1152 1278 106
1227 1212 1470 1278 Ἰωάννου
1537 1222 1574 1287 ἡ
1608 1226 1707 1288 τῆς
1766 1213 1958 1300 Ἰερου-

319 1309 505 1386 σαλὴμ
533 1309 856 1389 πανωλεθρία
895 1310 1025 1384 ἐστὶ,
1070 1309 1228 1378 δῆλον
1284 1312 1373 1366 καὶ
1426 1311 1532 1367 ἀπὸ
1561 1317 1652 1367 106
1693 1313 1960 1390 προφήτου

317 1395 565 1475 λέγοντος
599 1414 613 1429 ⁸
665 1419 690 1454 ι
727 1396 861 1455 Ἰδού
905 1399 1092 1476 Κύριος
1150 1397 1393 1477 ἔρχεται,
1457 1399 1544 1454 καὶ
1585 1399 1662 1462 τίς
1705 1400 1963 1474 ὑπομενεῖ

315 1485 522 1565 ἡμέραν
590 1485 791 1546 εἰσόδου
844 1488 1024 1548 αὑτοῦ,
1065 1510 1092 1542 n
1142 1490 1216 1552 ὡς
1287 1489 1385 1554 τῆς
1441 1494 1532 1543 τοῦ
1589 1489 1772 1566 Κυρίου
1821 1511 1962 1566 παρ-

315 1577 496 1640 ουσίας
527 1578 781 1655 τιμωρίαν
811 1577 1071 1655 φερούσης
1141 1577 1281 1633 κατὰ
1336 1578 1441 1632 τῶν
1494 1573 1722 1638 ἀσεϐῶν.
1795 1576 1960 1634 Ἀλλὰ

318 1665 405 1719 καὶ
434 1667 462 1720 ὁ
490 1665 862 1745 Χρυσοστόμος
889 1662 1140 1745 Ἰωάννης
1192 1664 1247 1720 ἔν
1315 1687 1419 1720 τινι
1487 1670 1594 1720 τῶν
1631 1664 1961 1744 ἐξηγητικιῖΝ

319 1756 498 1828 αύτοῦ,
544 1744 698 1811 τοῦτο
748 1755 876 1810 αὐτὸ
929 1754 1013 1826 τὰ,
1076 1744 1227 1817 ιἘως
1285 1753 1536 1832 ἐρχομαι,
1595 1753 1960 1828 ἀναπτύσσων,

320 1850 483 1924 Τοῦτο
532 1841 724 1909 δηλοῦν
783 1842 1027 1919 βούλεται
1081 1844 1143 1898 τὸ
1200 1843 1381 1919 ῥητὸν,
1455 1843 1556 1910 τὴν
1608 1843 1961 1924 πανωλεθρίαν

2047 1043 2245 1114 gatum
2275 1044 2366 1098 est
2396 1045 2633 1118 tempus
2661 1037 2842 1117 hujus
2884 1036 3013 1097 vitae
3042 1052 3229 1114 usque
3273 1032 3347 1094 ad
3395 1028 3698 1109 captivita-

2046 1131 2163 1185 tem
2192 1124 2721 1206 Jerosolymorum,
2776 1133 2832 1187 et
2864 1125 3038 1204 paulo
3081 1123 3236 1184 ultra
3261 1120 3406 1183 illud
3440 1128 3694 1206 tempus.

2044 1209 2330 1294 Quodque
2358 1203 2598 1276 Domini
2648 1203 2934 1276 adventus
2990 1212 3140 1273 etin
3192 1211 3304 1272 hoc
3336 1210 3466 1270 loco
3524 1213 3584 1266 et
3637 1203 3698 1266 in

2041 1298 2272 1364 Joanne
2286 1303 2349 1364 ﬁt
2373 1302 2601 1366 eversio
2626 1301 2980 1375 Jerusalem,
3005 1298 3380 1360 manifestum
3406 1296 3577 1357 etiam
3607 1302 3700 1358 est

2043 1406 2078 1450 e
2109 1392 2528 1473 propheta,qui
2551 1390 2632 1452 ait
2658 1410 2672 1454 :
2702 1394 2890 1453 cEcce
2914 1388 3201 1451 Dominus
3233 1386 3453 1459 veniet,
3480 1392 3538 1446 et
3565 1383 3698 1473 quis

2043 1471 2364 1542 sustinebit
2388 1471 2546 1542 diem
2575 1483 2874 1559 ingressus
2893 1480 3018 1555 eius
3039 1477 3151 1536 ?
3184 1502 3210 1533 ιο
3241 1483 3443 1556 utpote
3462 1471 3698 1534 Domini

2046 1567 2298 1633 adventu
2331 1569 2558 1631 ferente
2587 1570 2874 1630 adversus
2923 1567 3142 1648 impios
3171 1562 3551 1646 supplicium.
3581 1559 3698 1624 Sed

2049 1666 2106 1718 et
2131 1657 2394 1722 Joannes
2423 1660 2881 1740 Chrysostomus
2929 1657 2990 1718 in
3041 1657 3295 1738 quadam
3327 1651 3698 1740 enarratione

2047 1763 2172 1821 sua,
2208 1748 2321 1810 hoc
2337 1748 2520 1823 idem,
2550 1738 2753 1809 Donec
2782 1746 3040 1822 veniam,
3076 1745 3414 1826 explicans:
3449 1741 3572 1803 Hoc
3603 1738 3696 1801 di-

2046 1844 2230 1911 ctum,
2255 1837 2816 1917 inquit,signiﬁcare
2847 1837 2967 1897 vnlt
2997 1833 3400 1896 omnimodam
3429 1829 3691 1892 eversio-

317 1936 415 1997 τῆς
451 1917 820 2011 Ἰερουσαλήμ.
877 1933 978 1989 Καὶ
1034 1917 1315 1988 πιστοῦται
1369 1937 1521 1987 τοῦτο
1585 1932 1689 1988 ἀπὸ
1757 1917 1862 2000 τῆς,
1885 1935 1956 1989 εὑ-

2049 1943 2182 1985 nem
2208 1925 2536 1988 Jerusalem
2563 1944 2576 1988 :
2600 1925 2781 2006 idque
2805 1926 3114 1985 conﬁrmat
3131 1922 3202 1983 ab
3227 1921 3490 2011 oratione
3512 1917 3690 2011 trium

316 2023 428 2098 χῆς
462 2007 570 2076 τῶν
598 2026 757 2098 τριῶν
798 2017 1023 2094 παίδων,
1081 2019 1388 2099 φασκόντων
1422 2037 1438 2053 ο
1498 2041 1526 2074 ι
1559 2019 1710 2077 Οὕτω
1733 2020 1956 2098 γενέσθω

2047 2031 2389 2092 puerorum,
2409 2014 2731 2077 dicentium
2760 2035 2771 2076 :
2811 2013 2930 2075 «Ita
2960 2014 3059 2074 ﬁat
3084 2029 3282 2073 coram
3303 2019 3358 2072 te
3378 2007 3572 2099 hostia
3592 2025 3696 2067 no-

317 2096 542 2164 ἱνώπιόν
573 2096 724 2176 σουὴ
793 2109 940 2164 θυσία
995 2096 1150 2183 ἡμῶν
1218 2108 1474 2186 σήμερον,
1550 2111 1638 2164 καὶ
1693 2096 1956 2165 ἐκτελέσαι

2044 2110 2164 2163 stra
2194 2103 2396 2184 hodie,
2457 2113 2513 2165 et
2571 2103 2917 2184 perﬁciatur
2944 2112 3074 2183 post
3104 2111 3159 2163 te
3175 2100 3257 2160 56.
3299 2125 3320 2158 ι
3356 2098 3450 2159 Ait
3481 2096 3637 2186 enim
3672 2114 3688 2155 :

315 2195 530 2254 ὄπισθέν
587 2219 701 2254 σου.
746 2219 768 2253 ι
819 2199 962 2264 Φησὶ
1021 2198 1121 2275 γάρ
1149 2213 1164 2229 ⁶
1227 2197 1286 2254 Τί
1348 2185 1432 2271 τὸ,
1513 2187 1772 2256 ”Οπισθέν
1819 2218 1956 2278 σου;

2045 2187 2195 2262 Quid
2221 2193 2334 2254 sibi
2377 2192 2522 2256 vult.
2558 2195 2694 2255 Post
2728 2191 2827 2254 te?
2861 2195 3171 2271 Postquam
3204 2186 3500 2278 transierit
3529 2185 3694 2247 furor

317 2287 465 2342 Πετά
492 2287 555 2342 τὸ
610 2285 895 2367 παρελθεῖν
937 2287 1029 2342 τὸν
1083 2288 1245 2360 θυμόν
1297 2307 1414 2346 σου.
1461 2289 1560 2344 Καὶ
1615 2287 1743 2344 πότε
1820 2276 1956 2366 παρέ

317 2373 524 2432 ἐγένετο
558 2395 574 2432 :
625 2365 763 2432 ”Οτε
807 2372 1268 2432 Ναϐουγοδονόσοο
1298 2373 1452 2432 ἐδήου
1491 2377 1557 2431 τὰ
1603 2367 1956 2432 Ἱεροσόλυμα.

2047 2280 2282 2343 tuus.Et
2310 2281 2545 2362 quando
2567 2281 2851 2343 advenit?
2871 2279 3115 2353 Quando
3146 2276 3689 2341 Nabuchodonosor

2045 2367 2730 2432 exciditJerosolvmaEt
2748 2368 3122 2432 hacnuidem
3136 2369 3211 2429 de
3226 2363 3693 2428 adventu.Aiunt

2045 2369 2306 2432 exciditJ
2311 2370 2730 2450 erosolymaEt
2748 2370 2872 2431 haec
2884 2369 3122 2450 quidem
3136 2369 3211 2429 de
3226 2369 3663 2428 adventu.Aiun

2045 2391 2730 2451 excwuwrosmyma.m
2749 2391 3122 2450 naacquiuem
3136 2391 3211 2429 ue
3226 2391 3689 2428 auvencu.mum

2042 2465 2236 2519 autem
2267 2459 2504 2538 quidam
2565 2462 2802 2521 Patrum
2855 2458 3010 2539 quod
3052 2457 3408 2537 μακροθυμίαν
3451 2451 3689 2534 quidem

2043 2543 2156 2606 hoc
2188 2546 2314 2606 loco
2344 2547 2499 2608 dicat
2527 2547 3056 2627 longanimitatem,
3087 2564 3217 2626 qua:
3245 2543 3316 2606 ad
3343 2561 3449 2604 eos
3477 2549 3565 2602 est
3593 2539 3693 2620 qui

2041 2633 2200 2695 inter
2228 2654 2335 2697 nos
2362 2645 2534 2712 sunt;
2593 2640 2862 2713 ὑπομονήν
2923 2654 3086 2710 vero,
3120 2635 3455 2716 patientiam
3487 2629 3558 2694 ad
3591 2648 3687 2692 ex-

2045 2732 2303 2788 traneos.
2340 2726 2782 2804 Longanimiter
2813 2725 2973 2788 enim
3005 2726 3213 2787 tolerat
3243 2726 3374 2806 quis
3404 2741 3508 2784 eos
3536 2738 3684 2801 quos

2040 2823 2101 2873 et
2127 2831 2218 2873 am
2254 2815 2459 2877 ulcisci
2485 2825 2718 2896 posset;
2751 2816 2998 2892 ὑπομένει
3031 2834 3192 2890 vero,
3223 2833 3368 2896 quos
3399 2832 3515 2875 non
3547 2826 3682 2892 pot-

2041 2912 2130 2964 est
2155 2903 2715 2986 ulcisci.Propterea
2735 2905 2795 2966 in
2818 2904 2940 2966 Deo
2957 2904 3194 2986 quidem
3215 2921 3516 2984 nunquam
3539 2900 3687 2963 dici-

2041 2998 2136 3053 tur
2180 2995 2420 3070 ὺπομονή
2484 2994 2587 3055 sed
2634 2995 2986 3075 μακροθυμία,
3046 2994 3107 3054 in
3157 2992 3498 3055 hominibus
3548 3009 3686 3053 vero

2038 3082 2302 3157 ὑπομονή.
2376 3082 2576 3146 Donec
2625 3082 2875 3164 accipiat
2931 3082 3190 3163 pluviam
3249 3080 3616 3143 matutinam.
3655 3105 3682 3136 ι

2039 3168 2238 3232 Pluvia
2271 3174 2557 3235 matutina
2582 3182 2670 3235 est
2718 3172 3064 3254 poenitentia
3121 3179 3356 3253 peracta
3383 3170 3444 3231 in
3467 3171 3686 3250 juven-

2040 3267 2162 3322 tute
2179 3281 2310 3322 cum
2334 3262 2904 3344 lacrymis,serotina
2933 3279 3073 3323 vero
3107 3279 3237 3340 qua;
3265 3259 3326 3320 in
3355 3266 3682 3320 senectute.

2039 3346 2256 3412 Omnia
2297 3369 2434 3414 vero
2473 3353 2732 3432 pendent
2761 3369 2833 3413 ex
2865 3349 2970 3412 Doi
3001 3349 3389 3430 benignitate,
3421 3348 3556 3409 ideo
3587 3348 3684 3409 di-

2041 3437 2119 3500 cit
2154 3456 2167 3500 :
2194 3439 2397 3503 Donec
2435 3440 2708 3522 accipiat.

2119 3527 2190 3604 V,
2226 3531 2322 3593 l2.
2348 3531 2513 3592 Ante
2543 3531 2759 3591 omnia
2789 3535 3015 3596 autem,
3039 3527 3261 3607 fratres
3281 3529 3684 3608 mei,nejure-

2040 3620 2139 3693 tis,
2167 3637 2358 3698 neque
2384 3636 2496 3700 per
2537 3618 2768 3698 calum,
2829 3634 3016 3695 neque
3042 3635 3158 3698 per
3188 3625 3433 3691 terram,
3487 3634 3684 3698 neque

2039 3709 2210 3771 aliud
2228 3708 2616 3790 quodcunque
2623 3705 3184 3787 jusjurandumSit
3194 3714 3395 3769 autem
3416 3713 3681 3770 vestrum

2044 3800 2224 3860 Certe
2255 3798 2455 3872 Certe,
2487 3794 2622 3858 Non
2667 3798 2818 3866 Non,
2853 3803 2920 3858 ut
2964 3813 3090 3857 non
3140 3797 3205 3857 in
3233 3796 3679 3859 condemnatio-

2037 3905 2177 3949 nem
2203 3886 2458 3949 cadetis.

317 2373 524 2451 ἐγένετο
558 2395 574 2455 ς
625 2365 763 2433 ΗΟτε
807 2372 1268 2454 Ναϐουχοδονόσορ
1298 2373 1452 2451 ἐδῄου
1491 2377 1557 2431 τὰ
1603 2365 1957 2456 Ἱεροσόλυμα.

319 2464 418 2521 Καί
460 2466 579 2544 περὶ
608 2464 706 2539 μὲν
767 2463 863 2530 τῆς
945 2464 1230 2542 παρουσίας
1285 2471 1466 2522 ταῦτα.
1526 2466 1663 2520 Φασὶ
1712 2463 1766 2521 δέ
1822 2487 1960 2528 τινες

317 2559 420 2608 τῶν
471 2553 722 2632 Πατάρων
779 2555 867 2609 καὶ
922 2560 1099 2631 τοῦτο,
1173 2555 1246 2617 ὡς
1309 2554 1662 2631 μακροθυμίαν
1717 2554 1813 2629 μὲν
1868 2558 1958 2610 ὲν-

316 2645 473 2699 ταῡθα
515 2663 620 2717 τμν
688 2644 820 2721 πρὸς
870 2639 1136 2711 ἀλλήλους
1195 2643 1377 2722 φησὶν,
1436 2641 1711 2718 ὐπομονην
1764 2641 1820 2698 δὲ
1861 2643 1960 2710 τήν

315 2732 450 2808 πρὰς
513 2732 635 2795 τοὺς
675 2730 794 2796 ἔξω.
857 2733 1190 2812 Μεκροθυμεῖ
1243 2731 1342 2809 γάρ
1400 2752 1480 2794 τις
1533 2733 1652 2810 πρὸς
1707 2731 1953 2812 ἐκείνους,

316 2822 401 2882 οὓς
432 2819 649 2878 δυνατὸν
676 2822 762 2876 καὶ
805 2820 1120 2896 ἀμύνασθαι.
1169 2809 1451 2893 ’Υπομένει
1509 2809 1573 2876 Si,
1619 2821 1705 2883 ιῦς
1765 2825 1824 2879 o6
1864 2809 1956 2877 δύέ

317 2930 466 2966 ναται
506 2912 819 2986 ἀμύνασθαι.
856 2911 954 2966 Διά
1014 2916 1168 2966 τοῦτο
1235 2911 1321 2965 ἐπὶ
1383 2910 1478 2985 μὲν
1525 2916 1654 2966 Θεοῦ
1711 2908 1958 2969 οὐδέποτε

311 3000 556 3066 ὑπομονὴ
612 2997 847 3078 λέγεται,
903 2996 1041 3054 ἀλλὰ
1098 2999 1449 3076 μακροθυμία,
1509 2997 1590 3054 ἐπ’
1671 2999 1956 3077 ἀνθρώπων

312 3085 367 3144 δὲ
396 3089 666 3164 ὑπομονή.
718 3111 747 3144 ι
781 3078 936 3152 ’Ἕως
967 3083 1105 3166 λάϐῃ
1152 3089 1302 3144 ὑετὸν
1371 3088 1640 3164 πρώϊμον.
1683 3111 1702 3142 ι
1770 3089 1955 3168 Πρώτ-

313 3198 410 3250 μος
437 3177 612 3255 ὑετὸς,
646 3179 682 3244 ἡ
762 3176 818 3233 ἕν
884 3177 1093 3243 νεότητι
1178 3176 1314 3250 μετὰ
1384 3173 1616 3254 δακρύων
1678 3177 1950 3252 μετάνοια,

309 3264 532 3344 ὄψιμος,
565 3269 600 3336 ἡ
630 3267 684 3323 ἐν
724 3275 802 3343 τῷ
831 3269 991 3347 γήρᾳ.
1053 3268 1230 3324 Πάντα
1288 3266 1366 3348 δέΔ
1398 3269 1498 3334 τῆς
1554 3269 1646 3325 106
1706 3277 1836 3328 Θεοῦ
1865 3268 1956 3348 ἧρ-

305 3377 467 3423 τηται
498 3345 916 3438 φιλανθρωπίας,
942 3354 1008 3412 δι’
1039 3356 1068 3413 θ
1097 3355 1242 3436 λέγει
1276 3371 1291 3386 '
1329 3345 1484 3420 υΕως
1514 3358 1577 3411 ἂν
1605 3355 1765 3434 λάϐῃ.

397 3556 425 3589 α
471 3536 580 3613 Πρὸ
608 3535 820 3593 πάντων
848 3532 926 3612 δὲ,
959 3531 1171 3614 ἀδελφοί
1226 3557 1350 3616 μου,
1397 3535 1475 3610 μὴ
1531 3535 1748 3610 ὀμνύετε
1818 3538 1956 3610 μήτε

306 3623 400 3704 τρν
429 3623 670 3702 οὐρανὸν,
705 3625 842 3700 μήτε
871 3623 970 3691 τὴν
1019 3629 1145 3701 γῆν,
1177 3624 1316 3698 μήτε
1387 3622 1548 3680 ἄλλον
1599 3625 1718 3680 τινὰ
1775 3624 1953 3704 ὅρκον.

336 3701 556 3770 Ἠτωγδὲ
587 3714 732 3788 ὑμῶν
758 3715 820 3771 τὸ
867 3713 987 3786 Ναὶ,
1034 3713 1155 3786 Ναὶ,
1201 3715 1288 3770 καὶ
1344 3714 1405 3770 τὸ
1450 3722 1544 3785 O6,
1603 3713 1696 3789 Οὒ,
1729 3701 1822 3772 ’ίνα
1878 3715 1955 3791 μὴ

307 3802 383 3866 εἰς
406 3800 677 3871 ῧπόκρισιν
706 3802 928 3870 πέσητε.
966 3824 993 3855 ι

388 3977 520 4037 Λλλ’
561 3979 665 4058 ἐρει
694 4002 799 4059 τις,
835 3982 892 4038 Εἴ
941 3981 1176 4058 βιάζεταί
1243 4003 1324 4044 τις
1388 3981 1631 4061 ὀμνύναι,
1687 3981 1737 4037 τί
1789 4003 1956 4048 ποιη-

2041 3974 2154 4039 Sed
2197 3975 2356 4037 dicet
2403 3973 2616 4054 aliquis
2662 3995 2674 4032 τ
2709 3973 2770 4036 Si
2821 3973 2954 4054 quis
2979 3975 3185 4055 jurare
3223 3983 3486 4055 cogatur,
3539 3976 3679 4058 quid

303 4068 784 4150 1éov;’Epo6p.ev,
851 4067 932 4126 ὅτι
974 4073 1002 4126 ὁ
1057 4068 1218 4150 φόϐος
1267 4077 1361 4128 τοῦ
1432 4077 1563 4127 Θεοῦ
1616 4072 1953 4150 ἰσχυρότερος

2041 4065 2372 4127 faciendum
2400 4062 2532 4125 est?
2556 4062 2822 4127 Dicimus
2849 4063 3006 4143 quod
3031 4063 3208 4125 timor
3223 4063 3329 4125 Dei
3351 4063 3556 4126 fortior
3572 4065 3686 4127 erit

305 4160 453 4217 ἐσται
497 4164 592 4228 τῆς
623 4167 714 4217 τοῦ
762 4159 1074 4235 βιαζομένου
1131 4161 1398 4238 ἀνάγκης.
1469 4157 1856 4238 Ἐπαπορήσειε
1911 4157 1956 4216 δ’

2042 4153 2396 4217 necessitate
2424 4151 2540 4212 vim
2596 4151 2914 4215 inferente.
2951 4152 3231 4216 Dubitare
3260 4163 3454 4216 autem
3487 4162 3688 4235 posset

304 4249 367 4306 ἄν
397 4272 500 4330 τις,
526 4255 645 4313 Πῶς
687 4259 779 4308 106
806 4249 1034 4306 παλαιοῦ
1063 4248 1228 4322 νόμου
1259 4251 1351 4305 τὸν
1407 4251 1545 4306 κατὰ
1603 4249 1695 4305 106
1753 4249 1955 4324 ὀνόμα-

2041 4243 2280 4324 aliquis,
2313 4261 2447 4303 cum
2477 4249 2640 4303 vetus
2663 4240 2755 4302 lex
2788 4259 2923 4302 enm
2951 4243 3050 4322 qui
3077 4261 3185 4323 per
3211 4261 3427 4305 nomen
3450 4243 3683 4307 Domini

302 4361 393 4403 τος
422 4345 516 4395 106
549 4340 733 4417 Κυρίου
786 4339 1043 4414 ὀμνύοντα
1100 4337 1310 4395 ἐπαίνου
1368 4337 1654 4417 ἀξιοῦντος,
1688 4339 1722 4406 ἡ
1797 4339 1956 4417 χάρις

2041 4334 2194 4412 iurat
2223 4331 2397 4393 laude
2427 4330 2671 4411 dignum
2705 4330 2902 4406 ducat,
2938 4332 3236 4412 quomodo
3265 4332 3450 4411 gratia
3472 4333 3581 4393 hoc
3603 4333 3685 4393 fa-

304 4432 383 4505 μὴ
407 4440 566 4489 τοῦτο
621 4442 798 4486 ποιεῖν
855 4427 1240 4486 διαστέλλεται.
1302 4427 1555 4506 Ἐροῦμερ
1627 4428 1739 4501 οὖν,
1798 4430 1871 4491 ὼς
1927 4430 1954 4483 ὁ

2041 4440 2178 4485 cere
2199 4429 2358 4482 vetet
2381 4421 2405 4481 Υ
2428 4419 2692 4482 Dicimus
2715 4439 2852 4497 ergo
2893 4421 3048 4501 quod
3071 4429 3237 4483 vetus
3255 4422 3345 4482 lex
3378 4420 3684 4483 abducens

305 4519 531 4582 παλαιὸς
564 4523 747 4594 νόμος,
780 4517 1000 4596 ἀπάγων
1054 4516 1328 4582 Ἰουδαίους
1382 4522 1458 4592 μή
1511 4519 1643 4574 κατά
1698 4523 1802 4573 τῶν
1874 4519 1952 4573 εἰ-

2041 4512 2270 4573 Judaeos
2303 4528 2377 4572 ne
2409 4527 2514 4590 per
2570 4509 2729 4570 idola
2752 4510 3045 4589 jurarent,
3085 4509 3462 4590 praacipiebat
3483 4510 3682 4586 jurare

301 4605 488 4664 δώλων
576 4608 806 4686 ὀμνύειν,
905 4605 1194 4685 προσέτατε
1261 4607 1396 4662 κατὰ
1507 4605 1637 4662 Θεοῦ
1718 4607 1951 4686 ὀμνύειν,

2041 4619 2143 4681 per
2167 4601 2350 4661 Deum
2387 4598 2927 4679 :quemadmodum
2963 4598 3139 4658 etiam
3188 4597 3307 4660 Deo
3351 4597 3686 4660 sacriﬁcare

299 4696 488 4772 ὥσπερ
515 4697 607 4752 καὶ
670 4696 807 4752 θύειν
874 4695 1081 4752 ἐκέλευε
1131 4703 1207 4769 τῷ
1261 4701 1400 4769 Θεῷ,
1459 4694 1715 4752 ἀποσπῶν
1767 4695 1952 4759 αὖτοὺς

2041 4686 2831 4770 ριωεὶρὶεῢω,’δὶ)εῐι·ιιιιθηδ
2861 4706 2961 4748 eos
2981 4688 3114 4746 477
3149 4706 3225 4749 ne
3253 4687 3429 4748 idolis
3451 4687 3679 4748 sacriﬁ-

301 4791 402 4852 τῆς
431 4787 566 4862 πρὸς
596 4784 716 4847 τοὺς
741 4783 986 4859 δαίμονας
1040 4785 1238 4846 θυσίας,
1301 4773 1438 4841 ΗΟτε
1493 4781 1546 4838 δὲ
1603 4785 1794 4848 ἱκανῶς
1853 4787 1952 4841 αὗ-

297 4876 422 4938 τοὺς
479 4871 747 4930 θεοσεϐετν
792 4871 1074 4952 ἐδιδάξατο,
1150 4874 1270 4928 τότε
1325 4873 1413 4928 καὶ
1481 4873 1574 4937 τὰς
1647 4872 1822 4935 θυσίας
1878 4876 1950 4935 ὡς

299 4962 601 5043 ἀνωφελεῖς
646 4963 920 5028 ἀπώσατο,
989 4963 1166 5019 θυσίαν
1227 4965 1287 5020 ού
1346 4961 1447 5028 τὴν
1504 4958 1588 5015 διὰ
1643 4967 1747 5017 τῶν
1803 4962 1952 5032 ζώων

301 5051 443 5109 ἀλλὰ
509 5052 605 5119 τὴν
653 5050 1096 5129 συντετριμμένην
1154 5049 1340 5129 ψυχὴν
1414 5048 1677 5119 ἐπιζητῶν
1735 5053 1806 5113 εἱς
1860 5055 1951 5109 οο-

303 5142 444 5202 σίαν,
478 5141 566 5202 Τίς
621 5139 675 5196 δὲ
729 5139 915 5213 αὕτη;
977 5130 1039 5195 Ἠ
1124 5137 1208 5195 διὰ
1289 5138 1658 5201 ταπεινώσεως
1728 5143 1805 5208 τῷ
1857 5145 1953 5207 τῆς

301 5229 518 5307 ἀγάπης
549 5227 972 5304 ὀλοκαυτουμένη
1031 5229 1174 5308 πυρί,
1237 5227 1342 5285 Ο⁹ία
1375 5228 1522 5294 καὶὴ
1595 5226 1824 5301 Παύλου,
1896 5230 1953 5292 ὃς

305 5315 395 5373 διὰ
424 5318 484 5374 τό
534 5340 682 5380 τινας
738 5315 1181 5396 σκανδαλίζεσθαιν
1225 5322 1330 5372 τῶν
1399 5316 1623 5396 πιστῶν,
1691 5315 1954 5396 ὑπερϐαλ-

305 5405 531 5486 λόντως,
568 5407 636 5475 ἦν
690 5406 1035 5485 πυρούμενος.
1089 5395 1309 5463 (“Iino
1391 5403 1444 5459 δε
1505 5405 1776 5486 ὑμῶνκτὸ,
1832 5407 1952 5481 Ναὶ,

2036 4787 2238 4841 carent
2271 4795 2284 4838 :
2318 4775 2418 4836 ubi
2445 4783 2639 4837 autem
2672 4775 3036 4838 sufﬁcienter
3067 4777 3169 4839 Dei
3203 4777 3420 4836 cultum
3456 4775 3682 4848 docuit,

2039 4877 2178 4929 tunc
2207 4874 2265 4926 et
2321 4863 2613 4926 sacriﬁcia
2667 4872 2944 4944 tanquam
2997 4866 3225 4926 inutilia
3257 4865 3522 4945 repulit:
3567 4885 3682 4926 nun

2035 4954 2389 5017 sacriﬁcium
2421 4952 2765 5014 animalium
2790 4954 3251 5033 exquirens,sed
3277 4953 3531 5015 animam
3547 4973 3682 5016 eun-

2037 5045 2233 5106 tritam
2258 5043 2318 5105 in
2345 5040 2724 5103 sacriﬁcium.
2761 5041 2902 5112 Quae
2920 5051 3005 5103 est
3029 5051 3222 5104 autem
3239 5042 3340 5103 illa
3357 5042 3388 5102 ?
3409 5043 3550 5114 Qum
3581 5061 3686 5123 per

2035 5133 2217 5195 animi
2248 5130 2599 5193 modestiam
2632 5137 2750 5191 tota
2780 5131 3123 5193 incenditur
3154 5131 3290 5211 igne
3335 5132 3637 5194 charilalis
3657 5130 3688 5191 ?

2038 5221 2230 5304 qualis
2249 5219 2426 5282 etiam
2453 5217 2739 5280 fuitPauli
2762 5220 2977 5296 anima,
3005 5220 3103 5301 qui
3127 5239 3195 5282 eo
3219 5219 3374 5302 quod
3413 5219 3686 5282 nonnulli

2040 5311 2304 5373 ﬁdelium
2335 5305 3027 5382 oﬁ‘enderentur,mirum
3053 5308 3112 5370 in
3138 5309 3375 5371 modum
3396 5309 3686 5372 incende-

2041 5402 2236 5463 batur.
2275 5395 2398 5460 «Sit
2419 5401 2616 5457 autem
2634 5407 2916 5468 vestrum,
2951 5399 3125 5461 Certe
3157 5399 3353 5461 Certe.
3383 5423 3408 5454 ιο
3445 5397 3567 5460 Hoc
3600 5406 3690 5460 est

300 5495 425 5554 Ναί.
467 5519 490 5552 ι
525 5495 681 5552 Ἀντὶ
708 5502 820 5569 τοῦ,
856 5487 918 5552 Ἠ
978 5497 1256 5559 κατάθεσις
1302 5495 1447 5570 ὑμῶν
1492 5490 1676 5570 βεϐαία
1727 5499 1811 5553 καὶ
1872 5495 1956 5551 ἐπὶ

2041 5487 2347 5571 Depositio
2367 5493 2564 5549 vestra
2603 5486 2773 5551 ﬁrma
2800 5487 2875 5550 sit
2897 5496 2954 5551 et
2973 5487 3032 5550 in
3060 5505 3126 5550 re
3144 5487 3336 5567 ﬁrma,
3367 5495 3425 5550 et
3455 5485 3687 5568 negatio

374 5663 439 5714 ει
476 5661 650 5727 Joan.
678 5661 910 5746 xx,|22.
959 5628 1023 5716 85
1049 5663 1304 5727 Malach.
1348 5680 1430 5738 ιιι,
1465 5661 1524 5723 1.
1568 5659 1632 5713 56
1659 5664 1807 5730 Dan.
1843 5680 2046 5742 χχχιχ,
2079 5660 2182 5726 40.
