4180 6212
470 353 587 419 507
1599 353 2012 417 mCUMENII
2057 349 2352 412 TRICCE
2391 353 2722 417 EPISCOPI
3731 358 3850 422 508

468 486 528 548 in
563 487 657 548 his
690 506 821 568 quae
841 485 996 550 facto
1033 507 1150 549 non
1183 487 1574 569 respondent.
1607 485 1714 549 «Ut
1743 504 1860 549 non
1891 485 1953 546 in
1985 503 2113 546 con-

2208 480 2436 569 βεϐαίου,
2472 489 2558 543 καὶ
2613 489 2648 556 ἡ
2691 488 3040 568 ἀπαγόρευσις
3097 489 3183 546 ἐπὶ
3239 490 3317 566 μὴ
3377 491 3512 556 οῖοις
3582 491 3851 569 γενέσθαι.

475 561 919 638 demnationem
959 575 1211 639 cadatis.
1253 561 1304 632 ιν-
1334 568 1636 654 ’Υπόγρισιν
1693 573 1838 636 dicit
1873 575 2113 652 κατάκρι·

2218 593 2241 660 ε
2285 561 2407 630 ιἰνα
2463 575 2540 650 μὴ
2612 578 2684 641 εἰς
2738 561 3010 656 ὑπόκρισιν
3066 561 3290 645 πέσητε.
3324 602 3352 634 ι
3415 580 3525 647 Τὴν
3577 561 3853 660 ύπόκρισιν

472 687 578 738 σιν,
613 664 668 725 id
707 673 795 727 est
827 664 1412 743 condemnationem,
1443 681 1572 744 quae
1617 661 2001 744 subsequitur
2028 681 2113 724 eo:

2212 659 2328 727 ἦτοι
2383 663 2482 730 τὴν
2550 666 2854 742 κατάκρισιν
2921 665 3088 746 λέγει,
3140 665 3258 734 ἥτις
3333 665 3679 726 ἐπακολουθεῖ
3723 659 3855 732 τοῖς

474 751 574 833 qui
606 751 979 815 incessanter
1008 761 1065 815 et
1090 752 1221 816 sine
1269 752 1503 815 delectu
1527 752 1733 832 jurant
1766 769 1780 814 :
1817 760 1872 813 et
1887 747 2130 831 jurandi

470 839 900 902 consuetudine
955 840 1028 902 ad
1087 840 1414 921 perjurium
1460 841 1752 903 feruntur.
1804 839 1921 901 Aut
1949 839 2125 900 etiam

469 926 652 989 dictio
683 929 956 1009 ὑπόκρισιν
993 929 1108 992 hoc
1143 929 1274 990 loco
1295 929 1598 1009 proprium
1623 928 1800 990 habet
1819 927 2124 1007 signiﬁca-

470 1025 590 1076 tum
631 1022 793 1095 (puta
852 1017 1320 1098 simulationem)
1379 1018 1537 1098 quod
1569 1015 1727 1079 aliud
1763 1025 1853 1079 est
1882 1025 1940 1080 et
1966 1016 2123 1079 aliud

467 1113 730 1185 apparet.
762 1105 1072 1178 Quomodo
1103 1125 1243 1186 ergo
1274 1106 1334 1168 in
1369 1105 1730 1187 hypocrisim
1762 1105 1920 1168 cadit
1946 1105 1996 1167 is
2021 1105 2122 1186 qui

458 1193 621 1273 jurat
640 1193 671 1252 ?
694 1211 827 1256 cum
876 1195 1216 1274 juramento
1243 1195 1506 1256 creditur
1521 1194 1760 1276 quidem
1788 1212 1967 1255 verax
1989 1211 2122 1256 esse

463 1290 522 1343 at
569 1281 956 1364 subsequenti
988 1283 1462 1363 transgressione
1493 1283 1748 1346 mendax
1781 1301 1886 1363 pro
1925 1283 2120 1345 veraci

466 1370 961 1451 deprehenditur.
997 1373 1116 1435 Aut
1167 1373 1341 1434 etiam
1377 1372 1515 1452 quia
1569 1375 1672 1448 ναὶ,
1725 1373 1782 1432 id
1816 1380 1904 1432 est
1932 1382 2117 1454 certe,

471 1478 589 1521 non
618 1459 688 1522 ad
723 1461 1232 1523 conﬁrmationem
1266 1462 1581 1543 profertur,
1604 1480 1796 1542 neque
1813 1461 1892 1536 οὔ,
1914 1461 1969 1522 id
2005 1469 2114 1539 est,

465 1566 610 1628 non,
639 1549 712 1610 ad
745 1549 800 1611 id
853 1551 1009 1630 quod
1043 1569 1159 1611 non
1209 1551 1535 1632 respondet
1564 1552 1736 1612 facto.
1773 1553 1888 1613 Per
1923 1554 2104 1612 Deum

2211 747 2434 846 ἀφειδῶς
2465 753 2732 828 ὀμνύουσι,
2781 777 2869 832 και
2896 753 2978 812 διὰ
3033 761 3134 823 τῆς
3161 757 3466 846 ’,συνηθείας
3514 763 3630 846 τῶν
3682 754 3852 831 ὅρκων

2211 835 2296 894 ἐπὶ
2323 840 2384 894 τὸ
2414 839 2680 920 ἐπιορκεῖν
2703 841 3093 923 ἐκφερομένοις.
3163 835 3218 900 Ἠ
3274 845 3362 901 καὶ
3417 846 3542 902 αὐτὸ
3589 845 3651 901 τὸ
3710 845 3852 902 ὑπο-

2206 927 2464 1003 κρίνεσθαι
2519 932 2762 1004 σημαίνει
2819 931 3035 990 ἐνταῦθα
3087 933 3150 988 τὸ
3225 931 3416 1012 ὄνομα,
3477 933 3506 988 ὃ
3559 931 3690 990 ἄλλο
3758 935 3845 1006 ὃν,

2205 1013 2378 1094 ἕτερον
2409 1017 2664 1096 φαίνεται.
2700 1026 2820 1083 Πῶς
2851 1023 2936 1077 οὗν
2995 1021 3067 1085 είς
3121 1020 3393 1100 ὑπόκρισιν
3463 1023 3491 1078 6
3532 1023 3696 1097 ὀμνὺς
3752 1021 3852 1078 πί-

2203 1124 2320 1160 πτει
2367 1106 2784 1184 ;Ιιίστευόμενος
2828 1109 2924 1183 μὲν
2954 1107 3038 1166 διὰ
3063 1111 3169 1166 τῶν
3221 1109 3392 1188 ὅρκων
3439 1109 3642 1178 ἀληθὴς
3674 1109 3845 1186 εῖναι,

2201 1191 2547 1271 παραϐάσεως
2603 1196 2658 1252 δὲ
2715 1196 3186 1292 ἐπακολουθούσης,
3247 1199 3480 1275 ψεύστης
3575 1199 3690 1255 ἀντὶ
3758 1207 3856 1258 τοῦ

2200 1280 2427 1348 ἀληθῶς
2497 1285 2939 1366 ἀποφαινόμενος.
3021 1280 3079 1344 Ἠ
3133 1288 3222 1343 καὶ
3270 1289 3356 1361 τὸ,
3454 1289 3572 1362 Ναὶ,
3629 1289 3708 1364 μὴ
3762 1285 3851 1344 ἐπὶ

2199 1369 2408 1446 βεϐαίου
2454 1373 2751 1454 προφέρων,
2785 1373 2920 1450 μηδὲ
2949 1377 3034 1452 τὸ,
3069 1375 3165 1444 Οὓ,
3224 1375 3310 1432 ἐπὶ
3363 1384 3456 1433 τοῦ
3483 1377 3561 1451 μὴ
3589 1377 3709 1436 (ρ’ίου
3738 1397 3842 1433 πε-

2202 1463 2460 1539 πρᾶχθαι.
2531 1461 2731 1520 Κωλύει
2771 1460 2824 1518 δὲ
2880 1465 3016 1520 κατά
3100 1470 3231 1520 Θεοῦ
3299 1463 3510 1539 ὀμνύειν
3587 1461 3672 1519 διὰ
3740 1463 3842 1530 τὴν

2198 1545 2484 1627 ἐπιορκίαν,
2517 1552 2652 1606 κατά
2679 1549 2732 1606 δὲ
2762 1559 2852 1607 τοῦ
2895 1551 3111 1631 οὐρανοῦ
3164 1553 3253 1609 καὶ
3323 1558 3428 1610 τῶν
3495 1552 3694 1626 ἄλλων,
3755 1550 3843 1608 διὰ

468 1645 662 1698 autem
691 1638 893 1716 jurare
917 1638 1189 1718 prohibet
1221 1646 1464 1720 propter
1486 1639 1815 1720 perjurium
1839 1659 1852 1699 :
1875 1657 1978 1719 per
1996 1657 2111 1701 caa-

2196 1638 2250 1692 τὸ
2279 1637 2358 1712 μὴ
2385 1640 2654 1696 καὶταῦτα
2697 1640 2767 1706 εἷς
2811 1648 2942 1697 Θεοῦ
2971 1646 3135 1717 τιμὴν
3205 1642 3440 1720 ἀνάγειν.
3489 1643 3688 1706 Πάντες
3743 1641 3845 1720 γὰρ

465 1725 590 1787 lum
624 1744 765 1788 vero
797 1735 856 1788 et
890 1726 1142 1808 reliqua,
1175 1747 1249 1790 ne
1279 1736 1337 1789 et
1363 1729 1488 1790 haec
1516 1729 1586 1789 ad
1620 1728 1881 1790 divinum
1914 1729 2106 1790 hono-

2196 1728 2239 1783 ol
2271 1727 2546 1801 ὀμνύοντες
2576 1729 2708 1786 κατά
2739 1736 2831 1786 τοῦ
2859 1731 3094 1804 μείζονος
3123 1731 3393 1806 ὀμνύουσι.

464 1833 594 1877 rem
624 1815 974 1877 referantur.
1006 1817 1354 1898 Quicunque
1386 1818 1543 1878 enim
1593 1817 1819 1897 jurant,
1843 1835 1951 1898 per
1979 1835 2108 1879 ma-

463 1904 656 1983 jorem
692 1906 914 1982 jurant.

544 1991 613 2054 V.
641 2001 665 2055 4
681 1997 740 2054 3-
755 1995 776 2057 1
790 1994 848 2057 8.
861 1997 905 2054 Α
917 1995 1179 2073 fﬂigitur
1199 1995 1426 2076 aliquis
1439 1997 1602 2058 inter
1624 1995 2121 2077 vastaret/Equo

467 2083 674 2143 animo
685 2084 1648 2164 estaliquidpsallatInﬁrmatur
1660 2090 1796 2164 quis
1806 2083 2122 2147 internas?

466 2177 734 2233 accersat
749 2172 1129 2253 presbyteros
1148 2175 1432 2248 ecclesiae,
1464 2183 1517 2236 et
1548 2182 1719 2237 orent
1751 2191 1942 2254 super
1959 2191 2116 2248 eum,

463 2266 760 2341 ungentes
804 2279 939 2322 eum
981 2261 1109 2325 oleo
1131 2263 1198 2325 in
1220 2265 1461 2326 nomine
1485 2262 1754 2330 Domini,
1781 2262 2124 2325 etobsecra-

471 2349 556 2410 tio
569 2349 719 2430 ﬁdei
737 2351 978 2413 salvum
1019 2352 1224 2415 reddet
1259 2352 1668 2426 laborantem,
1698 2362 1754 2415 et
1775 2358 1964 2434 eriget
1981 2369 2117 2414 eum

463 2437 751 2500 Dominus
775 2457 794 2502 :
820 2441 953 2501 etsi
976 2442 1039 2502 in
1076 2443 1330 2520 peccatis
1374 2440 1589 2520 fuerit,
1619 2443 2002 2504 remittentur
2034 2443 2112 2502 ei.

474 2526 861 2606 Conﬁtemini
884 2529 1144 2592 invicem
1162 2530 1412 2610 delicta,
1431 2539 1486 2591 et
1512 2538 1684 2593 orate
1694 2549 1806 2610 pro
1826 2529 1990 2592 vobis
2017 2530 2117 2591 iu-

461 2624 648 2682 vicem
669 2627 735 2696 ut
755 2623 1076 2686 sanemini.
1118 2623 1383 2687 Multum
1412 2623 1579 2686 valet
1601 2624 1939 2701 deprecatio
1967 2621 2118 2700 iusti

465 2708 707 2786 e/ﬁcaw.
743 2708 918 2772 Elius
942 2712 1116 2773 homo
1135 2719 1267 2773 erat
1284 2712 1577 2775 similiter
1615 2713 1915 2774 obnoxius
1931 2711 2114 2792 οπεο-

468 2797 736 2861 tionibus
783 2801 941 2862 sicut
985 2807 1184 2871 nos.et
1221 2803 1573 2880 precatione
1611 2805 1888 2882 precatus
1929 2809 2014 2862 est
2043 2817 2120 2862 ne

466 2886 770 2966 plueret,et
784 2906 907 2950 non
916 2889 1070 2968 pluit
1085 2907 1269 2970 super
1291 2897 1513 2952 terram
1534 2906 1726 2952 annos
1748 2895 1865 2951 tres
1875 2895 1932 2950 et
1953 2906 2118 2951 men-

463 2993 555 3037 ses
570 2993 692 3039 sem.
706 2976 1092 3059 Rursumque
1106 2981 1392 3053 oravit,et
1403 2981 1619 3040 caelum
1636 2977 1798 3040 dedit
1813 2977 2113 3058 pluviam,

464 3071 518 3124 et
549 3069 719 3126 terra
742 3065 1034 3142 produxit
1063 3067 1328 3144 fraetum
1357 3086 1559 3130 suum.

2285 2013 2314 2054 (
2352 1999 2657 2054 Κακοπαθεῖ
2712 2019 2790 2060 τις
2845 1996 2897 2054 ἐν
2941 1999 3070 2072 ὑμῖν
3117 2016 3133 2076 ς
3207 1996 3605 2077 προσευχέσθω.
3679 1999 3844 2056 Εὐθυ-

2203 2097 2298 2159 μεῖ
2325 2103 2457 2159 τιςς
2518 2083 2806 2145 Ψαλλέτω.
2863 2085 3104 2143 Ἀσθενεῖ
3155 2108 3235 2150 τις
3306 2085 3361 2142 ἐν
3430 2087 3607 2164 ὁμῖνς
3666 2107 3840 2164 προσ-

2203 2171 2508 2229 καλεσάσθω
2611 2175 2729 2237 τοὺς
2825 2172 3199 2254 πρεσϐυτέρως
3300 2175 3397 2243 τῆς
3495 2171 3839 2252 Ἐκκλησίας,

2204 2263 2288 2317 καὶ
2425 2261 2886 2341 προσευξάσθωσαν
2992 2262 3076 2320 ἐπ’
3200 2265 3378 2344 αὐτὸν,
3531 2262 3842 2339 ἀλείψαντες

2201 2350 2356 2407 αὐτὸν
2407 2351 2567 2426 ἐλαίῳ
2620 2354 2677 2408 ἒν
2744 2359 2821 2426 τῷ
2884 2353 3103 2426 ὀνόματι
3190 2360 3282 2410 τοῦ
3338 2352 3542 2431 Κυρίου.
3639 2353 3735 2411 Καὶ
3805 2354 3840 2420 ἡ

2200 2440 2337 2519 εὖχὴ
2419 2445 2518 2506 τῆς
2607 2441 2831 2506 πίστεως
2913 2440 3072 2496 σώσει
3185 2443 3277 2497 τὸν
3387 2442 3676 2517 κάμνοντα,
3756 2441 3844 2498 καὶ

2200 2529 2377 2607 ἐγερεῖ
2443 2531 2592 2586 οὖτὸν
2648 2531 2676 2585 6
2749 2530 2956 2609 Κύριος,
3029 2528 3127 2586 κᾶν
3184 2530 3443 2609 ἁμαρτίας
3511 2532 3549 2606 ᾗ
3603 2551 3840 2596 πεποιη-

2198 2619 2328 2689 κὼς,
2420 2618 2736 2699 ἀφεθγσεται
2822 2617 2987 2692 αὐτῷ.
3059 2617 3501 2697 Ἐξομολογεῖσθε
3584 2617 3841 2688 ἀλλήλοις

2198 2709 2264 2763 τὰ
2343 2706 2771 2785 παραπτώματα,
2868 2709 2956 2762 καὶ
3049 2705 3266 2787 εὔχεσθε
3354 2708 3484 2786 ύπὲρ
3565 2705 3840 2782 ἀλλήλων,

2199 2795 2344 2860 ὅπως
2412 2798 2649 2874 ἱαθῆτεη
2716 2793 2856 2851 Πολὺ
2941 2796 3116 2874 ἰσχύει
3194 2794 3370 2862 δέησις
3487 2794 3685 2854 δικαίου
3749 2795 3841 2852 ὲν-

2199 2885 2513 2965 εργουμένη.
2641 2873 2820 2948 Ἠλίας
2950 2873 3219 2963 ἅνθρωπος
3327 2884 3392 2952 ἧν
3515 2885 3840 2960 ὁμοιοπαθὴς

2195 2977 2342 3050 ὑμῖν,
2416 2971 2504 3030 καί
2585 2978 2861 3051 προσευχῂ
2931 2971 3261 3052 προσηύξατο
3338 2979 3432 3029 τώ
3497 2973 3576 3049 μὴ
3639 2971 3837 3050 βρέξαι,

2195 3066 2283 3122 καὶ
2311 3065 2406 3121 ούκ
2472 3059 2672 3141 ἔϐρεξεν
2730 3060 2816 3117 ἐπὶ
2876 3065 2974 3128 τῆς
3030 3065 3132 3139 γῆς
3201 3061 3463 3124 ἐνιαυτοὺς
3535 3074 3680 3140 τρεῖς
3749 3066 3845 3121 καὶ

467 3157 641 3226 μῆνας
723 3154 799 3220 ἕξ.
875 3158 972 3214 Καὶ
1041 3156 1199 3213 πάλιν
1253 3157 1608 3238 προσηύξατο,
1645 3159 1754 3214 ’καὶ
1824 3161 1851 3214 6
1906 3158 2139 3233 οὐρανὸς,
2174 3155 2323 3213 ὑετὸν
2408 3149 2592 3224 ἔδωκε,
2671 3151 2761 3206 καὶ
2841 3151 2875 3217 ἡ
2962 3155 3033 3228 γῆ
3121 3147 3414 3219 ἐϐλάστησε
3481 3151 3573 3207 τὸν
3640 3150 3840 3228 καρπὸν

465 3244 650 3309 αὖτῆς.
689 3263 718 3302 )

545 3331 946 3396 Αίηίοιίοηοιη
991 3334 1306 3396 comitatur
1333 3335 1685 3411 oratio,utei
1719 3337 1818 3418 qui
1840 3335 2113 3415 afﬂigitur

2281 3339 2360 3412 Τῇ
2428 3330 2750 3403 κακοπαθείᾳ
2829 3329 3106 3418 προσευχὴ
3165 3341 3518 3418 παρομαρτεῖ,
3563 3326 3656 3386 ἵνα
3711 3349 3841 3386 κου-

465 3419 654 3483 levior
681 3421 782 3484 fiat
828 3423 1020 3486 exitus
1073 3423 1462 3486 afﬂictionum
1514 3426 1636 3487 sive
1694 3425 2108 3488 tentationum.

465 3511 692 3573 Deinde
709 3512 812 3574 ubi
832 3513 971 3573 478
993 3515 1330 3595 precatione
1384 3515 1672 3596 placuerit
1694 3534 1762 3576 ea
1781 3534 1911 3596 quae
1942 3513 2115 3576 nobis

468 3600 712 3662 molesta
738 3610 966 3671 sunt,et
986 3602 1057 3664 ad
1091 3622 1260 3664 suum
1285 3612 1498 3665 statum
1531 3623 1600 3665 ac
1632 3603 2110 3684 tranquillitatem

467 3689 800 3768 pervenerit
827 3691 1046 3764 anima,
1083 3700 1222 3754 tunc
1284 3693 1510 3771 psallat,
1546 3701 1612 3755 ut
1642 3712 1770 3774 qua:
1800 3693 1908 3754 sibi
1943 3712 2105 3755 com-

467 3778 638 3838 moda
668 3785 806 3840 sunt
835 3780 1326 3861 multiplicemur,
1361 3801 1429 3843 ac
1459 3783 1793 3845 delectetur
1822 3781 2111 3862 spirituali

471 3866 882 3929 exsultatione.
915 3871 1218 3947 Siquidem
1251 3871 1514 3932 hilaritas
1543 3889 1610 3932 ac
1634 3871 1976 3952 jucunditas
2009 3890 2110 3932 re-

466 3963 595 4016 ctus
623 3956 806 4018 animi
845 3965 1029 4018 status
1074 3967 1186 4039 est,
1211 3960 1384 4039 juxta
1419 3979 1694 4040 magnum
1729 3978 1966 4041 quoque
1999 3979 2106 4021 no»

466 4052 655 4105 strum
715 4044 1023 4121 Basilium,
1060 4047 1416 4128 hymnorum
1449 4049 1572 4111 sive
1619 4049 1952 4112 divinarum
1987 4050 2114 4110 lau-

465 4133 605 4194 dum
639 4135 1076 4196 consolationes
1128 4136 1374 4214 gratiam
1411 4138 1743 4200 conferunt.
1781 4136 1980 4219 Itaque
2010 4137 2111 4218 qui

462 4241 579 4283 non
610 4220 692 4286 ita
722 4223 1237 4306 processit,neque
1263 4225 1334 4285 ad
1365 4226 1707 4306 hujusmodi
1731 4236 1942 4288 statum
1968 4246 2108 4306 per-

461 4310 643 4382 venit,
677 4330 853 4392 quem
887 4320 943 4373 et
977 4312 1156 4374 David
1191 4313 1562 4376 sanctitatem
1610 4324 1775 4376 vocat
1813 4335 1829 4374 :
1882 4339 1903 4370 ιι
1940 4314 2106 4376 Psal-

461 4397 586 4473 lite,
607 4399 903 4480 inquiens,
929 4399 1178 4462 Domino
1200 4403 1384 4464 sancti
1411 4403 1543 4482 ejus
1561 4403 1684 4482 57,»
1727 4422 1966 4481 magnas
1988 4403 2109 4481 agit.

463 4507 669 4568 nugas,
711 4507 858 4551 Vane
889 4498 947 4552 et
993 4489 1254 4551 inaniter
1282 4491 1568 4572 psallens,
1606 4491 2104 4572 quemadmodum

2198 3422 2388 3503 φοτέρα
2421 3427 2497 3495 τῷ
2553 3417 2914 3498 πειραζομένῳ
2969 3418 3110 3492 αὐτῷ
3179 3420 3214 3487 ἡ
3285 3415 3508 3485 διέξοδος
3563 3419 3666 3476 τῶν
3715 3439 3840 3474 πει-

2198 3517 2415 3591 ρασμῶν
2457 3509 2696 3588 γένηται.
2775 3507 2910 3564 Εἶτα
2967 3506 3176 3566 ἐπειδὰν
3245 3505 3330 3564 διὰ
3383 3509 3483 3575 τῆς
3542 3507 3842 3588 προσευχῆς

2198 3603 2522 3675 κατευνασθῇ
2547 3599 2610 3654 τὰ
2667 3595 2981 3676 διοχλοῦντα
3050 3599 3212 3672 ἡμῖν.
3268 3597 3367 3654 Καὶ
3417 3599 3549 3675 πρὸς
3603 3596 3702 3663 τὴν
3756 3598 3841 3651 ol-

2195 3693 2312 3747 κίαν
2367 3688 2684 3756 κατήστοσιν
2731 3686 2818 3740 καὶ
2899 3685 3175 3764 ἀταραξίαν
3259 3685 3515 3765 ἀφίκηται
3572 3687 3606 3754 ἡ
3659 3687 3840 3763 ψυχὴ,

2193 3784 2478 3847 τηνικαῦτα
2519 3773 2771 3851 ψαλλέτω
2814 3772 2907 3829 ’ίνα
2937 3775 3003 3829 τά
3033 3774 3250 3853 χρηστά
3347 3777 3487 3848 αὐτῷ
3570 3771 3842 3833 πολυπλα-

2195 3871 2406 3946 σιασθῇ,
2433 3868 2521 3922 καὶ
2569 3861 2838 3942 ὲντρυγῴῃ
2911 3869 2988 3936 τῷ
3043 3867 3382 3937 πνευματικῷ
3455 3861 3833 3940 ἀγαλλιάματι.

2194 3957 2264 4014 Τὸ
2294 3957 2392 4034 γὰρ
2434 3953 2612 4032 ἱλαρὸν
2667 3953 2753 4008 καὶ
2821 3947 3018 4007 ἄλυπον
3089 3951 3406 4027 κατάστημα
3473 3951 3570 4020 τῆς
3627 3954 3838 4031 ψυχῆς.

2192 4046 2328 4101 κατά
2397 4046 2488 4099 τὸν
2557 4040 2818 4116 ἡμέτερον
2875 4040 2962 4094 καὶ
3017 4039 3186 4121 μέγαν
3257 4039 3554 4121 Βασίλειον,
3612 4042 3664 4096 αἱ
3731 4047 3838 4096 τῶν

2191 4133 2376 4208 ὕμνωκ
2402 4130 2730 4211 παρηγορίας
2761 4129 3087 4208 χαρίζονται.
3153 4118 3210 4186 Ὀ
3266 4130 3364 4208 γάρ
3422 4152 3503 4187 τοι
3539 4118 3626 4206 ’μὴ
3699 4131 3837 4188 οὕτω

2191 4219 2386 4300 προϐὰς
2417 4217 2583 4296 μηδὲν
2611 4220 2672 4274 τὸ
2729 4215 2933 4273 τοιοῦτο
2987 4216 3305 4292 κατάστημα
3378 4219 3603 4298 φθάσας,
3651 4220 3680 4275 ὃ
3751 4222 3842 4277 καὶ

2195 4309 2362 4368 Δαυ³ιό
2402 4311 2652 4377 ὁσιότητα
2682 4307 2865 4369 καλεῖ.
2917 4329 2940 4363 ε
2977 4306 3194 4364 Ψάλατε
3249 4310 3369 4388 γὰρ,
3419 4312 3573 4390 φησὶ,
3601 4318 3678 4386 τῷ
3727 4321 3838 4371 Κο-

2191 4403 2305 4480 ρίῳ,
2339 4403 2384 4457 οἱ
2415 4400 2549 4456 ὅσιοι
2621 4400 2799 4456 αὒτοῦ.
2837 4420 2865 4452 ι
2941 4402 3112 4476 Λῆρον
3185 4400 3386 4478 μακρὸν
3444 4398 3642 4464 ἐξανύει
3698 4422 3837 4468 την-

2191 4488 2364 4553 ἀλλως
2435 4489 2524 4545 καὶ
2581 4487 2739 4554 κενὴν
2796 4483 3043 4561 ψάλλων,
3123 4488 3196 4550 ὡς
3254 4489 3300 4542 οἱ
3369 4489 3841 4567 παροιμιαζόμενοί

460 4577 635 4639 etiam
670 4578 978 4657 proverbio
1010 4578 1235 4640 dicunt.
1295 4603 1317 4636 ι
1356 4579 1656 4658 Ungentes
1709 4581 1839 4644 oleo
1905 4608 1927 4638 ι
1984 4580 2108 4643 Hoc

2196 4600 2369 4658 φασιν,
2411 4600 2438 4631 ι
2473 4575 2809 4651 ’Δλείψαντες
2841 4573 3020 4648 ἐλαίῳ.
3057 4594 3086 4632 ι
3163 4583 3327 4634 Τοῦτο
3377 4577 3465 4632 καὶ
3531 4587 3623 4636 τοῦ
3654 4578 3840 4656 Κυρίου

460 4667 636 4728 etiam
671 4666 921 4728 Domino
981 4669 1136 4729 inter
1176 4669 1450 4730 homines
1498 4670 1692 4732 adhuc
1723 4677 2110 4732 conversante

2196 4667 2270 4725 ἔτι
2299 4681 2416 4734 τοῖς
2473 4667 2764 4745 ἀνθρώποις
2849 4664 3395 4745 συναναστρεφιμένου
3448 4668 3494 4722 οἱ
3551 4665 3836 4724 ἀπόστολοι

461 4754 1046 4838 faciebantapostoli,
1073 4766 1362 4836 ungentes
1393 4770 1640 4838 aegrotos
1662 4760 1792 4821 oleo
1821 4769 1879 4820 et
1899 4779 2112 4821 sanan-

463 4843 651 4904 te558.
690 4843 1086 4924 «Depiecatio
1118 4845 1345 4909 etﬁeax.
1381 4872 1406 4902 »
1443 4847 1656 4910 Efﬁcax
1692 4859 1777 4909 est
1801 4848 1944 4928 justi
1972 4867 2111 4909 ora-

463 4930 815 5011 tio,quando
840 4931 889 4992 is
910 4951 1014 5013 pro
1036 4953 1154 5014 quo
1181 4936 2110 5016 precatur,spiritualiafflictione

451 5019 678 5098 juverit
705 5039 840 5082 eum
886 5021 988 5102 qui
1020 5041 1316 5102 preca'ur.
1353 5024 1412 5086 Si
1443 5025 1601 5086 enim
1635 5026 1766 5086 aliis
1801 5044 1903 5105 pro
1933 5025 2107 5086 nobis

460 5108 788 5184 orantibus,
825 5129 931 5171 nos
953 5129 1226 5172 vacemus
1247 5113 1480 5175 deliciis
1499 5133 1568 5176 ac
1589 5114 2106 5176 dissolutionibus-

454 5196 704 5278 vitaaque
760 5199 953 5278 plena;
983 5201 1573 5284 transgressionibus,
1596 5203 1970 5265 dissolvimus
2004 5222 2110 5283 per

458 5286 570 5348 hoc
604 5286 1030 5348 vehementiam
1065 5289 1348 5351 orationis
1377 5309 1508 5371 quae
1539 5301 1723 5354 certat
1755 5311 1858 5372 pro
1890 5292 2100 5356 nobis:

454 5382 508 5436 et
538 5375 872 5454 completur
905 5377 962 5436 in
998 5375 1167 5439 nobis
1193 5378 1334 5440 illud
1361 5379 1516 5442 beati
1540 5380 1695 5442 Petri
1735 5379 1934 5444 :Unus
1954 5383 2104 5443 dadi-

455 5462 726 5612 {iclansqet
769 5482 922 5526 unus
979 5465 1317 5542 destruens,
1379 5469 1522 5549 quid
1576 5469 1820 5550 prodest
1843 5469 1960 5532 illis
1991 5471 2104 5532 nisi

478 5569 512 5611 a
557 5569 624 5612 or
652 5598 666 5611 .

478 5550 624 5613 abor
643 5550 675 5611 ?

525 5711 587 5762 57
615 5709 773 5774 Psal.
808 5727 916 5788 xx,
945 5712 1006 5776 5.
1055 5715 1118 5765 58
1151 5715 1332 5780 Marc.
1368 5735 1450 5799 v1,
1492 5717 1586 5793 t3,

2193 4759 2420 4832 ἐποίουν,
2521 4756 2819 4835 ἀλείφοντες
2904 4755 3024 4817 τοὺς
3109 4753 3450 4820 ἀσθενοῦντας
3529 4754 3688 4830 ἐλαίῳ
3749 4759 3840 4813 καὶ

2193 4846 2428 4922 ἰώμενοι.
2470 4867 2493 4902 ι
2531 4846 2725 4912 Λέησις
2753 4842 3122 4922 ἐνεργουμένη,
3157 4867 3184 4898 ι
3259 4841 3586 4924 Ἐνεργεῖται
3655 4847 3690 4914 ἡ
3744 4853 3840 4903 τοῦ

2191 4933 2391 4992 δικαίου
2445 4934 2606 5014 εὐχὴ,
2676 4932 2800 4990 ὅταν
2853 4935 2940 4988 καὶ
2990 4934 3018 4988 6
3045 4931 3172 5010 ὑπὲρ
3227 4934 3289 4992 οὗ
3396 4932 3610 5014 εῧχεται
3707 4957 3840 5010 συμ-

2192 5026 2397 5104 πράττῃ
2463 5023 2548 5080 διὰ
2604 5022 2887 5084 κακώσεως
2983 5021 3344 5096 πνευματικῆς
3399 5029 3475 5097 τῷ
3528 5023 3831 5104 εὖχομένῳ,

2193 5089 2280 5171 Ἦν
2506 5112 2696 5192 ἐτέρων
2756 5111 2884 5189 ὑπὲρ
2945 5089 3126 5185 ἡμῶν·
3151 5089 3477 5191 εὐχομένων,
3545 5089 3838 5179 egrediens;

2187 5205 2349 5278 ἡμεῖς
2420 5201 2769 5282 σχολάζωμεν
2827 5201 2913 5255 καὶ
2996 5198 3203 5254 ἀνέσεσι
3272 5200 3360 5256 καὶ
3413 5197 3836 5277 ἐκδεδιῃτημένῳ

2187 5295 2306 5370 βίῳ,
2336 5291 2590 5366 ἐκλύομεν
2619 5289 2703 5346 διὰ
2731 5289 2912 5345 τούτου
2956 5289 3016 5344 τὸ
3057 5289 3298 5346 σύντονον
3367 5294 3465 5357 τῆς
3523 5289 3690 5370 εὐχῆς
3742 5299 3837 5349 τοῦ

2186 5383 2314 5460 ὑπὲρ
2343 5382 2496 5456 ἡμῶν
2529 5378 2942 5459 ἀγωνιζομένου.
3020 5379 3116 5435 Καὶ
3174 5379 3370 5454 γίνεται
3439 5377 3522 5458 ἐφ’
3577 5380 3714 5453 ἡμῖν
3772 5380 3834 5435 τὸ

2189 5483 2282 5530 τοῦ
2311 5471 2566 5548 μακαρίου
2600 5467 2795 5547 Πέτρου
2827 5486 2840 5500 °
2919 5467 3014 5532 Εἷς
3065 5465 3355 5542 οἰκοδομῶν
3424 5467 3519 5524 καί
3577 5471 3659 5532 εἰς
3704 5471 3836 5525 καθ-

2187 5562 2368 5640 αίρων,
2401 5557 2550 5617 οὐδὲν
2577 5557 2850 5640 ὠφέλησεν
2880 5560 2916 5628 ἢ
2958 5560 3181 5620 κόπους.
