4180 6212
348 305 478 371 509

1369 303 1761 367 COMMENT.
1809 303 1892 365 IN
1937 296 2176 364 EPIST.
2226 302 2252 362 Ι
2297 302 2357 363 S.
2408 297 2664 365 PETRI.

3608 299 3726 366 510

435 466 463 497 ι
506 439 770 520 Ἀδελφοὶ,
834 440 922 497 ἐὰν
978 461 1057 502 τις
1115 437 1169 494 ἐν
1240 439 1369 512 ὑμῖν
1426 435 1671 512 πλανηθῇ
1729 437 1834 492 ἀπὸ
1903 441 1999 502 τῆς

2163 435 2236 515 V,
2274 433 2487 498 19-20.
2523 435 2854 513 Fratres,si
2882 435 3022 514 quis
3053 435 3211 497 inter
3241 451 3345 496 vos
3369 435 3730 496 erraverim

351 530 624 609 ἀληθείας,
700 529 790 586 καὶ
879 526 1170 606 ἐπιστρέψῃ
1243 547 1322 590 τις
1421 524 1600 598 αὐτόν,
1695 523 2002 598 γινωσκέτω

350 620 433 678 ὅτι
517 623 546 677 ὁ
621 619 939 698 ἐπιστρέψας
1017 614 1336 694 ἁμαρτωλὸν
1422 613 1482 671 ἐκ
1584 613 1788 682 πλάνης
1885 613 2004 674 ὀδοῦ

351 712 532 786 αὖτοῦ,
565 709 726 765 σώσει
759 712 945 787 ψυχὴν
989 704 1052 761 ἐκ
1103 705 1350 784 θανάτου,
1406 705 1495 760 καὶ
1548 703 1773 779 καλύψει
1802 701 2002 772 πλῆθος

351 799 650 875 ἁμαρτιῶν.
689 819 714 854 n

439 871 478 942 ι⁷
526 887 627 946 Καὶ
679 885 978 966 ἐπιστρέψῃ
1045 905 1126 946 τις
1185 883 1363 957 αὐτὸν,
1421 881 1750 966 γινωσκέτω.
1785 903 1809 939 ι
1874 871 2004 940 υΟτι

352 975 696 1043 διακονητέον
737 982 807 1052 τῇ
834 959 926 1033 τοῦ
955 959 1192 1039 πλησίον
1233 959 1490 1051 σωτηρία.
1557 991 1582 1052 _I
1621 959 1750 1030 ιὈτι
1808 973 1836 1028 ὁ
1878 971 2002 1028 ἐπι-

351 1063 586 1145 στρέψας
673 1049 1012 1143 ἀμαρτωλόν.
1078 1083 1102 1118 ι
1166 1069 1330 1118 Τοῦτο
1387 1049 1494 1116 ήκαὶ
1554 1049 1805 1139 Ἱερεμίας
1849 1059 1997 1140 φησί,

359 1173 383 1207 α
423 1155 527 1212 Καί
557 1153 646 1211 ἐὰν
699 1152 958 1230 ἐξαγάγῃς
1010 1151 1186 1224 τίμιον
1242 1147 1349 1205 ἀπὸ
1401 1147 1626 1229 ἀναξίου,
1689 1150 1764 1212 ὡς
1831 1148 2002 1224 στόμα

351 1267 456 1318 μου
486 1241 610 1319 ἔσῃ,
643 1261 674 1301 )
709 1241 892 1316 Στόμα
915 1240 1014 1319 γὰρ
1057 1238 1254 1317 γίνεται
1306 1244 1438 1294 Θεοῦ
1506 1245 1610 1302 πᾶς
1667 1240 1695 1294 ὁ
1753 1238 1873 1303 τοὺς
1903 1235 2001 1292 λό-

350 1352 478 1408 γους
507 1333 667 1388 αὐτοῦ
697 1325 1076 1405 ἂπαγγέλλων.
1124 1347 1153 1382 ι
1188 1328 1260 1384 Οὔ
1300 1325 1401 1405 γὰρ
1430 1327 1585 1401 ὑμεῖς
1643 1325 1782 1399 ἐστε,
1815 1327 1998 1406 φησὶν,

351 1422 401 1476 οἱ
443 1417 748 1492 λαλοῦντες,
783 1415 919 1474 ἀλλὰ
973 1418 1034 1473 τὸ
1094 1421 1304 1489 Πνεῦμα
1371 1424 1464 1473 τοῦ
1518 1415 1718 1494 Πατρός
1786 1437 1908 1490 μου.
1942 1415 2002 1468 τὸ

354 1506 549 1564 λαλοῦν
578 1507 632 1564 ἐν
661 1508 813 1582 ὑμῖν.
855 1528 878 1562 ι
966 1502 1051 1561 Δι’
1121 1503 1150 1559 ὃ
1205 1503 1292 1559 καὶ
1340 1504 1433 1558 τὸν
1491 1501 1803 1581 ἁμαρτωλὸν
1859 1502 2003 1558 ἀπο-

351 1595 544 1654 κωλύει
575 1594 659 1653 διὰ
712 1605 805 1656 τοῦ
877 1592 1054 1667 Δαυὶδ,
1117 1589 1471 1670 εκδιηγεῐσθαι
1541 1593 1606 1647 τὰ
1673 1590 2006 1666 δικαιώματα

353 1689 531 1760 αὐτοῦ,
588 1687 677 1741 καὶ
742 1685 842 1752 τὴν
910 1682 1164 1753 διαθήκην
1247 1677 1635 1756 ἀναλαμϐάνειν
1719 1679 1804 1736 διὰ
1872 1680 2001 1738 στό-

355 1797 522 1850 ματος
531 1817 548 1834 .

363 1887 391 1919 ι
426 1864 590 1928 Τέλος
645 1865 738 1920 σὺν
809 1869 947 1938 Θεῷ,
996 1866 1093 1928 τῆς
1124 1857 1427 1997 λξῐαδιώόου
1507 1857 1792 1926 καθολικῆς
1847 1857 2004 1918 Ἐπι-

1029 1963 1121 1997 στο
1158 1963 1250 1997 ης.
1305 1965 1329 1997 ι

1029 1963 1226 2008 στοΑης
1238 1987 1250 2001 .
1305 1965 1329 1999 ι

2082 524 2425 597 ceritate,et
2469 525 2831 586 converterit
2859 524 2994 604 quis
3038 540 3193 598 eum,
3243 527 3398 585 sciat
3435 523 3594 604 quod
3625 523 3733 603 qui

2085 613 2378 675 converti.
2405 613 2622 690 fecerit
2660 619 3034 693 peccatorem
3064 609 3138 674 ab
3169 628 3382 674 errore
3424 612 3538 675 viae
3576 629 3729 686 suae,

2083 703 2323 763 salvam
2369 702 2548 779 faciet
2578 719 2614 763 a
2645 706 2856 798 moit‘e,
2892 707 2953 762 et
3001 700 3231 781 aperiet
3275 698 3731 762 multitudinem

2079 798 2481 870 peccatorum.

2173 901 2196 936 α
2232 878 2303 940 Et
2328 879 2685 942 converterit
2713 879 2844 961 quis
2875 898 3039 952 eum,
3069 878 3236 942 sciat.
3272 902 3299 936 ››
3335 877 3481 952 Quia
3528 877 3725 940 inser-

2085 968 2363 1030 viendum
2398 977 2489 1030 est
2520 968 2694 1030 saluti
2726 968 2998 1049 proximi.
3047 989 3074 1026 ι
3095 967 3206 1042 Qui
3237 968 3496 1030 converti
3524 967 3733 1029 fecerit

2087 1065 2518 1138 peccatoremu»
2557 1060 2680 1119 Hoc
2729 1066 2786 1118 et
2831 1057 3120 1121 Jeremias
3150 1057 3330 1118 dicit:
3366 1078 3394 1117 ι
3427 1055 3499 1120 Et
3532 1055 3582 1117 si
3629 1074 3729 1118 se-

2087 1145 2383 1226 paraveris
2407 1147 2729 1227 pretiosum
2760 1165 2793 1206 a
2812 1145 2935 1220 vili,
2968 1145 3133 1227 quasi
3165 1164 3232 1207 os
3263 1164 3458 1208 meum
3481 1145 3724 1208 eris59.n

2085 1234 2194 1298 Dei
2231 1253 2483 1316 namque
2515 1255 2580 1297 os
2611 1234 2865 1297 efﬁcitur
2895 1234 3162 1314 quisquis
3217 1233 3375 1295 illius
3419 1251 3729 1296 sermones

2082 1322 2589 1386 annuntiat.«N0n
2620 1323 2780 1385 enim
2815 1341 2918 1384 vos
2947 1323 3110 1403 estis,
3145 1322 3451 1404 inquit,il|i
3475 1323 3730 1404 loquen-

2087 1422 2192 1489 tes,
2248 1412 2352 1474 sed
2402 1412 2657 1494 Spiritus
2706 1412 2891 1476 Patris
2943 1412 3060 1473 mei
3111 1412 3210 1493 qui
3241 1411 3500 1493 loquitur
3529 1415 3589 1473 in
3619 1431 3725 1473 vo-

2085 1501 2176 1564 bis
2196 1501 2318 1565 60.»
2358 1505 2602 1582 Propter
2630 1502 2785 1582 quod
2823 1501 3002 1563 etiam
3050 1509 3420 1580 peccatorem
3455 1499 3733 1581 prohibet

2087 1608 2192 1672 per
2223 1590 2402 1655 David
2421 1590 2498 1672 θί,
2524 1610 2599 1652 ne
2630 1599 2867 1652 enarret
2893 1587 3346 1666 justiﬁcationes
3376 1598 3603 1658 suas.et
3634 1599 3725 1654 te-

2088 1687 2444 1745 stamentum
2476 1689 2738 1742 assumat
2767 1698 2870 1741 ore
2900 1696 3033 1740 suo.

2090 1857 2282 1938 Finis,
2306 1857 2512 1919 divino
2540 1855 3081 2000 fanenteJauxbitio,
3106 1853 3392 1936 Epistolw
3423 1853 3730 1919 catholicas

2821 1952 2927 1998 aco
2969 1956 3014 2000 ι.

2821 1952 3014 2000 αεοοι.

434 2099 500 2153 59
534 2102 756 2165 Jerem.
789 2118 890 2183 xv,
928 2103 1020 2164 12.
1066 2101 1130 2152 ϐο
1162 2101 1369 2164 Matth.
1396 2117 1458 2174 χ,
1491 2105 1587 2163 19.
1633 2097 1688 2149 61
1720 2099 1876 2163 Psal.
1911 2115 2072 2162 χιιι.
2123 2099 2198 2162 16

1606 2344 2491 2554 ΥΠΟΘΕΣΙΣ

697 2702 912 2786 ΤΗΣ
985 2699 1438 2788 ΠΕΤΡΟΥ
1505 2697 2155 2784 ΚΑΘΟΛΙΚΗΣ
2232 2697 2682 2780 ΠΡΩΤΗΖ
2749 2695 3388 2782 ΕΠΙΣΤΟΛΗΖ

1559 3062 2538 3173 ARGUMENTUM

888 3299 1339 3386 PRIORIS
1430 3293 2089 3384 CATHOLIC/E
2173 3295 2499 3380 PETRI
2569 3294 3165 3388 EPISTOLXE.

2062 3498 2133 3508 “-

443 3644 650 3708 Ταύτην
681 3644 709 3698 δ
754 3641 947 3722 Πέτρος
991 3644 1146 3706 αὑτὸς
1190 3655 1304 3707 τοῖς
1360 3641 1414 3697 ἐν
1454 3647 1523 3718 τῇ
1565 3638 1820 3718 διασπορᾷ
1868 3642 2006 3696 οὖσιν

2173 3637 2312 3698 479
2333 3633 2500 3698 Hanc
2518 3634 2836 3715 Epistolam
2872 3634 3082 3697 scribit
3118 3635 3324 3699 Petrus
3358 3634 3600 3716 Judaeis,
3632 3635 3735 3717 qui

361 3730 630 3792 Ἰουδαίοις
697 3733 784 3787 καὶ
844 3731 1143 3809 γενομένοις
1218 3739 1578 3810 Χριστιανοτς,
1636 3730 1820 3809 γράφει

362 3819 688 3887 Ἐπιστολὴν
747 3818 1147 3891 διδασκαλικήν.
1225 3818 1441 3888 Ἐπειδὴ
1511 3821 1609 3899 γὰρ
1693 3819 1798 3874 ἀπὸ
1867 3818 2004 3875 Ἰου-

363 3908 521 3966 δαίων
577 3909 882 3967 ἐπίστευσάν
948 3911 1267 3990 ἒπιστηρίζει
1366 3910 1571 3973 αύτούς.
1635 3911 1732 3967 Καὶ
1800 3916 2008 3987 πρῶτον

364 4000 462 4074 μὲν
489 3997 791 4078 ἐξηγεῖται,
826 3999 914 4055 καὶ
956 3997 1338 4078 ἀποδείκνυσιν,
1400 3997 1480 4054 ὅτι
1553 4001 1588 4067 ἡ
1641 4001 1713 4064 εἷς
1786 4003 2008 4080 Χριστὸν

363 4089 538 4151 πίστις
570 4089 678 4144 ἀπὸ
705 4095 811 4146 τῶν
857 4094 1142 4168 προφητῶν
1173 4086 1506 4166 κατηγγέλη,
1561 4089 1647 4144 κσὶ
1714 4087 1781 4144 δι’
1839 4090 2008 4145 αὖτῶν

364 4178 599 4253 ἐμηνύθη
639 4179 674 4245 ἡ
707 4175 792 4233 διὰ
834 4184 926 4233 τοῦ
982 4176 1214 4251 αἵματος
1273 4176 1429 4233 αὐτοῦ
1479 4175 1862 4255 ἀπολύτρωσις.
1918 4180 2013 4236 Καὶ

365 4266 447 4321 ὅτι
476 4269 659 4331 αὐτοῖς
709 4267 798 4322 καὶ
848 4279 964 4330 τοῖς
1038 4264 1231 4322 ἔθνεσιν
1289 4263 1639 4343 εύηγγελισθη
1695 4267 1760 4324 τὰ
1816 4267 2010 4342 πάντα,

366 4357 440 4417 εἷς
485 4354 520 4410 ἃ
587 4354 922 4429 ἐπιθυμοῦσιν
977 4353 1194 4432 ἄγγελοι
1253 4358 1580 4431 παρακῦψαι.
1665 4355 1804 4411 Εἶτα
1873 4379 2013 4432 συμ-

363 4441 668 4514 ϐουλεύσας,
759 4441 912 4508 ἀξίως
984 4452 1077 4502 τοῦ
1162 4441 1483 4506 καλέσαντος
1581 4443 2012 4524 ἀναστρέφεσθαι,

365 4531 651 4610 προτρόπει
684 4533 773 4588 καὶ
827 4530 1079 4607 βασιλέας
1149 4537 1335 4606 τιμᾷν.
1397 4529 1598 4597 Γυναιξί
1666 4553 1723 4587 τε
1766 4535 1852 4590 καὶ
1915 4534 2016 4589 ἀν-

367 4618 547 4698 δράσιν
616 4622 982 4700 ὁμοφροσύνην
1038 4617 1414 4699 παραγγέλλει.
1491 4622 1589 4678 Καὶ
1644 4622 1716 4684 εἰς
1792 4623 1858 4678 τὰ
1912 4621 2014 4690 ἤθη

369 4709 688 4787 παραινέσας
761 4708 914 4787 ὀλίγα
983 4708 1228 4783 σημαίνει
1286 4707 1365 4764 ὅτι
1449 4711 1536 4765 καὶ
1611 4710 1683 4773 είς
1740 4711 1831 4767 τὸν
1883 4710 2016 4784 ᾅδην

368 4809 522 4857 τοῦτο
581 4798 765 4876 γέγονε
851 4799 990 4877 παρὰ
1040 4804 1132 4854 τ›ῦ
1231 4798 1416 4876 Κυρίου
1468 4800 1528 4854 τὸ
1614 4801 1862 4878 κήρυγμα
1917 4806 2016 4868 τῆς

1908 3729 2005 3795 τὴν
2085 3727 2284 3790 effecti
2305 3727 2621 3791 Christiani
2653 3726 2987 3788 variislocis
3009 3735 3176 3789 erant
3197 3727 3598 3809 dispersi,qua
3629 3727 3734 3789 do-

2089 3825 2183 3878 cet
2213 3819 2493 3880 eos.Nam
2526 3835 2627 3878 eos
2657 3815 2758 3897 qui
2787 3835 2857 3878 ex
2898 3815 3141 3892 Judaais,
3174 3818 3552 3880 crediderant
3581 3836 3729 3880 con-

2092 3908 2284 3970 ﬁrmat
2314 3908 2382 3970 Et
2405 3909 2658 3989 primum
2691 3907 2930 3988 quidem
2963 3919 3198 3972 enarrat
3231 3919 3285 3972 et
3303 3909 3734 3991 ostenditquod

2091 3997 2239 4060 ﬁdes
2268 3998 2327 4060 in
2363 3997 2654 4062 Christum
2675 4019 2705 4057 a
2739 3997 3044 4079 prophetis
3075 3999 3416 4060 annuntiata
3445 3999 3610 4068 sit,et
3631 4016 3738 4081 per

2092 4086 2252 4166 ipsos
2283 4087 2610 4165 signiﬁcata
2641 4087 2979 4168 redemptio
3014 4106 3144 4168 qua:
3171 4088 3482 4170 peripsius
3498 4088 3736 4168 sangui-

2097 4193 2231 4236 nem
2263 4176 2469 4238 ﬁeret:
2497 4176 2773 4258 quodque
2805 4175 2951 4256 ipsis
2971 4195 3040 4238 ac
3071 4177 3346 4253 gentibus
3391 4177 3740 4240 annuntiata

2095 4263 2213 4324 sint
2243 4265 2442 4326 omnia
2470 4266 2540 4327 ad
2565 4285 2696 4347 quae
2725 4265 3066 4326 desiderant
3117 4267 3309 4345 angeli
3369 4267 3736 4346 prospicere.

2096 4351 2327 4414 Deinde
2358 4353 2454 4415 ubi
2485 4355 2668 4416 suasit
2696 4363 2760 4416 ut
2788 4355 2963 4433 digne
2995 4356 3067 4416 ad
3103 4374 3240 4419 eum
3263 4355 3361 4436 qui
3385 4355 3543 4435 ipsos
3561 4372 3738 4418 voca-

2095 4440 2174 4500 vit
2204 4453 2654 4516 conversentur,
2689 4444 3034 4505 exhortatur
3063 4454 3126 4504 ut
3155 4445 3329 4506 etiam
3364 4443 3604 4522 regibus
3636 4444 3742 4504 ho-

2099 4547 2304 4594 norem
2337 4531 2609 4595 del‘erant
2639 4540 2696 4593 et
2719 4532 3070 4594 mulieribus
3093 4551 3162 4595 ac
3190 4533 3330 4595 viris
3359 4532 3737 4594 concordiam

2100 4619 2365 4700 praecipit
2396 4629 2452 4682 et
2484 4640 2666 4701 pauca
2694 4622 2851 4683 circa
2882 4641 3077 4683 mores
3110 4623 3469 4696 exhortatus,
3505 4620 3734 4697 signiﬁ-

2100 4716 2192 4769 cat
2221 4709 2376 4788 quod
2427 4709 2604 4772 etiam
2666 4710 2725 4770 in
2782 4711 3078 4771 infernum
3135 4711 3284 4772 facta
3325 4711 3462 4771 sita
3493 4709 3740 4771 Domino

2101 4797 2440 4876 praedicatio
2474 4798 2680 4860 salutis
2711 4818 2776 4860 ac
2812 4800 3268 4861 resurrectionis
3303 4822 3316 4860 :
3353 4811 3415 4861 ut
3446 4802 3543 4880 qui
3579 4798 3742 4879 prius

371 4887 636 4965 σωτηρίας
695 4888 781 4942 καὶ
841 4885 1202 4959 ἀναστάσεως,
1262 4887 1356 4942 ἵνα
1437 4891 1483 4943 οἱ
1566 4887 2006 4966 προαποθανόντες

2103 4885 2318 4947 mortui
2361 4895 2518 4961 sunt,
2568 4897 2882 4969 resurgant
2929 4888 3172 4968 quidem
3206 4898 3262 4949 et
3287 4889 3628 4970 judicentur
3681 4888 3742 4950 in

371 4975 635 5032 ἀναστῶσι
685 4977 780 5051 μὲν
832 4977 919 5032 καὶ
987 4979 1233 5055 κριθῶσιν
1291 4974 1345 5031 ἐν
1411 4982 1488 5050 τῷ
1547 4976 1786 5056 σώματι,
1961 4978 2006 5036 δὲ

2100 4993 2372 5055 corpore,
2405 4975 2507 5037 sed
2562 4995 2666 5058 per
2695 4979 2942 5057 gratiam
2974 4979 3428 5040 resurrectionis
3462 4996 3743 5060 perseve—

372 5065 554 5145 χάριτι
584 5065 680 5132 τῆς
707 5064 1068 5135 ἀναστάσεως,
1103 5064 1435 5140 διαμείνωσι.
1478 5067 1578 5124 Καὶ
1635 5065 1714 5120 ὅτι
1757 5067 1819 5121 τὸ
1867 5067 2006 5129 τέλος

2103 5063 2338 5125 renl.Et
2367 5065 2524 5144 quod
2577 5066 2710 5128 linis
2753 5067 3019 5128 omnium
3077 5067 3361 5148 deinceps
3411 5068 3740 5140 immineat,

371 5154 584 5210 πάντων
643 5153 830 5212 λοιπὸν
886 5154 1099 5234 ἤγγισε.
1151 5157 1248 5213 Καὶ
1303 5153 1564 5232 ὀφείλουσι
1637 5155 1828 5218 πάντες
1886 5155 2006 5214 ἔτοιι

2107 5151 2444 5233 debentque
2475 5173 2684 5216 omnes
2722 5155 2906 5236 parati
2937 5173 3094 5236 esse,
3122 5163 3396 5237 tanquam
3422 5155 3612 5236 juduci
3641 5173 3742 5217 ra-

373 5265 464 5318 μοι
495 5244 744 5322 γίνεσθαι,
793 5247 867 5308 ὡς
919 5243 1078 5323 λόγον
1132 5241 1494 5307 ἀποδώσοντες
1551 5250 1627 5318 τῷ
1682 5250 1859 5322 κριτῇ.
1925 5248 2006 5303 Ki

2105 5241 2326 5303 tionem
2358 5241 2646 5304 reddituri
2672 5261 2686 5306 :
2723 5253 2779 5305 et
2808 5243 2889 5305 ita
2916 5243 3216 5306 concludit
3248 5244 3594 5326 Epistolam.

373 5331 513 5389 οὕτω
537 5331 740 5399 τελειοῖ
775 5335 868 5401 τὴν
905 5331 1249 5403 Ἐπιστολήν.

469 5436 811 5488 meum
842 5437 974 5489 ΤΗΣ
1000 5437 1256 5488 ΠΕΤΡΟΥ
1288 5434 1557 5486 [learns
1593 5438 1937 5495 ΚΑΘΟΛΙΚΗ

863 5555 874 5580 _._
983 5523 1396 5586 ΕΠΙΣΤΟΛΠΣ.
1956 5550 1961 5556 -

2103 5435 2436 5536 PRIORIS
2486 5439 2743 5503 PETRI
2764 5441 3219 5586 ιξΑΡέῗἸΤὲὶιΑἳ
3260 5440 3750 5508 CATHOLICE

863 5555 874 5580 _._
983 5523 1396 5587 ΕΠΙΣΤΟΛΠΣ.
1956 5550 1961 5556 -

2202 5542 2204 5544 '
2764 5522 3090 5587 CAPITA.

381 5641 408 5672 ι
446 5606 502 5674 α’
555 5617 678 5697 Περὶ
729 5623 827 5686 τῆς
885 5606 977 5701 ἐνί
1021 5621 1228 5699 Χριστῷ
1287 5614 1704 5699 ἆναγεννήσεως,
1767 5620 1854 5676 καὶ
1905 5625 2006 5701 περ

2101 5619 2149 5682 Ι.
2181 5621 2263 5683 De
2291 5624 2744 5705 regeneratione
2774 5627 2840 5688 in
2872 5624 3134 5707 Christo,
3168 5631 3226 5688 et
3253 5625 3332 5687 de
3355 5625 3660 5708 patientia
3679 5625 3750 5689 in
