4180 6212
1336 286 1729 358 COMMENT.
1775 286 1856 358 IN
1899 287 2139 357 EPIST.
2187 294 2213 357 Ι
2255 296 2317 359 S.
2365 294 2595 361 PETRI

281 289 401 356 513
1336 289 1729 358 COMMENT.
1775 289 1856 358 IN
1899 289 2139 357 EPIST.
2187 294 2213 357 Ι
2255 296 2317 359 S.
2365 294 2595 361 PETRI
3520 305 3636 368 514

280 428 379 506 γὰρ
421 428 541 493 τοὺς
584 431 717 504 πρὸς
751 431 839 494 οῦς
882 432 917 499 ἡ
947 428 1265 500 Ἐπιστολή.
1336 428 1644 510 Ἐχρήσατο
1712 428 1768 487 δὲ
1820 435 1912 509 τῷ,

2007 427 2521 509 interpositionem
2581 431 2949 495 collocentur
2984 456 2997 494 :
3032 453 3165 496 nam
3225 433 3562 512 signiﬁcant
3582 435 3657 497 ad

276 518 413 574 κατά
441 519 740 598 πρόγνωσιν
769 526 919 595 Θεοῦ,
965 517 1143 586 δηλῶν
1171 517 1251 575 ὅτι
1327 517 1494 595 μηδὲν
1547 521 1756 598 ὑστερεῖ
1822 525 1912 574 τῶε

2013 534 2160 606 quos
2183 517 2476 580 scribatur
2493 519 2774 600 Epistola.
2790 520 2940 584 Usus
2961 530 3051 586 est
3071 531 3267 585 autem
3291 543 3361 585 ea
3372 525 3659 606 particula

278 611 584 685 προφητῶν,
643 609 696 664 οἶ
769 608 857 665 καὶ
941 607 1085 666 αὐτοὶ
1141 607 1538 682 ἀπεστάλησαν,
1598 609 1642 663 εἰ
1708 608 1784 683 μὴ
1850 614 1912 681 τᾷ

2003 605 2170 694 juxta
2192 607 2620 686 praescientiam
2655 608 2780 685 Dei,
2815 611 2887 670 ad
2919 611 3373 689 siguilicandum
3405 612 3562 694 quod
3593 612 3655 675 in

556 688 686 753 ιὈτι
740 694 794 752 δὲ
885 694 1259 763 ἀπεστάλησαν
1346 697 1434 754 καὶ
1502 699 1550 754 οἱ
1631 701 1912 778 προφῆταιι

2010 692 2174 754 nullo
2205 696 2279 754 sit
2309 697 2615 776 prophetis
2647 697 2940 778 posterior
2969 688 3068 778 qui
3101 708 3158 761 et
3187 698 3299 780 ipsi
3331 688 3497 762 missi
3523 701 3656 763 lue-

280 773 508 848 Ἢσαΐας
565 786 726 865 φησὶν
783 784 838 842 ἂν
905 788 1006 864 τῷ,
1055 809 1084 841 ε
1160 785 1604 865 Εὖαγγελίσασθαι
1674 773 1912 864 πτωχοῖς

2007 791 2158 862 rant,
2193 773 2826 862 nisi'temporefQuod
2890 773 3088 847 autem
3134 773 3299 848 missi
3327 787 3548 850 fuerint
3598 798 3658 852 et

276 870 573 928 ἀπέσταλκέ
602 894 692 948 με.
733 897 758 928 ι
835 871 986 930 Ἀλλ’
1046 876 1091 930 εί
1173 877 1262 931 καὶ
1330 883 1406 950 τῷ
1449 877 1634 955 χρόνῳ
1688 876 1918 953 ὑστερεῖ,

276 961 395 1020 ἀλλ’
442 965 574 1044 οῦχί
607 967 696 1022 καὶ
725 971 794 1042 τῇ
847 968 1144 1046 προγνώσει
1198 969 1293 1023 τοῦ
1361 975 1514 1047 Θεοῦ,
1586 967 1724 1024 ἀλλὰ
1790 968 1924 1023 κατὰ

274 1060 432 1111 τοῦτο
492 1054 777 1130 ἐνάμιλλον
831 1057 1015 1112 ἑαυτὸν
1071 1047 1292 1135 Ἱερεμίᾳ
1348 1057 1623 1137 ἀποφαίνει
1677 1058 1778 1134 πρὸ
1831 1063 1922 1112 τοῦ

273 1141 328 1197 ἐν
357 1143 536 1215 κοιλίᾳ
574 1143 871 1210 πλασθῆναι
951 1145 1268 1223 ἐγνωσμένῳ
1333 1167 1392 1201 τε
1450 1148 1540 1202 καὶ
1582 1145 1915 1224 ἡγιασμένῳ,

272 1233 362 1287 καὶ
445 1235 726 1312 προφήτην
799 1235 871 1297 εἷς
923 1233 1047 1300 ἔθνη
1116 1233 1420 1310 τεθειμέοῳ.
1479 1236 1577 1292 Καὶ
1634 1233 1816 1300 ἐπειδὴ
1873 1236 1920 1289 οἱ

272 1326 541 1400 προφῆται
587 1319 702 1398 μεθ’
756 1322 946 1402 ἐτέρων
999 1323 1086 1379 καὶ
1151 1345 1252 1390 την
1323 1331 1550 1402 Χριστοῦ
1605 1323 1917 1401 προκατήγ-

2007 872 2487 949 prophetze,dicit
2514 871 2694 935 Isaias
2714 893 2846 934 cum
2879 874 2994 935 ait:
3026 876 3148 938 «Ad
3179 876 3652 939 annuntianduiu

2006 959 2367 1038 pauperibus
2387 961 2582 1022 laetum
2611 963 2881 1023 nuntium
2905 963 3068 1024 misit
3090 983 3188 1025 me
3221 967 3302 1027 ⁸.»
3325 964 3442 1027 Sed
3474 985 3656 1047 quan-

2005 1066 2177 1127 quam
2213 1056 2481 1136 tempore
2515 1051 2874 1130 posteriores
2901 1052 3250 1125 tulerit,non
3283 1063 3477 1116 tamen
3508 1073 3654 1136 prae-

2004 1135 2248 1196 scientia
2271 1135 2400 1211 Dei,
2427 1141 2531 1200 sed
2565 1138 2624 1199 in
2658 1139 2768 1201 hoc
2802 1159 3001 1220 parem
3036 1159 3098 1201 se
3124 1141 3488 1204 demonstrat
3512 1135 3650 1206 cum

2000 1220 2288 1297 Jeremia,
2325 1226 2426 1306 qui
2459 1227 2807 1308 priusquam
2831 1228 2890 1288 in
2924 1238 3091 1290 utero
3112 1229 3398 1292 formatus
3417 1231 3649 1306 fuisset,

2003 1313 2272 1392 cognitus
2303 1315 2491 1376 fuerat
2510 1325 2566 1378 et
2590 1317 2990 1378 sanctiﬁcatus
3005 1337 3076 1379 ac
3100 1319 3388 1399 prepheta
3406 1320 3479 1381 ad
3501 1338 3651 1398 gen-

2006 1410 2093 1461 tes
2125 1401 2486 1480 designatus.
2523 1403 2592 1464 Et
2625 1407 2901 1485 quoniam
2926 1406 3648 1486 prophetaeintercaetera,

272 1408 459 1487 γειλαν
541 1412 827 1489 παρουσίαν
895 1410 1326 1490 (Ἀπεστάλησαν
1418 1414 1518 1490 γὰρ
1572 1409 1656 1468 διὰ
1713 1409 1916 1490 τοῦτο),

2003 1488 2225 1550 Christi
2249 1492 2561 1552 adventum
2579 1493 3034 1572 designaverunt
3060 1493 3152 1562 (ob
3177 1495 3290 1556 hoc
3307 1495 3466 1556 enim
3486 1497 3653 1558 missi

271 1502 422 1564 οὗτος
507 1502 812 1577 προστίθησι
882 1501 980 1568 τὴν
1036 1502 1222 1580 χρείαν
1290 1506 1389 1568 τῆς
1447 1499 1773 1580 ἀποστολῆς,
1833 1499 1922 1555 καί

270 1609 435 1666 φησιν
503 1576 610 1668 ὅτι,
671 1587 758 1646 Ἐν
818 1576 1091 1666 ἀγιασμῷγ
1127 1589 1435 1657 ἀπεστάλην
1495 1576 1795 1664 Πνεύματος
1846 1589 1912 1651 εἷς

2002 1576 2254 1668 fuerant)
2289 1579 2383 1640 hic
2414 1583 2827 1643 necessitatem
2853 1587 2943 1643 sui
2975 1583 3138 1643 addit
3165 1584 3528 1663 apostolatus
3551 1586 3650 1647 di-

269 1651 512 1743 ῦπακοῆν
594 1651 684 1732 καὶ
778 1651 1068 1754 ῥαντισμὸν
1123 1678 1354 1753 αἳματος
1439 1651 1640 1744 Ἰησοῦ.
1671 1685 1912 1756 Χριστοῦ,

2003 1684 2146 1726 cens
2178 1684 2191 1728 :
2227 1651 2289 1728 In
2323 1670 2860 1733 sanctiﬁcationem
2893 1673 3152 1752 Spiritus
3179 1651 3397 1734 missus
3427 1691 3557 1734 sum
3587 1675 3652 1735 in

270 1771 428 1820 τοῦτο
455 1763 632 1830 δηλῶν
659 1763 744 1820 διὰ
770 1771 876 1821 τῶν
945 1766 1326 1844 προκειμένων,
1389 1765 1469 1821 ὅτι
1513 1769 1543 1823 6
1583 1755 1776 1844 τρόπος
1818 1770 1912 1832 τῆς

2004 1755 2402 1818 obedientiam
2426 1767 2484 1819 et
2502 1760 2907 1838 aspersionem
2933 1761 3385 1840 sanguinisJesu
3407 1762 3644 1825 Christi:

274 1853 412 1926 ἐμῆς
441 1852 743 1921 ἀποστολῆς
774 1854 923 1917 οὗτος
990 1842 1263 1936 ἀφορίσαι.
1325 1862 1488 1912 Τοῦτο
1518 1842 1627 1934 γὰρ.
1687 1853 1770 1911 διὰ
1827 1861 1912 1911 τοῦ

2004 1842 2116 1904 hoc
2145 1845 2484 1924 signiﬁcans
2515 1866 2621 1928 per
2667 1866 2738 1910 ea
2786 1867 2918 1928 qua;
2949 1859 3356 1929 proponuntur
3387 1871 3401 1912 :
3429 1850 3537 1912 Hic
3561 1858 3652 1913 est

277 1940 572 2021 Ἀγιασμοῦ
637 1950 865 2022 παριστᾷ
914 1947 988 2008 ὡς
1195 1967 1218 2001 ε
1268 1947 1368 2002 Καὶ
1425 1945 1600 2002 ἔσεσθέ
1643 1968 1732 2021 μοι
1789 1943 1912 2008 λαὸς

2003 1934 2210 1995 modus
2239 1935 2751 2016 mciapostolatus,
2773 1937 2845 1998 ad
2875 1939 3330 2016 segregandum.
3359 1937 3502 2000 Nam
3536 1940 3650 2002 hoc

273 2020 571 2112 περιούσιος
626 2020 972 2111 ἡγι-ασμένος.
1014 2057 1036 2089 ε
1099 2035 1243 2090 Ἀντὶ
1324 2035 1424 2113 γὰρ
1476 2041 1566 2091 τοῦ
1609 2020 1912 2114 ἀφωρισμέ-

2001 2020 2270 2114 designat
2301 2041 2405 2102 per
2437 2024 2975 2114 Sanctiticationem
3015 2047 3027 2085 :
3063 2025 3216 2087 sicut
3245 2045 3378 2087 cum
3403 2027 3644 2104 dicitur,

272 2107 359 2185 νος
391 2121 452 2178 ἐκ
481 2128 586 2178 τῶν
624 2107 803 2184 mur
838 2123 1020 2186 ἕθνῶν.
1083 2114 1140 2181 Ὀ
1197 2107 1406 2202 τρόπος.
1461 2125 1550 2180 οῦν
1606 2107 1701 2191 τῆς
1729 2107 1912 2180 ἀῦτοῦ

2004 2107 2111 2202 _¢Et
2137 2109 2302 2172 eritis
2334 2112 2480 2173 mihi
2511 2115 2761 2193 populus
2790 2112 3104 2194 peculiaris
3134 2115 3530 2177 sanctiﬁcatus
3555 2116 3641 2193 9,.

2004 2198 2114 2260 hoc
2137 2210 2225 2260 est
2256 2211 2600 2280 segregatus
2630 2222 2699 2264 ex
2729 2203 2861 2264 aliis
2907 2202 3209 2282 gentibus.
3229 2205 3440 2268 Modus
3467 2205 3649 2286 igitur

2003 2290 2363 2366 apostolatus
2387 2290 2574 2370 ipsius
2595 2290 2725 2371 fuit,
2759 2300 2822 2352 ut
2843 2301 3143 2370 separarct
3168 2311 3274 2372 per
3292 2293 3447 2368 dona
3464 2294 3647 2374 spiri-

2005 2376 2182 2436 tualia
2213 2388 2418 2456 gentes
2447 2379 2822 2454 obedientes,
2855 2396 3126 2460 aspersas
3151 2381 3422 2460 passione
3445 2393 3648 2444 etsan-

2000 2463 2177 2540 guine
2210 2465 2451 2542 Christi,
2515 2486 2633 2528 non
2688 2468 2891 2529 cinere
2914 2469 3208 2546 juvenem,
3241 2488 3375 2529 cum
3409 2470 3647 2549 purgari

268 2561 408 2618 ἀλλά
446 2570 525 2637 τῷ
553 2565 658 2620 ἀπὸ
698 2567 792 2621 τοῦ
834 2566 1028 2631 πάθους
1082 2574 1308 2646 Χριστοῦ
1380 2567 1593 2644 αἵματι,
1674 2556 1794 2643 Ᾰμα
1863 2565 1912 2623 δὲ

2003 2559 2493 2636 Oportet,sumptr
2506 2556 2818 2618 occasione
2836 2576 2870 2617 a
2886 2557 3369 2637 coinquinatione
3381 2559 3649 2620 ethnico-

269 2654 358 2707 καὶ
400 2655 840 2732 προανακρσύεται
885 2653 968 2710 διὰ
1021 2643 1385 2732 τοῦ-α’ἷματος
1427 2659 1490 2712 τὸ
1558 2655 1641 2713 διὰ
1694 2657 1912 2735 Χριστὸν

1997 2657 2182 2703 rum:
2221 2643 2326 2704 sed
2357 2646 2646 2724 sanguine
2699 2656 2943 2727 accepto
3003 2663 3036 2706 a
3081 2645 3354 2726 passione
3403 2646 3642 2713 Christi.

266 2745 375 2796 τῶν
437 2728 509 2805 εἷς
567 2728 722 2798 αὐτὸν
778 2742 1131 2802 πιστευόντων
1187 2728 1491 2824 μαρτύριον.
1542 2735 1599 2802 Ὀ
1667 2728 1768 2823 γὰρ
1797 2758 1912 2810 τοῖς

1995 2728 2398 2824 Ξὶωυίειιιιθιη
2423 2745 2482 2795 et
2505 2735 2789 2815 praeludio
2815 2735 3067 2815 quodam
3088 2736 3269 2814 tangit
3297 2737 3644 2816 martyrium

265 2837 361 2885 τοῦ
389 2827 701 2888 διδασκάλου
741 2831 796 2887 ἐν
822 2833 1033 2910 ὑπακοῇ
1101 2819 1367 2910 ἑπόμενος.
1429 2834 1632 2914 ἴχνεσι,
1683 2819 1910 2898 -πάντως

1995 2819 2300 2914 sanguinis
2333 2835 2579 2904 propter
2607 2824 2910 2886 Christum
2942 2833 3284 2914 susceptum
3315 2824 3388 2885 ab
3419 2827 3513 2885 his
3545 2828 3644 2906 qui

268 2917 462 2985 δεῆσαν
509 2918 626 2978 οῦδὲ
657 2919 813 2985 αὐτὸς
857 2920 919 2975 ἂν
987 2909 1262 3003 ἀπόχηται
1317 2925 1378 2978 τὸ
1431 2909 1565 2983 {Sim
1617 2909 1777 2998 ⁷α⁴ίμα
1832 2923 1912 2979 ἐκ·

1997 2909 2250 2969 credunt
2277 2910 2338 2970 in
2369 2911 2562 2992 ipsum
2591 2931 2604 2975 :
2635 2931 2767 2974 nam
2793 2915 2893 2993 qui
2913 2930 3020 2992 per
3047 2911 3445 2974 obedientiam
3470 2914 3648 2977 vesti-

266 3008 402 3087 χέ-αι
431 3009 562 3088 ὑπὲρ
590 3015 682 3065 τοῦ
710 3009 997 3090 ἐκχέαντος
1028 2995 1317 3071 τὸηὲαυτοῦ
1375 3013 1504 3092 ὑπὲρ
1555 3021 1647 3072 τοῦ
1703 2995 1912 3086 ⁷κόσμου

1999 2995 2093 3074 gia
2114 3000 2386 3078 sequitur
2396 3001 2940 3082 praceptorismum
2954 3001 3198 3062 omnino
3212 3019 3456 3064 necesse
3469 3003 3646 3066 fuerit

266 3097 491 3161 παντός,
529 3120 555 3151 ε
589 3089 808 3178 Πέτρος
841 3099 1134 3164 ἀπόστολος
1192 3101 1366 3168 Ἰησοῦ
1416 3089 1661 3182 Χριστοῦ.
1701 3123 1726 3159 ε
1785 3111 1912 3166 Τοῖς

2000 3102 2112 3146 nec
2145 3089 2274 3166 ipse
2295 3089 2594 3150 recusabit
2626 3090 2934 3169 proprium
2982 3089 3232 3150 fundere
3262 3090 3640 3170 sanguinem,

268 3184 332 3240 ἐκ
355 3191 652 3278 περιτομῆς
695 3176 846 3250 οὗτος
898 3188 1216 3270 ἐπιστέλλει,
1263 3193 1334 3256 ὡς
1389 3194 1418 3247 6
1466 3176 1737 3268 μακάριος
1810 3189 1912 3248 ’[ά-

1997 3191 2105 3252 pro
2137 3193 2207 3236 eo
2231 3176 2332 3256 qui
2362 3195 2530 3238 suum
2562 3197 2665 3258 pro
2711 3178 3079 3278 toto-mundo
3108 3177 3330 3278 effudit.
3375 3204 3401 3234 ε
3434 3179 3644 3278 Petrus

265 3270 467 3337 κώϐος.
500 3272 650 3330 Ἀλλ’
707 3278 912 3339 ἓκετνος
983 3278 1080 3352 μὲν
1149 3265 1405 3357 ἀορίστως
1460 3265 1588 3336 πᾶσι
1630 3265 1752 3342 τοῖς
1811 3280 1912 3335 ὑπὸ

1994 3265 2307 3342 apootolns
2335 3269 2364 3328 J
2373 3284 2478 3327 esu
2513 3266 2790 3328 Christi.»
2822 3266 2929 3357 Hic
2961 3267 3080 3326 illis
3107 3266 3317 3357 scribit
3353 3267 3452 3347 qui
3475 3278 3644 3357 erant

269 2208 583 2276 ἆπαστολῆς
640 2210 882 2291 ἀφορίσαι
969 2209 1053 2267 διὰ
1133 2213 1501 2287 πνευματικῶν
1570 2212 1920 2292 χαρισμάτων

267 2300 485 2368 ὑπήκοα
515 2297 636 2365 ἔθνη
664 2306 742 2374 τῷ
772 2307 977 2380 σταυρῷ
1031 2303 1118 2356 καὶ
1159 2307 1238 2373 τῷ
1295 2301 1444 2356 πάθει
1504 2300 1734 2380 Χριστοῦ
1789 2301 1919 2378 ῥαν-

269 2387 543 2467 τιζόμενα,
589 2387 648 2443 οῦ
732 2387 911 2463 σποδῷ
977 2387 1276 2465 δαμάλεως,
1351 2391 1578 2456 ὁπηνίκα
1657 2388 1762 2445 δέοι
1817 2393 1918 2456 τῆς

269 2475 380 2530 ἀπὸ
426 2481 524 2543 τῆς
577 2474 786 2543 ὲθνικῆς
839 2477 1144 2544 κοινάτιγτος
1215 2476 1385 2546 λαϐὴν
1456 2479 1914 2558 ἀποκαθήρασθαι,

267 3362 372 3428 τὴν
437 3362 752 3440 οἱκουμένην
817 3373 1148 3424 κατοικοῦσιν
1219 3365 1485 3430 Ἰοδδαίοις
1580 3366 1910 3438 ὁπουδήποτε

1994 3367 2066 3410 ex
2092 3352 2570 3428 circumcisione,
2597 3355 2749 3414 sicut
2775 3362 2834 3414 et
2864 3353 3074 3414 beatus
3103 3353 3376 3428 Jacobus,
3403 3356 3509 3416 sed
3541 3357 3642 3417 ille

269 3451 440 3513 οὖσιν.
471 3454 632 3516 Οὗτος
689 3450 746 3509 δὲ
803 3453 1182 3535 ἀφωρισμένως
1247 3458 1370 3523 τοῖς
1437 3457 1656 3533 κλίμασι
1713 3458 1911 3515 Πόντου

270 3538 553 3624 Γαλατίας.
635 3543 729 3617 Τὸ,
792 3543 1018 3624 Πόντου,
1093 3542 1147 3600 δὲ
1231 3547 1540 3624 προστίθησι
1626 3547 1910 3608 Γαλατίας.

273 3617 438 3684 ’Ἐστι
492 3630 594 3708 γὰρ
659 3631 750 3687 καὶ
793 3629 934 3700 ἄλλη
983 3617 1117 3690 κανᾶ
1187 3617 1414 3700 Κελτοὺς
1499 3633 1750 3708 Γαλατία,
1797 3634 1914 3702 ἥτις

267 3719 357 3773 καὶ
397 3716 560 3784 ὄντως
603 3718 858 3801 Γαλατία,
891 3718 982 3802 ἀφ’
1051 3724 1116 3790 ἧς
1160 3725 1249 3780 καὶ
1309 3725 1455 3780 οὗτοι
1515 3727 1915 3800 μετῳκίσθησαν

268 3805 510 3869 ἐνταῦθα,
543 3808 758 3871 Τούτοις
816 3809 905 3866 οὗν
974 3812 1062 3868 καὶ
1112 3825 1231 3877 τοτς
1301 3811 1513 3878 λοιποῖς
1579 3812 1742 3869 ἔθνεσι
1797 3828 1912 3878 τοθς

266 3894 596 3973 ἓγκειμένοις
625 3903 694 3974 τῇ
724 3903 1001 3978 προγραγῇ
1028 3913 1264 3956 ποιεῖται
1335 3902 1427 3957 τὸν
1495 3899 1678 3979 λόγον,
1752 3901 1911 3980 ἐγκυ-

263 3981 399 4056 κλίῳ
458 3984 624 4060 ταύτῃ
681 3987 960 4066 χρώμενος
1047 3985 1354 4066 Ἐπιστολῇ.
1428 3990 1499 4047 Τὸ
1557 3989 1700 4064 ἑξῆς,
1778 3992 1912 4067 μετὰ

262 4073 572 4150 προσθήκης
639 4079 746 4130 τῶν
799 4073 1033 4138 ἐλλιπῶς
1091 4077 1406 4154 εἰρημένων.
1467 4077 1631 4137 Τοῦτο
1673 4077 1728 4135 δὲ
1804 4102 1907 4136 σα-

260 4161 482 4240 φηνείας
539 4161 719 4241 χάριν,
805 4163 882 4219 ἑτι
938 4161 993 4219 δὲ
1049 4163 1406 4241 μεταλήψεως
1467 4167 1554 4223 καὶ
1607 4188 1674 4243 με
1687 4169 1912 4240 cmoni-

259 4270 401 4314 σεως
439 4256 548 4313 τῶν
573 4251 710 4309 κατᾶ
736 4251 837 4320 τὴν
865 4249 1000 4318 λέξιν
1025 4254 1229 4317 τόπων,

345 4515 539 4595 Πέτρος
566 4514 862 4582 ἀπόστολος
922 4515 1099 4586 Ἰησοῦ
1156 4526 1380 4600 Χριστοῦ
1434 4520 1570 4576 κατὰ
1610 4521 1907 4601 πρόγνωσιν

257 4613 401 4665 Θεοῦ
449 4607 656 4685 Πατρὸς
716 4605 1114 4684 ἀπεσταλμένος
1199 4610 1270 4676 είς
1351 4610 1413 4666 τὸ
1461 4611 1720 4690 ἀφορίζειν
1765 4615 1909 4686 αὗτῷ

258 4693 318 4749 ἐν
375 4695 660 4771 πνεύματι,
742 4697 831 4752 καὶ
898 4697 1167 4764 ὑπηκόους
1261 4698 1384 4762 τοὺς
1453 4699 1546 4754 τὸν
1626 4699 1908 4776 ῥαντισμὸν

255 4786 352 4840 τοῦ
405 4783 638 4860 αἳματος
695 4781 874 4851 Ἰησοῦ
948 4793 1174 4867 Χριστοῦ
1235 4787 1519 4866 καθάρσιον
1573 4785 1903 4864 δεξαμένους,

257 4875 389 4948 ὑμῖν
419 4886 535 4938 τοῖς
562 4870 838 4939 ἐκλεκτοῖς
907 4875 1298 4957 παρεπιδήμοις
1367 4873 1653 4956 διασπορᾶς
1711 4878 1909 4936 Πόντου

258 4960 548 5041 Γαλατίας,
581 4961 980 5040 Καππαδοκίας,
1035 4965 1216 5030 Ἀσίας
1286 4965 1374 5022 καὶ
1433 4967 1690 5047 Βιθυνίας,
1747 4969 1906 5047 χάρις

257 5051 350 5106 καὶ
382 5051 565 5128 εἰρήνη
607 5049 950 5122 πληθυνθείη.
988 5053 1290 5133 Εὒλογητὸς
1321 5057 1348 5110 6
1400 5055 1529 5117 Θεὸς
1585 5056 1672 5111 καὶ
1727 5058 1907 5137 Πατὴρ

258 5145 354 5196 τοῦ
401 5139 585 5219 Κυρίου
606 5141 760 5215 ἡμῶν
796 5141 974 5210 Ἰησοῦ
1006 5151 1253 5223 Χριστοῦ,
1312 5146 1340 5200 6
1397 5141 1480 5198 διὰ
1534 5145 1626 5199 τὸν
1680 5145 1904 5224 ἀνυπέρ-

257 5226 459 5295 ϐλητον
483 5230 641 5285 αὑτοῦ
670 5229 895 5290 πλοῦτον
937 5234 1024 5290 καὶ
1083 5233 1228 5290 ἔλεον
1281 5231 1366 5289 διὰ
1432 5236 1531 5300 τῆς
1597 5233 1656 5290 ἐκ
1713 5240 1906 5314 νεκρῶν

259 5316 600 5382 ἀναστάσεως
631 5315 808 5384 Ἰησοῦ
879 5328 1103 5400 Χριστοῦ
1175 5322 1532 5402 ἀναγεννήσας
1603 5323 1744 5398 ἡμᾶς
1787 5323 1902 5392 ἤτοι

259 5407 652 5481 μεταποιήσας,
750 5411 838 5466 καὶ
907 5411 1253 5489 μεταθέμενος
1307 5413 1380 5476 εἷς
1450 5409 1628 5468 ἂλπίδσ
1704 5419 1900 5496 ζῶσαν,

336 5584 359 5626 ¹
401 5580 520 5648 Ira.
552 5597 672 5665 ut,
707 5583 770 5650 1.
813 5582 842 5628 ³
866 5583 1022 5652 Deut
1047 5602 1167 5667 xlv,
1197 5588 1260 5652 9.

2003 3442 2241 3518 quidem
2271 3443 2579 3505 indeﬁnite
2602 3442 2878 3503 omnibus
2897 3441 3119 3504 Judzeis
3139 3442 3240 3522 qui
3256 3443 3462 3504 orbem
3481 3444 3641 3505 inha-

2000 3527 2278 3607 bitarent,
2333 3532 2672 3612 ubicunque
2723 3541 2960 3607 essent;
3016 3533 3114 3593 hic
3169 3540 3366 3592 autem
3397 3533 3642 3596 deﬁnite

1998 3617 2332 3680 climatibus
2361 3621 2524 3700 ponti
2551 3620 2811 3682 Galatiae.
2843 3619 3086 3681 Addidit
3113 3627 3306 3680 autem
3363 3622 3531 3682 Ponti
3561 3621 3636 3683 ad

1999 3704 2312 3771 Galatiam.
2342 3711 2447 3771 Est
2477 3707 2635 3770 enim
2661 3718 2718 3770 et
2745 3709 2860 3770 alia
2865 3710 3031 3788 juxta
3053 3707 3247 3770 Celtas
3266 3706 3487 3770 Galatia
3505 3727 3638 3789 qua:

1999 3795 2172 3856 etiam
2197 3815 2334 3860 vere
2360 3799 2583 3861 Galatia
2601 3807 2708 3874 est,
2737 3817 2770 3860 a
2789 3818 2904 3879 qua
2916 3807 2974 3860 et
2994 3797 3054 3858 hi
3077 3798 3640 3877 :ransmigraverant

1994 3884 2069 3946 de
2101 3886 2316 3966 quibus
2339 3907 2498 3950 nunc
2527 3889 2665 3967 agit.
2699 3887 2804 3950 His
2826 3906 2962 3966 ergo
2994 3887 3341 3967 caaterisque
3359 3889 3636 3966 gent-ibus

1993 3991 2129 4054 que
2155 3975 2218 4036 in
2249 3977 2692 4059 praescriptione
2721 3984 3026 4058 ponuntur
3047 3994 3386 4038 sermonem
3411 3977 3630 4056 dirigit,

1994 4062 2311 4125 universali
2341 4065 2464 4127 sive
2493 4065 2756 4143 generali
2786 4065 2896 4128 hac
2916 4083 3060 4128 usus
3098 4063 3377 4145 Epistola.
3395 4065 3633 4128 Litterae

1990 4153 2494 4235 emonerieslhaac
2514 4163 2628 4236 est,
2659 4174 2792 4218 cum
2813 4155 3118 4218 additione
3139 4173 3346 4218 eorum
3367 4173 3499 4236 qua:
3522 4169 3630 4238 per

1986 4241 2282 4304 defectum
2313 4244 2472 4308 dicta
2523 4253 2665 4308 sunt
2715 4244 3207 4307 manifestationis
3249 4247 3456 4324 gratia,
3485 4245 3629 4305 435

1927 4356 1968 4406 ο
1987 4339 2302 4412 propterea
2331 4334 2506 4395 etiam
2538 4353 2671 4396 cum
2705 4333 3206 4414 transsumptione
3221 4351 3290 4394 ac
3307 4334 3630 4396 mutatione

1989 4419 2308 4497 ﬁgurarum
2339 4422 2429 4503 ad.
2442 4421 2709 4487 verbum.

2071 4505 2280 4571 Petrus
2297 4511 2602 4591 apostolus
2621 4514 2759 4575 Jesu
2785 4509 3003 4574 Christi
3013 4510 3178 4590 juxta
3199 4511 3630 4592 prtescientiam

1988 4593 2099 4657 Dei
2121 4599 2553 4676 Patris,missus
2599 4601 2670 4664 ad
2694 4600 3124 4680 segregandam
3167 4599 3279 4682 ipsi
3301 4600 3362 4660 in
3392 4599 3629 4680 spiritu,

1989 4694 2049 4748 et
2073 4685 2425 4752 obedientes
2441 4689 2770 4753 faciendum
2795 4707 2899 4750 eos
2915 4687 3014 4769 qui
3029 4708 3096 4749 ex
3105 4687 3414 4769 pistricem
3433 4706 3632 4750 susce-

1989 4787 2207 4855 perunt
2236 4779 2645 4860 aspersionem
2677 4778 2982 4858 sanguinis
3018 4779 3159 4842 Jesu
3199 4777 3442 4854 Christi,
3469 4776 3634 4840 vobis

1991 4865 2196 4928 electis
2208 4867 2452 4930 advenis
2463 4870 2715 4950 sparsim
2739 4865 3629 4948 incolentibusPontiGalatiam,

1989 4956 2443 5037 Cappadociam,
2468 4959 2694 5033 Asiam,
2727 4978 2796 5021 ac
2842 4959 3196 5040 Bithyniam,
3229 4957 3412 5036 gratia
3443 4965 3501 5019 et
3521 4974 3633 5038 pax

1993 5045 2443 5126 multiplicetur.
2501 5048 2860 5110 Benedictus
2908 5051 3060 5110 Deus
3109 5056 3169 5108 et
3198 5045 3368 5106 Pater
3395 5045 3635 5107 Domini

1991 5135 2176 5197 nostri
2196 5134 2337 5198 Jesu
2362 5137 2575 5200 Christi
2599 5137 2699 5218 qui
2723 5135 3259 5219 perincredibilem
3281 5153 3449 5196 suam
3480 5154 3633 5217 opu-

1989 5226 2232 5287 lentiam
2263 5234 2323 5291 et
2343 5227 2814 5289 misericordiam
2837 5245 2947 5308 per
2965 5223 3470 5288 resurrectionem
3495 5227 3632 5288 Jesu

1987 5315 2202 5380 Christi
2234 5336 2305 5378 ex
2334 5317 2581 5380 mortuis
2606 5317 2978 5397 regeneravit
3004 5313 3634 5397 nos,sive‘,transmuta-

1988 5408 2066 5470 vit
2094 5414 2152 5468 et
2183 5406 2540 5489 transposuit
2569 5407 2631 5469 in
2656 5425 2824 5488 spem
2870 5405 3056 5469 vivam
3108 5406 3170 5466 in
3229 5403 3633 5466 hereditatem
