4180 6212
561 291 679 357 515
1685 279 2097 346 (ECUMENII
2139 275 2437 340 TRICCE
2471 269 2805 337 EPISCOPI
3817 261 3928 328 516

565 423 960 487 immortalem
985 431 1042 484 et
1063 415 1646 483 incontaminabilem
1672 422 1730 476 et
1750 413 2206 508 iminarcessibi-

2293 415 2363 478 εἰς
2432 409 2786 492 κληρονομίαν
2841 409 3098 489 ἀφθαρτον
3169 409 3255 464 καὶ
3328 407 3578 483 ἀμίαντον
3633 406 3723 462 καὶ
3786 405 3927 480 ἀμά-

562 514 702 576 lem.
738 514 1089 594 respositam
1122 511 1212 571 his
1242 507 1343 589 qui
1375 505 1636 587 potentia
1664 503 2076 594 custodiuntur
2099 523 2204 585 per

2288 523 2484 581 ραντον,
2522 499 2878 574 ἀποκειμένην
2960 511 3079 562 τοῖς
3136 495 3191 552 ἐν
3259 494 3472 571 δυνάμει
3525 494 3922 576 φρουρουμένοις

568 603 744 666 ﬁdem
787 621 800 665 :
835 593 964 682 qua;
990 599 1136 662 ﬁdes
1159 596 1442 678 patefacta
1471 601 1558 656 est
1586 593 1756 654 nobis
1783 593 1855 654 ad
1875 593 2124 654 salutem
2144 594 2200 654 in

561 699 825 771 tempore
849 690 958 750 hoc
990 696 1277 759 extremo,
1313 685 1372 746 in
1426 702 1542 764 quo
1576 690 1845 762 tempore
1899 683 2198 762 paululum

559 777 1066 860 (quandoquidem
1101 775 1297 836 brevis
1321 792 1389 834 ac
1413 771 1643 833 modica
1673 781 1761 832 est
1778 789 2038 851 praesens
2061 771 2203 848 vita)

560 868 736 930 modo
759 882 1022 928 maerore
1043 862 1235 926 affecti
1255 862 1459 934 (etiam
1479 860 1527 921 si
1550 868 1814 940 oporteat
1830 878 1930 920 vos
1950 877 2204 922 maerore

556 956 708 1017 al‘ﬁci
734 965 978 1034 propter
991 953 1179 1014 varias
1201 949 1554 1012 alﬂictiones
1567 965 1635 1010 ac
1660 948 2200 1028 tentationes)exul-

560 1043 837 1117 tatis,hoc
867 1041 1123 1104 scientes
1155 1040 1311 1121 quod
1344 1037 1828 1119 exploramini,ut
1857 1036 2204 1117 comproba-

556 1133 636 1193 tio
660 1131 795 1194 ﬁdei
819 1139 1024 1192 νοείτω
1046 1131 1218 1209 longe
1250 1127 1563 1209 pretiosior
1593 1145 1736 1188 auro
1767 1126 1924 1207 quod
1959 1127 2114 1206 perit
2146 1135 2203 1188 et

559 1220 841 1302 probatur
869 1238 978 1300 per
1003 1216 1569 1299 igneiu,reperiatur
1589 1215 1648 1275 in
1671 1215 1905 1276 laudem
1929 1225 1986 1277 et
2007 1216 2197 1277 hono-

560 1329 688 1372 rem
721 1317 779 1371 et
808 1308 1052 1387 gloriam
1087 1305 1286 1376 vestri,
1314 1314 1452 1366 tunc
1483 1323 1618 1366 cum
1645 1303 2204 1368 revelabiturJesus

563 1398 1046 1476 Christus,quem
1065 1397 1262 1458 lesum
1287 1393 1609 1465 Christum,
1635 1411 1769 1456 cum
1795 1402 1964 1455 antea
1985 1413 2200 1473 corpo-

2281 591 2365 649 δια
2407 594 2656 656 πίστεως,
2685 581 2849 654 “Hm
2919 590 3091 653 πίστις
3139 590 3212 653 εἰς
3270 588 3533 668 σωτηρίαν
3587 584 3924 665 ἀπεκαλύφθη

2280 685 2416 758 ἡμῖν
2447 682 2500 738 ἐν
2529 688 2606 756 τῷ
2637 680 2854 760 ἐσχάτῳ
2881 679 3052 753 τούτῳ
3081 684 3270 755 καιρῷ.
3312 674 3400 734 Ἐν
3434 679 3480 750 ᾧ
3507 681 3696 754 καιρῷ,
3743 674 3925 753 μικρὸν

2285 769 2396 848 ἄρτι
2428 772 2568 851 (ἐπεὶ
2611 772 2798 849 μικρὸς
2861 770 2948 824 καὶ
3016 766 3193 846 ὀλίγος
3249 769 3277 822 ὁ
3328 767 3508 844 παρὼν
3550 765 3706 851 βίος,)
3750 761 3927 851 λυπη-

2281 849 2454 923 θέντες
2529 857 2670 938 (εἴγε
2713 859 2801 913 καὶ
2852 855 2965 912 δέον
3023 857 3157 930 ὁμᾶς
3201 853 3505 922 λυπηθῆναι
3552 850 3636 908 διὰ
3677 849 3926 909 ποικιλων

2283 949 2641 1028 πειρασμῶν,)
2709 944 3050 1024 ἀγαλλιᾶσθε,
3099 953 3254 1004 τοῦτο
3327 941 3544 1022 εἰδότες,
3610 939 3690 998 ὅτι
3735 940 3926 1028 πειρά-

2283 1027 2451 1111 ζεσθε,
2482 1034 2574 1092 ’ίνα
2603 1038 2664 1091 τὸ
2707 1032 2942 1110 δοκίμιον
3009 1038 3108 1100 τῆς
3165 1034 3392 1093 πίστεως
3449 1032 3595 1106 ὐμῶν
3665 1027 3799 1086 πολύ
3841 1049 3925 1084 τι-

2285 1127 2538 1204 μιώτερον
2623 1133 2714 1182 τοῦ
2754 1121 3117 1198 ἀπολλυμένου
3194 1123 3434 1201 χρυσίου,
3496 1118 3581 1175 διὰ
3644 1119 3809 1197 πυρὸς
3876 1114 3928 1172 δὲ

2283 1213 2721 1290 δοκιμαζομένου,
2779 1213 2962 1292 εὐρεθῇ
3029 1212 3101 1274 είς
3159 1210 3373 1268 ’έπαινον
3441 1211 3530 1265 καὶ
3598 1207 3760 1284 τιμὴν
3842 1207 3928 1263 καὶ

2285 1303 2433 1368 δόξαν
2460 1304 2606 1377 ὐμῶν
2659 1300 2805 1374 τότε,
2866 1298 2954 1356 ὅτε
3000 1299 3426 1356 ἀποκαλύπτεται
3473 1297 3680 1364 ἰησοῦς
3721 1299 3750 1352 ὸ
3794 1302 3927 1373 Χρι-

2288 1393 2426 1457 στός.
2465 1382 2572 1449 "Ov
2616 1388 2822 1458 Ἰησοῦν
2856 1391 3078 1469 Χριστὸν
3122 1387 3235 1468 ἄρτι
3297 1393 3615 1463 σωματικῶς
3685 1386 3764 1462 μὴ
3823 1386 3923 1440 ἔω·

558 1486 763 1548 raliler
785 1474 903 1546 non
928 1482 1471 1562 videritis,diligitis
1503 1503 1515 1542 :
1538 1482 1600 1542 in
1631 1482 1790 1543 hunc
1818 1491 2013 1543 autem
2038 1481 2205 1544 vobis

2288 1481 2526 1561 ρακότες,
2557 1479 2820 1559 ἀγαπᾶτε.
2883 1480 2969 1540 Εἰς
3033 1487 3214 1536 τοῦτον
3284 1475 3338 1533 δὲ
3393 1478 3484 1532 τὸν
3527 1478 3604 1553 μὴ
3663 1474 3929 1554 ὁρώμενον

559 1593 678 1636 non
708 1574 896 1637 visum
929 1573 1268 1644 credentes,
1299 1561 1601 1634 eisultatis
1656 1570 1868 1649 gaudio
1899 1569 2199 1644 ineffabili,

2288 1572 2411 1646 ὑμῖν
2504 1568 2836 1631 πιστεύοντες
2933 1564 3250 1644 ἀγαλλιᾶσθε
3334 1571 3472 1646 χερᾶ
3555 1561 3924 1636 ἀνεκλαλήτῳ,

557 1668 932 1742 reportantes
963 1661 1140 1722 ﬁnem
1174 1669 1404 1732 vestrae,
1439 1669 1498 1721 et
1542 1658 1675 1739 quis
1703 1658 1805 1720 ille
1863 1658 1999 1720 est?
2034 1657 2204 1721 Salus

2288 1658 2624 1734 κομιζόμενοι
2693 1657 2756 1712 τὸ
2807 1654 2957 1720 τέλος
3027 1656 3123 1724 τῆς
3191 1655 3416 1718 πίστεως
3472 1655 3645 1742 ὑμῶν.
3708 1653 3819 1742 Καὶ,
3879 1658 3927 1742 τί

557 1734 800 1811 animae:
820 1749 893 1810 de
925 1768 1039 1830 qua
1068 1748 1256 1810 salute
1279 1747 1454 1808 etiam
1490 1734 1792 1829 propheta:
1811 1748 2205 1810 scrutatisunt

2288 1757 2438 1804 τουτο
2471 1764 2488 1826 ;
2520 1746 2765 1824 Σωτηρία
2835 1747 3041 1823 ψυχῆς.
3105 1743 3229 1820 Περὶ
3282 1745 3351 1808 ἧς
3420 1741 3684 1830 σωτηρίας
3718 1740 3830 1830 ⁸καὶ
3883 1739 3929 1794 οἱ

560 1847 619 1900 et
654 1827 1080 1918 exquisierunt,
1123 1862 1150 1892 α
1186 1837 1401 1932 Electis
1432 1827 1695 1932 advenis:
1729 1862 1755 1891 »
1793 1836 2071 1932 Advenis,
2105 1843 2205 1898 aut

2288 1839 2550 1915 προφῆται
2605 1833 2901 1912 ἧρεύνησαν
2985 1833 3074 1888 καὶ
3169 1831 3454 1902 ἐζήτησαν.
3507 1851 3550 1932 νε
3619 1827 3931 1932 Ἐκκλεκτορς

555 1916 798 2009 propter
826 1927 1259 2008 dispersionem
1282 1926 1452 2001 dixit,
1495 1925 1793 2024 autetiam
1825 1927 1964 2024 quia
1998 1916 2206 1988 omnes

2288 1921 2706 2002 παρεπιδήμοις.
2757 1945 2784 1977 ››
2857 1921 2949 1996 Τὸ,
3023 1918 3442 1999 Παρεπιδήμοις,
3502 1916 3622 1980 ἤτοι
3693 1916 3778 1977 διὰ
3833 1916 3932 1980 τὴν

562 2007 1014 2098 ιιυίίεεευηάιιιη
1045 2017 1228 2078 Deum
1263 2016 1457 2076 vivunt
1487 2015 1729 2077 advenae
1761 2025 1897 2076 sunt
1932 2015 1993 2076 in
2025 2022 2204 2095 terra,

2289 2011 2575 2090 διασπορὰν
2657 2011 2836 2082 εἶπεν,
2867 2009 2903 2076 ἢ
2961 2009 3050 2065 καὶ
3117 2007 3199 2064 ὅτι
3242 2009 3434 2071 πάντες
3495 2007 3541 2063 οἱ
3609 2007 3746 2062 κατά
3805 2007 3934 2060 Θεὸν

561 2095 1059 2187 quemadmodum
1078 2103 1254 2166 etiam
1271 2104 1414 2165 dicit
1433 2103 1634 2166 David:
1650 2104 1928 2166 «Advena
1950 2122 2057 2182 ego
2071 2122 2202 2166 sum

2289 2108 2478 2172 ζῶντες
2510 2097 2863 2178 παρεπίδημοι
2916 2097 3160 2176 λέγονται
3225 2101 3324 2163 τῆς
3375 2095 3507 2174 γῆς,
3561 2096 3634 2158 ὡς
3691 2095 3780 2151 καὶ
3815 2102 3928 2149 Δα-

561 2183 712 2276 apud
741 2201 800 2256 te
832 2202 890 2256 et
920 2193 1267 2274 peregrinus
1293 2193 1445 2255 sicut
1479 2213 1685 2288 omnes
1720 2203 1914 2288 patres
1937 2194 2052 2288 mei
2077 2194 2132 2256 3.
2172 2218 2198 2248 υ

2288 2188 2364 2246 υίδ
2389 2211 2570 2270 φησιν,
2612 2185 2693 2244 ὅτι
2759 2211 2783 2242 ιι
2819 2187 3077 2266 Πάροικος
3129 2185 3237 2264 ἐγὼ
3303 2185 3444 2264 παρὰ
3498 2185 3581 2241 σοὶ
3623 2183 3712 2238 καὶ
3753 2203 3929 2260 παρε-

560 2271 864 2364 Signiﬁcat
920 2271 1114 2344 autem
1161 2301 1378 2344 nomen
1433 2271 1793 2362 παρεπίδημος
1837 2282 1994 2344 aliud
2028 2301 2201 2364 quam

2288 2277 2535 2354 πίδημος,
2589 2277 2723 2334 καθὰ
2778 2277 2969 2338 πάντες
3039 2277 3086 2332 οἱ
3141 2274 3366 2354 πατέρες
3426 2295 3548 2350 μου.
3589 2293 3614 2330 ν
3671 2271 3930 2346 Σημαίνει

559 2363 907 2453 προσὴλυτος.
945 2371 1006 2434 Id
1039 2371 1199 2433 enim
1231 2369 1520 2448 signiﬁcat
1544 2391 1678 2432 eum
1703 2372 1799 2450 qui
1821 2363 2062 2434 aliunde
2083 2373 2206 2434 sive

2288 2368 2340 2425 δῖ
2382 2371 2442 2425 τὸ
2472 2369 2638 2444 ὄνομα
2695 2370 2755 2425 οὐ
2797 2367 2988 2423 ταύτὸν
3042 2373 3118 2442 τῷ
3195 2364 3514 2446 προσηλύτῳ
3580 2371 3761 2440 (τοῦτο
3833 2363 3932 2442 γὰρ

562 2451 809 2541 peregre
838 2458 1096 2540 advenit,
1129 2459 1240 2520 hoc
1271 2471 1468 2521 autem
1517 2459 1879 2539 πιρεπίδημος
1932 2461 2063 2540 plus
2093 2459 2204 2522 ali-

2288 2461 2375 2514 τὸν
2445 2457 2743 2536 ἀλλαχὸθεν
2798 2455 3013 2513 ἐλθόντα
3061 2457 3368 2533 σημαίνει,
3455 2453 3574 2522 ἤτοι
3661 2451 3940 2553 ἐπιδημή-

559 2547 704 2629 quid
730 2555 788 2608 et
815 2547 1126 2626 abjectius.
1151 2545 1664 2618 Quemadmodum
1711 2547 1869 2610 enim
1919 2551 2202 2630 πάρεργον,

2288 2547 2497 2625 σαντα),
2559 2545 2694 2602 ἀλλά
2765 2544 2927 2603 πλέον
2984 2567 3034 2600 τι
3081 2547 3168 2601 καὶ
3262 2542 3644 2622 εὐτελέστερον·
3714 2542 3934 2620 "amp

559 2636 620 2697 id
651 2636 914 2717 estquod
947 2635 1160 2709 obiter,
1195 2635 1366 2697 vilius
1422 2645 1510 2697 est
1568 2655 1740 2717 quam
1791 2637 1965 2716 ἔργον,
2025 2637 2085 2699 id
2121 2646 2206 2699 est

2291 2637 2389 2715 γὰρ
2418 2645 2510 2694 τοῦ
2563 2635 2716 2714 ἔργου
2782 2637 2845 2692 τὸ
2913 2635 3175 2714 πάρεργον
3258 2631 3614 2711 εὐτελέστερον
3681 2632 3767 2687 καὶ
3837 2634 3936 2699 τῆς

562 2743 734 2805 ορυε,
769 2733 828 2785 et
855 2723 1102 2802 πάροδος,
1145 2724 1202 2786 id
1231 2731 1320 2786 est
1349 2724 1652 2795 transitus,
1687 2725 1884 2787 minus
1915 2735 2002 2788 est
2029 2744 2206 2808 quam

2292 2722 2410 2783 ὀδοῦ
2464 2727 2500 2793 ἡ
2542 2721 2788 2802 πάροδος,
2853 2722 3026 2802 (ἔργον
3111 2723 3208 2798 μὲν
3277 2723 3378 2800 γὰρ
3447 2722 3534 2778 καὶ
3607 2717 3749 2801 ὁδὸς,
3798 2720 3932 2808 αὐτά

561 2813 702 2894 ὁδός,
727 2813 784 2874 id
821 2821 908 2875 est
943 2813 1026 2873 via
1056 2831 1069 2876 :
1091 2811 1395 2894 Siquidem
1421 2832 1570 2892 opus
1595 2822 1654 2876 et
1675 2814 1766 2876 via
1785 2823 1919 2877 sunt
1945 2805 2204 2896 propria,

2291 2815 2356 2870 τὰ
2384 2815 2534 2893 κύρια
2592 2815 2681 2870 καὶ
2751 2815 3062 2877 αὐθεντικῶς
3133 2812 3491 2892 πραττόμενα,
3551 2811 3812 2889 πάρεργον
3881 2805 3936 2864 δὲ

562 2910 621 2964 et
641 2920 773 2981 qua;
789 2902 983 2964 studio
1013 2911 1284 2981 aguntur.
1297 2903 1574 2963 transitus
1598 2913 1794 2965 autem
1817 2913 1877 2966 et
1893 2906 2050 2986 quod
2074 2905 2206 2966 obi-

2291 2906 2377 2959 καὶ
2459 2899 2710 2982 πάροδος,
2781 2903 2848 2959 τὰ
2943 2903 3145 2965 τούτοις
3215 2902 3370 2958 οἱονεὶ
3439 2897 3927 2979 παρυφιστάμενα,)

560 2989 946 3065 terﬁt,veluti
971 3009 1102 3071 quae
1125 2989 1220 3052 his
1240 3007 1370 3052 sese
1391 2991 1670 3070 ingerunt
1697 2990 1781 3054 Ita
1803 3001 1862 3055 et
1895 2993 2035 3053 484
2063 3017 2204 3074 παρ-

2290 2992 2426 3049 οὕτω
2451 2993 2539 3049 καὶ
2566 2998 2643 3066 τῷ
2671 2990 2916 3067 ὲπιδήμῳ
2955 2994 3018 3047 τὸ
3059 2989 3412 3071 περεπίδημος
3470 2992 3542 3054 ὡς
3585 2988 3933 3068 παρυπόστα-

562 3078 842 3156 επίδῃμος,
927 3087 1207 3160 tanquam
1265 3078 1664 3141 subsistentia:
1719 3100 1850 3144 sese
1902 3082 2202 3161 ingerens,

561 3167 852 3248 abjectius
868 3167 1108 3249 quidem
1127 3168 1462 3248 signiﬁcare
1478 3168 1711 3232 videtur
1732 3189 1906 3250 quam
1928 3171 2204 3248 ἕπίδημος,

573 3254 804 3318 «Gratia
829 3256 995 3318 vobis
1045 3267 1103 3320 et
1150 3276 1258 3338 pax
1319 3258 1803 3338 multiplicetur.»
1866 3258 2086 3334 Gratia,
2141 3279 2211 3323 eo

563 3347 719 3427 quod
752 3349 935 3425 gratis
955 3346 1426 3422 salvemini,cum
1455 3346 1693 3409 nihilad
1728 3347 1788 3409 id
1818 3348 2210 3415 contuleritis.

570 3433 679 3494 «Et
708 3450 837 3512 pax:
853 3457 875 3490 ο
900 3433 1008 3495 hac
1027 3433 1183 3495 enim
1209 3452 1358 3514 opus
1378 3446 1468 3497 est
1490 3434 1563 3496 iis
1584 3435 1685 3516 qui
1702 3453 1873 3498 suum
1898 3435 2211 3500 Dominum

564 3521 967 3603 offenderunt,
1001 3530 1060 3584 et
1090 3521 1316 3583 inimici
1344 3521 1534 3602 ipsius
1560 3523 1863 3586 constituti
1891 3534 2049 3587 sunt.

638 3607 688 3689 l,
723 3607 780 3672 3.
815 3609 1179 3673 Benedictus
1205 3613 1286 3674 sit
1315 3611 1474 3674 Deus
1515 3621 1568 3675 et
1600 3612 1786 3676 Pater
1815 3613 2063 3677 Domini
2091 3632 2207 3676 no-

556 3703 675 3760 stri
701 3697 845 3760 Jesu
881 3699 1136 3773 Christi,
1166 3705 1273 3779 qui
1300 3701 1486 3779 juxta
1529 3702 1829 3781 copiosam
1860 3707 2209 3766 misericor-

559 3786 726 3848 diam
755 3804 930 3849 suam
977 3792 1365 3867 regeneram't
1395 3807 1507 3852 nos
1549 3791 1613 3851 in
1642 3808 1806 3870 spem
1836 3791 2056 3868 vivam,
2097 3809 2212 3872 per

559 3877 1061 3938 resurrectio-nem
1086 3877 1232 3939 Jesu
1263 3876 1492 3940 Christi
1519 3896 1597 3940 ex
1624 3881 1902 3941 mortuis.

640 3962 952 4024 Benedicit
983 3963 1190 4046 Deum,
1224 3965 1377 4026 hanc
1420 3965 1532 4047 ipsi
1563 3966 1881 4046 gratiarum
1911 3968 2208 4030 actionem

564 4052 836 4113 referens
853 4051 930 4114 ob
951 4051 1107 4114 bona
1124 4072 1255 4134 quae
1287 4054 1512 4117 tribuit.
1548 4055 1689 4127 Quae
1713 4065 1852 4118 sunt
1881 4064 2078 4118 autem
2111 4057 2212 4119 illa

564 4159 697 4220 quae
713 4140 846 4201 data
859 4149 996 4202 sunt
1017 4139 1046 4200 ‘?
1067 4139 1239 4222 Spes,
1262 4161 1380 4204 non
1403 4142 1554 4204 sicut
1575 4143 1866 4223 promissa
1886 4163 1991 4226 per
2010 4144 2211 4208 Mosen

567 4227 848 4316 habitatio
879 4228 941 4289 in
972 4237 1132 4291 terra
1159 4231 1650 4314 Chananaaa,quse
1679 4250 1818 4314 spes
1846 4240 2048 4314 utpote
2077 4252 2206 4296 σοι-η

2293 4237 2411 4310 ναίᾳ
2541 4239 2780 4295 κατοικία

2295 3103 2376 3147 σις
2426 3083 2608 3160 ὁρᾶται
2691 3080 3050 3160 εὐτελέστερον
3119 3081 3412 3156 σημαίνων.
3453 3101 3477 3138 ι
3555 3077 3716 3157 Χάρις
3796 3075 3933 3152 ὑμῖν

2296 3172 2384 3227 καὶ
2414 3171 2596 3248 εἰρήνη
2651 3168 2992 3237 πληθυνθείη,
3029 3193 3053 3225 ιι
3127 3171 3286 3249 Χάρις
3329 3167 3414 3224 διὰ
3468 3189 3528 3224 το
3597 3179 3797 3244 προῖκα
3845 3169 3933 3222 καὶ

2297 3257 2462 3335 μηδὲν
2494 3261 2882 3337 εἰσενεγκόντας
2924 3261 3066 3335 ἡμᾶς
3095 3261 3371 3330 σώζεσθαι.
3437 3277 3461 3313 ι
3497 3258 3595 3315 Καὶ
3643 3257 3852 3334 εἰρήνη.
3898 3274 3927 3314 ι

2297 3348 2502 3416 Ταύτης
2562 3349 2661 3426 γὰρ
2717 3349 2872 3426 χρεία
2911 3361 3028 3410 τοῖς
3083 3346 3529 3427 προσκεκρουκόσι
3599 3352 3676 3420 τῷ
3733 3345 3932 3404 ἑαυτῶν

2297 3437 2564 3513 Δεσπότη,
2595 3438 2680 3492 καὶ
2708 3439 2778 3500 είς
2811 3435 3094 3512 πολεμίους
3136 3438 3292 3493 αὐτοῦ
3320 3435 3680 3514 τεταγμένοις.

2373 3524 2672 3605 Εὐλογητὸς
2702 3523 2737 3581 δ’
2787 3527 2914 3591 Θεὸς
2969 3527 3057 3582 καὶ
3140 3527 3319 3604 Πατήρ
3374 3534 3466 3583 τοῦ
3538 3526 3720 3601 Κυρίου
3774 3525 3933 3601 ἡμῶν

2292 3611 2468 3682 ἰησού
2524 3622 2769 3694 Χριστοῦ,
2847 3617 2876 3670 ὁ
2932 3615 3067 3670 κατά
3155 3616 3214 3670 τὸ
3296 3612 3430 3671 πολύ
3526 3615 3682 3670 αὐτοῦ
3781 3613 3931 3677 ἔλεος

2291 3703 2647 3781 ἀναγεννήσας
2679 3706 2823 3780 ἡμᾶς
2867 3705 2939 3769 εἷς
2973 3701 3155 3760 ἐλπίδα
3185 3710 3386 3778 ζῶσαν,
3444 3700 3510 3759 δι’
3579 3703 3934 3766 ἀναστάσεως

2294 3791 2474 3860 ἰησού
2505 3800 2728 3871 Χριστου
2757 3792 2817 3849 ἐκ
2844 3798 3063 3871 νεκρῶν.

2371 3968 2598 4049 Εὐλογετ
2624 3972 2713 4028 τὸν
2789 3971 2919 4026 Θεὸν
2961 3971 3155 4036 ταύτην
3213 3971 3354 4045 αὐτῷ
3407 3977 3512 4027 τῶν
3562 3970 3771 4050 ἀγαθῶν
3855 3971 3930 4026 ὤν

2291 4056 2496 4116 δίδωσιν
2550 4060 2886 4139 εὐχαριστίαν
2968 4057 3226 4123 ἀντιδούς.
3319 4059 3442 4117 Τίνα
3498 4057 3553 4115 δὲ
3612 4061 3680 4116 τὰ
3735 4057 3929 4138 δωρού-

2291 4169 2426 4224 μενα
2458 4167 2477 4228 ;
2509 4146 2714 4224 Ἐλπὶς,
2748 4150 2850 4228 οὐχ
2893 4147 2984 4204 οἶα
3011 4150 3046 4216 ἡ
3081 4146 3164 4203 διὰ
3193 4148 3426 4212 Μωσέως
3483 4148 3534 4205 ἔν
3605 4155 3674 4225 τῇ
3743 4155 3930 4205 Χανα-

2786 4285 2802 4318 ,
2852 4236 2971 4304 ἥτις
3037 4239 3205 4306 θνητὴ
3273 4241 3487 4306 θνητοῖς
3543 4235 3929 4316 ἐπαγγέλλεται

559 4315 880 4406 ruptibilis,
912 4318 1401 4399 corruptibilibus
1431 4321 1720 4402 promittit
1744 4321 2152 4403 corruptibilia
2188 4345 2200 4382 :

2288 4315 2477 4399 θνητα,
2510 4325 2646 4382 ἀλλά
2673 4315 2839 4398 ζῶσα.
2874 4329 2970 4385 Καὶ
2999 4330 3156 4384 πόθεν
3211 4330 3275 4384 τὸ
3339 4333 3434 4404 ζῇν
3492 4315 3744 4406 ἔχουσα,
3793 4324 3929 4383 Ἀπὸ

562 4406 665 4466 sed
695 4405 842 4466 viva.
869 4406 938 4468 Et
965 4407 1123 4469 unde
1156 4408 1329 4469 vitam
1357 4417 1529 4472 nacta
1558 4409 1700 4472 est?
1729 4411 1776 4471 A
1796 4409 1940 4474 Jesu
1972 4411 2205 4474 Christo

560 4497 660 4574 qui
691 4497 1014 4558 resurrexit
1029 4514 1098 4558 ex
1114 4496 1503 4559 mortuis.Per
1527 4497 1637 4560 hoc
1659 4497 1816 4560 enim
1832 4498 1992 4578 quod
2003 4517 2207 4561 resur-

559 4582 1016 4658 rexit,eamdem
1034 4585 1756 4650 tribuitresurrectionem
1773 4588 1960 4651 etillis
1976 4590 2078 4670 qui
2101 4607 2208 4670 per

557 4673 739 4736 ﬁdem
775 4673 836 4735 in
867 4673 1058 4754 ipsum
1092 4675 1384 4738 accedunt
1409 4677 1481 4738 ad
1514 4696 1672 4739 eum.
1699 4679 1849 4758 Spes
1876 4677 2058 4757 igitur
2080 4677 2208 4739 viva

557 4779 692 4842 quas
719 4762 1007 4836 datur,est
1039 4763 1352 4827 haereditas
1383 4765 1848 4846 incorruptibilis
1871 4765 2209 4846 etinconta-

560 4850 1010 4932 minabilis,non
1034 4851 1092 4912 in
1111 4860 1268 4914 terra
1285 4852 2076 4935 reposita,quemadmodum
2101 4871 2208 4934 pa-

558 4938 883 5021 tribus,sed
915 4940 973 5000 in
999 4941 1356 5013 caalis,unde
1380 4942 1553 5004 etiam
1569 4943 2020 5023 perpetuitatem
2039 4951 2211 5004 nacta

560 5036 672 5103 est,
697 5028 852 5110 quod
888 5030 1062 5091 etiam
1095 5031 1291 5110 majus
1317 5041 1406 5094 est
1433 5051 1608 5113 quam
1634 5032 1944 5094 baereditas
1961 5049 2093 5113 qua:
2121 5041 2210 5095 est

554 5116 618 5178 in
645 5127 802 5180 terra
855 5117 928 5179 Et
959 5128 1277 5201 propterea
1306 5121 1677 5184 conservatio
1701 5129 1758 5184 et
1781 5121 2051 5184 custodia
2071 5140 2208 5184 cre-

554 5206 823 5268 dentium
859 5227 874 5269 :
909 5209 1147 5288 quando
1176 5208 1418 5290 quidem
1451 5211 1629 5272 etiam
1649 5211 1762 5274 hoc
1793 5211 1996 5273 orabat
2015 5209 2212 5272 Domi-

554 5313 666 5358 nus
697 5295 906 5358 dicens
935 5314 949 5360 :
990 5321 1017 5353 α
1048 5295 1230 5361 Serva
1260 5317 1387 5380 eos,
1421 5301 1593 5363 Pater
1618 5308 1822 5363 sancte
1849 5301 1903 5364 ι.
1941 5323 1963 5359 ιι
2005 5298 2118 5362 Sed
2149 5308 2208 5362 et

553 5383 921 5466 potentia.Et
949 5405 1080 5467 quae
1108 5394 1200 5450 est
1220 5387 1500 5468 patientta
1515 5389 1546 5452 ?
1563 5388 1704 5463 Quas
1733 5391 1909 5453 duret
1925 5407 2113 5472 usque
2131 5389 2204 5452 ad

627 5561 660 5615 5
701 5561 860 5626 Psal.
892 5578 1138 5644 xxxvnt,
1177 5569 1274 5632 13.
1317 5567 1548 5634 Hom.
1588 5583 1731 5648 xvn,
1766 5571 1863 5633 tt.

2287 4423 2378 4472 τοῦ
2405 4415 2464 4471 ἐκ
2533 4421 2729 4494 νεκρῶν
2784 4415 3104 4479 ἀναστάντος
3165 4413 3338 4484 ἰηοοῦ
3392 4423 3640 4496 Χριστοῦ.
3696 4415 3788 4473 Ἐν
3845 4419 3933 4480 οἷς

2289 4505 2388 4583 γὰρ
2421 4504 2640 4585 ἀνέστη,
2701 4509 2796 4570 τῆς
2852 4508 3013 4574 αὐτῆς
3069 4504 3282 4573 ὴξιώσεί
3339 4506 3426 4562 καὶ
3481 4506 3602 4569 τούς
3654 4502 3738 4561 διὰ
3794 4505 3928 4561 πίσε-

2285 4613 2419 4654 τεως
2477 4597 2570 4668 τῇς
2625 4594 2696 4658 εἰς
2752 4593 2905 4650 αὐτὸν
2979 4593 3292 4672 προσιόντας
3375 4597 3539 4668 αὐτῷ.
3596 4591 3783 4656 Ἐλπὶς
3839 4591 3929 4648 οὐδ

2286 4686 2428 4750 ζῶσα
2497 4683 2559 4737 τὸ
2597 4679 2886 4758 διδόμενον,
2944 4680 3270 4761 κληρονομίά
3342 4682 3601 4762 ἄφθαρτος
3667 4683 3755 4738 καὶ
3798 4681 3930 4756 ἀμί-

2289 4791 2467 4843 αντος,
2498 4771 2587 4827 οὐγ
2649 4769 2702 4825 ἐν
2772 4777 2866 4849 γῇ,
2925 4772 2998 4835 ὡς
3052 4784 3170 4834 τοῖς
3227 4772 3506 4851 πατράσιν,
3567 4770 3926 4850 ἀποκειμένη,

2290 4857 2408 4913 ἀλλ’
2429 4858 2488 4940 ἐν
2517 4860 2781 4938 οὐρανοῖς.
2813 4858 2936 4940 Ἀφ’
2990 4863 3051 4917 οὗ
3110 4861 3196 4916 καὶ
3250 4861 3312 4916 τὸ
3370 4859 3658 4931 διαιωνίζοιο
3737 4858 3932 4924 κέκτη-

2289 4969 2398 5010 ται.
2429 4931 2492 5006 "0
2544 4931 2631 5005 καὶ
2689 4931 2904 5025 μεῖζον.
2943 4951 3042 5016 τῆς
3119 4950 3174 5006 ἐν
3231 4954 3306 5028 γῆ
3378 4948 3752 5029 κληρονομίας.
3827 4949 3931 5006 Καὶ

2289 5036 2418 5114 πρός
2486 5058 2547 5115 γε
2615 5039 2843 5118 τούτοις,
2898 5039 3216 5118 συντήρησις
3283 5039 3371 5095 καὶ
3419 5039 3614 5119 φρουρὰ
3665 5038 3774 5094 τῶν
3828 5059 3928 5093 πι-

2291 5125 2602 5206 στευόντων,
2663 5126 2810 5184 Ἐπεὶ
2866 5129 2953 5183 καὶ
3022 5137 3175 5187 τοῦτο
3249 5128 3579 5208 προσηύξατο
3642 5130 3670 5183 ὁ
3743 5127 3930 5205 Κύριος

2292 5214 2470 5272 εἰπών,
2546 5238 2573 5270 α
2607 5217 2850 5295 Τήρησον
2912 5217 3124 5291 αὐτοὺς,
3158 5217 3326 5296 Πάτερ
3358 5216 3504 5296 ἂγιε.
3541 5239 3569 5271 ι
3616 5214 3784 5272 Ἀλλά
3841 5217 3931 5271 καὶ

2289 5303 2343 5360 ἐν
2363 5301 2599 5379 δύνάμει,
2633 5307 2733 5363 Καὶ
2761 5305 2838 5370 τίς
2895 5307 2929 5374 ἡ
3002 5303 3269 5386 δύναμις;
3315 5307 3385 5364 Τὸ
3456 5305 3615 5384 μέχρι
3668 5307 3766 5371 τῆς
3834 5311 3932 5360 τοῦ

2292 5392 2476 5472 Κυρίου
2505 5392 2914 5470 ἀποκαλύψεως.
2973 5395 3028 5451 El
3058 5395 3158 5472 γὰρ
3243 5394 3321 5469 μὴ
3378 5393 3571 5461 δυνατῆ
3629 5395 3664 5461 ἦ
3708 5393 3949 5476 φρουρὰν
