4180 6212
330 301 452 368 517

1369 295 1759 362 COMMENT.
1809 295 1893 358 IN
1938 289 2184 356 EPIST.
2230 290 2255 350 1
2299 290 2360 352 Β.
2407 288 2660 352 PETRI.

3604 277 3724 341 518

326 437 422 495 οὒκ
454 435 518 493 ἂν
559 437 832 518 παρέτεινε
887 436 1050 517 μέχρι
1108 434 1380 493 τοσούτου.
1435 433 1586 490 Ἐπεὶ
1655 431 1742 488 οὖν
1800 435 2004 488 τοιαῦ-.

2088 418 2488 482 'evelationem
2502 420 2593 482 vel
2616 415 3155 480 manifestationem
3174 411 3722 478 Domini.Nisienim

327 549 394 582 τι
448 529 537 583 κιὶ
591 536 822 586 τοσαῦτα
875 527 943 583 τὰ
1028 522 1295 600 διδόμενα,
1382 519 1527 579 οὐδὲν
1610 520 1829 583 ἀπεικὸς
1900 517 1988 573 καὶ

327 615 636 692 ἀγαλλίαμα
731 615 1149 695 παρακολουθεῖν
1210 626 1330 676 τοῖς
1407 608 1755 685 λαμϐάνουσι.
1840 606 1987 672 Πλὴν

331 703 517 772 ἐπειδὴ
567 708 602 772 ἡ
672 712 765 762 τοῦ
846 701 1162 760 διδασκάλου
1227 699 1542 779 ἐπαγγελία,
1608 698 1730 777 οὐχὶ
1788 697 1982 776 χαρὰν,

330 792 468 849 ἀλλὰ
497 793 670 861 λύπην
700 796 995 871 εἰσηγεῖται
1038 807 1052 822 ⁸
1107 812 1131 847 ε
1184 788 1272 847 Ἐν
1329 794 1406 862 τῷ
1476 789 1663 862 κόσμῳ
1717 785 1987 864 φάσκουσα

331 882 412 938 ὅτι
448 882 626 958 θλίψιν
675 881 840 957 ἕξετε,
883 905 904 936 ε
966 881 1274 960 προστίθησι
1331 879 1407 954 τῷ
1463 876 1846 960 ἆγαλλιάματᾼι,
1899 875 1982 952 τὸ,

330 949 567 1049 Ὀλίγον,
601 973 701 1030 Καὶ
744 949 924 1038 ἒπέιδῆ
955 949 1110 1026 τοῦτο
1141 949 1399 1048 λυπηρόν,
1435 949 1619 1044 ὲπάγει
1649 949 1732 1043 τὸ,
1797 949 1982 1039 9Ἄρτι,

335 1062 594 1140 σύμφωνα
651 1059 823 1138 λέγων
882 1066 958 1134 τῷ
1045 1059 1228 1116 ἑαυτοῦ
1310 1056 1656 1134 καθηγεμόνι.
1733 1053 1988 1140 Κάκεῖνος

345 1137 470 1227 γὰρ,
512 1170 536 1204 ιι
574 1149 664 1206 Ἐν
692 1137 768 1222 τῷ
795 1147 1005 1223 κόσμῳ.
1039 1148 1192 1226 φησὶ,
1251 1143 1426 1227 θλίψιχ
1495 1142 1658 1216 ἕξετε,
1700 1163 1722 1196 ι
1785 1137 1903 1227 ἀλλ’
1960 1139 1996 1204 ἡ

535 1239 683 1312 ὑμῶν
727 1210 800 1300 ei:
823 1210 995 1315 χαρᾶν
1051 1210 1359 1313 γενήσεταιξ
1395 1210 1456 1290 Ἠ
1517 1233 1606 1288 οὖν
1642 1210 1743 1299 ’τδ,
1808 1219 1993 1305 ιἌρτι.

341 1325 426 1381 δια
455 1328 518 1382 τὸ
560 1313 868 1404 ἀγαλλίαμα
894 1316 1208 1402 προσετέθη,
1240 1323 1312 1384 ὡς
1369 1331 1463 1380 τοῦ
1532 1318 1828 1396 μάλλοντος
1877 1313 1996 1370 δια-

337 1413 587 1494 δέχεσθαι
612 1401 1034 1492 νᾶγαλλιάματος
1093 1411 1233 1494 οὒκ*
1270 1408 1354 1466 ἐπ’
1399 1409 1574 1486 ὀλίγον
1627 1407 1801 1478 ὄντος,
1876 1401 2000 1460 ἀλλ’

341 1476 439 1558 in":
466 1476 758 1581 pxxpdv'rs
799 1476 888 1556 καί
915 1500 1153 1579 ἄπειρον.
1209 1476 1266 1556 Ἦ
1309 1501 1394 1568 τὸ,
1467 1476 1704 1576 Ὀλίγον,
1760 1476 1891 1573 πρὸς
1935 1493 1995 1548 τὸ

346 1592 729 1672 ἐπιφερόμενον
759 1588 992 1667 λυπηρὸν
1050 1588 1348 1667 λογιστέον,
1406 1587 1498 1642 ’ίνα
1565 1589 1602 1662 ᾗ
1658 1584 1823 1648 οὕτως
1859 1601 1879 1621 ο
1938 1584 1996 1638 El

342 1680 458 1737 δέον
498 1681 637 1736 ἐστιν
667 1677 845 1756 ὀλίγον
896 1676 1010 1755 ἄρτι
1059 1676 1380 1744 λυπηθέντες
1440 1675 1494 1732 ἐν
1549 1673 1809 1736 ποικίλοις
1866 1693 1993 1728 πει-

2073 516 2290 590 potens
2320 517 2486 570 esset
2515 506 2806 579 custodia,
2841 523 3212 586 nequaquam
3266 512 3426 565 tanto
3454 509 3727 582 tempore

2073 596 2444 674 perduraret.
2470 595 2758 668 Quoniam
2787 596 2962 673 igitur
2996 603 3152 655 tanta
3181 611 3250 654 ac
3282 590 3417 653 talia
3438 598 3573 650 sunt
3599 606 3730 668 quae

2068 685 2305 756 dantur,
2343 684 2490 746 nihil
2517 682 2761 746 absurdi
2782 690 2871 744 est
2899 682 3056 762 quod
3081 681 3255 743 etiam
3283 687 3562 760 sequatur
3575 694 3726 756 gau-

2069 772 2230 834 dium
2247 791 2350 833 eos
2371 773 2471 853 qui
2490 771 3091 852 accipiunt.Attamen
3113 767 3392 849 quoniam
3413 765 3727 853 promissio

2071 860 2338 939 magistri
2356 852 2472 921 non
2495 860 2775 939 gaudium
2795 858 2900 920 sed
2918 875 3234 919 maerorem
3261 855 3489 916 inducit
3510 852 3722 915 dicen-

2069 948 2146 1010 do
2181 968 2195 1009 :
2242 947 2336 1009 cIn
2371 948 2591 1010 mundo
2607 948 2989 1009 alﬂictionem
3013 944 3309 1007 habebitis
3333 943 3507 1020 5,nad
3525 941 3690 1002 exsul
3702 975 3725 988 -

2079 1035 2362 1098 tationem
2383 1035 2912 1111 addit,Paululum.
2940 1033 3012 1095 Et
3041 1034 3180 1114 quia
3216 1032 3406 1107 triste,
3431 1029 3734 1109 subjungit

2077 1123 2667 1200 Nunc,conformiter
2697 1143 2830 1186 cum
2860 1142 2967 1184 suo
2993 1124 3146 1184 duce
3174 1122 3448 1202 loquens,
3481 1119 3581 1200 qui
3611 1119 3726 1182 ait:

2087 1236 2110 1270 α
2145 1213 2212 1274 In
2246 1214 2465 1275 mundo
2511 1215 2896 1274 atﬂictionem
2949 1211 3266 1285 habebitis,
3304 1235 3330 1264 ι
3364 1209 3468 1271 sed
3503 1208 3737 1270 tristitia

2075 1311 2274 1384 gestra
2296 1311 2558 1364 vertetur
2587 1301 2647 1362 in
2673 1302 3100 1380 gaudiumAut
3122 1318 3261 1378 ergo
3286 1297 3441 1378 quod
3463 1297 3543 1356 ait
3571 1297 3742 1359 Nunc

2079 1391 2632 1471 velModo,propter
2654 1389 3104 1452 exsultationem
3135 1387 3402 1448 additum
3439 1393 3551 1465 est,
3571 1385 3738 1465 quasi

2079 1480 2504 1542 successurasit
2520 1479 2831 1540 exsultatio
2844 1497 2978 1559 quae
2990 1497 3106 1538 non
3122 1472 3736 1556 paululo,seddiutur-

2079 1587 2155 1630 no
2169 1578 2225 1630 et
2249 1567 2480 1628 infinito
2498 1577 2611 1629 tem
2620 1562 3512 1646 poreduret.Autl’aululum,ad
3526 1561 3739 1624 subse-

2079 1674 2268 1739 quens
2299 1657 2456 1737 quod
2510 1655 2823 1717 contristat
2879 1653 3265 1715 referendum
3289 1661 3402 1727 est,
3439 1661 3502 1713 ut
3531 1651 3609 1713 sit
3637 1650 3737 1712 hic

345 1783 598 1849 ρασμοτς.
632 1742 779 1825 Ἀλλί
850 1742 1032 1833 ὲπέιδὴ
1087 1769 1147 1823 τὸ
1193 1742 1310 1822 ἡτῶν
1363 1767 1692 1844 πειρασμῶν,
1765 1760 1978 1840 θόρυϐον

2088 1746 2215 1812 385
2239 1765 2452 1807 sensus
2481 1768 2494 1804 :
2523 1745 2584 1808 Si
2622 1765 2770 1825 opus
2786 1744 2882 1824 sit,
2911 1742 3210 1823 paululum
3234 1759 3390 1802 nunc
3415 1753 3736 1803 maerentes

348 1858 596 1930 ένεποῖει,
676 1854 760 1915 διὰ
815 1862 968 1911 τοῦτο
1024 1853 1262 1932 ἐπήγαγε
1330 1855 1430 1920 την
1517 1857 1622 1908 τῶν
1694 1855 2000 1928 πειρασμῶν

347 1948 538 2017 αἰτίαν,
585 1944 666 2002 ὅτι
696 1943 783 2000 διὰ
809 1944 1005 2001 τοῦτων
1062 1945 1124 2001 τὸ
1151 1942 1386 2018 δοκίμιον
1441 1942 1587 2016 ὑμῶν
1645 1939 2000 2019 φανερώτερον

348 2037 547 2115 γίνεται
617 2035 704 2090 καὶ
744 2033 1058 2112 τιμιώτερον
1100 2033 1340 2112 χρυσίου.
1386 2028 1534 2088 Ἐπεὶ
1589 2030 1679 2086 καὶ
1735 2029 1859 2086 αὖτὸ
1917 2025 2000 2080 δο-

350 2114 706 2200 κιμαζόμενον
761 2123 904 2201 πυρὶ,
1007 2119 1210 2198 μᾶλλον
1280 2120 1571 2199 ἀνθρώποις
1628 2114 1996 2182 σπουδάζεται.

354 2213 682 2279 Πποστίθησι
712 2209 766 2267 δὲ
795 2213 883 2268 καὶ
911 2213 994 2285 τὸ,
1042 2212 1101 2267 Εἰ
1131 2208 1271 2285 δέον,
1315 2206 1445 2265 διότι
1496 2207 1615 2265 οὕτε
1684 2213 1784 2270 πᾶς
1813 2205 1998 2266 πιστὸς

351 2302 653 2380 πειράζεται
681 2299 765 2356 διὰ
817 2298 1069 2374 θλίψεως,
1133 2299 1248 2356 ὤτε
1317 2304 1421 2361 πᾶς
1473 2293 1822 2376 ἁμαρτωλὸς,
1879 2289 1998 2380 an:

349 2372 464 2446 οὐδὲ
513 2391 815 2455 εὐθηνετται
900 2372 1144 2464 έκᾶτερος
1213 2386 1412 2443 τούτων
1468 2387 1540 2448 εἷς
1595 2372 1698 2442 ἀεί.
1761 2379 1908 2438 Ἀλλ’
1954 2372 1999 2437 οἶ

353 2479 450 2554 μὲν
507 2475 808 2553 θλιϐόμενοι
894 2474 1104 2548 δίκαιοι,
1193 2477 1266 2539 εἰς
1365 2475 1674 2554 προσθήκην
1730 2471 2000 2550 στεφάνων

350 2568 673 2646 πάσχουσιν,
707 2567 754 2622 οἱ
787 2563 842 2621 δὲ
914 2563 1237 2644 ἁμαρτωλοὶ,
1297 2564 1387 2619 ἵνα
1441 2570 1547 2620 τῶν
1604 2561 2000 2641 ἁμαρτημάτων

355 2655 506 2722 δίκην
565 2653 862 2714 ἒκτίσωσιν.
933 2655 1006 2710 Οὐ
1049 2653 1240 2717 πάντες
1309 2651 1364 2707 δὲ
1457 2650 1644 2708 δίκαιοι
1713 2646 1998 2724 θλίϐονται,

356 2744 449 2799 ’ἕνα
481 2744 560 2818 μὴ
592 2744 689 2810 την
718 2744 907 2798 κακίαν
954 2741 1231 2808 ἐπαινετὴν
1286 2742 1528 2819 νομίσας,
1603 2739 1834 2815 μισήσῃς
1904 2738 2003 2804 τὴν

362 2833 579 2912 ἀρετήν,
623 2829 752 2888 Οὐδὲ
835 2831 1027 2894 πάντες
1070 2828 1374 2908 ἁμαρτωλοὶ
1440 2827 1724 2901 θλίϐονται,
1779 2826 1869 2883 ἵνα
1927 2826 2002 2900 μτὶ

358 2928 394 2994 ἡ
426 2925 711 2988 ἀνάστασις
741 2923 1049 3000 -ἀπιστηθῇ,
1108 2924 1180 2988 ὡς
1234 2923 1442 2980 πάντων
1497 2921 1713 2978 ἐνταῦθα
1753 2919 1820 2975 τὰ
1875 2918 2000 2974 ἑαυ-

361 3018 466 3072 τὼν
510 3010 998 3088 ἀπολαμϐανόντων
1008 3061 1022 3075 ,

443 3127 470 3157 α
534 3104 623 3165 Ei:
705 3100 1059 3180 κληρονομίαν
1130 3101 1386 3182 ἄφθαρτον
1433 3101 1522 3156 καὶ
1589 3098 1841 3175 ἀμίαντον
1923 3097 2009 3151 καὶ

359 3191 660 3271 ἀμάραντον
757 3190 1123 3268 τετηρημένην
1172 3190 1226 3246 ἐν
1311 3192 1581 3268 οὖρανοϊς,
1699 3188 1770 3252 εἷς
1871 3185 2008 3260 ὑμᾶς

360 3283 482 3346 τοὺς
585 3279 640 3335 ἐν
741 3277 954 3354 δυνάμει
1041 3288 1172 3337 Θεοῦ
1269 3275 1679 3360 φρουρουμένους
1762 3273 1847 3331 διὰ
1927 3274 2003 3328 πί-

362 3391 528 3432 στεως
622 3369 695 3430 εἷς
774 3368 1037 3447 σωτηρίαν
1121 3367 1339 3444 ἑτοίμην
1449 3363 1881 3443 ἀποκαλυφθῆναι
1956 3361 2010 3418 ὲν

362 3465 538 3536 παιρῶ
638 3456 874 3536 ἐσχάτῳ.
940 3457 1028 3514 Ἐν
1084 3461 1130 3532 ᾧ
1198 3454 1519 3535 ἀγαλλιᾶσθε
1603 3453 1779 3531 ὀλίγον
1869 3450 2007 3530 ἄρτι,

367 3549 412 3603 εἰ
519 3544 638 3602 δέον
725 3544 857 3625 ἐστὶ,
942 3544 1258 3614 λυπηθέντες
1343 3544 1397 3600 ὲν
1479 3541 1736 3606 ποικίλοις
1820 3563 2010 3618 πειρα-

362 3649 545 3711 σμοῖς,
618 3633 713 3693 ’ίνα
768 3635 831 3691 τὸ
901 3631 1135 3710 δοκίμιον
1185 3635 1333 3710 ὑμῶν
1386 3638 1484 3701 τῆς
1572 3633 1821 3703 πίστεως,
1878 3627 2013 3686 πολὺ

361 3723 674 3802 τιμιώτερον
762 3724 980 3803 χρυσίου
1073 3730 1166 3780 τοῦ
1221 3720 1607 3798 ἀπολλυμένου,
1706 3717 1789 3775 διὰ
1906 3740 2012 3773 πυ-

366 3815 451 3893 ρὸς
528 3810 584 3868 δέ
636 3810 1074 3887 δοκιμαζομένου,
1162 3814 1346 3889 εὗρεθῇ
1435 3812 1507 3874 εἷς
1593 3808 1804 3866 ἔπαινον
1926 3807 2014 3863 καὶ

366 3903 530 3978 τιμὴν
582 3901 671 3957 καὶ
741 3897 910 3974 δόξαν,
986 3899 1042 3955 ἔν
1133 3897 1461 3975 ἀποκαλύψει
1516 3898 1693 3966 Ἰησου
1765 3903 2015 3975 Χριστοῦ,

368 3992 429 4047 ’ὃν
460 3993 555 4048 οὒκ
599 3986 792 4055 εἰδότες
849 3987 1113 4067 ἀγαπᾶτε,
1178 3989 1267 4052 Εἷς
1338 3988 1398 4044 ὃν
1455 3987 1570 4064 ἄρτι
1623 3986 1702 4062 μὴ
1762 3987 2010 4064 ὁρῶντες,

371 4080 707 4144 πιστεύοντες
767 4075 847 4154 δὲ,
907 4076 1223 4156 ἀγαλλιᾶσθε
1279 4081 1424 4156 χαρᾷ
1501 4073 1847 4147 ἀνεκλαλήτῳ
1927 4082 2016 4137 καὶ

377 4167 756 4245 δεδοξασμάνη,
790 4168 1131 4245 κομιζόμενοι
1161 4169 1223 4226 τὸ
1255 4166 1402 4232 τέλος
1432 4168 1530 4234 τῆς
1582 4167 1808 4230 πίστεως
1840 4166 2012 4243 ὑμῶν,

379 4258 642 4336 σωύηρίαν
672 4263 884 4340 ψυχῶν.
923 4280 947 4317 ε

458 4349 517 4405 Εἰ
545 4347 600 4403 ἐν
671 4351 915 4428 οὐρανοῖς
970 4348 1006 4414 ἡ
1056 4346 1383 4428 κληρονομία
1466 4343 1708 4420 μυθώδης
1751 4342 1814 4411 ἧῗ
1838 4340 2024 4422 χιλιο-

376 4437 504 4504 ετὶλς
532 4424 979 4508 ἀποκατάστασις,
1022 4456 1046 4492 ε
1085 4424 1174 4492 Ἐν
1209 4438 1256 4508 ᾧ
1311 4432 1628 4512 ἀγαλλιᾶσθε
1650 4431 1854 4514 ξὸλίγον
1886 4430 2023 4512 ἄρτι,

378 4526 425 4580 εί
471 4522 587 4581 δέον
656 4524 789 4585 ἐστί.
827 4542 858 4584 )
909 4526 981 4583 Τὸ
1037 4522 1158 4592 ἑξῆς
1216 4522 1380 4588 οὕτως
1413 4539 1429 4555 ⁸
1489 4521 1818 4590 Λυπηθέντες
1876 4517 2025 4597 ἄπτι,

380 4615 425 4668 εἰ
455 4611 570 4668 δέον
621 4613 754 4688 ἐστὶ,
803 4612 1094 4687 τουτέστιν,
1155 4615 1199 4669 εἰ
1263 4614 1351 4669 καὶ
1404 4622 1559 4672 τοῦτο
1616 4609 1722 4692 δετ,
1798 4609 1881 4690 (οὐ
1929 4611 2029 4689 γὰρ

379 4704 572 4782 πάντες
603 4703 650 4757 οἱ
689 4702 847 4782 ,ἅγιοι
895 4699 1208 4782 θλίϐονται,)
1249 4701 1323 4782 ,ἐν
1376 4700 1591 4782 ἐσχάτῳ
1646 4706 1812 4775 καιρῷ
1869 4697 2032 4782 ἀγαλξ

379 4780 644 4856 λιάσεσθε,
677 4780 790 4838 ἀντὶ
856 4780 1144 4847 μέλλοντος
1187 4779 1482 4849 ἐἴληπταιζ
1537 4788 1581 4838 Η
1633 4782 1722 4836 καὶ
1790 4781 1926 4839 κατὰ
1970 4780 2031 4834 τὸ

384 4870 632 4950 ἐνεστὼς,
693 4871 768 4933 ὡς
819 4869 966 4927 κάτω
1018 4872 1506 4946 ὑπεμνημάτισται.
1572 4893 1599 4925 α
1661 4870 1746 4934 Εἰς
1817 4866 2030 4925 ἔπαινον

382 4960 471 5016 καὶ
523 4959 711 5034 τιμήν.
749 4977 782 5018 )
829 4959 938 5026 Τὴν
1025 4959 1192 5015 αἰτίων
1262 4959 1368 5015 τῶν
1442 4958 1881 5015 κακοπαθούντων
1939 4955 2029 5011 ἒν-

2027 3036 2071 3090 ο

2083 1852 2190 1914 per
2205 1834 2391 1895 varias
2412 1833 2909 1896 afﬂictiones.Sed
2923 1830 3200 1911 quoniam
3233 1829 3582 1890 afﬂictiones
3604 1837 3734 1890 tur-

2083 1923 2384 1984 bationem
2418 1923 2729 2000 inducunt,
2770 1929 3085 2000 propterea
3139 1917 3446 1996 subjunxit
3496 1934 3736 1976 causam

2085 2011 2660 2091 afﬂictionum,quod
2697 2028 2803 2090 per
2832 2008 2937 2068 has
2967 2005 3376 2086 comprobatio
3406 2003 3586 2066 vestri
3617 2022 3738 2064 ma-

2082 2098 2353 2160 nifestior
2373 2118 2441 2160 ac
2467 2099 2939 2179 pretiosiorauro
2965 2095 3238 2168 efﬁcitur,
3256 2093 3738 2179 quandoquidem

2083 2197 2140 2249 et
2169 2188 2315 2250 illud
2333 2178 2489 2268 quod
2514 2187 2650 2267 igne
2670 2186 2974 2266 probatur,
3008 2182 3233 2265 gratius
3263 2190 3352 2242 est
3370 2178 3733 2242 hominibus.

2081 2276 2266 2338 Addit
2288 2287 2581 2354 praeterea
2607 2296 2619 2337 :
2643 2274 2706 2338 Si
2728 2293 2878 2355 opus
2900 2271 2997 2347 sit,
3019 2271 3156 2352 quia
3185 2289 3296 2331 nec
3325 2268 3520 2330 omnis
3543 2268 3739 2330 ﬁdelis

2084 2383 2191 2446 per
2219 2365 2601 2428 aﬂlictionem
2653 2367 3016 2445 exploratur,
3053 2379 3161 2422 nec
3213 2359 3406 2421 omnis
3437 2367 3731 2439 peccator.

2083 2453 2201 2517 Sed
2247 2473 2439 2536 neque
2495 2456 2705 2516 horum
2759 2451 3011 2534 quisque
3040 2467 3280 2530 semper
3310 2448 3546 2510 laetatur
3581 2463 3594 2506 :
3629 2446 3736 2508 sed

2077 2544 2476 2624 justiquidem
2502 2543 2928 2622 afﬂigunturad
2941 2557 3182 2602 COl'Ol'lat
3202 2557 3298 2599 um
3323 2545 3730 2616 augmentum,

2084 2643 2428 2712 peccatores
2459 2651 2597 2694 vero
2631 2641 2691 2693 ut
2723 2648 2919 2711 paanas
2972 2629 3137 2689 luant
3167 2635 3571 2707 peccatorum.
3601 2627 3734 2686 Non

2085 2728 2285 2782 tamen
2311 2739 2520 2782 omnes
2537 2721 2682 2801 justi
2705 2719 3071 2798 afﬂiguntur,
3101 2735 3175 2778 ne
3197 2715 3402 2776 vitium
3436 2713 3594 2775 laudi
3626 2713 3738 2773 du—

2084 2809 2532 2889 cens,virtutem
2548 2802 2992 2870 abomineris.N
3001 2823 3152 2888 eque
3171 2822 3380 2864 omnes
3401 2811 3741 2884 peccatores

2082 2896 2447 2976 afﬂiguntur,
2483 2915 2558 2960 ne
2609 2898 2687 2959 de
2739 2893 3184 2956 resuirectione
3215 2891 3538 2972 difﬂdatur,
3572 2889 3743 2970 quasi

2091 3004 2302 3047 omnes
2330 3006 2462 3068 quae
2494 3005 2601 3050 sua
2631 2993 2788 3061 sunt,
2821 2983 2916 3045 hic
2938 2981 3255 3063 recipiant.

2172 3074 2220 3154 Ι,
2253 3078 2378 3139 4-9.
2413 3076 2490 3138 In
2536 3075 2956 3137 haereditatem
3003 3069 3525 3151 incorruptibilem
3553 3076 3609 3132 et
3638 3071 3745 3131 in-

2091 3164 2618 3228 contaminabilem
2633 3173 2814 3243 atque
2830 3163 2909 3224 im
2918 3178 3020 3222 ma
3030 3161 3208 3222 rcesci
3214 3159 3391 3222 bilem
3421 3176 3746 3222 conserva-

2093 3260 2219 3316 tum
2247 3256 2312 3315 in
2343 3253 2531 3333 caelis,
2565 3254 2646 3314 ad
2677 3269 2782 3314 vos
2812 3251 2916 3330 qui
2943 3248 3064 3311 Dei
3089 3248 3362 3328 potentia
3385 3248 3746 3309 custodimi-

2092 3343 2162 3405 ni
2185 3360 2301 3423 per
2319 3343 2496 3424 ﬁdem
2519 3343 2584 3402 in
2613 3340 2876 3402 salutem
2925 3355 3060 3418 qua:
3084 3345 3308 3416 parata
3339 3345 3424 3397 est
3445 3341 3511 3397 ut
3538 3336 3745 3424 maui-

2092 3433 2348 3511 festetur
2377 3431 2443 3493 in
2473 3438 2740 3509 tempore
2797 3433 3095 3489 extremo.
3146 3425 3222 3486 In
3265 3441 3381 3503 quo
3422 3423 3750 3511 exsultatis

2087 3509 2416 3600 paululum
2468 3534 2626 3579 nunc
2656 3532 2905 3578 maerore
2934 3514 3136 3592 affecti
3189 3529 3300 3591 per
3347 3511 3553 3574 varias
3579 3509 3746 3600 a/ﬂi-

2095 3599 2338 3682 ctiones,
2371 3608 2424 3669 si
2451 3623 2598 3686 opus
2638 3607 2718 3666 sit
2755 3620 2910 3683 :quo
2940 3602 3083 3682 ﬁdei
3109 3606 3317 3662 vestra'
3344 3599 3750 3679 eomprobatio

2095 3695 2284 3758 multo
2311 3694 2636 3776 pretiosior
2692 3711 2845 3755 auro
2902 3690 3061 3771 quod
3103 3695 3269 3769 perit
3320 3687 3619 3769 probatur
3643 3706 3753 3768 per

2096 3787 2322 3866 ignem,
2350 3785 2715 3864 reperiatur,
2749 3781 2816 3843 in
2848 3781 3094 3843 laudem
3120 3788 3174 3842 el
3205 3779 3494 3842 honorem
3523 3786 3582 3840 et
3609 3780 3747 3859 glo-

2096 3875 2287 3955 riam,
2322 3883 2450 3936 tum
2481 3889 2622 3934 cum
2644 3872 3018 3934 revelabitur
3043 3870 3216 3933 Jesus
3242 3868 3545 3942 Christus,
3577 3885 3752 3948 quem

2096 3981 2240 4025 cum
2270 3980 2394 4026 non
2424 3961 2707 4025 videritis
2743 3959 3034 4040 diligitis,
3067 3959 3134 4020 iu
3184 3973 3355 4036 quem
3386 3955 3585 4030 modo,
3618 3971 3753 4016 cum

2094 4068 2218 4114 non
2238 4053 2520 4126 videatis,
2565 4051 2871 4113 credentes
2919 4054 3146 4120 tamen,
3173 4044 3502 4110 exsultatis
3529 4044 3754 4124 gaudio

2096 4140 2389 4221 ineffabili
2417 4148 2474 4202 et
2518 4139 2909 4218 gloriﬁcalio,
2957 4143 3338 4217 reportantes
3376 4135 3566 4214 linem
3611 4133 3757 4214 ﬁdei

2105 4237 2313 4292 vestra;
2340 4228 2596 4291 salutem
2626 4228 3008 4290 animarum.

2045 4315 2090 4366 Ῑ)
2189 4317 2249 4382 Si
2271 4319 2329 4380 in
2348 4317 2513 4380 ccelis
2531 4327 2620 4378 est
2644 4315 2982 4390 haereditas,
3011 4313 3282 4376 fabulosa
3317 4323 3409 4376 est
3429 4330 3632 4375 rerum
3658 4311 3756 4372 in-

2078 4408 2391 4472 vstauratio
2407 4406 2468 4469 in
2484 4403 2856 4468 milleannis.
2888 4402 2987 4464 «In
2999 4422 3116 4483 quo
3138 4401 3758 4483 exsultatispaululum

2109 4516 2291 4572 nunc,
2327 4495 2378 4557 si
2403 4513 2551 4560 ODUS
2579 4493 2715 4556 sit.»
2773 4490 2932 4556 Ordo
2965 4500 3057 4553 est
3084 4491 3198 4553 iste
3227 4509 3242 4554 ε
3280 4494 3538 4554 Μαποεθ
3566 4488 3762 4551 aﬂ'ecti

2110 4605 2297 4666 nunc,
2329 4585 2379 4645 si
2402 4602 2550 4664 opus
2582 4582 2678 4658 sit,
2737 4583 2796 4642 id
2830 4589 2940 4656 est,
2975 4579 3026 4642 si
3077 4581 3190 4641 hoc
3221 4598 3463 4660 quoque
3491 4585 3764 4658 oporteat

2113 4685 2328 4756 (neque
2361 4674 2518 4736 enim
2553 4690 2762 4734 omnes
2793 4670 2983 4732 sancti
3013 4669 3374 4748 afﬂiguntur)
3400 4668 3472 4756 in
3496 4677 3762 4748 tempore

2115 4755 2384 4827 extremo
2409 4759 2944 4835 exsultabitis,nam
2971 4775 3234 4840 praesens
3254 4775 3359 4837 pro
3384 4755 3579 4817 futuro
3599 4773 3763 4817 acce-

2115 4861 2278 4936 ptum
2304 4855 2538 4916 est.Aut
2559 4850 2734 4912 etiam
2760 4867 2866 4930 per
2892 4843 3764 4936 praesens,quemadmod_umin

2114 4934 2507 5024 sequentibus
2530 4939 2890 5001 declaratum
2915 4943 3027 4999 est.
3065 4960 3086 4991 α
3122 4935 3188 4996 In
3219 4934 3456 5024 laudem
3489 4942 3548 4995 et
3572 4934 3762 5024 hono-

384 5054 548 5105 ταῦτα
577 5021 791 5104 ὲικαίων
831 5045 916 5104 διὰ
962 5048 1159 5105 τούτων
1215 5044 1397 5114 δῆλοτ,
1470 5047 1582 5123 ἅμα
1637 5047 1734 5122 μὲν
1789 5066 2004 5123 παραμυ

2115 5021 2306 5123 rei—nm
2331 5033 2576 5123 Causam
2590 5043 2706 5123 cur
2733 5025 3076 5123 afﬂigantur
3097 5023 3271 5123 justin
3274 5041 3378 5105 per
3398 5021 3766 5123 hiecos‘ignifi-

384 5137 634 5213 θυόμενος
694 5136 904 5209 αὐτοὺς,
964 5137 1036 5199 ὡς
1115 5135 1565 5215 περιφανεστέρων
1663 5136 1832 5191 αὐτῶν
1934 5137 2004 5189 ὑπ

2118 5119 2420 5215 cat,simul
2455 5126 2514 5181 et
2545 5116 2675 5178 illos
2701 5113 3090 5215 consolando:
3132 5113 3275 5174 486
3305 5113 3466 5215 quod
3493 5110 3771 5210 videlicet

387 5231 492 5283 τῶν
560 5224 787 5300 θλίψεων
841 5225 1154 5305 γινομένων,
1242 5223 1352 5299 ἄμα
1431 5226 1518 5281 καὶ
1603 5221 2004 5302 σπυυδαιοτέρου

2118 5209 2536 5277 afﬂictionibus
2567 5203 3004 5268 manifestiores
3049 5205 3194 5266 ﬁant
3226 5223 3240 5264 :
3277 5211 3334 5265 et
3362 5199 3770 5280 diligentiores

471 5442 504 5491 5
531 5439 704 5505 Joan.
735 5456 862 5515 im,
893 5440 992 5506 33.
