4180 6212
481 265 598 330 519

1595 259 2005 326 (ECUMENXI
2047 255 2344 322 TRICGE
2385 257 2723 326 EPISCOPI

3723 268 3845 336 520

483 419 585 464 eos
613 398 871 462 reddens
903 417 1013 480 per
1040 399 1152 462 hoc
1183 397 1337 480 quod
1361 396 1554 459 addit:
1590 393 1732 457 Cum
1761 391 2088 454 revelabibx

2170 400 2372 451 Lnouiiv
2415 394 2504 452 διὰ
2544 404 2636 454 τοῦ
2664 401 2968 478 προσθεῖναι
3009 403 3094 479 τὸ,
3147 399 3236 460 Ἐν
3278 403 3608 481 ἀποκαλύψει
3663 405 3841 473 Ἰησοῦ

479 489 653 552 Jesus
685 488 1143 569 Christus,quod
1167 488 1270 548 illo
1296 493 1563 564 tempore
1586 483 1973 564 perlaborum
2005 481 2116 542 de-

480 578 968 640 monstrationem
989 596 1197 656 magna
1219 577 1292 637 sit
1315 575 1587 636 addenda
1613 571 1886 633 nobilitas
1913 570 2114 650 hisqui

477 676 869 729 certaverunt.
905 667 1080 726 Addit
1110 673 1304 726 autem
1337 672 1392 725 et
1423 663 1582 724 aliud
1616 661 1770 741 quod
1787 660 2112 721 attrahitad

478 755 846 817 tolerantiam
863 751 1568 824 afﬂictionum.Quidnam
1586 749 1727 810 illud
1749 754 1875 810 est?
1892 747 2110 819 «Quem

476 863 607 904 cum
642 862 760 904 non
791 841 1078 919 videritis,
1119 840 1293 901 modo
1324 839 1587 918 diligitis.
1629 862 1654 896 ι
1695 836 1755 899 Si
1786 837 1945 897 enim
1978 854 2110 897 cum

473 951 590 993 non
619 931 886 993 videritis
917 949 1050 992 eum
1087 929 1275 991 oculis
1301 928 1626 1008 corporeis,
1655 945 1722 986 ex
1754 924 1879 985 solo
1911 924 2110 985 auditu

470 1019 736 1099 diligitis,
770 1019 980 1100 inquit,
1030 1017 1404 1080 considerate
1457 1024 1730 1096 quantam
1789 1012 2113 1074 ostendatis

467 1107 848 1169 dilectionem
863 1127 998 1169 cum
1013 1109 1200 1187 ipsum
1218 1103 1838 1184 videritis,idquedum
1855 1103 1912 1162 in
1927 1102 2114 1179 gloria

472 1196 948 1258 manifestabitur
971 1214 983 1258 :
1008 1215 1143 1258 nam
1169 1197 1217 1256 si
1238 1194 1431 1275 passio
1452 1193 1636 1273 ipsius
1658 1193 1805 1253 adeo
1818 1200 2110 1252 vosattra-

467 1285 572 1360 xit,
591 1293 874 1366 quantum
908 1303 1046 1364 ergo
1076 1301 1178 1344 vos
1208 1283 1447 1343 afﬁcere
1473 1280 1686 1361 poterit
1718 1279 2116 1344 manifestatio.

464 1373 652 1454 ipszus
665 1393 796 1435 cum
816 1369 1739 1451 incredibilisplendore,quando
1755 1368 1930 1430 etiam
1947 1367 2110 1428 vobis

462 1463 713 1524 salutem
745 1463 1076 1524 animarum
1109 1460 1168 1521 in
1203 1460 1507 1540 praamium
1534 1455 2107 1535 tribuerit?Utergo

465 1550 564 1612 tali
592 1550 998 1622 innotescatis,
1053 1549 1350 1628 accepturi
1397 1548 1570 1608 etiam
1605 1546 1945 1626 hujusmodi
1975 1549 2105 1624 glo-

463 1639 636 1714 riam,
691 1638 1096 1701 brevissimam
1150 1642 1258 1699 hoc
1311 1646 1580 1716 tempore
1629 1635 1922 1696 ostendite
1955 1635 2102 1695 tuleo

463 1733 739 1803 rantiam,
776 1737 833 1789 et
859 1727 1022 1807 scopi
1051 1725 1334 1808 propositi
1371 1743 1664 1786 summam
1696 1723 2020 1786 habebitis.

538 1816 584 1892 I,
620 1816 686 1879 10
717 1818 814 1878 12.
847 1818 928 1878 De
946 1834 1065 1896 qua
1086 1815 1280 1876 salute
1301 1815 1728 1892 exquisieruut
1765 1832 1836 1873 ac
1851 1815 2107 1876 scrutati

2201 485 2448 564 Χριστσῦ,
2493 488 2566 551 ὡς
2597 494 2690 544 τοῦ
2719 489 2839 544 τότε
2867 497 3050 568 καιροῦ
3079 497 3148 567 τῇ
3188 491 3426 560 ἐπιδείξει
3496 498 3601 552 τῶν
3661 495 3836 552 πόνων

2197 570 2401 641 πολλὴν
2430 575 2526 642 τὴν
2566 575 2802 634 εὔκλειαν
2850 592 2968 643 τοῖς
3025 578 3469 659 διηγωνισμένοις
3543 581 3837 663 παρεξομέ-

2197 683 2307 752 νου.
2330 751 2336 752 7
2361 664 2672 742 Προστίθησι
2727 663 2782 722 δέ
2837 689 2888 724 τι
2955 670 3042 725 καὶ
3084 668 3214 727 ἄλλο
3283 671 3651 752 ἐφελκυστικὸν
3704 675 3835 751 πρὸς

2195 748 2296 842 tif?
2321 751 2592 842 ὑπομονὴν
2617 760 2722 810 τῶν
2762 753 3009 832 θλίψεων.
3045 758 3105 814 Τί
3160 748 3335 817 τοῦτο-
3361 779 3377 842 ;
3408 762 3501 834 Τὸ,
3540 783 3568 816 α
3603 749 3712 818 υΟν
3742 748 3839 818 οῦκ

2196 835 2410 926 εἰδότες,
2481 841 2722 920 ἀγαπᾶτε
2765 841 2902 923 ἄρτι.
2941 869 2971 900 ι
3030 848 3086 903 Εἰ
3143 849 3242 926 γὰρ
3299 835 3392 908 οὒκ
3449 846 3640 913 εἰδότες
3684 849 3834 907 αὐτὸν

2194 924 2486 1006 ὀφθαλμοῖς
2517 933 2708 1010 σαρκὸς
2780 933 2834 988 ἐν
2903 935 3072 1010 μόνης
3130 924 3297 1004 ἀκοῆς
3361 938 3623 1016 ἀγαπᾶτε,
3681 941 3831 1020 φησὶ,

2196 1032 2446 1075 σκοπεῖτε
2490 1020 2618 1088 ὅσην
2649 1023 2864 1102 ἀγάπην
2907 1023 3213 1091 ἐπιδείξεσθε
3277 1025 3474 1094 ἰδόντες
3529 1030 3703 1104 αὐτὸν,
3748 1031 3836 1085 καὶ

2193 1115 2355 1163 ταῦτα
2398 1107 2450 1162 ἐν
2508 1107 2629 1189 δόξῃ
2678 1111 3202 1189 ἀποκαλυπτόμενον.
3251 1117 3310 1173 Εἰ
3365 1117 3465 1195 γὰρ
3541 1118 3604 1173 τὸ
3674 1119 3835 1182 πάθος

2193 1196 2350 1252 αὺτοῦ
2405 1196 2570 1262 οὕτως
2653 1201 2789 1275 ὑμᾶς
2881 1201 3240 1275 ἐπεσπάσατο,
3340 1207 3389 1261 τί
3471 1205 3568 1284 ἆρα
3637 1204 3833 1272 διαθείη

2191 1284 2323 1357 ὑμᾶς
2378 1287 2449 1375 ἡ,
2495 1288 2626 1362 μετὰ
2681 1289 3072 1370 ἀνυπερϐλήτοδ
3127 1291 3502 1370 λαμπρότητος
3558 1293 3833 1375 ἐπιφάνεια

2191 1375 2368 1452 αὐτοῦ,
2423 1373 2510 1461 ὅτε
2567 1377 2654 1432 καὶ
2710 1379 2838 1452 ὑμῖν
2893 1380 3150 1459 παράσχῃ
3208 1383 3267 1438 τὲ
3356 1381 3512 1459 γέρας
3568 1373 3833 1461 σωτηρίαν

2191 1464 2380 1548 ψυχῶν
2416 1483 2432 1539 ;
2461 1453 2552 1526 ἐὶς
2579 1465 2666 1521 οὖν
2694 1467 2913 1542 τοιούτῳ
2969 1453 3337 1548 ἐμφανίζησθε,
3370 1453 3683 1544 *μέλλοντες
3720 1453 3828 1527 ’καὶ

2189 1546 2342 1615 δόξης
2399 1553 2643 1620 τοιαύτης
2740 1546 3059 1630 ἀξιωθῆναι,
3143 1546 3416 1635 ἰσόρροπον
3500 1561 3684 1616 τούτου
3743 1566 3832 1616 νῦν

2191 1635 2568 1714 ἐπιδειξάμενοι
2599 1646 2893 1722 καρτερίαν,
2921 1646 2984 1702 τὸ
3025 1651 3128 1702 πᾶν
3172 1645 3308 1711 ἕξετε
3345 1656 3438 1706 τοῦ
3491 1647 3829 1725 προτεθέντος

2127 1720 2168 1771 Β
2189 1733 2412 1789 σκοποῦ.

2279 1835 2302 1870 ο
2361 1817 2485 1893 Περὶ
2552 1819 2620 1883 ἧς
2675 1824 2936 1899 σωτηρίας
2991 1819 3312 1892 ἐξεζήτησαν
3395 1825 3484 1880 καὶ
3538 1822 3827 1902 ἐξηρεύνη-

454 1913 592 1966 sunt
607 1903 1046 1984 prophetw,qui
1061 1903 1132 1964 de
1148 1909 1399 1964 ventura
1414 1903 1590 1961 invos
1601 1901 1802 1979 gratia
1817 1903 2088 1963 vaticina-

2189 1925 2284 1960 σαν
2366 1910 2656 1986 προφῆται,
2742 1911 2787 1963 οἱ
2871 1911 2989 1989 περὶ
3089 1914 3185 1980 τῆς
3287 1914 3360 1977 εἷς
3443 1914 3578 1988 ὑμᾶς
3636 1901 3826 1993 χάρι-

457 1995 503 2054 ti
519 2000 1032 2068 suut,scrutantes
1052 1993 1129 2053 ad
1161 1993 1322 2072 quod
1346 1990 1439 2052 rel
1456 1990 1742 2080 cujusque
1763 1996 1996 2069 tempus
2013 1992 2088 2051 si-

2184 2013 2274 2055 τος
2378 1997 2854 2074 προφητεύσαντες,
2979 1998 3286 2080 ἐρευνῶντες
3389 2003 3463 2065 εἰς
3568 1990 3700 2056 τίνα’
3742 1990 3750 1992 ὴ
3791 2004 3826 2070 ἢ

458 2083 780 2163 gniﬁcaret
801 2083 904 2161 qui
924 2084 986 2144 in
1009 2081 1134 2143 illis
1155 2077 1789 2161 eratSpiritusChristi
1795 2080 1922 2168 ,qui
1926 2087 2088 2160 prim

2185 2095 2346 2138 ποῖον
2413 2085 2592 2162 καιρὸν
2651 2082 2842 2156 ἐδήλου
2924 2089 2984 2144 τὸ
3009 2077 3022 2080 ⁷
3067 2088 3122 2145 ἐν
3177 2091 3358 2155 αὐτοῖς
3415 2097 3622 2165 πνεῦμα
3691 2097 3826 2168 Χρι-

457 2188 640 2250 quam
662 2172 1025 2244 acciderent,
1053 2169 1392 2232 testabatur
1407 2174 1690 2230 venturus
1708 2168 1772 2228 in
1793 2167 2088 2257 Citristum

2184 2170 2310 2228 στοῦ
2405 2174 2900 2253 προμαρτυρόμενον
2983 2178 3050 2234 τὰ
3157 2179 3230 2242 εἰς
3325 2179 3548 2257 Χριστὸν
3644 2167 3824 2248 παθή-

447 2261 830 2339 afﬂictiones,
889 2265 966 2331 et,
1003 2275 1134 2338 quae
1153 2263 1350 2320 essent
1373 2255 2048 2336 consecuturw,glorias
2081 2280 2088 2322 :

2183 2281 2324 2335 ματα
2380 2261 2467 2316 καὶ
2521 2262 2617 2324 τὰς
2670 2265 2805 2338 μετὰ
2859 2275 3022 2324 ταῦτα
3110 2265 3285 2331 δόξας.
3376 2255 3481 2331 νΟἴς
3554 2265 3824 2323 ἀπεκαλύ-

451 2348 668 2428 quibus
688 2357 745 2411 et
765 2348 924 2410 illud
943 2347 1280 2436 revelatum
1297 2354 1379 2408 est
1401 2346 1565 2426 quod
1586 2345 1750 2406 haud
1785 2345 1901 2407 sibi
1922 2350 2088 2426 ipsis,

2178 2353 2307 2429 φθη,
2378 2348 2458 2406 ὅτι
2531 2353 2632 2430 οὐχ
2700 2352 2933 2429 ἑαυτοῖς,
2995 2357 3130 2430 ἡμῖν
3224 2354 3278 2410 δὲ
3341 2353 3616 2422 διηκόνουν
3663 2357 3820 2436 αὐτὰ,

449 2439 573 2500 imo
592 2437 761 2499 nobis
780 2437 1200 2498 ministrarent
1247 2435 1372 2497 hare
1388 2452 1522 2514 quae
1539 2451 1698 2496 nunc
1719 2437 2088 2498 annuntiuta

2175 2440 2298 2499 ἅνῦν
2329 2438 2593 2519 εῦηγγέλη
2623 2442 2772 2516 ὑμῖν.
2809 2445 2906 2500 Διά
2931 2448 3035 2501 τῶν
3057 2443 3543 2523 εὐαγγελισαμένων
3574 2447 3730 2525 ὑμᾶς,
3764 2435 3820 2501 ἐν

447 2535 588 2589 sunt
605 2526 767 2588 vobis
777 2543 890 2606 per
910 2543 1006 2586 eos
1029 2527 1135 2604 qui
1177 2526 1344 2586 vobis
1359 2523 1624 2604 pradica
1635 2532 1848 2585 verunt
1873 2522 2088 2587 [wan-

2174 2529 2437 2606 Πνεύματι
2509 2530 2644 2606 ἁγίῳ
2739 2532 3087 2590 ἀποσταλέντι
3332 2535 3574 2613 ούρανοῦ,
3631 2522 3725 2597 εἰς’
3789 2532 3823 2588 ἂ

444 2616 668 2694 getiam
698 2632 808 2694 per
832 2613 1130 2693 Spiritum
1155 2621 1430 2674 sanctum
1461 2613 1748 2674 emissum
1787 2613 1858 2674 de
1897 2614 2085 2676 caelo:

2170 2618 2502 2697 ἐπιθυμοῦσιν
2545 2615 2758 2697 ἄγγελοι
2789 2627 3117 2701 παρακῦψαι.
3154 2646 3182 2678 ι

443 2705 506 2764 in
537 2721 671 2784 quae
693 2701 1031 2764 desiderant
1058 2701 1262 2780 angeli
1286 2701 1652 2780 prospicere.

522 2783 1012 2870 Quandoquidem
1029 2789 1103 2850 de
1122 2789 1334 2850 animae
1348 2789 1535 2850 salute
1551 2783 1910 2852 mentionem
1929 2791 2086 2854 fece-

2248 2787 2488 2849 Ἐπειδὰν
2518 2793 2636 2870 περὶ
2665 2791 2845 2871 ψυχῆς
2893 2792 3156 2870 σωτηρίας
3225 2791 3484 2867 ἐμνήσθη,
3547 2792 3682 2860 αὕτη
3741 2792 3799 2850 δὲ

442 2891 566 2943 rat:
589 2881 719 2943 haec
747 2889 944 2940 autem
968 2898 1086 2939 non
1117 2889 1244 2941 erat
1275 2879 1602 2951 manifesta,
1639 2879 1743 2939 sed
1776 2899 1920 2942 nova
1951 2901 2084 2962 qua:

2170 2875 2357 2945 Ξὶδηλος
2415 2883 2502 2938 καὶ
2572 2880 2834 2951 ξενίζουσα
2904 2881 3001 2947 τὴν
3060 2879 3248 2956 ἀκοὴν,
3335 2881 3453 2946 τοὺς
3524 2883 3800 2963 προφήτας

441 2968 1058 3050 audierat,prophetas
1084 2967 1143 3028 in
1163 2967 1422 3029 medium
1448 2967 1835 3048 producitqui
1857 2969 1932 3031 de
1952 2973 2079 3052 ipsa

2170 2969 2382 3047 παράγει
2451 2971 2539 3026 καὶ
2596 2969 2921 3040 ἐζητηκότας
2993 2971 3080 3025 καὶ
3147 2971 3502 3048 ἡρευνηκότας
3543 2972 3660 3050 περὶ
3699 2973 3787 3028 αῦ-

437 3060 837 3140 exquisierum
871 3075 940 3118 ac
969 3056 1208 3118 scrutati
1238 3065 1394 3120 sunt.
1425 3055 1730 3136 Siquidem
1761 3059 1836 3119 de
1865 3060 2075 3123 futuris

2170 3062 2282 3124 τῆς.
2317 3059 2414 3116 Καὶ
2482 3059 2581 3136 γὰρ
2637 3057 2922 3134 ἐζήτησαν,
2993 3057 3170 3136 ὥσπερ
3245 3057 3443 3126 Δανιὴλ
3510 3061 3627 3136 περὶ
3693 3067 3800 3116 τῶν

436 3148 839 3229 exquisierunt
871 3165 886 3208 :
914 3145 1409 3227 quemadmodum
1443 3143 1777 3227 Daniel,qui
1805 3148 1878 3210 ob
1910 3149 1967 3210 id
1988 3150 2077 3213 vir

2170 3145 2484 3209 ιελλόντων,
2517 3148 2574 3210 ὃς
2604 3150 2692 3204 καὶ
2725 3145 2810 3205 διὰ
2848 3157 3022 3220 τοῦτο,
3084 3146 3215 3226 ἀνὴρ
3258 3147 3543 3223 ἐπιθυμιῶν
3599 3147 3798 3218 ἐκλήθη

435 3237 867 3298 desideriorum
885 3243 1121 3296 vocatus
1143 3243 1231 3296 est
1257 3236 1329 3296 ab
1358 3234 1590 3311 angelo,
1626 3236 1727 3316 qui
1758 3237 1932 3298 dabat
1961 3239 2074 3319 ipsi

2170 3236 2254 3293 mo'
2284 3243 2375 3292 τοῦ
2427 3238 2847 3315 χρηματίζοντος
2899 3237 3040 3308 αῦτῷ
3082 3235 3334 3315 ἀγγέλου.
3383 3238 3481 3295 Καὶ
3509 3237 3558 3292 τί
3584 3239 3796 3307 ἐζήτη-

431 3326 628 3387 divina
655 3343 962 3405 responsa.
996 3323 1066 3384 Et
1112 3323 1252 3404 quid
1277 3323 1676 3404 inquisierint,
1716 3324 2017 3406 subjungit
2055 3349 2069 3390 :

2170 3347 2270 3400 ναν,
2319 3325 2512 3404 ἀπάγει
2545 3339 2560 3355 ⁸
2595 3347 2624 3380 ι
2657 3327 2743 3389 Εἰς
2772 3325 2885 3382 τίνα
2927 3327 2964 3392 ἢ
2992 3338 3152 3382 ποῖον
3181 3327 3362 3404 καιρὸν
3415 3323 3604 3396 ἐδήλου
3651 3328 3711 3382 τὸ
3742 3327 3797 3382 ἐν

437 3413 562 3476 «Λᾶ
576 3413 732 3492 quod
753 3413 837 3474 vel
852 3412 1145 3492 ejusmodi
1158 3421 1388 3492 tempus
1399 3411 1865 3492 signiﬁcaretqui
1881 3413 1938 3476 in
1952 3414 2071 3479 illis

2170 3415 2336 3477 ιῦτοϊς
2364 3421 2598 3488 Πνεῦμα.
2628 3437 2656 3467 π
2696 3415 2780 3478 Εἰς
2831 3415 2946 3469 τίνα
3005 3413 3123 3490 μὲν,
3209 3416 3300 3469 τὸν
3362 3415 3446 3472 ἐπὶ
3507 3413 3792 3487 συντελείᾳ,

428 3501 896 3581 εποιερίτίιηεϐ.›
911 3501 994 3563 Ad
1009 3501 1949 3582 quod,nempeconsummationis
1964 3522 2071 3566 sae-

2170 3515 2302 3559 τοῖον
2333 3501 2409 3565 δὲ,
2441 3505 2534 3559 τὸν
2572 3502 2660 3560 ὅτε
2714 3516 2838 3567 ταῖς
2894 3501 3157 3582 διαφόροις
3229 3503 3623 3584 αἰχμαλωσίαις
3689 3506 3795 3562 τῶν

429 3592 645 3652 culi.cu
645 3591 911 3671 jusmodi
925 3596 1238 3670 vero,puta
1251 3608 1381 3650 cum
1400 3589 1904 3669 Judaaipervarias
1922 3610 2066 3673 cap-

2170 3589 2406 3649 ιουδαίων
2474 3593 2604 3672 πρὸς
2713 3590 2949 3659 παντελῆ
3046 3589 3334 3649 θεοσέϐειαν
3369 3592 3790 3674 ἀποκλινάντων,

429 3679 680 3741 tivitates
691 3681 762 3741 ad
779 3678 1214 3760 perfectumDei
1228 3678 1450 3740 cultum
1465 3677 2068 3762 declinantes,accep—

2170 3677 2515 3758 ύπαράδεκτοι
2581 3679 2914 3748 κατέκτησαν
2968 3681 3040 3746 εἷς
3097 3681 3156 3735 τὸ
3209 3681 3346 3737 κατὰ
3422 3683 3645 3760 Χριστὸν
3687 3705 3792 3757 μδ-

428 3769 624 3830 tabilis
645 3787 896 3832 sensus:
938 3768 1073 3827 487
1113 3766 1186 3828 ad
1210 3767 1422 3829 Christi
1455 3767 1800 3847 mysterium
1831 3771 2063 3831 Consti-

2170 3769 2390 3846 ιτήριον.
2448 3767 2644 3825 Σκόπει
2702 3765 2756 3824 δὲ
2839 3767 2920 3825 ὅτι
2987 3770 3194 3844 πνεῦμα
3266 3777 3491 3849 Χριστοῦ
3585 3772 3794 3850 εἰρηκὸς

427 3855 1396 3920 tuerentur.Animadverteautem
1418 3855 1573 3935 quod
1594 3855 1834 3936 spiritus
1854 3857 2072 3920 Christi

2170 3853 2395 3934 ιεολογεϊ
2421 3858 2512 3912 τὸν
2555 3855 2804 3936 Χριστόν,
2863 3855 3088 3928 Ἐδήλου
3161 3855 3214 3912 δὲ
3273 3864 3427 3914 τοῦτο
3471 3859 3532 3914 τὸ
3588 3865 3794 3934 πνεῦμα

425 3954 628 4026 aperte
653 3946 990 4024 speculatur
1016 3963 1086 4006 ac
1115 3944 1353 4006 disserit
1381 3944 1456 4005 de
1488 3944 1719 4005 Christo
1755 3943 2067 4023 Signiﬁca-

2170 3946 2218 4004 ῖά
2271 3946 2416 4012 πάθη
2446 3955 2537 4006 τοῦ
2565 3953 2783 4025 Χριστῦ,
2834 3943 2922 4005 διὰ
2965 3947 3062 4021 μὲν
3128 3944 3352 4004 Ἠσαίου
3409 3947 3577 4009 εἶπόν.
3639 3968 3662 4003 ι
3700 3939 3793 4011 Ὠς

425 4033 523 4095 bat
539 4041 731 4095 autem
759 4033 1117 4115 hicSpiritus
1138 4031 1487 4094 afﬂictiones
1503 4031 1740 4107 Christi,
1749 4031 2068 4112 perlsaiam

2170 4031 2412 4113 τρόϐατον
2480 4034 2566 4090 ἐπὶ
2636 4035 2846 4115 σφαγὴν
2898 4033 3071 4114 ἤχθη.
3110 4056 3134 4093 ι
3212 4037 3309 4091 Διά
3351 4033 3407 4091 δὲ
3490 4035 3738 4114 Ἰερεμίου
3772 4055 3784 4069 ⁸

423 4122 662 4202 quidem
695 4121 947 4185 dicens:
989 4120 1354 4201 c-Tanquam
1403 4120 1527 4181 ovis
1576 4120 1649 4182 ad
1703 4121 2064 4185 occisionem

2170 4145 2179 4178 l
2227 4132 2406 4198 Δεῦτε,
2433 4123 2521 4179 καὶ
2562 4121 2862 4199 ἐμϐἀλομεν
2893 4122 3042 4189 ξύλον
3071 4125 3143 4187 εἷς
3183 4125 3275 4180 τὸν
3330 4121 3482 4201 ἄρτον
3538 4129 3717 4186 αὐτοῦ.
3756 4148 3784 4179 n

420 4213 631 4273 ductus
662 4218 751 4272 est
779 4211 832 4274 7.
873 4235 895 4270 ι
934 4210 1044 4272 Per
1068 4207 1388 4272 Jeremiam
1419 4227 1557 4270 vero
1587 4227 1601 4271 :
1649 4208 2066 4286 «Venite,mit-

2170 4211 2257 4279 Γήν
2287 4208 2341 4266 δέ
2369 4211 2651 4268 ἀνάστασιν
2682 4209 2765 4268 διὰ
2793 4211 2959 4279 Ὠσηέ
2992 4227 3006 4240 ·
3049 4235 3071 4267 ι
3136 4218 3214 4289 Τῇ
3272 4213 3446 4292 ἡμέρᾳ
3513 4219 3582 4290 τῇ
3638 4215 3788 4292 τρίτῃ

422 4308 615 4360 tamus
631 4299 855 4379 lignum
873 4299 935 4360 in
957 4316 1168 4382 panem
1194 4298 1324 4378 ejus
1341 4299 1430 4362 8.»
1468 4300 1652 4360 Porro
1669 4300 2062 4363 resurrectio-

2170 4300 2548 4375 ιναστησόμεθα
2602 4300 2830 4358 ἐναντίον
2925 4301 3106 4376 αὐτοῦ,
3175 4302 3264 4357 καὶ
3341 4298 3592 4378 διώξομεν
3696 4312 3790 4360 τοῦ

418 4405 557 4449 nem
588 4405 694 4468 per
722 4384 909 4450 Osce:
944 4413 971 4444 α
1006 4386 1208 4450 Tertio
1239 4385 1336 4448 die
1354 4385 1842 4448 resuscitabimur
1861 4406 2088 4460 coram}

2170 4391 2341 4464 γνῶναι
2397 4390 2490 4444 τὸν
2547 4390 2757 4468 Κύριον,
2823 4391 2898 4452 ὣς
2955 4388 3133 4470 ὄρθρον
3189 4388 3400 4465 ἕτοιμον
3498 4391 3786 4470 εὖρήσομεν

418 4495 514 4554 eo,
547 4485 606 4540 et
637 4494 1074 4559 prosequemur
1120 4483 1184 4537 ut
1231 4493 1658 4555 cognoscamus
1717 4477 2058 4554 Dominum,

2170 4475 2324 4538 ιύτόν.
2368 4499 2393 4532 ιι
2431 4474 2802 4556 Ἀπεκαλύφθη
2858 4477 2914 4534 δέ
2969 4500 3099 4558 φησι
3154 4479 3376 4552 τούτοις,
3427 4479 3488 4536 ού
3541 4477 3608 4534 δι’
3657 4481 3786 4536 ἐαυ-

421 4573 697 4646 tanquam
724 4565 1048 4628 diluculum
1073 4573 1336 4646 paratum
1359 4563 1732 4626 inveniemus
1750 4565 1944 4645 ipsum
1961 4567 2058 4630 9.»

415 4653 520 4716 His
548 4667 744 4718 autem
768 4655 1092 4718 revelatum
1127 4661 1216 4715 est
1237 4671 1354 4714 non
1377 4665 1621 4734 propter
1639 4671 1726 4723 se,
1752 4654 1854 4714 sed
1876 4671 2059 4736 prop-

415 4751 506 4804 ter
535 4743 951 4806 vos.Cmterum
984 4743 1108 4804 haec
1127 4743 1243 4804 duo
1272 4741 1413 4803 facit
1440 4742 1534 4803 his
1563 4741 1960 4817 sermonibus,
2000 4753 2060 4806 et

413 4833 836 4914 prophetarum
862 4831 1124 4895 ostendit
1153 4831 1612 4912 providentiam,
1649 4839 1707 4892 et
1736 4831 1891 4911 quod
1921 4842 2058 4896 ante

412 4923 714 4984 conditum
735 4924 1017 4984 mundum
1040 4923 1161 5007 Deo
1185 4919 1526 5001 przecogniti
1549 4928 1713 4981 erant
1735 4919 2052 5001 quivocati

412 5029 570 5072 nunc
592 5018 728 5073 sunt
747 5012 819 5072 ad
859 5009 1078 5074 Christi
1099 5010 1304 5072 ﬁdem.
1339 5008 1644 5090 Siquidem
1665 5027 1770 5089 per
1791 5011 2054 5091 prophe-

410 5108 599 5162 tarum
620 5099 1053 5182 providentiam
1092 5098 1322 5160 inducit
1367 5117 1493 5171 eos,
1523 5117 1599 5160 ne
1621 5097 1914 5160 increduli
1935 5099 2056 5162 sint

407 5189 499 5250 his
525 5207 775 5269 quorum
808 5186 1112 5269 prophetis
1133 5205 1345 5267 magna
1383 5187 1492 5248 fuit
1515 5205 1658 5248 cura
1681 5186 1753 5248 ad
1785 5188 2052 5268 ipsorum

407 5278 718 5340 utilitatem
747 5297 760 5338 :
783 5277 922 5358 quia
937 5295 1046 5340 nec
1067 5277 1173 5338 ﬁlii
1205 5277 1528 5358 prudentes
1547 5285 1826 5357 paternos
1848 5278 2053 5361 despi-

406 5366 569 5430 ciunt
599 5367 853 5431 labores.
911 5367 1145 5430 Etenim
1197 5366 1248 5427 si
1306 5367 1432 5429 hac
1459 5365 1574 5448 ipsi
1602 5365 1963 5447 quaesierunt
1994 5379 2054 5432 et

2141 4567 2289 4641 τοὺς,
2322 4563 2458 4621 ἀλλὰ
2485 4563 2551 4621 δι’
2605 4567 2763 4642 ὑμᾶς,
2822 4568 2924 4624 Δύο
2963 4565 3018 4622 δὲ
3073 4576 3240 4625 ταῦτα
3296 4565 3379 4622 διὰ
3437 4568 3634 4625 τούτων
3690 4567 3784 4646 ἐρ-

2141 4656 2355 4733 γάζεται
2407 4653 2515 4710 τῶν
2573 4652 2767 4733 λόγων,
2827 4658 2889 4712 τό
2941 4677 2998 4711 τε
3039 4654 3307 4734 προμηθὲς
3351 4661 3456 4711 τῶν
3497 4664 3782 4737 προφητῶν

2141 4741 2556 4818 ἐνδεικνύμενος,
2601 4745 2689 4800 καὶ
2730 4745 2791 4802 τὸ
2839 4742 2919 4802 δτι
2989 4741 3416 4822 προεγνωσμένοι
3474 4744 3609 4812 ἦσαν
3666 4751 3783 4819 Θεῷ

2139 4828 2440 4898 καταϐολῆς
2497 4831 2699 4908 κόσμου
2765 4835 2812 4888 οἱ
2881 4835 2968 4890 νῦν
3023 4830 3302 4900 κληθέντες
3359 4833 3431 4896 εἷς
3488 4834 3587 4900 τὴν
3642 4836 3783 4890 κατὰ

2139 4922 2361 5001 Χριστὸν
2433 4923 2630 4981 πίστιν.
2698 4923 2796 4978 Διά
2845 4922 2940 4998 μὲν
2996 4921 3086 4980 οὖα
3169 4927 3262 4977 τοῦ
3313 4925 3421 4976 τῶν
3493 4929 3779 5002 προφητῶν

2137 5013 2440 5090 προμηθοῦς
2511 5009 2686 5088 ἐνάγει
2781 5012 2966 5075 αὐτοὺς
3043 5033 3122 5087 μη
3178 5009 3407 5075 ἀπειθῶς
3477 5008 3774 5078 διατεθῆναι

2135 5101 2266 5177 πρὸς
2295 5099 2360 5154 τὰ
2441 5101 2543 5155 ὑπὸ
2597 5101 2704 5157 τῶν
2762 5107 3046 5180 προφητῶν
3095 5099 3279 5162 αύτοτς
3325 5101 3772 5181 πεφραντισμένα,

2136 5189 2216 5245 ὅτι
2245 5187 2380 5265 μηδὲ
2435 5190 2532 5244 υἱοὶ
2604 5190 2866 5270 σώφρονες
2938 5195 3208 5269 πατρικῶν
3265 5187 3441 5244 πόνων
3494 5211 3772 5269 καταφρο-

2137 5278 2370 5336 νοῦνται.
2432 5279 2489 5334 Εἰ
2532 5279 2630 5356 γὰρ
2714 5281 2858 5338 αὐτοὶ
2909 5276 3075 5356 μηδὲν
3145 5279 3430 5348 ὁνήσασθαι
3489 5277 3772 5353 μέλλοντες

2139 5371 2401 5441 ἐζήτησαν
2441 5369 2528 5422 καὶ
2589 5367 2757 5448 εύρον,
2817 5370 2904 5425 καὶ
2965 5367 3199 5446 εὑρόντες
3256 5362 3482 5443 βιϐλίοις
3552 5367 3774 5448 ἐγκατέ-

487 5546 520 5596 ϐ
561 5544 710 5612 Dan.
742 5561 824 5622 ix,
856 5545 960 5613 23.
1003 5547 1031 5596 7
1063 5549 1178 5610 Isa.
1211 5561 1330 5626 Lm,
1361 5547 1424 5609 7.
1469 5548 1501 5597 8
1523 5548 1743 5613 Jerem.
1774 5554 1978 5626 11,19.
2021 5554 2057 5606 9
2086 5554 2244 5620 Osee
2266 5563 2350 5625 η,
2383 5545 2445 5610 3.
