4180 6212
286 435 455 513 θεντο,
514 435 694 516 ὥσπερ

292 522 386 579 οὒκ
416 521 478 577 ἂν
507 525 703 600 εἴημεν
729 529 914 602 ἡμεῖς,
949 527 1099 608 φησὶ,
1133 526 1344 609 δίκαιοι,
1406 531 1522 608 περὶ
1574 538 1738 586 ταῦτα
1768 552 1936 586 κατα-

295 615 624 690 φρονητικῶς
666 612 906 694 ἔχοντες.
960 617 1057 672 Διά
1084 639 1164 673 τοι
1222 625 1374 673 τοῦτο
1445 617 1580 694 μηδὲ
1637 620 1778 693 ἡμᾶς
1820 619 1938 680 τοὺς

295 699 791 778 εὗαγγελιζομένους
862 703 996 778 ὑμᾶς
1080 715 1244 764 ταῦτα
1302 703 1442 785 παρά
1511 705 1705 786 φαῦλον
1762 707 1936 763 τιθέν-

293 809 378 850 τες
407 791 560 846 κενὸν
590 791 902 872 ἀποφαίνετε
955 795 1016 850 τὸ
1073 794 1383 874 εὒαγγέλιον
1441 798 1620 871 ἡμῶν.
1688 797 1784 852 Διά
1841 796 1937 870 μὲν

295 879 382 932 οὗ)
453 881 546 935 τοῦ
599 885 903 960 προμηθοῦς
974 883 1079 940 τῶν
1151 890 1439 964 προφητῶν
1483 891 1668 943 ταῦτα.
1745 886 1842 940 Διά
1881 883 1938 940 δὲ

291 973 386 1022 τοῦ
426 972 786 1047 προεγνῶσθαι
813 973 914 1028 ὑπὸ
971 979 1100 1029 Θεοῦ
1153 970 1309 1052 φοϐεῖ
1369 974 1446 1049 μὴ
1516 971 1748 1039 ἀναξίους
1821 973 1940 1028 ἐαυ-

291 1055 413 1118 τοὺς
441 1061 539 1123 τῆς
580 1068 673 1118 τοῦ
703 1067 833 1119 Θεοῦ
864 1061 1211 1140 προγνώσεως
1260 1061 1550 1142 ἀποφῆναι,
1598 1059 1734 1138 μηδὲ
1815 1061 1939 1116 ἀνα-

292 1141 428 1208 ξίους
484 1151 586 1213 τῆς
644 1148 744 1204 ὑπὸ
800 1150 986 1206 τούτου
1081 1141 1390 1226 κλήσεωςχ
1448 1149 1584 1207 ἀλλὰ
1687 1149 1936 1206 κατεπεί-

291 1237 476 1310 γεσθαι
547 1235 797 1307 ἀλλήλων
878 1240 951 1302 εἷς
1049 1241 1109 1295 τὸ
1192 1238 1474 1305 ἀξιωθῆναι
1560 1245 1657 1306 τῆς
1741 1236 1939 1317 δωρεᾶς

290 1329 385 1379 τοῦ
442 1330 592 1387 Θεοῦ.
660 1347 684 1381 ι
724 1328 821 1382 Διά
887 1333 993 1383 τῶν
1052 1325 1546 1406 εὒαγγελυσαμένων
1616 1330 1777 1403 ὑμᾶς,
1817 1348 1844 1386 ι
1883 1327 1939 1383 Εἰ

289 1412 381 1467 καὶ
410 1413 554 1470 αὐτοὶ
584 1415 669 1471 καὶ
741 1417 788 1472 οἱ
844 1421 1109 1497 προρῆται
1178 1419 1233 1473 ἓν
1277 1418 1538 1492 Πνεῦματι
1591 1419 1724 1496 ἁγίῳ
1781 1415 1935 1494 ἐνήρ-

289 1522 485 1586 γησαν,
521 1505 696 1578 οἱμὲν
736 1505 834 1571 τὴν
862 1507 1207 1586 προφητείαν,
1259 1507 1306 1562 οἱ
1364 1503 1418 1562 δὲ
1475 1506 1536 1562 τὸ
1597 1502 1936 1584 Εὒαγγέλιον,

293 1585 438 1645 οὐδὲν
478 1596 676 1649 τούτων
701 1593 761 1649 τὸ
810 1585 1084 1675 διαφρορον
1113 1595 1242 1673 πρὸς
1299 1597 1420 1658 τοὺς
1477 1597 1776 1674 προφήτας.
1845 1604 1939 1649 Δεῖ

291 1680 460 1738 τοίνυν
529 1682 628 1743 τὴν
676 1682 839 1752 αὒτιὶν
899 1683 1130 1751 σπουδὴν
1207 1685 1370 1762 ὑμᾶς,
1431 1686 1611 1763 φησὶν.
1686 1683 1952 1760 εἷσάγειν,’

291 1765 362 1834 ἢν
404 1770 490 1825 καί
519 1771 564 1826 οἱ
595 1773 850 1841 κατήκοοι
877 1778 982 1828 τῶν
1053 1780 1359 1853 προφητῶν,
1431 1770 1524 1828 ἵνα
1578 1773 1653 1848 μὴ
1710 1778 1778 1839 τῇ
1836 1774 1938 1827 τῶν

1380 269 1778 372 aestima.
1822 269 1906 369 ibi
1951 273 2195 370 EPIST.
2240 307 2268 369 I
2313 297 2372 372 s.
2420 285 2673 373 PETRI.

802 439 917 494 τινὰ
972 425 1169 516 κλῆρον
1252 422 1388 516 ημῖν
1470 440 1929 520 παραπέμποντες,

2023 424 2564 510 invenerunt,cuiii
2625 439 2742 502 sibi
2795 435 3092 521 proﬁtur'a'
3138 435 3268 502 non
3309 427 3665 524 catmum:

3551 283 3684 373 δεῖ

2023 535 2311 607 ventaque
2344 527 2512 589 libris
2546 529 2916 604 mandarunt,
2951 533 3226 610 tanquam
3258 524 3663 590 haereditatem

2022 613 2092 674 ad
2128 634 2233 674 nos
2263 616 3131 699 transmittentes,nequaquam
3149 618 3308 697 juste
3330 613 3667 700 ageremus,

2021 701 2234 782 inquit,
2271 703 2318 764 si
2353 704 2410 764 in
2445 705 2536 765 his
2563 705 2934 786 negligentes
2966 701 3274 768 essemus:
3312 703 3676 786 quapropter

2022 809 2213 870 neque
2237 791 2500 870 abjectos
2519 813 2585 855 ac
2610 803 2819 856 tenues
2852 815 2960 856 nos
2991 793 3279 856 ducentes
3310 796 3404 874 qai
3431 791 3555 852 haec
3577 795 3671 851 vo-

2022 878 2112 938 bis
2143 881 2771 956 annuntiamus,inane
2803 884 3127 945 ostendatis
3153 879 3525 960 evangelium
3557 898 3671 940 no-

2021 973 2231 1026 strum.
2267 967 2408 1029 Herc
2442 970 2636 1050 itaque
2669 990 2740 1033 ex
2799 971 3169 1052 providentia
3221 968 3664 1051 prophetarum.

2026 1058 2134 1116 l'er
2166 1056 2277 1116 hoc
2307 1065 2501 1118 autem
2533 1060 2691 1138 quod
2720 1081 2753 1122 a
2779 1060 2898 1121 Deo
2923 1057 3260 1141 praecognitl
3288 1067 3447 1141 sunt,
3486 1064 3590 1118 teri
3611 1063 3670 1117 et

2023 1161 2125 1203 eos
2155 1161 2228 1204 ne
2245 1161 2308 1204 se
2331 1137 2608 1224 indignos
2635 1137 2949 1209 exhibeant
2967 1147 3162 1207 divina
3176 1137 3547 1224 praescie'ntia
3570 1151 3672 1205 aut

2022 1232 2208 1311 ipsius
2243 1234 2570 1315 vocatione,
2594 1237 2697 1297 sed
2732 1245 2978 1315 urgeant
3024 1236 3273 1296 invicem
3305 1241 3362 1293 et
3395 1233 3675 1294 exstimu-

2025 1319 2168 1388 lent,
2208 1333 2271 1380 ut
2307 1320 2481 1382 domo
2517 1324 2733 1386 Christi
2767 1324 2930 1404 digni
2965 1324 3316 1406 habeantur,
3352 1344 3379 1376 α
3426 1319 3543 1381 Per
3567 1334 3672 1381 eos

2024 1408 2119 1487 qui
2146 1409 2309 1469 vobis
2337 1411 2804 1490 praedicaverunt
2856 1412 3260 1490 Evang'elium.
3289 1434 3307 1466 ι
3344 1408 3407 1471 Si
3430 1417 3491 1470 et
3525 1421 3667 1488 pro-

2024 1498 2217 1577 phetae
2249 1507 2305 1559 et
2327 1500 2420 1559 isti
2455 1519 2558 1581 per
2578 1501 2859 1582 Spiritum
2891 1513 3155 1562 sanctum
3183 1498 3503 1560 efficaciter
3526 1511 3671 1578 ope-

2024 1586 2132 1644 rati
2161 1595 2335 1648 sunt:
2372 1588 2458 1649 illi
2489 1592 2731 1669 quidem
2788 1592 2847 1651 in
2906 1588 3234 1671 prophetia,
3292 1587 3386 1647 isti
3445 1604 3582 1647 vero
3610 1589 3670 1646 in

2022 1673 2357 1752 Evangelio:
2384 1678 2527 1738 nihil
2558 1679 2650 1739 his
2674 1679 2970 1741 diversum
2994 1687 3127 1740 esta
3155 1676 3480 1758 prophetis:
3499 1691 3674 1758 opor-

2024 1770 2104 1822 tet
2132 1763 2476 1840 igituridem
2501 1767 2764 1828 studium
2792 1787 2889 1828 vos
2906 1768 3117 1828 atferre
3146 1755 3307 1844 quod
3333 1755 3672 1824 habuerunt

292 1854 692 1925 ἀπειθησάντων
747 1874 864 1923 τοῖς
920 1850 1217 1942 προφήταις
1273 1850 1603 1927 ὕπὸϐληθῆτε
1687 1859 1929 1939 τιμωρίᾳ.

2024 1851 2108 1910 illi
2140 1852 2240 1942 qui
2261 1855 2577 1942 prophetis
2604 1855 2820 1929 obtem;
2849 1864 3083 1918 erantes
3104 1850 3666 1942 fuerunt,ne-eidem

293 1942 754 2023 Ἐπεισημαντὲον
809 1946 862 2004 δὲ
910 1948 990 2006 ὅτι
1050 1947 1134 2006 διὰ
1190 1950 1388 2006 τούτων
1457 1951 1517 2004 τὸ
1563 1954 1660 2015 τῆς
1721 1947 1935 2026 Τριάδος

291 2037 584 2115 μυστήριον
615 2039 642 2094 ὁ
674 2037 866 2118 Πέτρος
922 2038 1308 2098 ἀποκαλύπτει.
1366 2041 1485 2094 Υἱὸν
1555 2039 1640 2094 καὶ
1704 2044 1932 2112 Πνεῦμα,

290 2121 377 2182 διὰ
417 2135 509 2184 τοῦ
539 2126 730 2202 εἰπεῖν,
769 2134 976 2204 Πνεῦμα
1020 2135 1266 2204 Χριστοῦ,
1327 2129 1416 2183 τὸν
1486 2125 1540 2182 δὲ
1594 2125 1799 2203 Πατέρα
1855 2125 1940 2182 διὰ

291 2211 385 2269 τοῦ
414 2215 606 2289 εἰπεῖν,
639 2213 764 2272 Ἀπ’
813 2217 1050 2294 οὖρανοῦ.
1109 2200 1188 2274 lli)~
1233 2214 1313 2288 δὲ,
1369 2213 1495 2272 Ἀπ’
1539 2211 1779 2292 οὗρανοῦ,
1861 2214 1938 2290 μὴ

290 2309 526 2365 τοπικῶς
565 2301 775 2382 λαϐεῖν,
822 2303 957 2360 ἀλλά
1015 2306 1151 2360 κατά
1204 2305 1478 2385 ὑπεροχὴν
1534 2304 1939 2382 προηγουμένην

291 2396 442 2448 Θεοῦ,
497 2415 525 2446 α
560 2389 649 2448 Ἐν
699 2393 959 2468 Πνεύματι
1032 2394 1166 2471 ἁγίῳ
1213 2392 1562 2450 ἀποσταλέντι
1625 2391 1717 2449 ἀπ’
1789 2394 1940 2470 οὐρα-

290 2485 401 2540 νοῦ,
435 2502 457 2536 ι
521 2482 592 2537 Τὸ
648 2479 702 2536 ἐν
759 2487 827 2558 τῇ
882 2481 1056 2562 ἡμέρᾳ
1126 2488 1223 2548 τῆς
1297 2483 1670 2550 Πεντηκοστῆς
1723 2479 1938 2560 γεγονός

289 2590 439 2646 ιρησι.
471 2646 478 2648 _
505 2570 576 2626 Τὸ
624 2567 703 2644 δὲ,
757 2590 780 2624 α
843 2572 928 2634 Εἷς
988 2571 1020 2627 ἃ
1078 2571 1412 2645 ἐπιθυμοῦσιν
1460 2568 1700 2648 ἄγγελοι,
1741 2594 1766 2624 ι
1828 2568 1939 2626 ἀντὶ

288 2663 406 2735 τοῦ,
443 2646 521 2713 ΗΑ
569 2659 654 2713 καὶ
699 2655 914 2736 ἄγγελοι
972 2657 1328 2734 ἐπεθύμησαν,
1375 2658 1664 2738 τουτέστιν,
1709 2661 1782 2713 ῶν
1838 2658 1938 2725 τὴν

290 2751 485 2821 γνῶσιν
517 2747 604 2802 καὶ
661 2746 760 2814 τὴν
818 2745 1031 2804 ἔκϐασιν
1058 2750 1146 2804 καὶ
1206 2748 1348 2804 αὖτοὶ
1405 2750 1450 2804 0i
1483 2745 1698 2826 ἄγγελοι
1755 2746 1938 2803 ἐπεθύ-

289 2855 488 2905 μησαν,
545 2831 622 2892 Ει⁹
685 2838 713 2892 ὃ
770 2837 860 2893 καὶ
942 2837 1233 2916 γινομένων
1288 2836 1394 2893 τῶν
1447 2837 1721 2909 τοιούτων,
1777 2857 1932 2915 περι-

287 2924 509 3001 χαρείας
540 2925 669 3000 ᾗσον
697 2927 780 3001 τὸ,
821 2948 847 2980 ιι
884 2925 1019 2992 Δόξα
1049 2925 1102 2982 ἔν
1131 2926 1390 3002 ὑψίστοις,
1428 2949 1455 2980 io

1950 3053 1988 3103 C

927 3106 1288 3179 KE¢AA.BZ

289 3223 316 3255 ι
352 3203 470 3280 Περὶ
502 3201 709 3269 ἐλπίδος
751 3205 838 3260 καὶ
867 3205 1154 3283 ἁγιασμοῦ,
1206 3211 1299 3282 τῇς
1353 3225 1411 3260 τε
1467 3201 1816 3283 ὀφειλομένης
1841 3202 1926 3258 ἐπὶ

566 3290 635 3359 τῇ
664 3285 890 3356 υἱοθεσία
918 3281 1180 3364 ἀσφαλοῦς
1212 3281 1564 3364 ἀναστροφῆς.
1605 3305 1628 3341 ι

369 3392 391 3424 ι
466 3369 546 3426 Δι’
603 3372 632 3428 ὃ
692 3371 1089 3448 ἀναζωσάμενοι
1144 3375 1238 3436 τὰς
1295 3373 1489 3451 ὀσφύας
1541 3373 1641 3438 τῆς
1694 3367 1918 3434 διανοίας

276 3460 447 3534 ὑμῶν,
507 3462 760 3542 νήφοντες
848 3461 1062 3528 τελείως
1141 3461 1387 3520 ελπίσατε
1450 3461 1535 3518 ἐπὶ
1589 3461 1688 3528 τὴν
1755 3481 1916 3539 φερο-

277 3548 445 3623 μένην
543 3549 670 3625 ὕμλῐν
725 3551 883 3631 χάριν
973 3551 1301 3628 ἀποκαλύψει
1404 3550 1578 3618 ἰησοῦ
1666 3555 1911 3628 Χριστοῦ,

275 3639 349 3699 ὡς
431 3635 589 3694 τέκνα
658 3639 919 3715 ὑπακοῆς,
996 3641 1072 3715 μὴ
1176 3638 1695 3722 συσχηματιζόμενοι
1794 3651 1914 3701 ταῖς

277 3725 528 3803 πρότερον
555 3727 612 3782 ἓν
643 3731 709 3803 τῇ
735 3727 919 3805 ἀγνοίᾳ
946 3730 1091 3804 ὑμῶν
1122 3728 1439 3808 ἐπιθυμίαις,
1495 3726 1630 3783 ἀλλά
1658 3727 1794 3783 κατά
1824 3728 1914 3782 τὸν

275 3812 572 3871 καλέσαντα
627 3817 760 3891 ὑμᾶς
828 3816 998 3893 ἅγιον,
1073 3819 1160 3874 καὶ
1217 3821 1360 3876 αὐτοὶ
1453 3816 1596 3894 ἅγιοι
1649 3815 1704 3871 ὲν
1772 3816 1918 3892 πάσῃ

276 3904 577 3984 ἀναστροφῇ
603 3907 882 3984 γενήθητε,
921 3903 1065 3962 Διότι
1096 3906 1411 3987 γέγραπται,
1475 3897 1662 3984 ’Ἅγιοι
1719 3905 1919 3984 γίνεσθε

278 3991 357 4048 ὅτι
403 3993 511 4071 ἐγὼ
539 3991 688 4071 ἅγιός
717 3995 846 4068 εἰμι.
881 4017 910 4050 ι

358 4167 734 4248 Λῖτιολογικῶς
791 4172 897 4229 ἀπὸ
961 4165 1069 4228 τῶν
1097 4169 1570 4252 προτετιμημένων
1637 4171 1672 4238 ἡ
1745 4170 1914 4248 παρά-

274 4257 490 4325 κλησις,
551 4260 727 4318 Εἰπὼν
819 4261 918 4340 γὰρ
995 4260 1075 4317 ὅτι
1149 4262 1195 4316 οἱ
1252 4261 1519 4339 προφῆται
1600 4255 1918 4325 διηκόνησαν

2021 1939 2310 2018 supplicio
2337 1943 2738 2021 subjiciamini
2763 1964 2899 2006 cum
2931 1945 3024 2006 his
3056 1943 3156 2023 qui
3205 1939 3506 2021 prophetis
3535 1940 3666 2000 fue-

2021 2037 2158 2088 runt
2188 2027 2505 2094 increduli.
2541 2032 3145 2094 Animadvertendum
3179 2039 3267 2090 est
3287 2033 3486 2090 autem
3508 2024 3667 2108 quod

2022 2133 2128 2194 per
2155 2115 2282 2175 hinc
2335 2117 2642 2182 Trinitatis
2675 2122 3017 2202 mysterium
3049 2124 3256 2180 Petrus
3287 2115 3662 2176 manifestat:

2020 2202 2234 2264 Filium
2265 2213 2322 2266 et
2345 2205 2625 2288 Spiritum
2650 2230 2782 2271 cum
2803 2211 2948 2271 dicit
2969 2209 3244 2288 Spiritus
3271 2204 3529 2275 Christi,
3551 2204 3666 2264 Pa-

2022 2299 2170 2352 trem
2201 2311 2339 2356 vero
2370 2295 2428 2356 in
2463 2315 2532 2359 eo
2589 2300 2744 2380 quod
2805 2299 3072 2380 sequitur
3106 2296 3195 2357 De
3251 2293 3415 2355 caelo.
3480 2293 3668 2380 Porro

2022 2383 2188 2459 quod
2208 2383 2282 2441 ait
2320 2383 2412 2446 De
2440 2378 2623 2460 caelo,—
2646 2407 2759 2448 non
2792 2378 3122 2450 secundum
3156 2383 3350 2445 locum
3377 2378 3660 2458 accipias,

2019 2471 2123 2557 sed
2148 2485 2253 2549 per
2282 2474 2692 2536 excellentiam
2715 2495 2846 2557 qua;
2869 2477 3190 2556 praesertim
3217 2473 3340 2534 Deo
3363 2467 3660 2557 convenit.

2029 2581 2047 2611 ι
2089 2556 2200 2618 Per
2227 2558 2509 2640 Spiritum
2545 2553 2814 2626 sanctum
2840 2553 3124 2627 emissum
3143 2563 3215 2622 de
3237 2558 3416 2620 cce‘lo.
3454 2578 3484 2617 ι
3517 2553 3660 2617 488

2021 2644 2303 2725 Loquitur
2333 2649 2408 2711 de
2439 2671 2508 2712 eo
2542 2653 2696 2733 quod
2725 2654 2785 2714 in
2809 2653 2906 2714 die
2935 2655 3310 2714 Pentecostes
3333 2645 3552 2707 factum
3582 2645 3671 2706 fu-

2020 2746 2166 2794 erat.
2204 2734 2610 2816 lllud_autetn,
2653 2764 2676 2797 ιι
2712 2740 2776 2802 In
2800 2760 2930 2821 quae
2947 2740 3287 2802 desnderant
3311 2735 3505 2813 angeli
3529 2752 3670 2816 pro-

2015 2824 2306 2902 spicerezn
2338 2828 2561 2890 hoeest
2583 2849 2714 2911 quae
2743 2831 2936 2910 angeli
2966 2846 3200 2910 quoque
3213 2824 3661 2906 concupiscunt:

2016 2923 2260 2993 propter
2281 2918 2437 2996 quod
2463 2919 2805 2995 etiamdum
2826 2917 3163 2999 hujusmodi
3187 2917 3378 2986 fieret,
3393 2930 3462 2975 ex
3479 2912 3663 2974 abun-

2015 3000 2178 3063 danti
2194 3005 2406 3082 gaudio
2422 3010 2789 3070 cecinerunt:
2814 3009 3046 3073 «Gloria
3062 3010 3123 3068 in
3135 3002 3437 3068 altissimis
3447 3001 3658 3063 Deo'Ob

2665 3110 2908 3175 CAPUT
2940 3110 3016 3173 ll.

2009 3193 2097 3254 De
2107 3211 2210 3274 spe
2229 3199 2778 3278 etsanctiﬁcatio-ne
2801 3199 3094 3280 ﬁrmaque
3121 3200 3511 3280 conversione
3530 3195 3663 3272 qui!

2272 3284 2615 3340 necessaria
2646 3289 2728 3341 est
2757 3278 3391 3360 prieter’adoptionem

2044 3365 2088 3432 Ι,
2113 3364 2241 3425 l3-l
2255 3366 2461 3442 6.Qua
2464 3375 2720 3447 propter
2739 3371 3028 3429 succincti
3050 3365 3266 3427 lumbis
3302 3373 3523 3429 mentis
3548 3383 3654 3430 ve-

1997 3455 2359 3525 strw,sobrii
2379 3459 2644 3534 perfecte
2664 3463 2902 3537 sperate
2925 3459 2990 3517 in
3012 3472 3145 3517 eam
3167 3471 3298 3533 quae
3320 3455 3402 3516 ad
3426 3474 3529 3518 vos
3550 3457 3649 3518 de-

1994 3541 2194 3618 fertur
2208 3547 2480 3622 gratiam
2493 3599 2500 3614 ,
2511 3546 2655 3607 dum
2670 3546 2835 3608 vobis
2849 3541 3450 3621 manifestaturlesus
3476 3544 3651 3607 Chri-

1996 3635 2120 3690 stus
2136 3639 2418 3709 (iniquam
2427 3636 2540 3716 [itii
2551 3636 2881 3696 obedientes
2898 3651 3016 3695 non
3029 3632 3544 3696 accommodantes
3553 3648 3656 3695 vos

1996 3723 2270 3797 pristinis
2289 3723 3031 3804 concupiscentiis,quibus
3043 3723 3185 3783 dum
3198 3723 3396 3784 adhuc
3409 3723 3652 3800 ignora-

1998 3809 2144 3868 retis
2172 3808 2478 3872 Christum
2503 3815 2892 3893 agebamini:
2923 3811 3026 3874 sed
3066 3811 3570 3891 quemadmodum
3598 3811 3649 3873 is

2005 3897 2110 3974 qui
2131 3913 2232 3957 vos
2253 3906 2455 3961 vocavi
2463 3913 2480 3962 ι
2498 3911 2741 3964 sanctus
2754 3902 2958 3975 cst,ita
2971 3903 3090 3982 ipsi
3103 3917 3340 3980 quoque
3371 3901 3571 3962 sancti
3591 3904 3656 3962 in

2006 3986 2168 4046 omni
2203 4003 2650 4054 conversatione
2696 3991 3042 4053 reddamim'
3077 4013 3090 4050 :
3135 3996 3453 4070 propterea
3495 3987 3654 4069 quod

2000 4080 2290 4154 script-um
2311 4079 2427 4140 sit:
2453 4081 2668 4142 Sancti
2691 4087 2896 4152 estate,
2919 4097 3059 4141 nam
3089 4096 3193 4158 ego
3211 4083 3454 4139 sanctus
3490 4093 3648 4139 sum.

2084 4166 2194 4223 l’er
2211 4183 2384 4227 causa
2416 4193 2443 4225 »ί
2474 4169 2722 4230 infertur
2749 4169 3078 4230 exhortatio
3099 4187 3168 4229 ex
3202 4168 3294 4228 bis
3317 4183 3449 4246 quae
3479 4166 3648 4248 prius

1999 4253 2061 4312 in
2095 4253 2320 4314 honore
2351 4256 2601 4318 fuerant.
2657 4260 2801 4321 Cum
2845 4259 3004 4319 enim
3034 4258 3302 4337 dixisset,
3334 4255 3646 4336 Propheta;

273 4348 401 4423 ὑμῖν
430 4349 497 4402 τὰ
566 4349 664 4415 τῆς
711 4351 973 4430 σωτηρίας
1016 4351 1186 4426 ὑμῶν,
1259 4355 1420 4404 ταῦτα
1490 4345 1652 4411 οὕτως
1707 4345 1772 4414 ἦν
1801 4349 1919 4402 010-

2014 4341 2596 4410 subminislraverunt
2624 4348 2790 4408 vobis
2821 4367 2950 4429 quae
2980 4355 3227 4409 vestram
3276 4353 3648 4406 concernunt

273 4437 474 4512 μαστά,
507 4438 580 4501 ὡς
651 4442 738 4495 καὶ
805 4437 1051 4519 ἀγγέλοις
1096 4439 1318 4515 ἐράσμια
1387 4440 1711 4502 καταστῆναι
1745 4451 1759 4466 ⁸

272 4524 353 4581 ὅτι
403 4525 631 4606 ὲράσμια
699 4529 787 4585 καὶ
843 4533 1024 4596 αὐτοῖς
1081 4536 1268 4607 ταῦτα,
1341 4525 1534 4592 ἔδειξαν
1602 4525 1692 4605 ἀφ’
1733 4525 1809 4581 ὧν
1865 4525 1925 4581 ἐκ

269 4616 614 4694 περιχαρείας
681 4616 735 4672 ἐν
789 4625 858 4694 τῇ
895 4620 1136 4697 γεννήσει
1195 4625 1434 4696 Χριστοῦ,
1513 4616 1574 4670 τὸ
1638 4638 1666 4668 ι
1705 4613 1838 4697 Δόξα
1868 4613 1922 4670 ἐν

271 4693 538 4780 ὑψίστοις,
589 4728 616 4760 ι
665 4693 962 4781 ἒμελῷδοῦν
1007 4713 1141 4782 Θεῷ.
1178 4693 1354 4763 Εἰπὼν
1395 4704 1450 4760 δὲ
1497 4713 1685 4777 ταῦτα,
1734 4693 1920 4782 ὲπῗάγει

267 4791 331 4866 τὸ
376 4790 554 4850 αἴτιον
585 4794 783 4850 τούτων
825 4796 915 4851 καί
979 4818 1140 4877 φησιν
1174 4810 1188 4824 ⁶

269 4877 686 4957 δεδιηκονημένα
745 4883 871 4959 ὑμῖν
929 4891 1057 4941 πᾶσι
1139 4885 1226 4941 καὶ
1298 4883 1521 4962 ἐράσμια
1590 4882 1676 4937 καὶ
1731 4879 1920 4959 τριπό-

269 4971 408 5037 θητα
436 4971 495 5027 οὐ
542 4970 704 5045 μόνον
767 4972 1085 5052 ἀνθρώποις,
1143 4971 1279 5028 ἀλλά
1340 4972 1428 5028 καὶ
1497 4969 1766 5049 ἀγγέλοις,
1839 4965 1922 5024 διὰ

269 5067 427 5115 τοῦτο
481 5059 619 5135 μηδὲ
704 5063 858 5138 ὑμεῖς
936 5061 1150 5138 ἀμελῶς
1211 5062 1342 5141 πρὸς
1416 5061 1544 5118 αὐτὰ
1624 5056 1916 5129 διατεθῆτε,

270 5145 410 5202 ἀλλά
451 5150 804 5218 συντείναντες
870 5151 1082 5216 ἑαυτοὺς
1144 5152 1233 5207 καὶ
1289 5146 1537 5228 ἀνδρικῶς
1580 5143 1917 5211 διατεθέντες,

274 5244 440 5293 Τοῦτο
481 5239 581 5318 γὰρ
611 5240 696 5295 διὰ
752 5249 846 5298 τοῦ
900 5240 1267 5313 ἀναζώσασθαι
1319 5241 1412 5300 τὰς
1457 5237 1651 5316 ὀσφύας
1707 5233 1868 5302 δηλοῖ
1903 5251 1916 5264 ⁹

268 5323 296 5378 ὃ
394 5327 484 5382 καὶ
548 5329 576 5383 ὁ
661 5325 784 5386 Ἰὼϐ
880 5330 1268 5408 προστάσσεται
1369 5329 1498 5398 πρὸς
1593 5333 1684 5384 τοῦ
1765 5331 1916 5382 Θεοῦ.

272 5410 501 5494 Ὀσφῦας
533 5412 588 5472 δὲ
617 5417 772 5484 ποίας
802 5417 1095 5501 ἐσήμανεν,
1149 5417 1228 5474 ὅτι
1284 5416 1376 5481 τὰς
1418 5421 1518 5482 τῆς
1562 5411 1792 5479 διανοίας
1835 5415 1922 5475 λέ-

353 5549 414 5602 ¹⁰
445 5550 591 5615 Luc.
623 5567 668 5629 ι,
700 5552 801 5616 14.

839 5673 1101 5740 Ρλτιιοι..
1139 5679 1252 5740 Gn.
1286 5672 1498 5738 CXIX.

1253 4794 1401 4853 Ἐπεὶ
1453 4795 1543 4850 οῦν
1613 4791 1828 4848 τοιαῦτα
1857 4794 1921 4846 τὰ

1833 4439 1918 4493 καὶ
1943 4427 1984 4475 Π
2006 4435 2253 4499 salutem
2291 4444 2348 4496 et
2378 4435 2498 4496 haee
2527 4445 2673 4497 adeo
2706 4427 3056 4498 admiranda
3112 4441 3280 4496 erant
3327 4443 3390 4494 ut
3417 4431 3650 4511 angelis

2005 4542 2238 4607 quoque
2269 4525 2547 4588 amabilia
2567 4527 2988 4588 efﬁcerentur:
3020 4533 3078 4585 et
3098 4524 3254 4605 quod
3279 4522 3649 4603 ipsiquoque

2005 4616 2130 4678 haec
2163 4627 2362 4677 essent
2392 4615 2666 4676 amabilia
2695 4615 3176 4677 demonstrarunt
3204 4613 3265 4672 in
3298 4630 3369 4672 eo
3391 4613 3548 4692 quod
3574 4627 3646 4671 ex

2003 4703 2322 4766 abundanti
2353 4705 2568 4784 gaudio
2601 4704 2660 4763 in
2691 4706 2992 4765 nativitate
3013 4701 3232 4763 Christi
3261 4701 3517 4762 dulciter
3538 4717 3644 4762 ce-

2004 4792 2299 4872 cinerunt,
2340 4793 2574 4858 «Gloria
2605 4794 2663 4853 in
2696 4794 2996 4854 aliissimis
3031 4795 3174 4854 Deo.
3205 4813 3232 4848 ι
3258 4789 3364 4850 His
3394 4805 3533 4866 ergo
3557 4791 3649 4851 di-

2005 4881 2134 4944 ctis.
2168 4903 2235 4944 ex
2256 4886 2520 4964 ipsorum
2546 4901 2723 4945 causa
2746 4881 3071 4962 subjungit,
3094 4880 3325 4940 dicens:
3356 4878 3646 4951 Quoniam

2005 4970 2184 5049 igitur
2206 4973 2372 5034 vobis
2423 4973 2703 5033 omnibus
2753 4974 2877 5033 haec
2938 4969 3346 5031 administrata
3397 4979 3560 5049 sunt,
3592 4977 3650 5031 et

2005 5062 2284 5123 amabilia
2313 5073 2370 5123 et
2407 5064 2657 5122 maxime
2689 5058 3134 5130 desiderabilia,
3161 5077 3276 5118 non
3305 5057 3650 5119 hominibus

2006 5150 2310 5212 solumsed
2326 5159 2383 5212 et
2403 5152 2652 5229 angelis,
2683 5161 2993 5230 propterea
3006 5166 3196 5228 neque
3211 5166 3311 5208 vos
3337 5148 3649 5226 negligen-

2009 5248 2097 5300 ter
2126 5239 2196 5300 ad
2227 5240 2352 5300 haec
2379 5239 2742 5308 afficiamini,
2777 5241 2881 5301 sed
2917 5239 3179 5319 vosipsos
3228 5236 3553 5315 dirigentes
3582 5253 3650 5296 ac

2004 5329 2252 5391 viriliter
2280 5330 2686 5411 disponentes.
2718 5328 2862 5390 Nam
2892 5329 3002 5390 hoc
3042 5325 3374 5387 lumborum
3407 5325 3648 5386 succin-

2004 5418 2200 5481 ctione
2227 5418 2519 5498 significat
2549 5438 2561 5478 :
2594 5419 2752 5499 quod
2785 5418 2899 5500 ipsi
2922 5417 3099 5480 etiam
3121 5415 3234 5476 Job
3266 5433 3301 5477 a
3323 5416 3445 5479 Deo
3468 5414 3652 5494 jube-

3187 5674 3254 5737 l7
