4180 6212
502 205 637 339 υθέ

1636 222 2043 374 movum:
2086 266 2381 337 ratam
2424 268 2759 338 EPISCOPI

3754 269 3873 336 8°24

500 414 599 468 tur
629 408 705 469 Η.
734 405 950 479 Quales
979 416 1173 471 autem
1205 406 1439 470 lumbos
1490 406 1936 485 signiﬁcaverit,
1998 408 2142 470 dicit

2226 430 2334 488 γει.
2396 408 2573 473 Οὕτως
2647 410 2735 467 οὖν
2791 410 3304 490 παρεσκευασμένοι,
3376 411 3529 490 φησὶ,
3616 410 3871 489 νήφοντας

499 496 657 576 quod
693 515 794 557 eos
824 497 924 577 qui
985 497 1201 557 me-ntis
1257 504 1414 557 sunt.
1477 494 1563 557 Ita
1616 515 1755 574 ergo
1804 499 2140 577 praeparati,

502 584 719 666 inquit,
750 585 935 645 sobrii
970 586 1234 667 perfecte
1262 594 1496 665 sperate
1547 585 1608 645 in
1640 604 1766 647 eam
1828 586 1968 647 489
2018 605 2152 667 quae

509 674 580 734 ad
616 693 716 735 vos
743 676 1010 736 defertur
1037 674 1303 753 gratiam.
1340 673 1519 735 Porro
1570 676 1682 736 hoc
1739 682 1828 737 est
1883 676 2042 756 quod
2069 676 2151 738 ait

504 762 692 823 etiam
726 763 897 841 paqu
928 771 1087 837 ante,
1113 763 1273 824 circa
1302 765 1631 825 secundum
1663 763 1899 825 Domini
1921 769 2142 830 adven-

504 861 630 911 tum
669 850 983 913 considera
1006 870 1143 913 vero
1174 852 1328 932 quod
1363 871 1481 913 non
1514 853 1865 936 simpliciter
1901 857 2138 926 dixerit,

499 937 720 1013 Sobrii,
755 940 857 1001 sed
889 940 1135 1021 addidit,
1174 940 1451 1021 perfecte.
1487 943 1655 1021 quasi
1685 944 1776 1007 lex
1810 955 2045 1010 tenue'n
2076 965 2146 1011 ac

500 1028 982 1089 introductoriam
1006 1029 1385 1092 sobrietatem
1420 1030 1757 1110 praebuerit.
1791 1037 2144 1116 Συσχηματί-

500 1122 606 1187 ζειν
666 1125 863 1178 autem
890 1116 1032 1180 dicit
1061 1119 1436 1180 conformare
1487 1129 1545 1181 et
1589 1124 2040 1186 accommodare
2082 1142 2148 1186 se

504 1206 918 1284 praesentibus.
948 1206 1071 1269 Hoc
1093 1216 1289 1269 autem
1323 1217 1410 1269 est
1433 1209 1586 1289 quod
1623 1230 1780 1274 nunc
1810 1232 2046 1294 quoque
2066 1213 2152 1275 di-

506 1303 646 1355 cunt
677 1296 945 1356 nonnulli
979 1296 1347 1374 insipientes:
1380 1296 1579 1360 Rebus
1603 1318 1671 1361 ac
1695 1301 1945 1379 negotiis
1969 1312 2026 1365 te
2044 1320 2150 1364 ac-

2232 497 2442 565 τελείως
2499 497 2745 556 ἐλπίσατε
2802 497 2887 555 ἐπὶ
2940 500 3038 566 τὴν
3092 498 3385 579 φερομένην
3451 499 3579 573 ὑμῖν
3643 498 3816 577 χαράν
3851 514 3869 533 ο

2233 586 2365 653 αὕτη
2395 584 2448 643 δέ
2483 586 2621 645 ἐστιν
2665 589 2732 655 ἢν
2789 588 2873 643 καὶ
2916 588 3018 666 πρὸ
3101 586 3333 667 βραχέος
3377 587 3526 665 φησὶ,
3571 588 3707 643 κατὰ
3773 584 3873 654 τήν

2232 672 2471 755 δευτέραν
2528 675 2618 732 τοῦ
2663 676 2846 755 Κυρίου
2886 677 3197 754 παρουσίαν.
3256 676 3455 731 Σκόπει
3524 673 3578 731 δὲ
3648 674 3727 732 ὅτι
3771 674 3874 754 οὔχ

2232 763 2414 830 ἀπλὼς
2445 764 2591 844 εἷπε,
2627 766 2918 845 Νήφοντες,
2966 763 3125 840 ἀλλὰ,
3170 761 3409 839 τελείως,
3457 765 3529 827 ὡς
3586 769 3681 820 τοῦ
3709 762 3873 837 νόμου

2226 851 2460 933 ἀμυδρὰν
2490 854 2670 917 αὺτοῖς
2728 857 2889 929 νῆψιν
2957 851 3374 935 παρασχομένου
3443 854 3531 910 καὶ
3585 852 3873 930 εἰσαγωγι-

2225 947 2353 1015 κήν.
2440 947 2897 1026 Συσχηματισμὸν
2976 943 3031 1002 δὲ
3086 946 3185 1013 τὴν
3282 944 3675 1026 συμπεριφοράν
3742 965 3874 1025 φησι

2226 1034 2327 1101 τὴν
2354 1035 2485 1113 πρὸς
2514 1035 2580 1091 τά
2635 1034 2890 1113 παρόντα.
2977 1041 3142 1092 Τοῦτο
3198 1032 3254 1091 δέ
3300 1033 3442 1091 ἐστιν
3485 1035 3515 1090 ῧ
3571 1054 3710 1097 τινες
3767 1034 3873 1088 τῶν

2228 1124 2469 1195 ἀνοήτων
2508 1124 2597 1180 καὶ
2624 1133 2711 1182 νῦν
2739 1144 2917 1204 φασιν,
2964 1123 3045 1179 ὅτι
3102 1124 3239 1202 Πρὸς
3278 1123 3345 1179 τὰ
3398 1124 3685 1204 πράγματα
3749 1118 3872 1177 δια-

2230 1213 2397 1293 γίνου.
2430 1221 2563 1277 Ταῖς
2608 1212 2696 1270 οὗν
2750 1213 3021 1275 τοιαύταις
3077 1211 3429 1288 ματαιότησιν
3483 1209 3875 1286 ἀπειπαμένους

2231 1300 2456 1376 κελεύει,
2488 1298 2599 1357 εἴτε
2633 1300 2687 1357 ἐν
2711 1301 2930 1380 γνώσει,
2962 1300 3075 1358 εἴτε
3104 1302 3192 1357 καὶ
3233 1299 3288 1356 ἐν
3319 1298 3501 1379 ἅγνοίᾳ
3527 1300 3740 1364 ταύταις
3768 1300 3873 1377 πρὸ

505 1384 1091 1449 commoda.Talibus
1119 1384 1299 1463 igitur
1326 1386 1682 1450 vanitatibus
1708 1390 2049 1453 renuntiare
2053 1391 2142 1471 ju-

2231 1392 2416 1449 τούτου
2445 1390 2822 1470 ἐνεσχέθησαν,
2868 1389 3035 1448 Ἀλλὰ
3078 1398 3164 1447 νῦν
3192 1400 3319 1468 γοῦν
3356 1393 3436 1463 τῷ
3463 1388 3743 1445 καλέσαντι
3772 1408 3874 1443 συ-

501 1472 653 1535 bet:
744 1474 866 1534 sive
924 1482 1100 1535 antea
1159 1473 1416 1536 scientes
1469 1494 1538 1538 ac
1623 1479 1967 1557 prudentes,
2028 1480 2142 1542 sive

2234 1479 2691 1559 σχηματιζόμενα
2722 1479 2855 1557 ἁγίῳ
2882 1476 3017 1559 ὄντι,
3050 1479 3193 1557 ἅγιοι
3222 1479 3311 1535 καὶ
3353 1479 3497 1536 αὗτοῖ
3524 1477 3749 1556 γίνεσθε,

501 1563 843 1641 ignorantes
903 1564 996 1625 his
1024 1563 1405 1627 adhaeserint.
1440 1563 1557 1626 Sed
1615 1585 1798 1644 nunc,
1857 1568 2075 1650 inquit,
2125 1569 2179 1629 ei
2237 1567 2340 1649 qui
2393 1585 2497 1629 vos
2549 1566 2771 1629 vocavit
2799 1575 2857 1629 et
2884 1584 3021 1630 vere
3049 1574 3287 1630 sanctus
3319 1581 3411 1629 est
3434 1564 3877 1645 conﬁgurantes

500 1670 626 1728 vos,
659 1670 727 1713 ac
758 1652 981 1714 similes
1024 1661 1389 1732 prmstantes,
1438 1653 1555 1735 ipsi
1593 1674 1829 1737 quoque
1867 1658 2055 1720 sancti
2092 1664 2303 1720 estote.
3386 1728 3391 1733 ,

581 1741 628 1821 Ι,
668 1742 873 1804 17-19.
910 1740 1071 1803 Etsi
1114 1744 1359 1806 Patrem
1417 1745 1711 1807 invocatis
1760 1747 2142 1825 judicantem

2310 1771 2338 1802 ε
2388 1748 2488 1806 Καὶ
2528 1748 2573 1804 εί
2632 1745 2839 1825 Πατέρα
2894 1744 3231 1803 ἐπικαλεῖσθε
3303 1745 3393 1801 τὸν
3477 1740 3878 1824 ἀπροσωπολή-

501 1836 657 1893 citra
684 1848 1086 1909 personarum
1115 1832 1614 1910 delectumjuatta
1655 1836 1943 1916 cujusque
1969 1854 2142 1917 opus,

2227 1858 2372 1901 πτως
2428 1838 2670 1917 κρίνοντα
2727 1836 2863 1892 κατά
2942 1835 3003 1890 τὸ
3058 1835 3283 1892 ἑκάστου
3378 1831 3555 1913 ἔργον,
3612 1831 3668 1888 έν
3725 1828 3877 1912 φόϐῳ

503 1920 570 1981 in
604 1921 822 1982 timore
867 1929 1312 2004 conversantes,
1354 1921 1651 1985 incolatus
1684 1926 1870 1987 vestri
1916 1932 2142 2005 tempus

2227 1927 2319 1981 τὸν
2359 1930 2457 1992 τῆς
2501 1924 2778 2005 παροικίας
2819 1924 2967 1998 ὑμῶν
3008 1923 3202 2004 χρόνον
3231 1922 3620 2002 ἀναστράφητε,
3654 1917 3873 1994 εἰδότες,
3928 1956 3931 1961 -

507 2011 861 2088 transigatis
891 2030 904 2072 :
930 2026 1062 2070 cum
1078 2010 1282 2071 sciatis
1296 2012 1455 2089 quod
1483 2028 1605 2073 non
1651 2013 1898 2076 caducis
1944 2014 2142 2089 rebus,

2228 2013 2309 2070 ὅτι
2366 2015 2426 2071 οὒ
2465 2017 2717 2094 φθαρτοῖς
2769 2012 2995 2092 ἀργυρίῳ
3053 2011 3087 2080 ἢ
3156 2011 3359 2091 χρυσίῳ
3436 2010 3759 2089 ἐλυτρώθητε
3816 2007 3881 2064 ἐκ

503 2097 663 2161 velut
692 2104 946 2176 argento
966 2105 1073 2159 aut
1098 2116 1248 2160 auro
1278 2098 1570 2179 redempti
1595 2102 1729 2162 sitis
1756 2119 1793 2163 a
1824 2120 1983 2165 vana
2016 2121 2142 2166 ves-

2230 2108 2328 2169 τῆς
2373 2103 2594 2178 ματαίας
2635 2104 2781 2177 ὑμῶν
2809 2101 3141 2181 ἀναστροφῆς
3212 2097 3699 2180 πατροπαραδότου,
3738 2095 3879 2153 ἀλλά

504 2192 599 2248 tra
659 2189 1111 2250 conversatione
1166 2206 1345 2269 quam
1401 2206 1483 2251 ea:
1517 2198 1767 2267 patrum
1824 2194 2142 2254 traditione

2230 2198 2390 2267 τιμίῳ
2466 2191 2656 2266 αἵματι
2717 2192 2791 2254 ὡς
2860 2186 3068 2265 Ἀμνοῠ
3134 2188 3363 2266 ἀμώμου
3459 2188 3547 2244 καὶ
3652 2184 3881 2243 ἀσπίλου

505 2277 894 2357 acceperatis,
928 2277 1031 2338 sed
1054 2278 1315 2355 pretioso
1354 2281 1675 2357 sanguine,
1711 2298 1926 2360 nempe
1988 2284 2151 2361 Αθηί
2234 2288 2481 2359 Χριστοῦ.
2537 2304 2556 2334 ο

509 2364 888 2428 immaculuti
917 2372 972 2428 et
1002 2368 1473 2429 incontaminati
1504 2367 1759 2431 Christi.

587 2454 845 2515 Collecta
863 2463 921 2516 et
942 2455 1145 2517 multis
1156 2456 1650 2518 exhorbitatione:
1672 2457 1927 2535 primum
1945 2478 2016 2522 ex
2034 2480 2142 2522 an-

2307 2458 2407 2515 Ἔκ
2461 2456 2675 2515 πολλῶν
2720 2458 3077 2534 ποιησάμενος
3149 2456 3249 2523 τὴν
3305 2453 3663 2534 παράκλησιν,
3721 2455 3878 2531 πρῶ-

505 2542 655 2622 gelis
666 2543 766 2622 qui
789 2543 1149 2605 desideranti
1166 2545 1365 2607 animo
1377 2546 1451 2606 ad
1471 2546 2106 2611 haecafticiunturzdein
2120 2585 2142 2597 -

2228 2569 2319 2605 τον
2375 2545 2458 2607 διὰ
2512 2553 2616 2603 τῶν
2688 2546 3077 2621 ἐπιθυμητικῶς
3132 2546 3262 2623 πρὸς
3331 2545 3463 2601 αύτὰ
3512 2540 3873 2617 διακειμένων

506 2630 581 2691 de
602 2650 669 2691 ex
696 2631 1094 2711 descriptione
1112 2633 1241 2713 ejus
1284 2634 1441 2713 quod
1463 2651 1694 2714 aequum
1738 2644 1829 2696 est
1860 2654 2096 2698 rursum
2127 2659 2142 2699 :

2234 2633 2501 2715 ἀγγέλων,
2532 2636 2656 2691 εἶτα
2685 2635 2791 2691 ἀπὸ
2816 2641 2909 2691 τοῦ
2965 2643 3242 2714 γραφικοῦ,
3287 2633 3411 2689 εῐτα
3465 2631 3571 2687 ἀπὸ
3626 2636 3718 2687 τοῦ
3773 2629 3879 2685 ἆν-

504 2718 575 2780 ab
596 2738 666 2780 eo
682 2720 836 2799 quod
864 2721 1265 2783 necessarium
1299 2729 1408 2785 est.
1437 2720 1722 2794 Quoniam
1763 2723 1922 2785 enim
1956 2726 2141 2787 Deum

2234 2724 2475 2803 αγκαίου.
2523 2721 2671 2781 Ἐπεὶ
2739 2724 2839 2804 γὰρ
2888 2724 2978 2780 τὶν
3034 2725 3163 2779 Θεὸν
3233 2718 3601 2778 ἐπικαλοῦνται
3645 2716 3878 2794 Πατέρα,

501 2807 778 2869 invocant
812 2813 1065 2890 Patrem,
1124 2829 1370 2872 necesse
1398 2820 1487 2873 est
1535 2821 1598 2874 ut
1624 2813 1737 2892 qui.
1762 2812 2141 2894 ad0ptionem

2234 2813 2440 2891 ἀνάγκη
2517 2814 2634 2876 τοὺς
2693 2811 3050 2892 γλιχομένους
3136 2816 3234 2878 τῆς
3316 2809 3570 2871 υἱοθεσίας
3640 2804 3753 2894 ἄξία
3782 2811 3881 2894 τοῦ

508 2897 956 2977 concupiscunt,
991 2918 1121 2980 quae
1149 2912 1312 2981 patre
1364 2899 1541 2980 digna
1570 2891 1727 2976 sunt,
1781 2891 2003 2966 faciant
2037 2927 2049 2964 :
2087 2912 2142 2964 et

2234 2903 2438 2981 Πατρὸς
2522 2914 2720 2963 ποιεῖν.
2797 2902 2892 2959 Καὶ
2961 2900 3231 2980 τέταρτον,
3330 2896 3416 2953 ὅτι
3477 2894 3631 2974 μυρία
3689 2891 3878 2949 ἔλαϐον

505 2961 742 3065 quarto.
781 2961 1057 3067 quoniam
1088 2961 1405 3051 innumera
1428 2961 1797 3068 acceperunt
1828 2990 2006 3072 bona,
2041 3010 2142 3073 per

2227 2961 2533 3069 ἀγαθὴ-διὰ
2573 2998 2664 3049 τοῦ
2710 2961 3139 3058 καταϐληθέντος
3197 2961 3326 3067 ίίπὲρ
3387 2961 3562 3042 autti
3620 2984 3876 3059 τιμήμα-

509 3074 893 3137 constitutum
916 3095 1021 3157 pro
1035 3076 1182 3157 ipsis
1202 3077 1454 3158 pretium
1482 3078 1572 3142 :id
1589 3087 1786 3142 autem
1816 3088 1904 3141 est
1929 3072 2142 3143 Christi

2226 3102 2337 3148 τος,
2391 3081 2567 3161 (τοῦτο
2594 3080 2649 3140 δέ
2677 3081 2786 3139 ἐστι
2815 3083 2877 3138 τὸ
2904 3090 2997 3140 τοῦ
3027 3084 3253 3159 Χριστοῦ
3283 3081 3444 3152 αἷμα,
3478 3075 3506 3132 ὃ
3549 3096 3606 3131 τι
3636 3094 3734 3153 περ
3765 3072 3876 3129 ἆν-

506 3163 744 3242 sanguis
765 3165 864 3246 qui
884 3165 945 3226 in
973 3166 1226 3245 pretium
1247 3168 1421 3230 datus
1440 3175 1533 3229 est
1555 3186 1660 3248 pro
1684 3168 1776 3231 his
1796 3173 1892 3250 qui
1915 3168 2142 3250 seipsos

2226 3168 2461 3250 τίλυτρον
2513 3169 2665 3238 ἐδόθη
2724 3172 2828 3227 τῶν
2882 3167 2968 3229 διὰ
3022 3168 3117 3236 τῆς
3182 3166 3441 3245 ἁμαρτίας
3481 3163 3695 3226 ἑαυτοὺς
3766 3182 3875 3217 πε-

508 3251 764 3331 maligno
788 3254 1177 3316 vendiderant
1207 3274 1311 3336 per
1329 3264 1653 3336 peccatum.
1676 3255 1813 3317 Post
1837 3257 1962 3319 haec
1972 3257 2142 3338 jubet

2226 3260 2502 3338 πρακότων
2540 3266 2619 3333 τῷ
2672 3260 2937 3340 πονηρῷ.)
2993 3255 3193 3315 κελεύει
3244 3254 3332 3312 διὰ
3396 3253 3593 3315 παντὸς
3633 3250 3726 3308 τοῦ
3779 3256 3879 3326 ζῇν

504 3346 622 3403 tota
649 3342 762 3404 vita
782 3345 1125 3405 continuum
1152 3343 1373 3406 habere
1414 3346 1717 3406 timorem:
1778 3363 1892 3406 non
1940 3345 2142 3407 initia-

2227 3349 2463 3405 σύνοικον
2505 3352 2790 3416 κεκτῆσθαι
2839 3348 2928 3404 τὸν
2998 3342 3181 3427 φόϐον,
3215 3345 3278 3400 ού
3330 3344 3422 3399 τὸν
3477 3360 3876 3419 προκαταρκτι-

505 3428 622 3521 lem
648 3430 838 3507 illum,
864 3451 995 3495 nam
1022 3433 1119 3521 hic
1148 3432 1610 3514 subsequentem
1663 3432 1839 3495 habet
1881 3452 2141 3515 poenam,

2226 3442 2344 3516 κὸν,
2383 3440 2572 3521 (οὕτως
2602 3442 2702 3520 γὰρ
2743 3441 2843 3509 τὴν
2898 3439 3152 3518 τιμωρίαν
3211 3434 3452 3515 σύνεδρον
3493 3431 3665 3521 ἔχει,)
3737 3430 3881 3488 ἀλλά

506 3519 610 3580 sed
639 3520 985 3601 perfectum.
1011 3520 1217 3583 Timor
1243 3522 1401 3583 enim
1422 3522 1711 3602 perfectos
1728 3532 1963 3585 sanctos
1980 3541 2142 3585 sem-

2226 3530 2316 3586 τὸν
2372 3519 2731 3589 τελειωτικόν.
2793 3525 2967 3591 Φόϐος
3024 3528 3126 3607 γὰρ
3191 3525 3271 3582 ἀεὶ
3341 3536 3459 3588 τοῖς
3515 3520 3877 3578 τελειωθεῖσιν

505 3626 611 3687 per
635 3610 973 3684 comitatur,
1002 3630 1076 3673 ne
1094 3609 1232 3691 quid
1256 3610 1369 3691 ipsi
1389 3610 1543 3671 desit
1580 3629 1786 3672 eorum
1808 3630 1940 3691 quas
1973 3611 2142 3675 decet

2227 3618 2393 3695 ἁγίοις
2435 3620 2512 3695 μή
2543 3640 2599 3675 τι
2644 3616 2955 3675 ἐλλείπωσιν
2983 3622 3087 3671 τῶν
3144 3618 3238 3671 οἷα
3292 3614 3433 3677 εἰκὸς
3488 3624 3608 3674 τοῖς
3652 3607 3875 3666 τελειω-

505 3697 729 3761 habere
763 3701 1075 3779 perfectos.
1112 3700 1442 3762 Considera
1496 3717 1636 3762 vero
1681 3701 1977 3781 quomodo
2008 3719 2142 3761 cum

2227 3708 2404 3782 μένοις
2459 3705 2862 3770 ἀπακολουθεῖν,
2922 3705 3120 3763 Σκόπει
3163 3702 3219 3760 δέ
3277 3702 3358 3759 ὅτι
3416 3699 3700 3780 εἰρημένου
3772 3698 3880 3755 ὐπὸ

506 3786 725 3847 dictum
755 3787 880 3849 sita
912 3789 1169 3869 Christo,
1205 3811 1227 3845 ε
1255 3790 1428 3850 l'ater
1451 3789 1750 3849 neminem
1776 3789 2142 3869 judicat,sed

2226 3802 2475 3873 Χριστοῦ,
2516 3818 2538 3849 ε
2565 3794 2645 3852 ὅτι
2679 3788 2738 3854 ’0
2770 3794 2949 3873 Πατὴρ
2975 3796 3140 3874 κρίνει
3173 3789 3377 3870 οὒδένα,
3411 3788 3547 3845 ἀλλὰ
3574 3787 3674 3855 τὴν
3701 3785 3876 3874 κρίσιν

495 3875 790 3964 iudicium
812 3876 1324 3950 tradiditFilioi9,o
1348 3897 1502 3938 nunc
1515 3877 2142 3957 dicitl’etrusjudicare

2227 3882 2562 3963 παραδέδωκε
2602 3890 2681 3957 τῷ
2711 3886 2836 3964 Υίῷ,
2879 3906 2900 3939 ε
2935 3873 3051 3948 πῶς
3095 3889 3182 3939 νῦν
3236 3883 3264 3937 ὁ
3320 3878 3515 3957 Πέτρος
3546 3877 3636 3933 τὸν
3666 3873 3878 3953 Πατέρα

504 3960 763 4054 l’atrem.
906 3965 1359 4044 quoddicimus,
1392 3964 1548 4054 quod
1588 3984 1711 4054 non
1746 3975 1935 4054 potest
1966 3966 2142 4027 Filius

2230 3960 2420 4053 κρίνειν
2449 3975 2598 4054 φησί.
2635 3974 2771 4052 Πρὸς
2822 3960 2851 4029 θ
2921 3972 3158 4040 έροῦυεν,
3232 3970 3306 4033 ὣς
3376 3964 3558 4034 ἐπειδὴ
3602 3966 3689 4022 καὶ
3719 3974 3877 4054 τούτο

501 4051 697 4112 facere
726 4052 1070 4134 quidquam,
1103 4054 1387 4134 nisiquod
1412 4053 1623 4114 viderit
1645 4054 1837 4115 facere
1869 4053 2096 4117 Patrem
2130 4074 2142 4118 :

2229 4049 2504 4141 εῗρηκενο
2550 4049 2799 4141 Χριστὸς,
2852 4083 2879 4116 ε
2926 4062 2999 4118 Ού
3040 4058 3311 4115 δύναταιὸ
3342 4057 3461 4118 Υἱὸς
3491 4049 3868 4141 ποιεῖνοῦδὲν.

505 4142 985 4221 quandoquidem
1020 4152 1078 4203 et
1110 4143 1219 4203 hoc
1251 4142 1398 4203 dixit
1445 4142 1737 4204 Christus.
1796 4145 1977 4205 Porro
2036 4144 2142 4205 hoc

2228 4138 2295 4205 ἄν
2321 4151 2397 4225 μή
2426 4173 2477 4207 τι
2517 4138 2693 4227 βλέπῃ
2732 4151 2823 4206 τὸν
2853 4148 3059 4227 Πατέρα
3089 4154 3364 4224 ποιοῦντα,
3398 4164 3422 4202 ε
3459 4149 3612 4199 τοῦτο
3642 4138 3697 4195 δὲ
3724 4161 3874 4216 συμ-

503 4239 724 4291 sanctae
754 4229 1025 4292 Trinitati
1059 4232 1441 4294 connaturale
1482 4249 1612 4292 esse
1669 4231 1969 4295 ostendit:
2006 4233 2142 4294 490

2226 4239 2347 4318 φυὲς
2401 4244 2500 4307 τῆς
2571 4239 2721 4318 ἁγίας
2787 4235 3002 4318 Τριάδος
3071 4235 3386 4314 παρίστησι,
3467 4232 3557 4287 καὶ
3638 4227 3719 4285 ὅτι
3779 4229 3880 4285 ούκ

503 4319 780 4399 quodque
841 4337 959 4380 non
1042 4319 1160 4380 sint
1243 4320 1446 4381 divisae
1501 4323 1874 4400 operationes
1931 4321 2142 4383 divinae

2227 4326 2713 4406 ἀπομεμερισμέναι
2783 4330 2833 4384 αἱ
2901 4348 2999 4395 της
3055 4324 3304 4403 θεαρχίας
3404 4319 3657 4398 ἐνέργειαι
3750 4330 3875 4406 τοῖς

502 4409 811 4487 potestatis
845 4410 1115 4488 personis
1144 4428 1291 4490 quas
1317 4410 1375 4470 in
1408 4409 1507 4470 illa
1560 4409 1961 4490 conspicimus
1989 4432 2001 4469 :
2038 4414 2140 4473 sed

2227 4437 2326 4472 κατ
2370 4404 2532 4483 αὐτην
2586 4415 3017 4496 ἐνθεωρουμένοις
3071 4411 3398 4493 προσώποις,
3462 4406 3626 4496 ἀλλὰ,
3665 4404 3874 4496 ταυτό-

502 4495 583 4557 ihi
617 4506 674 4558 et
698 4498 1357 4580 omnimodaidentitas,
1385 4506 1442 4560 et
1465 4496 1705 4579 paciﬁca
1755 4517 1823 4559 ac
1850 4499 2142 4560 seditione

2226 4526 2324 4571 της
2354 4511 2498 4562 πᾶσα
2557 4504 2672 4561 ἐκεῖ
2718 4494 2806 4562 καὶ
2870 4504 3133 4579 σύμπνοια
3188 4498 3421 4579 εἱρηναία
3464 4497 3553 4553 καὶ
3606 4494 3673 4550 ἀσ
3685 4494 3873 4551 εασία-

500 4604 708 4647 carens
739 4587 1081 4649 concordia.
1115 4588 1271 4649 Dixit
1318 4606 1455 4667 ergo
1486 4585 1614 4648 sine
1634 4586 1997 4675 discrimine
2028 4588 2142 4649 Pa-

2226 4614 2373 4671 στος,
2404 4594 2584 4675 εἶπεν,
2629 4591 2921 4673 ἀδιαφόρως
2971 4592 3062 4647 τὸν
3122 4587 3329 4666 Πατέρα
3396 4585 3612 4665 κρίνειν,
3669 4584 3744 4675 ὣς
3791 4580 3880 4638 ὅτι

499 4683 648 4735 trem
670 4676 964 4755 judicare:
986 4685 1261 4758 tanquam
1279 4676 1337 4737 id
1362 4685 1419 4738 et
1440 4694 1581 4738 vere
1597 4674 1670 4737 sit
1698 4683 1756 4737 et
1776 4676 2142 4739 existimetur

2226 4679 2287 4736 ἂν
2336 4680 2448 4760 ἐρεῖ
2502 4672 2583 4746 τις
2636 4672 2769 4738 καθί
2823 4682 2938 4745 ἑνὸς
2994 4685 3099 4736 τῶν
3154 4676 3312 4757 τριῶν
3366 4677 3671 4753 θεοπρεπῶς
3728 4672 3883 4729 ἐκτε-

497 4765 777 4826 omnibus
808 4784 940 4827 esse
969 4783 1306 4846 commune,
1332 4764 1619 4846 quidquid
1649 4765 1800 4826 alius
1823 4765 2039 4827 dixerit
2066 4765 2139 4828 ab

2226 4768 2455 4851 λετσθαι,
2498 4772 2675 4828 κοινοῦ
2700 4770 2821 4834 τοῖς
2850 4776 2979 4826 πᾶσι
3007 4769 3096 4825 καὶ
3154 4764 3300 4830 ὄντος
3360 4764 3449 4821 καὶ
3474 4850 3477 4851 ν
3500 4760 3878 4851 λογιζομένου.

499 4871 614 4913 una
633 4855 807 4915 trium
827 4854 1024 4916 divino
1055 4855 1231 4917 modo
1257 4852 1782 4935 perﬁcil’rzeterea
1805 4872 1936 4915 cum
1961 4855 2137 4917 etiam

2226 4848 2449 4923 ’Ἀλλως
2479 4881 2536 4916 τε
2578 4862 2666 4917 καὶ
2721 4869 2813 4918 τοῦ
2870 4858 3055 4937 Κυρίου
3108 4852 3367 4918 πολλάκις
3424 4850 3583 4908 τέκνα
3638 4848 3877 4907 καλοῦν-

498 4943 786 5005 Dominus
815 4945 1159 5025 frequenter
1181 4943 1478 5023 apostolos
1528 4951 1693 5003 vocet
1720 4943 1896 5015 ﬁlios,
1953 4955 2013 5006 et
2067 4946 2140 5006 ad

499 5032 878 5113 paralyticum
906 5031 1583 5107 dixerit,aFili,remissa
1605 5040 1741 5091 sunt
1767 5032 1871 5093 tihi
1899 5041 2136 5112 peccata

496 5130 615 5183 tua:
649 5145 674 5176 π
710 5124 854 5183 etad
877 5140 1003 5184 eam
1017 5139 1145 5203 qum
1160 5119 1462 5200 sanguinis
1476 5118 1760 5199 proﬂuvio
1806 5120 2134 5192 laborabat,

503 5212 860 5283 «FiliaJides
877 5219 973 5273 tua
992 5221 1046 5273 te
1078 5210 1293 5272 salvam
1318 5209 1514 5285 fecit,»
1544 5208 2020 5272 nihilobscurum
2050 5221 2139 5273 est

495 5309 595 5361 aut
613 5300 1018 5376 absurdum,si
1041 5301 1199 5361 hunc
1221 5316 1455 5381 quoque
1473 5306 1700 5377 patrem
1727 5306 1996 5361 natorum
2024 5320 2137 5362 vo-

497 5390 893 5471 caverit,quos
916 5389 1245 5452 sanctitatis
1265 5387 1803 5451 communicatione
1812 5390 2131 5469 generavit.

577 5559 627 5609 14
657 5554 791 5622 Job.
825 5575 1067 5642 xxxvm,
1098 5575 1199 5622 αι..
1285 5559 1345 5610 ¹²
1366 5562 1541 5623 toan.
1568 5575 1627 5621 v.
1659 5540 1759 5625 29.

2220 4970 2312 5012 τος
2366 4950 2486 5011 τοὺς
2557 4946 2905 5021 ἀποστόλους,
2980 4946 3067 5002 καὶ
3141 4949 3218 5017 τῷ
3294 4937 3579 5020 παραλύτῳ
3634 4939 3877 5002 εὶπόντος

2226 5059 2254 5092 ε
2289 5036 2502 5112 Τέκνον,
2537 5036 2798 5117 ἀφέωνταί
2825 5057 2908 5092 σοι
2938 5037 2990 5091 αἱ
3018 5031 3267 5111 ἁμαρτίαι
3311 5032 3427 5104 σοῦ,
3471 5050 3507 5117 γ»
3564 5028 3652 5083 καὶ
3680 5031 3747 5094 τῆ
3781 5028 3877 5117 αἱ-

2222 5123 2418 5203 μόρρρ.
2472 5150 2495 5179 ιι
2547 5113 2811 5204 Θύγαπερ,
2844 5126 2878 5191 ἡ
2908 5124 3080 5186 πίστις
3131 5142 3223 5177 σου
3279 5116 3481 5175 σέσωκέ
3538 5137 3622 5189 σε,
3663 5138 3687 5171 ιι
3724 5113 3877 5174 οὐδὲν

2220 5214 2554 5293 ἀπεμφαῖνον
2595 5215 2683 5271 καὶ
2767 5213 2923 5269 αὐτὸν
2979 5210 3178 5289 πατέρα
3238 5206 3513 5265 καλεῖσθαι
3579 5210 3686 5261 τῶν
3741 5227 3876 5283 γεν-

2220 5292 2418 5385 νητῶν,
2478 5306 2551 5360 ὧν
2626 5299 2901 5379 μεταδόσει
2959 5302 3237 5381 ἐγέννησεν
3320 5294 3634 5374 ἁγιότητος.
3718 5292 3876 5385 αᾲἘν

2222 5389 2372 5474 φόϐῳ
2400 5383 2494 5450 τὸν
2521 5397 2623 5461 τῆς
2677 5393 2976 5473 παροικίας,
3027 5413 3055 5446 ε
3116 5389 3265 5449 Κατὰ
3321 5392 3501 5443 τοῦτον
3542 5387 3635 5444 τὸν
3693 5383 3878 5444 τελει-
