4180 6212
362 258 482 329 595
1403 268 1790 335 COMMENT.
1839 270 1920 333 IN
1964 264 2208 330 EPIST.
2256 271 2279 331 l
2327 271 2384 332 S.
2436 269 2688 336 PETRI.
3622 268 3741 341 526

359 400 552 487 ωτικδν
606 398 771 480 φόϐον
823 401 1033 480 εἴρηται
1102 404 1191 459 καὶ
1258 408 1336 477 τῷ
1378 404 1617 479 μακαρίῳ
1690 400 1867 483 Δαυὶδ,
1923 402 2006 470 τὸ,

2101 422 2123 453 (ι
2155 400 2219 461 In
2252 400 2464 464 timore
2492 411 2927 465 conversantes.
2969 428 2993 461 ε
3028 406 3202 467 Juxta
3240 406 3400 468 hunc
3429 406 3744 487 perfectio-

372 509 395 541 ε
430 485 711 558 Φοϐήθητε
752 493 847 547 τὸν
896 492 1083 572 Κύριον
1152 492 1345 556 πάδτες
1388 496 1459 567 οἱ,
1489 493 1631 572 ἅγιοι
1686 497 1863 565 αὐτοῦ,
1926 490 2004 547 ὅτι

2096 487 2184 547 nis
2218 489 2488 551 timorem
2550 493 2770 553 dictum
2830 511 3065 573 quoque
3116 503 3205 554 est
3234 513 3268 556 a
3298 485 3469 557 beato
3499 495 3687 559 David
3722 516 3736 556 :

366 576 459 633 ούκ
500 575 638 635 ἔστιν
665 579 933 658 ὑστέρημα
961 592 1079 639 τοῖς
1110 577 1453 661 φοϐουμένοις
1486 582 1663 641 αὐτόν.
1714 605 1742 637 ε

451 777 480 808 ε
561 757 1002 835 Προεγνωσμένου
1052 758 1151 834 μὲν
1229 760 1329 837 πρὸ
1422 756 1722 825 καταϐολῆς
1777 758 2004 834 κόσμου,

364 844 749 922 φανερωθέντος
850 844 904 901 δὲ
1000 844 1085 903 ἐπ’
1157 846 1403 927 ἐσχάτων
1460 850 1567 903 τῶν
1649 848 1860 928 χρόνων
1940 845 2007 902 δι’

364 934 526 1006 ὗμᾶς,
611 934 732 998 τοὺς
788 932 854 990 δι’
911 934 1066 991 αὐτοῦ
1148 935 1490 1002 πιστεύοντας
1563 937 1635 1000 εἰς
1695 938 1845 1006 Θεὸν,
1920 937 2010 991 τὸν

364 1020 635 1100 ἐγείραντα
700 1024 857 1082 mlith
955 1022 1015 1079 ἐκ
1112 1031 1331 1103 νεκρῶν,
1434 1026 1521 1082 καὶ
1616 1022 1766 1090 δόξαν
1868 1028 2010 1099 αὖτῴ

363 1106 543 1190 δόντα,
600 1109 736 1167 ὥστε
790 1112 890 1179 τὴν
964 1114 1136 1170 πίστιν
1194 1115 1340 1189 ὑμῶν
1431 1116 1520 1171 καὶ
1607 1112 1791 1171 ἐλπίδα
1866 1114 2009 1170 εἶναι

366 1199 441 1261 εἰς
468 1200 620 1259 Θεὸν,
651 1200 746 1262 τὰς
802 1201 984 1281 ψυχὰς
1038 1202 1185 1276 ὑμῶν
1239 1203 1514 1280 ἡγνικότες
1571 1203 1624 1259 ἐν
1679 1209 1748 1280 τῇ
1802 1204 2008 1277 ὑπακοῇ

364 1292 463 1355 τῆς
545 1285 792 1354 ἀληθείας
892 1287 975 1345 διὰ
1100 1290 1420 1365 πνεύματος.
1501 1293 1589 1354 Εἰς
1672 1288 2008 1370 φιλαδελφίαν

365 1376 741 1455 ἀνυπόκριτον,
823 1378 884 1434 ἐκ
946 1381 1175 1457 καθαρᾶς
1246 1377 1457 1458 καρδίας
1545 1378 1809 1450 ἀλλήλους
1865 1379 2007 1457 ἀγα-

362 1465 573 1534 πήσατε
641 1465 888 1539 ἐκτενῶς,
976 1466 1454 1545 ἀναγεγεννημένοι
1549 1471 1644 1526 οὒκ
1739 1469 1799 1525 ἐκ
1867 1489 2004 1524 σπο-

363 1560 456 1633 ρᾶς
509 1559 741 1636 φθαρτῆς
810 1555 946 1616 ἀλλὰ
1057 1558 1321 1638 ἀφθάρτου
1404 1557 1488 1616 διὰ
1581 1558 1741 1638 λόγοτ
1810 1559 2005 1629 ζῶντος

364 1650 497 1700 Θεοῦ
553 1646 640 1700 καὶ
712 1644 964 1721 μέσοντος
1033 1649 1108 1713 είς
1220 1650 1311 1704 τὸν
1367 1650 1550 1725 αἰῶνα.
1658 1647 1803 1704 Διότι
1862 1655 2007 1705 πᾶσα

2096 576 2357 640 «Timete
2392 581 2705 642 Dominum
2769 599 2977 642 omnes
3029 581 3217 643 sancti
3247 584 3402 664 ejus,
3464 583 3742 665 quoniam

2092 666 2243 726 nihil
2270 666 2439 729 deest
2471 669 2816 730 timentibus
2845 686 2980 730 eum
3015 670 3094 732 15.
3134 693 3162 725 π

2130 753 2263 835 1,20
2291 757 2388 816 ‘25.
2401 757 2517 832 Qui
2525 763 2930 837 prwcognitus
2942 758 3179 837 quidem
3197 759 3402 836 fuerat
3415 768 3743 838 autequam

2090 846 2368 907 conditus
2378 854 2523 908 esset
2536 849 2818 919 mundus,
2853 846 2955 908 sed
2971 849 3139 908 mani
3142 849 3391 925 festatus
3400 849 3519 925 fuit
3531 857 3741 910 extre-

2091 936 2207 993 mis
2226 935 2613 1014 temporibus,
2621 943 2870 1015 propter
2881 953 2987 997 vos
2998 940 3103 1013 qui
3110 954 3221 1015 per
3233 934 3407 997 illum
3419 936 3660 999 creditis
3679 939 3744 999 in

2091 1021 2287 1083 Deam
2300 1025 2403 1101 qui
2421 1028 2620 1102 ipsum
2660 1025 3029 1086 suscitavita
3050 1025 3658 1104 mortuis,etgloriam
3687 1028 3744 1088 ei

2089 1112 2227 1171 dedi
2232 1120 2342 1172 t.ut
2360 1130 2459 1173 vos
2467 1114 2641 1191 ﬁdem
2654 1130 2722 1174 ac
2737 1130 2901 1191 spem
2914 1111 3206 1174 haberetis
3219 1130 3371 1191 erga
3385 1113 3742 1175 Deum:cum

2090 1200 2332 1262 animas
2366 1211 2592 1263 vestras
2608 1200 3080 1280 puriﬁcaveritis
3116 1200 3453 1262 obedientes
3492 1203 3741 1265 veritati

2083 1295 2509 1367 perspiritam.
2523 1291 2617 1351 Ad
2634 1290 2987 1351 charitatem
3002 1290 3340 1366 fraternam
3359 1288 3433 1351 ab
3456 1293 3621 1353 omni
3642 1292 3735 1352 si-

2091 1377 2420 1440 mulatione
2436 1380 2804 1458 atienam,ea:
2815 1378 3040 1440 mundo
3054 1379 3235 1440 corde
3248 1396 3352 1440 vos
3364 1380 3615 1440 invicem
3636 1381 3736 1441 di-

2090 1464 2257 1545 ligite
2269 1468 2553 1547 impense,
2580 1469 2915 1529 reaatiuon
2926 1484 3003 1528 ea:
3016 1472 3243 1528 semine
3262 1466 3644 1541 mortali,sed
3665 1484 3744 1530 ea:

2089 1556 2427 1618 immortali
2434 1555 3010 1634 persermonemDei
3022 1558 3280 1618 viventis
3291 1574 3362 1618 ac
3371 1573 3741 1636 permanen-

2092 1650 2204 1706 tem
2226 1647 2292 1706 in
2313 1653 2637 1707 retentam:
2657 1652 2981 1725 propterea
2995 1644 3155 1723 quod
3171 1646 3369 1707 omnis
3390 1662 3536 1707 caro
3555 1645 3745 1708 veluti

363 1730 513 1813 σὰρξ,
545 1735 619 1797 ὡς
662 1735 882 1814 χόρτος,
915 1738 1003 1792 καὶ
1050 1743 1196 1793 πᾶσα
1264 1734 1384 1802 δόξα
1454 1737 1725 1816 ἀνθρώπου
1780 1738 1853 1799 ὡς
1909 1734 2006 1792 ἄν·

2096 1748 2335 1810 gramen
2349 1735 2450 1813 sit,
2486 1743 2539 1795 et
2560 1736 2760 1796 omnis
2780 1736 2981 1814 gloria
3002 1734 3261 1795 hominis
3282 1736 3456 1811 quasi
3467 1735 3579 1812 ﬂos
3590 1751 3740 1810 gra-

363 1800 450 1886 θος
481 1800 705 1901 ὶόρτούῖ
736 1800 1027 1903 ςΕξηράνθη
1081 1827 1116 1893 ἡ
1175 1800 1393 1905 χόρτος,
1464 1800 1559 1882 καὶ.
1605 1828 1665 1882 τὸ
1709 1824 1859 1887 ἄνθος
1889 1824 2005 1890 ὲξέ-

2096 1800 2296 1883 minis.
2320 1800 2585 1885 Exarait
2605 1800 2879 1903 gramen,
2908 1828 2965 1884 et
2983 1821 3093 1901 ﬂos
3118 1800 3342 1884 decidit
3368 1843 3383 1882 :
3407 1800 3741 1885 at'ver'bum

363 1930 517 1989 πεσε,
548 1910 610 1966 τὰ
637 1908 691 1967 δὲ
734 1911 879 1989 ῥημα
912 1914 1098 1993 Κυρίου
1148 1915 1293 1989 μένει
1350 1916 1421 1978 εἷς
1464 1916 1555 1972 τὸν
1610 1916 1796 1973 αἰῶνα.
1870 1922 1995 1972 Τοῦ·

361 2021 424 2056 το
467 1997 522 2055 δέ
550 1999 660 2057 ἐστι
689 2003 750 2057 τὸ
776 2007 919 2080 ρῆμα
950 2005 1012 2060 τὸ
1042 2003 1410 2083 εὐαγγελισθὲν
1456 2006 1528 2069 εἰς
1557 2006 1714 2080 ὑμᾶς.
1756 2027 1780 2061 ε

446 2096 536 2163 Τῷ
590 2097 684 2145 τοῦ
753 2098 978 2169 Χριστοῦ
1030 2094 1237 2167 θανάτῳ
1292 2098 1495 2168 συνῆψε
1562 2094 1649 2149 καὶ
1703 2094 1801 2159 τὴν
1871 2091 2006 2147 ἀνά-

361 2199 572 2240 στασιν,
608 2176 922 2236 Εὖλαϐεϊται
970 2183 1069 2260 γὰρ
1109 2184 1171 2237 τὸ
1241 2183 1372 2261 πρὸς
1429 2181 1673 2238 ἀπιστίαν
1726 2183 1831 2236 τῶν
1885 2200 2007 2236 νεο-

360 2287 536 2344 φυτων
594 2264 966 2342 εὐμετάϐολον,
1031 2267 1115 2324 διὰ
1169 2271 1232 2326 τὸ
1314 2276 1420 2325 τῶν
1488 2272 1669 2325 παθῶν
1734 2274 1827 2323 τοῦ
1880 2274 2009 2346 Χρι-

364 2376 489 2411 στου
519 2352 891 2420 ἐπονείδιστον,
927 2355 1074 2414 Ἀλλ’
1119 2356 1198 2414 ὅτι
1270 2359 1358 2415 καὶ
1412 2362 1472 2417 ού
1529 2359 1710 2433 νεαρὸν
1763 2359 1825 2413 τὸ
1876 2356 2010 2413 κατά

365 2450 590 2522 Χριστον
662 2446 974 2523 μυστήριον,
1032 2446 1144 2504 ἐπεὶ
1201 2449 1290 2505 καὶ
1337 2449 1491 2503 τοῦτο
1564 2447 1683 2507 τοὺς
1753 2446 2008 2523 ἀνοήτους

2092 1911 2343 1973 Domini
2374 1919 2575 1973 manet
2623 1914 2686 1971 in
2739 1919 3058 1973 internum.
3097 1912 3221 1973 Hoc
3249 1918 3453 1973 autem
3481 1917 3569 1973 est
3596 1927 3736 1973 ver-

2093 1999 2233 2060 bum
2262 2000 2414 2077 quod
2443 2000 2881 2061 annuntiatum
2908 2010 2990 2060 est
3021 1998 3098 2060 ad
3129 2016 3254 2061 vos.

2172 2088 2339 2148 Morti
2360 2087 2910 2167 Christiconjunxit
2930 2096 2987 2147 et
3010 2085 3738 2148 resurrectionem.Vere-

2096 2186 2186 2236 tur
2204 2176 2361 2237 enim
2386 2176 2618 2237 facilem
2647 2176 2997 2236 novitiorum
3023 2174 3081 2235 in
3107 2175 3224 2235 tide
3255 2172 3640 2236 mutationem
3664 2175 3739 2236 ad

2092 2264 2593 2338 incredulitatem,
2647 2273 2887 2343 propter
2936 2261 3319 2342 opprobrium
3348 2261 3737 2324 afﬂictionum

2093 2352 2336 2427 Christi,
2371 2353 2476 2414 sed
2509 2353 2652 2413 dicit
2703 2371 2818 2413 non
2882 2369 3013 2413 esse
3042 2369 3256 2413 recens
3289 2351 3633 2430 mysterium
3663 2351 3738 2414 de

2094 2441 2325 2504 Christo
2360 2459 2372 2503 :
2409 2441 2893 2522 quandoquidem
2949 2440 3059 2501 hoc
3092 2441 3266 2501 etiam
3299 2438 3610 2500 conturbat
3636 2439 3736 2500 in-

368 2520 598 2609 θορυϐετ,
660 2531 780 2588 ἀλλ’
841 2520 1044 2590 ’ἄνωθεν
1113 2538 1200 2593 καὶ
1256 2536 1356 2613 πρὸ
1431 2532 1735 2600 καταϐολῆς
1782 2520 2006 2609 κόσμουξ

2096 2520 2558 2611 εἱρίεῐιίθείεεό
2620 2520 3030 2610 superioribus
3091 2526 3460 2607 temporibus
3488 2535 3548 2588 et
3602 2536 3739 2591 ante

367 2622 454 2676 καὶ
510 2627 875 2699 προνοητικῶς
972 2630 1086 2698 Θεῷ
1140 2625 1275 2680 κατὰ
1356 2626 1448 2680 τὸν
1546 2620 1782 2697 εὔκαιρον
1868 2622 2006 2696 αὐτῷ

2096 2619 2391 2681 conditum
2421 2619 2732 2691 mundum,
2769 2625 2825 2677 et
2846 2616 3045 2678 divina
3069 2615 3439 2696 providentia
3457 2616 3738 2677 recondi-

364 2708 560 2788 χρόνον
614 2710 1017 2786 ταμιευόμενον,
1093 2712 1394 2791 ἐφανερώθη
1439 2714 1536 2787 μὲν
1578 2713 1664 2768 καὶ
1720 2723 1837 2775 τοῖς
1892 2711 2006 2789 περὶ

2096 2716 2215 2769 tum
2270 2713 2456 2769 luerat
2504 2707 2844 2785 ad,tempus
2874 2715 3295 2784 opportunum,
3328 2704 3459 2791 4971
3498 2704 3744 2767 manife-

361 2798 562 2854 τούτων
607 2800 870 2869 ζητήσασι
928 2790 1259 2880 προφήταις,
1292 2804 1365 2865 ὡς
1417 2800 1593 2879 ὀλίγον
1636 2800 1861 2856 κατόπιν
1918 2799 2006 2854 εἴ·

2096 2805 2305 2858 statum
2338 2796 2579 2876 quidem
2612 2804 2700 2855 est
2751 2803 2810 2855 et
2839 2792 3143 2874 prophetis
3173 2790 3277 2873 qui
3309 2791 3383 2852 de
3416 2790 3508 2852 bis
3535 2791 3741 2872 exqui-

360 2908 514 2957 ρηκε,
561 2888 649 2943 καὶ
691 2893 780 2943 νῦν
822 2885 878 2942 δὲ
932 2887 1343 2968 προδηλότερον,
1415 2892 1599 2967 φησὶν,
1672 2889 1751 2946 ὅτι
1802 2889 1863 2943 τὸ
1905 2888 2006 2965 πρὸ

2096 2884 2410 2965 sierunt,ut
2442 2884 2614 2964 paulo
2646 2894 2818 2945 antea
2849 2882 3098 2958 dixerat,
3137 2896 3294 2943 nunc
3315 2889 3511 2942 autem
3545 2882 3740 2941 mani-

358 2973 667 3042 καταόολῆς
724 2975 927 3051 κόσμου
1006 2976 1337 3054 ἐγνωσμέοον
1425 2976 1667 3046 δηλονότι
1738 2982 1855 3051 Θεῷ
1922 2984 2006 3032 νὺν

2096 2974 2322 3047 festius,
2359 2974 2569 3053 inquit,
2604 2974 2743 3053 quia
2773 2972 2927 3052 quod
2958 2979 3094 3031 ante
3126 2969 3431 3032 conditum
3450 2969 3738 3031 mundum

361 3062 688 3142 ἐφανερώθη,
727 3062 844 3131 ἤτοι
888 3064 1225 3137 ἐπετελέσθη,
1298 3064 1569 3134 διηνύσθη.
1632 3068 1730 3126 Καὶ
1786 3064 1870 3122 διὰ
1924 3087 1999 3120 τι-

2096 3064 2275 3125 l'uerat
2308 3062 2757 3142 prazcognitum,
2788 3079 3004 3139 nempe
3032 3063 3175 3131 Deo,
3213 3077 3370 3120 nunc
3404 3058 3741 3120 manifesta-

359 3175 457 3217 νας
485 3151 833 3228 ἀπετελέσθη,
878 3155 1241 3233 προστίθησιν,
1273 3154 1354 3212 ὅτι
1381 3153 1447 3211 δι’
1503 3158 1665 3232 ὑμᾶς.
1724 3152 1804 3212 Δι’
1874 3156 2006 3231 ὑμᾶς

2096 3162 2219 3215 tum
2254 3162 2363 3226 est,
2402 3152 2525 3213 sive
2575 3150 2937 3230 completum
2969 3158 3067 3209 aut
3098 3148 3449 3228 perlectum.
3479 3145 3550 3207 Et
3578 3147 3743 3209 addit

358 3244 484 3321 γὰρ,
515 3244 697 3321 φησὶν,
742 3242 951 3323 ἤγειρεν
993 3244 1151 3301 αύτὸν
1195 3244 1257 3301 ἐκ
1310 3250 1528 3323 νεκρῶν.
1593 3246 1691 3304 Διά
1744 3246 1793 3301 τί
1847 3242 1903 3299 δὲ
1944 3240 2006 3297 δι¹

2096 3250 2337 3322 propter
2359 3260 2506 3321 quos
2530 3240 2852 3320 perfectum
2884 3237 2979 3318 sit,
3015 3247 3151 3317 puta
3172 3245 3412 3316 propter
3436 3253 3573 3323 vos,
3592 3234 3739 3298 Nam

359 3333 499 3406 ὑμᾶς
530 3330 684 3410 ;’ίνα,
716 3322 898 3411 φησὶν,
966 3332 1245 3411 ἡγνικότες
1291 3322 1504 3397 ἑαυτοὺς
1572 3334 1627 3390 ἐν
1698 3339 1765 3410 τῇ
1804 3335 2006 3407 ὑπακοῇ

2096 3338 2335 3409 propter
2358 3329 2703 3408 vos,inquit,
2731 3327 3005 3388 excitavit
3027 3344 3159 3386 eum
3184 3342 3217 3384 a
3240 3324 3512 3386 mortuis.
3544 3322 3739 3395 Quare

353 3424 457 3486 τῆς
519 3417 764 3486 ἀληθείας
832 3418 916 3477 διὰ
970 3423 1267 3498 πνεύματος
1316 3422 1416 3491 τὴν
1485 3422 1657 3479 πίστιν
1714 3423 1859 3497 ὑμῶν
1924 3420 2006 3478 καῖ

2096 3427 2289 3479 autem
2317 3427 2556 3498 propter
2579 3435 2679 3477 vos
2698 3415 2727 3475 ‘?
2752 3413 2823 3478 Ut
2852 3434 2986 3476 cum
3014 3433 3112 3473 vos
3135 3412 3294 3492 ipsos
3328 3412 3738 3491 puriﬁcaveri-

357 3506 546 3564 ἐλπίδα
577 3505 746 3587 ἔχητε
776 3510 847 3569 είς
902 3510 1054 3572 Θεόν,
1117 3512 1215 3568 Καὶ
1269 3510 1355 3567 διὰ
1409 3512 1459 3567 τί
1522 3511 1845 3591 ἡγνικότες.;
1890 3510 2006 3569 ’Ὅτι

2096 3506 2171 3568 tis
2201 3506 2548 3568 obedientes
2580 3504 2808 3565 veritati
2841 3522 2941 3582 per
2966 3501 3450 3591 spiritumJidem
3483 3509 3737 3591 vestram

358 3604 438 3671 τῷ
466 3594 552 3654 διὰ
596 3602 694 3665 τῆς
763 3598 823 3654 ἐκ
892 3604 1089 3677 νεκρῶν
1158 3600 1492 3666 ἀναστάσεως
1548 3587 1840 3681 ἀφθάρτουξ
1866 3606 2006 3672 ζωῆς

2096 3615 2160 3655 ac
2196 3614 2361 3675 spem
2394 3594 2663 3656 habeatis
2690 3593 2746 3652 in
2785 3595 2994 3681 Deum.
3025 3589 3095 3681 Et
3124 3589 3424 3681 quomodo
3441 3587 3739 3681 pnriticati

358 3688 490 3761 ύμῖν
550 3683 1024 3766 προκαταρξαμένῷ
1121 3689 1491 3752 πιστεύσαντες
1547 3689 1817 3769 ὀφειλέται
1888 3690 2005 3746 ἐστὲ

357 3776 453 3831 καὶ
478 3774 626 3831 αὐτοὶ
691 3776 827 3832 κατὰ
893 3778 986 3832 τὸν
1053 3775 1350 3834 καλέσαντα
1406 3779 1542 3855 ὑμᾶς
1600 3775 1878 3859 ἄφθαρτον,
1952 3780 2005 3835 ἐν

364 3863 640 3931 καινότητι
668 3870 811 3936 ζωῆς
838 3870 1221 3945 περιπατῆσαι.

446 4042 502 4097 Ei
544 4038 600 4097 δὲ
652 4042 743 4098 τὸν
785 4041 991 4122 Πατέρα
1059 4045 1147 4100 καὶ
1218 4046 1368 4109 οὗτος
1411 4048 1499 4102 καὶ
1585 4045 1790 4110 Παῠλός
1843 4068 2003 4126 φησιν

2095 3683 2259 3743 eritis
2280 3683 2309 3741 ?
2339 3681 2483 3754 Quia
2516 3680 2828 3741 credentes
2858 3678 2912 3738 ei
2946 3677 3048 3757 qui
3094 3676 3259 3736 vobis
3289 3675 3623 3754 auspicatus
3652 3684 3742 3736 est

2091 3771 2586 3832 resurrectiooem
2622 3787 2696 3829 ex
2729 3766 2979 3828 mortuis
3001 3765 3075 3827 ad
3104 3762 3616 3843 inc-irruptibilem
3648 3763 3737 3825 vi-

2086 3859 2539 3934 tam,debitores
2571 3866 2629 3917 et
2658 3856 2772 3937 ipsi
2804 3855 2945 3917 estis
2970 3855 3025 3916 ei
3054 3854 3155 3935 qui
3179 3871 3313 3914 cum
3345 3852 3420 3912 sit
3459 3852 3739 3914 incorru-

2087 3950 2332 4030 ptibilis,
2367 3948 2594 4009 vocavit
2614 3965 2739 4027 vos,
2767 3954 2831 4007 ut
2861 3946 2921 4006 in
2948 3944 3204 4006 novitate
3232 3948 3371 4003 vita;
3395 3940 3738 4006 ambuletis.

2168 4038 2334 4111 Quod
2393 4037 2444 4098 si
2498 4046 2556 4098 et
2591 4036 2700 4096 iste
2735 4044 2793 4095 et
2824 4034 3040 4095 Paulus
3088 4032 3293 4094 dicunt
3322 4032 3554 4107 Patrem
3587 4030 3743 4092 exci-

362 4129 711 4197 ὲξαναστῆσαι
753 4132 845 4186 τὸν
895 4119 1082 4211 Κύριον
1148 4135 1210 4189 ὲκ
1261 4140 1480 4215 νεκρῶν,
1539 4135 1617 4210 μὴ
1686 4119 1996 4215 θορυϐηθῇς,

2096 4137 2239 4189 tasse
2266 4125 2581 4188 Dominum
2607 4144 2676 4185 ex
2701 4124 3054 4194 mortuis,ne
3075 4120 3369 4183 turberis:
3400 4138 3557 4181 nunc
3579 4119 3741 4215 enim

363 4220 860 4309 Εἷσαγωγικώτερον
914 4207 1003 4276 καὶ
1056 4207 1365 4309 Δχρώμενοι
1432 4207 1502 4299 τῇ
1541 4207 1862 4295 διδασκαλία

2096 4215 2526 4278 introductoria
2577 4214 2850 4275 doctrina
2888 4220 3121 4309 utentes
3162 4211 3305 4309 .baac
3330 4208 3557 4309 dicunt.
3592 4207 3737 4309 Nam

356 4309 519 4367 ταῦτά
562 4329 740 4388 φασιν.
816 4308 965 4366 Ἐπεὶ
1031 4298 1254 4368 ἄκουσον
1311 4298 1534 4389 Χριστοῦ
1603 4312 1700 4387 μὲν
1752 4311 1999 4391 λέγοντος

2096 4307 2226 4370 audi
2254 4304 2548 4367 Christum
2571 4302 2865 4364 dicentem
2890 4301 3061 4391 quod,
3088 4299 3352 4391 seipsum
3370 4298 3740 4391 excitaverit,

356 4386 825 4477 ἑαυτὸνίὲγετραι,
856 4394 924 4453 δι’
993 4400 1067 4456 ὧν
1135 4400 1317 4479 φησὶν,
1361 4386 1426 4455 τε
1459 4386 1661 4457 Λύσατε
1719 4386 1839 4458 τὸν*
1880 4403 2004 4458 ναὸν

2096 4415 2223 4459 cum
2253 4395 2334 4456 ait
2368 4412 2381 4456 :
2424 4392 2681 4454 «Solvite
2736 4395 3020 4479 templum
3048 4389 3197 4479 hoc,
3218 4396 3276 4449 et
3310 4387 3369 4448 in
3404 4387 3591 4479 tribus
3610 4386 3742 4479 die-

353 4487 565 4564 τοῦτον,
610 4473 1016 4564 autemest
1044 4473 1270 4566 ἡμέραις
1319 4488 1484 4568 ἐγερῶ
1539 4490 1715 4553 αὑτόν,
1754 4514 1782 4545 υ
1843 4488 2006 4546 Ἀλλὰ

2096 4486 2204 4547 bus
2235 4484 2454 4562 erigam
2509 4480 2703 4560 ipsum
2729 4477 2802 4539 η.
2845 4504 2866 4536 »ι
2923 4478 3039 4568 Sed
3075 4486 3133 4538 et
3180 4478 3368 4538 Lucas
3403 4492 3417 4537 :
3454 4500 3480 4530 (ι
3514 4473 3742 4546 Quibus

351 4575 440 4630 καί
510 4578 740 4653 Λουκᾶς,
814 4596 843 4629 ε
878 4577 976 4638 Οἷς
1031 4576 1118 4632 καὶ
1175 4566 1504 4655 παρέστησεν
1588 4579 1771 4635 ἑαυτὸν
1840 4585 2006 4650 ζῶντα

2096 4574 2273 4639 etiam
2301 4570 2567 4633 exhibuit
2605 4570 2865 4648 seipsum
2916 4566 3235 4655 viventem,
3272 4571 3582 4655 postquam
3615 4579 3744 4642 pas-

356 4664 490 4737 μετὰ
515 4665 580 4719 τὸ
605 4652 795 4720 παθεῖν
837 4664 1017 4723 αὐτὸν.
1054 4687 1084 4719 ι
1134 4666 1232 4723 Καὶ
1254 4652 1440 4722 ’πάλιν
1469 4667 1622 4732 αὑτὸς
1665 4669 1694 4724 ὁ
1741 4668 1962 4747 Χριστός
1996 4701 2006 4717 ι

2100 4683 2200 4728 sus
2234 4664 2426 4723 fuerat
2455 4661 2571 4721 ‘5.)
2599 4660 2671 4721 Et
2700 4674 2900 4718 rerum
2943 4655 3072 4735 ipse
3094 4652 3366 4715 Christus
3392 4671 3406 4711 :
3438 4652 3739 4747 «Potesta-

358 4774 387 4808 ε
465 4750 735 4818 Ἐξουσίαν
818 4750 935 4834 ἔχω
1029 4756 1198 4810 θεῖναι
1269 4755 1370 4822 τὴν
1452 4756 1637 4836 ψυχήν
1740 4746 1863 4834 μου,
1918 4766 2005 4820 καὶ

2096 4769 2211 4821 tem
2247 4750 2435 4815 habeo
2470 4746 2731 4829 ponendi
2761 4746 3020 4836 animam
3054 4748 3363 4836 meamhet
3391 4746 3753 4836 potestatem

352 4839 587 4908 ἕξουσίαν
646 4839 763 4921 ἔχω
836 4828 995 4900 πόλιν
1053 4840 1239 4901 λαϐεῖν
1308 4828 1495 4914 αὐτήν.
1528 4828 1567 4902 ἶ
1636 4828 2002 4921 Οἰκονομικώ-

2096 4846 2279 4909 habeo
2312 4828 2547 4902 rursum
2594 4834 2871 4898 sumendi
2931 4850 3061 4895 eam
3093 4831 3167 4891 ‘6.
3212 4828 3535 4921 »_Quad_am
3567 4828 3748 4921 igitur

353 4951 503 5009 τερον
532 4930 626 4987 οὖν
761 4931 923 5009 Πατρί
950 4930 1057 4989 ἔσθ’
1087 4930 1175 4989 ὅτε
1227 4933 1526 4991 ἀνατιθέασι
1580 4936 1680 5002 τὴν
1734 4916 1837 4991 τοῦ-
1883 4934 2003 4991 Υἱοῦ

2096 4929 2532 5013 dispensatione
2563 4925 2695 4987 Filii
2726 4918 3547 5013 resurrectioneminlerdum
3582 4916 3743 5013 rete:

350 5005 660 5093 ἀνάστασιν,
704 5019 799 5077 ’ίνα
827 5005 952 5095 μίαν
982 5020 1255 5100 ἐμφήνωσι
1310 5025 1513 5103 Πατρὸς
1554 5025 1643 5079 καὶ
1711 5026 1833 5081 1⁵ἱοῦ
1899 5024 1998 5091 τὴν

2096 5005 2224 5086 runt
2248 5021 2318 5081 ad
2350 5018 2608 5089 Patrem,
2634 5025 2697 5077 ut
2719 5032 2894 5103 uitam
2928 5011 3242 5103 ostendant
3272 5007 3460 5103 [iatris
3502 5025 3570 5068 ac
3610 5005 3747 5103 Filii

350 5107 634 5189 ἐνέργειαν.
670 5110 743 5167 Τὸ
771 5094 892 5176 ἑξῆς
952 5094 1117 5174 οὕτως
1152 5129 1169 5147 ·
1233 5094 1674 5191 Προεγνωσμένου
1728 5113 1825 5189 μὲν
1895 5115 1997 5192 πρὸ

2096 5106 2756 5194 )ρθιόιίοῐιεηι.ι.ἰιιει“ω
2767 5102 2955 5194 series
2978 5100 3108 5162 talis
3129 5106 3221 5161 est
3242 5096 3398 5194 :_Qui
3422 5094 3745 5194 praecogni-

351 5183 656 5264 καταϐολῆς
711 5197 937 5279 κόσμου,
1010 5183 1396 5281 φανερωθέντος·
1463 5183 1529 5257 δὲγ
1573 5200 1658 5257 ἐπ’
1730 5183 2001 5281 ,ἐσχάτων

2096 5183 2184 5263 lus
2215 5196 2454 5279 quidem
2481 5194 2588 5255 fuit
2618 5201 2756 5254 ante
2774 5190 3077 5281 conditum
3103 5186 3526 5260 mundum,sed
3561 5183 3747 5246 mani-

347 5289 456 5343 τῶν
498 5286 711 5367 χρόνων
740 5284 807 5343 δι’
853 5276 991 5363 ὑμᾶς
1025 5276 1166 5354 -τοὺς
1235 5290 1573 5353 πιστεύοντας
1613 5292 1686 5355 εὶς
1731 5276 1859 5347 Θεδν
1909 5292 2001 5347 τὸν

2096 5276 2331 5352 ίεδιοίυε
2363 5292 2454 5347 est
2483 5282 2763 5344 extremis
2796 5276 3189 5367 temporibus,
3222 5286 3468 5357 propter
3530 5292 3632 5335 vos
3666 5292 3753 5353 qu

349 5366 621 5456 ἐγείραντα
662 5377 821 5436 αὐτὸν
849 5374 911 5434 ἐκ
959 5384 1177 5457 νεκρῶν,
1251 5380 1338 5435 καὶ
1407 5376 1563 5435 δόντα
1621 5381 1763 5455 αὐτῷ
1819 5377 1996 5462 δόξαν,

2096 5375 2335 5442 :reditis
2367 5374 2426 5433 in
2466 5370 2663 5433 Deum
2694 5372 2795 5453 qui
2817 5366 3105 5434 excitavit
3158 5383 3294 5427 eum
3327 5382 3362 5425 a
3391 5368 3666 5437 mortuis,
3708 5380 3742 5425 e

422 5553 482 5603 ‘3
509 5552 915 5631 Psal.~xxxm,
952 5552 1046 5617 tO.
1082 5592 1091 5605 .
1137 5554 1195 5603 44
1219 5557 1390 5617 Joan.
1424 5574 1484 5631 ιι,
1521 5553 1618 5617 t9.
1710 5557 1768 5606 I5
1796 5559 1931 5619 Act.
1968 5579 2006 5635 ι,

2096 5605 2102 5619 .
2195 5556 2252 5607 ίϐ
2283 5559 2453 5620 .Ioan.
2486 5570 2548 5629 χ,
2593 5553 2686 5612 18.
