4180 6212
458 331 574 394 527
1595 287 2010 397 (ECUMENII
2059 251 2358 391 ritiqu
2401 287 2735 396 EPISCOP'I
3734 301 3848 388 528

447 463 611 527 dedit
636 467 748 546 ipsi
783 469 1029 545 gloriam
1067 488 1080 531 :
1116 480 1182 530 ut
1214 487 1349 530 cum
1395 465 1847 547 purifica'eritis
1876 463 1973 523 ani
1998 476 2090 519 ms

2200 458 2292 516 ’ίνα
2322 463 2599 540 ἡγνικότες
2630 465 2723 530 τὰς
2756 466 2947 546 ψμχὰς
3005 467 3152 541 ὑμῶν
3231 466 3291 522 τδ
3349 465 3471 542 γάρ,
3533 463 3696 540 ὥστε»
3755 460 3849 515 ἀντ

452 564 673 615 vestras
705 555 1024 636 (siquidem
1087 558 1222 613 ὥστε
1267 556 1499 636 capitur
1545 573 1650 634 pro
1707 552 1802 617 Ut)
1837 570 1940 632 per
1970 548 2110 609 obe-

2200 560 2292 608 τοῦ
2322 552 2436 632 Ἵνα,
2483 553 2773 626 αἶ’ληπται)
2815 554 2867 611 ἐν
2929 561 2995 631 τῇ
3065 556 3274 629 ὑπακοῇ
3329 559 3425 621 τῆς
3478 552 3724 619 ἀληθείας
3752 571 3849 608 την

457 641 740 704 dientiam
778 645 1040 705 veritatis
1073 645 1250 706 tidem
1276 654 1534 705 vestram
1562 662 1628 703 ac
1658 660 1823 722 Spem
1859 637 2110 700 habeatis

2201 640 2372 696 πίστιν
2402 644 2553 718 ὑμῶν
2584 643 2762 723 ἔχετε,
2812 645 2898 700 καὶ
2942 644 3039 711 τὴν
3098 642 3278 700 ἐλπίδα
3335 646 3406 706 εἰς
3478 643 3630 702 Θεόν.
3672 647 3848 695 Μετα-

455 731 515 791 in
549 733 1078 814 Deum.Accipitur
1108 751 1361 811 namque
1397 735 1538 790 εἶναι
1573 751 1675 811 pro
1710 729 1947 801 habere,
1977 745 2117 806 pro-

458 827 588 899 pter
616 819 689 882 Ut
717 820 1157 901 praecedens.Si
1187 826 1348 883 enim
1391 823 1526 879 ὥστε
1559 829 1625 881 ιιι
1659 819 1915 897 positum
1950 815 2116 878 estin

449 925 558 969 suo
587 909 916 987 signiﬁcato
942 909 1596 992 relinquatur,barbara
1615 917 1672 970 et
1695 903 2112 984 inintelligibi-

448 994 524 1056 lis
545 996 658 1056 erit
715 999 1032 1062 sententia.
1101 1025 1126 1054 α
1158 999 1245 1060 Ad
1306 999 1656 1062 charitalem
1709 998 2048 1058 fraternam.
2085 1016 2110 1050 ι

449 1083 685 1162 Integre
717 1086 829 1148 hoc
853 1087 1028 1148 modo
1050 1087 1370 1150 dicendum
1404 1096 1494 1148 est
1528 1109 1540 1145 :
1569 1085 1837 1148 Utfidcm
1869 1092 2119 1144 vestram

450 1187 520 1232 ac
567 1190 736 1252 spem
793 1174 1063 1237 habeatis
1116 1176 1177 1236 in
1209 1178 1432 1247 Deum,
1459 1194 1594 1236 cum
1641 1173 1871 1235 animas
1898 1179 2121 1233 vestras

455 1260 909 1340 puriﬁcaveritis
933 1283 1039 1344 per
1100 1263 1500 1325 obedientiam
1545 1262 1827 1334 veritatis,
1865 1262 1976 1323 hoc
2007 1268 2114 1340 est,

452 1367 589 1409 cum
608 1369 708 1410 vos
726 1349 890 1430 ipsos
911 1352 1368 1433 composueritis
1383 1352 1457 1414 ad
1479 1351 1880 1412 obedientiam
1895 1350 2123 1414 veritati

454 1456 562 1517 per
590 1439 887 1519 spiritum.
923 1439 1023 1501 Est
1053 1442 1213 1503 enim
1249 1451 1308 1502 et
1337 1441 1686 1503 obedientia
1725 1440 1785 1501 in
1833 1440 2006 1500 malis
2056 1457 2125 1500 ac

454 1526 858 1591 mendacibus.
885 1547 1017 1610 qua
1039 1549 1155 1590 non
1181 1539 1271 1592 est
1296 1548 1399 1610 per
1428 1530 1732 1609 spiritum,
1775 1528 1832 1588 id
1865 1536 1975 1602 est,
2007 1546 2125 1588 non

449 1625 540 1679 est
570 1616 912 1696 spiritualis.
947 1619 1236 1690 Quoniam
1269 1627 1464 1679 autem
1502 1617 1848 1697 purificatio
1879 1619 1949 1678 ad
1977 1620 2123 1678 obe-

2202 725 2593 810 λαμϐάνειγάρ
2644 736 2732 788 καὶ
2773 735 2857 803 τὸ,
2905 733 3072 812 εἰναι,
3133 735 3204 796 εἰς
3263 734 3324 789 τὸ
3379 731 3548 812 ἔχειν,
3615 728 3698 785 διὰ
3762 729 3847 801 rb,

2204 813 2319 878 ἵνα.
2386 819 2643 894 Κειμένου
2699 822 2798 899 γὰρ
2866 829 2988 897 τοῦ,
3066 822 3225 900 ὥστε,
3297 824 3382 878 καὶ
3454 818 3711 901 βάρϐαρον
3764 822 3852 875 καὶ

2198 901 2508 991 ἀδιανόητον
2561 910 2621 965 rb
2663 908 2845 987 ῥητόν.
2897 934 2920 965 ε
2953 912 3039 974 Εἷς
3094 908 3453 991 φιλαδελφίαν.
3492 935 3520 965 ι
3594 912 3665 967 Τὸ
3707 905 3851 963 ὅλονὶ

2201 992 2364 1061 οῧτῶς
2400 1016 2413 1030 ⁹
2449 988 2573 1056 Ἵνα
2627 1000 2727 1066 τὴν
2783 1001 2955 1056 πίστιν
3008 988 3154 1075 ὑμῶν
3197 1002 3286 1057 καὶ
3329 988 3733 1078 ἐλπίδαῗέχητε
3771 998 3845 1058 εἰς

2203 1085 2330 1139 Θεὸν
2373 1085 2645 1163 ἡγνικότες
2677 1088 2771 1152 τὰς
2801 1088 2981 1168 ψυχας
3037 1090 3185 1163 ὑμῶν
3253 1088 3306 1144 ἐν
3353 1094 3420 1165 τῇ
3474 1089 3682 1162 ὑπακοῇ
3747 1089 3846 1151 τῆς

2201 1169 2470 1239 ἀληθείας,
2532 1176 2775 1234 Τουτέστι
2855 1178 3358 1255 προκαταρτίσαντες
3445 1176 3659 1238 ἑαυτοὺς
3768 1174 3842 1234 εἰς

2202 1261 2442 1329 ὑπακοὴν
2499 1262 2756 1331 ,ἀληθείαν
2829 1263 2913 1323 δια
2983 1266 3296 1341 πνεύματος.
3375 1255 3538 1323 ’Ἐστι
3592 1265 3689 1342 γὰρ
3758 1263 3847 1318 καὶ

2204 1351 2416 1419 ὑπακοὴ
2483 1351 2568 1408 ἐπὶ
2633 1367 2880 1432 πονεροτς
2934 1356 3022 1410 καὶ
3106 1352 3370 1434 ψευδέσιν,
3449 1353 3567 1421 ἥτις
3649 1357 3709 1411 οὗ
3761 1349 3848 1406 διὰ

2205 1441 2522 1515 πνεύματος,
2582 1441 2871 1515 τουτέστιν,
2929 1442 2988 1499 οὐ
3043 1445 3402 1518 πνευματική.
3479 1438 3694 1508 Ἐπειδὴ
3732 1438 3787 1496 δὲ
3819 1443 3847 1496 b

2207 1529 2280 1592 εἰς
2309 1531 2546 1600 ὑπακοὴν
2573 1530 2852 1608 ἀγνίσμὸς,
2911 1529 3030 1598 ἤτοι
3085 1533 3119 1598 ἡ
3163 1533 3492 1610 παρασκευὴ,
3551 1533 3586 1599 ἡ
3637 1551 3844 1608 γυμνα-

2206 1619 2317 1696 σία,
2349 1621 2383 1686 ἡ
2415 1616 2634 1694 μελέτη,
2667 1618 2892 1684 πολλοὺς
2951 1621 3036 1675 καὶ
3097 1618 3289 1684 ἄλλους
3360 1619 3507 1698 φιλεῖ
3566 1619 3844 1696 συνεργοὺς

447 1704 730 1766 dientiam
764 1705 884 1766 sive
940 1707 1315 1788 praeparatio,
1344 1707 1723 1777 exercitium,
1777 1725 1940 1780 cura,
1988 1707 2110 1768 499

2205 1707 2539 1781 ἐπισπᾶσθαι,
2611 1709 2653 1764 εἰ
2695 1706 2881 1782 μέλλοι
2937 1709 3269 1783 πνευματικὴ
3326 1711 3456 1764 οὖσα
3523 1708 3610 1764 καὶ
3678 1707 3846 1785 ἀφθο-

449 1793 664 1855 multos
693 1794 873 1855 etiam
934 1796 1082 1856 alios
1142 1795 1305 1875 cupit
1360 1795 1670 1874 adjutores
1705 1795 2036 1875 attrahere,
2070 1797 2130 1860 si

451 1882 626 1943 modo
683 1883 1008 1962 spiritualis
1065 1885 1142 1946 sit
1181 1895 1241 1946 et
1269 1885 1493 1946 invidia
1522 1903 1736 1946 carens
1769 1911 1782 1945 .-
1823 1883 1879 1945 id
1912 1894 2114 1945 autem

449 1969 692 2031 fraterni
716 1972 941 2032 amoris
957 1991 1106 2053 opus
1127 1973 1580 2053 est,proximum
1607 1973 1846 2035 efﬁcere
1869 1973 2110 2053 partici-

457 2076 590 2138 pem
609 2058 900 2121 bonorum
927 2076 1072 2140 quze'
1092 2071 1300 2124 nactus
1326 2070 1415 2124 est
1432 2062 1722 2142 quispiam
1751 2083 1764 2124 :
1790 2071 2107 2142 propterea

448 2146 759 2227 subjungit
793 2165 808 2210 ε
843 2149 916 2210 ad
961 2150 1312 2213 charitatem
1369 2151 1692 2212 fraternam
1731 2151 2108 2214 simulatione

455 2245 782 2299 carentem.
844 2237 1162 2318 Subjungit
1213 2248 1410 2302 autem
1475 2239 1586 2302 hoc
1617 2259 1726 2320 per
1754 2239 2056 2301 defectum
2094 2258 2107 2302 :

453 2343 588 2387 nam
623 2324 699 2386 id-
720 2325 910 2389 beatis
937 2327 1220 2407 apostolis
1253 2327 1545 2389 familiare
1577 2336 1692 2394 est.
1730 2328 2118 2408 quemadmo-

453 2412 594 2475 dum
627 2414 802 2476 etiam
825 2417 980 2495 apud
1005 2416 1245 2477 beatum
1286 2415 1570 2478 Jacobum
1599 2415 1873 2489 habetur,
1914 2442 1939 2471 α
1975 2417 2120 2488 Quis

2207 1819 2291 1859 νος
2336 1811 2496 1858 εἶναι.
2537 1803 2701 1855 Τοῦτο
2730 1794 2783 1852 δὲ
2829 1795 2979 1875 ἔργον
3023 1794 3388 1876 φιλαδελφίας,
3446 1798 3508 1853 rb
3548 1802 3651 1852 τῶν
3696 1797 3847 1874 εὒρηο

2201 1885 2374 1959 μένων
2425 1885 2528 1941 τινὶ
2579 1883 2788 1963 ἀγαθῶν
2857 1886 2947 1941 καὶ
3014 1891 3094 1958 τῷ
3187 1883 3414 1952 πλησίον
3487 1882 3840 1959 μεταδιδόναι.

2200 1976 2298 2030 Διά
2325 1981 2478 2031 τοῦτο
2532 1973 2718 2051 ἐπάγει
2785 1975 2872 2048 rb,
2933 1975 3020 2037 Εὶς
3078 1971 3418 2053 φιλαδελφιαν
3471 1971 3839 2046 ἀνυπόκριτον,

2196 2060 2416 2140 Ἐπάγεῖ
2476 2060 2531 2118 δὲ
2603 2061 3000 2125 ἀποστατικῶς,
3089 2059 3301 2137 Ἰδίωμα
3365 2063 3463 2140 γὰρ
3517 2069 3671 2119 τοῦτο
3736 2067 3844 2117 τῶν

2201 2151 2471 2232 μακαρίων
2512 2149 2850 2224 ἀποστόλων,
2895 2153 2967 2213 ὡς
3039 2149 3155 2231 ἔχει
3209 2152 3298 2208 καὶ
3367 2151 3506 2229 παρά
3545 2158 3622 2225 τῷ
3679 2173 3844 2218 μακαο

2200 2241 2294 2319 ρίῳ
2324 2236 2560 2319 Ἰακώϐῳ
2588 2241 2675 2318 rb,
2717 2263 2743 2293 ε
2780 2241 2868 2305 Τίς
2898 2241 3058 2319 σοφὸς
3090 2239 3144 2295 ἐν
3181 2241 3312 2314 ὑμῖν
3337 2241 3423 2295 καὶ
3441 2239 3750 2314 ἐπιστήμων
3784 2259 3835 2319 ,ο

2202 2317 2302 2388 Καὶ
2330 2334 2414 2402 rb,
2467 2352 2495 2383 α
2521 2317 2667 2405 ’Ἃγε
2709 2335 2798 2384 νῦν
2829 2331 2876 2384 οἰ
2903 2326 3168 2408 λέγοντες,
3199 2330 3439 2406 Σήμερον
3467 2330 3555 2385 καὶ
3583 2328 3777 2401 αὔριον,
3811 2353 3835 2381 ι»

2198 2419 2286 2476 καὶ
2342 2415 2516 2474 πολλά
2567 2415 2718 2495 ἔτερα
2759 2425 2996 2479 τοιαῦτα,
3079 2407 3210 2474 ηΟτι
3267 2414 3322 2472 δὲ
3373 2420 3419 2474 οἱ
3501 2419 3843 2492 πνευματικοὶ

453 2501 693 2582 sapiens
723 2502 880 2564 inter
907 2521 1008 2565 vos
1029 2514 1088 2565 et
1110 2504 1359 2566 scientia
1386 2503 1668 2584 praeditus
1692 2504 1786 2566 ι’ῐῖ
1809 2531 1835 2560 ω
1880 2503 1950 2565 Et
1978 2524 2116 2566 rur-

456 2607 586 2650 sum
619 2608 633 2652 :
678 2590 885 2670 «Agite
908 2611 1069 2653 nunc
1091 2592 1191 2673 qui
1238 2591 1465 2665 dicitis,
1499 2591 1693 2654 Hodie
1723 2603 1780 2655 et
1803 2612 1933 2654 cras
1964 2595 2044 2668 18,
2083 2616 2107 2651 ιι

2166 2500 2456 2587 ’ὀφείλουσι
2525 2506 2631 2562 τῶν
2701 2505 3002 2584 εὕρημένων
3070 2505 3278 2582 ἀγαθῶν
3331 2504 3585 2575 ἀλλήλοις
3642 2503 3843 2582 σπουδῇ

2196 2597 2342 2673 πάσῃ
2371 2593 2725 2673 μεταδιδόναι,
2757 2595 2943 2670 μάθοις
2975 2593 3063 2673 ἀφ’
3111 2597 3182 2651 ῶν
3232 2609 3322 2651 και
3379 2594 3432 2650 ἐν
3470 2594 3634 2673 ἑτέρῳ
3666 2596 3834 2674 φησί’

454 2677 760 2758 multaque
789 2679 904 2741 alia
931 2679 1301 2761 hujusmodi.
1336 2679 1500 2754 Quod
1545 2690 1742 2742 autem
1775 2682 2110 2762 spirituales

2204 2709 2232 2741 ιι
2309 2685 2563 2744 Κατανοῶ
2619 2683 2715 2759 μὲν
2769 2681 3031 2752 ἀλλήλους
3117 2685 3189 2747 εἰς
3273 2681 3608 2762 παροξυσμὸν
3692 2683 3833 2761 ἀγά-

450 2767 716 2830 debeant
732 2769 994 2832 vicissim
1016 2769 1167 2832 alios
1187 2771 1350 2832 omni
1376 2771 1569 2832 studio
1591 2770 1878 2833 bonorum
1897 2772 2104 2853 acqui-

2192 2794 2308 2844 πες,
2348 2798 2373 2828 ιι
2408 2773 2696 2851 τούτεστιν,
2741 2773 2813 2835 εἰς
2843 2770 3151 2848 παράθηξιν,
3185 2773 3257 2835 εἰς
3322 2770 3600 2851 διέγερσιν.
3631 2773 3829 2850 Εἰπὼν,

451 2855 701 2918 sitorum
721 2857 918 2919 facere
947 2859 1294 2940 participes,
1321 2860 1552 2922 discere
1583 2859 1722 2921 licet
1753 2879 1819 2921 ex
1854 2861 1947 2921 his
1977 2879 2107 2941 quae

2195 2881 2222 2920 ε
2280 2859 2760 2940 Ἀναγεγενημένοι
2813 2861 2907 2916 οὒκ
2974 2859 3036 2917 ἐκ
3105 2866 3302 2939 σπορᾶς
3375 2863 3628 2940 φθαρτῆς,
3690 2859 3829 2917 ἀλλά

453 2944 566 3006 alio
598 2944 730 3007 loco
760 2946 908 3009 dicit
934 2967 948 3006 :
982 2947 1345 3010 «Considera
1369 2947 1610 3029 quidem
1636 2959 1869 3011 mutuos
1891 2949 2105 3011 essead

2192 2951 2446 3030 ἀφθάρτου
2508 2947 2593 3006 διὰ
2679 2947 2838 3027 λόγου
2914 2956 3105 3019 ζῶτνος
3201 2956 3332 3006 Θεοῦ
3427 2951 3514 3006 καὶ
3585 2949 3832 3024 μένοντος

457 3035 938 3115 provocationem
957 3036 1324 3116 charitatis,»
1355 3039 1465 3099 hoc
1483 3039 1672 3109 est,ad
1694 3039 2102 3100 exacuendum

2199 3041 2271 3103 εἰς
2300 3040 2391 3094 τὸν
2452 3039 2638 3109 αἰῶνα,
2703 3058 2728 3094 s
2785 3039 3130 3117 παρατίθησιν
3184 3035 3589 3103 ἐξουδενωτικῶς
3637 3040 3722 3093 καὶ
3775 3039 3837 3092 rb

460 3101 519 3183 et
546 3122 926 3184 excitandum
958 3123 1142 3186 illam.
1183 3101 1501 3206 Propterea
1540 3124 1696 3206 quod
1730 3125 1927 3188 omnis
1978 3145 2110 3189 caro

2199 3101 2296 3196 τῆς
2354 3101 2681 3206 ἀνθρωπίναις
2724 3101 2878 3192 δόξης
2937 3126 3241 3207 εὖφθαρτον,
3321 3127 3407 3184 καὶ
3462 3126 3583 3184 οἷον
3641 3128 3833 3197 εἰπεῖν,

456 3227 700 3289 gramen
725 3213 975 3276 sit.Cum
997 3213 1530 3290 dixisset,«itenati
1560 3234 1676 3275 non
1701 3221 1929 3281 semine
1961 3234 2110 3276 mor-

2196 3217 2545 3295 ἀνύπαρκτον,
2578 3215 2742 3293 ταύτῃ
2802 3216 2920 3278 τοὺς
2977 3215 3233 3294 ἀκροατάς
3301 3214 3664 3296 ὑπολιχνεύων
3733 3221 3838 3271 τῶν

458 3299 556 3361 tali
588 3301 690 3361 sed
723 3301 1075 3376 immortali,
1121 3320 1228 3382 per
1257 3322 1592 3364 sermonem
1627 3303 1728 3364 Dei
1764 3303 2017 3365 viventis
2045 3323 2110 3366 ac

2196 3302 2634 3381 προϐεϐλημένων
2664 3301 2751 3360 ὑπ’
2803 3303 2960 3360 αὐτοῦ
3001 3302 3257 3384 ἔχεσθαι,
3316 3307 3388 3368 ὡς
3448 3311 3552 3362 τῶν
3626 3305 3722 3379 μὲν
3777 3305 3838 3362 τὸ

457 3390 867 3468 permanentia
893 3391 952 3452 in
983 3400 1333 3465 aternum,»
1366 3391 1533 3453 addit
1562 3392 1739 3453 etiam
1772 3391 2110 3472 dejiciendo

2194 3394 2359 3456 ἑστὼς
2384 3393 2620 3472 ἐχόντων
2672 3392 2760 3449 καὶ
2814 3389 3236 3472 διαιωνιζόντων,
3269 3399 3373 3449 τῶν
3431 3390 3486 3448 δὲ
3543 3393 3840 3472 φθανόντων

453 3493 520 3537 ac
549 3479 988 3541 contemnendo
1011 3480 1284 3542 humana:
1299 3480 1500 3560 gloriae
1517 3480 1750 3542 facilem
1781 3481 2109 3562 corruptio-

456 3583 618 3639 nem,
655 3575 714 3628 et
771 3576 834 3628 ut
889 3568 972 3629 ita
1024 3568 1277 3650 dicatur,
1331 3586 1448 3633 non
1497 3569 1963 3648 subsistentiam,
1999 3572 2108 3632 hac

449 3655 754 3717 auditores
809 3656 1098 3739 alliciens,
1159 3669 1222 3719 ut
1253 3658 1344 3720 his
1400 3659 1739 3720 adhaereant
1776 3677 1908 3738 qua;
1964 3678 1996 3720 a
2043 3679 2107 3722 se

455 3745 757 3824 proposita
781 3753 939 3820 sunt,
1003 3754 1068 3807 ut
1116 3765 1246 3825 quae
1277 3746 1722 3808 subsistentiam
1776 3747 1996 3808 habent
2038 3767 2106 3811 ac

464 3833 1174 3912 perpetuitatem.Eorum
1194 3845 1390 3897 autem
1415 3854 1546 3916 qum
1568 3839 1639 3897 ad
1664 3835 2103 3917 corruptionem

463 3920 819 3999 perveniunt
847 3921 1484 3995 subsistentia,dicitur
1515 3925 1614 3985 hic
1643 3943 1885 4002 gramen
1919 3935 1976 3986 et
2000 3927 2109 3995 flos

450 4007 1257 4086 graminis.Porrodebilitas
1288 4012 1690 4075 subsistentia:
1721 4014 2008 4091 graminis
2034 4015 2108 4076 ad

449 4096 739 4175 majorem
771 4099 1269 4160 sermonis-[idem
1290 4101 1608 4162 adducitur
1642 4124 1653 4158 :
1690 4101 1903 4181 quibus
1925 4113 1982 4162 et
2005 4105 2111 4164 Da-

447 4182 540 4245 vid
566 4193 828 4246 nostram
853 4197 1155 4267 comparat
1182 4187 1356 4249 vitam
1380 4190 1436 4238 49
1467 4188 1577 4252 Ubi
1595 4209 1732 4250 vero
1762 4192 1909 4252 adeo
1934 4190 2106 4252 vilrm

449 4273 711 4334 ostendit
741 4274 988 4352 gloriam
1010 4286 1299 4350 nostram,
1324 4279 1539 4358 repetit
1568 4297 1801 4338 rursum
1837 4298 1904 4340 ac
1933 4279 2108 4342 docet

445 4361 710 4440 apertius
738 4362 878 4442 quid
917 4363 994 4425 sit
1023 4366 1180 4444 quod
1219 4364 1380 4446 ipsos
1438 4366 1809 4444 regeneravit
1840 4385 1942 4447 per
1972 4386 2104 4428 ser-

446 4467 683 4511 monem
715 4449 820 4512 Dei
844 4451 1092 4514 viventis
1142 4472 1210 4515 ac
1238 4464 1687 4534 permanentem
1711 4455 1771 4515 in
1788 4466 2098 4533 aeternum,

445 4545 502 4599 et
528 4539 611 4600 ait
646 4559 659 4600 :
702 4538 860 4602 «Hoc
890 4551 1088 4602 autem
1117 4551 1204 4604 est
1236 4543 1479 4604 verbum
1509 4543 1663 4623 quod
1689 4543 2101 4606 annuntiatum

446 4638 543 4690 est
572 4628 645 4689 ad
681 4647 844 4692 vos.)
887 4629 1052 4702 Quod
1085 4648 1286 4694 autem
1321 4641 1666 4712 permaneat
1697 4633 1755 4693 in
1789 4642 2099 4711 aeternum,

448 4717 763 4778 confirmat
794 4719 918 4799 pari
978 4722 1158 4781 modo
1210 4739 1343 4782 cum
1377 4723 1658 4787 nomine.
1709 4721 1855 4784 Nam
1889 4733 1947 4785 et
1979 4725 2106 4804 ipse

444 4804 568 4869 ait:
613 4830 635 4862 ιι
672 4807 902 4869 leum
951 4817 1011 4870 et
1042 4817 1200 4870 terra
1258 4811 1614 4887 transibunt,
1671 4811 1851 4873 verba
1903 4822 2102 4874 autem

443 4912 570 4955 mea
608 4915 724 4956 non
779 4898 1164 4976 praeteribunt
1215 4897 1298 4957 20.
1339 4925 1366 4954 ››
1421 4899 1591 4961 Scire
1621 4911 1814 4962 autem
1876 4910 2106 4980 oportet

446 4983 603 5062 quod
639 4984 806 5058 il2ud,
842 4985 928 5046 Ad
966 4987 1313 5049 charitalem
1368 4989 1686 5050 fraternam
1720 4988 1792 5050 ab
1825 4989 1986 5050 omni
2017 4989 2105 5050 si-

434 5071 756 5133 mulatione
787 5073 1064 5150 alienam,
1101 5077 1180 5136 ita
1215 5077 1466 5156 proferri
1511 5077 1693 5139 debet
1722 5097 1735 5141 :
1766 5077 1846 5139 Ex
1881 5079 2100 5140 mundo

433 5160 614 5220 corde
643 5180 740 5221 vos
786 5162 1038 5224 invicem
1065 5164 1293 5244 diligite
1327 5166 1598 5245 impense
1639 5169 1714 5228 ad
1747 5167 2096 5228 charitalem

2191 3488 2258 3559 τῇ
2341 3485 2502 3561 φθορᾷ
2600 3480 2698 3548 τὴν
2751 3479 3060 3543 ὕπόστασιν,
3153 3483 3349 3560 Χόρτος
3436 3481 3676 3552 ἐνταῦθα,
3749 3483 3835 3538 καὶ

2190 3570 2341 3633 ἃνθος
2400 3570 2619 3650 χόρτου,
2699 3571 2760 3626 rb
2829 3571 2916 3625 καὶ
2965 3572 3056 3626 τοῦ
3112 3571 3308 3650 χόρτου
3396 3572 3525 3649 πρὸς
3618 3569 3834 3649 ὕπαρξιν

2189 3660 2551 3739 ἀσθενέστερον
2581 3661 2654 3724 εἷς
2684 3659 2859 3715 πίστιν
2889 3660 2982 3716 τοῦ
3037 3657 3195 3738 λόγου
3251 3661 3546 3739 παράγεται
3571 3676 3586 3690 ⁸
3633 3662 3717 3723 οἷς
3746 3658 3833 3714 καὶ

2193 3746 2348 3805 Δαυὶδ
2373 3749 2470 3816 τὴν
2499 3745 2615 3805 καθ’
2666 3749 2807 3821 ἡμᾶς
2849 3747 3119 3819 ἀπεικάζει
3173 3750 3338 3820 ζωήν.
3403 3739 3584 3807 ’Ὅπου
3653 3745 3708 3802 δέ
3735 3747 3832 3815 τὴν

2189 3835 2339 3903 δόξαν
2396 3837 2549 3912 ἡμῶν
2606 3835 2871 3900 εὖτελίσας
2930 3834 3288 3913 ἀναλαμϐάνει
3343 3837 3502 3894 πάλιν
3551 3837 3638 3894 καὶ
3695 3832 3833 3891 διδά-

2189 3946 2308 3982 σκει
2353 3926 2688 4004 σαφέστερον,
2723 3925 2771 3979 τί
2837 3923 2947 3979 ἐστι
2991 3927 3052 3980 τὸ
3095 3925 3458 4004 ἀναγεννῆσαν
3513 3924 3699 3987 αὐτοὺς
3749 3920 3833 3978 διὰ

2187 4013 2351 4093 λόγω
2379 4020 2573 4085 ζῶντος
2601 4019 2730 4070 Θεοῦ
2758 4013 2844 4068 καὶ
2897 4013 3143 4087 μένοντος
3209 4017 3284 4079 εἰς
3341 4013 3431 4071 τὸν
3487 4015 3654 4070 αἰῶνα
3687 4018 3704 4042 ‘
3749 4011 3836 4067 καὶ

2188 4104 2318 4182 φησι
2349 4119 2364 4134 ·
2407 4124 2430 4158 ι
2466 4108 2630 4160 Τοῦτο
2659 4099 2714 4156 δὲ
2743 4100 2852 4156 ἐστι
2921 4102 2983 4156 rb
3024 4101 3169 4178 ῥῆμα
3227 4105 3287 4159 τὸ
3340 4099 3706 4181 εὐαγγελισθὲν
3761 4101 3835 4163 εἰς

2187 4192 2344 4266 ὑμᾶς.
2387 4208 2414 4249 s
2459 4191 2546 4253 Εἰς
2572 4191 2662 4245 τὸν
2693 4190 2855 4246 αἰῶνα
2893 4185 2946 4244 δὲ
2991 4189 3171 4264 μένειν
3226 4190 3352 4247 αὐτὸ
3421 4187 3832 4266 διαϐεϐαιοῦται,

2189 4265 2478 4358 συμφώνως
2505 4283 2582 4351 τῷ
2613 4278 2802 4355 Κυρίῳ,
2840 4278 2935 4334 Καὶ
2978 4279 3077 4356 γὰρ
3133 4279 3220 4334 καὶ
3250 4280 3404 4343 αὐτός
3463 4300 3646 4357 φησιν,
3713 4300 3741 4331 ι
3777 4265 3836 4334 Ὀ

2188 4366 2400 4446 οὐρανὸς
2443 4367 2530 4421 καὶ
2559 4378 2593 4433 ἡ
2622 4368 2695 4442 γῆ
2764 4363 3163 4448 παρελεύσεται,
3221 4369 3267 4424 οἱ
3326 4366 3382 4424 δέ
3422 4366 3573 4445 λόγοι
3631 4385 3731 4442 μου
3775 4366 3838 4421 ob

2125 4429 2265 4529 0μῆ
2297 4429 2647 4534 παρέλθωσιν.¹
2684 4429 2791 4510 -Δετ
2837 4429 2910 4509 δὲ
2964 4429 3163 4513 εἰδέναι,
3221 4455 3301 4512 ὅτι
3372 4459 3455 4530 rb,
3502 4429 3642 4519 'Elr'
3671 4455 3836 4536 φιλα-

2184 4541 2394 4622 δελφίαν
2423 4542 2783 4620 ἀνυπόκριτον,
2841 4541 2980 4600 οὕτω
3037 4545 3147 4623 χρὴ
3204 4545 3482 4625 προφέρειν
3517 4559 3530 4575 ⁸
3593 4542 3689 4601 Ἐκ
3728 4564 3834 4600 κα-

2184 4636 2342 4710 θαρᾶς
2400 4629 2610 4708 καρδίας
2708 4629 2972 4700 ἀλλήλους
3056 4632 3371 4710 ἀγαπήσατε
3453 4633 3705 4705 ἐκτενῶς,
3759 4633 3836 4696 ,εἰς

2187 4717 2526 4802 φιλαδελφίαν
2620 4717 2987 4798 ἀνυπόκριτον.
3075 4723 3138 4779 Αἰ
3218 4723 3316 4801 γὰρ
3414 4719 3652 4786 ἐκϐάσεις
3721 4725 3830 4777 τῶν

2187 4810 2512 4889 πραγμάτων
2596 4807 2971 4867 ἐπακολουθεῖν
3061 4809 3270 4869 εἰώθασι
3363 4824 3482 4876 τοῖς
3579 4808 3625 4868 δι
3680 4810 3838 4874 αὐτὰς

2187 4895 2729 4978 πραγμανευομένοις.
2802 4896 2953 4954 Ἐπεὶ
3008 4898 3097 4955 οὖν
3165 4905 3236 4976 τῇ
3292 4899 3353 4958 ἐκ
3416 4903 3644 4979 καθαρᾶς
3701 4921 3840 4978 καρ-

2188 4986 2306 5050 διας
2352 4984 2599 5054 ἀλλήλων
2654 4985 2860 5042 ἐκτενεῖ
2931 4987 3114 5066 ἀγάπῃ
3169 4990 3203 5056 ἡ
3289 4988 3628 5068 ἀνυπόκριτος
3699 4988 3840 5045 ἐπα-

2187 5073 2432 5132 κολουθεῖ
2475 5071 2809 5154 φιλαδελφία,
2883 5073 3085 5141 καλῶς
3119 5075 3260 5157 ἔχει,
3319 5077 3566 5155 ἡγεῖσθαι
3622 5076 3719 5151 μὲν
3749 5077 3835 5150 rb,

2189 5162 2284 5221 Ἐκ
2311 5165 2537 5240 καθαρᾶς
2567 5159 2802 5240 καρδίας,
2835 5160 3050 5219 ἓπεοθαι
3091 5161 3145 5220 δὲ
3213 5165 3276 5221 rb
3320 5167 3410 5229 Εἰς
3470 5163 3837 5246 φιλαδελφίαν.

437 5246 762 5310 fraternam
794 5251 867 5311 ab
898 5253 1061 5313 omni
1091 5253 1478 5316 simulatione
1500 5255 2098 5336 alienam.Siquidem

2192 5250 2610 5326 Ἐπισημαντέον
2677 5250 2776 5326 μέν
2846 5274 2927 5308 τοι
2987 5250 3066 5308 ὅτι
3119 5255 3207 5310 καὶ
3260 5255 3384 5329 τὴν,
3445 5257 3518 5318 εὶς
3593 5254 3843 5333 πρόθεσιν

435 5336 584 5397 tales
612 5355 812 5398 rerum
851 5339 1038 5400 exitus
1070 5343 1354 5423 consequi
1385 5344 1579 5405 solent
1608 5343 1805 5424 qualia
1837 5354 1975 5404 sunt
1999 5345 2101 5406 illa

2192 5337 2575 5418 μεταλαμϐάνει
2621 5340 2692 5403 εἰς
2752 5340 2870 5416 τὴν,
2948 5338 3053 5417 διὰ,
3123 5341 3215 5399 ἵνα
3297 5345 3356 5419 ᾗ,
3421 5345 3520 5400 Διὰ
3576 5339 3833 5424 φιλαδελ-

437 5443 568 5504 quaa
593 5437 834 5506 propter
861 5427 1020 5506 ipsas
1054 5437 1382 5492 tractantur
1420 5451 1487 5494 ac
1514 5441 1895 5513 peraguntur.
1933 5431 2100 5504 Quo-
2185 5434 2328 5512 φίαν.

442 5513 601 5574 niam
633 5515 813 5593 igitur
841 5516 914 5577 ad
945 5516 1276 5598 impensam
1305 5519 1688 5585 dilectionem
1721 5529 1984 5582 mutuam
2017 5541 2090 5586 ex
2119 5521 2346 5590 mundo
2378 5518 2589 5595 corde,
2627 5518 3018 5600 consequitur
3045 5518 3306 5586 fraterna
3343 5519 3600 5586 charitas
3627 5517 3845 5583 simul-

440 5705 447 5717 ,
522 5644 577 5692 1⁷
605 5642 723 5706 Jac.
759 5661 846 5720 ιιι,
878 5647 976 5710 13.
1063 5647 1120 5697 18
1146 5647 1269 5711 Jac.
1308 5668 1361 5721 v,
1397 5651 1426 5711 1
1463 5669 1591 5732 seq.
1679 5651 1738 5701 ίο
1768 5649 1901 5714 Ρεει
1930 5669 2110 5718 XXXX!

2237 5671 2407 5736 seqq.
2489 5650 2554 5702 ³ο
2579 5649 2794 5713 Matth.
2826 5667 2987 5731 xxxv,
3022 5652 3124 5720 35.
