4180 6212
260 370 269 401 ⁷
289 369 416 474 "533

1319 408 1711 474 COMMENT.
1760 364 1842 468 ΙΝ
1887 403 2127 466 EPIST.
2176 403 2202 464 I
2245 402 2306 464 s.
2357 400 2608 463 perm.

3549 396 3664 461 534

295 543 348 607 ὃς
402 545 490 599 καὶ
543 544 708 622 πέτρα
765 540 1078 620 σκανδάλου,
1163 543 1251 597 καὶ
1332 538 1469 606 λίθος
1524 537 1937 619 προσκόμματός

2036 540 2187 594 Jetra
2208 537 2302 593 est
2320 531 2392 622 ad
2411 549 2588 622 quam
2604 528 2932 622 offendant,
2966 539 3025 622 et
3058 529 3239 622 lapsis
3259 528 3319 589 in
3353 546 3525 622 quem
3555 528 3674 622 im:

298 631 404 687 ἐστι
474 645 591 698 τοῖς
648 632 972 710 ἀπειθοῦσιν,
1042 644 1099 687 οῖ
1154 629 1542 708 προσκόπτουσι
1629 631 1705 703 τῷ
1772 627 1937 701 λόγῳ,

297 720 632 787 ἀπειθοῦντες
663 727 739 795 τῷ
767 718 912 798 λόγῳ
967 717 1233 791 δηλονότι,
1296 719 1367 783 εἷς
1426 717 1455 772 ὅ
1526 719 1612 774 καὶ
1666 715 1938 783 ἐτέθησαν.

294 806 481 865 ’Ἔσται
526 812 617 865 οὖν
648 811 712 866 τὸ
735 808 856 866 ὅλον
888 807 1052 871 οὕτως
1092 828 1107 843 ⁸
1142 805 1270 864 Ἰδοὺ
1327 806 1505 880 τίθημι
1561 806 1615 863 ἐν
1687 806 1826 862 Σιὼν
1856 804 1943 862 λί-

295 900 379 953 θον
407 898 822 977 ἀκρογωνιαϊον,
871 900 1117 972 ἶεντιμον³
1169 895 1444 956 ἐκλεκτόν.
1480 897 1577 953 Καὶ
1621 898 1648 951 ὃ
1678 895 1941 953 πιστεύων

295 985 378 1041 ἐπ’
419 989 586 1062 αὒτῷ,
678 993 737 1046 o’)
792 987 869 1063 μὴ
926 988 1313 1065 καταισχυνθῇ.
1377 983 1587 1059 ἔντιμον
1629 986 1757 1060 ὑμτν
1825 997 1941 1065 τοῖς

296 1077 650 1157 πιστεύουσιν,
686 1078 950 1133 ἀπειθοῦσι
1021 1073 1076 1130 δὲ
1146 1073 1285 1131 λίθον
1345 1074 1784 1153 προσκόμματος.
1836 1063 1943 1131 ιὈν

294 1162 430 1219 λίθον
485 1164 882 1242 ἀπεδοιίμασαν
941 1167 1037 1240 μὲν
1109 1166 1156 1221 οἱ
1208 1161 1622 1238 οἰκοδομοῦντες,
1697 1165 1847 1225 οὗτος
1891 1159 1943 1216 δέ.

298 1250 519 1329 ἐγενήθη
594 1256 668 1318 εἷς
740 1251 978 1332 κεφαλὴν
1047 1252 1263 1329 γωνίας,
1339 1251 1614 1309 συνάπτων
1685 1250 1783 1324 μὲν
1825 1250 1943 1313 τοὺς

295 1343 639 1404 πιστεόντας
672 1345 744 1406 εἰς
789 1342 943 1398 αὐτόν
978 1363 989 1373 ’
1044 1339 1184 1402 λίθος
1235 1338 1290 1395 δὲ
1344 1339 1758 1417 προσκόμματος
1814 1338 1942 1395 τού-

295 1450 420 1501 τοις,
457 1430 513 1486 οἵ
547 1433 943 1511 προσκόπτοοπι
987 1436 1063 1503 τῷ
1111 1429 1259 1507 λόγῳ
1309 1438 1402 1487 τοῦ
1463 1426 1781 1507 Εὗαγγελίου
1841 1425 1940 1493 δη-

295 1516 424 1585 λαδή
452 1519 790 1584 ἀπειθοῦντες
852 1544 878 1573 α
914 1521 1001 1584 Εἷς
1037 1519 1065 1573 ὃ
1094 1520 1179 1574 καὶ
1212 1517 1464 1584 ἐτέθησαν
1519 1544 1539 1569 ιι
1580 1518 1695 1595 Οὔκ
1726 1518 1797 1579 ὡς
1841 1515 1946 1572 ἀπὸ

293 1613 382 1662 τοῦ
413 1614 547 1664 Θεοῦ
594 1610 669 1673 εἷς
741 1616 896 1666 τοῦτο
966 1606 1352 1689 ἀφωρισμένοις
1424 1604 1660 1683 εἴρηται.
1723 1603 1947 1679 Οὐδεμία

294 1696 389 1772 γὰρ
467 1697 609 1752 αἰτία
668 1695 954 1769 ἀπωλείας,
1024 1696 1167 1751 παρὰ
1221 1703 1314 1753 τοῦ
1386 1695 1587 1757 πάντας
1644 1694 1945 1771 ἀνθρώπους

293 1780 532 1848 θέλοντος
591 1785 826 1852 σωθῆναι
910 1780 1237 1864 βραϐεύεται,

295 1871 454 1938 σκεύη
518 1874 899 1951 κατηρτικόσιν
970 1872 1155 1949 ὀργῆς,
1214 1872 1300 1926 καὶ
1368 1872 1402 1939 ἡ
1468 1871 1701 1927 ἀπείθεία
1756 1869 1953 1936 ἐπηκοο

294 1954 537 2031 λούθησε,
644 1961 732 2015 καὶ
783 1961 857 2024 εὶς
940 1958 1009 2026 ἤν
1068 1959 1461 2038 παρεσκεύασαν
1551 1959 1761 2024 ἑαυτοὺς
1810 1957 1953 2023 τάξιν

297 2043 574 2112 ἐτέθησαν.
644 2049 701 2105 Εἰ
768 2049 868 2126 γὰρ
918 2046 1241 2113 αὖτεΞούσιος
1325 2049 1353 2103 ὁ
1403 2046 1669 2126 ἅνθρωπος
1737 2046 1945 2125 γέγονε,

296 2135 379 2190 καὶ
410 2136 506 2192 οὐκ
539 2135 656 2192 ἔστι
684 2137 949 2213 βιάζεσθαι
979 2138 1041 2193 τὸ
1087 2134 1438 2206 αὖτεξούσιον,
1514 2139 1607 2194 οὐκ
1676 2134 1739 2191 ἂν
1791 2135 1951 2192 εἰκότι

295 2223 570 2299 μέμψαιτό
620 2247 702 2288 τις
759 2223 903 2303 λόγῳ
957 2232 1035 2300 τῷ
1100 2225 1352 2291 τοιαύτης
1415 2224 1616 2294 λήξεως
1672 2222 1950 2290 ἀξιώσαντι

292 2321 498 2391 τοῦτον,
534 2315 607 2381 ἧς
641 2312 723 2369 διὰ
754 2321 855 2370 τῶν
888 2318 1041 2372 αὖτοῦ
1072 2313 1240 2391 ἔργων
1280 2316 1307 2370 ὁ
1339 2323 1504 2373 ταῦτα
1548 2310 1745 2392 δράσας
1779 2314 1951 2388 ἐαυτῷ

295 2397 714 2475 ἐμνηστεύσατο.
745 2401 1158 2482 Ἀκρογωνιατος
1214 2400 1267 2457 δὲ
1309 2400 1447 2467 λίθος
1503 2401 1713 2481 εἴρηται
1744 2403 1772 2457 ὁ
1821 2408 1953 2480 Χρι-

299 2491 441 2554 στὸς,
490 2492 565 2554 ὡς
599 2493 724 2554 τοὺς
754 2489 841 2548 δύο
880 2492 1109 2570 »τοίχους
1162 2491 1282 2553 τοὺς
1338 2492 1428 2547 τὸν
1486 2492 1743 2570 Πατρικὸν
1800 2492 1952 2547 οἷκον

300 2577 708 2651 ἀποτελοῦντας,
742 2579 863 2648 ἤτοι
943 2581 1065 2643 τοὺς
1131 2579 1185 2645 ἐξ
1242 2579 1401 2635 ἐθνῶν
1456 2579 1542 2635 καὶ
1586 2576 1841 2636 Ἰουδαίων
1869 2576 1953 2634 διά

299 2672 393 2732 τῆς
426 2669 619 2729 ἑαυτοῦ
662 2670 937 2728 συνάπτων
1002 2669 1236 2748 ἐπαφῆς,
1295 2669 1383 2724 καὶ
1426 2669 1499 2729 εἷς
1572 2668 1694 2742 μίαν
1726 2667 1947 2746 συσφίγ-

301 2779 405 2833 γων
435 2757 787 2837 ἀρμολογίαν,
833 2764 937 2814 τῶν
989 2758 1087 2830 μὲν
1160 2759 1253 2820 τὰς
1324 2754 1618 2837 ἀνωφελε⁴ς
1689 2755 1949 2837 ἀφανίζων

299 2847 495 2924 θδσίας,
532 2853 644 2903 τῶν
674 2846 729 2903 δὲ
759 2849 858 2915 τὴν
928 2845 1252 2914 δαιμονιώδη
1312 2847 1604 2921 μετατιθεὶς
1676 2847 1746 2910 εἰς
1805 2845 1950 2904 εὗσέ-

1330 1780 1467 1838 ἀλλά
1539 1794 1654 1843 τοῖς
1733 1782 1947 1843 ἑαυτοὺς
1974 1819 2013 1868 Β

2025 621 2266 703 pingant
2322 620 2618 682 increduli
2653 638 2667 683 ε
2700 619 2841 681 496
2889 619 2989 699 qui
3044 618 3321 681 videlicet
3378 616 3677 680 increduli

2029 718 2340 773 manentes
2368 708 2652 785 sermoni,
2685 708 3023 786 impingunt
3051 707 3113 768 in
3161 707 3326 768 illum
3364 728 3376 766 :
3412 708 3483 767 ad
3519 705 3678 788 quod

2030 798 2313 861 videlicet
2342 799 2518 860 etiam
2580 796 2887 860 constituti
2936 797 3190 859 fuerant.
3225 796 3350 857 Erit
3382 815 3521 875 ergo
3553 803 3673 858 tota

2026 888 2313 969 particula
2336 888 2448 949 hoc
2481 886 2655 948 modo
2686 885 3055 948 ordinanda:
3082 886 3239 947 Ecce
3263 904 3416 965 pono
3447 886 3509 945 in
3535 884 3679 948 Sion

2026 978 2278 1058 lapidem
2312 977 2681 1056 angularem,
2735 974 2987 1037 electum
3022 982 3080 1035 et
3108 973 3452 1055 pretiosum,
3492 982 3548 1035 et
3578 973 3679 1054 qui

2024 1067 2349 1129 crediderit
2379 1068 2438 1127 in
2470 1067 2596 1140 illo,
2630 1085 2748 1126 non
2805 1064 3067 1145 pudeﬁet
3100 1081 3113 1126 :
3150 1063 3473 1144 pretiosum
3509 1062 3677 1124 vobis

2026 1157 2123 1236 qui
2158 1155 2425 1229 creditis,
2457 1154 2786 1216 incredulis
2824 1172 2960 1213 vero
2982 1152 3236 1232 lapidem
3256 1152 3316 1212 in
3349 1171 3525 1232 quem
3558 1152 3677 1212 im-

2028 1248 2271 1327 pingant
2296 1267 2308 1307 :
2334 1245 2777 1327 quemlapidem
2798 1244 3521 1325 reprobaveruntquidem
3536 1243 3676 1305 aedi-

2028 1336 2270 1398 ficantes
2302 1337 2398 1397 hic
2421 1345 2618 1396 autem
2640 1335 2830 1395 factus
2858 1343 2945 1395 est
2967 1341 3144 1413 caput
3169 1334 3391 1411 anguli,
3428 1333 3676 1413 conjun-

2028 1444 2173 1505 gens
2194 1425 2508 1486 credentes
2536 1425 2598 1484 in
2628 1443 2809 1484 unum
2836 1441 2849 1486 :
2881 1424 3061 1503 lapsis
3088 1440 3224 1483 vero
3256 1422 3316 1482 in
3349 1439 3524 1502 quem
3559 1423 3675 1483 im-

2032 1515 2289 1594 pingitur
2318 1523 2406 1575 est
2454 1514 2531 1576 iis
2561 1512 2663 1594 qui
2722 1512 3076 1593 impingunt,
3112 1510 3374 1574 sermoni
3404 1511 3683 1573 videlicet

2030 1603 2330 1683 Evangelii
2355 1622 2470 1664 non
2496 1602 2973 1665 credentes.cAd
2991 1602 3149 1680 quod
3176 1600 3350 1661 etiam
3374 1600 3680 1663 constituti

2031 1701 2167 1754 sunt
2200 1711 2212 1755 :
2252 1718 2278 1748 ι)
2316 1711 2434 1753 non
2465 1692 2633 1773 quasi
2689 1692 2759 1751 ad
2793 1692 2907 1752 hoc
2939 1690 3057 1752 sint
3086 1691 3380 1769 segregati
3410 1708 3444 1751 a
3470 1689 3591 1751 Deo
3622 1690 3682 1753 id

2036 1783 2255 1845 dictum
2283 1781 2577 1844 est.Nulla
2609 1780 2767 1841 enim
2799 1779 3152 1860 perditionis
3182 1797 3360 1840 causa
3386 1778 3458 1839 ab
3485 1796 3557 1840 eo
3577 1779 3678 1860 qui

2035 1871 2157 1932 vult
2213 1888 2422 1932 omnes
2452 1869 2721 1932 homines
2771 1869 2964 1930 salvos
2996 1867 3125 1929 fieri
3154 1867 3545 1941 ministratur,
3578 1867 3683 1929 sed

2035 1978 2137 2022 eos
2161 1960 2260 2040 qui
2286 1959 2515 2037 seipsos
2534 1976 2670 2019 vasa
2709 1958 2812 2019 irae
2834 1957 3180 2029 effecerunt,
3209 1964 3267 2018 et
3294 1955 3682 2017 incredulitas

2034 2058 2235 2111 secuta
2264 2055 2440 2119 est,et
2467 2046 2529 2107 in
2562 2065 2630 2108 eo
2663 2046 2874 2108 ordine
2897 2044 3197 2107 constituti
3230 2052 3367 2105 sunt
3397 2045 3471 2105 ad
3502 2062 3676 2125 quem

2034 2156 2167 2200 sese
2199 2143 2688 2218 praeparaverant.
2724 2133 2786 2197 Si
2816 2133 2974 2196 enim
3037 2132 3211 2195 liberi
3241 2132 3471 2196 arbitrii
3502 2134 3681 2194 homo

2033 2227 2221 2289 factus
2251 2234 2482 2287 est.nec
2514 2231 2709 2305 potest
2735 2223 2864 2303 cogi
2915 2221 3170 2284 liberum
3198 2221 3533 2297 arbitrium,
3569 2240 3682 2284 ne-

2036 2334 2324 2398 quaquam
2347 2313 2583 2376 decenti
2605 2310 3185 2393 sermonequispiam
3210 2328 3343 2373 eum
3367 2328 3684 2373 accusave-

2035 2405 2244 2487 rit,qui
2275 2404 2452 2465 talem
2473 2401 2588 2483 ipsi
2618 2409 2839 2463 sortem
2865 2398 3147 2474 decrevit,
3182 2417 3357 2480 quam
3380 2399 3502 2461 suis
3532 2418 3682 2478 ope—

2035 2495 2201 2557 ribus
2224 2494 2274 2555 is
2298 2492 2399 2574 qui
2422 2509 2492 2553 ea
2539 2500 2815 2570 operatus
2859 2496 2946 2551 est
2970 2487 3081 2550 sibi
3104 2488 3218 2569 ipsi
3239 2488 3471 2550 ascivit.
3499 2488 3685 2550 Porro

2036 2584 2189 2663 lapis
2218 2579 2515 2662 angularis
2545 2579 2738 2641 dictus
2785 2587 2877 2640 est
2907 2576 3196 2652 Christus,
3222 2586 3501 2657 tanquam
3535 2578 3687 2639 duos

2035 2673 2292 2754 parietes
2307 2673 2619 2733 Paternam
2646 2667 2885 2729 domum
2915 2665 3444 2745 perﬁcientes,sive
3463 2686 3563 2728 eos
3584 2667 3687 2748 qui

2035 2782 2101 2825 ex
2133 2760 2407 2840 gentibus
2433 2766 2598 2820 erant
2626 2755 2920 2819 etJudreis
2956 2774 3062 2816 suo
3092 2762 3397 2817 contractu
3431 2757 3681 2835 conjun-

2031 2860 2265 2933 gens,et
2290 2851 2348 2910 in
2365 2866 2539 2910 unam
2557 2847 2843 2927 adaptans
2869 2844 3342 2906 convenientiam
3384 2866 3397 2908 :
3432 2844 3680 2906 inutiles

300 2928 443 2988 ϐειαν
511 2932 947 3011 δεισιδαιμονίαν,
1009 2959 1032 2989 ε
1074 2926 1258 3011 ’Υμεϊς
1293 2933 1348 2990 δὲ
1405 2935 1552 3013 γένος
1608 2933 1875 2996 ἐκλεκτόν,
1918 2959 1942 2994 ι

2036 2926 2271 3024 quidem
2305 2938 2524 3000 hostias
2556 2955 2588 2997 e
2618 2935 2815 2997 medio
2848 2933 3516 3012 tollens,dazmoniacam
3540 2952 3680 2996 vero

304 3020 578 3079 Διαϐαλὼν
638 3024 736 3090 τὴν
803 3030 909 3081 τῶν
980 3024 1333 3082 ἀπειθούντων
1390 3024 1769 3102 κακατροπίαν.
1862 3024 1949 3080 καὶ

2036 3020 2515 3113 superstitionem
2546 3027 2619 3089 ad
2651 3044 2853 3088 verum
2890 3025 3251 3086 transferens
3301 3024 3407 3086 Dei
3437 3024 3683 3087 cultum.

302 3109 443 3176 ὅπως
518 3114 668 3169 α’ντοὶ
726 3114 937 3177 ἑαυτοῖς
992 3114 1255 3193 παραίτιοι
1329 3112 1722 3180 κατεστάθησαν
1792 3112 1949 3168 ἀπει-

2045 3109 2198 3184 «Vos
2227 3128 2423 3182 autem
2456 3135 2643 3197 genus
2668 3116 3311 3194 electum.»Postquam
3343 3113 3684 3175 incredulo-

301 3201 460 3280 θείας,
496 3225 588 3258 νυν
663 3199 961 3277 μεταϐαἷνει
1039 3203 1168 3281 πρὸς
1250 3200 1460 3258 ἔπαινον
1516 3202 1621 3258 τῶν
1669 3204 1951 3280 κατωρθω-

2039 3231 2171 3274 rum
2194 3203 3031 3289 reprehenditimprobitalem
3053 3221 3304 3275 morum,
3325 3203 3553 3283 etquod
3574 3202 3688 3283 ipsi

298 3289 486 3360 κότων,
525 3292 616 3348 καὶ
686 3313 868 3371 φησιν,
931 3289 1011 3347 ὅτι
1076 3284 1262 3366 Τμετς
1322 3290 1473 3369 γένος
1530 3289 1799 3369 ἐκλεκτὸν,
1850 3291 1949 3367 βα-

2037 3301 2148 3365 sibi
2170 3284 2317 3382 ipsis
2337 3313 2513 3360 causa
2534 3284 2727 3356 effecti
2747 3293 2998 3382 fuissent
3016 3292 3690 3382 incredulitatis,transit

270 3379 488 3439 ’σίλειον
566 3384 868 3464 ἱεράτευμα,
926 3384 1152 3463 ὡσπερεὶ
1220 3382 1398 3462 ἔλεγεν
1435 3401 1449 3418 ’
1539 3383 1770 3439 Ἐκεῖνοι
1855 3384 1951 3458 μὲν

2036 3379 2297 3454 ηυῐιοέἀ
2326 3385 2559 3447 laudem
2592 3400 2793 3443 eorum
2842 3380 2943 3461 qui
2988 3381 3224 3459 egregia
3259 3380 3683 3461 praestiterant,

297 3469 377 3526 διὰ
405 3471 723 3550 κληρότητα
768 3474 855 3528 καὶ
919 3472 1212 3546 ἀπείθειαν,
1245 3471 1584 3551 προσέκοψαν
1653 3478 1730 3545 τῷ
1785 3471 1948 3550 ἀκρο-

2036 3490 2091 3544 et
2120 3480 2202 3542 ait
2235 3497 2249 3537 :
2286 3477 2405 3537 Vos
2457 3472 2599 3534 estis
2628 3487 2819 3550 genus
2850 3470 3130 3542 electum,
3165 3469 3362 3547 regale
3395 3470 3685 3531 sacerdo-

297 3561 534 3636 γωνιαίῳ
590 3557 710 3617 ἀλλ’
793 3564 853 3619 οὗ
902 3559 1432 3636 συνιμκοδιιμήθησαν.
1497 3553 1680 3635 ’Υμεϊς
1731 3558 1786 3616 δὲ
1841 3562 1943 3639 οὐχ

2036 3568 2177 3638 tium
2220 3583 2240 3645 ε⁵
2267 3582 2336 3625 ac
2394 3562 2443 3622 si
2503 3559 2773 3620 diceret:
2810 3556 2904 3645 Illi
2950 3557 3189 3645 quidem
3242 3575 3342 3618 sua
3380 3557 3600 3619 duritia
3630 3565 3689 3619 et

300 3645 484 3720 οὕτως,
570 3646 707 3704 ἀλλά
796 3646 864 3704 δι’
949 3648 1235 3704 εὒπείθειαν
1320 3646 1790 3724 συνῳκοδομήθητε
1872 3650 1944 3713 εἷς

2036 3648 2435 3728 inobedientia
2452 3644 2900 3726 impegeruntin
2924 3644 3182 3723 lapidem
3203 3648 3684 3724 angularem,sed

303 3732 571 3807 βασίλειον
638 3735 940 3813 ἱεράτευμα,
1000 3737 1070 3801 ὡς
1128 3734 1278 3814 γένος
1335 3734 1605 3810 ἐκλεκτὸν,
1664 3738 1735 3802 ὡς
1804 3736 1946 3800 ἔθνος

2036 3763 2150 3806 non
2181 3735 2531 3804 coaediﬁcati
2569 3744 2751 3818 sunt;
2797 3752 2898 3818 vos
2931 3741 3128 3818 autem
3154 3752 3271 3818 non
3304 3734 3541 3818 ita,‘sed
3576 3755 3685 3818 per

306 3822 474 3899 ἅγιον,
514 3822 663 3888 Πλὴν
706 3823 797 3880 ἴνα
827 3824 905 3899 μὴ
936 3829 1012 3897 τῷ
1059 3832 1290 3903 περιττῷ
1357 3824 1554 3901 ἐπαίνῳ
1603 3825 1796 3903 ἐκλύσῃ
1854 3833 1951 3883 αὖ·

2036 3822 2434 3886 obedientiam
2459 3815 2741 3878 exstructi
2765 3815 2910 3877 estis
2932 3815 2994 3876 in
3010 3815 3210 3894 regale
3232 3814 3631 3877 sacerdotium
3670 3838 3683 3878 :

305 3914 445 3984 τοὺς,
480 3910 659 3977 ἄλλως
689 3935 746 3969 τε
803 3916 890 3970 καὶ
944 3912 1037 3969 ’ίνα
1080 3915 1157 3989 μὴ
1219 3913 1671 3994 ἀποκληρωτικῶς
1737 3914 1951 3982 δόξωσιν

2037 3922 2315 3993 tanquam
2346 3924 2534 3986 genus
2566 3904 2847 3994 electum,
2878 3911 3152 3994 tanquam
3174 3922 3321 3982 gens
3347 3912 3569 3967 sancta.
3602 3907 3692 3968 Ne

308 3998 452 4080 ἔχειν
496 4002 561 4057 τὸ
602 4000 753 4078 ἅγιον
796 4001 940 4064 ἔθνος
969 4003 1056 4059 καὶ
1084 3999 1183 4057 ὅσα
1212 4000 1353 4078 ἑξῆς,
1412 3991 1498 4059 καί
1529 4000 1608 4060 ὅτι
1663 4002 1747 4059 διὰ
1776 4005 1836 4059 τὸ
1864 4008 1951 4059 τοῦ

2040 3991 2239 4066 tamen
2291 3996 2474 4059 nimia
2531 3993 2706 4055 laude
2757 3991 3037 4053 dissolvat
3064 3991 3273 4074 ipsos:
3313 4003 3371 4054 et
3404 4003 3692 4074 praeterea

309 4088 552 4168 Ἀϐραὰμ
581 4090 722 4146 εἶναι
754 4090 903 4168 γένος
935 4091 1023 4146 καὶ
1053 4087 1189 4165 μηδέ
1246 4112 1374 4147 ποτε
1441 4091 1765 4171 προσκόψαι,
1823 4091 1951 4147 ταύ-

2040 4110 2115 4154 ne
2143 4086 2516 4152 haereditario
2547 4081 2800 4164 quodam
2826 4081 2966 4161 jure
2997 4081 3220 4143 habere
3258 4082 3603 4147 viderentur
3634 4092 3696 4146 ut

308 4200 401 4246 της
430 4180 733 4249 ἠξιώθησαν
763 4184 861 4246 τῆς
940 4183 1126 4254 τιμῆς,
1192 4177 1376 4257 ἐπάγει
1430 4179 1799 4236 καταστέλλων
1856 4179 1953 4236 αὖ·

310 4273 410 4324 τῶν
441 4271 506 4326 τὸ
537 4267 782 4349 φρόνημα
826 4268 915 4323 καί
956 4289 1115 4347 φησιν
1149 4286 1166 4303 ο
1238 4267 1319 4325 ὅτι
1389 4270 1478 4336 Μὴ
1549 4269 1687 4347 μέγα
1742 4269 1829 4325 ἐπὶ
1890 4274 1960 4342 τῷ

2040 4198 2187 4262 gens
2215 4183 2419 4238 sancta
2468 4180 2669 4236 essent
2696 4189 2768 4233 ac
2814 4181 3031 4262 caetera
3058 4189 3191 4262 quin
3219 4182 3553 4252 sequuntur
3587 4194 3601 4235 :
3639 4183 3697 4237 et

2041 4259 2197 4353 quod
2230 4267 2365 4330 ideo
2397 4263 2497 4325 tali
2527 4264 2754 4323 honore
2808 4259 2973 4339 digni
3020 4260 3211 4323 habiti
3239 4260 3515 4353 fuissent,
3550 4264 3692 4343 quia

308 4359 443 4435 γένει
473 4371 742 4439 ιρρονεῒτε.
769 4360 842 4416 Οὐ
909 4358 1009 4436 γὰρ
1066 4355 1150 4413 διὰ
1205 4359 1294 4414 τὸν
1354 4355 1594 4435 Ἀϐραὰμ
1683 4356 1951 4433 ἐξελέγητε

2039 4350 2232 4440 genus
2260 4354 2557 4418 Abraham
2584 4356 2953 4440 essent,nec
2983 4369 3247 4440 unquam
3276 4350 3692 4433 impegissent,

309 4448 378 4510 εὶς
408 4446 674 4522 βασίλειον
715 4446 1016 4525 ἱεράτευμα,
1083 4448 1142 4502 Οἱ
1201 4446 1300 4525 γὰρ
1334 4445 1385 4512 ἐξ
1429 4448 1585 4503 αὑτοῦ
1614 4445 1955 4524 προελθόντες

311 4533 701 4610 διεσταλμέηην
761 4535 922 4614 εἶχον
989 4535 1086 4602 τὴν
1144 4535 1400 4614 ἱερατείαν
1456 4538 1587 4615 πρὸς
1656 4536 1754 4603 τὴν
1809 4536 1958 4611 βασι-

320 4621 486 4685 λείαν,
554 4624 627 4680 Οὗ
682 4620 766 4681 διὰ
817 4624 907 4678 τὸν
977 4620 1216 4703 Ἀϐραὰμ
1274 4625 1444 4680 τοίνυν
1503 4623 1644 4686 ἔθνος
1699 4623 1815 4679 ἐστέ
1872 4623 1959 4679 καὶ

309 4711 456 4789 γένος
508 4709 782 4785 ἐκλεκτὸν,
844 4711 930 4766 καὶ
989 4712 1061 4773 είς
1142 4710 1404 4787 βασίλειον
1464 4713 1744 4791 ἱεράτευμα
1803 4711 1955 4792 ἀφω-

310 4801 562 4878 ρισμέναι.
634 4797 790 4856 Οόδὲν
845 4800 946 4877 γὰρ
1016 4802 1214 4856 τούτων
1270 4800 1631 4880 ἐχρημάτισεν
1692 4798 1951 4880 Ἀϐραὰμ,

309 4888 442 4946 ἀλλά
470 4888 556 4944 διά
607 4888 854 4965 Χριστόν.
922 4878 1014 4952 u0.:
1084 4889 1171 4944 καὶ
1226 4878 1391 4968 lapsi):
1454 4892 1590 4946 κατά
1661 4891 1757 4958 τὴν
1791 4878 1957 4955 τάξιν

314 4975 639 5058 Μελχισεδὲκ
672 4978 1023 5057 ἐχρημάτισε,
1088 4981 1175 5033 καὶ
1244 4977 1489 5055 βασιλεὺς
1542 4977 1957 5059 πραὺςνδίκαιος

311 5069 394 5121 καὶ
425 5067 632 5137 σώςῶν,
662 5068 751 5121 καὶ
781 5066 866 5123 ἐπὶ
894 5066 1072 5123 πῶλον
1103 5066 1430 5135 ἐπιϐεϐητὼς
1468 5072 1609 5130 ὁνου,

2040 4438 2764 4529 subjungitcomprimens
2802 4438 3035 4500 illorum
3060 4439 3369 4529 fastum,et
3392 4443 3473 4500 ait
3509 4459 3521 4502 :
3554 4442 3691 4502 497

2039 4539 2129 4601 Ne
2149 4527 2224 4598 ob
2250 4551 2436 4612 genus
2463 4528 2828 4593 extollamini
2853 4549 2869 4603 ;
2894 4547 3010 4588 non
3039 4527 3198 4588 enim
3229 4539 3471 4609 propter
3493 4528 3687 4591 Abra-

2042 4630 2174 4689 ham
2204 4622 2379 4687 electi
2410 4619 2552 4683 estis
2603 4619 2663 4679 in
2695 4618 2894 4693 regale
2937 4617 3339 4699 sacerdotium
3376 4636 3389 4680 :
3420 4636 3551 4678 nam
3588 4618 3686 4699 qui

2040 4708 2112 4769 ab
2135 4707 2262 4785 ipso
2284 4707 2719 4785 processerant,
2745 4697 3173 4759 sacerdotalem
3214 4698 3430 4759 tribum
3463 4717 3496 4758 a
3527 4697 3690 4778 regia

2041 4796 2378 4858 distinctam
2412 4788 2710 4851 habebant
2744 4808 2756 4851 :
2788 4806 2905 4848 non
2936 4805 3079 4866 ergo
3112 4795 3354 4867 propter
3385 4786 3684 4849 Abraham

2040 4904 2185 4967 gens
2202 4902 2268 4945 ac
2290 4896 2475 4960 genus
2523 4878 2777 4967 electum
2832 4884 2972 4967 estus
2994 4894 3059 4937 ac
3085 4876 3379 4954 segregati
3402 4876 3461 4937 in
3490 4878 3690 4955 regale

2041 4963 2155 5037 saec
2179 4969 2434 5034 rdotium
2457 4987 2470 5027 :
2497 4963 2814 5027 nihilenim
2834 4964 3043 5025 horum
3058 4966 3132 5026 de
3148 4965 3437 5027 Abraham
3463 4966 3686 5027 dictum

2042 5072 2154 5127 est.
2187 5061 2305 5123 Sed
2357 5065 2600 5138 propter
2629 5052 2951 5126 Christum,
2986 5057 3085 5133 qui
3114 5063 3173 5116 et
3222 5057 3500 5117 sacerdos
3522 5056 3692 5135 juxta

252 5204 259 5211 .
313 5156 581 5216 ordinem
617 5154 1011 5216 Melchisedec
1043 5155 1236 5220 dicius
1268 5164 1356 5218 est
1382 5155 1464 5237 26,
1499 5176 1599 5218 rex
1634 5165 2005 5231 mansuetus,
2032 5155 2229 5234 justus
2254 5159 2310 5212 et
2333 5146 2554 5209 salvum
2580 5142 2805 5204 faciens
2824 5141 2884 5191 Ξῖ
2915 5160 2929 5205 ;
2964 5143 3065 5223 qui
3094 5144 3269 5206 etiam
3303 5163 3487 5225 super
3507 5145 3691 5208 asinae

315 5244 541 5322 pullum
572 5243 864 5307 ascendit.

387 5331 473 5398 ’ἐξ
500 5333 655 5390 αὐτοῦ
695 5334 863 5389 τοίνυν
891 5340 983 5389 τοῦ
1022 5336 1089 5390 τά
1118 5335 1386 5416 ἀμφότερα
1406 5338 1706 5417 Equis-Ito;
1730 5334 1813 5392 διὰ
1862 5341 1955 5392 τοῦ

2116 5330 2202 5393 Ab
2236 5346 2305 5390 eo
2365 5323 2539 5404 igitur
2593 5321 2694 5403 qui
2757 5328 3076 5402 utrumque
3133 5321 3360 5399 habuit,
3398 5341 3505 5404 per
3534 5324 3686 5385 sacri

310 5420 452 5496 ἁγίου
482 5421 943 5499 ἀνα-γεννηθέντες,
993 5424 1383 5506 βαπτισματος,
1438 5428 1654 5490 εἰκότως
1684 5427 1772 5483 καὶ
1802 5424 1951 5503 γένος

2037 5413 2411 5501 baptismatis
2466 5410 2899 5506 renascentiam
2960 5410 3170 5473 merito
3220 5419 3278 5472 et
3318 5430 3506 5506 genus
3553 5412 3680 5474 ele-

313 5507 553 5567 ἐκλεκτὸν
582 5497 959 5589 χρηματίζετε,
984 5497 1071 5568 καὶ
1099 5497 1380 5591 βασίλειον,
1424 5515 1727 5594 ἱεράτευμα.
1789 5497 1951 5571 Ἱίοῦτο

2036 5497 2193 5572 ctum
2243 5498 2625 5587 appellamini
2684 5507 2741 5562 et
2823 5499 3023 5579 regale
3080 5497 3501 5564 sacerdotium.
3563 5501 3688 5564 Hoc

389 5678 451 5729 26
481 5676 632 5741 t'sal.
665 5693 785 5756 cur,
819 5678 881 5742 4.
965 5676 1022 5728 ³7
1053 5679 1294 5747 Zachar.
1328 5699 1408 5757 1x,
1441 5686 1480 5745 9
1509 5699 1524 5760 ;
1559 5683 1767 5748 Matth.
1801 5696 1924 5759 xxx,
1952 5679 2031 5745 δῖ
