4180 6212
458 409 575 476 539
1568 412 1984 499 (ECUMENII
2029 405 2325 473 ramea
2360 409 2697 476 EPISCOPI
3724 370 3842 479 ειο

439 548 781 613 incredulos
810 547 1121 630 pudefacit.
1156 544 1302 610 Cum
1349 546 1511 608 enim
1567 545 1966 627 obloquuntur
2033 541 2093 602 dt

2176 548 2283 609 ,οἷς
2311 543 2413 620 δεῖ,
2446 544 2649 621 μᾶλλον
2676 561 2925 626 φιμοτντο
2985 549 3075 605 καὶ
3132 550 3589 630 καταισχύνοιντο.
3652 573 3681 605 α
3744 541 3834 615 Ὠς

444 638 615 700 nobis
663 627 938 719 tanquam
970 637 1045 699 de
1073 634 1498 712 arrogantibus
1550 644 1609 697 et
1654 633 2093 696 contumacibus

2188 630 2470 712 ἐλεύθεροι.
2506 659 2533 689 ι
2589 636 2661 693 Τὸ
2717 634 2835 703 ὲξῆς
2868 634 3030 701 οὕτως
3066 653 3080 668 ’
3147 627 3478 715 ’Υποτάγητε
3520 641 3592 704 ὡς
3634 636 3833 695 ἐλεύθε-

445 746 513 788 ac
542 723 1313 802 inobedientibus,videndo
1339 742 1447 785 nos
1482 732 1540 786 et
1562 723 1818 785 humiles
1848 731 1901 785 et
1925 721 2093 784 obse-

2189 743 2289 799 ροι,
2322 724 2409 778 καὶ
2442 724 2520 797 μὴ
2563 724 2636 787 ὡς
2695 722 3037 800 ἐπικάλυμμα
3086 723 3305 806 ἔχοντες
3347 732 3446 794 τῆς
3490 732 3677 790 κακίας
3731 726 3830 795 τὴν

447 824 697 897 quentes
727 815 787 876 in
823 814 1039 894 quibus
1067 812 1564 895 oportet.il|orum
1590 831 1693 874 ora
1716 812 1907 891 magis
1937 810 2093 872 obtu-

2188 808 2498 889 ἐλευθερίαν,
2560 810 2694 868 ἀλλά
2736 814 2823 869 καὶ
2879 815 2952 876 ὡς
2996 811 3172 871 δοῦλοι
3230 821 3381 888 Θεοῦ,
3424 816 3512 884 Μὴ
3541 822 3700 892 μόνον
3731 813 3831 895 ἅρ-

443 913 648 964 rantur
675 922 743 966 ac
776 903 1102 983 pudeﬁunt.
1142 928 1168 958 α
1203 901 1508 982 Tanquam
1541 900 1739 963 liberi.
1777 902 1937 964 Ordo
1968 900 2100 961 talis

445 1000 571 1053 est:
600 990 864 1071 Sulijecti
902 1000 1087 1053 estote
1118 998 1393 1071 tanquam
1429 989 1622 1060 liberi,
1660 998 1719 1052 et
1749 1008 1866 1050 non
1920 988 2099 1049 veluti

448 1087 793 1159 praetextum
826 1080 1112 1142 habentes
1144 1078 1380 1141 malitiae
1401 1078 1760 1158 libertatem,
1794 1076 1895 1140 sed
1922 1077 2100 1139 etiam

443 1176 724 1248 tanquam
756 1170 906 1230 servi
942 1166 1197 1231 Dei.Nec
1259 1171 1452 1229 solum
1514 1167 1837 1248 principes,
1877 1166 1980 1228 sed
2042 1175 2101 1228 et

446 1275 659 1317 omnes
690 1259 1011 1320 honorate:
1037 1257 1467 1319 fraternitatem
1497 1256 1739 1337 quidem
1757 1254 2094 1334 diligentes,

447 1344 631 1406 Deum
664 1364 803 1406 vero
835 1347 1131 1417 timentes,
1168 1362 1492 1425 regemque
1530 1344 1913 1405 honorantes.
1949 1342 2097 1404 Illud

446 1444 664 1507 autem,
694 1433 993 1515 Tanquam
1028 1432 1223 1502 liberi,
1255 1431 1518 1496 Joannes
1554 1434 2000 1514 Chrysostomus
2023 1432 2102 1492 ita

444 1523 773 1601 explicavit,
808 1524 1056 1585 dicens:
1094 1526 1183 1587 Ne
1234 1523 1457 1594 dicant,
1524 1521 1778 1583 Liberali
1832 1540 2039 1581 sumus
2067 1540 2100 1582 a

448 1611 970 1687 mundo,cmlestes
992 1612 1148 1673 cives
1174 1611 1307 1674 facti
1344 1630 1548 1673 sumus
1584 1620 1639 1673 et
1659 1619 1715 1671 tu
1741 1629 1848 1671 nos
1863 1628 2096 1671 rursum

443 1698 689 1778 subjicis
741 1701 1130 1781 principibus,
1160 1709 1218 1760 et
1252 1701 1500 1761 obedire
1526 1699 1755 1781 jubes‘.’
1788 1709 2101 1779 propterea

2188 920 2410 978 χοντας,
2456 898 2592 955 ἀλλά
2620 901 2706 956 καὶ
2763 901 2962 965 πάντας
3006 903 3288 977 τιμήσατε,
3348 904 3446 971 τὴν
3500 902 3829 982 ἀδελφότητα

2183 986 2279 1062 μὲν
2308 987 2644 1060 ἀπαπῶντες,
2690 991 2781 1045 τὸν
2823 988 2878 1045 δὲ
2939 993 3067 1047 Θεὸν
3119 988 3451 1070 φοϐούμενοι,
3497 994 3587 1049 τὸν
3629 991 3683 1049 δὲ
3726 994 3828 1069 βα-

2181 1074 2331 1132 σιλέα
2359 1084 2640 1151 τιμῶντες.
2673 1080 2744 1137 Τὸ
2776 1076 2856 1158 δὲ,
2893 1070 2984 1144 Ὠς
3034 1079 3312 1159 ἐλεύθεροι,
3458 1081 3554 1157 μὲν
3603 1088 3829 1162 χρυσοῦς

2181 1164 2433 1233 Ἰωάννης
2463 1166 2627 1230 οὕτως
2657 1166 2934 1233 ἀνέπτυξεν
2993 1170 3176 1248 εἰπὼν,
3232 1167 3312 1225 ὅτι
3374 1159 3498 1228 υΙνα
3540 1159 3828 1250 μηῇλέγω-

2181 1275 2284 1329 σιν,
2359 1253 2781 1335 ἐλευθερώθημεν
2834 1256 2938 1313 ἀπὸ
2999 1258 3093 1341 τοὺ
3135 1258 3360 1331 κόσμου,
3418 1258 3828 1338 οὑρανοπολϊται

2180 1343 2493 1421 γεγόναμεν,
2556 1347 2644 1401 καὶ
2686 1346 2747 1401 σὺ
2804 1345 2963 1402 πάλιν
3021 1347 3335 1410 ὑποτάσσεις
3390 1349 3533 1423 ἡμᾶς
3575 1360 3693 1412 τοῖς
3737 1347 3833 1425 ἄρ-

2181 1454 2358 1511 χουσι,
2408 1434 2496 1489 καὶ
2547 1434 2821 1490 ὑπακούειν
2865 1434 3137 1514 προτρέπη
3173 1454 3189 1514 ;
3223 1437 3405 1493 τούτου
3430 1437 3588 1516 χάριν
3617 1437 3774 1517 φησίν
3811 1456 3826 1467 ·

2184 1517 2362 1583 Οἶτως
2420 1521 2703 1578 ὑπακούετε
2760 1524 2833 1584 ὡς
2896 1521 3173 1601 ἐλεύθεροι,
3240 1522 3528 1595 τουτέστιν,
3588 1528 3661 1588 ὡς
3730 1547 3830 1581 πι-

2184 1610 2488 1674 στεύσιντες
2521 1617 2597 1684 τῷ
2651 1610 3076 1692 ἐλευθερώσαντι,
3129 1615 3214 1668 καὶ
3289 1613 3632 1691 προστάξαντι
3677 1621 3832 1671 τοῦτο

2182 1711 2383 1759 ποιεῖν.
2427 1698 2576 1755 Οὕτω
2628 1702 2727 1779 γὰρ
2782 1704 2841 1759 οὒ
2884 1700 3054 1766 δόξετε
3116 1706 3213 1769 τῆς
3258 1704 3393 1758 κατά
3451 1703 3671 1778 γνώμην
3723 1724 3831 1759 κα-

443 1787 735 1850 dicitzlta
764 1789 999 1850 obt-dite
1051 1790 1217 1869 quasi
1252 1789 1448 1859 liberi,
1489 1789 1603 1850 hac
1652 1798 1764 1858 est,
1819 1796 2093 1868 tanquam

2178 1786 2315 1859 κίας,
2368 1787 2627 1853 τουτέστι,
2680 1795 2773 1844 τοῦ
2825 1790 3065 1855 amcos;
3094 1792 3181 1847 καὶ
3231 1790 3457 1858 ἀνηκόου
3503 1790 3647 1871 ἔχειν
3692 1814 3830 1869 προ-

445 1875 925 1957 obtemperantes
951 1878 1004 1939 ei
1031 1879 1130 1959 qui
1159 1878 1456 1947 liberavit,
1490 1886 1549 1939 et
1573 1880 1684 1939 hoc
1717 1878 1909 1938 faccre
1948 1895 2098 1954 prae-

442 1964 621 2045 cepit.
658 1966 736 2027 Ita
785 1968 943 2027 enim
994 1987 1108 2029 non
1163 1967 1509 2028 vilebimim
1547 1968 1603 2027 in
1639 1976 1834 2027 mente
1877 1964 2100 2028 habere

446 2055 821 2125 malitire,hoc
845 2067 955 2131 est,
981 2056 1403 2118 innbetlientiaa
1443 2075 1512 2118 ac
1542 2054 2097 2136 impersuabilitatis

447 2152 787 2223 praetextum
808 2146 991 2225 ipsam
1014 2146 1630 2225 libertatempronter
1648 2165 1820 2225 quam
1852 2146 2100 2210 obedire

445 2234 963 2297 recusatis.Potest
983 2243 1179 2297 autem
1200 2244 1256 2296 et
1272 2236 1440 2315 juxta
1456 2236 1630 2296 aliam
1663 2236 2096 2297 consideratio-

450 2341 584 2383 nem
616 2323 732 2385 diri
764 2324 1064 2404 quidpiam
1098 2326 1173 2387 de
1198 2344 1267 2386 ea
1297 2345 1381 2387 re.
1412 2324 1588 2386 Liber
1617 2325 1940 2386 secundum
1974 2324 2094 2386 Do-

453 2411 678 2474 minum
704 2421 810 2489 est,
838 2415 936 2494 qui
961 2414 1103 2475 nulli
1136 2414 1408 2475 absurdae
1434 2414 1521 2476 rei
1548 2413 2101 2493 obtemperat.Quo-

451 2499 608 2561 niam
630 2520 771 2580 ergo
801 2505 860 2562 in
891 2502 1266 2563 simulatione
1291 2503 1464 2563 vitam
1498 2502 1824 2581 transigere
1858 2522 1972 2562 non
2021 2503 2098 2563 li-

454 2589 581 2649 beri
604 2599 713 2659 est,
750 2590 851 2651 sed
884 2592 1012 2670 ejus
1040 2591 1139 2670 qui
1169 2591 1479 2654 affectibus
1508 2591 1809 2671 subjectus
1839 2600 1947 2655 est.
1977 2591 2099 2653 sive

458 2678 876 2739 assentationis
906 2679 1028 2740 sive
1057 2680 1314 2759 cujusvis
1344 2679 1584 2740 alterius
1612 2681 1797 2760 turpis
1830 2680 2095 2760 volupta-

457 2765 687 2827 tiszﬁm
725 2777 963 2848 propter
987 2788 1118 2849 qua:
1136 2768 1310 2828 etiam
1330 2769 1768 2829 simulationem
1791 2769 2100 2848 praetendit

2186 1874 2435 1956 κάλυμμα
2478 1878 2578 1945 τὴν
2626 1876 2936 1956 ἐὶευθερίαν,
2996 1877 3067 1934 δι’
3107 1881 3174 1946 ἧς
3226 1880 3490 1937 ἀναίνεσθε
3534 1882 3630 1948 τὴν
3686 1882 3830 1937 ὑπα-

2184 1967 2335 2035 κοήν.
2373 1955 2534 2024 ’Ἐστι
2568 1965 2620 2022 δὲ
2650 1968 2737 2023 καὶ
2778 1955 2893 2023 καθ’
2938 1967 3114 2047 ἑτέραν
3159 1967 3411 2038 ἐπιϐολήν
3458 1968 3598 2048 ἐρεῖν
3626 1992 3677 2025 τι
3709 1970 3829 2048 περὶ

2183 2054 2360 2114 αὑτοῦ.
2419 2054 2721 2134 Ἐλεύθερός
2781 2056 2892 2112 ἐστι
2951 2058 3085 2113 κατὰ
3130 2059 3339 2136 Κύριον,
3394 2060 3422 2114 ὁ
3477 2057 3661 2133 μηδενὶ
3724 2060 3831 2115 τῶν

2183 2143 2393 2200 ἀτόπων
2430 2145 2673 2201 ὑπείκων.
2735 2145 2883 2202 Ἐπεὶ
2941 2146 3110 2202 τοίνυν
3168 2147 3231 2201 τὸ
3289 2145 3342 2201 ἐν
3390 2146 3654 2225 ὑποκρίσει
3709 2143 3831 2202 δια-

2181 2228 2323 2287 ϐιοῦν
2353 2234 2445 2288 ο’›κ
2478 2231 2766 2312 ἐλευθέρου,
2827 2230 2965 2289 ἀλλά
3019 2234 3237 2290 πάθεσιν
3294 2234 3661 2313 ὑποκειμένου,
3711 2233 3831 2302 ἤτοι

2180 2320 2475 2398 ἀρεσκείας,
2507 2320 2540 2387 ἦ
2582 2343 2725 2385 τινος
2758 2320 2924 2388 ἄλλης
2969 2322 3197 2401 αἰσχρᾶς
3231 2319 3446 2397 ἡδονῆς,
3476 2320 3543 2379 δι’
3574 2324 3607 2379 ἃ
3634 2324 3720 2380 καὶ
3752 2323 3832 2397 μὴ

2178 2416 2332 2466 τσῦτο
2374 2411 2639 2487 φαίνεσθαι
2684 2408 2811 2489 ὅπερ
2850 2411 2964 2467 ἐστί
3005 2433 3087 2490 τις
3147 2411 3697 2490 κατασχηματίζεται,
3743 2416 3831 2474 οἷς

2183 2500 2267 2554 καὶ
2293 2496 2549 2554 δουλεύειν
2606 2498 2854 2578 ἀνέχεται
2917 2498 3079 2568 (ξένον
3130 2498 3184 2556 δὲ
3228 2509 3380 2558 τοῦτο
3420 2503 3507 2557 καὶ
3564 2507 3694 2558 Θεοῦ
3735 2503 3830 2556 θε-

2182 2589 2455 2664 ραπόντων
2525 2587 2819 2667 ἀλλότριον)
2877 2588 3190 2667 προστάττει
3249 2596 3335 2645 νὺν
3406 2590 3503 2658 τὴν
3557 2590 3830 2666 ὑποταγὴν

2181 2691 2296 2740 τοῖς
2371 2676 2623 2755 ἄρχουσιν
2680 2675 2731 2742 ἐξ
2802 2675 3030 2744 ἀληθοῦς
3100 2679 3187 2734 καὶ
3246 2676 3433 2735 ἀδόλου
3485 2677 3827 2735 ἐνδείκνυσθαι

2178 2767 2392 2844 τρόπου,
2443 2766 2577 2822 ἀλλά
2620 2766 2698 2839 μὴ
2728 2763 2993 2841 δυσμενῶς
3045 2765 3270 2845 ἔχοντας
3315 2769 3445 2846 πρὸς
3481 2768 3688 2842 αὑτοὺς,
3750 2769 3825 2832 ὡς

457 2854 771 2934 quispiam,
807 2875 881 2917 ne
910 2856 968 2917 id
991 2866 1271 2937 appareat
1310 2856 1464 2937 quod
1487 2864 1597 2937 est,
1642 2865 1699 2917 et
1729 2856 1943 2936 quibus
1965 2875 2093 2918 ser-

2178 2853 2690 2934 κατηναγκασμὲνην
2761 2856 2858 2922 τὴν
2928 2856 3167 2923 ὑπακοὴν
3238 2856 3495 2934 ἐνεργεῖν,
3575 2857 3662 2912 καὶ
3723 2861 3823 2926 τῆς

458 2941 581 3004 viro
639 2944 916 3005 sustinuit
976 2945 1111 3006 thoc
1169 2954 1364 3007 autem
1418 2953 1761 3006 extraneum
1809 2953 1866 3007 et
1918 2945 2093 3025 aiDei

2177 2944 2424 3010 τοιαύτης
2468 2944 2877 3022 ὑποικουροᾶσης
2929 2945 3064 3019 ἡμῖν
3105 2945 3285 3017 κακία,
3344 2945 3405 3001 τὸ
3462 2942 3650 3001 ἄδολον
3716 2943 3821 3013 δῆ-

452 3028 687 3092 famulis
706 3032 1289 3114 alienum),praecipit
1312 3034 1912 3113 nuncsubjectionem
1939 3035 2093 3114 prin-

2176 3036 2262 3089 θεν
2301 3034 2389 3089 καὶ
2442 3031 2639 3089 ἁπλοῦν
2695 3040 2787 3090 τοῦ
2843 3032 3038 3110 τρόπου
3093 3035 3357 3089 ποιεῖσθαι
3436 3032 3817 3112 προκάλυμμα,

452 3118 708 3199 cipihus,
744 3122 897 3183 veris
933 3131 991 3184 et
1027 3142 1141 3184 non
1174 3122 1325 3185 ﬁctis
1374 3122 1636 3183 moribus
1694 3123 1985 3198 exhiberi,
2020 3142 2093 3184 ne

2177 3121 2497 3204 φαινομένην
2526 3122 2623 3188 τὴν
2652 3123 2944 3199 ὑποταγὴν,
2991 3118 3109 3176 ἀλλ’
3157 3122 3279 3201 οὖχὶ
3307 3123 3395 3178 καὶ
3437 3121 3497 3177 ἐκ
3538 3119 3816 3187 διαθέσεως

454 3226 562 3268 nos
611 3208 905 3272 hostiliter
946 3230 1084 3291 erga
1132 3212 1266 3273 illos
1312 3211 1598 3273 habentes
1627 3211 1793 3293 quasi
1829 3219 2090 3274 coactam

2176 3213 2367 3279 ταύτην
2410 3211 2799 3274 ἐπιτελοῦντας.
2855 3232 2878 3265 ι
2915 3212 3016 3268 Τὸν
3051 3212 3177 3267 Θεὸν
3221 3208 3488 3290 φοϐεῖσθε,
3531 3234 3554 3267 ο
3617 3212 3815 3269 Σκόπει

453 3297 837 3361 exhibeamus
879 3301 1311 3381 subjectionem
1345 3320 1360 3377 ;
1395 3317 1651 3382 cumque
1675 3301 1805 3363 talis
1827 3301 2001 3363 lateat
2032 3302 2091 3364 in

2176 3301 2266 3357 τάν
2310 3297 2592 3378 ἀκρίᾶειαν,
2627 3304 2741 3363 πῶς
2776 3318 2789 3332 ⁸
2847 3304 2924 3373 τῷ
2978 3298 3075 3374 μὲν
3130 3305 3244 3373 Θεῷ
3299 3301 3389 3382 τδν
3439 3298 3598 3379 φόϐον
3658 3300 3819 3379 φησὶν

452 3384 624 3446 nobis
655 3387 898 3463 malitia,
931 3378 1088 3470 quod
1120 3398 1282 3453 certe
1298 3378 1599 3452 sincerum
1625 3399 1712 3451 est
1730 3408 1799 3452 ac
1814 3390 1927 3451 sim
1962 3390 2093 3465 -lex,

2177 3388 2485 3465 ἀπονέμειν,
2517 3395 2593 3463 τῷ
2621 3385 2837 3464 βασιλεῖ
2864 3386 2918 3443 δὲ
2947 3388 3047 3456 τήν
3090 3389 3275 3463 τιμήν,
3308 3378 3482 3444 υιὶστε
3512 3389 3556 3444 εἰ
3598 3378 3821 3463 @8813}

451 3473 737 3538 faciamus
762 3486 1106 3558 praetextum
1129 3498 1196 3541 ac
1225 3479 1617 3542 velamentum
1652 3488 2093 3559 morum,appa-

2177 3480 2265 3535 τὸν
2307 3474 2466 3559 φόϐον
2505 3475 2867 3551 ἀπονεμητέον
2911 3483 2987 3552 τῷ
3045 3474 3314 3552 δυναμένῳ
3353 3477 3442 3532 καὶ
3512 3476 3697 3555 ψυχὴν
3736 3478 3825 3534 καὶ

449 3575 679 3628 rentem
710 3567 1141 3646 subjectionem
1175 3568 1546 3644 exhibentes,
1573 3577 1630 3629 et
1661 3587 1778 3629 non
1812 3586 1940 3629 eam
1964 3586 2093 3649 quae

2177 3575 2332 3642 σῶμα
2373 3564 2681 3639 ἀπολέσθαι,
2727 3566 2822 3623 οὑκ
2884 3563 2945 3620 ἂν
3002 3565 3274 3641 ὑπείξομεν
3329 3563 3628 3642 βασιλεῦσιν
3657 3564 3743 3621 ἐπί
3770 3587 3823 3622 τι

450 3673 519 3716 ex
549 3656 759 3718 affectu
790 3657 1076 3737 procedit.
1100 3657 1321 3720 «Deum
1354 3658 1581 3721 timete.
1607 3683 1634 3714 ω
1662 3646 2093 3722 Consideracti-

2176 3658 2278 3714 τῶν
2310 3656 2521 3713 ἀτόπων
2563 3654 2961 3733 παρακαλοῦσιν
3002 3657 3169 3731 ἡμᾶς’
3228 3646 3284 3713 εΟ
3326 3655 3427 3733 γὰρ
3469 3656 3542 3718 εἰς
3572 3655 3661 3710 τὸν
3691 3655 3821 3711 Θεὸν

451 3745 756 3825 ligentiam
783 3748 1083 3828 quomodo
1117 3753 1238 3813 Deo
1271 3749 1541 3811 timorem
1593 3748 1738 3810 dicit
1787 3748 2086 3825 distribui,

2176 3744 2355 3827 φόϐος,
2387 3751 2534 3817 νικᾷν
2579 3742 2694 3801 οἶδε
2738 3745 2824 3800 καὶ
2865 3744 2966 3811 τὴν
3013 3745 3087 3810 εἷς
3130 3745 3252 3809 τοὺς
3307 3742 3556 3820 βασιλέας
3632 3744 3820 3818 τιμήν,

443 3836 568 3915 regi
582 3854 717 3897 vero
736 3837 1117 3919 honorem,ut
1133 3838 1181 3898 si
1207 3828 1385 3899 timor
1405 3838 1523 3899 Deo
1538 3836 1878 3899 reddendus
1899 3837 1974 3899 sit
1991 3842 2091 3919 qui

2176 3834 2382 3892 Μᾶλλον
2410 3831 2464 3889 δὲ
2519 3834 2607 3891 καὶ
2649 3834 2744 3899 τῆς
2792 3837 2958 3907 τιμῆς
3002 3834 3186 3897 αὖτοὺς
3244 3833 3594 3911 ἀποστερήσει
3649 3834 3679 3888 ὁ
3728 3828 3821 3888 ὑπ’

445 3931 637 4004 potest
665 3924 921 3985 animam
941 3933 1001 3987 et
1024 3944 1244 4003 corpus
1262 3924 1972 4009 perdere33,nequaqnam
1997 3945 2093 3988 re—

2176 3927 2339 3981 αὖτῶν
2367 3925 2440 3987 εἰς
2482 3922 2618 3979 κατά
2646 3922 2981 4001 βιαζόμενσς,
3032 3922 3167 3978 κατά
3209 3922 3299 3978 τὸν
3352 3920 3564 3978 εἰπόντα
3615 3920 3766 3999 ἅγιον
3798 3936 3817 3958 ο

443 4010 615 4089 gibus
652 4011 1154 4093 obtemperemus,
1195 4033 1328 4076 cum
1380 4033 1486 4075 nos
1515 4014 1586 4076 ad
1619 4014 1840 4097 aliquid
1872 4014 2089 4076 absur-

2172 4009 2538 4079 Ἐξουδὲνωται
2583 4009 2806 4067 ἐνώπιον
2836 4009 2991 4067 αὑτοῦ
3033 4010 3485 4089 πονηρευόμενος,

447 4100 587 4162 dum
620 4101 1025 4164 exhortantur.
1060 4103 1168 4166 Dei
1201 4122 1453 4181 namque
1485 4104 1661 4165 timor
1687 4103 1924 4165 vincere
1955 4104 2115 4165 novit
2140 4102 2315 4166 etiam
2346 4100 2629 4161 honorem
2652 4097 3008 4180 quiregibus
3028 4099 3381 4160 exhibetur:
3415 4097 3602 4177 magis
3617 4105 3817 4160 autem

447 4187 612 4270 ipsos
640 4191 866 4253 honore
897 4191 1150 4271 privabit
1180 4192 1280 4273 qui
1309 4190 1383 4253 ab
1413 4191 1558 4273 ipsis
1587 4191 1660 4253 ad
1692 4192 1842 4256 mala
1875 4196 2129 4274 cogitur,
2154 4191 2322 4272 juxta
2353 4197 2620 4249 sanctum
2652 4185 2757 4268 qui
2785 4187 2933 4249 dixit
2965 4205 2980 4251 :
3007 4184 3420 4252 Contomnitur
3448 4205 3651 4259 coram
3682 4186 3816 4268 ipso

446 4278 496 4341 is
526 4278 628 4359 qui
660 4278 920 4358 maligne
950 4280 1091 4359 agit.

525 4367 600 4450 II,
625 4368 826 4433 18-25.
844 4368 1107 4440 Famuli,
1134 4369 1361 4433 subditi
1384 4370 1520 4433 sitis
1541 4388 1674 4434 cum
1692 4372 1856 4434 omni
1869 4377 2088 4434 timore

2254 4390 2281 4426 ι
2343 4371 2402 4427 Οἱ
2458 4367 2597 4425 οἶκέτ
2610 4390 2652 4423 ιι
2710 4367 3124 4444 ὑποτασσόμενοι
3172 4367 3226 4425 ἐν
3276 4367 3432 4425 παντὶ
3488 4364 3635 4447 φόϐῳ
3687 4379 3810 4432 τοῖς

436 4458 721 4534 dominis,
772 4476 898 4522 non
942 4459 1139 4522 solum
1171 4457 1343 4521 bonis
1370 4477 1442 4522 ac
1475 4460 1773 4541 benignis,
1816 4476 2085 4523 verume-

2176 4456 2464 4531 δεσπόταις,
2537 4455 2596 4513 οὔ
2678 4456 2837 4533 μόνον
2902 4470 3019 4521 τοῖς
3076 4457 3298 4535 ἀγαθοῖς
3357 4457 3443 4513 καὶ
3498 4453 3810 4526 ἐπιεικέσιν,

445 4548 596 4611 tiam
619 4547 1018 4629 pravis.Nam
1046 4549 1174 4610 haec
1191 4555 1277 4611 est
1313 4550 1541 4629 gratio,
1591 4550 1647 4610 si
1674 4550 1814 4631 quis
1838 4558 2088 4630 propter

443 4639 867 4701 conscientiam
893 4640 1025 4710 Dei,
1052 4638 1264 4719 sulfert
1292 4639 1595 4700 molestias
1617 4645 1849 4719 praeter
1889 4640 2087 4701 meri—

447 4733 573 4788 tum
600 4725 843 4807 aﬁ'ectus
873 4726 1071 4790 malis.
1118 4726 1271 4803 Qua:
1314 4729 1477 4789 enim
1523 4735 1606 4789 est
1650 4726 1805 4802 laus,
1845 4729 1921 4798 si,
1943 4744 2090 4789 cum

442 4823 758 4892 peccantes
785 4814 984 4896 alapis
1012 4815 1336 4889 caedimini,
1367 4815 1728 4897 sufferatis?
1765 4819 1836 4878 At
1865 4817 1919 4878 si
1948 4832 2085 4879 cum

446 4901 796 4983 bene/acim
841 4910 896 4967 et
939 4911 1142 4966 tamen
1195 4904 1376 4966 malis
1422 4903 1765 4984 afﬁcimini,
1797 4909 2083 4984 summis,

446 4990 569 5054 haec
597 4998 685 5055 est
710 4994 912 5072 gratia
961 4992 1121 5071 apud
1150 4993 1359 5055 Deum.
1392 4991 1711 5071 Siquidem
1743 4994 1810 5056 in
1838 4994 1949 5055 hoc
1977 5009 2083 5055 vo-

442 5082 564 5143 cati
591 5085 729 5143 estis
762 5098 776 5143 :
810 5081 1103 5162 quoniam
1133 5089 1189 5143 et
1217 5079 1495 5145 Christus
1543 5080 1813 5163 afﬂictus
1841 5089 1928 5145 est
1976 5099 2086 5162 pro

449 5168 990 5251 vobis,relinquens
1020 5169 1189 5232 vobis
1218 5169 1658 5250 exemplum,ut
1682 5172 2086 5252 sequeremini

447 5260 699 5340 vestigia
720 5259 858 5339 ejus,
872 5260 1285 5339 piipeccatum
1306 5276 1422 5321 non
1436 5257 1791 5340 fecerat,nec
1805 5263 2085 5323 iuventus

440 5346 641 5426 fuerat
655 5347 828 5409 dolus
856 5351 1039 5410 inore
1054 5348 1381 5428 ipsiuszqui
1397 5365 1535 5410 cum
1551 5350 1886 5413 maledictis
1898 5352 2085 5413 inces-

444 5442 830 5512 seretur,non
853 5439 1106 5518 regessit
1116 5436 1600 5501 maledictaxum
1612 5439 1788 5502 malis
1801 5440 2081 5520 afﬁcere-

445 5532 688 5594 tumwn
715 5525 1100 5590 minabatur:
1133 5526 1237 5589 sed
1268 5524 1539 5591 tradebat
1559 5529 1894 5592 vindictam
1906 5529 1963 5591 ei
1976 5528 2082 5609 qui

523 5702 589 5753 85
613 5700 812 5766 Matth.
843 5719 906 5779 ι,
936 5701 1039 5769 28.

2166 4543 2302 4602 ἀλλά
2370 4545 2457 4600 καὶ
2509 4556 2627 4607 τοϊς
2684 4543 2942 4625 σκολιοῖς,
3020 4553 3184 4604 Τοῦτο
3252 4546 3352 4623 γάρ
3409 4544 3592 4625 χάρις,
3637 4545 3681 4600 εἰ
3725 4541 3814 4600 διά

2169 4630 2461 4701 συνείδησιν
2573 4641 2702 4690 Θεου
2802 4633 3049 4715 ὑποφέρει
3146 4656 3227 4700 τις
3331 4632 3500 4697 λύπας
3583 4633 3814 4713 πάσχων

2170 4720 2383 4785 ἀδίκῶς.
2475 4727 2636 4779 Ποῖον
2718 4723 2818 4802 γὰρ
2899 4721 3055 4787 κλέος
3139 4724 3184 4779 εί
3266 4722 3654 4799 ἁμαρτάνοντες
3722 4722 3815 4777 καὶ

2166 4808 2591 4890 κολαφιζόμενοιι
2677 4812 3045 4888 ὑπομενεῖτε;
3125 4810 3245 4868 ἀλλ’
3324 4813 3369 4868 εἰ
3422 4811 3812 4891 ἀγαθοποιοῦν-

2166 4920 2251 4962 τες
2334 4900 2422 4955 καὶ
2503 4899 2803 4980 πάσχοντες
2886 4902 3227 4977 ὑπομονεϊτε,
3313 4909 3467 4961 τοῦτο
3508 4900 3608 4978 γὰρ
3649 4899 3812 4979 χάρις

2166 4987 2308 5067 παρά
2363 4993 2499 5062 Θεῷ.
2558 4989 2644 5052 Εἷς
2699 4995 2853 5046 τοῦτο
2910 4991 3010 5069 γὰρ
3074 4988 3358 5060 ἐκλήθητε,
3428 4987 3511 5045 ὅτι
3566 4988 3653 5045 καὶ
3682 4994 3813 5066 Χρι-

2166 5079 2313 5151 στὸς,
2384 5075 2570 5133 ἔπαθεν
2629 5078 2757 5155 ὑπὲρ
2809 5080 2979 5155 ὑμῶν,
3038 5079 3165 5154 ὑμῖν
3220 5075 3601 5153 ὑπολιμπάνων
3668 5076 3811 5132 ὑπο-

2167 5166 2445 5247 γραμμὸν,
2520 5164 2612 5247 ἵνα
2682 5165 3145 5236 ἐπακολουθήσητε
3230 5179 3341 5231 τοῖς
3416 5163 3629 5246 ἴχνεσιν
3706 5165 3808 5221 αὑ-

2165 5242 2280 5327 τοῦ,
2351 5242 2445 5318 ὡς,
2493 5242 2750 5334 ἁμαρτίαν
2800 5256 2895 5313 οὑκ
2976 5253 3246 5328 ἐποίησεν,
3304 5252 3420 5314 οὑδὲ
3450 5242 3654 5333 ⁷εὑρέθη
3710 5251 3809 5310 δό-

2165 5341 2254 5407 λος
2311 5341 2365 5398 ἐν
2419 5342 2497 5417 τῷ
2552 5346 2772 5420 στόματι
2832 5347 2989 5404 αὐτοῦ
3021 5363 3039 5381 ·
3098 5345 3155 5411 ὃς
3231 5341 3652 5423 λοιδορούμενος,
3712 5344 3810 5400 οὑκ

2164 5427 2532 5509 ἀντελοιδόρει,
2636 5433 2862 5514 πάσχων
2963 5437 3060 5514 ορκ
3165 5430 3375 5502 ἠπείλει
3410 5447 3426 5463 ⁸
3538 5428 3811 5512 παρεδίδου

2162 5517 2218 5577 δὲ
2283 5526 2361 5594 τῷ
2415 5507 2638 5598 κρίνοντι
2695 5507 2932 5589 δικαίως.
2989 5507 3085 5588 ’.ος
3153 5524 3247 5587 τὰς
3312 5520 3567 5604 ἁμαρτίας
3617 5507 3628 5512 “
3650 5521 3809 5598 ἡμῶν
