4180 6212
366 386 484 451 541

1458 388 1851 455 ΟΟΜΜΕΝΤ.
1897 384 1979 448 ΙΝ
2022 381 2262 452 EPIST.
2309 391 2337 453 Ι
2380 391 2441 453 S.
2488 392 2720 457 PETRI

3645 384 3761 454 542

363 521 523 608 ᾳῦτδς
550 521 843 602 ἀνήνεγιεν
909 524 965 582 δν
1020 532 1097 600 τῷ
1164 526 1371 602 σώματι
1442 530 1599 586 αὖτοῦ
1667 526 1751 583 ἐπὶ
1806 528 1868 582 τὸ
1926 522 2010 588 ξό‹

2097 520 2622 606 iusteiudicat;qui
2643 531 2883 603 peccata
2896 532 3105 589 nostra
3120 529 3248 607 ipse
3262 525 3517 608 pertulit
3538 526 3603 588 in
3621 541 3752 587 cor-

364 606 487 684 λον,
571 609 666 668 ’ἕνα
745 627 869 676 ταῖς
952 613 1228 693 ἁμαρτίαις
1313 614 1715 694 ἀπογενόμενοι,
1801 614 1869 690 τῇ
1925 612 2007 669 δι-

2097 626 2236 687 pore
2269 628 2369 673 suo
2383 616 2596 691 tsuper
2621 612 2857 693 lignum
2887 623 2952 676 ut
2986 606 3240 696 peccatis
3262 606 3520 683 mortui.
3565 614 3757 692 justi-

370 699 628 781 ξαιοσόνῃ
686 702 957 777 ζήσωμεν,
1030 705 1104 769 Οὔ
1161 711 1235 778 τῷ
1288 704 1517 781 μώλωπι
1581 705 1738 761 αὐτοῦ
1803 704 2006 770 ἰάθητε.

368 773 501 843 Ἦτε
557 773 658 867 γᾶρ
712 791 788 853 ὡς
841 773 1104 870 ’πρόϐατα
1171 773 1513 869 πλανώμενα,
1573 791 1690 849 ἀλλ’
1749 792 2009 871 ἐπεστρα-

362 897 506 954 φητε
600 879 687 934 νῦν
766 878 852 937 ἐπὶ
918 882 1009 938 τὸν
1080 881 1309 955 ποιμέεα
1373 884 1460 939 καὶ
1541 883 1827 940 ὶπῖσκοπον
1907 886 2014 937 τῶν

363 969 564 1045 ψυχῶν
592 967 762 1042 ὑμῶν.
805 991 828 1025 ι

456 1058 517 1112 Οἱ
599 1056 818 1132 οἰκέται,
888 1058 1327 1133 ὑποτασσόμενοι,
1404 1082 1431 1113 n
1521 1058 2015 1139 Προσυπακουστέον

359 1148 456 1227 τὸ,
528 1145 646 1214 ἦτε,
721 1147 816 1203 ’ίνα
1015 1152 1074 1205 Οἱ
1127 1148 1346 1227 οἰκέται,
1413 1148 1506 1216 ἧτε
1572 1149 2011 1224 ὑποτασσόμενοι.

369 1225 602 1308 Ὀμοίως
633 1236 719 1292 καὶ
749 1235 834 1293 ἐπὶ
856 1244 970 1315 τοῦ,
1019 1239 1079 1293 Αἱ
1122 1225 1395 1314 γυναῖκες,
1434 1258 1463 1296 (
1488 1236 1578 1295 Ἐν
1609 1239 1762 1294 παντὶ
1785 1235 1951 1318 φόϐῳ.
1986 1261 2009 1293 ε

358 1333 472 1381 Τοῦ
500 1321 660 1403 φόϐου
699 1323 989 1405 πολλαχῶς
1045 1323 1331 1403 λεγομένου
1367 1345 1380 1359 ·
1430 1325 1638 1403 λέγεται
1686 1327 1784 1405 γὰρ
1828 1323 2010 1407 φόϐος,

356 1413 453 1468 καὶ
511 1414 539 1467 6
583 1414 673 1468 σὺν
733 1413 1026 1490 ἐπιστήμη,
1088 1414 1145 1469 ὃν
1202 1417 1352 1477 οὖτος
1415 1422 1500 1470 νῦν
1573 1413 1656 1469 διὰ
1724 1412 2014 1481 συνείδησιν

356 1502 544 1581 φησὶν,
579 1501 636 1562 ὃς
687 1503 776 1557 καὶ
820 1499 1059 1558 εὒλάὅεια
1112 1501 1405 1559 καλεῖται·
1455 1501 1664 1581 λέγεται
1707 1501 1867 1581 φόϐος
1926 1504 2014 1559 καὶ

360 1590 395 1645 ὃ
425 1591 739 1669 παθητικὸς,
787 1591 1072 1665 τουτέστιν,
1134 1593 1161 1646 6
1220 1589 1304 1647 διὰ
1350 1590 1618 1655 κολάσεως
1649 1604 1838 1671 πεῖραν
1881 1594 2013 1648 τισὶν

360 1678 729 1756 ἐγγινόμενος,
790 1680 819 1733 ὃ
887 1682 975 1735 καὶ
1044 1682 1109 1736 τὰ
1166 1681 1321 1759 θηρία
1379 1678 1662 1759 φοϐεῖται’
1726 1680 2013 1759 λεγομένου

359 1765 524 1823 πάλιν
580 1764 741 1846 φόϐου
796 1769 883 1824 καὶ
924 1778 1017 1827 τοῦ
1074 1777 1548 1847 προκαταρκτικου,
1620 1769 1676 1832 ὃς
1764 1783 1879 1833 τοῖς
1938 1775 2013 1842 τῷ

2093 703 2196 759 tia:
2224 702 2422 763 vivam
2443 719 2528 775 us,
2561 706 2736 781 cujus
2781 705 3047 783 ejusdem
3097 705 3287 767 vibice
3338 706 3539 767 sanati
3586 704 3751 766 estis.

2093 785 2255 848 Nam
2285 791 2479 851 eratis
2501 790 2662 853 velut
2684 809 2822 854 oves
2843 801 3138 867 errantes,
3170 794 3279 856 sed
3306 792 3581 855 conversi
3610 793 3754 853 estis

2096 893 2263 937 nunc
2293 880 2377 939 ad
2406 886 2703 959 pastorem
2736 889 2795 943 et
2822 890 3167 945 curatorem
3223 883 3582 943 animarum
3630 897 3751 941 ves-

2100 971 2375 1027 trarum.

2179 1055 2654 1133 562aFamuli,
2715 1060 2964 1121 subditi.
3032 1086 3057 1115 ι
3124 1057 3612 1122 Subandiendum
3664 1063 3753 1117 est

2097 1143 2214 1217 ἥτε,
2250 1144 2307 1205 id
2340 1154 2449 1221 est,
2472 1146 2781 1213 sitis.sicut
2815 1158 2871 1210 et
2903 1168 3035 1210 cum
3070 1149 3236 1222 dixit,
3267 1147 3552 1212 Uxores.u
3581 1146 3625 1206 C
3648 1163 3747 1205 um

2099 1232 2260 1293 omni
2291 1233 2523 1295 timore.
2563 1262 2587 1293 ››
2626 1236 2768 1300 Cum
2806 1237 2982 1300 timur
3015 1238 3213 1299 multis
3245 1236 3435 1297 modis
3467 1233 3740 1295 dicatur:

2097 1319 2314 1382 dicitur
2344 1342 2596 1404 namque
2628 1327 2801 1386 timor
2819 1337 2876 1387 et
2899 1326 2999 1403 qui
3027 1338 3113 1387 est
3133 1346 3265 1387 cum
3288 1324 3743 1403 scientia,quem

2099 1428 2256 1470 nunc
2278 1430 2382 1491 per
2399 1413 2833 1476 Conscientiam
2868 1416 3274 1496 intelligit,qui
3306 1414 3482 1476 etiam
3507 1410 3746 1469 εὖλαίϐεια

2096 1508 2355 1573 vocatur,
2408 1501 2465 1562 id
2516 1512 2622 1578 est,
2679 1505 3010 1566 reverentia
3034 1524 3167 1565 cum
3203 1511 3363 1565 metu
3394 1524 3406 1567 :
3439 1502 3659 1564 dicitur
3691 1507 3747 1559 et

2096 1588 2271 1649 timor
2299 1589 2627 1657 afﬂictivus.
2672 1594 2781 1655 hoc
2815 1602 2927 1666 est,
2981 1594 3331 1673 quibusdam
3396 1590 3746 1666 contingens

2095 1679 2498 1757 experimento
2528 1680 2825 1761 supplicii,
2859 1701 2975 1762 quo
3002 1690 3057 1743 et
3088 1684 3228 1743 ferte
3259 1681 3494 1753 timent;
3528 1679 3746 1741 dicitur

2094 1782 2330 1827 rursum
2356 1779 2416 1830 et
2447 1769 2625 1830 timor
2653 1770 2897 1832 initialis
2916 1772 3015 1851 qui
3046 1772 3430 1851 consequitur
3459 1768 3747 1830 acceden-

362 1856 539 1934 Κυρίῳ
606 1856 1052 1934 προσερχομένοις
1098 1856 1466 1928 ἐπακολουθεῖ,
1528 1856 1611 1912 διὰ
1666 1858 1727 1913 τὸ
1784 1855 2010 1914 συνειδέ-

2099 1862 2185 1914 tes
2215 1855 2287 1915 ad
2322 1858 2659 1932 Dominum,
2687 1878 2758 1920 eo
2788 1861 2947 1939 quod
2998 1859 3109 1920 sibi
3162 1860 3236 1919 de
3293 1859 3489 1919 multis
3519 1856 3743 1918 conscii

359 1966 448 1999 ναι
482 1944 689 2006 ἑαυτοῖς
736 1942 912 1999 πολλὰ
956 1944 1040 2001 ἐπὶ
1081 1945 1335 2024 τιμωρίαν
1394 1944 1776 2020 ἐκκαλοῦμενα,
1824 1948 1881 2001 ὃν
1925 1951 2013 2006 καὶ

356 2034 400 2100 ἡ
430 2032 483 2088 ἐν
514 2030 845 2110 Εὖαγγελίοις
877 2035 1048 2112 πὸρνη
1089 2032 1385 2114 φοϐηθεῖσα
1439 2033 1709 2114 προσῆλθε
1754 2041 1959 2112 Χριστῷ
1995 2058 2009 2071 ο

360 2119 502 2177 ana
555 2122 641 2177 mi
685 2128 778 2178 τοῦ
847 2120 1186 2181 τελειωτικοῦ
1237 2121 1402 2203 φόϐου
1471 2122 1629 2179 πάλιν
1702 2122 2010 2200 λεγομένου,

357 2213 423 2276 ὃς
452 2214 580 2267 πᾶσι
607 2223 724 2276 τοῖς
775 2211 941 2289 ἁγίοις
999 2210 1078 2269 ἀεὶ
1130 2213 1375 2292 πάρεστι,
1434 2211 1623 2270 δεδιόσι
1680 2215 1810 2287 μήτι
1867 2212 2014 2268 ἐλλί-

358 2322 505 2356 πωσι
532 2302 635 2355 τῶν
682 2300 756 2355 ῶν
786 2301 925 2364 εἰκὸς
957 2300 1272 2381 ἐνυπάρχειν
1328 2315 1444 2366 τοῖς
1504 2303 1573 2366 εἰς
1617 2300 1821 2357 τελείαν
1881 2301 2012 2379 ἄγα-

358 2411 473 2456 πην
531 2387 877 2468 ἀναληφθεῒσι
913 2409 925 2424 ·
959 2397 1312 2470 τοσαυταχῶς
1362 2397 1456 2447 τοῦ
1498 2388 1661 2470 φόϐου
1701 2388 2009 2468 λεγομένου,

362 2477 412 2531 εἰ
445 2476 539 2550 μὲν
586 2477 673 2532 καὶ
722 2474 807 2531 διὰ
848 2478 1058 2533 πάντων
1115 2479 1313 2534 τούτων
1371 2475 1568 2535 δίκαιον
1624 2480 1744 2543 τοὺς
1802 2476 2012 2541 δούλους

361 2578 482 2629 τοῖς
536 2562 682 2627 ἰδίοις
740 2566 1120 2645 προσφέρεσθαι
1181 2564 1482 2636 δεσπόταις,
1532 2568 1625 2624 οὒκ
1690 2566 1752 2623 ἂν
1800 2567 2009 2645 ἀπαγο-

357 2655 590 2732 ρεύσειεν
620 2658 648 2711 6
699 2655 752 2710 ἐν
801 2658 956 2712 παντὶ
1014 2655 1159 2734 φόϐῳ
1202 2658 1581 2715 ὑποτάσσεσθαι
1625 2660 1743 2723 τοὺς
1799 2656 2011 2722 δούλους

2095 1943 2214 2004 sint
2231 1962 2359 2024 qua:
2378 1946 2449 2006 ad
2481 1946 2836 2026 supplicium
2858 1957 3319 2028 provocentzquo
3340 1946 3517 2009 etiam
3549 1961 3741 2005 mere-

2097 2033 2206 2093 trix
2232 2036 2307 2093 de
2330 2052 2446 2115 qua
2478 2038 2532 2094 in
2552 2035 3400 2112 Evangelio,timens,accessit
3427 2035 3498 2095 ad
3532 2031 3737 2097 Chris-

2099 2129 2220 2182 tum
2243 2120 2444 2196 3‘;srd
2469 2130 2525 2184 et
2555 2124 2849 2204 perfectus
2888 2124 3102 2185 iterum
3146 2124 3365 2185 dicitur
3404 2122 3599 2192 timor,
3635 2119 3739 2201 qui

2100 2211 2377 2272 omnibus
2406 2214 2625 2274 sanctis
2649 2231 2889 2292 semper
2912 2212 3104 2284 adest,
3138 2212 3480 2274 timentibus
3512 2230 3586 2272 ne
3610 2208 3749 2290 quid

2098 2298 2216 2360 illis
2246 2299 2404 2363 desit
2430 2319 2635 2362 eorum
2686 2318 2822 2382 quos
2854 2302 3022 2363 decet
3078 2302 3211 2362 illos
3269 2300 3488 2361 habere
3521 2297 3624 2380 qui
3675 2296 3748 2358 ad

2100 2388 2420 2469 perfectam
2454 2388 2833 2451 dilectionem
2860 2390 3145 2471 assumpti
3174 2398 3312 2452 sunt
3351 2408 3364 2452 :
3408 2403 3542 2450 cum
3579 2386 3753 2463 Igitur

2099 2487 2181 2539 tot
2215 2478 2405 2539 modis
2430 2479 2606 2541 timor
2640 2480 2896 2553 dicatur,
2930 2489 3125 2542 utrum
3145 2481 3367 2560 justum
3426 2478 3501 2539 sit
3548 2493 3751 2537 servos

2100 2586 2203 2646 per
2226 2569 2333 2628 hos
2359 2586 2566 2630 omnes
2593 2569 2862 2631 exhiberi
2907 2570 3039 2630 suis
3063 2567 3343 2641 dominis,
3380 2582 3749 2647 nequaquam

2095 2664 2335 2734 negaret
2357 2655 2407 2717 is
2438 2657 2534 2737 qui
2566 2676 2721 2719 nunc
2744 2676 2944 2720 servos
2970 2658 3339 2737 adhortatur,
3364 2665 3429 2717 ut
3471 2673 3605 2717 cum
3627 2673 3751 2714 om-

355 2758 479 2807 τοῖς
522 2741 797 2809 δεσπόταις
840 2746 1108 2823 παραινῶν
1169 2756 1280 2809 νῦν,
1335 2737 1413 2804 U0
1454 2769 1512 2802 τε
1571 2749 1670 2827 γὰρ
1708 2770 2010 2826 προκαταρ-

2097 2746 2153 2805 ηὶ
2187 2746 2397 2806 timore
2428 2746 2690 2807 dominis
2720 2747 3135 2827 subjiciantur:
3157 2746 3393 2828 quando
3417 2743 3660 2822 quidem
3694 2749 3751 2802 et

357 2835 568 2911 κτικὸς,
612 2832 641 2888 ὅ
697 2854 755 2889 τε
797 2831 1130 2896 τελειωτικὸς
1202 2834 1379 2899 καλῶς
1425 2834 1484 2891 ἂν
1541 2838 1721 2899 αὖτοὺς
1780 2833 2010 2893 διαθεϊτο

2097 2834 2335 2895 initialis
2365 2843 2421 2895 et
2443 2835 2741 2914 perfectus
2768 2836 2818 2897 si
2843 2836 3271 2897 adesset.recte
3301 2835 3437 2896 illos
3453 2832 3745 2895 afﬁceret:

356 2921 571 3000 προσών
605 2941 619 2955 °
667 2925 696 2977 6
740 2924 835 2996 μὲν
878 2930 972 2978 τοῦ
1021 2925 1097 2997 μή
1142 2946 1271 2980 ποτε
1313 2922 1396 2979 διὰ
1439 2923 1811 2999 πλημμέλειαν
1871 2926 2008 2981 ὑπο-

2097 2918 2213 2984 illic
2242 2922 2482 3003 quidem
2542 2933 2602 2983 ut
2660 2932 3029 2992 vererentur,
3082 2942 3157 2985 ne
3186 2923 3326 3004 quid
3363 2920 3477 2982 sibi
3510 2925 3751 3000 propter

357 3007 643 3067 ϐλέπεσθαι
675 3014 860 3068 παθεῖν
889 3034 941 3068 τι
985 3012 1090 3069 τῶν
1146 3012 1476 3092 ἀνηκέστων,
1524 3016 1551 3069 6
1593 3012 1647 3068 δὲ
1707 3020 1799 3069 τοῦ
1847 3011 2010 3081 μηδὲν

2097 3012 2309 3073 delicta
2335 3014 2706 3092 contingeret
2736 3012 2889 3093 quod
2917 3031 3034 3073 non
3067 3012 3251 3073 ferret
3291 3007 3748 3084 remedium,hic

360 3097 867 3165 ἆηδὲς-ἐννοηθῆιαι
905 3106 984 3173 τῷ
1038 3101 1236 3157 ἑαυτῶν
1291 3100 1714 3180 καταπράξασθαι
1754 3100 2007 3178 δεσπότῃ.

2098 3120 2233 3162 vero
2270 3120 2342 3161 ne
2368 3101 2508 3181 quid
2560 3100 2651 3162 vel
2683 3101 3033 3181 cogitarent,
3066 3100 3223 3181 quod
3260 3099 3309 3163 si
3343 3105 3744 3179 perageretur,

365 3194 472 3245 Νῦν
524 3197 648 3265 γοῦν
705 3186 866 3267 φόϐον
919 3190 1012 3244 τὸν
1080 3187 1163 3244 διὰ
1231 3187 1545 3256 συνείδησιν,
1620 3190 1877 3270 τουτέστι,
1922 3194 2010 3247 τὸν

2101 3191 2392 3269 ingratum
2423 3202 2584 3252 esset
2611 3210 2719 3252 suo
2750 3190 3014 3251 domino.
3053 3189 3221 3252 Nunc
3249 3191 3443 3270 itaque
3475 3189 3747 3247 timorem

361 3276 457 3331 σὺν
509 3275 782 3353 ἐπιστήμῃ
840 3283 933 3333 τοῦ
990 3278 1139 3354 ὀρθοῠ
1181 3276 1343 3355 λόγου
1399 3279 1675 3355 γινόμενόν
1711 3301 1891 3357 φησιν,
1960 3279 2010 3341 ὅς

2099 3280 2242 3341 dicit
2291 3279 2393 3361 qui
2424 3288 2513 3340 est
2544 3288 2784 3360 propter
2824 3280 3277 3358 conscientiam,
3333 3280 3444 3339 hoc
3486 3284 3595 3349 est,
3648 3277 3747 3355 qui

360 3362 527 3434 ἐστιν,
559 3367 587 3421 6
631 3368 686 3421 ἐν
714 3369 791 3432 τῷ
833 3364 1001 3441 μηδὲν
1055 3366 1397 3445 ἀμαρνάνειν,
1458 3368 1600 3438 παρὰ
1661 3374 1760 3422 τῶν
1789 3367 2014 3424 σκολιῶν

361 3450 633 3510 δεσποτῶν
686 3467 803 3517 τοῖς
862 3456 1063 3512 ἑαυτῶν
1134 3455 1466 3534 ἐπαγόμενος
1520 3455 1767 3520 οἰκέταις.
1821 3466 2012 3516 Τοῦτον

363 3544 453 3602 οὖν
482 3545 573 3599 τὸν
603 3541 765 3623 φόϐον
814 3542 1039 3599 ἐπαίνων
1096 3542 1250 3609 ἀξιῶν
1310 3549 1580 3621 παρεγγυᾷ
1633 3542 2012 3624 καταδέχεσθαι

361 3627 476 3707 μεθ’
529 3630 801 3704 ὑπομονῆς
888 3628 1035 3688 Ἐπεὶ
1107 3633 1226 3695 τούς
1299 3652 1358 3710 γε
1415 3629 1483 3687 δι’
1552 3632 1832 3705 ἁμαρτίας,
1894 3631 2011 3699 ἤτοι

363 3720 751 3798 ἐνεργηθείσας,
799 3720 834 3787 ἢ
899 3720 986 3775 καὶ
1046 3720 1123 3795 μὴ
1184 3723 1491 3799 πραχθῆναι
1561 3717 2006 3799 φυλασσομένους,

361 3807 522 3890 φόϐον
566 3807 791 3888 ἔχοντας
833 3807 1135 3888 ὑπομένειν,
1211 3808 1322 3865 εἴτι
1373 3808 1439 3863 δι’
1498 3809 1655 3870 αὑτὰς
1726 3810 2009 3889 πάσχοιεν,

367 3900 713 3976 εὔγνωμόνων
753 3897 849 3972 μὲν
881 3898 970 3952 καὶ
1014 3904 1167 3953 τοῦτο
1225 3895 1442 3962 δούλων,
1488 3897 1577 3953 καὶ
1631 3898 1763 3974 πρὶς
1805 3895 2014 3976 διόρθω-

361 4010 445 4043 σιν
501 3985 885 4065 ἆπονευόντων,
948 3984 1063 4044 ἀλλ’
1146 3984 1292 4042 οὔπω
1346 3985 1607 4051 τοσαύτης
1677 3984 2006 4065 φιλοσοφίας,

359 4074 494 4141 ὅσης
536 4076 614 4147 τῷ
671 4070 834 4148 μηδὲν
893 4072 1063 4147 ἑαυτῷ
1117 4071 1371 4129 συνειδότι
1429 4073 1590 4130 κακὸν
1676 4072 2011 4151 ἐγκαρτερεῖν

358 4163 711 4243 εὖχαρίστως.
758 4170 923 4219 Τοῦτο
965 4163 1027 4217 τὸ
1069 4162 1229 4241 μέγα,
1276 4163 1429 4219 τοῦτο
1482 4163 1568 4217 καὶ
1628 4160 1752 4238 παρ’
1812 4159 2009 4239 ὀλίγοις

358 4249 790 4326 ἐπιτελούμενον,
851 4257 1006 4307 τοῦτο
1042 4253 1131 4307 καὶ
1184 4252 1325 4329 παρὰ
1373 4257 1488 4326 Θεῷ
1546 4250 1811 4328 τυγχάνον
1868 4249 2007 4306 ἀπο-

356 4338 554 4420 δοχῆς,
614 4340 688 4404 ὡς
745 4351 866 4401 τοῖς
933 4345 1024 4395 τοῦ
1095 4346 1319 4418 Χριστοῦ
1361 4340 1580 4396 πάθεσιν
1612 4335 2003 4412 ἁμιλλώμενον,

355 4414 470 4486 ἓνπεῖ
500 4428 587 4484 καὶ
632 4427 786 4508 αὖτός
831 4450 1015 4506 φησιν,
1063 4414 1152 4484 ὅτι
1192 4429 1294 4508 οὔχ
1344 4428 1474 4506 ὑπὲρ
1516 4428 1727 4499 οἷκεὲαῂ
1771 4414 2073 4508 ἔπασχενθ

357 4516 635 4596 ἁμαρτίας.
673 4507 955 4595 Ἀμαρτίαν
986 4517 1085 4595 γὰρ
1118 4516 1211 4573 οὒκ
1246 4507 1516 4590 εποίησεν,
1548 4514 1668 4571 ἀλλ’
1694 4510 1826 4593 ὑτκὲρ
1854 4518 2006 4592 ἡμῶν

355 4608 443 4663 καὶ
470 4608 578 4663 τ-ὗν
606 4604 878 4680 ἡμετέρων
908 4603 1147 4685 ἔπασχεν
1788 4598 1811 4623 ⁸

2099 3369 2387 3447 contingit
2414 3387 2546 3429 cum
2571 3367 2935 3429 conscientia
2965 3377 3133 3430 recta
3165 3366 3411 3428 rationis
3434 3383 3600 3428 :cum
3630 3382 3747 3423 ma-

2096 3457 2136 3517 li
2163 3455 2434 3518 videlicet
2452 3456 2896 3517 dominiservos
2918 3476 3063 3518 suos
3096 3456 3241 3517 nihil
3268 3454 3650 3516 commeritus
3667 3452 3749 3512 af-

2095 3545 2325 3625 ﬂigunt.
2352 3543 2521 3607 Hunc
2533 3563 2671 3623 ergo
2690 3544 2962 3606 timorem
2976 3546 3258 3625 judicans
3281 3543 3453 3606 laude
3472 3542 3742 3621 dignum,

2086 3635 2257 3715 jubet
2295 3651 2352 3696 ut
2387 3654 2518 3696 cum
2553 3632 2829 3713 patientia
2858 3629 3743 3714 suscipiatur.Quandoquidem

2094 3724 2193 3806 qui
2229 3729 2470 3803 propter
2500 3724 2892 3802 peccata,sive
2925 3742 2993 3783 ea
3024 3742 3155 3803 quae
3182 3726 3623 3801 perpetrarunt,
3648 3726 3747 3778 aut

2095 3812 2269 3873 etiam
2292 3829 2419 3891 qua;
2464 3829 2580 3871 non
2630 3810 3030 3871 observarunt
3060 3818 3126 3871 ut
3151 3809 3433 3875 facerent.
3471 3806 3743 3868 timorem

2096 3900 2336 3973 habent,
2371 3899 2691 3960 tolerantes
2721 3898 2773 3959 si
2804 3898 2947 3980 quid
2984 3906 3228 3980 propter
3271 3897 3367 3958 illa
3426 3895 3744 3976 patiantur,

2095 3988 2235 4050 boni
2263 3987 2504 4068 quidem
2530 3995 2589 4048 et
2614 3986 2673 4049 hi
2704 3996 2843 4049 sunt
2890 3987 3073 4058 servi,
3107 3996 3167 4049 ct
3197 3985 3268 4049 ad
3307 3984 3741 4068 correctionem

2092 4062 2499 4129 declinantes:
2534 4077 2593 4129 at
2638 4069 2903 4130 nondum
2980 4077 3139 4129 tanta
3175 4066 3395 4128 mentis
3456 4062 3750 4145 sapientia

2094 4156 2586 4238 praediti,quama
2617 4166 2817 4219 essent
2847 4157 2896 4218 si
2930 4166 3092 4237 grato
3126 4156 3325 4219 animo
3358 4153 3742 4217 afﬂictionem

2093 4247 2434 4320 tolerarent,
2471 4245 2646 4307 etiam
2702 4265 2836 4308 cum
2886 4248 3107 4310 nullius
3169 4246 3302 4308 mali
3355 4244 3469 4306 sibi
3521 4240 3747 4305 conscii

2093 4343 2313 4397 essent.
2338 4333 2464 4397 Hoc
2497 4353 2771 4413 magnum
2799 4345 2911 4408 est,
2947 4337 3058 4398 hoc
3092 4336 3268 4398 etiam
3299 4353 3332 4395 a
3363 4331 3565 4414 paucis
3588 4346 3751 4391 com-

2094 4425 2309 4507 pletur;
2335 4424 2392 4485 id
2425 4423 2580 4504 apud
2618 4425 2801 4485 Deum
2834 4442 3069 4505 quoque
3099 4422 3572 4498 commendatur,
3612 4428 3748 4507 tan-

2090 4533 2266 4598 quam
2294 4513 2668 4592 respondens
2713 4512 2933 4575 Christi
2970 4511 3395 4574 afflictionibus
3424 4531 3440 4583 ;
3472 4506 3744 4588 quando-

2088 4603 2330 4687 quidem
2363 4610 2419 4661 et
2447 4600 2832 4680 ipse,inquit.
2870 4620 2986 4661 non
3022 4609 3263 4680 propter
3291 4617 3397 4658 sua
3428 4612 3636 4678 passus
3656 4598 3748 4656 est

356 4701 605 4775 peccata
635 4676 657 4755 ;⁷
689 4676 826 4753 nam
862 4676 1166 4773 peccalum
1204 4712 1319 4754 non
1354 4693 1513 4767 fecit,
1544 4692 1687 4757 503
1716 4699 1824 4762 sed.
1844 4676 1963 4777 Χριό
1996 4676 2169 4758 nobis
2198 4676 2535 4771 nostrisque
2565 4676 2799 4752 deliciis
2830 4676 3037 4767 passus
3067 4676 3172 4751 est.

434 4780 570 4840 'Altb
625 4790 729 4840 116v
788 4783 1021 4858 ἀνομιῶν
1078 4790 1170 4839 τοῦ
1225 4782 1352 4840 λαοῦ
1407 4808 1531 4865 μου,
1591 4784 1859 4853 ἦτοιδιὰ
1914 4788 2006 4850 τὰς

351 4871 570 4945 ἀνομίας
615 4879 707 4929 τοῦ
748 4871 900 4940 λαοῦ,
961 4870 1108 4952 ἤχθη
1157 4874 1229 4937 εἰς
1289 4874 1533 4949 θάνατον,
1591 4875 1755 4954 φησὶν
1800 4876 1827 4930 6
1869 4896 2005 4953 προ-

354 4959 552 5039 φήτης.
602 4961 913 5017 Ἐπαινετὸν
950 4961 1044 5036 μὲν
1090 4961 1179 5018 οὖν
1222 4969 1401 5018 τοῦτον
1444 4964 1533 5019 τὸν
1593 4961 1755 5042 φόϐον
1787 4962 2001 5024 τίθεται,

355 5046 523 5104 Ἀλλᾶ
552 5050 661 5122 μην
692 5049 781 5103 καὶ
821 5062 936 5113 τοῖς
982 5047 1162 5112 ἄλλοις
1220 5048 1399 5129 φόϐοις
1442 5053 1567 5117 τοὺς
1627 5050 1838 5113 δούλους
1871 5052 2002 5127 βοό-

356 5134 501 5193 λεται
572 5141 1013 5221 περιχροτεϊσθαι.
1068 5140 1164 5196 Καὶ
1217 5136 1378 5206 δῆλον
1437 5138 1528 5221 ἀφ’
1584 5144 1657 5197 ῶν
1700 5161 1882 5219 φησιν,
1916 5138 2004 5196 Ἐν

354 5226 509 5281 παντὶ
571 5222 739 5306 φόϐῳ.
808 5216 1103 5306 ἰ⁹περφυῷς
1191 5226 1246 5283 δὲ
1337 5216 1589 5296 ἂντὲθίηκε
1645 5216 1762 5291 τοίες
1824 5225 2005 5291 ἄλλοις

354 5312 535 5393 φόϐοις
579 5314 669 5369 τὸν
711 5310 795 5368 διὰ
850 5314 1144 5382 συνείδησιν
1214 5313 1402 5398 φᾷϐον,
1458 5318 1543 5374 καὶ
1596 5319 1756 5394 μόνου
1823 5318 2006 5373 τούτου

354 5401 497 5458 εἶναι
567 5402 627 5457 16
684 5401 1004 5476 ἀξιέπαινον,
1064 5404 1408 5479 ἂληθεστᾶτῳ
1463 5405 1770 5486 ἀπεφηνατο
1836 5404 2004 5485 λόγῳ,

352 5491 425 5554 ὣς
468 5492 573 5547 τῶν
618 5490 715 5566 μὲν
744 5489 981 5569 ἐχόντων
1025 5493 1085 5549 τὸ
1130 5494 1406 5575 παραίτιον
1462 5494 1558 5563 τῆς
1605 5501 1712 5551 τῶν
1742 5492 2008 5553 δεσποτῶν

430 5660 498 5711 34
522 5656 667 5723 Luc;
695 5675 799 5738 vu,
834 5657 909 5722 37
946 5658 1116 5744 seqq.
1202 5661 1269 5715 εδ
1293 5660 1412 5739 Isa,
1442 5679 1569 5744 LIII,
1603 5663 1668 5725 5.

2168 4779 2256 4842 Ab
2287 4778 2701 4858 iniquitatibus
2719 4778 2917 4859 populi
2947 4779 3084 4849 mei,
3115 4780 3234 4839 sive
3263 4784 3504 4856 propter
3526 4772 3752 4854 iniqui-

2089 4878 2240 4930 tates
2256 4866 2458 4948 populi
2499 4867 2714 4930 dnctus
2733 4874 2910 4929 estad
2945 4878 3222 4931 mortem.
3244 4865 3325 4927 ait
3362 4865 3647 4945 propheta
3667 4862 3745 4943 ³⁵,

2087 4957 2261 5020 Hunc
2285 4956 2487 5036 itpque
2520 4956 3065 5018 commendandum
3101 4956 3268 5037 ponit
3297 4955 3594 5016 timorem.
3625 4954 3745 5013 Ve-

2088 5066 2220 5109 rum
2251 5045 2383 5107 aliis
2414 5063 2654 5125 quoque
2691 5045 3003 5107 timoribus
3047 5063 3252 5106 servos
3291 5044 3407 5105 vult
3443 5040 3693 5104 retineri
3727 5059 3742 5101 :

2090 5134 2648 5217 quod'manifrstum
2668 5142 2758 5195 est
2791 5153 2859 5195 ex
2899 5152 2969 5195 eo
2990 5134 3146 5215 quod
3189 5134 3336 5195 dicit
3366 5154 3380 5193 :
3407 5132 3551 5195 Cum
3581 5128 3749 5192 omni

2091 5221 2681 5286 timore.Rectissime
2704 5230 2897 5283 autem
2918 5233 2975 5285 et
2994 5223 3140 5285 scite
3179 5223 3409 5284 caeteris
3436 5218 3749 5283 timoribus

2092 5310 2408 5394 praeposuit
2444 5310 2713 5372 timoreur
2736 5312 2835 5392 qui
2858 5319 3203 5391 estpropter
3227 5307 3752 5378 conscientiam,et

2090 5401 2279 5463 solum
2312 5401 2475 5462 hunc
2507 5418 2637 5461 esse
2661 5400 2833 5461 laude
2855 5400 3099 5479 dignum
3124 5400 3434 5462 verissimo
3467 5412 3749 5457 sermone

2091 5488 2535 5555 demonstravit.
2569 5490 2725 5571 quod
2778 5489 2861 5550 illi
2894 5488 3139 5574 quidem
3190 5505 3429 5552 causam
3482 5483 3751 5547 habeant
