4180 6212
519 286 631 354 547

1633 284 2046 352 CECUMENII
2091 275 2386 344 TRICC/E
2428 280 2764 359 EPISCOPI

3781 287 3892 356 548

514 434 752 485 matres.
787 421 930 481 i506
984 421 1126 485 Cum
1187 423 1434 484 honesto
1491 440 1631 482 vero
1690 429 1749 483 et
1804 416 2157 483 Christianas

2251 417 2506 496 μητέρας.
2544 422 2689 477 Μετά
2717 419 2771 477 δὲ
2800 429 2893 480 τοῦ
2941 421 3226 501 εῦκόσμου,
3274 426 3366 482 καὶ
3419 425 3709 504 πρέποντος
3761 433 3893 505 Χρι-

512 514 761 574 decente
779 506 962 582 'cultu,
989 511 1268 572 admonet
1289 529 1524 592 quoque
1549 511 1706 590 ipsas
1733 519 1794 570 ut
1822 508 2164 570 misericor-

512 601 618 662 des
641 600 777 673 sint,
811 601 955 660 nihil
991 618 1058 660 ex
1091 619 1159 660 eo
1185 602 1381 662 verita;
1403 617 1643 663 suorum
1667 599 1926 659 virorum
1961 595 2162 657 calcu-

514 689 822 750 lationem.
849 687 994 749 Nam
1021 689 1132 749 hoc
1161 687 1386 750 indicat
1414 688 1582 759 illud,
1607 686 1732 748 Non
1753 681 2162 746 timentesullo

513 776 1253 858 pavore.Verisimileenim
1267 789 1390 839 erat
1403 777 1556 858 quod
1574 777 1682 836 viri
1700 774 2168 851 interdumrepe-

512 866 707 928 tebant
723 866 1010 926 rationem
1030 875 1374 946 sumptuum
1389 866 1531 928 .Hoc
1547 864 2031 928 modusublevato
2044 879 2166 922 ser-

511 953 818 1029 mone,ubi
834 953 1140 1015 muliebris
1158 973 1329 1016 sexus
1345 956 1684 1036 parcitatem
1703 973 1766 1014 ac
1785 949 2170 1033 pusillanimi-

511 1051 684 1104 tatem
701 1044 1041 1106 exhortatus
1059 1052 1240 1114 est,ut
1255 1043 1560 1106 liberalius
1573 1063 1637 1105 se
1650 1043 1904 1104 lubeant
1919 1039 2165 1120 ergado-

509 1133 949 1194 mesticostcom
959 1131 1155 1210 primit
1170 1133 1605 1194 etiamvirorum
1622 1132 2167 1209 austeritatemerga

507 1239 644 1284 suas
659 1241 726 1282 co
737 1223 1022 1300 njuges,et
1043 1221 1142 1283 ait:
1155 1221 1280 1282 Viri
1301 1223 1359 1282 in
1376 1221 1712 1300 cognitione
1731 1220 2160 1300 cohabitantes,

509 1313 621 1372 hoc
650 1318 759 1384 est,
794 1309 1199 1390 experimento
1251 1311 1551 1372 discentes
1601 1309 1916 1371 femineam
1951 1308 2158 1369 levita-

511 1411 630 1462 tem
664 1407 722 1458 et
753 1398 1085 1460 vecordiam
1117 1399 1176 1460 in
1210 1400 1488 1460 omnibus
1548 1418 1615 1460 ac
1668 1398 2056 1459 lubricitatem
2096 1398 2159 1459 in

510 1487 1018 1566 pusillanimitate,
1049 1487 1340 1567 patientes
1399 1497 1588 1550 estote
1646 1506 1783 1565 erga
1834 1487 1986 1560 illas,
2039 1504 2158 1548 non

510 1585 713 1638 exacte
733 1575 1024 1637 rationem
1058 1585 1400 1657 repetentes
1419 1597 1621 1638 eorum
1645 1596 1774 1658 quae
1797 1576 1954 1637 circa
1984 1575 2157 1636 fami-

509 1664 647 1724 liam
680 1665 890 1726 tradita
917 1665 1036 1726 illis
1067 1676 1234 1726 erant
1265 1667 1323 1727 in
1359 1666 1712 1727 custodiam.
1777 1664 1897 1726 Hoc
1928 1672 2148 1742 autem,
2177 1702 2214 1751 Β

512 1753 864 1828 utdiximus,
892 1774 1006 1835 quo
1042 1755 1353 1816 liberalius
1372 1764 1754 1832 perseverent
1774 1753 1915 1814 inlai
1936 1753 2150 1831 giendo

510 1860 648 1920 erga
679 1861 988 1923 pauperes,
1023 1843 1306 1904 admonet
1336 1844 1516 1918 viros,
1548 1863 1621 1904 ne
1657 1844 1774 1904 sint
1806 1841 1993 1903 exacti
2024 1841 2150 1902 dis-

506 1930 842 2011 quisitores.
894 1932 1032 1994 Mihi
1061 1941 1255 1992 tamen
1291 1932 1642 2012 profundius
1673 1931 1892 2010 aliquid
1924 1929 2156 1991 videtur

509 2037 614 2098 per
641 2021 752 2080 hoc
773 2019 1076 2082 inducere.
1113 2030 1170 2081 et
1216 2023 1524 2082 venustius
1585 2041 1652 2082 ac
1709 2019 1928 2080 castius
1975 2038 2150 2099 quam

506 2109 722 2170 Paulus
750 2109 1000 2170 innuere
1021 2109 1095 2170 de
1112 2119 1242 2170 actu
1264 2111 1574 2188 conjugali.
1615 2107 1916 2189 Siquidem
1942 2110 2154 2170 Paulus

504 2209 705 2280 aperte
723 2199 966 2260 clamat:
1021 2224 1040 2249 σι
1079 2201 1166 2261 Ne
1188 2199 1472 2259 fraudetis
1500 2199 1771 2260 invicem.
1798 2197 1911 2257 nisi
1939 2196 1988 2256 si
2015 2196 2152 2276 quid

506 2307 575 2350 ex
598 2305 892 2350 consensu
911 2288 1082 2366 45⁸47,
1114 2314 1138 2342 n
1166 2297 1257 2348 etc
1295 2287 1608 2348 Hicautem
1636 2286 1821 2364 magis
1842 2286 2074 2365 pudice,
2092 2294 2156 2347 ut

505 2377 785 2453 diximus,
803 2376 1200 2454 cognitionem
1216 2375 1518 2455 dicens,et
1543 2396 1647 2456 per
1670 2377 1778 2436 hoc
1814 2393 1939 2434 rem
1965 2375 2151 2454 ipsam

507 2465 1162 2543 designans,admonet,
1181 2484 1312 2524 cum
1334 2465 1516 2542 magis
1539 2465 1609 2524 ad
1645 2467 1752 2524 hoc
1789 2463 2053 2524 lubricus
2079 2463 2156 2522 sit

508 2553 1025 2615 sexusmuliebris.
1050 2573 1123 2615 ne
1150 2573 1253 2633 per
1280 2554 1438 2633 obju:
1461 2552 1753 2631 gationem
1779 2572 1910 2613 cum
1935 2568 2154 2632 asperi-

510 2651 624 2702 tate
671 2641 744 2702 ab
788 2642 932 2721 ipsis
965 2642 1297 2715 discedant,
1332 2645 1433 2704 sed
1471 2642 1722 2722 primum
1753 2642 1994 2720 quidem
2028 2640 2154 2701 cle-

511 2739 740 2790 menter
758 2730 843 2790 eis
858 2739 1096 2790 utantur
1111 2740 1386 2808 tanquam
1404 2729 1915 2803 imbecillioribus,
1943 2730 2160 2790 deinde

507 2819 888 2889 suadeant,ut
907 2838 1038 2878 cum
1054 2819 1246 2898 aliqua
1260 2820 1540 2898 parcitate
1555 2818 1969 2880 abstinentiam
1986 2836 2018 2879 a
2035 2817 2159 2880 tali-

2247 523 2483 572 στιανοῒς
2529 510 2747 585 κόσμου,
2782 513 2870 568 καὶ
2928 511 3218 588 ἐλεήμονας
3278 513 3436 577 αῦτὰς
3495 517 3638 571 εἶναι
3697 538 3889 594 παραι-

2247 592 2353 665 νεῖ,
2393 595 2555 670 μηδὲν
2610 597 3042 676 ὕποὸλεπομένας
3097 604 3186 658 τὸν
3256 602 3362 659 ἀπὸ
3403 610 3509 660 τῶν
3551 601 3748 683 ἀνδρῶν
3777 592 3891 663 αῦ-

2246 689 2352 738 τῶν
2395 682 2476 741 διὰ
2533 688 2686 745 τοῦτο
2743 688 3084 766 ἐκλογισμόν.
3147 699 3312 749 Τοῦτο
3341 692 3440 770 γὰρ
3468 694 3552 764 τὸ,
3578 682 3667 760 Mi]
3695 691 3892 772 φοϐού-

2247 792 2398 862 μεναι
2456 773 2716 862 μηδεμίαν
2793 779 3018 846 πτόησιν
3083 779 3342 860 ἐμφαίνει.
3408 783 3556 843 Εἰκὸς
3615 783 3716 862 γὰρ
3773 783 3891 844 τοὺς

2247 857 2432 948 ἄνδρας
2483 861 2590 920 ἔσθ’
2637 865 2724 920 ὅτε
2783 869 2869 923 καὶ
2922 873 3028 924 τῶν
3089 857 3450 944 ἀναλωμάτων
3521 857 3698 934 αῦτάς
3733 869 3892 948 λόγον

2251 947 2518 1040 ἀπαιτεῖν.
2581 953 2729 1010 Οὕτω
2772 957 3090 1036 μετεωρίσας
3139 960 3230 1014 τὸν
3272 958 3431 1035 λόγον
3477 960 3562 1015 καὶ
3604 961 3664 1015 τὸ
3693 947 3889 1040 φειδω-

2251 1035 2342 1093 λὸν
2393 1042 2479 1095 καὶ
2523 1043 2860 1124 μικρόψυχον
2915 1035 3008 1104 τοῦ
3062 1045 3250 1116 θήλεος
3310 1046 3395 1103 ἐπὶ
3453 1049 3510 1103 τὸ
3580 1035 3889 1123 ἐλευθεριώ-

2249 1147 2398 1217 τερον
2457 1134 2686 1208 χρῆσθαι
2744 1146 2858 1198 τοῖς
2920 1135 3056 1190 κατὰ
3127 1137 3216 1191 τὸν
3281 1137 3431 1193 οἶκον
3489 1136 3886 1217 παρακαλέσας,

2243 1213 2429 1296 ἐπέχει
2473 1221 2560 1275 καὶ
2587 1221 2686 1288 τὴν
2744 1228 2849 1278 τῶν
2905 1221 3105 1300 ἀνδρῶν
3163 1227 3292 1303 πρὸς
3345 1227 3439 1289 τὰς
3497 1213 3694 1282 ὲαῦτὼν
3724 1248 3892 1306 γαμε-

2241 1305 2333 1368 τάς
2365 1308 2755 1386 αῦστηρότητα,
2786 1314 2875 1368 καί
2915 1335 3098 1392 φησιν,
3159 1337 3186 1368 α
3235 1317 3294 1372 Oi
3323 1312 3500 1392 ἄνδρες
3531 1316 3665 1371 κατᾶ
3695 1305 3891 1393 γνῶσιν

2240 1402 2620 1471 συνοικοῦντες,
2671 1423 2698 1452 ι
2760 1399 3046 1466 τουτέστιν,
3111 1403 3350 1469 αἴσθησιν
3393 1401 3748 1478 λαμϐάνοντες
3792 1409 3892 1469 τῆς

2239 1481 2331 1538 τοῦ
2358 1483 2545 1553 θήλεος
2573 1489 2898 1566 κουφότητος
2958 1492 3044 1544 καὶ
3102 1501 3194 1550 τοῦ
3237 1490 3607 1571 ἐμπαραφόρου
3651 1491 3704 1548 ἐν
3759 1498 3892 1553 πᾶσι

2239 1573 2327 1626 καὶ
2385 1575 2458 1636 εἰς
2522 1578 2880 1657 μικροψυχίαν
2939 1578 3228 1660 εῦολίσθου,
3283 1581 3608 1658 μακρόθυμοι
3677 1577 3890 1658 γίνεσθε

2240 1662 2370 1738 πρὸς
2400 1664 2582 1741 «om,
2639 1667 2717 1740 μὴ
2777 1665 2937 1745 λόγον
2979 1669 3320 1731 ἀπαιτοῦντες
3377 1676 3578 1748 πικρῶς
3606 1674 3708 1726 τῶν
3753 1670 3891 1726 κατᾶ

2235 1751 2332 1815 τήν
2387 1751 2552 1806 οἰκίαν
2639 1756 2825 1818 αὐταῖς
2898 1756 2970 1820 εἰς
3065 1758 3308 1831 ταμιείαν
3391 1757 3882 1834 παρακατεθέντων,

2234 1847 2397 1897 Τοῦτο
2453 1837 2530 1914 δὲ,
2589 1843 2662 1906 ὡς
2723 1842 2952 1922 ἕφθημεν
2997 1847 3289 1925 εἰρηκότες,
3351 1844 3435 1903 διὰ
3477 1850 3536 1902 τὸ
3591 1845 3890 1926 ἐλευθερίως

2239 1929 2394 1991 αὐτὰς
2427 1932 2542 2008 περὶ
2572 1931 2669 1998 τὴν
2728 1934 2798 1998 εἷς
2844 1936 2963 2000 τοὺς
3006 1937 3239 2002 πένητας
3297 1932 3527 1991 ἐπίδοσιν
3579 1933 3888 2012 διαγινομέ-

2236 2039 2354 2092 νας,
2402 2019 2479 2093 μὴ
2511 2018 2747 2093 ἀκριϐεῖς
2798 2024 2940 2079 εἶναι
2999 2023 3274 2089 ἐξεταστὰς
3307 2025 3424 2088 τοὺς
3470 2023 3654 2103 ἄνδρας
3685 2046 3887 2103 παραι-

2235 2119 2340 2168 νεῖ.
2375 2105 2527 2182 Ἐμοὶ
2558 2104 2610 2163 δέ
2655 2106 2802 2166 δοκεῖ
2842 2113 2928 2166 καὶ
2988 2112 3263 2189 βαθύτερόν
3325 2135 3374 2168 τι
3431 2111 3514 2168 διὰ
3543 2113 3736 2168 τούτων
3769 2113 3883 2167 εἱσ-

2238 2195 2408 2271 ἀγειν,
2480 2198 2567 2251 καὶ
2639 2199 2949 2277 σεμνότερον
2999 2197 3207 2256 Παύλου
3276 2202 3587 2257 αἰνίττεσθαι
3645 2199 3729 2255 ἐπὶ
3783 2205 3886 2266 τῆς

2237 2284 2471 2359 γαμικῆς
2516 2288 2787 2365 χρήσεως,
2837 2295 3044 2351 Παῦλος
3102 2290 3199 2362 μὲν
3253 2292 3354 2368 γὰρ
3411 2286 3708 2364 ἀναφανδὸν
3737 2289 3836 2364 βοᾷ
3875 2313 3886 2323 ·

2245 2392 2268 2425 ιι
2323 2374 2412 2439 Μὴ
2441 2374 2781 2454 ἀποστερεῖτε
2826 2376 3114 2450 ἀλλήλους,
3161 2379 3204 2433 εἰ
3261 2380 3336 2452 μή
3381 2400 3430 2433 τι
3464 2377 3524 2433 ἂν
3568 2377 3627 2433 ἐκ
3659 2378 3885 2456 συμφώ-

2238 2481 2347 2533 νου,
2402 2483 2425 2516 ι
2487 2464 2574 2518 καὶ
2618 2463 2758 2531 ἑξῆς.
2821 2467 2983 2527 Οὗτος
3043 2463 3096 2520 δὲ
3153 2467 3491 2545 σεμνότερον,
3552 2469 3626 2528 ὡς
3658 2465 3886 2544 ἔφημεν,

2235 2554 2428 2625 γνῶσιν
2486 2552 2668 2630 εἰπὼν,
2716 2554 2802 2608 καὶ
2856 2550 2939 2608 διὰ
2994 2555 3175 2610 τούτου
3229 2554 3555 2628 αἰνιξάμενος
3612 2555 3673 2609 τὸ
3742 2559 3887 2631 πρᾶ-

2238 2658 2370 2715 γμα,
2418 2653 2664 2716 παραινεῖ
2693 2643 2763 2700 ὡς
2819 2639 3156 2720 εὖκολωτέρῳ
3209 2645 3339 2721 πρὸς
3390 2653 3542 2701 τοῦτο
3584 2650 3660 2716 τῷ
3704 2664 3888 2720 γυναι-

2239 2726 2366 2797 κείῳ
2435 2725 2599 2804 φύλῳ,
2688 2732 2766 2802 μη
2851 2729 3236 2804 ὲπιτιμητικῶς
3324 2733 3458 2806 μετὰ
3529 2729 3885 2811 σφοδρότητος

2240 2817 2504 2870 ποιεῖσθαι
2562 2816 2660 2882 τὴν
2717 2817 2808 2873 ἀπ’
2871 2820 3036 2874 αὐτῶν
3106 2819 3418 2899 ἀπόστασιν,
3476 2819 3609 2875 ἀλλὰ
3676 2827 3886 2897 πρῶτον

505 2907 616 2967 bus
632 2906 988 2985 suscipiant:
1008 2925 1141 2968 nam
1157 2909 1264 2968 hoc
1279 2907 1612 2985 signiﬁcare
1626 2907 1744 2966 vult
1759 2905 2150 2986 (parcitatem,

2241 2903 2339 2976 μὲν
2393 2905 2466 2967 ὡς
2523 2903 2915 2984 ἀσθενεστέραις
2999 2910 3441 2987 συγγνωμονικιῖκ
3501 2911 3686 2972 αὑταῖς
3745 2908 3884 2987 χρῆο

502 2995 773 3075 inquam,
799 2979 922 3056 sive
952 2979 1390 3074 abstinentiam)
1423 3013 1530 3074 per
1561 2997 1673 3056 hoc
1707 2979 1865 3075 quod
1893 2997 1995 3071 ait,
2032 2979 2153 3056 Im;

2239 2995 2375 3065 σθαι,
2438 2992 2558 3049 εἶτα
2612 2997 2805 3051 πείθειν
2853 2997 2988 3070 μετά
3043 3019 3185 3060 τινος
3251 2996 3455 3078 φειδοῦς
3501 2997 3597 3063 τὴν
3630 2997 3882 3052 τοιούτων

505 3083 830 3163 partientes
853 3084 1171 3164 honorem;
1201 3103 1330 3144 nam
1357 3085 1548 3145 honor
1571 3083 1683 3143 nisi
1701 3083 1913 3161 quisad
1930 3083 2151 3164 aliquid

501 3171 801 3252 respiciat,
837 3191 912 3232 ne
975 3191 1148 3252 parce
1208 3173 1448 3253 quidem
1507 3171 1909 3252 Subsequitur.
1952 3171 2154 3253 Itaque

505 3271 780 3340 tanquam
816 3260 1310 3322 imbecillioribus
1367 3269 1466 3320 aut
1513 3260 1686 3322 etiam
1744 3270 2017 3340 tauquam
2051 3281 2152 3323 co-

500 3350 838 3412 haaredihus
869 3352 1070 3428 gratia:
1101 3348 1254 3422 vitae,
1311 3349 1424 3410 vita
1471 3349 1616 3430 ipsis
1675 3350 1758 3410 uti
1815 3359 2045 3429 oportet
2093 3351 2150 3411 in

503 3440 704 3500 talium
731 3439 1186 3501 consuetudine.
1224 3438 1289 3499 El
1318 3439 1471 3518 quod
1514 3458 1627 3500 non
1669 3439 1820 3499 male
1840 3438 2151 3500 hacintel-

496 3528 741 3607 ligentia
769 3527 854 3588 usi
886 3527 1095 3607 simus,
1122 3527 1180 3588 id
1205 3531 1360 3608 quod
1386 3527 1767 3608 subsequitur
1790 3527 2146 3601 manifestat,

499 3637 632 3678 cum
665 3616 780 3678 ait:
811 3635 882 3676 ne
903 3617 1406 3696 interrumpantur
1431 3635 1638 3695 preces
1663 3625 1888 3677 vestrae.
1911 3642 1936 3671 η
1965 3615 2150 3688 Quam

501 3707 660 3767 enim
689 3723 925 3784 precum
950 3705 1446 3785 interruptionem
1495 3706 1662 3766 atl‘ert
1686 3707 1791 3765 Viri
1834 3723 1972 3782 erga
2003 3723 2150 3765 uxo-

498 3813 624 3854 rem
649 3795 957 3854 austeritas
982 3798 1004 3853 ἵ
1029 3793 1147 3854 imo
1163 3813 1298 3856 vero
1317 3793 1492 3872 hujus
1508 3794 2148 3874 nepligentiamagnam

497 3883 671 3943 atl'ert
704 3882 763 3941 in
785 3892 1049 3960 tempore
1063 3882 1832 3943 orationisattentionemac
1858 3885 2146 3943 studium.

2237 3079 2620 3162 καταδέχεσθαι
2676 3084 2917 3164 ἀποχήν,
2993 3085 3156 3144 Τοῦτο
3211 3089 3310 3165 γὰρ
3384 3084 3630 3162 βούλεται
3689 3082 3883 3151 δηλουν

2235 3168 2358 3248 (τὴν
2400 3168 2560 3250 φειδώ
2597 3181 2779 3250 φημι),
2823 3171 2906 3229 δια
2947 3181 3040 3231 τοῦ
3096 3176 3289 3255 εἰπεῖν,
3350 3172 3732 3248 ’Λπονέμοντες
3792 3194 3882 3228 τι-

2236 3260 2345 3333 μήν
2379 3275 2392 3288 ⁸
2455 3260 2587 3334 τιμὴ
2642 3264 2742 3341 γὰρ
2785 3263 2828 3318 εἰ
2886 3264 2965 3340 μή
3009 3285 3087 3328 τις
3147 3265 3264 3341 περί
3331 3265 3391 3319 τὸ
3457 3263 3718 3340 ἐνορᾶται,
3764 3257 3883 3319 οὐδὲ

2237 3345 2424 3427 φειδὼς
2483 3348 2855 3410 ἐπακολουθεῖ.
2906 3351 3023 3408 Εἶτ’
3081 3353 3168 3408 οὖν
3238 3355 3311 3416 ὡς
3369 3350 3784 3430 ἀσθενεστέραις,
3843 3350 3882 3418 ἢ

2236 3439 2322 3492 καὶ
2363 3439 2436 3500 ὡς
2487 3438 2936 3518 συγκληρονόμοις
2991 3443 3213 3522 χέριτος
3256 3441 3420 3515 ζωῆς,
3473 3440 3637 3504 οὕτως
3693 3440 3882 3501 αὐταῖς

2234 3529 2464 3605 χρῆσθαι
2494 3531 2612 3607 περὶ
2667 3531 2732 3585 τὰ
2775 3539 2987 3588 τοιαῦτα
3044 3537 3148 3586 τῶν
3204 3529 3426 3606 ὁμιλιῶν
3483 3528 3586 3587 δεῖ.
3652 3529 3747 3586 Καὶ
3792 3525 3876 3582 ὅτι

2233 3619 2292 3672 οὔ
2333 3616 2510 3679 κακῶς
2554 3618 2719 3694 ταύτῃ
2749 3625 2816 3694 τῇ
2859 3617 3028 3692 ἐννοίᾳ
3086 3619 3453 3698 ἐχρησάμεθα,
3507 3619 3568 3674 τὸ
3623 3617 3878 3696 ἐπιφερό-

2235 3725 2390 3778 μενον
2447 3703 2628 3779 δηλοϊ,
2696 3729 2718 3761 ε
2756 3710 2841 3770 Εἰς
2896 3711 2956 3763 τὸ
3001 3709 3077 3783 μὴ
3114 3709 3482 3787 ἐκκόπτεσθαι,
3528 3708 3750 3786 φάσκον,
3783 3705 3881 3769 τὰς

2233 3795 2533 3874 προσευχὰς
2556 3797 2726 3871 ὑμῶν.
2763 3819 2787 3855 ο
2847 3799 2970 3855 Τίνα
3013 3799 3113 3876 γὰρ
3165 3797 3399 3875 ἐγκοπὴν
3457 3796 3598 3875 φέρει
3652 3815 3882 3873 προσευ-

2232 3889 2366 3963 χῆς,
2399 3882 2581 3961 ἀνδρὸς
2626 3887 2754 3964 πρὸς
2783 3901 3011 3964 γυναῖκα
3069 3890 3320 3966 αὖστηρία
3355 3905 3372 3966 ς
3430 3884 3636 3952 πολλὴν
3667 3883 3762 3958 μὲν
3792 3883 3882 3939 οῦν

499 3970 639 4031 Mihi
663 3970 860 4050 itaque
893 3971 965 4030 de
991 3970 1102 4031 hoc
1126 3971 1203 4031 ita
1227 3972 1457 4032 videtur
1491 3971 1835 4034 dicendum.
1859 3975 2067 4046 Porro,
2099 3979 2153 4038 si

2239 3977 2326 4028 καὶ
2359 3973 2676 4053 προσέχειαν
2720 3976 2804 4031 καὶ
2836 3975 3067 4044 σπουδὴν
3102 3978 3136 4044 ἡ
3181 3977 3310 4054 πρὸς
3364 3976 3562 4041 ταύτην
3605 3971 3876 4051 ὀλιγωρία,

502 4059 576 4119 ab
601 4059 800 4138 aliquo
827 4058 1038 4119 melius
1060 4058 1385 4120 indicatum
1429 4060 1627 4134 fuerit,
1670 4080 1784 4121 non
1827 4081 1967 4121 sane
2001 4059 2152 4119 invi-

2239 4061 2292 4116 ἐν
2325 4069 2493 4140 καιρῷ
2521 4068 2848 4143 προσευχῆς.
2883 4063 3033 4139 Ἐμοὶ
3090 4065 3187 4140 μὲν
3231 4065 3320 4119 οῦν
3373 4063 3511 4120 οὕτω
3571 4061 3720 4119 δοκεῖ
3761 4063 3881 4139 περὶ

501 4150 635 4210 deo.
669 4148 807 4208 507
858 4174 882 4202 (ι
928 4145 1068 4209 Sine
1119 4167 1417 4212 sermone.
1454 4176 1477 4204 ι)
1517 4148 1650 4211 Sive
1681 4159 1950 4211 cessante
1983 4151 2152 4211 omni

2239 4152 2440 4213 τούτου,
2491 4146 2551 4232 ’ᾳ
2610 4149 2663 4206 δὲ
2713 4155 2773 4208 τὸ
2841 4151 3056 4228 ἄμεινον
3113 4155 3335 4234 κριθείη,
3389 4155 3449 4209 οῦ
3501 4152 3685 4231 φθόνος
3728 4149 3868 4226 ἐμοί,

499 4255 775 4299 sermone
807 4237 1085 4317 omnique
1117 4239 1590 4317 responsationo,
1626 4239 1747 4300 sive
1767 4240 1920 4320 quod
1946 4240 2148 4302 efﬁca-

2241 4265 2262 4298 ε
2302 4252 2432 4297 Ανευ
2460 4231 2640 4319 λόγου.
2680 4263 2707 4295 ι
2748 4231 2892 4298 NEho
2935 4231 3289 4322 σχολάζοντος
3345 4243 3538 4304 παντὸς
3586 4239 3745 4318 λόγου
3787 4242 3878 4296 καὶ

497 4327 622 4388 cior
654 4325 730 4387 sit
755 4324 1184 4387 demonstratio
1238 4346 1344 4407 per
1399 4347 1600 4408 opera,
1655 4347 1827 4407 quam
1859 4327 2142 4389 sedulitas

2239 4331 2400 4396 πάσης
2442 4328 2765 4407 ἀντιλογίας,
2828 4331 2862 4398 ἢ
2927 4333 3000 4394 ὼς
3066 4329 3150 4386 διὰ
3191 4337 3297 4386 τῶν
3357 4329 3522 4410 ἔργων
3577 4328 3876 4394 ἐπιδείξεως

497 4416 674 4477 anxia
703 4433 832 4492 quae
862 4424 952 4475 est
981 4415 1040 4475 in
1072 4416 1306 4478 verbis:
1365 4426 1588 4478 mutum
1621 4421 1776 4478 enim
1810 4434 1956 4497 Opus
1987 4435 2139 4496 prse-

2239 4418 2536 4497 ιυριωτέρας
2611 4415 2771 4485 οὔσης
2841 4419 2937 4487 τῆς
3017 4417 3101 4479 διὰ
3155 4425 3263 4475 τῶν
3319 4418 3492 4497 λόγων
3551 4418 3872 4497 περιεργίας,

496 4505 745 4566 stantius
785 4511 873 4565 est
897 4521 1177 4566 sermone
1206 4505 1484 4585 operibus
1515 4507 1815 4567 destituto.
1850 4495 1882 4560 ι
1918 4495 2138 4568 verum

2239 4495 2488 4586 ΗᾸφωνον
2572 4508 2670 4586 γὰρ
2753 4506 2904 4587 ἔργον
3003 4521 3250 4586 κρεῖσσον
3333 4495 3630 4587 ἀπρακτουί
3686 4495 3871 4584 λόγου.

499 4595 764 4655 occultus
794 4592 894 4674 qui
925 4601 1014 4654 est
1042 4593 1103 4654 in
1135 4594 1316 4656 corde
1344 4596 1544 4656 homo.
1577 4615 1605 4654 ι
1640 4593 1859 4658 Omnis
1892 4612 2148 4674 namque

2239 4619 2262 4651 ι
2299 4592 2444 4652 Ἀλλ’
2478 4597 2506 4652 ὁ
2534 4597 2761 4674 κρυπτὸς
2801 4601 2899 4663 τῆς
2929 4595 3140 4677 καρδίας
3186 4595 3476 4676 ἄνθρωπος.
3532 4619 3559 4650 ς
3597 4601 3744 4650 Πᾶσα
3772 4596 3874 4674 γὰρ

491 4685 697 4764 gloria
726 4683 870 4763 ﬁlice
892 4683 1058 4761 regis
1085 4681 1160 4744 ab
1192 4684 1476 4745 inieriori
1493 4685 1784 4763 procedit.
1807 4683 2146 4745 Novitenim

2239 4685 2262 4754 ἡ
2323 4682 2442 4750 δόξα
2497 4689 2596 4751 τῆς
2655 4687 2907 4764 θυγατρὸς
2977 4695 3068 4745 τοῦ
3133 4683 3413 4762 βασιλέως,
3474 4685 3688 4746 ἔσωθεν,
3745 4681 3874 4741 Οἵδε

494 4781 553 4834 et
579 4771 677 4833 hic
722 4772 886 4852 juxta
918 4772 985 4834 Β.
1022 4770 1202 4832 David
1227 4773 1288 4822 48
1335 4792 1404 4834 ac
1435 4773 1676 4835 Paulum
1707 4774 1768 4824 49
1800 4773 1978 4834 alium
2011 4791 2143 4834 esse

2239 4774 2327 4852 γὰρ
2370 4775 2456 4830 καὶ
2485 4775 2633 4836 οὗτος
2663 4775 2798 4830 κατὰ
2827 4776 2918 4831 τὸν
2969 4773 3227 4854 μακάριον
3281 4772 3448 4834 Δαυλιδ
3496 4777 3583 4830 καὶ
3641 4769 3868 4845 Παῦλον,

490 4860 840 4922 interiorem
890 4859 1194 4922 hominem
1245 4861 1316 4922 ab
1375 4867 1690 4926 exteriore.
1758 4882 1788 4922 (
1842 4860 2144 4926 Ornabant

2239 4863 2399 4942 ἕτερον
2427 4864 2518 4919 τὸν
2552 4864 2700 4926 ἒντὸς
2731 4860 3000 4941 ἄνθρωπον
3049 4865 3191 4943 παρά
3237 4865 3327 4920 τὸν
3386 4863 3560 4926 ἐκτός,
3615 4882 3638 4916 ε
3703 4858 3868 4918 Ἐκό-

497 4967 651 5011 sese.
684 4975 703 5004 ι
740 4948 921 5012 Vides
938 4949 1094 5030 quod
1118 4951 1339 5012 cultum
1390 4951 1512 5012 sive
1552 4959 1822 5014 ornatum
1859 4951 2018 5013 dicat
2047 4951 2141 5014 hic

2239 4974 2392 5028 τμουν
2424 4953 2632 5016 ἑαυτὰς.
2670 4975 2697 5008 ι
2751 4943 2926 5031 Ὀρᾷς,
2968 4954 3170 5029 κόσμον
3199 4953 3413 5010 ἐνταῦθα
3442 4953 3541 5020 τὴν
3597 4951 3871 5028 ὑποταγήν

478 5037 926 5116 ’δοιῇεοιίοηειη
948 5038 980 5097 ‘?
2224 5065 2378 5122 φησι.

573 5127 676 5196 IlI,
705 5127 769 5188 8-
787 5140 800 5187 l
818 5129 878 5192 6.
897 5127 968 5190 1η
981 5145 1215 5189 summa
1237 5145 1438 5190 omnes
1457 5129 1612 5204 silis,
1634 5129 2142 5200 unanimes,com-

2309 5155 2336 5186 ι
2396 5133 2468 5189 Τὸ
2523 5128 2577 5186 δὲ
2659 5129 2835 5205 τέλος,
2895 5131 3089 5196 πάντες
3147 5132 3461 5211 ὁμόφρονες,
3548 5131 3865 5208 συμπαθεῖς,

488 5218 1089 5297 patientes,fraterna
1114 5219 1354 5296 praediti
1378 5218 2138 5303 charitate,misericordes,

2239 5218 2554 5302 ριλάδελφοι,
2640 5218 3025 5300 εὔσπλαγχνοι,
3124 5219 3459 5301 φιλόφρονες,
3565 5219 3644 5295 μή
3726 5219 3868 5275 ἀπο-

489 5305 607 5387 a/fu
618 5307 907 5382 biles,non
920 5306 1267 5369 retaliantes
1281 5307 1507 5368 malum
1518 5307 1676 5369 malo
1689 5314 1794 5368 aut
1811 5309 2141 5372 conuitium

2239 5308 2416 5374 iio‘o'vec
2528 5309 2688 5366 κακὸν
2791 5309 2903 5365 ἀντὶ
2996 5317 3163 5366 κακοῦ
3269 5312 3304 5377 ἡ
3416 5307 3674 5389 λοιδορίαν
3755 5309 3870 5365 ἀντὶ

489 5401 773 5478 convitia,
795 5397 896 5459 sed
917 5404 1125 5457 contra
1149 5396 1588 5461 benedicentes:
1609 5399 1865 5461 scienfes
1889 5400 2045 5476 quod
2061 5399 2140 5462 ad

2239 5399 2506 5481 t0t8oplzc,
2607 5403 2906 5457 τουναντίον
3007 5398 3063 5456 δὲ
3171 5397 3508 5478 εὒλογοῦντες
3539 5414 3555 5430 ⁸
3671 5396 3865 5462 εἰδότες

568 5555 714 5604 4³¹⁴7
745 5557 764 5618 1
796 5555 912 5617 Cor
967 5573 1071 5637 vn,
1105 5557 1160 5619 5.
1250 5559 1312 5608 48
1341 5559 1496 5621 Psal.
1528 5576 1648 5631 xrv,
1685 5559 1779 5622 14.
1866 5559 1930 5609 49
1959 5559 2180 5641 Ephes.
2213 5578 2297 5637 ιιι,
2348 5561 2442 5624 16.
