4180 6212
308 337 432 404 553

1338 336 1730 401 COMMENT.
1777 335 1860 397 IN
1907 333 2148 396 EPIST.
2197 334 2223 395 Ι
2267 334 2329 397 S.
2378 334 2633 396 PETRI.

3570 336 3688 402 554

296 477 406 538 τῆς
449 474 655 529 αἰωνίου
697 476 839 544 ζωῆς
883 468 1245 550 ἀντεχόμενον
1302 466 1387 525 διὰ
1414 474 1513 535 τῆς
1545 467 1793 547 γλώσσης
1836 465 1946 522 τινὰ

2037 462 2315 543 praedicta
2344 471 2664 525 structura.
2698 462 2762 525 In
2794 482 3047 545 summa,
3072 466 3194 528 sive
3225 471 3283 528 et
3310 465 3688 531 absolutissi"

297 559 666 642 βλασφημεῖν.
734 563 834 618 Διὰ
890 570 1045 618 τοῦτο
1102 560 1192 615 καὶ
1294 555 1463 614 Δαυ³ιδ
1527 569 1798 636 παραινεῖ,
1860 556 1959 622 τὴν

295 649 549 727 γλῶσσαν
618 652 848 727 καθαρὰν
922 648 1069 729 ἔχειν
1160 646 1443 725 λοιδορίας,
1544 656 1637 705 τοῦ
1718 644 1957 708 θέλοντος

298 738 607 818 ἐπέράστως
638 738 936 796 διακεῖσθαι
980 739 1113 817 πρὸς
1142 739 1243 805 τὴν
1304 737 1467 800 ὄντως
1500 737 1664 816 ζωὴν,
1697 738 1781 792 καὶ
1812 734 1955 802 ἑξῆς.

298 826 461 884 Οῧτω
516 828 616 905 γὰρ
667 825 1154 906 παρεσκευασμένοι
1215 823 1355 890 ἕξετε
1426 826 1516 882 τὸν
1566 822 1957 898 παντοδύναμον

301 917 400 972 καὶ
454 917 833 984 παντεπόπτην
888 918 1108 985 εὖήκοον
1165 916 1254 971 καὶ
1299 912 1513 994 ἡμέρως
1580 910 1953 991 ἐπιϐλέποντα,

301 1003 432 1060 ἀλλ’
460 1007 583 1085 οὐχὶ
622 1008 711 1062 καὶ
756 1004 1002 1083 ὀργίλως,
1079 1005 1257 1082 ὥσπερ
1311 1005 1441 1082 πρὸς
1477 1003 1591 1063 τοὺς
1633 999 1955 1063 κακοποίους

305 1094 372 1149 Εἰ
399 1091 454 1149 δὲ
481 1102 655 1167 τοῦτο,
688 1095 765 1158 τίς
797 1098 826 1151 6
876 1093 1159 1167 δυνάμενος
1230 1096 1470 1148 κακῶσαι
1539 1093 1674 1166 ὑμᾶς
1709 1110 1725 1169 ;
1790 1092 1847 1147 Εἰ
1900 1089 1955 1145 δὲ

300 1182 398 1237 καὶ
422 1180 606 1257 θλῖψις
636 1182 945 1261 ἐπενεχθείη
973 1182 1099 1255 ὑμῖν
1130 1193 1247 1242 τοῖς
1305 1186 1399 1237 τοῦ
1462 1179 1659 1257 ἀγαθοῦ
1713 1176 1952 1257 ἐργάταις

298 1271 394 1325 καὶ
449 1284 738 1346 μιμηταῖς,
796 1270 874 1346 μὴ
934 1269 1274 1347 ὁλιγωρεῖτε,
1332 1268 1550 1347 χαίρετε
1607 1264 1686 1342 δὲ,
1748 1272 1953 1344 πρῶτον

302 1359 408 1426 μὲν
437 1357 517 1415 ὅτι
545 1364 606 1419 οὐ
632 1362 771 1417 κακὰ
811 1369 995 1438 ταῦτα,
1069 1356 1251 1415 ἔπειτα
1297 1355 1379 1413 ὅτι
1434 1358 1522 1412 καὶ
1591 1355 1837 1433 μακάριοι
1869 1354 1953 1409 διὰ

299 1457 492 1518 ταῦτα,
527 1447 646 1504 ἀλλ’
685 1451 808 1528 obl!
860 1447 1052 1509 ἄθλιοι.
1108 1449 1200 1503 Διὸ
1243 1446 1297 1502 ἐν
1340 1458 1463 1511 ταῖς
1514 1443 1750 1520 καρδίαις
1806 1444 1952 1519 ὑμῶν

300 1537 403 1591 τὸν
430 1539 557 1594 Θεὸν
600 1539 922 1615 ἁγιάζοντες,
982 1537 1074 1591 τὸν
1131 1534 1453 1615 ανθρώπινον
1509 1531 1670 1612 φόϐον
1716 1532 1793 1607 μὴ
1849 1555 1951 1610 ipo-

298 1621 514 1699 δεῖσθε,
554 1612 689 1701 μηδὲ
744 1626 1082 1705 ταράσσεσθε,
1149 1612 1383 1681 ’Ἐσεσθε
1466 1624 1555 1679 καὶ
1611 1622 1809 1695 ἕτοιμοι
1867 1626 1952 1675 καὶ

296 1715 438 1792 πρὸς
481 1714 766 1792 ἀπολογίαν
820 1713 905 1770 ἀεὶ
951 1721 1042 1770 τοῦ
1099 1714 1255 1769 παντὶ
1312 1734 1388 1786 τῳ
1430 1710 1758 1791 ἐπερωτῶντι
1815 1710 1948 1784 ὑμᾶς

2040 571 2137 613 me
2167 552 2604 628 dicam,omnes
2635 553 2762 613 sitis
2796 554 3109 616 unanimes
3134 563 3194 617 et
3218 564 3451 633 caetera,
3484 556 3688 620 scien-

2041 647 2129 702 tes
2150 642 2303 721 quod
2330 642 2400 701 ad
2429 643 2540 703 lioc
2561 642 2748 703 vocati
2783 642 2931 713 sitis,
2962 651 3026 705 ut
3057 642 3448 717 benedicatis,
3483 646 3541 707 id
3574 653 3686 722 est,

2041 729 2112 789 ad
2144 729 2623 791 benedicendum
2684 730 2980 792 omnibus.
3016 730 3111 792 Ait
3142 733 3303 794 enim
3334 744 3394 796 et
3423 734 3635 798 Paulus
3668 752 3683 798 :

2046 818 2423 880 «Benedicite
2447 819 2941 900 persequentibus
2968 838 3069 881 vos
3094 823 3158 873 55
3189 823 3348 886 »Ηοο
3365 832 3565 887 autem
3595 825 3688 886 fa-

2040 906 2264 967 cientes
2288 907 2665 969 hzereditario
2685 908 2821 986 jure
2847 909 3227 988 possidebitis
3258 931 3496 986 nomen,
3524 921 3587 974 ut
3613 911 3687 975 ab

2038 995 2312 1055 omnibus
2332 996 2583 1057 audiatis
2605 996 3271 1079 Benediceutes.Neque
3286 1000 3443 1061 enim
3458 1001 3687 1080 justum

2040 1091 2127 1145 est
2156 1084 2323 1146 illum
2385 1085 2485 1164 qui
2538 1096 2778 1145 {sternte
2831 1085 2961 1146 vita;
3007 1086 3292 1160 adhaeret,
3326 1087 3524 1168 lingua
3552 1088 3686 1151 cui-

2038 1192 2210 1253 quam
2236 1174 2459 1235 inferre
2489 1173 2846 1236 convicium.
2894 1174 3214 1255 Propterea
3238 1195 3473 1258 quoque
3502 1178 3685 1239 David

2035 1263 2315 1323 admonet
2346 1263 2606 1341 linguam
2637 1261 2856 1323 habere
2875 1282 3127 1343 purama
3147 1266 3412 1329 c0nvicio
3431 1285 3565 1328 eum
3582 1266 3688 1348 qui

2035 1351 2255 1413 amanti
2285 1351 2483 1411 animo
2514 1352 2763 1412 affectus
2793 1352 2868 1412 sit
2890 1354 2959 1412 ad
2996 1370 3189 1414 veram
3219 1353 3418 1430 vitam,
3456 1363 3569 1419 etc.
3603 1355 3687 1417 Ita

2038 1456 2291 1520 namque
2353 1440 2680 1520 praeparati,
2742 1439 3036 1503 habebitis
3114 1442 3580 1522 omnipotentem
3630 1452 3690 1508 et

2035 1530 2296 1589 omnium
2320 1529 2712 1609 inspectorem
2732 1528 3155 1610 obsequentem
3173 1530 3549 1613 benigneque
3568 1532 3688 1595 ins-

2039 1627 2524 1696 pectantem,non
2560 1628 2723 1680 torvo
2754 1629 2852 1680 aut
2885 1624 3031 1682 irato
3063 1622 3687 1704 animo,quemadmo-

2035 1706 2173 1766 dum
2206 1707 2466 1767 intuetur
2494 1725 2595 1767 eos
2648 1708 2748 1787 qui
2781 1708 2931 1769 mala
2961 1719 3298 1789 operantur.
3334 1711 3498 1783 Quod
3529 1713 3581 1773 si
3607 1713 3689 1776 ita

298 1803 550 1879 περὶτῆς
574 1801 690 1860 καθ’
717 1806 852 1879 ὑμᾶς
934 1799 1141 1864 ἐλπίδος
1198 1798 1480 1860 ἀποδοῦναι
1534 1799 1718 1879 λόγον.
1780 1798 1946 1855 Ἀπο-

2036 1795 2314 1887 εἰμιιιιίεΔ
2336 1795 2549 1887 poterit
2594 1814 2697 1856 vos
2719 1798 2915 1887 malis
2945 1799 3187 1887 afficere
3203 1799 3235 1858 ?
3259 1798 3423 1870 Quod
3441 1800 3491 1861 si
3508 1801 3684 1864 etiam

300 1888 485 1948 δοῦναι
515 1890 568 1948 δὲ
600 1894 726 1967 μετὲ
753 1900 845 1949 τοῦ
890 1894 978 1949 καὶ
1017 1890 1201 1970 πρᾶξιν
1272 1888 1648 1946 ἐπιδείκνυσθαι
1722 1888 1943 1966 ἀγαθήν.

2035 1882 2271 1943 aﬂlictio
2301 1883 2589 1944 inferatur
2644 1883 2808 1945 vobis
2858 1884 2999 1945 dum
3030 1884 3308 1948 bonitatis
3339 1896 3686 1967 operatores

302 1979 496 2057 Πρᾴως
525 1982 623 2060 γὰρ
650 1988 804 2038 τοῦτο
867 1981 955 2036 καὶ
1014 1978 1129 2055 μετ’
1179 1978 1469 2037 ἐπιεικείας
1501 1985 1798 2055 ποιοῦντες,
1831 1977 1946 2031 τότε

2035 1982 2093 2033 et
2143 1972 2470 2035 imitatores
2522 1973 2683 2047 estis,
2751 1991 2823 2033 ne
2874 1974 3006 2035 sitis
3053 1975 3263 2054 pusillo
3312 1976 3531 2051 animo,
3576 1978 3685 2040 sed

300 2067 523 2131 ἑαυτοῖς
554 2067 835 2126 συνειδέναι
859 2068 1180 2125 πιστώσεσθε
1250 2068 1444 2144 ἀγαθὰ,
1518 2068 1606 2122 καὶ
1667 2067 1787 2127 τοὺς
1848 2087 1946 2120 πο-

2033 2060 2330 2137 gaudete;
2389 2060 2643 2139 primum
2699 2060 2962 2140 quidem,
3015 2062 3171 2141 quod
3227 2063 3351 2125 haec
3383 2083 3501 2125 non
3531 2065 3686 2127 mala

298 2157 469 2234 νηρέις
494 2161 609 2237 περὶ
636 2161 780 2235 ὑμῶν
853 2157 1077 2238 ἔχοντας
1152 2154 1447 2230 ὑπολήψεις
1517 2166 1946 2233 καταισχυνεϊτε.

2033 2147 2152 2208 sint
2180 2167 2194 2207 :
2219 2148 2654 2238 d_einde_etian_i,
2689 2150 2844 2238 quod
2899 2158 3140 2230 propter
3160 2152 3271 2212 ista
3290 2151 3445 2214 beati
3467 2152 3598 2214 sitis
3624 2162 3684 2217 et

303 2268 336 2300 α
414 2234 713 2315 Συνείδησιν
769 2234 985 2327 ἔχοντες
1042 2246 1269 2323 ἀγαθήν.
1321 2266 1394 2327 »η
1424 2244 1723 2323 Τουτέστιν,
1786 2243 1946 2320 ἀγαθᾶ

2036 2254 2152 2296 non
2188 2236 2390 2296 miseri
2438 2234 2575 2297 Ideo
2601 2236 2785 2297 Deum
2806 2237 2864 2297 in
2886 2238 3167 2299 cordibus
3180 2240 3396 2301 vestris
3412 2241 3680 2306 sanctiﬁ-

298 2334 519 2398 ἑαυτοῖς
562 2322 874 2399 συνειδότες,
921 2333 1039 2390 ἄλλ’
1067 2322 1128 2390 οὗ
1158 2333 1319 2395 κακά,
1358 2322 1577 2411 “Ὠσπερ
1621 2335 1672 2387 αἱ
1701 2322 1946 2411 βλασφη-

2035 2332 2341 2396 cantes,ne
2366 2325 2706 2386 terreamini
2745 2326 3001 2387 humano
3025 2331 3237 2390 timore
3264 2347 3459 2409 neque
3476 2329 3707 2409 turbo:

297 2432 524 2496 μοῦντες
587 2427 722 2500 ὑμᾶς
793 2423 1089 2502 βούλονται.
1184 2443 1233 2501 ι,
1298 2424 1358 2479 Οἱ
1451 2420 1852 2500 ἐπηρεάζοντες.
1921 2442 1946 2473 ι

2039 2414 2351 2476 mini.Sitis
2381 2423 2574 2475 autem
2604 2423 2664 2475 et
2697 2415 2880 2495 parati
2909 2417 2981 2476 ad
3011 2417 3494 2496 respondendum
3515 2437 3678 2481 sem-

301 2508 450 2567 Ἀντὶ
479 2520 592 2591 τοῦ,
623 2498 672 2569 οἱ
709 2498 1182 2592 λογοπραγοῦντες,
1228 2498 1291 2566 ὀἱ
1347 2498 1570 2588 πικρῶς
1600 2508 1946 2578 ἐξετάζοντες,

2035 2522 2142 2583 per
2171 2503 2413 2564 cuilibet
2450 2504 2837 2583 interroganti
2858 2522 2981 2579 vos,
3010 2513 3071 2565 ut
3098 2506 3361 2569 reddatis
3389 2507 3679 2569 rationem

298 2598 383 2659 de
409 2617 513 2680 spe
546 2618 678 2681 quae
703 2602 858 2682 apud
890 2620 991 2662 vos
1022 2608 1135 2663 est.
1171 2597 1457 2662 Reddatis
1486 2605 1682 2658 autem
1732 2613 1852 2657 una
1896 2613 2030 2656 cum
2072 2592 2437 2682 exhibitione
2496 2592 2664 2653 bona:
2696 2593 2966 2654 actionis.
3000 2593 3062 2655 Id
3093 2595 3251 2656 enim
3284 2603 3591 2658 mansuete
3621 2602 3682 2657 et

299 2705 443 2748 cum
475 2681 835 2768 benignitate
865 2689 1171 2769 facientes,
1228 2685 1659 2749 conﬁrmabitis
1715 2693 1856 2746 tunc
1916 2684 2069 2745 bene
2130 2681 2441 2760 vobisipsis
2498 2699 2629 2744 esse
2687 2685 2981 2757 conscios,
3015 2692 3073 2743 et
3104 2702 3206 2745 eos
3234 2684 3338 2764 qui
3370 2702 3576 2764 pravas
3603 2684 3681 2747 de

295 2774 472 2836 vobis
499 2776 719 2839 habent
741 2778 1114 2859 suspiciones
1148 2776 1557 2858 pudefacietis.
1621 2797 1644 2831 ιι
1682 2771 2121 2838 Conscientiam
2155 2769 2436 2831 habentes
2487 2774 2718 2832 bonam.
2763 2769 2945 2850 »ἰΗοο
2978 2780 3086 2846 est,
3122 2771 3262 2832 dum
3294 2772 3448 2834 bene
3477 2771 3679 2834 vobis-

296 2864 451 2945 ipsis
479 2866 699 2927 conscii
731 2867 872 2929 estis
902 2875 961 2928 et
988 2885 1107 2928 non
1139 2866 1314 2943 male,
1347 2863 1850 2946 quemadmodum
1882 2861 1968 2922 illi
1998 2860 2095 2940 qui
2145 2878 2244 2919 vos
2303 2859 2757 2921 calumniantur.
2828 2884 2854 2914 κ
2891 2861 2964 2922 Hi
2994 2859 3093 2941 qui
3124 2860 3432 2922 incessunt
3490 2885 3518 2916 ι
3552 2860 3678 2923 Ηοο

301 2963 426 3029 est,
460 2955 559 3035 qui
586 2954 784 3018 verbis
812 2956 1114 3034 negotium
1146 2956 1465 3028 facessunt,
1496 2953 1714 3015 acerbe
1743 2951 2112 3029 indagantes.

392 3066 421 3099 σ
452 3054 703 3124 Κρεῖττον
750 3046 850 3125 γὰρ
900 3045 1367 3124 ἀγαθοποιοῦντας,
1429 3045 1473 3099 εἰ
1539 3042 1680 3100 θέλοι
1738 3044 1798 3098 τὸ
1855 3043 1939 3097 θέ-

2112 3035 2211 3111 ΙΙΙ,
2251 3038 2337 3098 l7.
2384 3039 2477 3097 18.
2513 3039 2774 3100 Prwstat
2823 3038 2987 3099 enim
3019 3045 3082 3101 ut
3137 3039 3595 3118 benefacienlcs,
3621 3038 3680 3102 si

297 3131 456 3209 λημα
524 3143 616 3193 τοῦ
686 3141 835 3205 Θεοῦ,
920 3135 1193 3213 πάσχειν,
1231 3134 1268 3199 ἢ
1357 3142 1792 3204 κακοποιοῦντας,
1864 3130 1943 3186 ὅτι

2030 3127 2176 3188 velit
2212 3128 2320 3186 Dei
2350 3126 2651 3200 voluntas,
2674 3127 2852 3189 malis
2883 3128 3247 3206 afﬁciamini
3275 3146 3456 3206 quam
3479 3127 3676 3191 male-

292 3222 390 3277 καὶ
458 3223 680 3301 Χριστὸς
756 3221 893 3288 ἅπαξ
964 3223 1094 3299 ὑπὲρ
1192 3221 1458 3300 ἀμαριιῶν
1567 3219 1776 3294 ἔπαθεν,
1864 3217 1945 3274 δί-

292 3331 454 3373 καιος
534 3312 663 3390 ὑπὲρ
750 3310 962 3385 ἀδίκων,
1063 3310 1151 3368 ἵνα
1262 3312 1404 3383 ἡμᾶς
1473 3308 1787 3388 προσαγάγῃ
1870 3313 1947 3381 τῷ

303 3405 452 3478 Θεῷ,
533 3401 843 3464 θανατωθεὶς
914 3400 1012 3477 μὲν
1081 3399 1255 3477 σαρκὶ,
1338 3398 1677 3468 ζωοποιηθεὶς
1761 3396 1815 3453 δὲ
1871 3405 1947 3472 τῷ

304 3488 593 3562 πνεύματι,
619 3511 648 3544 ι

390 3566 452 3631 Ἠ
484 3575 778 3656 αἰτιολογία
831 3576 986 3650 αὕτη,
1024 3580 1083 3635 οὐ
1138 3578 1269 3655 πρὸς
1336 3575 1404 3630 τὰ
1455 3576 1739 3654 προσεχῶς
1797 3575 1946 3653 εἴρη-

296 3664 459 3743 μένα,
493 3663 628 3725 ἀλλὰ
657 3666 789 3743 πρὸς
817 3666 884 3721 τὰ
952 3666 1139 3745 μικρὸν
1197 3664 1464 3743 ἀνωτέρω,
1512 3661 1589 3719 ὅτι
1634 3665 1691 3719 Εἰ
1721 3664 1808 3719 καὶ
1837 3664 1946 3718 πά-

294 3774 489 3832 σχοιτε
531 3751 616 3809 διὰ
640 3752 1001 3832 δικαιοσύνην,
1031 3753 1277 3832 μακάριοι
1311 3752 1453 3827 ἐστὲ,
1512 3750 1642 3807 διότι
1699 3763 1939 3840 κρεῖττρν

295 3842 749 3920 ἀγαθοποιοῦντας
807 3844 1042 3923 πάσχειν
1095 3844 1273 3906 κακῶς
1316 3840 1351 3909 ἢ
1404 3847 1841 3903 κακοποιοῦντας.
1896 3846 1938 3894 Η

294 3930 354 3988 εἴ
409 3952 490 3993 τις
540 3933 669 4011 πρὸς
722 3934 808 4013 τὸ,
855 3938 1139 4011 προσεχιῖκ
1192 3932 1291 3997 τὴν
1333 3928 1648 4006 αἰτιολογίαν
1705 3928 1942 4004 βούλοιτο

292 4018 622 4097 ἀποδιδόναι,
674 4023 758 4101 τὸ,
831 4021 1336 4100 Ἀγαθοποιοῦντας,
1407 4020 1530 4098 οὐχὶ
1590 4020 1719 4096 πρὸς
1772 4016 1946 4097 ἕτερον

294 4112 411 4191 χρὴ
491 4107 777 4185 λαμϐάνειν
832 4114 1194 4190 εὐεργετικως,
1289 4106 1407 4164 ἀλλ’
1478 4105 1774 4180 ἆπολύτως,
1835 4107 1946 4167 ἀντὶ

421 4199 618 4278 ’Λγαθὰ
686 4198 1089 4279 ἐργαζομένους,
1166 4193 1437 4262 Ὡσαύτως
1493 4198 1581 4253 καὶ
1637 4197 1698 4251 τὸ
1764 4206 1945 4253 Κακο-

293 4299 601 4351 ποιοῠντας,
648 4289 963 4365 Προστίθησι
1005 4286 1061 4344 δὲ
1116 4290 1202 4368 τὸ,
1270 4306 1292 4343 ι
1330 4287 1388 4343 Εἰ
1430 4283 1569 4341 θέλοι
1627 4286 1687 4340 τὸ
1737 4283 1942 4351 θέλημα

292 4385 393 4434 τοῦ
449 4385 656 4451 Θεου,)
720 4374 920 4441 δεικνὺς
977 4377 1057 4433 ὃτι
1110 4375 1254 4435 οὐδὲν
1311 4373 1432 4432 ἄνευ
1505 4378 1602 4441 τῆς
1664 4380 1755 4429 τοῦ
1813 4374 1943 4431 Θεοῦ

292 4467 465 4545 ῥοπῆς
495 4467 565 4531 εἷς
594 4468 735 4541 ἡμᾶς
792 4467 1014 4545 γίνεται,
1065 4463 1183 4521 ἀλλ’
1241 4464 1277 4532 ἢ
1335 4460 1419 4518 διὰ
1487 4462 1755 4541 ἁμαρτιῶν
1811 4486 1941 4520 κου-

292 4557 511 4636 φισμὸν,
544 4554 688 4623 ἢδιὰ
731 4554 1014 4633 ἀνάρρησιν
1067 4557 1154 4612 καὶ
1196 4552 1345 4619 δόξαν
1394 4553 1574 4647 ἡξῶν,
1628 4552 1664 4619 ἢ
1721 4554 1811 4608 καὶ
1870 4554 1939 4613 εἰς

296 4644 491 4723 ἐτέρων
537 4645 819 4722 σωτηρίαν.
893 4653 1058 4701 Τολτο
1086 4642 1140 4700 δὲ
1172 4642 1363 4703 διττόν.
1454 4642 1510 4699 Ἠ
1553 4642 1652 4720 γὰρ
1694 4642 1945 4697 κακοὺτιί

292 4755 378 4796 τις
443 4730 641 4797 δίκαιος
697 4733 826 4810 πρὸς
887 4734 1252 4812 σωφρονισμὸν
1338 4729 1527 4810 ἐτέρων
1585 4730 1935 4809 ἁμαρτωλῶν,

294 4822 473 4883 καθὼς
502 4819 737 4899 εἴρηται,
764 4821 808 4876 εἰ
837 4823 866 4877 6
908 4817 1106 4886 δίκαιος
1157 4818 1311 4895 μόλις
1383 4820 1625 4891 σώζεται,
1680 4821 1707 4874 6
1761 4820 1937 4898 ἁμαρ-

294 4908 470 4972 τωλὸς
499 4909 601 4966 ποῦ
628 4908 874 4989 φανεῖται
899 4928 916 4989 ;
944 4911 1040 4967 Καὶ
1070 4916 1224 4966 τοῦτο
1264 4906 1320 4964 δὲ
1350 4906 1537 4964 διττὼν
1579 4907 1815 4986 ἐμφαίνει
1839 4910 1936 4975 τὴν

295 4998 581 5080 ὠφέλειαν,
612 5005 689 5073 τῷ
743 5000 839 5073 μὲν
907 5000 1171 5079 πάσχοντι
1228 4996 1431 5072 δικαίῳ,
1479 4998 1783 5075 προσθήκην
1851 4996 1936 5053 δι-

291 5089 579 5153 καιοσύνης
646 5086 730 5143 διὰ
804 5093 902 5156 τῆς
955 5090 1251 5164 ὑπομονῆς,
1323 5093 1401 5161 τῷ
1495 5084 1549 5141 δὲ
1617 5084 1937 5165 ἐπιστροφὴν

299 5181 492 5258 ὁρῶντι
536 5175 860 5255 ἁμαρτωλῷ,
894 5177 1217 5257 ἐπιστροφὴν
1247 5175 1421 5240 καθώς
1452 5175 1699 5249 εἴπομεν,

384 5423 442 5504 ⁷’11
471 5444 560 5504 οὖν
576 5442 662 5502 διὰ
687 5450 847 5504 ταῦτα
876 5445 1077 5525 πάσχει
1107 5440 1329 5523 δίκαιος,
1388 5441 1424 5512 ἢ
1482 5442 1571 5498 καὶ
1618 5439 1683 5497 δι’
1742 5442 1930 5520 ἑτέρων

370 5617 435 5670 85
460 5614 634 5678 Rom.
670 5629 773 5690 xu,
814 5614 909 5676 H.

727 5742 981 5802 PATROL.
1028 5739 1141 5800 Gn.
1189 5736 1397 5798 CXIX.

2025 3217 2317 3293 ﬁwz‘enles
2348 3232 2361 3276 :
2394 3216 2877 3294 quandoquidem
2918 3224 2973 3278 et
3028 3215 3301 3277 Christus
3349 3216 3530 3278 semel
3554 3234 3675 3296 pro

2021 3308 2284 3386 peccatis
2308 3323 2523 3386 passus
2567 3306 2708 3383 fuit,
2737 3309 2948 3382 justus
2998 3324 3114 3385 pro
3168 3308 3436 3383 iniustis,
3470 3315 3535 3368 ut
3566 3324 3675 3369 nos

2028 3394 2349 3456 adduceret
2408 3398 2540 3463 Deo,
2601 3394 3005 3472 vniortificatus
3059 3394 3303 3473 quidem
3331 3410 3540 3468 carne,
3572 3394 3673 3456 sed

2029 3484 2375 3560 viviﬁcatus
2404 3483 2655 3561 spiritu.

2112 3572 2247 3632 Hinc
2280 3580 2364 3631 est
2389 3589 2580 3631 causm
2603 3568 2856 3631 redditio
2890 3588 3005 3630 non
3027 3569 3100 3630 ad
3126 3588 3192 3631 ea
3215 3588 3345 3650 quas
3366 3570 3673 3634 immedia-

2033 3668 2089 3721 te
2120 3661 2275 3719 dicta
2299 3660 2566 3732 sunt,sed
2590 3658 2661 3718 ad
2697 3676 2764 3719 ea
2794 3677 2924 3737 qua:
2947 3659 3119 3737 paulo
3151 3659 3448 3740 superius,
3483 3670 3620 3741 puta
3651 3684 3666 3722 :

2031 3750 2087 3812 Si
2122 3748 2260 3828 quid
2322 3748 2625 3828 patiamini
2660 3757 2900 3827 propter
2930 3748 3243 3826 justitiam,
3299 3749 3450 3810 beati
3479 3754 3619 3812 estis
3651 3770 3665 3810 :

2027 3847 2268 3918 praestat
2299 3836 2455 3897 enim
2492 3837 3025 3915 utbenet’acieutes
3075 3839 3247 3899 malis
3275 3839 3405 3897 5H
3444 3838 3671 3902 allicia-

2032 3926 2175 3987 mini
2208 3944 2380 4006 quam
2442 3926 2900 3990 malefacientes.
2955 3933 3071 3988 Aut
3120 3927 3170 3987 si
3226 3928 3357 4008 quis
3409 3928 3545 3988 velit
3599 3928 3673 3991 ad

2034 4016 2373 4076 immediate
2406 4016 2747 4094 przecedens
2780 4035 2970 4077 causa:
2990 4017 3387 4079 rcdditionem
3416 4018 3667 4081 referre:

2030 4104 2183 4185 quod
2220 4104 2438 4165 dicitur
2470 4106 2940 4179 Benefacientes,
2988 4124 3105 4167 non
3137 4115 3372 4186 oportet
3393 4108 3671 4188 accipere

2030 4203 2092 4255 ut
2113 4196 2185 4255 sit
2216 4195 2289 4255 de
2312 4194 2425 4254 alio
2451 4194 3060 4273 bene,merendo.sed
3095 4194 3382 4276 absolute,
3418 4197 3530 4259 hoc
3560 4206 3671 4281 est,

1968 4332 2007 4381 ο
2031 4284 2184 4344 bona
2211 4292 2568 4381 operantes.“
2592 4282 2877 4344 Similiter
2905 4293 2962 4343 et
3019 4285 3467 4381 maleﬁcientes.
3496 4288 3675 4349 Addit

2026 4371 2352 4434 autem:«Si
2374 4372 2505 4432 velit
2533 4371 2633 4432 Dei
2666 4375 2952 4442 voluntas,
2972 4396 2989 4427 ι
3021 4374 3507 4453 ostendensquod
3524 4377 3674 4438 nihil

2025 4464 2247 4542 absque
2282 4464 2383 4522 Dei
2416 4471 2561 4521 nutu
2590 4460 2746 4521 circa
2804 4479 2910 4521 nos
2968 4462 3276 4542 contingit,
3314 4465 3417 4522 sed
3459 4466 3549 4524 vel
3596 4465 3669 4526 ad

2028 4561 2402 4631 perditorum
2464 4551 2916 4624 alleviationem,
2976 4550 3063 4609 vel
3113 4552 3186 4610 ad
3223 4556 3580 4630 praeconium
3615 4560 3674 4612 et

2025 4642 2269 4720 gloriam
2307 4650 2587 4713 nostram,
2619 4647 2717 4699 aut
2771 4640 2948 4700 etiam
3008 4638 3081 4697 ad
3112 4639 3366 4700 aliorum
3398 4642 3668 4702 salutem.

2023 4731 2146 4792 Hoc
2165 4738 2355 4792 autem
2390 4729 2709 4809 dupliciter
2737 4729 3041 4805 contingit.
3068 4728 3183 4788 Aut
3204 4729 3361 4788 enim
3393 4728 3673 4807 afﬂigitur

2020 4820 2313 4899 quispiam
2339 4819 2537 4896 justus
2566 4819 2637 4876 ad
2684 4817 3135 4894 Castigationem
3166 4816 3415 4876 aliorum
3455 4836 3671 4897 pecca-

2022 4919 2213 4969 torum
2262 4905 2759 4986 quemadmodum
2819 4905 3044 4964 dictum
3079 4911 3169 4965 est
3220 4926 3232 4967 :
3267 4903 3327 4966 Si
3351 4907 3547 4983 justus
3578 4907 3670 4969 vix

2020 4998 2213 5058 salvus
2246 4995 2521 5072 efﬁcitur,
2569 5000 2845 5072 peccator
2891 4992 2991 5053 ubi
3050 4993 3410 5074 apparebit?
3458 4995 3528 5056 Et
3556 4997 3669 5058 hoc

2020 5104 2255 5167 quoque
2288 5082 2579 5163 duplicem
2607 5082 2846 5143 exhibet
2872 5081 3188 5142 utilitatem
3215 5084 3411 5161 :justo
3429 5085 3668 5165 quidem

2021 5177 2120 5257 qui
2147 5172 2441 5251 afﬂigitur,
2469 5170 2716 5249 justitiaa
2743 5177 3126 5250 augmentum
3167 5178 3409 5251 propter
3433 5174 3666 5253 patien-

2014 5267 2192 5333 tiam:
2224 5260 2517 5342 peccatori
2552 5270 2746 5321 autem
2766 5263 2864 5341 qui
2897 5260 3661 5345 intuetur,conversionem,

2018 5366 2079 5415 ut
2109 5353 2397 5413 diximus.

2094 5450 2207 5506 Aut
2236 5441 2412 5520 igitur
2442 5446 2689 5520 propter
2714 5442 2836 5503 haec
2866 5440 3085 5522 patitur
3115 5439 3310 5520 justus
3345 5449 3486 5503 :aut
3519 5458 3663 5522 pro-

3168 5733 3240 5797 18
