4180 6212
525 326 644 393 555

1653 328 2067 395 (ECUMENII
2112 327 2408 392 TRICCzE
2449 329 2785 396 EPISGOPI

3772 322 3894 391 .556

529 470 662 544 pter
678 463 927 528 aliorum
958 467 1230 548 salutem,
1262 463 1762 546 quemadmodum
1797 472 1853 526 et
1888 463 2152 527 Christus

2261 465 2544 541 σωτηρίαν,
2592 466 2764 529 καθὼς
2806 466 2894 521 καὶ
2950 466 2978 520 ὸ
3036 463 3282 543 Χριστός.
3342 464 3440 522 Καὶ
3494 462 3677 518 τούτου
3732 458 3894 538 χάριν

530 549 602 613 Ει
621 552 696 614 ob
709 553 769 616 id
792 556 1008 618 Petrus
1028 556 1203 617 etiam
1220 574 1378 616 nunc
1391 553 1553 615 addit
1569 552 1787 616 Christi
1812 552 2169 632 exemplum:

534 640 816 720 quoniam
853 652 910 704 et
952 643 1220 707 Christus
1262 662 1396 722 quae
1425 661 1630 724 passus
1658 649 1745 702 est
1774 661 1890 702 non
1918 660 2021 721 pro
2054 639 2177 700 suis

530 728 767 791 delictis
797 748 1003 810 passus
1037 740 1146 806 est,
1202 732 1302 793 sed
1360 749 1465 812 pro
1496 730 1735 791 nostris.
1767 728 1908 791 Ideo
1941 746 2175 809 quoque

532 816 840 897 subjungit
866 838 879 878 :
911 817 1115 881 Justus
1134 838 1236 900 pro
1261 817 1672 900 injustis.Nam
1693 818 1821 899 ipse
1839 817 1984 879 sicut
2005 825 2175 878 antea

521 923 630 987 per
642 908 988 988 prophetam
1003 909 1588 990 ostenditpeccatum
1604 904 2144 969 nonfecerat.Osten
2158 941 2171 951 -

530 993 676 1055 dens
696 1004 891 1057 autem
926 997 1056 1076 ejus
1073 997 1177 1077 qni
1201 1016 1406 1078 passus
1427 997 1533 1058 fuit
1554 994 1875 1058 efﬁcaciam
1894 1014 1961 1056 ac
1984 994 2169 1056 virtu-

528 1083 1022 1164 tem,subjungit:
1078 1085 1298 1147 Semel.
1338 1084 1546 1165 Tanta,
1580 1085 1790 1165 inquit,
1825 1084 1930 1145 fuit
1959 1085 2170 1145 virtute

523 1169 623 1251 qui
650 1190 755 1252 pro
771 1172 1110 1235 hominibus
1134 1193 1341 1255 passus
1369 1173 1498 1249 fuit,
1533 1183 1597 1234 ut
1620 1192 1953 1254 quanquam
1987 1172 2172 1234 multa

524 1259 738 1321 horum
755 1270 994 1341 peccata
1012 1262 1321 1323 offenderit
1336 1261 1777 1337 ,unicaDomini
1803 1261 1998 1341 passio
2018 1260 2172 1321 sufﬁ-

522 1346 689 1411 ciens
708 1348 964 1411 fueritad
989 1350 1428 1412 obtundendam
1447 1369 1685 1412 omnem
1699 1350 1812 1411 vim
1834 1358 2168 1411 nostrorum

523 1445 922 1517 peccatorum.
950 1438 1238 1511 Quoniam
1265 1439 1443 1518 igitur
1472 1457 1676 1520 passus
1699 1447 1787 1499 est
1813 1438 2175 1512 Christus,ut

522 1544 631 1587 nos
643 1526 906 1589 adDeum
929 1527 1221 1590 etPalrem
1236 1548 1405 1590 suum
1426 1528 2033 1600 adduceretbslendit
2048 1547 2168 1587 om-

518 1615 660 1677 nino
683 1615 838 1696 quod
862 1634 979 1677 non
1000 1635 1204 1679 omnes
1227 1617 1324 1698 qui
1346 1617 1918 1698 patiuntur,propter
1936 1637 1985 1696 ρι
2010 1624 2171 1677 ccata

517 1705 921 1786 patiuntur.Et
940 1707 1081 1786 quia
1101 1708 1323 1787 duplici
1361 1708 1536 1769 modo
1551 1706 1960 1768 consideratur
1991 1704 2163 1767 Chri-

519 1800 666 1867 stus,
692 1812 907 1874 nempe
936 1793 1092 1856 Deus
1110 1796 1371 1856 ethomo.
1408 1814 1609 1875 passus
1623 1793 2165 1874 quoqueduplicem

520 1881 695 1944 nobis
706 1885 951 1961 gratiam
966 1886 1229 1945 contulit.
1254 1883 1512 1945 Mortuus
1526 1883 1683 1945 enim
1700 1892 1970 1963 tanquam
1987 1883 2164 1942 homo

512 1968 785 2031 liberavit
802 1989 908 2031 nos
921 1990 954 2031 a
968 1979 1153 2033 morte
1167 1971 1975 2052 etcorruptione,innovando
1997 1968 2167 2029 nobis

519 2058 1052 2133 resurrectionem,
1087 2068 1147 2121 et
1171 2060 1364 2122 dando
1388 2079 1493 2140 per
1522 2079 1693 2121 suum
1723 2059 2166 2139 exemplum,ue

514 2146 941 2228 deincepssine
954 2166 1059 2228 spe
1079 2150 1539 2211 resurrectionis
1573 2149 1892 2211 morientes
1914 2148 2165 2209 subeant

512 2236 1144 2299 mortem.Viviﬁcatus
1194 2247 1413 2312 autem,
1446 2238 1557 2299 hoc
1606 2246 1714 2313 est,
1749 2254 2064 2317 resurgens
2092 2253 2162 2296 ex

504 2326 765 2386 mortuis
784 2325 999 2387 virtute
1019 2325 1337 2387 divinitatis
1349 2327 1628 2406 {surrexit
1644 2326 1802 2388 enim
1828 2345 1896 2387 ex
1912 2323 2162 2386 mortuis

517 2431 636 2474 non
661 2421 932 2493 tanquam
959 2414 1156 2491 homo,
1179 2416 1282 2477 sed
1307 2424 1580 2496 tanquam
1602 2415 1809 2495 Deus),
1836 2413 2160 2474 simulvitm

507 2499 765 2563 restituit
791 2520 1000 2564 omnes
1051 2502 1150 2583 qui
1180 2503 1240 2565 in
1271 2503 1503 2565 inferno
1536 2512 1720 2579 erant,
1757 2522 1873 2564 una
1893 2500 2153 2563 resusci-

517 2597 648 2652 tans
674 2608 898 2651 secum.
934 2591 1120 2653 Multa
1180 2611 1434 2673 namque
1463 2592 1601 2653 512
1634 2611 1887 2672 corpora
1915 2599 2152 2652 sancto-

511 2696 643 2739 rum
676 2677 774 2758 qui
806 2677 1171 2741 dormierant
1229 2682 1477 2743 excitata
1506 2689 1662 2754 sunt,
1688 2681 1856 2760 juxta
1885 2687 2153 2741 sanctum

512 2766 1156 2847 evangelistam,etvisa
1169 2780 1304 2831 sunt
1318 2769 1811 2832 amulti555*.Sed
1830 2768 1927 2830 ubi
1949 2770 2152 2829 hacte-

2256 552 2344 607 καὶ
2370 551 2564 631 Πέτρος
2595 553 2903 633 προστίθησι
2933 560 3018 610 νῦν
3061 555 3124 608 τὸ
3152 562 3243 610 106
3299 553 3522 630 Χριστοῦ
3577 544 3890 624 ὑπόδειγμα,

2257 637 2337 695 ὅτι
2367 641 2453 697 καὶ
2524 643 2746 720 Χριστὸς
2804 642 2938 721 ἅπερ
2996 641 3206 714 ἔπαθεν,
3267 640 3370 719 ούχ
3426 640 3557 717 ὑπὲρ
3628 639 3893 714 ἁμαρτιῶν

2246 728 2459 783 οἰκείων
2487 727 2697 804 ἔπαθεν,
2732 729 2852 787 ἀλλ’
2909 730 3040 809 ὑπὲρ
3095 735 3201 787 τῶν
3258 728 3551 806 ἡμετέρων,
3634 726 3726 781 Διὸ
3806 724 3893 778 καὶ

2254 815 2462 895 ἐπάγει,
2500 820 2710 882 Δίκαιος
2738 820 2867 897 ὑπὲρ
2917 817 3126 875 ἀδίκων.
3190 820 3354 882 Αὐτὸς
3413 818 3536 895 γὰρ,
3596 816 3668 877 ὡς
3723 810 3891 869 κατό-

2252 928 2341 961 πιν
2384 904 2468 962 διὰ
2494 913 2587 963 106
2615 909 2885 988 προφήτου
2927 905 3211 980 ἀπέδειξεν,
3247 906 3501 986 ἁμαρτίαν
3589 908 3683 963 οὒκ
3751 901 3891 957 ἐποί-

2252 1016 2372 1062 ησε.
2412 996 2623 1061 Δεικνὸς
2653 995 2798 1053 δὲτὸ
2860 1004 2951 1054 τοῦ
3004 998 3258 1061 παθόντος
3315 994 3623 1074 δραστήριόν
3690 1013 3749 1048 τε
3804 992 3891 1046 καὶ

2251 1082 2488 1159 δυνατὸν,
2548 1085 2779 1165 ἐπιφέρει
2849 1088 2910 1142 τὸ
2964 1084 3162 1150 ⁰Απαξ,
3233 1086 3473 1151 Τοσαύτη
3530 1084 3647 1161 γὰρ,
3707 1081 3889 1160 φησὶν,

2252 1174 2477 1254 ὑπῆρξεν
2505 1177 2539 1243 ἡ
2600 1183 2691 1232 106
2750 1178 3003 1239 παθόντος
3062 1174 3276 1251 δύναμις
3331 1176 3458 1252 ὑπὲρ
3508 1180 3614 1230 τῶν
3683 1170 3890 1250 ἀνθρώ-

2252 1287 2387 1343 πων,
2447 1265 2582 1321 ὥστε
2636 1267 2678 1321 εἷ
2742 1268 2828 1322 καὶ
2886 1264 3056 1322 πολλά
3134 1266 3200 1320 τὰ
3283 1265 3639 1343 ἁμαρτήματα
3691 1260 3890 1317 τούτων

2252 1352 2699 1430 κατελαμϐάνετο,
2735 1354 2788 1410 ἓν
2843 1357 3005 1431 μόνον
3062 1353 3279 1433 ἀρκέσαι
3338 1356 3501 1416 πάθος
3554 1352 3648 1408 106
3704 1348 3891 1427 Κυρίου

2253 1450 2426 1500 πᾶσαν
2455 1441 2789 1518 ἀπαμϐλῦναι
2818 1444 2916 1500 τὸν
2956 1441 3171 1517 δύναμιν
3231 1442 3337 1497 τῶν
3392 1439 3667 1519 ἡμετέρων
3722 1438 3891 1515 ἁμαρ-

2255 1532 2530 1607 τημάτων,
2570 1526 2714 1589 Ἐπεὶ
2744 1532 2832 1588 οὖν
2880 1531 3008 1608 ὑπὲρ
3064 1533 3161 1598 τῆς
3217 1532 3371 1605 ἡμῶν
3428 1530 3558 1599 πρὸς
3625 1528 3716 1582 τὸν
3760 1525 3889 1582 Θεὸν

2251 1623 2340 1676 καὶ
2370 1620 2575 1700 Πατέρα
2635 1620 2792 1677 αύτοῦ
2860 1620 3214 1698 προσαγωγῆς
3285 1618 3496 1696 ἔπαθεν,
3567 1613 3753 1681 ἔδειξεν
3806 1613 3889 1668 ὅτι

2252 1711 2311 1766 ού
2338 1710 2545 1775 πάντως
2604 1710 2795 1773 πάντες
2849 1711 2894 1764 οἱ
2952 1708 3249 1787 πάσχοντες
3302 1705 3367 1762 δι’
3441 1706 3698 1785 ἁμαρτίας
3772 1704 3883 1759 πά·-

2250 1820 2463 1878 σχουσι.
2500 1801 2597 1855 Καὶ
2640 1795 2820 1863 ἐπειδὴ
2867 1795 3078 1861 διπλοῦς
3110 1799 3137 1852 ὁ
3195 1798 3436 1875 Χριστὸς,
3484 1796 3614 1858 Θεὸς
3669 1792 3756 1849 καὶ
3784 1790 3883 1845 ἅν-

2247 1890 2477 1966 θρωπος,
2509 1884 2699 1952 διπλῆν
2730 1887 2817 1943 καὶ
2874 1886 2970 1951 τὴν
2999 1885 3158 1964 χάριν
3207 1885 3342 1959 ἡμῖν
3387 1882 3625 1961 παρέσχε
3678 1878 3883 1941 παθών,

2249 1973 2552 2032 Ἀποθανὼν
2604 1977 2702 2053 γὰρ
2746 1977 2818 2038 ὼς
2878 1972 3167 2050 ἄνθρωπος,
3238 1970 3538 2042 ἀπήλλαξεν
3594 1972 3736 2045 ἡμᾶς
3792 1975 3887 2024 106

2246 2065 2467 2120 θανάτου
2490 2066 2578 2120 καὶ
2606 2068 2703 2129 τῆς
2735 2066 2950 2143 φθορᾶς,
2999 2065 3098 2127 τὴν
3154 2060 3437 2116 ἀνάστασιν
3504 2059 3639 2133 ἡμῖν
3708 2057 3886 2135 ἐγκαι-

2247 2152 2416 2229 νίσας,
2447 2154 2533 2208 καὶ
2587 2149 2703 2215 δοὺς
2769 2149 2853 2206 διὰ
2919 2158 3008 2206 τοῦ
3066 2150 3252 2208 ἑαυτοῦ
3301 2146 3614 2225 ὑπόδειγμα,
3661 2148 3734 2206 ὡς
3789 2149 3884 2203 οὔκ

2246 2240 2321 2298 ἔτι
2369 2244 2415 2298 οἱ
2488 2240 2907 2308 ἀποθνήσκοντες
2964 2236 3272 2294 ἀνέλπιστον
3347 2237 3675 2299 ἀναστάσεως
3730 2234 3881 2312 ὑπὲρ·

2244 2353 2431 2410 χονται
2472 2329 2691 2385 θάνατον
2725 2342 2739 2356 ⁰
2774 2328 3123 2393 Ζωοποιηθεὶς
3172 2323 3248 2405 δὲ,
3307 2322 3593 2393 τουτέστιν,
3651 2322 3877 2386 ἀναστὰς

2242 2421 2302 2476 ἐκ
2325 2423 2543 2496 νεκρῶν,
2617 2422 2686 2492 τῇ
2757 2415 2852 2482 τῆς
2907 2415 3153 2481 θεότητος
3222 2412 3454 2488 δυνάμει,
3513 2410 3723 2482 (ἀνέστη
3779 2411 3878 2488 γὰρ

2241 2508 2300 2564 ἐκ
2329 2513 2544 2586 νεκρῶν,
2579 2507 2683 2584 οὐχ
2736 2505 2808 2566 ὡς
2866 2502 3155 2583 ἄνθρωπος,
3216 2499 3332 2557 ἀλλ’
3383 2503 3455 2566 ὡς
3524 2498 3701 2579 Θεὸς.)
3749 2520 3876 2554 συν-

2240 2597 2563 2669 εζωοποίησε
2620 2606 2735 2656 τοῖς
2800 2592 2854 2647 ἐν
2909 2592 2985 2667 τῷ
3052 2588 3152 2667 ᾅδῇ
3216 2590 3609 2659 συναναστήσας
3680 2589 3867 2662 ἐαυτῷ.

2242 2684 2417 2742 [Ιολλά
2445 2685 2543 2763 γὰρ
2572 2683 2815 2760 σώματα,
2860 2682 2995 2736 κατὰ
3023 2681 3114 2735 τὸν
3164 2681 3307 2735 θετον
3339 2676 3737 2756 εὒαγγελιστὴν,
3768 2682 3872 2732 τῶν

2239 2772 2642 2849 κεκοιμημένων
2673 2770 2833 2849 ἁγίων
2861 2768 3081 2848 ἠγέρθη,
3114 2770 3202 2824 καὶ
3258 2765 3564 2846 ἐνεφανίσθη
3621 2763 3869 2830 πολλοῖς,

513 2873 625 2916 nus
648 2873 926 2916 sermone
958 2858 1247 2937 processit
1298 2868 1354 2919 et
1405 2860 1531 2920 haec
1565 2858 1840 2930 ostendit,
1874 2857 2159 2937 deinceps

2244 2863 2406 2921 Ἀλλὰ
2461 2868 2536 2936 τῷ
2590 2859 2735 2937 λόγῳ
2818 2857 2977 2937 μέχρι
3030 2856 3214 2911 τούτου
3262 2851 3459 2935 προϐὰς
3528 2855 3614 2910 καὶ
3683 2851 3871 2928 δείξας,

517 2944 795 3025 proponit
826 2946 1120 3022 quomodo
1156 2953 1426 3009 mortuus
1455 2947 1530 3007 iis
1553 2946 1839 3027 profuerit
1866 2954 1969 3027 qut
1990 2954 2159 3025 antea

2244 2950 2587 3032 προκειμένου
2642 2948 2850 3027 λοιπὸν,
2923 2948 3033 3011 πῶς
3108 2940 3384 3001 ἀποθανὼν
3454 2942 3699 3024 ὠφέλησε
3754 2944 3874 3008 τοὺς

516 3032 899 3121 dormierant.
940 3032 1127 3095 Simul
1146 3035 1324 3096 etiam
1346 3054 1477 3097 cum
1494 3036 1681 3097 multa
1702 3043 1860 3095 esset
1885 3034 2153 3112 quaestio,

2245 3029 2784 3121 προκεκοιμημένους,
2873 3034 2982 3110 ἅμα
3054 3032 3107 3088 δὲ
3176 3033 3265 3088 καὶ
3336 3033 3611 3103 ζητήσεως
3669 3029 3873 3121 πολλῆς

519 3121 569 3181 si
587 3120 662 3182 ob
688 3121 936 3183 salutem
975 3123 1242 3184 omnium
1277 3125 1585 3186 hominum
1618 3125 1766 3185 facta
1788 3132 1875 3185 est
1920 3122 2154 3184 Domini

2244 3119 2418 3203 ούσης,
2466 3130 2509 3183 εἰ
2565 3126 2649 3182 ἐπὶ
2715 3125 2949 3203 σωτηρίᾳ
3009 3122 3220 3179 πάντων
3290 3120 3572 3200 ἀνθρώπων
3625 3121 3660 3188 ἡ
3717 3119 3872 3176 ἐναν-

514 3208 864 3283 incarnatio,
899 3211 1137 3291 qualem
1166 3213 1357 3275 sortiti
1390 3220 1526 3274 sunt
1574 3213 1824 3275 salutem
1852 3212 1953 3292 qui
1984 3220 2158 3273 antea

2244 3220 2505 3301 θρώπησις
2573 3221 2665 3271 106
2724 3212 2928 3293 Κυρίου,
2994 3212 3152 3301 ποίας
3227 3208 3417 3289 ἔτυχον
3496 3208 3758 3301 σωτηρίας
3798 3209 3875 3301 -οἱ

514 3298 734 3360 mortui
764 3307 925 3379 sunt,
960 3308 1276 3382 utrumque
1310 3303 1634 3364 uno'modo
1664 3300 1949 3362 dissolvit.
1974 3309 2031 3362 et
2050 3301 2151 3374 ait,

515 3388 669 3467 quod
699 3406 859 3448 mors
910 3387 1145 3451 Domini
1188 3398 1504 3472 utrumque
1534 3390 1742 3452 horum
1778 3398 2015 3470 operata
2045 3399 2155 3464 est,

516 3493 682 3556 spem
744 3475 1017 3539 videlicet
1063 3478 1424 3559 operationis
1482 3498 1587 3561 per
1661 3480 1776 3542 hoc
1827 3477 1981 3558 quod
2034 3478 2161 3558 ipse

510 3570 998 3647 resurrexerit,et
1028 3586 1261 3629 rursum
1297 3588 1497 3631 eorum
1528 3568 1775 3631 salutem
1808 3567 1907 3647 qui
1936 3567 2165 3647 priores

522 3653 913 3716 dormierant.
947 3654 1093 3716 Nam
1125 3657 1225 3736 qui
1271 3657 1443 3719 bonis
1475 3658 1753 3738 operibus
1784 3656 1959 3716 vitam
1995 3675 2159 3716 suam

514 3742 870 3803 adornarant
894 3752 1158 3824 tempore
1196 3766 1308 3825 quo
1342 3748 1624 3819 vixerant,
1657 3744 2159 3823 quemadmodum

514 3829 564 3890 si
596 3838 738 3893 tunc
769 3831 1106 3894 advenisset
1163 3835 1430 3896 Christus
1478 3852 1848 3914 nequaquam
1898 3832 2161 3893 destituti

517 3918 771 3980 fuissent
795 3920 1213 3983 praedicatione
1254 3922 1413 4002 ipsos
1444 3921 1908 4001 viviﬁcante,‘,ita
1942 3932 1999 3981 et
2023 3929 2159 3983 tunc

516 4024 623 4087 per
651 4006 888 4067 Domini
917 4009 987 4069 ad
1022 4009 1243 4071 inferos
1283 4012 1636 4071 descensum
1667 4010 1912 4070 salutem
1944 4027 2157 4069 conse-

510 4095 629 4155 cuti
648 4089 1314 4177 sunt,quemadmodum
1335 4100 1510 4160 etiam
1529 4099 1758 4159 videtur
1779 4098 1909 4158 divo
1934 4096 2157 4174 Grego-

517 4183 632 4247 rio.
666 4185 763 4245 Ait
818 4184 977 4246 enim
1028 4186 1206 4266 ipse:
1261 4190 1348 4248 An
1395 4186 1746 4264 simpliciter
1803 4185 1991 4245 salvos
2020 4185 2159 4246 facit

516 4290 723 4334 omnes
753 4272 1018 4336 Christus
1039 4276 1138 4354 qui
1183 4275 1476 4357 apparuit,
1503 4275 1779 4335 videlicet
1801 4275 1856 4334 in
1882 4274 2159 4335 inferno?

2240 3294 2611 3390 προθανόντες,
2643 3302 2750 3359 λύει
2805 3301 3074 3390 ἀμφότερα
3131 3296 3198 3390 δι’
3252 3299 3370 3362 ἒνὸς
3424 3296 3514 3353 καί
3567 3318 3747 3390 φησιν,
3794 3294 3874 3352 ὅτι

2246 3386 2395 3455 δ’τοῦ
2454 3393 2657 3472 Κυρίου,
2720 3391 2963 3468 θάνατος,
3034 3388 3304 3467 ἀμφότερα
3375 3393 3535 3442 ταῦτα
3577 3386 3874 3464 εἰργάσατο,

2245 3483 2427 3543 ἐλπίδα
2491 3482 2823 3542 ἀναστάσεως
2879 3475 2963 3533 διὰ
3019 3480 3110 3533 106
3176 3477 3464 3542 ἀναστῆναι
3542 3477 3723 3549 αὖτὸν,
3791 3476 3878 3529 καὶ

2247 3573 2507 3651 σωτηρίαν
2578 3568 2735 3626 πάλιν
2831 3572 2934 3623 τῶν
3006 3563 3533 3645 προκεκοιμημένων,
3641 3566 3699 3620 Οἱ
3779 3563 3878 3641 γὰρ

2245 3664 2418 3743 ἔργοις
2450 3660 2665 3739 ἀγαθοῖς
2693 3659 2784 3713 τὸν
2815 3657 3011 3712 ἑαυτῶν
3044 3656 3177 3710 κατὰ
3231 3655 3320 3709 τὸν
3377 3658 3475 3719 τῆς
3530 3656 3671 3723 ζωῆς
3710 3654 3879 3708 αὒτιῦν

2246 3740 2436 3832 χρόνον
2508 3745 2924 3825 περιανθίσαντες
2984 3743 3115 3819 βίον,
3199 3744 3270 3806 ὡς
3366 3742 3409 3796 εἰ
3460 3742 3564 3832 Δκαὶ
3628 3740 3748 3796 τότε
3803 3746 3879 3814 τῷ

2243 3827 2429 3914 κόσμῳ
2457 3834 2760 3910 ἐπεδήμησε
2790 3832 3013 3911 Χριστὸς
3096 3831 3173 3903 μὴ
3231 3829 3291 3885 ἄν
3354 3827 3732 3908 ἀπολειφθῆναι
3790 3830 3882 3884 τοῦ

2244 3936 2618 3999 ζωοποιουντος
2679 3922 2862 3983 αὖτοὺς
2949 3920 3310 3998 κηρύγματος,
3414 3919 3553 3973 οὗτοι
3633 3919 3719 3973 καὶ
3761 3917 3879 3973 τότε

2245 4015 2327 4073 διὰ
2357 4020 2456 4082 τῆς
2490 4016 2560 4076 εἰς
2618 4010 2741 4085 ᾅδου
2782 4009 2875 4067 106
2920 4009 3103 4088 Κυρίου
3146 4005 3386 4086 καθόδου,
3440 4011 3538 4073 τῆς
3614 4008 3877 4085 σωτηρίας

2246 4104 2460 4184 ἔτυχον,
2485 4105 2558 4184 ὡς
2601 4102 2689 4157 καὶ
2745 4099 3015 4177 Γρηγορίῳ
3054 4103 3132 4171 τῷ
3171 4098 3292 4169 θείῳ
3347 4093 3494 4151 δοκεῖ
3529 4113 3543 4128 ⁸
3573 4096 3730 4184 ,φησὶ
3782 4096 3881 4173 γὰρ

2241 4182 2387 4258 οὗτος
2421 4182 2453 4223 ’⁷
2499 4183 2707 4251 εΑπλῶς
2763 4188 2916 4258 σώζει
2988 4186 3187 4249 πάντας
3287 4186 3510 4261 Χριστὸς
3569 4182 3872 4264 ἐπιφανείςς

2240 4279 2481 4348 δηλονότι
2538 4278 2589 4334 ἐν
2658 4281 2735 4349 τῷ
2762 4274 2861 4351 ἅδῃ
2896 4293 2911 4309 ⁶
2946 4274 2982 4342 ἢ
3010 4274 3167 4330 κάκετ
3207 4273 3329 4336 τοὺς
3358 4271 3699 4334 πιστεύοντας
3735 4290 3753 4350 ;
3781 4271 3880 4326 Διά

513 4380 588 4422 an
611 4371 664 4423 et
717 4361 799 4422 ibi
832 4381 933 4424 eos
955 4365 1055 4444 qui
1095 4364 1503 4426 crediderint?
1526 4364 1637 4425 Per
1685 4363 1795 4424 hoc
1821 4365 1975 4423 enim
2002 4364 2153 4443 quod

2244 4371 2339 4449 γὰρ
2396 4376 2486 4425 106
2537 4366 2937 4436 Πιστεύσοντας,
3003 4362 3245 4436 σημαίνει
3325 4360 3444 4425 τοὺς
3516 4359 3653 4416 οὕτω
3709 4380 3879 4438 παρε-

506 4449 625 4511 ait:
653 4449 766 4512 Eos
790 4451 892 4531 qui
914 4453 1599 4533 crediderint,signiﬁcat
1629 4450 1782 4531 quod
1817 4449 2044 4528 seipsos
2072 4450 2151 4510 ita

512 4542 1172 4621 praeparaverant,quod
1195 4541 1246 4602 si
1265 4540 1437 4603 etiam
1465 4549 1604 4600 tunc
1625 4540 1979 4618 advenisset,
2012 4556 2148 4599 cre-

498 4626 810 4690 didissent.
842 4630 1050 4710 Neque
1095 4630 1153 4690 id
1186 4629 1577 4709 rejiciendum
1633 4638 1793 4707 puto.
1829 4625 1955 4688 Non
1991 4627 2147 4687 enim

497 4716 872 4782 haereditarie
921 4721 1209 4783 habeatur
1264 4719 1447 4793 salus,
1503 4718 1982 4799 quandoquidem
2013 4718 2150 4781 licet

495 4806 568 4867 ad
608 4807 866 4871 viventes
897 4828 1105 4872 omnes
1137 4808 1445 4885 venit,non
1472 4817 1667 4869 tamen
1702 4824 1910 4867 omnes
1943 4806 2146 4880 salvat,

496 4893 603 4955 sed
627 4914 728 4957 eos
760 4905 985 4960 tantum
1012 4899 1111 4981 qui
1141 4897 1527 4960 crediderint.
1553 4895 1783 4957 Etenim
1817 4904 1943 4957 erat
1977 4894 2148 4955 eiiam

493 5001 643 5064 opus
673 4985 876 5048 liberae
898 4988 1210 5050 voluntatis
1230 4987 1696 5067 singulorum,ut
1722 5003 1855 5045 cum
1887 4984 2148 5045 rationa-

491 5072 581 5134 les
603 5084 802 5135 essent
821 5094 939 5137 non
960 5076 1390 5139 insensibiliter
1413 5093 1477 5136 se
1515 5072 1799 5135 haberent
1825 5073 1892 5132 ad
1918 5074 2135 5151 magni-

490 5160 794 5223 ﬁcentiam
826 5165 956 5244 ejus
987 5166 1087 5245 qui
1137 5166 1251 5225 tale
1284 5165 1502 5225 donum
1539 5161 1913 5242 prmstiterat,
1946 5161 2052 5222 St'tl
2089 5181 2151 5222 se

490 5249 702 5327 dignos
730 5255 1061 5332 praeberent
1121 5252 1314 5314 dantis
1364 5250 1648 5311 bonitate.
1692 5249 1891 5310 Posuit
1922 5258 2143 5321 autem,

488 5336 907 5402 Inobedientes
933 5340 1187 5415 fuerant,
1232 5338 1545 5420 quamdam
1588 5337 1826 5398 solvens
1850 5336 2148 5417 objectio-

488 5444 652 5489 nem.
691 5426 1029 5491 Verisimile
1058 5428 1218 5492 enim
1243 5436 1368 5491 erat
1389 5428 1646 5508 aliquem
1682 5426 1991 5488 dicturum
2030 5450 2041 5485 :
2078 5430 2150 5492 Et

565 5595 653 5647 55"
683 5594 883 5659 Matth.
919 5613 1105 5680 xxvu,
1149 5600 1249 5663 5‘2.

2241 4448 2559 4519 σκευακότας
2618 4454 2854 4531 ἑαυτοὺς,
2927 4453 3000 4514 ὡς
3061 4452 3105 4506 εἴ
3187 4451 3274 4505 καί
3344 4448 3463 4505 τότε
3534 4448 3879 4529 παρεγένετο,

2239 4547 2611 4607 πιστεύσοντας
2699 4543 2794 4600 Καὶ
2881 4540 2939 4597 οὗ
3024 4542 3289 4616 μήμψεως
3365 4544 3516 4593 τοῦτο
3626 4540 3698 4596 Οὐ
3783 4538 3884 4616 γὰρ

2238 4634 2688 4711 ἀποκληρωτικῶς
2718 4633 2753 4698 ἡ
2782 4630 3035 4709 σωτηρία,
3098 4628 3209 4684 ἐπεὶ
3236 4628 3324 4683 καὶ
3391 4640 3511 4691 τοῖς
3570 4632 3697 4697 ζῶσι
3752 4633 3883 4682 πᾶσι

2237 4725 2542 4802 γενόμενος,
2603 4724 2662 4778 οὔ
2730 4720 2930 4783 πάντας
3012 4717 3188 4792 σώζει,
3277 4717 3320 4771 εἰ
3390 4718 3467 4790 μὰ
3538 4714 3698 4791 μόνον
3755 4716 3879 4779 τοὺς

2236 4813 2635 4873 πιστεύσοντας.
2685 4805 2850 4863 Ἀλλά
2892 4808 2991 4885 γὰρ
3050 4806 3136 4860 καὶ
3191 4809 3290 4867 τῆς
3362 4803 3584 4861 ἑκάστου
3628 4803 3882 4883 προαιρὲ-

2234 4924 2367 4964 σεως
2398 4899 2551 4980 ἔργον
2580 4899 2667 4972 ἧν,
2713 4899 2799 4970 τὸ,
2857 4895 3071 4974 λογικὸν
3114 4894 3393 4980 γενόμενον
3450 4892 3528 4968 μὴ
3557 4892 3885 4980 ἀναισθήτως

2236 4992 2382 5071 ἔχειν
2430 4978 2535 5055 τῆς
2605 4994 2696 5044 106
2755 4984 3112 5051 πεποιηκότος
3201 4978 3518 5058 ἀγαθοδότου
3574 4978 3886 5071 μεγαλοξδω-

2237 5066 2381 5157 ρεῖις,
2413 5075 2533 5132 ἀλλ’
2584 5074 2793 5139 ἐπάξιον
2852 5074 3032 5128 ἑαυτὸν
3087 5070 3345 5149 παρέχειν
3399 5075 3646 5157 1?.17106
3715 5066 3882 5157 δεδω-

2236 5154 2388 5230 κότος
2440 5165 2789 5242 ἀγαθότητος.
2843 5163 2915 5218 Τὸ
2985 5157 3063 5233 δὲ,
3124 5156 3706 5232 Ἀπειθήσασιν,’έθηκε,
3742 5154 3882 5213 λύων

2233 5256 2489 5312 ἀντίθεσιν
2546 5275 2683 5315 τινα,
2740 5252 2891 5313 Εἰκὸς
2949 5251 3049 5328 γάρ
3117 5269 3236 5304 τινα
3305 5246 3445 5326 ὲρεῒν
3479 5263 3494 5278 ⁸
3589 5248 3684 5304 Καὶ
3741 5246 3883 5310 τίνος

2232 5344 2392 5401 ἀλλου
2434 5342 2751 5421 κηρύξαντος
2804 5341 2906 5418 πρὸ
2970 5345 3231 5417 λριστοῦς
3301 5335 3439 5392 Εἶτα
3501 5335 3883 5404 ἀπειθήσαντες

2649 5419 2865 5504 ;”Ητοι
2923 5427 3282 5489 κατακοίσεως
3329 5422 3457 5490 ἄξιοι
3503 5424 3780 5504 γεγόνασιν
3837 5446 3866 5480 ο

2230 5435 2613 5515 κατεκρίθησαν
2649 5452 2663 5511 ;
