4180 6212
377 326 495 395 557
1454 332 1850 398 COMMENT.
1897 334 1979 397 IN
2026 332 2269 397 EPIST.
2321 338 2343 397 Ι
2397 336 2457 398 S.
2507 336 2759 400 PETRI.
3634 340 3753 406 558

372 464 476 541 πρὸ
505 469 598 520 τοῦ
630 469 902 542 Χριστοῦ;
954 465 1041 519 καὶ
1092 462 1235 543 ἔχων
1281 470 1460 536 τοῦτο,
1531 468 1605 531 ὡς
1655 468 1742 523 καὶ
1797 466 1998 530 Παῦλος

2109 485 2224 548 quo
2271 467 2384 528 alio
2415 476 2551 529 ante
2604 468 2898 531 Christum
2956 470 3337 551 praedicante,
3379 470 3747 550 postmodum

374 551 481 608 ἀπὸ
507 553 615 607 τῶν
658 551 1058 631 ἐνεσπαρμὲνων
1121 554 1257 628 ἡμῖν
1307 551 1536 631 λογικῶν
1594 552 1861 631 δυνάμεων
1893 557 2005 612 ἀπε-

2104 554 2179 616 de
2209 556 2615 618 inobedientia
2640 558 2891 637 judicati
2920 568 3018 621 aut
3068 561 3566 623 condemnatione
3588 560 3749 640 digni

376 638 578 719 λέγξαι,
636 640 716 697 ὅτι
773 644 995 719 κριτικοὶ
1071 639 1237 697 καλοῦ
1293 643 1379 698 καὶ
1463 646 1625 699 κακοῦ
1715 646 2005 726 γεγονότεςἶ

2103 643 2336 706 fuerant
2368 645 2467 725 qui
2508 644 2806 708 Christum
2840 649 3314 728 praecesserant?
3344 651 3608 732 Cumque
3642 638 3750 711 hoc

376 729 499 785 εἶτα
556 730 634 804 μὴ
676 731 737 785 τὸ
780 729 975 807 ἀγαθὸν
1046 729 1416 809 ἐργασάμενοι,
1473 730 1605 797 ἀξιοι
1664 734 2005 805 κατακρίσεως

2104 733 3125 815 possetevincere,quemadmodum
3151 746 3209 799 et
3233 738 3465 814 Paulus,
3501 729 3533 799 a
3564 737 3754 800 disse-

374 820 424 874 οἱ
479 839 728 892 τοιουτοι,
780 817 838 874 οὒ
893 824 1046 874 τοῦτο
1108 831 1278 892 ποιεῖ,
1341 820 1661 899 (κρείττονος
1707 823 1808 902 γὰρ
1867 833 2005 882 τοῦτ(

2103 822 2341 883 minatis
2388 823 2447 883 in
2503 823 2675 884 nobis
2733 824 3119 887 rationalibus
3149 825 3390 900 viribus,
3426 825 3579 907 quod
3611 844 3745 887 cum

371 905 633 985 λογισμοῦ
672 908 759 963 καὶ
787 905 1092 987 φιλοσόφου,
1142 907 1176 975 ἢ
1235 909 1368 964 κατὰ
1427 906 1686 966 Ἰουδαίων
1741 909 2005 986 διάνοιαν,λ

2100 910 2297 972 datum
2324 910 2469 990 ipsis
2489 920 2645 973 esset
2670 921 2729 972 ut
2753 922 2993 993 possent
3014 913 3169 975 inter
3184 915 3403 976 bonum
3439 905 3496 976 et
3526 914 3743 976 malum

371 995 479 1052 ἀπὸ
544 994 599 1051 δὲ
645 1000 745 1063 τῆς
822 1001 1034 1075 Γραφῆς
1086 995 1186 1063 τὴν
1231 996 1498 1054 ἀπείθειαν
1571 1007 1870 1073 πιστοῦται,
1929 1003 2005 1057 καῖ

2098 1000 2459 1074 discernere,
2500 1019 2605 1061 nec
2630 1010 2833 1081 postea
2857 1004 3071 1062 bonum
3098 1003 3321 1082 operati
3345 1010 3565 1076 essent,
3598 1003 3748 1063 tales

370 1086 467 1140 οῦκ
495 1084 602 1140 ἀπὸ
630 1090 732 1141 τῶν
764 1085 973 1165 χρόνων
995 1091 1099 1140 τὼν
1146 1091 1460 1165 Προφητῶν,
1521 1086 1639 1142 ἀλλ’
1699 1086 1791 1144 ἀπ’
1851 1093 2013 1156 αὐτῆς

370 1169 564 1252 σχεδὸν
607 1178 705 1239 τῆς
748 1173 1121 1251 κοσμογονίας.

2097 1087 2261 1165 digni
2292 1097 2492 1149 essent
2524 1098 2735 1162 morte,
2772 1108 2887 1149 non
2919 1091 3031 1151 hoc
3080 1091 3238 1170 facit,
3273 1110 3405 1152 nam
3439 1090 3497 1151 id
3520 1090 3748 1152 altioris

2098 1184 2187 1239 est
2233 1175 2728 1238 considerationis
2779 1195 2847 1237 ac
2898 1177 3286 1258 philosophia)
3344 1176 3748 1258 profundioris

367 1279 544 1349 quam
584 1267 648 1322 ut
676 1260 833 1321 ferre
863 1268 1067 1349 posset
1090 1278 1260 1321 mens
1276 1259 1611 1323 Judaeorum
1644 1280 1657 1324 :
1689 1263 1793 1324 sed
1812 1266 1861 1325 'a
1890 1267 2194 1349 Scriptura
2227 1264 3013 1327 conﬁrmatinobedientiam
3051 1286 3064 1325 :
3097 1284 3288 1346 neque
3317 1266 3374 1326 id
3407 1285 3440 1327 a
3470 1265 3749 1346 tempori-

366 1347 481 1411 bus
506 1350 948 1430 prophetarum,
974 1348 1076 1411 sed
1102 1350 1177 1410 ab
1200 1351 1327 1431 ipso
1351 1350 1781 1431 propemodum
1806 1347 2171 1421 mundi—ortu
2201 1377 2213 1418 :
2253 1353 2393 1413 5I5
2431 1372 2501 1415 ex
2536 1373 2649 1433 quo
2696 1356 3062 1415 demonstrat
3091 1355 3251 1435 quod
3279 1354 3353 1416 ab
3384 1353 3551 1414 initio
3583 1371 3736 1434 prae-

364 1438 676 1501 dicabatur
706 1438 1049 1501 hominibus
1078 1438 1259 1519 salus,
1290 1439 1395 1500 sed
1429 1439 1872 1519 despiciebatur
1903 1444 1979 1506 ob
2012 1443 2469 1509 declinationem
2505 1443 2770 1522 ipsorum
2803 1444 2875 1505 ad
2906 1462 3048 1505 vana
3075 1462 3143 1504 ac
3173 1443 3519 1524 voluptuosa

448 1526 844 1607 Ἀναριθμήτων
909 1529 1009 1606 γὰρ
1064 1528 1229 1584 ὄντων
1326 1528 1613 1608 ἀνθρώπιον
1705 1534 1791 1587 καὶ
1885 1534 2005 1591 κατ’

2171 1533 2315 1595 Cum
2342 1532 2499 1592 enim
2534 1532 2770 1592 illorum
2828 1551 3063 1612 quoque
3111 1538 3379 1613 tempore
3408 1529 3723 1592 innumera

363 1617 542 1675 ἐκεῖνο
582 1626 786 1697 καιροῦ,
850 1617 1000 1693 μόνοι
1045 1618 1186 1674 ὀκτὼ
1232 1620 1494 1697 ἅνθρωποι
1554 1619 1848 1684 πεισθέντες
1892 1638 2005 1687 τοῖς

2098 1623 2240 1684 biles
2274 1631 2473 1681 es~ent
2507 1619 2798 1691 homines,
2831 1620 2942 1681 soli
2973 1628 3128 1694 octo,
3157 1621 3471 1681 credentes
3506 1618 3599 1679 his
3616 1635 3748 1698 quae

362 1706 781 1786 κηρυσσομένοις
833 1703 917 1761 διὰ
986 1706 1081 1772 τῆς
1137 1711 1539 1774 κατατασκευῆς
1599 1712 1699 1774 τῆς
1756 1708 2001 1788 κιϐωτοῦ,

2098 1730 2196 1792 per
2226 1728 2378 1772 arca:
2426 1708 2913 1789 praeparationem
2978 1708 3470 1788 praedicabantur,
3531 1708 3743 1768 servati

363 1796 661 1864 ἐσώθησαν.
692 1792 912 1861 Ἐπειδὴ
969 1792 1022 1849 δὲ
1082 1794 1134 1849 ἐν
1193 1791 1339 1850 ὕδατι
1383 1796 1418 1862 ἡ
1492 1797 1744 1872 σωτηρία,
1821 1798 2005 1865 εὐθέως

2098 1791 2357 1861 l‘uerunt.
2391 1796 2678 1868 Quoniam
2711 1806 2904 1858 autem
2935 1797 2998 1857 in
3032 1815 3182 1877 aqua
3205 1796 3395 1857 fuerat
3415 1795 3741 1869 salus,con-

361 1886 519 1943 τοῦτο
590 1885 677 1941 ἐπὶ
757 1883 849 1939 τοῦ
909 1884 1058 1960 ἁγὶου
1114 1880 1371 1957 λαμϐάνει
1482 1884 1842 1959 βαπτίσματος
1921 1890 2005 1944 καί

2098 1886 2285 1948 festini
2345 1886 2455 1946 hoc
2487 1886 2558 1945 ad
2613 1903 2846 1945 sacrum
2882 1885 3157 1947 transfert
3185 1884 3497 1965 baptisma,
3551 1891 3610 1944 et
3636 1882 3738 1954 ait,

362 1996 547 2056 φησιν,
599 1973 680 2029 ὅτι
748 1974 810 2028 τὸ
853 1970 987 2050 ὕδωρ
1030 1970 1206 2028 ἐκεῖνο
1263 1973 1329 2027 τὰ
1381 1972 1652 2048 βάπτισμα
1707 1975 1852 2049 ὑμῶν
1910 1978 2005 2033 ὑπ.

2098 1975 2247 2055 quod
2280 1993 2428 2053 aqna
2458 1973 2562 2034 illa
2584 1972 2927 2051 designabat
2956 1982 3224 2035 nostrum
3256 1973 3567 2054 baptisma,
3601 1990 3744 2051 quo-

361 2065 628 2139 ῃνίσσετο,
688 2060 836 2119 Ἐπεὶ
904 2063 993 2117 καὶ
1075 2067 1230 2117 τοῦτο
1284 2059 1621 2139 ἐναποπνίγει
1698 2065 1818 2125 τοὺς
1861 2064 2005 2120 ἀπει-

2098 2064 2248 2124 niam
2275 2062 2418 2122 illud
2453 2080 2689 2141 quoque
2719 2062 3055 2123 suﬂ‘ocatac
3085 2062 3376 2141 demergit
3394 2059 3741 2122 incredulos

362 2156 577 2215 θοῡντας
635 2149 904 2224 δαίμονας,
954 2151 1039 2205 καὶ
1096 2149 1253 2219 σώζει
1307 2151 1430 2213 τοὺς
1479 2151 1701 2230 Δπιστοὺς
1757 2152 2004 2230 προσίον-

2098 2151 2732 2229 daemones,servatque
2762 2149 2969 2210 tideles
2989 2150 3061 2211 ad
3095 2148 3377 2228 Ecclesiae
3398 2167 3598 2211 arcam
3631 2167 3736 2210 ac-

360 2237 786 2317 ταςτῇκιϐωτῷ
872 2239 968 2304 τῆς
1049 2235 1392 2303 Ἐκκλησίας.
1475 2228 1632 2312 ’Ἅμα
1700 2236 1753 2294 δέ
1801 2228 2001 2314 -φησιν,

2098 2237 2589 2302 :edentes.Simul
2612 2246 2806 2297 autem
2839 2237 3020 2299 dicit:
3047 2238 3565 2310 Quemadmodum
3581 2254 3735 2318 aqua

365 2320 584 2409 «ιε-,περ
605 2330 667 2384 τὸ
717 2325 851 2405 ὕδωρ
908 2324 1202 2395 ἀποιλύζει.
1228 2326 1318 2380 τὸν
1371 2325 1552 2402 ῥύπον,
1615 2325 1750 2382 οὕτω
1802 2331 1888 2384 καὶ
1942 2331 2003 2384 τὸ

2098 2328 2257 2390 diluit
2285 2328 2514 2400 sordes,
2544 2327 2629 2387 sic
2654 2334 2712 2387 et
2733 2325 3045 2406 baptisma.
3081 2326 3300 2390 Verum
3327 2345 3444 2387 non
3476 2325 3729 2387 ablatio-

363 2419 663 2496 βάπτισμα.
730 2413 876 2472 Ἀλλ’
909 2416 969 2471 οὗ
1023 2417 1215 2491 σαρκὸς
1258 2415 1418 2491 ῥύπου
1473 2414 1719 2471 ἀπόθεσιν
1760 2416 1999 2496 ἀπεργά-

2098 2435 2220 2480 [ιθιῐι
2257 2417 2519 2481 sordium
2547 2415 2743 2476 carnis
2793 2426 3094 2495 operatur,
3128 2416 3232 2476 sed
3265 2433 3373 2495 per
3401 2413 3728 2493 symbolum

360 2515 528 2581 ζεται,
562 2503 923 2582 συμϐἐολικῶς
956 2502 1010 2582 δὲ
1063 2504 1162 2571 τὴν
1192 2508 1288 2570 τῆς
1338 2507 1575 2582 ψυχικῆς
1623 2502 1844 2571 κηλῖδος
1904 2529 2005 2561 πα..

2098 2506 2455 2567 demonstrat
2510 2505 2874 2565 macularum
2932 2503 3148 2564 animae
3190 2502 3580 2564 ablutionem.
3632 2500 3735 2562 Est

361 2596 599 2675 ρίστησιν
628 2581 940 2653 ἀπόκλυσιν.
976 2581 1144 2649 ’Ἐστι
1207 2589 1261 2647 δὲ
1318 2581 1423 2647 καὶί
1463 2592 1579 2648 οἶόν
1633 2614 1711 2656 τις
1766 2592 2003 2672 ἀρραϐὼν

2098 2604 2280 2656 intem
2310 2593 2487 2655 veluti
2520 2592 2691 2654 etiam
2719 2592 2975 2654 arhabo
2999 2592 3238 2673 quidam
3257 2600 3312 2652 et
3338 2591 3552 2673 pignus
3571 2590 3739 2652 bona;

358 2686 451 2742 καὶ
507 2684 755 2765 ἐνέχυρον
838 2686 937 2752 τῆς
989 2683 1120 2760 πρὸς
1177 2682 1307 2736 Θεὸν
1356 2680 1557 2758 ἀγαθῆς
1630 2680 1997 2752 συνειδήσεως,

2098 2701 2224 2762 erga
2254 2683 2440 2743 Deum
2473 2681 2877 2744 conscientiae.
2928 2678 3038 2752 Qui
3071 2681 3226 2741 enim
3273 2678 3427 2741 bene
3452 2678 3565 2740 sibi
3587 2697 3736 2740 con-

361 2775 423 2832 Οἱ
454 2775 554 2852 γὰρ
582 2770 868 2835 συνειδότες
921 2772 1132 2835 ἑαυτοῖς
1203 2770 1394 2847 ἀγαθὰ,
1451 2768 1713 2846 τουτέστι,
1789 2773 1835 2828 οἱ
1892 2773 2004 2848 βίου

2098 2772 2193 2832 acii
2227 2779 2386 2845 sunt,
2445 2771 2554 2830 hoc
2589 2778 2698 2844 est,
2760 2769 2860 2849 qui
2914 2768 3270 2850 inculpatam
3303 2768 3740 2849 amplectuntur

359 2862 714 2943 ἀντεχόμενοι
787 2861 1035 2939 ἀμώμου,
1096 2861 1181 2914 καὶ
1230 2865 1385 2914 τοῦτο
1442 2858 1502 2914 ἐκ
1550 2862 1747 2923 παντὸς
1813 2860 2000 2933 ἐπιζη-

2098 2858 2290 2933 vitam,
2316 2868 2377 2919 et
2405 2858 2563 2918 illam
2588 2858 2823 2937 penitus
2840 2861 3160 2937 exquirunt
3182 2875 3251 2918 ac
3277 2856 3460 2917 veluti
3478 2856 3738 2917 interro-

357 2961 571 3016 τοῦντες
601 2953 687 3008 καὶ
716 2955 833 3007 οἷον
905 2950 1200 3028 ἐρωτῶντες
1235 2955 1406 3025 (τοῦσο
1462 2948 1561 3027 γὰρ
1616 2962 1735 3012 τοῖς
1792 2952 2003 3020 ζητοῦσί

2098 2955 2220 3026 gant
2276 2954 2460 3023 (nam
2524 2947 2637 3006 hoc
2680 2946 2950 3006 comitari
2996 2948 3149 3007 solet
3197 2962 3301 3010 eos
3349 2945 3450 3024 qui
3506 2944 3729 3025 aliquid

357 3063 411 3096 τι
471 3038 838 3119 ἐπακολουθεῖ,
896 3037 1038 3117 λέγω
1084 3035 1139 3092 δὲ
1188 3038 1249 3093 τὸ
1305 3037 1553 3116 ἐρωτᾷν),
1601 3037 1742 3094 οὗτοι
1800 3040 1888 3094 καὶ
1927 3046 2004 3113 τῷ

2098 3046 2378 3117 quaerunt,
2410 3054 2626 3115 nempe
2658 3034 3075 3117 interrogare),
3096 3036 3154 3095 hi
3184 3038 3360 3097 etiam
3393 3036 3466 3095 ad
3496 3052 3728 3096 sacrum

357 3129 497 3208 ἁγίῳ
536 3129 918 3208 προστρέχουσι
946 3127 1292 3205 βαπτίσματι,
1356 3127 1452 3183 Καὶ
1478 3127 1582 3201 τίς,
1643 3128 1794 3206 φησὶ,
1850 3135 2003 3184 τοῦτο

2098 3135 2402 3187 iccurrunt
2430 3125 2745 3204 baptisma.
2784 3126 2857 3186 Et
2900 3126 3052 3205 quis,
3106 3125 3317 3205 inquit,
3371 3125 3483 3185 hoc
3514 3123 3738 3204 praebet

354 3218 586 3298 παρέχει
618 3220 679 3274 τὸ
709 3216 985 3287 ἐπιζητεῖν
1013 3216 1101 3271 καὶ
1156 3213 1425 3292 ἐπερωτᾷν
1497 3215 1556 3269 τὸ
1617 3217 1762 3272 θετον
1804 3217 1999 3292 βαπτι-

2098 3221 2151 3274 ut
2175 3215 2515 3294 exquiratur
2547 3232 2614 3274 ac
2644 3222 2890 3292 rogetur
2919 3214 3180 3276 divinum
3205 3213 3495 3293 baptisma
3515 3211 3736 3274 ‘IChri-

357 3326 517 3386 σμας
552 3298 614 3363 εΗ
647 3306 953 3379 ἀνάστασις,
985 3313 1077 3362 τοῦ
1121 3309 1368 3382 Χριστοῦ,
1424 3304 1531 3381 Πρὸ
1561 3303 1658 3377 μὲν
1717 3305 1815 3383 γὰρ
1870 3305 2002 3361 ἀνα-

2098 3304 2161 3365 sti
2177 3301 2865 3382 resurrectiob‘iquidem
2886 3310 3021 3363 ante
3034 3302 3220 3383 ipsius
3231 3300 3734 3363 resurrectionem

358 3395 592 3460 στάσεως
647 3398 803 3454 αὐτοῦ
870 3394 960 3450 καὶ
1016 3398 1109 3449 τοῦ
1198 3392 1395 3455 πάθους
1450 3391 1817 3472 ἀποφαίνεται,
1917 3396 2000 3468 τὸ,

2098 3410 2153 3452 ιο
2177 3393 2510 3472 passionem
2572 3391 2682 3451 hoc
2728 3390 3060 3452 ostenditur
3120 3412 3132 3452 :
3187 3416 3213 3445 ‹‹
3247 3390 3370 3451 Nisi
3399 3389 3531 3470 quis
3563 3398 3735 3450 natus

366 3501 400 3542 (
430 3481 555 3540 Ἐὰν
586 3485 663 3559 μή
692 3505 773 3547 τις
829 3486 1057 3561 γεννηθῇ
1113 3480 1167 3547 ἒξ
1222 3478 1407 3543 ὕδατος
1475 3482 1562 3535 καὶ
1619 3481 1936 3556 πνεύματος.
1975 3506 1995 3537 ι

2098 3481 2346 3542 iueritex
2366 3497 2514 3559 aqua
2537 3488 2595 3538 et
2648 3480 2857 3558 spiritu
2878 3480 2978 3555 56;
3016 3505 3041 3533 ι)
3073 3489 3203 3559 post
3231 3478 3733 3540 resurrectionem

360 3573 510 3628 Μετὰ
554 3571 608 3628 δὲ
662 3573 760 3638 τὴν
816 3572 1122 3651 ἀνάστασιν,
1179 3570 1263 3642 τὸ,
1325 3588 1349 3623 ε
1389 3568 1659 3639 Βαπτίζειν
1710 3570 1881 3626 πάυτα
1937 3572 2002 3627 τὰ

2098 3588 2222 3630 vero
2258 3586 2271 3629 :
2306 3593 2326 3624 ιι
2366 3569 2745 3646 Buptizantes
2796 3587 3004 3629 omnes
3025 3575 3231 3646 gentes
3259 3567 3639 3647 accedentes,
3673 3567 3733 3627 in

358 3662 646 3740 προσιόντα
689 3660 811 3727 ’ἔθνη
855 3662 926 3724 εἷς
966 3658 1132 3734 ὄνομα
1183 3659 1384 3736 Πατρὸς
1416 3659 1504 3713 καὶ
1564 3660 1683 3714 Υἱοῦ
1736 3661 1823 3714 καὶ
1852 3661 2001 3739 ἁγίου

2098 3658 2326 3719 nomine
2359 3656 2804 3735 Patris,etFi|ii,
2842 3667 2897 3719 et
2921 3658 3175 3737 Spiritus
3193 3656 3480 3718 sancti57.
3520 3682 3542 3713 ι
3575 3657 3741 3717 Post~

364 3751 691 3814 Πνεύιιατος.
755 3771 779 3805 ι
840 3748 987 3805 Ἐπεὶ
1040 3746 1096 3803 δὲ
1161 3748 1251 3803 τὸν
1318 3751 1417 3813 τῆς
1494 3747 1791 3822 οἰκονομίας
1840 3747 1999 3827 λόγον

2098 3765 2257 3827 quam
2300 3753 2494 3806 autem
2530 3745 2997 3824 dispensationis
3024 3764 3362 3807 sermonem
3394 3744 3683 3806 conclusit
3716 3761 3729 3807 :

360 3836 563 3910 διῆλθε,
597 3836 741 3916 λέγω
796 3835 851 3893 δὲ
906 3837 1005 3904 τὴν
1049 3838 1120 3900 είς
1181 3833 1304 3907 ᾅδου
1361 3834 1572 3914 πορείαν
1641 3844 1731 3893 τοῦ
1790 3838 1995 3915 Κυρίου,

2098 3836 2216 3895 lico
2267 3842 2462 3895 autem
2521 3833 2874 3893 descensum
2914 3834 3152 3893 Domini
3202 3834 3275 3895 ad
3324 3832 3647 3907 infernum,
3679 3842 3738 3893 et

359 3928 452 3982 καὶ
481 3948 621 3990 τινος
679 3926 837 4006 χάριν
891 3925 1050 3981 κάκεῖ
1093 3925 1432 4002 πεπόρευται,
1495 3921 1575 3979 ὅτι
1631 3922 1715 3980 ἐπὶ
1767 3927 2000 4005 σωτηρίᾳ

2098 3943 2256 4003 luam
2293 3926 2369 3982 ob
2396 3940 2630 3983 causam
2692 3941 2758 3983 eo
2807 3922 2980 3983 etiam
3026 3924 3368 3989 accesserit.
3411 3932 3547 4003 puta
3576 3922 3736 4003 quod

359 4016 453 4072 καὶ
524 4015 598 4071 ὧν
669 4013 722 4071 ἐν
773 4012 916 4087 ᾅδου,
976 4011 1135 4071 πάλιν
1203 4010 1384 4091 ἑτέραν
1440 4011 1682 4092 ἀφορμὴν
1749 4014 1855 4070 ἀπὸ
1912 4022 2001 4071 τοῦ

2098 4020 2323 4091 ποριεῖ*
2375 4012 2610 4071 illorum
2669 4030 2907 4092 quoque
2962 4013 3214 4073 salutem
3250 4013 3351 4093 qui
3392 4014 3453 4073 in
3502 4012 3734 4073 inferno

359 4104 587 4160 θανάτου
647 4100 903 4177 λαμϐάνει
976 4108 1070 4158 τοῦ
1128 4102 1313 4180 Κυρίου
1360 4103 1432 4166 εἰς
1488 4100 1819 4180 πλράκλησιν
1874 4103 1999 4181 ἀρε-

2098 4110 2249 4163 erant
2279 4121 2292 4160 :
2317 4101 2486 4160 aliato
2522 4118 2758 4160 rursum
2817 4101 2995 4162 sumit
3024 4121 3057 4162 a
3090 4112 3278 4163 morte
3307 4102 3540 4163 Domini
3570 4120 3738 4162 occa-

359 4197 489 4259 τῆς.
542 4192 639 4251 Καί
690 4213 873 4270 φησιν,
945 4191 1026 4247 ὃτι
1126 4192 1182 4247 Εἰ
1263 4190 1487 4246 ἀπέθανε
1581 4194 1799 4269 Χριστὸς
1873 4192 2000 4270 ὑπὲρ

2098 4188 2313 4252 sionem
2346 4188 2419 4249 ad
2450 4188 2678 4249 virtutis
2705 4190 3199 4265 exhortationem,
3230 4201 3288 4252 et
3315 4193 3392 4252 ait
3421 4209 3433 4253 :
3463 4188 3523 4251 Si
3560 4188 3735 4251 Chri-

360 4281 522 4355 ἣμῶν
603 4281 753 4359 σαρκὶ
813 4279 896 4360 (οῦ
938 4280 1038 4358 γὰρ
1113 4281 1200 4336 καὶ
1254 4285 1322 4356 τῇ
1403 4281 1642 4355 ἀθανάτῳ
1701 4284 1855 4338 αὺτοῦ
1914 4283 2001 4336 καὶ

2098 4289 2204 4348 stus
2234 4298 2411 4340 carne
2464 4287 2731 4340 mortuus
2794 4289 2884 4340 est
2943 4298 3049 4360 pro
3108 4280 3278 4341 nobis
3329 4284 3544 4359 (neque
3575 4278 3733 4339 enim

359 4370 477 4440 θείᾳ
505 4368 698 4447 φύσει),
742 4370 956 4432 πλντως
1007 4370 1094 4425 καὶ
1151 4369 1305 4443 ὑμεῖς
1364 4366 1702 4433 ἀντιδιδόντες
1760 4374 1901 4444 αὒτῷ
1940 4372 2002 4425 τὸ

362 4456 653 4512 ἀποθανεῖν
715 4454 781 4511 δι’
839 4456 965 4513 αὐτὸ
1016 4462 1083 4533 τῇ
1136 4458 1386 4535 ἁμαρτίᾳ,
1438 4460 1531 4514 οὒκ
1601 4457 1675 4513 ἔτι
1744 4458 2001 4537 ἀνθρωπί-

360 4566 480 4609 ναις
549 4545 841 4620 ἐπιθυμίαις
906 4544 1188 4618 ἁλώσεσθε,
1264 4545 1401 4601 alia
1481 4548 1616 4602 κατὰ
1667 4549 1729 4603 τὸ
1794 4546 2003 4622 θέλημα

364 4634 527 4708 μόνον
557 4638 652 4689 τοῦ
682 4639 812 4688 Θεοῦ
839 4634 929 4689 τὸν
985 4632 1254 4690 ἐπίλοιπον
1299 4634 1492 4714 χρόνον
1550 4636 1765 4705 ζήσεσθε
1828 4636 1918 4690 τὸν
1950 4634 2003 4690 ἐν

361 4726 435 4798 τῇ
490 4721 665 4800 σάρκί.
724 4740 753 4781 ι
811 4724 1132 4785 Θανατωθεὶς
1217 4723 1311 4798 μὲν
1381 4723 1551 4802 σάρκί,
1590 4748 1616 4779 ιι
1681 4725 2001 4786 Θανατωθεὶς

366 4810 466 4888 μέν
493 4815 563 4886 τῇ
596 4811 745 4889 φύσει
788 4809 881 4877 τῆς
962 4813 1175 4890 σαρκὸς,
1245 4810 1504 4887 τουτέστι,
1561 4818 1630 4888 τῇ
1679 4812 1999 4890 ἀνθρωπίνῃ,

365 4898 598 4960 ἀναστὰς
628 4896 682 4953 δὲ
713 4904 782 4975 τῇ
811 4895 1023 4973 δυνάμει
1074 4903 1170 4966 τῆς
1224 4899 1496 4966 θεότητος.
1535 4902 1634 4958 Καὶ
1674 4901 1773 4980 γὰρ
1802 4900 2009 4974 πνεῦμά

367 4986 510 5043 ἐστιν
553 4989 582 5042 ὁ
639 4988 792 5061 Θεὸς,
825 4990 897 5050 ὡς
941 4987 1076 5055 αὐτὴ
1133 4992 1229 5055 τῆς
1270 4986 1538 5065 θεολογίας
1594 4990 1735 5065 ἡμᾶς
1764 4990 1800 5056 ἡ

366 5077 457 5134 καὶ
485 5075 642 5154 σοφία
684 5075 1129 5156 ἐμυσταγώγησεν
1140 5121 1153 5135 .
1423 5066 1428 5072 ’

456 5189 485 5220 ι
534 5161 622 5222 Ἐν
649 5167 695 5221 ὦ
721 5166 953 5232 καὶτοῖς
1009 5166 1064 5224 ἐν
1128 5166 1335 5248 φυλακῇ
1403 5166 1662 5242 πνεύμασι
1719 5166 2000 5243 πορευθεὶς,

368 5250 616 5333 ἐκήρυξεν
684 5253 996 5326 ἀπειθήσασί
1050 5278 1197 5319 ποτε,
1303 5249 1439 5314 U01::
1522 5251 1660 5318 ἅπαξ
1742 5251 2011 5332 ἐξεδέχετο

368 5344 408 5411 ἧ
474 5350 567 5399 τοῦ
621 5343 751 5399 Θεοῦ
818 5347 1145 5423 μακροθυμία
1213 5347 1268 5403 ἐν
1349 5346 1569 5422 ἡμέραις
1640 5348 1779 5418 Νῶε,
1839 5345 2007 5399 κάτα-

369 5432 762 5507 σκευςιζομένης
832 5431 1077 5515 κιϐωτοῦ,
1162 5438 1233 5501 εἰς
1307 5436 1371 5504 ἢν
1455 5432 1649 5512 ὀλίγοι,
1721 5430 2006 5512 τουτέστιν,

453 5592 720 5658 5610M.
759 5611 839 5671 in,
875 5600 930 5656 5.
1020 5596 1081 5645 57
1114 5595 1312 5659 Matth.
1347 5610 1546 5668 xxvm,
1587 5590 1680 5671 19,
1714 5590 1815 5653 20.

2087 4368 2405 4429 immortali
2438 4387 2542 4428 sua
2574 4379 2629 4429 et
2660 4369 2855 4429 divina
2889 4380 3096 4429 natura
3118 4369 3267 4429 mori
3289 4368 3734 4449 potuit),utique

2083 4469 2138 4519 et
2160 4475 2260 4517 vos
2302 4458 2487 4517 vicem
2542 4457 2594 4517 ei
2668 4458 3097 4538 rependentes,
3134 4457 3440 4518 moriendo
3494 4464 3735 4535 peccato

2092 4555 2335 4627 propter
2354 4546 2570 4625 ipsum,
2606 4565 2723 4608 non
2744 4547 2999 4626 amplius
3021 4547 3291 4606 humanis
3312 4544 3739 4624 concupiscen-

2094 4634 2190 4694 tiis
2208 4635 2657 4714 capiemini,sed
2678 4636 2785 4696 soli
2806 4633 3201 4696 Deivoluntati
3216 4634 3445 4714 reliquo
3470 4641 3735 4711 tempore

2094 4722 2153 4783 in
2182 4740 2361 4783 carne
2385 4724 2609 4783 vivetis.
2642 4724 3057 4784 «Mortiﬁcatus
3097 4722 3334 4802 quidem
3368 4740 3571 4783 carne.
3614 4746 3633 4774 ι
3671 4717 3734 4779 Id

2097 4822 2205 4886 est,
2259 4819 2472 4873 natura
2527 4813 2746 4884 carnis,
2786 4813 2899 4873 hoc
2927 4820 3039 4889 est,
3075 4812 3360 4893 humana,
3395 4811 3497 4873 sed
3530 4827 3735 4872 resur-

2090 4918 2235 4980 gens
2274 4900 2535 4978 potentia
2610 4901 2953 4962 divinitatis.
3033 4899 3263 4961 Etenim
3341 4901 3587 4981 spiritus
3649 4904 3739 4959 est

2093 4992 2250 5052 Deus
2273 4990 2357 5063 58,
2392 4990 2890 5069 quemadmodum
2924 4989 3389 5070 ipsereologiaa
3418 4990 3548 5051 fons
3570 5006 3637 5049 ac
3657 5003 3742 5047 sa-

2093 5077 2315 5158 pientia
2346 5096 2452 5138 nos
2484 5078 2703 5138 docuit.

2174 5164 2275 5241 Ill,
2313 5166 2378 5226 t9
2411 5172 2507 5225 22.
2547 5169 2682 5225 ύι4
2714 5166 2785 5227 [η
2807 5185 2920 5247 quo
2938 5169 3119 5230 etiam
3141 5169 3314 5245 abiit,
3339 5176 3398 5229 ει
3417 5165 3742 5249 spiritibus

2093 5259 2385 5336 quierant
2416 5258 2476 5314 in
2516 5273 2758 5317 carcere
2795 5257 3174 5334 pmdicavil,
3216 5260 3321 5337 qui
3341 5256 3744 5318 inobedientes

2093 5346 2833 5424 faerantquonlamL‘um
2843 5346 3748 5427 semetcxspectabaturDeilon-

2093 5451 2216 5518 gan
2227 5435 2327 5495 imi
2336 5442 2427 5495 tas
2444 5437 2507 5496 in
2525 5433 2887 5508 diebusNoe,
2913 5452 3050 5495 cum
3068 5438 3488 5517 apparabatur
3502 5434 3746 5507 arca,in

1900 5599 1963 5649 58
1989 5597 2160 5661 Joan.
2199 5612 2273 5671 IV,
2303 5596 2401 5658 24.
