4180 6212
512 336 630 403 559

515 575 765 639 aquam.
794 555 983 636 Cujus
1029 555 1242 635 ﬁgurae
1284 550 1824 629 nuncrespoudens
1844 550 2161 639 baptisma,

513 637 626 709 nos
650 662 883 726 quoque
898 645 1236 722 sataat,quo
1252 659 1373 703 non
1402 644 1612 702 carnis
1626 640 1834 700 sordes
1857 637 2160 715 obiiciun-

516 734 745 805 tur,sed
767 752 883 814 quo
920 733 990 812 ﬁt
1036 733 1105 832 ut
1145 730 1313 793 bome
1331 730 1717 832 conscientia?
1739 728 2057 832 responsio
2082 730 2163 791 sit

512 824 679 905 apud
707 826 922 897 Deum,
955 838 1065 902 per
1089 817 1589 882 'resurrectiouem
1604 818 1742 880 Jesu
1771 817 2024 892 Christi,
2056 820 2164 898 qui

511 919 600 976 est
630 912 707 974 ad
725 911 1037 974 dexteram
1056 908 1496 989 Dei,profectus
1524 907 1590 968 in
1611 908 1846 980 coetum,
1881 906 2161 986 subjectis

510 1001 634 1064 sibi
665 999 904 1082 augetis
932 1006 986 1060 et
1007 996 1402 1079 potestatibus
1422 1013 1490 1058 ac
1509 994 1855 1058 virtutibus.

598 1114 621 1146 σ
657 1092 725 1170 In
756 1108 870 1170 quo
901 1088 1100 1150 etiam.
1142 1112 1165 1141 ι»
1227 1084 1351 1147 Hoc
1409 1085 1462 1141 ἐν
1494 1089 1539 1159 ᾧ
1568 1084 1880 1145 causaliter
1907 1084 2161 1146 sumitur

514 1198 620 1261 pro
650 1178 816 1242 Ideo.
848 1178 998 1239 Cum
1030 1176 1190 1238 enim
1216 1174 1464 1236 dixisset
1492 1172 1646 1253 quod
1677 1191 1781 1252 pro
1804 1171 1974 1234 nobis
1993 1171 2157 1253 inju-

512 1260 622 1331 Stis
656 1275 923 1331 mortuus
950 1264 1047 1339 sit,
1081 1272 1141 1326 et
1162 1282 1230 1324 ex
1254 1263 1365 1324 hoc
1387 1261 1853 1323 demonstrasset
1871 1260 2028 1342 quod
2052 1279 2157 1341 pro

513 1358 708 1419 salute
739 1353 1001 1417 omnium
1037 1352 1345 1413 hominum
1367 1362 1619 1411 mortem
1644 1348 2160 1415 sustinueritdicit

511 1463 671 1506 nunc
693 1441 851 1524 quod
874 1441 1008 1503 ideo
1031 1457 1263 1524 quoque
1285 1438 1376 1499 his
1404 1437 1749 1519 praedicavit
1768 1437 1945 1518 quiin
1973 1438 2155 1499 infer-

511 1552 590 1595 no
614 1520 839 1594 detenti
863 1520 1066 1592 erantf
1091 1520 1168 1587 ’Ὀ
1200 1529 1496 1601 ἂντὶωτνον,
1556 1535 1671 1588 etc.
1725 1525 2041 1600 (Obscurus
2071 1533 2160 1589 est

1634 326 2047 393 (ECUMENII
2090 323 2385 387 TRICCIE
2422 318 2758 387 EPISCOPI

394 511 405 519 ο
512 466 1237 550 quapaucw,hoeest,octo
1259 463 1484 526 animo:
1502 467 1757 525 servatos
1776 460 2027 539 fuerunt
2052 479 2158 539 per

2241 463 2383 520 ὀκτὼ
2440 464 2610 542 ψυχαὶ
2673 459 2997 528 διεσώθησαν
3058 457 3124 515 δι’
3212 457 3423 522 ὕδατος,

3772 310 3891 379 560

3540 446 3553 469 ²
3565 447 3617 514 Ὀ
3672 455 3887 512 ἀντίτυ-

2244 574 2343 608 πον
2451 558 2538 608 νῦν
2658 551 2745 606 καὶ
2870 551 3013 625 ἡμᾶς
3145 547 3442 624 βάπτισμα,
3530 544 3589 601 οὗ
3693 544 3892 623 σαρκὸς

2244 640 2487 705 ἀπόθεσις
2623 640 2805 719 ῥύπου,
2945 636 3083 695 ἀλλά
3225 634 3570 705 συνειδήσεως
3682 633 3887 719 ἀγαθῆς

2244 727 2562 807 ἐπερώτημα
2671 729 2744 791 εἷς
2791 717 2800 719 -
2849 728 3003 801 Θεὸν,
3091 724 3157 781 δι’
3268 724 3603 786 ἀναστάσεως
3712 717 3891 786 Ἰησοῦ

2244 824 2491 896 Χριστοῦ,
2563 817 2620 882 ὃς
2675 815 2816 873 ἐστιν
2885 815 2939 871 iv
3007 812 3147 886 δεξιᾷ
3228 823 3322 872 τοῦ
3417 819 3548 871 Θεοῦ
3614 810 3885 887 πορευθεὶς

2242 906 2316 969 εἷς
2348 906 2587 986 οὖρανὸν,
2616 904 2983 983 ὑποταγέντων
3010 903 3154 978 αὐτῷ
3198 900 3439 982 ἀγγέλων
3494 901 3583 957 καὶ
3633 896 3884 964 ἐξουσιῶν

2240 996 2328 1051 καὶ
2357 993 2653 1071 δυνάμενων
2664 1041 2676 1053 .
2716 1015 2740 1051 ι

2328 1104 2351 1140 α
2387 1082 2477 1141 Ἐν
2519 1088 2565 1158 ᾧ
2599 1090 2688 1142 καὶ
2754 1095 2871 1147 τοῖς
2927 1081 2982 1137 iv
3023 1080 3254 1162 φυλακῇ.
3296 1104 3324 1136 ι
3400 1090 3565 1140 Τοῦτο
3620 1078 3732 1134 ἀντὶ
3788 1082 3883 1133 τοῦ

2243 1175 2336 1229 Διὸ
2362 1173 2541 1229 κεῖται
2598 1169 2990 1250 αἱτιολογικῶς.
3063 1171 3240 1227 Εἰπὼν
3295 1170 3395 1249 γὰρ
3439 1168 3521 1225 ὅτι
3589 1169 3720 1246 ὑπὲρ
3773 1171 3882 1222 τῶν

2238 1260 2430 1320 ἀδίκων
2464 1264 2617 1338 ἡμῶν
2646 1260 2893 1341 ἀπέθανε,
2941 1261 3029 1316 καὶ
3083 1259 3145 1316 ἐκ
3197 1260 3383 1316 τούτου
3466 1256 3587 1322 δοὺς
3655 1257 3883 1337 ἔμφασιν

2239 1349 2320 1407 ὅτι
2347 1350 2476 1429 ὑπὲρ
2537 1350 2797 1427 σωτηρίας
2853 1349 3098 1405 ἀπάντων
3153 1348 3438 1427 ἀνθρώπων
3495 1368 3587 1424 τον
3655 1346 3880 1402 θάνατον

2238 1438 2463 1512 ὑπέστη,
2495 1438 2639 1518 λέγει
2669 1437 2750 1494 ὅτι
2777 1436 2859 1518 8ιρ
2900 1438 3126 1499 καὶτοῖς
3182 1439 3238 1493 ἒν
3294 1443 3372 1511 τῷ
3414 1433 3514 1513 ᾅδῃ
3566 1430 3880 1518 κατεχομέ-

2240 1549 2347 1593 νοις
2413 1509 2681 1606 ἐκήρυξεν,
2724 1550 2743 1580 e
2798 1515 2878 1584 ιὈ
2906 1526 3206 1583 ἀντίτυπον.
3248 1546 3272 1581 ο
3308 1509 3381 1583 Td
3412 1509 3533 1591 ὲξῆς
3562 1509 3764 1586 οὕτως)
3825 1509 3881 1577 Ὀ

510 1621 608 1684 hic
666 1619 1009 1684 Graecorum
1063 1616 1378 1680 verborum
1430 1623 1754 1691 contextus,
1815 1625 1992 1696 atque
2020 1615 2155 1678 ideo

2239 1616 2510 1675 ἀντίτυπον
2539 1618 2626 1672 καὶ
2674 1617 2807 1690 ὑμᾶς
2865 1613 3019 1685 σώζει
3090 1624 3177 1672 νῦν
3248 1615 3519 1690 βάπτισμα
3574 1610 3633 1669 οὐ
3685 1610 3879 1688 σαρκὸς

510 1710 779 1799 pluribus
799 1706 1275 1799 vocibustatine
1298 1704 1567 1799 reddltus
1595 1726 1613 1799 _:
1648 1704 2155 1799 attameuGraecas

2239 1704 2395 1783 ῥύπου
2448 1706 2506 1761 ὃν
2558 1703 2826 1783 ἀπόθεσις,
2913 1701 3050 1758 ἀλλὰ
3104 1700 3450 1773 συνειδήσεως
3501 1701 3730 1780 ξάγαθῆς
3781 1701 3879 1766 τῆς

511 1786 803 1860 dictiones
850 1796 922 1858 ad
944 1792 1558 1866 verbumrreddendo,
1591 1793 1673 1854 ita
1701 1792 2085 1855 ordinabatur
2117 1796 2154 1856 ε)

2239 1795 2310 1857 είς
2356 1795 2510 1867 Θεὸν,
2559 1791 2678 1860 ἦτοι
2747 1792 2883 1848 κατᾶ
2940 1791 3092 1854 Θεόν,
3154 1790 3508 1870 Ἐπερώτημα
3556 1787 3638 1870 δὲ,
3692 1786 3878 1845 ταυτὲ-

509 1886 666 1968 quod
698 1887 900 1966 ﬁgurae
945 1883 1316 1965 respondens
1373 1900 1478 1944 vos
1526 1900 1761 1963 quoque
1790 1882 1970 1943 salvat
2000 1901 2157 1945 nunc

2239 1903 2375 1954 στιν,
2432 1878 2692 1962 ἀρραϐὼν,
2756 1880 3028 1961 ἐνέχυρον,
3114 1869 3400 1945 ἀπόδειξις,
3488 1901 3516 1933 ι
3552 1869 3877 1968 ιι’ττοταγέν-

510 1965 826 2056 baptisma,
860 1974 1017 2056 quod
1054 1991 1210 2035 uunc
1248 1971 1493 2052 rejectio
1528 1979 1616 2033 est
1644 1971 1906 2032 sordium
1934 1970 2153 2044 carnis,

2239 1992 2341 2027 των
2415 1971 2557 2045 αὐτῷ
2626 1968 2886 2049 ἀγγέλων,
2940 1991 2966 2027 ι
3025 1975 3103 2044 τῷ
3166 1967 3426 2044 ἧνωμένῳ
3491 1973 3569 2042 τῷ
3621 1965 3879 2044 ἀνθρώπῳ

511 2064 623 2128 sed
656 2065 975 2145 ἐπερὼτημα
1033 2060 1413 2124 conscientiae
1467 2060 1638 2121 bona;
1696 2078 1825 2139 quae
1864 2059 1936 2121 ad
1967 2059 2155 2121 Deum

2240 2058 2512 2126 δηλονότι.

508 2161 620 2225 est,
653 2138 775 2215 sive
804 2138 1137 2215 secundum
1166 2150 1377 2212 Deum.
1415 2148 1594 2210 Porro
1626 2138 1966 2228 ἐπεῴτημα,
2002 2148 2115 2211 hoc
2145 2154 2257 2228 est,
2290 2145 2568 2222 arrhabo,
2603 2145 2832 2228 pignus,
2866 2144 3317 2208 demonstratio.
3369 2164 3400 2206 ‹
3434 2140 3732 2223 Subjectis
3762 2138 3877 2202 sibi

508 2245 758 2326 angelis,
795 2266 826 2306 ›
861 2245 1029 2307 unito
1061 2241 1290 2305 homini
1318 2241 1622 2304 videlicet.

1154 2339 1400 2404 CAPUT
1444 2341 1518 2401 V.

2852 2343 3103 2399 ΚΕΦΑΛ.
3150 2324 3233 2395 ε’.

510 2430 605 2512 De
635 2433 962 2512 refectione
988 2446 1325 2510 pravarum
1353 2433 1683 2512 actionum,
1718 2434 1774 2512 et
1803 2427 2158 2512 repetitione

2248 2428 2434 2512 «ξΠερὶ
2456 2426 2758 2512 ἀποθέσεως
2788 2425 2998 2507 φαύλων
3028 2423 3285 2512 πράξεων,
3346 2423 3434 2512 καὶ
3467 2417 3875 2512 ⁸ἐπαναλήψειὲς

509 2508 823 2590 fructuum
851 2512 922 2573 iu
939 2508 1162 2591 sﬁiritu
1179 2512 1367 2587 iurata
1389 2509 1686 2571 donorum
1720 2508 2155 2571 diversitatem.

586 2687 684 2769 IV,
711 2696 738 2749 1
763 2690 819 2753 5.
846 2688 997 2751 Cum
1017 2688 1216 2767 igitur
1228 2687 1512 2750 Btm'stus
1520 2702 1738 2767 passus
1757 2687 1839 2748 sit
1853 2702 1960 2763 pro
1979 2682 2148 2746 abhis

2320 2498 2423 2565 τῶν
2452 2507 2507 2563 iv
2550 2498 2812 2583 πνεύματί
2863 2498 3080 2587 καρπῶν
3131 2506 3267 2561 κατὰ
3307 2504 3407 2571 τὴν
3463 2499 3715 2581 διαφορὰν
3771 2498 3878 2554 τῶν

2321 2587 2692 2667 χαρισμάτων,
2745 2610 2769 2641 u

2316 2712 2344 2744 κ
2409 2697 2634 2768 Χριστοῦ
2717 2689 2804 2746 οὖν
2868 2689 3125 2751 παθόντος
3178 2688 3308 2765 ὑπὲρ
3362 2687 3544 2768 ὑμῶν--
3566 2682 3740 2761 σαρκί,
3789 2679 3878 2738 καὶ

507 2762 773 2857 earue,et
790 2793 897 2839 vos
904 2762 1098 2855 juxta
1120 2775 1392 2838 eamdem
1412 2762 1836 2856 cogitationem
1858 2762 2148 2835 armemi-

2239 2780 2387 2856 5με⁴ῐς
2440 2762 2539 2846 τὴν
2611 2778 2774 2846 αὐτὴν
2862 2777 3063 2834 ἔννοιαν
3144 2762 3448 2835 ὁπλίσασθε.
3512 2762 3638 2830 ”Οτι
3692 2772 3721 2826 ὃ
3762 2791 3875 2826 πα-

506 2865 762 2944 ui:quod
780 2870 889 2945 qui
900 2882 1112 2944 passus
1127 2872 1216 2926 est
1232 2864 1750 2939 intramextestitit
1770 2883 1807 2923 a
1817 2862 2153 2943 peccato:iu

505 2952 616 3016 hoc
632 2960 700 3016 ut
703 2954 831 3033 jam
847 2970 972 3015 nou
983 2952 1801 3035 concupiscentiishomiuum
1812 2952 1935 3019 .sed
1949 2949 2155 3013 volun.

2233 2869 2337 2925 θὼν
2386 2867 2440 2923 iv
2513 2868 2663 2944 σαρκὶ
2731 2867 2995 2923 πέπαυται
3068 2865 3348 2945 ἁμαρτίας,
3407 2864 3480 2927 εἰς
3548 2863 3611 2917 τὸ
3681 2857 3874 2934 μηκέτι

2236 2956 2520 3036 ἀνθρώπων
2605 2955 2922 3036 ἐπιθυμίαις,
3014 2953 3150 3012 ἀλλὰ
3243 2953 3501 3030 θέλήματι
3571 2958 3728 3029 Θεοῦ,
3783 2950 3876 3006 τὸν

510 3043 624 3104 tati
645 3041 756 3103 Dei
772 3042 929 3122 quod
965 3049 1243 3121 superest
1281 3042 1346 3103 in
1369 3050 1798 3121 carnetempus
1812 3042 2006 3102 vivat.
2038 3036 2156 3100 Sat

2239 3044 2509 3102 ἐπίλοιπον
2577 3045 2632 3100 iv
2691 3047 2841 3125 σαρκὶ
2894 3046 3084 3122 βιῶσαι
3148 3044 3365 3124 χρόνον.
3443 3041 3692 3120 Ἀρκετὸς
3773 3037 3873 3117 γὰρ

507 3132 671 3193 enim
685 3112 860 3193 nobis
875 3112 1091 3210 quod'a
1100 3131 1378 3193 uteactoﬁ
1389 3112 1757 3211 lﬁtempoiw
1782 3132 1921 3192 vita:
1941 3129 2043 3207 qai
2056 3143 2155 3188 vo-

2239 3136 2371 3210 ἡμϊν
2439 3136 2467 3190 ὁ
2507 3112 2905 3213 παρεληλυθὼς.
2941 3134 3135 3215 χρόνος
3152 3112 3311 3190 ἢτοῦ
3356 3112 3520 3211 βίους
3550 3130 3611 3186 τὸ
3667 3112 3874 3215 θέλημα

511 3217 805 3281 luutatem
829 3221 1095 3299 gentium
1111 3219 1583 3300 patraverimus,
1613 3236 1746 3281 cum
1771 3233 2158 3281 versaremur

506 3308 575 3371 iu
588 3306 990 3382 lasciviis,con
998 3310 1398 3389 cupiscentiz‘s,
1408 3306 1781 3379 viuetontlis,
1798 3322 2157 3369 commessa-

507 3396 1676 3476 tionibus,compotationibus,etnefariis
1687 3396 2160 3459 simulacrorum

506 3484 977 3548 cuitibusﬂnde
998 3503 1219 3547 novum
1241 3486 1477 3548 videtur
1498 3484 1622 3547 illis
1644 3483 2160 3548 calumniantibus

515 3573 673 3655 quod
693 3592 819 3638 non
841 3581 1179 3637 accurratis
1200 3593 1325 3636 una
1369 3593 1501 3637 cum
1526 3576 1671 3655 ipsis
1692 3576 1762 3635 in
1787 3573 2053 3634 eamdem
2074 3570 2163 3634 lu-

511 3680 631 3726 mus
656 3665 1037 3742 refusionem.
1052 3663 1168 3738 Qui
1184 3664 1478 3726 reddituri
1491 3671 1631 3725 sunt
1661 3664 1952 3725 rationem
1974 3662 2029 3724 ei
2056 3665 2165 3741 qui

508 3761 764 3833 paratus
781 3758 864 3814 est
893 3753 973 3813 ad
983 3752 1376 3832 judicardum
1413 3754 1580 3814 vivos
1609 3770 1683 3813 ac
1712 3761 1995 3813 mortuos.

592 3838 751 3902 Ordo
780 3838 912 3900 talis
936 3849 1061 3900 est:
1107 3840 1250 3903 Cum
1284 3840 1467 3919 igitur
1494 3840 1761 3904 Christus
1795 3848 2061 3901 mortuus
2084 3837 2161 3898 sit

515 3947 826 4000 carne,vos
850 3947 1086 4009 quoque
1092 3929 1260 4009 juxta
1276 3929 1543 3991 eamdem
1566 3929 1976 4009 cogitationem
2001 3926 2159 3989 ordi-

514 4016 741 4078 nemini
771 4037 785 4078 :
812 4035 944 4077 nam
971 4017 1353 4098 mortui_estis
1374 4026 1430 4079 et
1453 4037 1573 4091 vos,
1598 4018 1815 4079 mundo
1832 4016 2107 4079 videlicet
2138 4036 2151 4077 :

511 4122 688 4186 porro
720 4104 820 4185 qui
881 4113 1144 4165 mortuus
1201 4114 1306 4181 est,
1359 4107 1605 4167 cessavit
1661 4126 1691 4167 a
1741 4114 2007 4187 peccato,
2040 4113 2155 4167 etc.

516 4217 541 4248 α
573 4191 675 4255 Sat
704 4192 862 4252 enim
896 4191 1091 4255 nobis.
1133 4216 1154 4250 ι)
1191 4192 1324 4257 Sive
1382 4194 1618 4256 abunde
1648 4195 1707 4256 in
1738 4196 1851 4256 vita
1895 4202 2160 4256 anteacta

2234 3224 2341 3279 τῶν
2474 3212 2631 3279 ἐθνῶν
2740 3212 3175 3302 κατεργάσασθαι,
3304 3218 3685 3301 πορευομένους
3822 3212 3877 3269 iv

2238 3309 2555 3389 ἀσελγείαις,
2701 3309 3017 3387 ἐπιθυμίαις,
3153 3308 3534 3391 οἰνοφλυγίαες,
3646 3306 3872 3380 κώμοις,

2238 3400 2445 3481 πότοις,
2505 3403 2592 3456 καὶ
2640 3399 2901 3475 ἀθεμίτοις
2958 3398 3424 3480 εἶδωλολατρείαις.
3484 3396 3574 3454 Ἐν
3627 3398 3702 3452 ὧν
3753 3391 3881 3459 ξενί-

2240 3495 2438 3561 ζονται,
2533 3511 2609 3564 μη
2677 3488 3054 3568 συντρεχόντων
3148 3489 3294 3563 ὑμῶν
3377 3488 3450 3550 εἰς
3531 3485 3630 3552 τὴν
3713 3483 3877 3548 αὐτὴν

2240 3582 2337 3645 τῆς
2419 3578 2646 3642 ἀσωτίας
2716 3577 3001 3658 ἀνάχυσιν,
3090 3576 3547 3656 βλασφημοῦντες.
3610 3574 3676 3631 Οἳ
3734 3570 3878 3627 ἀπο-

2239 3663 2462 3724 δώσουσι
2545 3665 2704 3744 λόγον
2772 3673 2848 3741 τῷ
2934 3667 3161 3742 ἐτοιμως
3246 3679 3420 3743 κρῖναι
3504 3663 3703 3735 ζῶντας
3786 3660 3874 3716 καὶ

2241 3757 2472 3834 νεκροὺς.
2515 3778 2539 3809 ιι

2318 3846 2389 3901 Τὸ
2432 3842 2552 3911 ἑξῆς
2583 3842 2745 3909 οὕτως
2782 3861 2794 3879 ⁸
2855 3849 3077 3922 Χριστοῦ
3133 3842 3220 3899 οὗν
3291 3840 3644 3906 ἀποθανόντος
3700 3839 3872 3918 σαρκὶ,

2237 3933 2324 3989 καὶ
2406 3933 2558 4001 ὑμεῖς
2612 3932 2747 3987 κατὰ
2816 3932 2915 3998 τὴ,
2972 3931 3136 3997 αὒτὴν
3219 3928 3423 3986 ἓννοιαν
3491 3929 3871 4008 εὐτρεπίσεσθε,

2239 4017 2548 4077 Ἀπεθάνετε
2578 4021 2677 4099 γὰρ
2731 4021 2819 4077 καὶ
2860 4022 3038 4096 ὑμεῖς,
3097 4021 3173 4095 τῷ
3238 4019 3426 4095 κόσμῷ
3489 4007 3755 4086 δηλονότι.
3813 4007 3872 4073 ιΟ

2238 4107 2293 4164 δὲ
2352 4109 2650 4183 ἀποθανὼν,
2712 4108 2972 4189 πέπαυται
3017 4108 3300 4189 ἁμαρτίας,
3353 4109 3440 4164 καὶ
3471 4105 3613 4174 ἑξῆς.
3681 4127 3705 4162 α
3741 4104 3873 4184 Ἀρ-

2239 4205 2405 4262 κετῶς
2449 4199 2548 4277 γὰρ
2576 4199 2734 4273 ἡμῖν.
2799 4188 2963 4254 ιἨτίιι
3034 4200 3226 4261 ἱκανῶς
3286 4188 3433 4253 κατά
3484 4199 3575 4252 τὸν
3630 4192 3873 4274 παρελη-

513 4282 870 4343 voluntatem
904 4282 1167 4361 gentium
1192 4285 1414 4364 Operati
1450 4304 1656 4345 sumus
1686 4303 1698 4346 :
1734 4285 1845 4346 hoc
1869 4293 1976 4358 est,
2006 4303 2155 4362 geu-

2240 4286 2428 4346 λυθότα
2466 4287 2596 4363 βίον.
2647 4288 2718 4345 Τὸ
2759 4286 2966 4363 θέλημα
3021 4292 3127 4342 τῶν
3180 4286 3338 4343 ἐθνῶν
3396 4284 3874 4363 κατειργασάμεθα,

512 4370 694 4432 tiliter
748 4371 1017 4445 viximus,
1080 4372 1424 4434 incedentes
1482 4374 1742 4451 gentium
1806 4373 2156 4435 more.[deo

509 4467 717 4539 gentes
740 4478 899 4521 nunc
931 4460 1054 4521 haec
1073 4461 1462 4525 demirantur.
1501 4462 1824 4522 «Eumdem
1857 4461 2158 4540 cogitatio-

511 4567 709 4609 nem.»
752 4547 875 4609 Hoc
903 4549 1198 4629 est.juxta
1230 4552 1499 4613 eamdem
1534 4550 1923 4611 intentionem
1958 4551 2158 4611 idem-

506 4655 623 4718 que
646 4637 1036 4717 propositum.
1074 4637 1220 4700 Nam
1273 4659 1378 4721 per
1408 4641 1703 4701 defectum
1736 4642 2156 4720 prOpositionis

506 4727 665 4801 κατὰ,
692 4725 750 4787 id
772 4734 881 4806 est,
911 4727 1093 4805 juxta.
1132 4728 1353 4790 dictum
1393 4737 1502 4791 est.
1544 4755 1569 4785 α
1595 4728 1706 4800 Qui
1741 4746 1943 4807 passus
1976 4738 2063 4789 est
2093 4729 2154 4789 in

508 4830 686 4874 carne
712 4833 727 4874 :
758 4839 783 4869 π
812 4815 924 4876 hoc
953 4823 1061 4891 est,
1106 4818 1370 4879 Mortuus
1396 4826 1504 4891 est,
1535 4818 1751 4879 similia
1780 4818 1989 4879 dicens
2019 4836 2153 4879 cum

510 4899 724 4963 Paulo:
757 4902 852 4964 «Si
878 4903 1091 4965 mortui
1113 4923 1317 4966 sumus
1339 4925 1471 4967 cum
1495 4905 1750 4974 Christo.
1791 4906 1964 4967 etiam
1997 4906 2155 4968 vive-

508 5008 639 5051 mus
669 5009 802 5052 cum
836 5011 928 5056 eo.
962 4992 1032 5054 Et
1094 4995 1309 5056 mortui
1361 4996 1601 5076 quidem
1636 4996 1865 5057 erimus
1897 5004 2157 5073 peccato,

507 5079 613 5140 sed
632 5078 891 5142 vivemus
913 5084 1034 5144 Deo
1057 5083 1142 5144 59.
1158 5083 1584 5146 n—cSatenim
1613 5085 1804 5147 nobis.
1820 5084 2161 5165 nTanquam

507 5167 743 5232 diceret
779 5190 792 5230 :
856 5170 1003 5243 Quid
1063 5180 1260 5234 autem
1293 5174 1317 5234 Υ
1361 5193 1557 5235 annon
1617 5174 1853 5236 abunde
1883 5173 2047 5235 vobis
2074 5184 2161 5236 est

508 5257 665 5337 quod
691 5270 853 5320 tanto
875 5262 1005 5322 vitae
1052 5269 1318 5343 tempore
1348 5263 1525 5325 simul
1553 5263 1918 5325 indulseritis
1948 5264 2157 5345 volup-

508 5346 725 5408 tatibus
747 5348 777 5407 ?
798 5367 995 5411 annon
1028 5349 1303 5413 similiter
1338 5360 1399 5413 ut
1450 5367 1505 5414 et
1534 5361 1741 5431 gentes
1762 5352 1978 5414 lascive
2007 5353 2160 5414 vixi-

509 5435 616 5499 stis
637 5436 669 5498 ?
700 5442 761 5501 et
785 5456 919 5520 quae
963 5440 1186 5502 fuerint
1245 5441 1497 5505 lasciviae
1525 5461 1595 5505 ac
1618 5442 2062 5512 obscmnitates,
2099 5442 2158 5503 in

584 5605 650 5659 ω
678 5608 850 5670 Rom.
879 5624 960 5689 v1,
995 5610 1175 5678 8-10.

2238 4376 2522 4455 τουτέστιν,
2598 4375 2809 4441 ἐθνικῶς
2887 4377 3174 4455 ὲζήσαμεν,
3233 4372 3614 4453 πεπορευμένοι
3670 4374 3744 4436 ὡς
3812 4375 3878 4428 τὰ

2240 4466 2382 4533 ἔθνη,
2424 4466 2616 4544 Διόπερ
2643 4473 2805 4522 ταῦτα
2834 4469 2898 4522 τα
2942 4466 3063 4533 ἔθνη
3119 4476 3206 4525 νῦν
3261 4465 3563 4536 ξενίζονται,
3617 4488 3642 4519 α
3705 4463 3880 4531 Δῦτὶλν

2240 4556 2458 4615 ἔννοιαν,
2516 4576 2543 4611 ι
2599 4552 2742 4611 Ἀντὶ
2811 4562 2903 4612 τοῦ
2999 4557 3133 4612 κατὰ
3230 4557 3391 4622 αὐτὴν
3463 4553 3689 4634 ἔννοιαν,
3742 4553 3880 4609 κατά

2238 4645 2327 4699 τὸν
2357 4644 2511 4699 αὐτὸν
2543 4644 2763 4702 σκοπόν.
2798 4642 3181 4709 Ἐλλειπτικῶς
3223 4644 3322 4722 γὰρ
3390 4648 3488 4711 τῆς
3547 4643 3695 4700 Κατά
3739 4663 3879 4721 προ-

2234 4732 2425 4795 θέσεως
2475 4731 2708 4811 εἴρηται.
2750 4756 2772 4786 ιι
2813 4725 2869 4790 Ὀ
2897 4734 3076 4789 παθὼν
3134 4734 3187 4790 ὲν
3232 4734 3402 4811 σαρκί.
3437 4752 3466 4792 ξ
3535 4732 3679 4787 Ἀντὶ
3760 4737 3875 4805 τοῦ,

2242 4813 2298 4877 Ὀ
2343 4820 2640 4894 ἀποθανὼν,
2688 4818 2847 4897 ὅμοια
2872 4820 3065 4896 Παύλῳ
3093 4820 3264 4901 λέγων
3313 4839 3325 4853 °
3389 4840 3419 4880 (
3450 4821 3510 4878 Ei
3553 4819 3881 4895 ἀπεθάνομευ

2240 4910 2329 4964 σὺν
2359 4915 2591 4987 Χριστῷ,
2650 4911 2738 4965 καὶ
2808 4911 3103 4986 συζήσομεν
3146 4911 3309 4984 αὐτῷ.
3398 4911 3499 4968 Καὶ
3554 4908 3726 4988 νεκροὶ
3780 4907 3882 4984 μὲν

2243 4997 2468 5074 ἐσόμεθα
2511 5003 2578 5074 τῇ
2606 4998 2854 5077 ἁμαρτίᾳ,
2900 5004 3093 5079 ζῶντες
3136 4996 3191 5054 δὲ
3221 5004 3297 5073 τῷ
3327 5005 3464 5074 Θεῷ.
3501 5021 3528 5054 η
3565 5032 3634 5042 -
3675 5020 3707 5057 ι
3746 4997 3879 5079 Ἀρ-

2240 5094 2405 5152 κετῶς
2463 5087 2562 5166 γὰρ
2630 5088 2787 5162 ἡμῖν.
2826 5111 2852 5142 ι
2933 5078 3177 5167 Ὣσπερεὶ
3245 5088 3442 5167 ἔλεγεν,
3490 5090 3550 5147 Τί
3617 5087 3713 5170 δέ,
3774 5078 3882 5147 Οὔκ

2239 5176 2527 5256 ἧρκὲσθητε
2570 5184 2814 5233 τοσοῦτον
2865 5177 3057 5257 χρόνον
3109 5191 3231 5242 ταῖς
3287 5189 3379 5237 τοῦ
3446 5179 3558 5255 βίου
3615 5177 3884 5244 συνεξετα-

2240 5264 2450 5342 ζόμενοι
2521 5262 2891 5346 ἡδυπαθείαιςς
2954 5265 2988 5334 ἢ
3059 5268 3194 5347 οὗχὸ
3254 5269 3419 5343 μοίως
3495 5282 3613 5334 τοῖς
3683 5266 3882 5325 ἔθνεσιν

2244 5354 2480 5433 ἀσελγῶς
2525 5351 2828 5434 ἐϐιώσατε,
2888 5356 2975 5411 καὶ
3028 5355 3143 5411 τίνα
3199 5356 3263 5411 τὰ
3306 5354 3506 5435 ἀσελγῆ
3577 5356 3695 5415 κατ’
3739 5355 3884 5423 εἶδος

2245 5444 2457 5523 ἐπέ-ζει,
2492 5442 2760 5522 ἀντρέπων
2818 5443 3025 5507 αὐτούς.
3111 5467 3135 5501 ιι
3183 5444 3568 5525 Οὶνοφλυγίαις,
3625 5472 3646 5503 ι
3725 5448 3884 5505 Οἶνο-
