4180 6212
326 372 438 450 561

1422 390 1817 454 COMMENT.
1866 387 1947 449 IN
1993 382 2237 447 EPIST.
2282 381 2309 444 Ι
2352 383 2412 443 S.
2458 381 2713 443 PETRI.

3585 379 3703 445 562

327 517 570 599 φλυγίαις
601 534 724 583 ταῖς
752 520 837 577 ἐπὶ
862 522 954 577 τὸν
1011 523 1161 579 οἶνον
1217 522 1495 602 ἀκρατέσιν
1549 526 1767 600 ὁρμαῖς.
1832 543 1856 577 α
1893 521 1967 579 Ἐκ

2066 518 2265 599 specie
2282 515 2608 598 subjungit,
2629 505 2999 580 confundens
3015 516 3197 597 ipsos.
3229 541 3250 573 ι
3280 514 3701 579 νίιιοιοιιιίἰε.›

325 612 373 682 ᾧ
402 606 709 679 ξενίζονται.
760 631 789 669 ι
866 613 937 668 Τὸ
996 610 1275 682 ξενίζονται
1347 612 1460 668 ἀντὶ
1514 619 1604 668 τοῦ
1658 611 1979 687 θαυμάζουσι

326 698 510 754 κεῖται
544 742 558 755 .
595 687 674 756 ”Ο
706 696 761 755 δὲ
791 698 934 776 λέγει
966 699 1121 757 τοῦτο
1166 699 1277 757 ἐστι
1304 720 1316 733 ·
1383 699 1629 766 Καθάπαξ
1685 700 1979 775 ἀπειπάμε-

327 808 410 841 νοι
454 792 560 842 τῶν
593 785 808 842 ἐθνικῶν
838 786 1268 863 ἐπιτηδευμάτων
1312 788 1365 845 ἐν
1411 794 1495 855 οἷς
1572 789 1791 860 ἐζήσατέ
1824 809 1978 867 ποτε,

323 880 421 929 τοῦ
466 874 875 954 ἐπανῃρημένου
916 878 1043 949 ὑμῖν
1105 885 1301 952 σεμνοῦ
1370 878 1483 954 βίου
1541 878 1748 957 ἔχεσθε.
1827 877 1978 935 Οὕτω

325 964 429 1042 γὰρ
460 962 523 1019 ἂν
563 966 652 1019 καὶ
707 964 854 1021 αὖτοὶ
908 966 957 1020 οἱ
1020 964 1211 1023 ἐθνικοὶ
1267 968 1617 1041 θαυμάζονται
1678 968 1838 1042 ὑμᾶς,
1900 968 1975 1041 μὴ

326 1051 714 1131 συντρέχοντας
748 1054 927 1114 αὺτοῖς
959 1056 1030 1117 εἷς
1063 1056 1159 1122 τὴν
1222 1057 1409 1130 ὁμοίαν
1439 1058 1619 1119 αὐτοῖς
1676 1061 1772 1122 τῆς
1860 1054 1975 1110 ἀσε-

324 1137 472 1204 ϐείας
544 1142 802 1221 ἀνάχυσιν
868 1142 981 1204 ἤτοι
1040 1144 1315 1223 σύγχυσιν.
1394 1148 1486 1201 Διὸ
1553 1147 1640 1202 καὶ
1698 1146 1831 1220 μετᾶ
1886 1153 1977 1203 τοῦ

323 1230 610 1304 θαυμάζειν
639 1232 726 1287 καὶ
758 1230 1122 1310 ἐξαπορεϊσθαι
1192 1241 1261 1311 τῇ
1345 1232 1613 1311 μεταϐολῇ
1688 1237 1859 1309 ὑμῶν,
1918 1238 1978 1292 οὐ

324 1319 491 1392 μόνον
563 1321 1031 1399 καταισχύνονται,
1094 1320 1230 1379 ἀλλά
1272 1325 1360 1379 καὶ
1412 1322 1804 1402 βλασφημοῦσι,
1852 1344 1975 1378 του-

321 1406 496 1480 τέστι,
571 1411 902 1465 σκώπτουσιν
958 1411 1118 1485 ὑμᾶς,
1187 1409 1461 1488 Βδέλυγμα
1522 1412 1621 1489 γὰρ
1677 1408 1975 1489 ἀμαρτωλῴ

320 1493 616 1559 θεοσέϐεια,
664 1500 818 1554 Οὗτοι
871 1495 923 1553 δὲ
961 1502 1047 1555 καὶ
1102 1498 1217 1556 οὔδε
1261 1501 1593 1580 ἀτιμώρητον
1665 1498 1833 1565 ἕξουσι
1876 1499 1974 1565 τὴν

2065 606 2246 668 intem
2256 604 2598 684 perantibus
2615 604 2736 667 vini
2757 604 3243 689 appetitionibns.
3258 604 3460 668 «Unde
3481 624 3695 667 novum

2062 694 2296 757 videtur
2314 695 2451 757 illis.
2467 719 2489 752 ι)
2519 698 2821 767 Ξενίζονται
2845 694 3081 774 penitur
3099 711 3204 774 pro
3222 695 3562 770 θαυμάζουσι,
3577 694 3700 758 Hoc

2064 782 2649 857 est,admirantur.ld
2667 791 2863 845 autem
2884 782 3142 864 estquod
3157 783 3319 846 dicit:
3347 782 3492 847 Cum
3508 784 3697 846 semel

2061 873 2540 935 renuntiaveritis
2579 873 2840 950 gentium
2892 872 3126 948 studiis,
3159 871 3374 953 quibus
3399 872 3697 953 quondam

2062 961 2365 1041 vivebatis,
2418 963 2735 1024 adhmretis
2768 960 2897 1021 vita:
2942 961 3209 1022 honestae
3260 979 3434 1041 quam
3464 979 3698 1023 assum-

2061 1050 2281 1130 psistis.
2315 1051 2399 1112 Ita
2431 1050 2589 1111 enim
2620 1051 2734 1131 ipsi
2764 1068 2998 1130 quoque
3026 1051 3274 1128 gentiles
3330 1049 3700 1112 admirantur

2062 1157 2181 1211 vos,
2215 1140 2372 1220 quod
2406 1160 2524 1200 non
2556 1139 2925 1201 concurratis
2956 1158 3091 1200 cum
3113 1139 3273 1200 eisin
3298 1138 3553 1199 similem
3587 1140 3699 1200 im-

2062 1226 2300 1306 pietatis
2322 1228 2681 1289 refusionem
2699 1230 2821 1288 sive
2836 1226 3268 1288 confusionem.
3292 1225 3555 1307 Ideoque
3578 1246 3697 1288 non

2060 1315 2249 1375 solum
2282 1317 2651 1378 admirantur
2677 1324 2734 1375 et
2763 1323 3002 1395 stupent
3052 1314 3127 1375 ob
3180 1315 3564 1376 mutationem
3596 1333 3699 1377 ve-

2058 1414 2383 1475 stram,non
2399 1408 2586 1468 solum
2603 1406 3135 1487 pudetiunt.verum
3149 1405 3326 1468 etiam
3340 1406 3701 1467 calumnian-

2059 1501 2171 1568 tur,
2195 1497 2305 1556 hoc
2329 1495 2698 1569 est,irrident
2715 1513 2837 1557 vos.
2867 1494 3247 1557 Abominatio
3267 1504 3357 1555 est
3377 1494 3537 1555 enim
3562 1514 3701 1575 pec-

322 1585 576 1651 τοιαύτην
619 1583 985 1667 βλασφημίαν,
1034 1587 1170 1645 ἀλλὰ
1212 1587 1434 1645 δώσουσι
1490 1588 1670 1667 λόγον,
1744 1595 1820 1662 τῷ
1889 1587 1967 1644 ἐπ’

2055 1583 2237 1643 catori
2268 1584 2497 1647 divinus
2529 1584 2739 1659 cultus,
2778 1583 2852 1646 Hi
2880 1591 3079 1645 autem
3110 1602 3304 1664 neque
3335 1583 3580 1662 impune
3600 1583 3694 1646 fe-

322 1673 470 1747 αὖτῷ
538 1674 707 1746 τούτρ
761 1674 1095 1749 ἀμεταθέτως
1180 1679 1267 1734 καὶ
1324 1675 1540 1756 ἐδραίως
1605 1674 1967 1751 καθεδουμένῳ

2053 1680 2185 1732 rent
2214 1673 2553 1753 hujusmodi
2578 1671 2933 1745 calnninian,
2982 1672 3086 1733 sed
3110 1672 3364 1735 reddent
3394 1672 3689 1735 rationem

323 1766 433 1816 τῶν
461 1761 672 1817 πάντων
714 1770 892 1842 κριτῇ.
924 1767 1086 1821 Τοῦτο
1111 1766 1209 1843 γὰρ
1261 1767 1322 1821 τὸ
1402 1754 1664 1840 ΠΕτοιμον
1722 1764 1966 1839 σημαίνει

2053 1760 2459 1824 universmum
2487 1762 2696 1840 judici,
2732 1762 2831 1841 qui
2862 1762 2935 1823 ad
2969 1762 3081 1822 hoc
3113 1762 3306 1840 ipsum
3338 1760 3691 1824 immutabi-

325 1849 571 1930 ἐνταῦθα,
604 1853 678 1914 ὡς
708 1854 906 1932 καὶτὸ,
972 1877 997 1908 ιι
1065 1844 1387 1934 έΕτοιμάζων
1430 1853 1526 1934 ὄρή
1597 1854 1650 1910 ἐν
1701 1860 1768 1931 τῇ
1823 1854 1967 1932 ἶσχύτ

2058 1849 2193 1911 liter
2222 1870 2289 1912 ac
2322 1852 2572 1914 ﬁrmiter
2601 1851 2770 1911 sedet
2802 1868 2815 1912 :
2850 1869 2984 1911 nam
3010 1851 3065 1911 id
3096 1850 3391 1931 signiﬁcat
3420 1851 3533 1912 hoc
3561 1850 3694 1913 loco

321 1941 505 2011 αὗτοῦ,
545 1963 574 1994 ι
609 1942 696 1997 καὶ
728 1940 782 1997 ἐν
810 1949 911 2017 τῷ,
966 1963 993 2001 (
1043 1932 1306 2018 ’Ἐτοιμος
1337 1946 1364 1999 ὁ
1418 1932 1601 2022 θρόνος
1656 1966 1772 2006 σου.
1812 1966 1837 1998 n
1888 1949 1967 2017 Τῷ

2061 1942 2330 2000 Paratum
2364 1957 2532 2002 esse:
2568 1940 2721 2001 sicut
2750 1958 2930 2019 quum
2957 1938 3193 2001 dicitur:
3225 1938 3488 2000 «Parans
3518 1958 3693 2001 mon-

321 2027 414 2085 οὗν
485 2028 819 2104 ἀμεταθέτως
875 2033 963 2087 καὶ
1014 2030 1237 2108 βεϐαίως
1294 2033 1516 2110 κρίνοντι
1615 2039 1813 2104 ζῶντας
1886 2034 1973 2088 καὶ

323 2118 539 2197 νεκροὺς
569 2116 791 2177 δώσουσι
835 2119 992 2199 λόγον
1048 2123 1094 2178 οἱ
1124 2120 1470 2201 χλευάζοντες
1516 2123 1675 2197 ὑμᾶς.
1739 2128 1858 2185 Πῶς
1916 2118 1970 2176 δὲ

321 2206 536 2276 ζώντων
578 2208 762 2285 κριτὴς
794 2209 883 2264 καὶ
912 2207 1584 2289 νεκρῶιι,;ὲξῆςξς’δηλώσει.

412 2495 432 2525 ι
490 2475 573 2538 Εἰς
621 2484 774 2533 τοῦτο
856 2476 956 2553 γὰρ
1026 2477 1111 2532 καὶ
1182 2489 1388 2555 νεκροῖς
1447 2472 1814 2552 εὐηγγελίσθη,
1874 2473 1967 2530 ἵνα

316 2565 537 2640 κριθῶσι
568 2564 665 2638 μὲν
692 2565 829 2621 κατᾶ
869 2565 1167 2643 ἀνθρώπους
1196 2567 1344 2643 σαρκὶ
1386 2565 1515 2636 ζῶσι
1546 2562 1600 2619 δῖ
1654 2563 1787 2620 κατά
1838 2563 1967 2619 Θεὸν

320 2652 605 2728 πνεύματι.
649 2678 669 2707 ιι

403 2744 476 2800 Τὸ
549 2743 673 2810 ἑξῆς
733 2744 897 2807 οὕτως
935 2762 949 2775 ⁸
1009 2747 1159 2801 Οὗτοι
1235 2748 1281 2801 οἱ
1338 2743 1771 2823 βλασφημοῦντες
1829 2743 1966 2817 ὑμᾶς

318 2830 547 2889 δώσουσι
578 2832 736 2910 λόγον
781 2841 859 2907 τῷ
919 2834 1120 2896 πάντας
1167 2841 1423 2913 κρινοῦντι
1480 2833 1679 2903 ζῶντας
1732 2832 1818 2886 καὶ
1886 2852 1968 2886 νε-

320 2922 504 2999 κρούς.
558 2924 825 2999 Κρίνονται
856 2923 956 3002 γὰρ
984 2924 1070 2978 καὶ
1100 2924 1289 3003 νεκροί,
1341 2924 1436 2980 Καὶ
1495 2920 1660 2977 δῶλον
1717 2920 1822 2976 ἀπὸ
1869 2926 1965 2987 τῆς

316 3010 417 3066 τοῦ
491 3010 675 3088 Κυρίου
732 3012 802 3073 εἷς
868 3013 959 3067 τὸν
1042 3008 1181 3084 ᾅδην,
1231 3011 1537 3090 παρουσίας.
1613 3011 1780 3068 Κάκεῖ
1869 3010 1967 3087 γὰρ

321 3097 664 3173 ἐπιδημήσας
698 3099 753 3155 ἐν
784 3100 860 3173 τῷ
890 3101 1022 3156 κατα
1065 3102 1152 3157 τὸν
1199 3102 1417 3179 σταυρὸν
1471 3098 1713 3167 δηλονότι
1760 3099 1966 3173 θανάτῳ

2058 2035 2146 2088 tes
2168 2027 2225 2088 in
2245 2028 2456 2089 virtute
2473 2027 2690 2090 tua60.»
2717 2027 2808 2099 Et,
2841 2049 2867 2085 ι
2897 2029 3103 2088 Parata
3120 2027 3295 2089 sedes
3320 2027 3688 2092 ὅΙϐῑιιιιίί.»

2051 2115 2119 2177 Ei
2152 2135 2290 2197 ergo
2310 2115 2874 2198 quiimmutabiliter
2900 2134 2968 2177 ac
3018 2114 3267 2176 firmiter
3280 2116 3509 2195 judicat
3534 2115 3694 2178 vivos

2051 2224 2119 2266 ac
2142 2214 2424 2275 mortuos,
2454 2205 2707 2267 reddent
2728 2204 3015 2266 rationem
3044 2204 3144 2284 qui
3168 2223 3269 2266 vos
3299 2203 3689 2268 snbsanuant.

2051 2292 2359 2366 Quomodo
2371 2304 2567 2357 autem
2586 2294 2903 2363 viventium
2922 2293 2997 2354 sit
3002 2292 3189 2372 judex
3207 2313 3275 2355 ac
3296 2301 3689 2372 mortuorum,

2050 2394 2482 2465 consequenter
2513 2381 2930 2446 manifestabit.

2129 2471 2225 2546 IV,
2255 2474 2312 2535 6.
2341 2475 2495 2535 Num
2520 2475 2632 2535 hoc
2650 2473 2900 2533 mortuis
2922 2489 3159 2553 quoque
3176 2470 3585 2552 praedicatum
3607 2480 3694 2535 est

2055 2561 2497 2642 Evangelium:
2544 2569 2610 2625 ut
2645 2562 3006 2641 judicentur
3064 2561 3304 2640 quidem
3356 2562 3691 2624 secundum

2048 2647 2317 2712 homines
2340 2669 2543 2731 carne,
2570 2654 2778 2713 vivant
2793 2658 2993 2713 autem
3003 2655 3194 2728 juxta
3222 2653 3415 2713 Deum
3437 2653 3684 2730 spiritu.

2132 2735 2288 2797 Ordo
2314 2737 2445 2798 talis
2474 2746 2561 2799 est
2589 2759 2600 2797 :
2633 2736 2707 2799 Hi
2729 2739 2830 2819 qui
2856 2757 2958 2799 vos
2981 2738 3416 2800 calumniantur
3439 2739 3692 2800 reddent

2048 2825 2338 2887 rationem
2374 2825 2428 2887 ei
2460 2827 2558 2905 qui
2592 2847 2797 2890 omnes
2818 2828 3052 2909 judicat
3072 2827 3233 2889 vivos
3265 2846 3334 2890 ac
3381 2835 3682 2889 mortuos:

2048 2933 2184 2975 nam
2207 2915 2551 2995 judicantur
2581 2925 2638 2976 et
2667 2918 2886 2979 mortui
2913 2917 3104 2997 :quod
3133 2917 3503 2979 manifestum
3520 2925 3684 2978 estex

2049 3004 2303 3065 adventu
2335 3004 2570 3067 Domini
2596 3006 2667 3067 ad
2701 3006 2943 3069 inferos.
2980 3007 3124 3070 Cum
3168 3007 3327 3068 enim
3351 3026 3420 3069 eo
3454 3022 3689 3088 quoque

2048 3094 2325 3173 venisset,
2349 3093 2625 3156 videlicet
2644 3114 2749 3176 per
2771 3106 3019 3158 mortem
3046 3115 3213 3158 suam
3241 3096 3301 3158 in
3324 3113 3687 3176 cruce,praa-

321 3190 506 3258 αὖτοῦ,
553 3187 793 3266 ἐκήρυξεν
837 3188 1015 3268 ὥσπερ
1057 3190 1144 3245 καὶ
1172 3189 1257 3245 ἐπὶ
1307 3190 1406 3255 τῆς
1451 3193 1553 3266 γῆς
1604 3200 1720 3249 τοῖς
1778 3191 1961 3256 ζῶσιν.

2053 3182 2291 3262 dicavit,
2311 3166 2469 3244 sicut
2489 3192 2546 3244 et
2564 3166 2755 3262 iis.qui
2771 3186 2829 3245 in
2850 3180 3311 3249 terra'vivebant.
3338 3166 3686 3247 Pmdicavit

321 3274 579 3355 Ἐκήρυξε
629 3275 682 3332 δὲ
738 3279 798 3333 οὗ
854 3276 1020 3356 λόγῳ,
1067 3276 1202 3333 ἀλλά
1284 3278 1573 3357 πράγματι.
1639 3277 1736 3333 Καὶ
1792 3274 1967 3352 ὥσπερ

2053 3277 2244 3329 autem
2264 3288 2381 3329 non
2408 3288 2706 3353 sermone,
2732 3272 2836 3333 sed
2862 3292 3065 3353 opere,
3092 3272 3682 3355 thuemadmodum

321 3366 379 3424 ἒν
409 3374 487 3441 τῷ
539 3367 725 3441 κόσμῷ
781 3367 1229 3447 παραγενόμενος,
1305 3380 1422 3430 τοῖς
1484 3366 1579 3441 μὲν
1650 3362 1967 3441 ἐπεγνωέναι

2053 3356 2109 3417 in
2129 3359 2411 3419 mundum
2428 3360 2852 3434 adveniens,iis
2867 3362 2965 3443 qui
2984 3363 3167 3443 parati
3189 3372 3378 3438 erant,
3405 3374 3469 3425 ut
3492 3362 3684 3443 ipsum

320 3456 556 3531 ἀτοίμως
613 3454 829 3536 ἔχουσιν
898 3458 1078 3536 αὒτὸν,
1138 3457 1211 3519 εἷς
1292 3454 1552 3529 δικαίωμα
1610 3452 1957 3533 παραγέγονε,

2053 3450 2574 3526 cognoscerent,ad
2585 3450 3075 3529 justificationem
3093 3452 3681 3530 venit°ignorareau-

318 3559 440 3608 τοῖς
469 3542 522 3600 δὲ
552 3546 872 3623 ἀγνοήσασιν
899 3548 971 3608 εἰς
1000 3545 1327 3625 κατάκρισιν,
1390 3542 1528 3599 οὕτω
1582 3544 1669 3600 καὶ
1726 3556 1841 3605 τοῖς
1873 3541 1964 3597 ἐν-

2053 3536 2550 3625 lemcupientibus
2564 3541 2640 3599 ad
2658 3539 3239 3602 condemnationem:
3261 3540 3341 3601 ita
3360 3550 3417 3602 et
3456 3540 3549 3601 his
3582 3538 3683 3620 qui

322 3631 451 3710 ᾄδῃ,
496 3633 616 3695 τοῖς
648 3633 742 3708 μὲν
774 3635 909 3690 κατὰ
974 3635 1141 3713 σάρκα
1210 3636 1427 3705 ζήσασιν
1493 3632 1825 3711 ἀνθρωπίνως
1894 3632 1963 3695 εἰς

2053 3623 2197 3703 apud
2216 3622 2640 3701 inferoserant.
2674 3625 2816 3687 Nam
2833 3627 2927 3691 his
2950 3629 3048 3709 qui
3075 3628 3401 3715 secundum
3443 3646 3683 3690 carnem

320 3737 498 3798 κατμα
554 3722 893 3801 παρεγένετο,
951 3736 1069 3786 τοῖς
1169 3722 1223 3778 δὲ
1282 3723 1417 3778 κατὰ
1471 3728 1677 3796 πνεῦμα
1746 3721 1958 3791 ζήσασι,

2053 3712 2305 3801 humano
2327 3732 2488 3774 more
2503 3714 2900 3794 vixerant,adj
2912 3717 3171 3779 udicium
3188 3712 3575 3779 advenitJllis
3592 3733 3690 3777 ve-

322 3812 582 3885 τουτὲστι,
642 3812 778 3867 κατά
832 3800 1184 3884 πνευματικὸς
1236 3812 1322 3867 καὶ
1378 3811 1619 3889 ἐνάρετον
1706 3809 1839 3886 βίον,
1891 3809 1963 3871 εἰς

2053 3818 2112 3889 ro
2131 3800 2229 3881 qui
2252 3802 2576 3863 secundum
2595 3804 2865 3884 spiritum
2888 3806 3243 3880 vixerunt,id
3260 3815 3367 3887 est,
3370 3808 3538 3888 juxta
3561 3806 3684 3887 spi-

318 3898 472 3966 δόξαν
500 3903 587 3957 καὶ
644 3900 935 3980 σωτηρίαν.
998 3891 1174 3957 "sto-te
1227 3902 1314 3957 καὶ
1370 3899 1581 3971 ζώντων
1623 3899 1711 3954 καὶ
1767 3902 1963 3974 νεκρῶν

318 3990 507 4069 κριτὰς
539 3989 751 4053 δικαίως
785 3988 844 4046 ἀν
875 3989 1105 4068 λέγοιτο.
1169 4024 1240 4034 -
1280 3980 1525 4051 υΛλλως.
1588 3990 1646 4045 Οἱ
1717 3987 1813 4051 μὲν
1866 4008 1939 4041 πα

317 4079 461 4136 λαιοὶ
488 4084 591 4135 tim
626 4078 870 4155 Πατὲρων
913 4080 1065 4136 τούτο
1116 4081 1198 4159 τὸ,
1262 4080 1358 4137 Καὶ
1415 4090 1621 4157 νεκροῖς
1679 4071 1962 4152 εὖηγγελί-

318 4172 446 4241 σθη,
477 4169 550 4232 ὣς
622 4169 919 4247 περικοπὴν
976 4168 1326 4247 ἐξηγήσαντο,
1383 4164 1528 4223 οὗδὲν
1599 4163 1961 4245 φροντίσαντες

317 4260 418 4324 τῆς
448 4256 723 4335 συνεχείας
753 4256 858 4312 τῶν
888 4255 1017 4328 ἅνω,
1066 4255 1170 4313 οὔδ’
1239 4255 1318 4312 ὅτι
1376 4253 1740 4332 αἱτιολογικῶς
1813 4253 1961 4330 εἰρη-

2046 3888 2317 3950 ritualem
2339 3909 2406 3951 ac
2423 3893 2729 3955 honestam
2745 3893 2943 3967 vltam,
2970 3896 3041 3956 ad
3061 3895 3307 3975 gloriam
3325 3905 3381 3957 et
3406 3895 3679 3958 salutem.

2047 3976 2249 4058 Itaque
2274 3979 2603 4041 etvivorum
2643 3990 2701 4042 et
2738 3992 3110 4046 mortuorum
3118 3985 3299 4064 judex
3326 3985 3537 4047 merito
3568 3983 3687 4046 dici

2049 4068 2553 4146 potest.—Aliud.
2590 4070 2836 4133 Veteres
2865 4073 3105 4153 quidem
3137 4077 3342 4137 Patres
3361 4073 3685 4148 illud,Nam

2048 4155 2158 4216 hoc
2183 4157 2425 4218 mortuis
2442 4176 2674 4240 quoque
2699 4161 3078 4240 praedicatum
3129 4171 3217 4225 est
3273 4163 3683 4243 Evangelium,

2049 4252 2322 4333 tauquam
2382 4256 2709 4309 resecatam
2747 4252 3091 4329 particulam
3122 4253 3493 4332 interpretati
3524 4261 3684 4333 sunt,

318 4345 480 4423 μένον
537 4343 620 4401 δεῖ
672 4346 802 4424 πρὸς
855 4346 921 4402 τὰ
992 4348 1093 4425 πρὸ
1152 4347 1308 4401 αὗτοῦ
1376 4344 1742 4425 ἀναφέρεσθαι.
1801 4341 1964 4425 Τοῦτο

2053 4332 2197 4395 nihil
2223 4352 2378 4395 cura:
2401 4336 2687 4399 habentes
2705 4335 2776 4399 de
2798 4341 3318 4402 continuationead
3352 4332 3682 4421 superiora,

316 4420 420 4513 Ᾰίάρ
449 4432 641 4513 ὀφείλει
688 4420 747 4491 τὸ
795 4433 911 4491 κατ’
958 4420 1122 4491 αἰτίαν
1177 4433 1463 4512 λεγόμενον
1492 4420 1674 4513 ἔχειν.
1710 4420 1863 4486 Ἀλλ’
1891 4432 1964 4493 ὡς

2053 4426 2424 4513 nequequod
2453 4444 2557 4505 per
2577 4427 2817 4488 modum
2837 4448 3028 4490 causa;
3068 4430 3291 4491 dictum
3318 4420 3586 4509 oporteat
3613 4429 3686 4490 ad

315 4522 557 4600 εἹρηται,
586 4524 660 4585 ὡς
690 4524 983 4602 περικοπὴν
1052 4522 1177 4579 αὖτὸ
1220 4522 1546 4601 ἐξηγήσαντο
1610 4518 1793 4584 οὕτως.
1868 4529 1967 4577 Νε-

2053 4512 2706 4591 precedentiareferrir
2723 4516 2867 4578 Nam
2900 4518 3041 4578 illud
3105 4526 3335 4597 oportet
3356 4517 3683 4578 secundum

315 4613 474 4691 κροὺς
518 4614 618 4690 γὰρ
674 4611 871 4693 ἔφασαν
928 4610 1112 4674 διττῶς
1171 4610 1343 4689 λέγειν
1401 4612 1499 4678 τὴν
1542 4610 1683 4667 θείαν
1731 4615 1964 4687 Γραφην,

312 4704 352 4768 ἢ
380 4702 502 4764 τοὺς
533 4715 654 4765 ταῖς
685 4703 960 4781 ἁμαρτίαις
1019 4700 1456 4778 ἐναποθανόντας,
1530 4701 1582 4755 οἳ
1657 4696 1770 4754 οωὲ
1827 4698 1967 4768 ζωήν

318 4813 449 4847 ποτε
480 4788 695 4865 iactam,
857 4793 975 4854 τοὺς
1034 4798 1110 4865 τῷ
1164 4792 1370 4863 θανάτῳ
1426 4812 1518 4845 τοι)
1579 4796 1801 4866 Χριστοῦ
1828 4811 1965 4864 συμ-

316 4880 714 4959 μορςρωθὲντας,
772 4883 861 4938 καὶ
912 4880 1267 4942 ἀποθανόντας
1304 4879 1401 4954 μὲν
1458 4882 1535 4952 τῷ
1595 4879 1801 4953 κόσμῳ,
1835 4901 1963 4934 του-

314 4972 484 5051 τέστι,
516 4986 635 5034 ταῖς
694 4987 981 5047 κοσμικαῖς
1040 4972 1356 5047 ἐπιθυμίαις,
1452 4978 1650 5041 ζῶντας
1712 4967 1763 5025 δὲ
1819 4970 1964 5043 μόνῳ

317 5068 555 5139 Χριστῷ,
591 5064 662 5126 ὧς
691 5063 778 5117 καὶ
830 5061 1030 5125 Παύλός
1082 5084 1240 5140 φησιν
1270 5079 1282 5093 ⁶
1353 5081 1380 5118 (
1443 5060 1513 5118 ’Ὁ
1563 5057 1617 5115 δὲ
1667 5069 1749 5117 νὺν
1806 5065 1879 5129 ζῶ
1910 5058 1963 5113 ἐν

315 5150 494 5227 σαριιὶ,
543 5148 597 5204 ἐν
626 5150 795 5205 πίστει
841 5156 907 5225 τῇ
937 5153 1027 5206 τοῦ
1058 5153 1176 5206 ι’ἱοῦ
1235 5150 1325 5206 τοῦ
1384 5150 1514 5206 Θεοῦ
1569 5156 1663 5220 ζῶ,
1708 5172 1726 5202 ι
1800 5150 1963 5204 Φασὶν

312 5241 428 5305 οὖν,
503 5236 583 5293 ὅτι
643 5242 687 5293 οἱ
738 5237 902 5303 οἶτως
960 5238 1310 5302 ἀποθανόντες
1382 5242 1609 5318 Χριστῷ,
1654 5236 1671 5265 ⁹
1697 5243 1763 5313 τῇ
1814 5239 1965 5315 σαρκὶ

311 5326 530 5388 ἑαυτοὺς
563 5328 958 5404 κατακρίνουσιν
1013 5326 1096 5383 ἐπὶ
1151 5334 1219 5404 τῇ
1264 5328 1515 5406 πρότερον
1585 5325 1777 5403 ἀμελεῖ
1834 5326 1958 5381 ἑαυ-

311 5423 419 5470 τῶν
464 5416 554 5471 καὶ
617 5415 828 5493 ῥᾳθύμορ
878 5419 1010 5495 ζωῇ,
1087 5424 1249 5474 Τοῦτο
1319 5416 1395 5490 δὲ,
1456 5424 1552 5492 ζῇν
1608 5418 1793 5475 αὐτοὺς
1852 5416 1959 5470 ἑσει

312 5506 596 5581 πνεύματι,
657 5503 776 5578 ᾔτοι
819 5513 887 5574 τῇ
945 5507 1080 5563 κατα
1142 5508 1361 5585 Χριστὸν
1419 5512 1552 5581 ζωῇ,
1593 5496 1655 5561 Ἠ
1726 5506 1824 5584 γὰρ
1853 5512 1957 5561 τῶν

392 5671 458 5724 60
487 5671 643 5739 Psal.
671 5689 831 5749 στιν,
863 5674 920 5739 7.
1005 5674 1059 5725 θ’
1094 5673 1250 5738 Psal.
1277 5690 1409 5756 CUI,
1444 5672 1500 5736 2.

2052 4618 2289 4661 causam
2316 4604 2535 4664 dictum
2564 4607 2802 4669 habere:
2833 4607 2937 4668 sed
2956 4607 3105 4668 sicut
3137 4607 3392 4668 diximus
3409 4614 3684 4687 tanquam

2053 4693 3190 4778 intersectionenﬁinterpretalisunthoc
3226 4699 3687 4760 modo.~.\lortuos

2052 4782 2208 4843 ιιιὶιη
2225 4784 2455 4845 duobus
2471 4786 2980 4868 modis'appellare
2996 4784 3684 4851 dixeruntsacrumScri-

2050 4882 2274 4953 pturam
2303 4893 2314 4935 :
2343 4884 2563 4936 anteos
2593 4876 2693 4956 qui
2754 4878 3008 4956 peccatis
3037 4877 3339 4939 immortui
3393 4884 3551 4957 sunt,
3588 4876 3686 4957 qui

2048 4984 2243 5045 neque
2266 4966 2437 5025 vitam
2459 4985 2715 5046 unquam
2735 4968 2935 5030 videre
2976 4979 3257 5050 possunt:
3305 4979 3403 5031 aut
3450 4988 3554 5031 eos
3584 4973 3684 5051 qui

2049 5054 2447 5116 mortiChristi
2466 5056 2802 5117 conformes
2826 5058 3014 5120 effecti
3036 5068 3192 5132 sunt,
3220 5069 3276 5121 et
3299 5060 3516 5121 mundo
3548 5059 3686 5141 qui-

2048 5142 2179 5203 dem
2209 5143 2422 5203 mortui
2443 5144 2666 5223 sunt,id
2693 5154 2802 5218 est,
2825 5146 3137 5208 mundanis
3159 5148 3684 5229 concupiscentiis,

2046 5234 2249 5293 vivunt
2280 5240 2475 5292 autem
2508 5233 2616 5293 soli
2638 5234 2897 5317 Christo,
2932 5237 3086 5298 sicut
3143 5247 3201 5298 et
3248 5237 3462 5300 Paulus
3491 5237 3634 5301 dicit
3666 5259 3680 5299 :

2053 5348 2077 5378 ιι
2115 5322 2277 5395 Quod
2297 5335 2489 5383 autem
2511 5342 2665 5383 nunc
2691 5324 2814 5385 vivo
2840 5325 2898 5386 in
2924 5346 3125 5402 carne,
3152 5327 3211 5389 in
3233 5327 3350 5389 ﬁde
3396 5327 3523 5389 vivo
3553 5327 3684 5389 Filii

2047 5411 2457 5475 DeiﬁiDicunt
2487 5431 2623 5490 ergo
2642 5414 2799 5492 quod
2816 5416 2916 5495 qui
2947 5416 3029 5479 ita
3048 5417 3263 5479 mortui
3285 5417 3681 5480 suntChristo.

2042 5502 2126 5563 sei
2139 5522 2271 5583 psos
2285 5520 2461 5563 carne
2474 5502 2625 5563 cond
2636 5505 2961 5568 emnantob
2977 5505 3341 5586 negligntem
3360 5524 3427 5567 ac
3442 5524 3682 5585 segnem

1586 5673 1645 5723 6³
1669 5672 1855 5738 Galat.
1887 5689 1951 5752 ιι,
1986 5674 2086 5737 2t).
