4180 6212
438 349 557 417 563

1565 354 1975 419 (ῈΟΗΜΕΝΙΙ
2021 346 2315 413 ΤΗΙΟΟιιΕ
2358 354 2694 418 EPISCOPI

3696 343 3820 411 564

442 489 622 552 vitam
657 490 946 572 priorem.
983 491 1087 553 H01
1153 496 1347 552 autum
1410 498 1499 551 est
1526 489 1731 551 vivere
1772 490 1938 570 ipsos
1966 479 2083 561 spi-

2177 485 2442 565 προτέρων
2514 489 2835 567 κατάγνωσις
2912 486 3275 566 εὖθυμοτέρους
3320 486 3503 550 αὐτοὺς
3574 483 3693 560 περὶ
3744 480 3821 537 τὰ

443 577 559 641 ritu
591 578 713 640 sive
744 579 861 641 vita
919 578 1246 641 seeundum
1286 576 1580 639 Christum
1611 600 1623 640 :
1659 597 1794 639 nam
1829 578 2084 657 priorem

456 667 875 730 condemnatio
910 666 1306 748 promptiores
1331 667 1491 745 ipsos
1521 666 1715 728 reddit
1745 667 1902 727 circa
1934 683 2086 745 prte-

453 755 646 818 sentia
676 764 734 817 et
756 774 825 817 ea
843 775 972 836 quae
997 774 1114 835 pm
1143 755 1413 816 manibus
1434 774 1564 817 esse
1588 754 1822 817 facit.Et
1843 754 1924 815 illi
1949 754 2083 834 qui-

446 844 583 906 dem
603 845 714 906 hoc
742 844 1017 907 modoEt
1040 862 1376 924 quanquam
1423 846 1545 905 haec
1569 852 1732 906 recte
1772 863 1837 906 se
1866 842 2089 905 habere

445 933 578 1013 quis
600 932 834 994 dixerit.
861 934 1132 996 Necdum
1163 947 1362 993 tamen
1387 934 1541 1013 quod
1573 933 1791 994 dictum
1834 941 1920 994 est
1949 931 2087 992 5W

444 1021 687 1082 omnino
709 1023 913 1085 lueret.
949 1023 1095 1084 Cum
1125 1030 1322 1082 autem
1349 1022 1405 1082 in
1432 1021 1838 1102 superioribus
1866 1021 2088 1081 dictum

443 1110 685 1171 essetde
704 1110 797 1171 his
812 1109 913 1190 qui
931 1109 1086 1189 apud
1105 1109 1325 1170 inferos
1345 1120 1508 1171 erant
1522 1111 1701 1189 ,quod
1722 1108 1838 1169 illis
1854 1127 2089 1188 quoque

439 1197 747 1277 spiritibus
766 1197 1535 1279 praedicatumfuit,azquum
1557 1205 1645 1257 est
1693 1197 1763 1258 ad
1810 1196 1869 1257 id
1894 1197 2088 1257 refere

442 1288 919 1368 prmsentemqui
937 1305 1041 1367 per
1062 1305 1296 1348 causam
1324 1286 2092 1365 inducitur,sermonem,et

448 1393 564 1436 non
597 1374 788 1436 solum
824 1375 1227 1447 conséderare,
1269 1376 1417 1435 sicut
1484 1393 1641 1435 nunc
1694 1373 1917 1435 dictum
1977 1382 2087 1435 est.

439 1461 610 1525 Unde
642 1463 1083 1542 dicimus,quod
1111 1465 1247 1542 quia
1274 1463 1617 1524 iumediate
1638 1470 1807 1523 antea
1843 1461 2087 1534 dixerat,

438 1548 548 1622 Qui
585 1560 817 1630 paratus
849 1559 938 1612 est
965 1551 1036 1612 ad
1079 1551 1471 1631 judicandum
1508 1551 1663 1611 vivos
1696 1559 1755 1611 et
1787 1558 2081 1610 mortuos:

436 1639 528 1699 his
556 1647 753 1699 autem
789 1658 893 1719 per
916 1639 1323 1720 exceptionem
1352 1639 1529 1718 objici
1585 1647 1845 1718 poterat:
1897 1638 1966 1699 Et
1988 1638 2087 1698 ubi

440 1730 695 1791 viventes
723 1739 822 1791 aut
854 1730 953 1793 ubi
992 1731 1207 1792 mortui
1236 1730 1607 1810 judicantur?
1633 1730 1933 1808 subjungit
1965 1748 2088 1790 ser-

440 1818 602 1880 moni
636 1819 834 1893 ﬁdem,
864 1819 934 1880 ab
968 1820 1060 1880 his
1090 1805 1432 1900 quaa'prius
1493 1805 1753 1893 dixerat;
1803 1805 1960 1899 quod
1993 1819 2086 1880 his
2110 1805 2148 1854 Β

439 1907 613 1969 etiam
648 1908 746 1988 qui
782 1908 839 1969 in
873 1926 1111 1969 carcere
1144 1918 1310 1969 erant
1367 1908 1672 1989 spiritibus
1705 1907 2082 1987 praedicatum

434 1994 542 2056 fuit
567 2013 580 2054 :
608 2005 665 2057 et
685 1997 811 2057 haec
838 1996 1178 2077 praedicatio
1204 1996 1352 2077 ipsis
1382 1997 1453 2058 ad
1481 1997 1767 2069 iudicium
1801 1996 1952 2057 facta
1998 2005 2085 2057 est

440 2083 560 2146 sive
589 2085 660 2145 ad
695 2085 1255 2146 condemnationem
1286 2107 1298 2147 :
1329 2087 1419 2146 llis
1441 2085 1677 2165 quidem
1704 2085 1803 2164 qui
1836 2086 1908 2145 de
1933 2086 2086 2146 bona

437 2172 552 2234 vita
578 2172 690 2234 sibi
712 2174 933 2235 conscii
959 2174 1426 2254 erant,protinus
1446 2174 1885 2235 adhmrentibus
1913 2173 2086 2235 beni-

440 2262 649 2339 gnitati
681 2263 842 2324 illius
863 2265 961 2344 qui
1022 2263 1104 2323 ibi
1155 2270 1540 2344 apparuerat:
1581 2263 1750 2323 malis
1782 2280 1915 2322 vero
1948 2263 2087 2323 inde

440 2352 668 2430 pudore
681 2351 1240 2431 repletis,suainque
1259 2351 1810 2413 condemnationem
1832 2370 2085 2431 exspec-

434 2438 721 2502 tantibus.
740 2438 864 2500 Hoc
914 2439 1111 2519 itaque
1136 2440 1453 2502 Dominum
1478 2438 1890 2517 essejudicem
1918 2458 2081 2500 mor-

438 2534 673 2588 tuorum
705 2527 1037 2589 conﬁrmat.
1072 2527 1347 2587 Vivorum
1380 2537 1604 2600 autem,
1631 2546 1762 2587 nam
1811 2547 1988 2607 quum
2022 2528 2081 2589 in

444 2615 729 2676 mundum
755 2615 1189 2695 venissetjuxta
1208 2624 1378 2676 Vitam
1408 2617 1920 2696 mortalem,hujus
1940 2635 2084 2696 prae-

439 2703 691 2765 sentiam
727 2703 1062 2765 habuerunt
1096 2704 1369 2765 homines
1402 2723 1504 2784 pro
1556 2705 2078 2785 condemnatione,

441 2791 579 2853 dum
604 2790 744 2853 boni
763 2792 1002 2873 quidem
1022 2793 1093 2853 ad
1120 2793 1312 2873 ipsum
1329 2794 2081 2856 accurreruntacinstructi

437 2887 595 2957 sunt,
631 2880 863 2943 scelesti
901 2900 1038 2942 vero
1065 2881 1409 2962 repulerunt
1440 2889 1495 2941 et
1527 2891 1734 2960 sponte
1764 2882 2083 2944 abominati

440 2969 899 3031 suntverilatem
928 2971 1125 3051 Lquod
1151 2970 1347 3051 ipsum
1372 2971 1548 3031 etiam
1582 2971 1911 3031 fuithorum
1945 2992 2082 3032 con-

2170 574 2254 627 νῦν
2283 577 2369 632 καὶ
2413 577 2548 652 μετὰ
2589 591 2781 657 χεῖρας
2856 591 3024 639 ποιεῖ.
3087 577 3335 634 Κάκεϊνοι
3394 573 3489 650 μὲν
3533 571 3720 632 οὕτως.
3755 569 3821 625 Εἰ

2168 659 2222 717 δὲ
2246 666 2333 726 καὶ
2375 664 2551 731 καλῶς
2603 666 2749 748 ἔχειν
2792 668 2958 724 ταῦτά
3017 688 3100 729 τις
3159 666 3292 745 ἐρεῖ,
3338 662 3454 721 ἀλλ’
3525 661 3672 719 οὔπω
3726 663 3823 714 του

2168 754 2361 815 παντὸς
2404 756 2464 810 τὸ
2520 754 2797 834 εἰρημένον
2869 754 3055 820 ὲΞέται.
3107 753 3408 833 Είρημένωυ
3460 750 3514 807 δὲ
3570 748 3820 827 ἀνωτέρω

2168 841 2283 916 περὶ
2311 848 2415 897 τῶν
2446 842 2498 897 ἐν
2548 850 2623 917 τῷ
2668 841 2792 918 ᾅδῃ,
2856 842 2938 898 ὅτι
2999 842 3257 905 κάκείνοις
3326 853 3443 901 τοῖς
3496 838 3549 894 ἐν
3604 834 3817 916 φυλακῇ

2169 930 2459 1005 πνεύμασιν
2535 931 2829 1012 ἐκηρύχθη,
2906 933 3034 1011 πρὸς
3091 939 3243 989 τοῦεο
3285 927 3481 986 δίκαιον
3540 925 3815 1005 ἀνάφέρειν

2171 1018 2258 1073 τὸν
2292 1020 2524 1095 παρόντι
2582 1022 2715 1096 μετᾶ
2758 1020 2925 1082 α’ἰτίας
2970 1021 3310 1098 εἰσαγόμενον
3352 1017 3533 1095 λόγον,
3576 1016 3662 1070 δαὶ
3732 1015 3813 1089 μὴ

2169 1107 2243 1167 ὡς
2276 1108 2362 1161 νῦν
2432 1109 2590 1182 μόνον
2647 1108 2917 1187 εἰρημένον
2963 1108 3297 1168 ἐπισκοπεῖν.
3342 1106 3497 1164 Ὅθεν
3566 1104 3808 1183 ἐροῦμεν,

2169 1196 2238 1259 ὡς
2271 1194 2450 1255 ἐπειδὴ
2482 1198 2762 1276 προσεχῶς
2821 1197 2957 1275 ἄγαν
3017 1198 3164 1269 εἷπε,
3219 1202 3305 1267 Τῷ
3364 1196 3586 1257 ἑτοίμως
3631 1191 3812 1272 ἔχοντι

2172 1296 2349 1360 κρῖναι
2392 1284 2590 1353 ζῶντας
2655 1286 2742 1340 καὶ
2811 1285 3046 1363 νεκροὺς,
3104 1286 3164 1339 τὸ
3221 1281 3272 1339 δὲ
3332 1281 3814 1362 ἀνθυποφερόμενον

2173 1371 2376 1435 τούτοις
2407 1372 2494 1441 ἦν,
2531 1375 2626 1431 Καὶ
2669 1383 2771 1432 ποῦ
2821 1377 3034 1452 ζῶντες,
3084 1379 3181 1429 ποῦ
3209 1371 3264 1427 δὲ
3306 1373 3476 1450 νεκροὶ
3504 1374 3809 1448 κρίνονταις

2174 1459 2402 1539 ἐπιφέρει
2441 1468 2533 1518 τοῦ
2559 1460 2716 1541 λόγου
2751 1462 2845 1529 τὴν
2895 1463 3069 1518 πίστιν
3105 1460 3194 1541 ἀφ’
3253 1464 3327 1516 ὧν
3380 1459 3622 1537 ἄνωτέρω
3665 1459 3813 1536 εἰρή-

2171 1570 2272 1617 κει,
2349 1546 2428 1605 ὅτι
2489 1552 2736 1614 καὶτοῖς
2782 1550 2836 1606 ἐν
2903 1549 3111 1631 φυλακῇ
3154 1550 3442 1624 πνεύμασιν
3512 1548 3808 1626 ἐκηρύχθη.

2172 1639 2269 1694 Καὶ
2302 1640 2361 1693 τὸ
2430 1640 2677 1718 κήρυγμα
2749 1646 2900 1696 τοῦτο
2959 1641 3027 1704 εἷς
3095 1641 3261 1716 κρίσιν
3317 1637 3522 1714 ἐγένετο
3578 1636 3802 1713 τούτοις,

2169 1723 2286 1792 ἤτοι
2355 1730 2427 1790 εἷς
2486 1729 2815 1808 κατάκρισιν,
2890 1729 2994 1785 τῶν
3051 1728 3149 1802 μὲν
3223 1728 3431 1789 ἑαυτοῖς
3501 1723 3807 1781 συνειδότων

2170 1817 2394 1893 χρεστὸν
2462 1817 2573 1892 βίον
2627 1824 2694 1893 τῇ
2750 1823 2841 1873 τοῦ
2923 1816 3173 1897 φανέντος
3241 1817 3419 1871 ὶκεϊσε
3476 1813 3806 1893 χρηστότητι

2167 1904 2597 1984 συναπτομένων,
2673 1906 2839 1968 εὒθύς.
2931 1908 3044 1963 Τῶν
3129 1903 3183 1959 δὲ
3266 1908 3532 1980 πονηρῶν,
3597 1901 3805 1957 αὒτόθεν

2167 1993 2427 2073 αἰσχύνης
2484 1994 2887 2073 πληρουμένων,
2972 1994 3059 2050 καὶ
3114 1998 3214 2060 τήν
3273 1992 3469 2048 ἑαυτῶν
3524 1987 3808 2056 καταδίκην

2169 2079 2557 2160 ἐκδεχομένων.
2592 2088 2755 2140 Τοῦτο
2793 2082 2889 2156 μὲι
2923 2081 3012 2139 οὖν
3072 2083 3133 2136 τὸ
3163 2080 3346 2157 κριτὴν
3404 2080 3546 2136 εἶναι
3605 2080 3691 2134 καὶ
3719 2098 3808 2132 νε-

2168 2176 2308 2242 κρῶν
2342 2173 2431 2226 τὸν
2492 2172 2675 2242 Κύριον
2731 2168 2948 2248 βεϐαιοῖ
3005 2170 3225 2225 Ζώντων
3271 2167 3348 2224 δέ.
3408 2166 3681 2232 Ἐλθόντος
3711 2168 3809 2245 γὰρ

2169 2259 2240 2319 εἰς
2283 2260 2372 2314 τὸν
2440 2258 2640 2333 κόσμον
2700 2260 2834 2319 κατὰ
2874 2259 2973 2325 τὴν
3016 2258 3246 2338 φθαρτὴν
3315 2256 3480 2334 ζωὴν,
3554 2256 3651 2322 τὴν
3707 2277 3809 2310 πα-

2168 2347 2374 2423 ρουσίαν
2433 2347 2727 2426 ἐσχήκασιν
2824 2345 3082 2426 ἅνθρωποι
3185 2345 3388 2415 τούτου,
3476 2344 3801 2421 κατάκρισιν,

2167 2437 2270 2489 τῶν
2325 2435 2420 2509 μὲν
2475 2435 2682 2513 ἀγαθῶν
2753 2433 3193 2514 προσδραμόντων
3266 2435 3406 2507 αὖτῷ
3469 2433 3559 2489 καὶ
3626 2434 3802 2506 μαθη-

2163 2522 2468 2603 τευθέντων,
2501 2530 2604 2578 τῶν
2659 2522 2713 2580 δὲ
2745 2527 2946 2603 μιαρῶν
3002 2521 3438 2597 ἂποσεισαμένων
3495 2521 3581 2577 καὶ
3633 2521 3804 2577 ἒκοντὶ

2165 2612 2440 2688 μυσάντων
2484 2615 2611 2691 πρὸς
2666 2614 2763 2681 τὴν
2809 2613 3079 2683 ἀλήθειαν,
3144 2601 3220 2669 ΗΟ
3281 2613 3369 2667 καὶ
3429 2610 3554 2667 αὗτὸ
3607 2611 3803 2666 τούτων

2164 2702 2491 2780 κατάκρισις.
2532 2704 2623 2757 Διὸ
2675 2704 2760 2758 καὶ
2804 2704 2832 2758 ὁ
2892 2702 3076 2781 Κύριός
3133 2722 3293 2781 φησιν
3328 2719 3342 2734 ’
3425 2719 3453 2757 α
3486 2700 3571 2763 Εἷς
3638 2712 3805 2777 κρῖμα

2165 2789 2272 2867 ἐγὼ
2299 2788 2529 2860 ἒλήλυθα
2559 2793 2631 2854 εἷς
2672 2792 2763 2846 τὸν
2822 2792 3047 2866 κόσμον,
3099 2814 3126 2844 η
3161 2788 3449 2865 τουτέστιν,
3509 2790 3582 2853 εἰς
3640 2789 3807 2844 κατά-

2162 2899 2347 2954 κριμα.
2397 2878 2575 2944 Οὕτως
2606 2886 2695 2935 οὖν
2737 2881 2825 2936 καὶ
2896 2880 3108 2951 ζώντων
3161 2879 3343 2957 κριτὴς
3401 2880 3428 2933 ὸ
3487 2878 3669 2956 Κύριος
3722 2876 3807 2933 καὶ

2162 2972 2378 3043 νεκρῶν.
2434 2969 2530 3024 Καὶ
2583 2969 2618 3035 ἡ
2674 2967 2962 3046 αἰτιολογία
3033 2963 3115 3023 ἐπ’
3209 2965 3435 3042 ἀκεραίῳ
3518 2968 3594 3029 τῷ
3635 2963 3801 3042 λόγῳ,

440 3057 907 3121 demnatio.ldeo
931 3044 1651 3139 quoque-dicitDominus;
1679 3060 2075 3141 «Inﬁudicium

2166 3052 2279 3109 ἀλλ’
2340 3058 2432 3113 οὒκ
2479 3054 2565 3111 ἐπὶ
2631 3055 2815 3135 μέρους
2885 3044 3231 3136 ταχθῆσεται.
3305 3044 3464 3111 ’Ἐστι
3505 3053 3675 3110 τοίνυν
3716 3054 3799 3128 τὸ,

439 3165 545 3226 ego
568 3147 771 3209 veniin
789 3148 1162 3223 mundum65,
1182 3175 1199 3202 ι
1228 3149 1284 3209 id
1308 3147 1482 3221 est,in
1500 3148 2074 3225 condemnationem,

440 3237 523 3298 Ita
545 3253 684 3315 ergo
731 3243 789 3298 et
829 3236 1089 3297 vivorum
1112 3238 1293 3318 judex
1328 3245 1417 3297 est
1445 3237 1731 3299 Dominus
1764 3247 1819 3299 et
1851 3247 2076 3300 mortu-

441 3341 608 3385 orum
636 3341 648 3387 :
684 3332 740 3386 et
773 3343 962 3387 causa;
993 3326 1248 3387 redditio
1308 3325 1382 3386 ob
1415 3326 1706 3405 integrum
1739 3345 2075 3388 sermonem

441 3421 500 3475 et
530 3432 646 3475 non
678 3422 921 3495 propter
947 3423 1170 3496 partem
1236 3415 1632 3478 ordinabitur.
1694 3415 1893 3496 Itaque
1923 3418 2076 3497 quod

441 3501 679 3578 dicitur,
712 3509 777 3567 ut
792 3502 1138 3583 judicentur
1161 3522 1360 3573 carne.
1392 3504 1471 3564 ita
1521 3504 1932 3585 accipiendum
1965 3516 2077 3578 est,

436 3591 591 3672 quod
624 3609 758 3653 cum
794 3594 1148 3656 accessisset
1177 3592 1466 3656 Dominus
1525 3594 1595 3654 ad
1657 3612 1756 3654 eos
1788 3594 1889 3675 qui
1924 3595 2076 3675 apud

433 3679 658 3743 inferos
689 3690 875 3749 erant.
910 3682 995 3743 illi
1029 3682 1268 3763 quidem
1302 3682 1400 3762 qui
1434 3683 1493 3743 in
1515 3683 1732 3743 mundo
1760 3683 2080 3744 carnaliter

437 3768 724 3843 vixerant,
761 3770 1140 3832 condemnati
1170 3777 1308 3832 sunt
1332 3787 1345 3832 :
1368 3771 1464 3850 qui
1500 3790 1636 3832 vero
1668 3771 2073 3853 spiritualiter,

438 3856 710 3918 vixerunt
731 3866 857 3918 :aut
881 3857 1286 3920 reviviscendo
1302 3876 1412 3918 una
1428 3877 1561 3918 cum
1586 3858 1835 3918 Domino
1869 3860 2081 3937 (multa

441 3944 602 4006 enim
640 3964 892 4026 corpora
920 3954 1257 4007 sanctorum
1289 3947 1391 4027 qui
1423 3946 1794 4007 dormierunt
1827 3948 2079 4010 excitata

434 4033 679 4111 sunt“),
703 4042 802 4096 aut
825 4053 930 4115 per
952 4037 1163 4096 bonam
1190 4052 1381 4115 spem.
1411 4038 1590 4095 Porro
1614 4035 1962 4097 Judicentur
2011 4056 2079 4098 ac

434 4120 668 4196 Vivant,
701 4121 921 4183 dictum
951 4132 1042 4184 est
1064 4122 1353 4184 sumendo
1383 4131 1617 4202 tempt-s
1649 4142 1752 4201 pro
1786 4132 2073 4204 tempore,

436 4228 651 4288 nempe
682 4210 937 4271 futurum
967 4229 1070 4291 pro
1121 4211 1437 4291 praeterito,
1491 4212 1644 4291 quod
1678 4211 1957 4291 frequens
1992 4220 2080 4274 est

2162 3146 2376 3221 κριθῶσι
2436 3145 2608 3223 σαρκὶ,
2658 3144 2844 3220 οὕτως,
2918 3153 3008 3201 τοῦ
3057 3144 3238 3223 Κυρίου
3294 3157 3410 3206 τοῖς
3454 3142 3507 3197 ἐν
3557 3149 3630 3215 τῷ
3701 3140 3799 3218 ᾅδῃ

2162 3233 2532 3311 φοιτήσαντος.
2602 3236 2660 3290 Οἱ
2714 3233 2807 3309 μὲν
2866 3234 2919 3290 ἐν
2962 3241 3039 3308 τῷ
3080 3233 3266 3308 κόσμῳ
3308 3231 3568 3311 σαρκικῶς
3598 3231 3797 3300 ζήσαν-

2162 3341 2269 3394 τες,
2303 3321 2702 3399 κατεκρίθησαν,
2735 3326 2779 3379 οἱ
2820 3321 2875 3378 δὲ
2907 3325 3295 3400 πνεύματικῶς,
3366 3320 3577 3392 ἔζησαν,
3639 3319 3674 3387 ἢ
3730 3326 3798 3395 τῇ

2163 3410 2297 3484 μετὰ
2352 3412 2444 3465 τοῦ
2516 3412 2698 3490 Κυρίου
2794 3409 3073 3469 ἁναόιώσει
3149 3409 3339 3479 (πολλὰ
3421 3410 3519 3487 γὰρ
3580 3407 3799 3483 σώματα

2161 3500 2265 3554 τῶν
2326 3500 2731 3574 κεκοιμημένων
2777 3500 2937 3578 ἁγίων
2977 3500 3226 3580 ἠγέρθη),
3257 3499 3293 3567 ἢ
3351 3505 3418 3575 τῇ
3475 3496 3793 3567 εὖελπιστίᾳ,

2164 3590 2234 3644 Τὸ
2305 3586 2381 3667 δὲ,
2473 3592 2693 3666 Κριθῶσι
2766 3591 2853 3645 καὶ
2938 3592 3168 3665 Ζήσωσι,
3265 3590 3401 3646 κατᾶ
3470 3587 3797 3667 ὰντιχρονζαν

2162 3666 2438 3751 εἴληπται,
2485 3678 2596 3733 ἀντὶ
2666 3685 2756 3735 τοῦ
2799 3680 3215 3759 παρῳχημένου,
3291 3677 3599 3755 μέλλοντος.
3632 3666 3707 3733 c'0
3734 3680 3800 3750 τῇ

2158 3767 2267 3838 θείᾳ
2299 3772 2478 3846 Γραφῇ
2509 3769 2743 3833 σίνηθες.
2807 3789 2831 3825 ι
2867 3769 3082 3824 Πάντων
3129 3770 3250 3847 γὰρ,
3309 3769 3457 3847 φησὶ,
3535 3768 3595 3821 τὸ
3648 3764 3798 3828 τέλος

2161 3853 2371 3931 ⁸ἤγγικε,
2412 3878 2438 3909 ι
2482 3856 2740 3928 τουτέστι,
2818 3858 2905 3911 καὶ
2975 3863 3079 3911 τῶν
3135 3857 3270 3911 κατὰ
3310 3855 3452 3926 ζωὴν
3507 3850 3799 3908 δικαιοθέν-

2162 3964 2289 4020 των,
2322 3943 2409 3998 καὶ
2451 3948 2555 3998 τῶν
2604 3945 2737 3998 κατὰ
2805 3944 2894 3998 τὸν
2953 3941 3106 4016 ᾅδην.
3168 3944 3254 3999 Ἐν
3330 3943 3428 4020 γὰρ
3472 3946 3538 4016 τῇ
3592 3938 3802 4014 δευτέρᾳ

2162 4031 2431 4109 παρουσίᾳ,
2478 4033 2540 4087 τὸ
2582 4031 2927 4106 ἀποκείμενον
3012 4032 3217 4105 ἑκάστῳ
3272 4029 3669 4100 τελεσθήσεται.
3746 4028 3800 4084 iii

2162 4118 2214 4175 δέ
2270 4141 2347 4182 τις
2392 4122 2451 4175 τὸ
2487 4119 2538 4175 ἐν
2597 4127 2673 4195 τῷ
2730 4119 2827 4196 ᾅδῃ
2890 4129 2980 4178 τοῦ
3041 4123 3222 4200 Κυρίου
3281 4123 3530 4198 κήρυγμα
3601 4118 3798 4185 ἀθετεῖ,

2161 4208 2375 4286 φασιων
2405 4206 2566 4283 μηδὲν
2596 4222 2713 4271 τοῖς
2788 4213 3030 4265 τεθνεῶσι
3084 4208 3324 4266 δύνασθαι
3384 4215 3533 4265 τοῦτο
3588 4204 3800 4261 λυσιτε-

435 4297 497 4360 in
527 4284 692 4361 sacra
720 4284 1043 4380 Scriptura.
1078 4284 1449 4365 (Omnium.
1510 4284 1720 4379 inquit,
1782 4284 1916 4361 ﬁnis
1971 4302 2080 4362 im-

2166 4295 2299 4369 λετν,
2357 4294 2446 4351 διὰ
2502 4298 2563 4352 τὸ
2621 4296 2674 4351 ἐν
2730 4295 2852 4377 ᾅδῃ,
2924 4300 3060 4355 κατᾶ
3146 4300 3230 4354 τὸν
3312 4298 3589 4376 προφήτην
3648 4290 3805 4349 Δαυῖδ

436 4386 643 4462 minet,
682 4408 711 4447 ι
744 4387 856 4448 hoc
888 4394 998 4464 est,
1036 4395 1094 4448 et
1142 4406 1345 4449 eorum
1398 4388 1498 4467 qui
1531 4387 1589 4447 in
1641 4387 1755 4448 vita
1780 4389 2079 4467 justiﬁcati

434 4488 594 4552 sunt,
630 4483 689 4536 et
719 4493 927 4538 eorum
963 4476 1059 4556 qui
1092 4477 1244 4558 apud
1271 4476 1516 4537 inferos.
1548 4474 1691 4536 Nam
1728 4477 1785 4537 in
1819 4478 2079 4539 secundo

435 4564 690 4626 adventu
722 4566 878 4646 quod
901 4566 1117 4646 cuique
1145 4566 1473 4647 repositum
1506 4572 1593 4626 est
1636 4567 2079 4628 consummabi-

434 4660 550 4717 tur.
585 4651 751 4726 Quod
786 4655 836 4715 si
866 4655 999 4736 quis
1028 4664 1270 4736 spernat
1317 4653 1632 4735 praedicam
1660 4673 1793 4715 nem
1844 4656 2079 4717 Domini

434 4742 590 4823 apud
622 4742 869 4819 inferos,
902 4744 1110 4805 dicens
1130 4744 1376 4805 mortuis
1399 4743 1544 4804 nihil
1568 4761 1742 4819 pos.~e
1777 4744 2079 4823 prodesse.

433 4846 507 4891 eo
537 4831 694 4911 quod
710 4832 876 4912 juxta
903 4833 1250 4913 prophetam
1278 4831 1457 4893 David
1505 4832 1563 4891 in
1624 4831 1854 4893 inferno
1888 4834 2083 4895 nullus

433 4920 894 4984 conﬁteatur“:
932 4922 1028 4984 hic
1056 4929 1115 4982 et
1143 4921 1622 5002 praedicationem
1679 4922 1827 5000 apud
1864 4922 2083 4983 inferos

434 5026 637 5070 crasse
668 5008 966 5090 intelligit,
998 5010 1139 5071 588
1161 5020 1219 5071 et
1244 5010 1678 5072 confessionem
1706 5029 1821 5071 non
1848 5011 2079 5073 laudem

432 5095 564 5175 Dei,
592 5098 697 5159 sel
719 5099 1256 5162 manifestationem
1284 5098 1575 5161 existimat
1606 5116 1617 5160 :
1646 5093 2083 5178 ignoransillud

433 5185 589 5266 quod
603 5186 843 5250 dicitur:
866 5191 1031 5251 «Non
1050 5189 1261 5250 mortui
1276 5188 1605 5251 laudabunt
1620 5188 2076 5257 te,Domine63.»

434 5276 538 5339 Est
571 5285 767 5339 autem
800 5277 945 5340 illud
976 5298 991 5354 ;
1057 5302 1078 5332 α
1118 5281 1182 5341 ln
1243 5278 1475 5339 inferno
1511 5276 1642 5358 quis
1704 5278 2086 5342 conﬁtebitur

431 5363 656 5427 tibi“?
693 5390 720 5422 ιο
767 5365 865 5429 Sic
921 5366 1371 5445 intelligendum
1428 5366 1583 5447 quod
1644 5368 1938 5429 confessio
1995 5378 2084 5432 est

2164 4383 2364 4459 μηδένα
2396 4384 2848 4465 ἐξομολογεῖσθαι,
2898 4390 3047 4453 οὗτος
3097 4389 3182 4443 καὶ
3238 4389 3298 4443 τὸ
3358 4388 3603 4464 κήρυγμα
3660 4384 3718 4437 τὸ
3749 4385 3801 4436 ὲδ

2162 4483 2238 4551 τῷ
2270 4474 2368 4553 ᾅδῃ
2413 4477 2635 4556 παχέως
2665 4477 2933 4552 ἐπακούει,
2970 4481 3056 4535 καὶ
3124 4480 3224 4546 τὴν
3267 4476 3675 4553 ἐξομολόγησιν,
3709 4473 3805 4529 03:

2163 4566 2316 4621 αἶνον
2349 4573 2500 4637 Θεοῦ,
2562 4564 2679 4622 ἀλλ’
2727 4566 3056 4646 ἐξαγόρευσιν
3100 4566 3381 4645 λογίζεται,
3443 4566 3668 4646 ἐινήκοος
3729 4562 3802 4618 ὢν

2164 4661 2276 4727 τοῦ,
2330 4676 2356 4707 α
2393 4656 2526 4733 Οὒχὶ
2556 4656 2724 4733 νεκροὶ
2757 4654 3013 4711 αἰνέσουσι
3049 4677 3130 4730 σε,
3169 4657 3340 4731 Κύριε,
3380 4680 3402 4713 ιι
3443 4643 3605 4711 (Ἐστι
3630 4650 3683 4707 δὲ
3714 4654 3796 4719 τὶ,

2175 4769 2196 4798 α
2234 4743 2320 4803 Ἐν
2375 4754 2451 4820 ’τιρ
2523 4745 2624 4824 ᾅδῃ
2668 4769 2747 4811 τις
2821 4746 3267 4826 ἐξομολογήσεταί
3339 4769 3444 4814 σοι,
3488 4770 3508 4801 υ
3571 4750 3802 4804 τοιουτν,

2167 4836 2576 4914 Ἐξομολόγησίς
2640 4838 2778 4894 ἐστιν
2824 4839 3130 4918 εὐχαριστία
3180 4841 3311 4918 πρὸς
3382 4839 3533 4908 Θεὸν,
3608 4832 3688 4914 ἐφ’
3721 4838 3805 4896 οἷς

2163 4947 2242 4988 τις
2273 4923 2540 5005 δυσχερῶν
2599 4926 2912 5006 ἀπηλλάγη.
3005 4928 3153 4985 Ἐπεὶ
3214 4930 3300 4983 οὗν
3358 4926 3410 4981 ἐν
3461 4932 3535 4999 τῷ
3593 4923 3811 4999 παρόντι

2168 5014 2264 5090 βίῳ
2358 5015 2529 5071 πάντα
2614 5016 2676 5070 τὰ
2773 5018 2980 5093 πρακτὰ
3078 5014 3405 5072 συντελεῖται
3466 5011 3816 5091 ἐνεργούμενα

2167 5103 2502 5177 (ἀποθανοῦσι
2533 5105 2631 5181 γὰρ
2680 5104 2850 5160 πάντα
2908 5105 3067 5182 ἀργά)
3095 5122 3108 5135 ’
3159 5105 3374 5168 εἰκότως
3433 5106 3505 5166 ὡς
3564 5101 3641 5175 μή
3671 5121 3812 5161 τινος

2167 5193 2362 5248 τούτων
2434 5192 2803 5271 ἐνεργουμένου
2861 5194 2989 5272 ὑπὲρ
3055 5196 3127 5249 ὧν
3180 5214 3255 5259 τις
3312 5190 3634 5269 ἀπαλλαγεὶς
3687 5185 3807 5252 ἑξο-

2167 5280 2547 5358 μολογνιςσεται,
2610 5282 2820 5360 εἴρηται
2851 5283 2934 5361 τὸ,
3000 5305 3020 5336 ί
3062 5281 3149 5338 Ἐν
3222 5289 3297 5357 τῷ
3327 5280 3426 5357 ᾅδῃ
3482 5301 3560 5342 τις
3615 5276 3802 5352 ἐξομο-

2165 5369 2447 5447 λογήσεται
2477 5392 2558 5425 σοι
2594 5389 2606 5447 ;

2594 5395 2669 5449 ς’)

426 5453 751 5533 gratiarum
781 5455 930 5516 actio
962 5456 1034 5517 ad
1070 5455 1275 5530 Deum,
1312 5456 1450 5516 dum
1482 5455 1613 5535 quis
1644 5453 1927 5519 liberatus
1959 5467 2047 5520 est
2076 5474 2111 5522 a
2140 5456 2415 5537 gravibus
2476 5456 2780 5520 molestiis.
2843 5456 3130 5530 Quoniam
3190 5458 3373 5538 igitur
3428 5464 3643 5518 cuncta
3672 5472 3805 5536 quae

502 5622 566 5674 6⁸
589 5621 758 5685 Joan.
797 5640 875 5685 Ix.

960 5624 1025 5674 64
1060 5623 1257 5685 Matth.
1289 5640 1470 5697 xxvu,
1503 5622 1604 5684 52.
1693 5623 1757 5673 65
1782 5623 1934 5688 Psal.
1972 5643 2054 5702 vr,
2089 5627 2148 5691 6.
2234 5625 2299 5677 66
2329 5625 2479 5690 Psal.
2516 5643 2682 5701 exui,
2714 5629 2813 5689 17.

2898 5627 2959 5677 67
2991 5626 3146 5693 Psal.
3184 5643 3265 5705 tv,
3300 5629 3361 5691 6.
