4180 6212
418 332 537 402 569

1453 332 1845 405 COMMENT.
1893 342 1974 405 IN
2022 333 2261 400 EPIST.
2311 336 2334 397 Ι
2379 336 2440 397 S.
2488 336 2741 399 PETRI.

3678 329 3798 398 570

417 478 508 529 τοῦ
548 472 703 532 οἴκου
742 478 835 528 τοῦ
895 478 1049 533 Ξέοῦ.
1116 472 1261 529 Κατὰ
1307 474 1406 552 γὰρ
1461 480 1567 530 τῶν
1608 473 1866 554 ἡμέτερον
1897 474 2062 552 μέγαν

2151 467 2889 543 tationem,discussionem
2921 467 2996 529 ad
3028 464 3365 546 eligendum
3397 464 3555 547 quod
3582 465 3795 527 melius

420 564 712 639 Βασίλειον,
786 566 1027 645 φυσικῶς
1087 577 1202 628 τοῖς
1260 565 1605 631 οἰκειοτάτοις
1666 568 1820 642 ἡμῶν
1890 566 2061 648 χαλε·

2150 566 2257 619 est.
2292 557 2724 638 Incipitautem
2758 556 3013 637 primum
3044 575 3078 617 a
3108 557 3284 618 domo
3314 555 3444 631 Dei,
3487 554 3793 636 quoniam,

421 655 697 735 παίνομεν,
772 642 895 711 ὅταν
952 656 1025 719 εἷς
1095 656 1240 728 ἡμᾶς
1300 652 1741 730 ἐξαμαρτάνωσιν.
1802 642 2066 714 Οἶκέἰότα-

2151 647 2311 727 iuxta
2340 655 2607 708 nostrum
2639 664 2914 725 magnum
2967 644 3274 719 Basilium,
3324 643 3668 706 naturaliter
3707 642 3800 704 his

421 765 503 800 τοι
532 741 588 799 δὲ
616 751 695 819 τῷ
753 750 870 818 Θεῷ
926 738 1020 801 οὒκ
1076 742 1227 799 ἄλλοι
1270 743 1305 810 ἢ
1377 746 1423 799 οἱ
1482 744 1657 800 πιστοὶ
1711 746 1759 801 οἱ
1816 744 2069 820 συμπλη-

423 839 628 912 ροῦντες
684 843 777 892 τοῦ
847 839 977 889 Θεοῦ
1017 833 1110 889 τὸν
1151 832 1327 911 οἶκον,
1386 830 1503 898 ¹ἦτοι
1574 833 1671 898 τὴν
1729 832 2067 900 Ἐκκλησίαν,

429 924 520 978 Διὸ
548 924 638 979 καὶ
682 925 709 980 6
766 924 956 1001 Σωτὴρ
1001 921 1179 1001 ἔλεγεν
1213 938 1227 951 ⁸
1293 941 1317 976 ι
1380 919 1528 1000 Ἐρετ
1580 926 1787 1002 πρῶτον
1842 937 1959 984 τοῖς
2013 924 2073 980 ἐκ

424 1008 626 1076 δεξιῶν,
677 1035 704 1067 ι
766 1021 950 1088 Κρΐμα
992 1008 1047 1066 δὲ
1104 1010 1320 1066 ἐνταῦθα
1376 1012 1465 1066 τὸν
1526 1010 1775 1090 ἑτασμὸν,
1831 1012 1923 1077 τὰς
1953 1012 2071 1069 θλί-

423 1104 548 1174 ψεις
605 1097 749 1178 Λέγει
807 1100 901 1165 τὰς
945 1099 1051 1155 ἀπὸ
1106 1105 1213 1155 τῶν
1256 1095 1458 1153 ἀσεϐῶν
1515 1099 1884 1179 ἐπενεχθείσας
1954 1115 2070 1165 τοϊς

422 1202 662 1252 πιστοῖς.
714 1184 809 1244 Ὧν
856 1190 946 1245 καὶ
988 1191 1016 1245 6
1074 1189 1259 1267 Κύριος
1320 1187 1742 1266 προκατήγγειλε
1788 1190 1888 1256 τὴν
1931 1190 2068 1247 ἐπα-

422 1294 608 1355 γωγὴν
665 1279 890 1356 εἰρηκώς
1013 1300 1036 1333 α
1099 1278 1505 1347 Παραδώσουσιν
1578 1281 1713 1354 ὑμᾶς
1786 1281 1858 1341 εἰς
1941 1302 2069 1339 συνο-

423 1364 586 1445 ἐδρια,
655 1391 679 1425 ι
774 1370 862 1424 καὶ
917 1365 1061 1434 ἑξῆς,
1125 1368 1285 1439 Εἶτα,
1347 1367 1524 1445 ὥσπερ
1608 1369 2067 1446 παραιωθούμενος

1010 1458 1046 1480 1,
1089 1457 1135 1480 ,7
1199 1458 1211 1479 ξ
1284 1462 1302 1470 υ

420 1566 527 1600 των
586 1544 751 1602 ὄντων
814 1548 874 1603 οὗ
930 1545 1178 1624 φείδεται,
1252 1544 1531 1615 ἐννοήσατε
1582 1546 1633 1601 τί
1702 1544 1847 1602 ἔσται
1915 1546 2065 1611 τέλος

420 1647 540 1697 τοῗς
584 1631 820 1692 ἀσεϐέσι.
870 1636 967 1692 Καὶ
1010 1636 1281 1690 πιστοῦται
1324 1641 1477 1689 τοῦτο
1520 1633 1623 1689 ἀπὸ
1677 1640 1775 1700 τῆς
1832 1641 2063 1714 Γραφῆς,

2151 735 2252 816 qui
2266 735 2436 796 nobis
2452 733 2896 796 familiarissimi
2913 733 3793 813 suntmagisindignamur,cum

2152 823 2212 884 in
2247 842 2352 884 nos
2385 823 2757 905 peccaverint
2791 845 2803 883 :
2831 823 2951 884 Deo
2970 831 3166 884 autem
3190 843 3305 884 non
3328 820 3797 884 aliifamiliario-

2153 931 2251 973 res
2272 923 2408 973 sunt
2425 931 2597 994 quam
2619 912 2954 993 fideles,qui
2973 912 3271 991 complent
3290 910 3798 983 domumDei,3ive

2153 1000 2500 1065 Ecclesiam.
2527 1004 2668 1065 Ideo
2700 1020 2935 1083 quoque
2964 1000 3197 1062 dicebat
3221 1001 3484 1064 Salvator
3517 1018 3531 1062 :
3572 1020 3595 1058 ι
3628 998 3799 1060 Dicet

2155 1091 2407 1170 primum
2434 1090 2523 1152 his
2545 1090 2699 1170 quia
2720 1090 2941 1152 dextris
2966 1089 3231 1151 erunt68.
3249 1089 3578 1152 iiJudicium
3598 1095 3792 1149 autem

2152 1181 2264 1241 hoc
2296 1179 2425 1241 loco
2455 1180 2600 1241 dicit
2632 1178 3173 1260 examinationem,'
3196 1197 3409 1259 nempe
3442 1177 3793 1239 afﬂictiones

2152 1286 2281 1347 quas
2303 1268 2375 1329 ab
2405 1268 2606 1345 impiis
2628 1268 2990 1329 inducuntur
3013 1268 3320 1330 ﬁdelibus:
3348 1284 3594 1348 quarum
3616 1265 3792 1326 etiam

2151 1356 2548 1418 induetionem
2580 1357 3007 1438 pracnuntiabat
3036 1355 3324 1417 Dominus
3364 1373 3495 1416 cum
3529 1353 3790 1414 diceret:

2158 1469 2184 1499 «
2211 1444 2469 1507 Tradent
2499 1466 2599 1507 vos
2628 1447 2698 1507 ad
2752 1445 3009 1507 concilia
3034 1444 3119 1519 69,
3152 1471 3177 1500 »
3215 1459 3331 1507 etc.
3374 1443 3598 1507 Deinde
3628 1439 3796 1522 quasi

2152 1533 2509 1594 consolando
2540 1553 2642 1595 eos
2673 1533 2974 1613 subjungit
3001 1554 3013 1593 :
3046 1534 3107 1595 Si
3140 1553 3277 1613 ergo
3312 1532 3484 1594 nobis
3514 1530 3613 1612 qui
3645 1529 3794 1591 adeo

2152 1620 2473 1684 familiares
2500 1622 2613 1701 ipsi
2641 1641 2843 1683 sumus
2875 1642 2989 1683 non
3023 1624 3228 1703 parcit,
3258 1623 3633 1683 considerate
3664 1621 3797 1699 quis

429 1746 455 1776 α
494 1725 550 1779 Εἰ
603 1726 631 1779 6
674 1721 895 1795 δίκαιος,
953 1721 1237 1802 λεγούσης,
1295 1721 1448 1798 μόλις
1505 1724 1754 1796 σώζεται,
1804 1726 1831 1778 6
1874 1697 2066 1791 ἀσεϐὴς

2152 1710 2380 1808 futurus
2400 1711 2476 1773 sit
2498 1697 2945 1808 finisimpiisEt
2961 1697 3275 1773 confirmat
3296 1712 3409 1808 hoc
3434 1729 3467 1771 a
3489 1697 3796 1808 Scriptura

422 1813 510 1866 καὶ
539 1810 856 1889 ἁμαρτωλὸς
912 1819 1016 1869 ποῦ
1052 1824 1295 1889 φανεῖται
1331 1831 1347 1890 ;
1398 1833 1425 1865 n
1486 1818 1733 1868 Τοιοῦτον
1775 1809 1830 1867 δὲ
1873 1814 1933 1868 τὸ
1962 1813 2066 1868 ἀπὸ

2152 1817 2281 1878 qua)
2313 1800 2455 1861 dicit
2487 1821 2502 1861 :
2545 1799 2638 1861 «Si
2665 1802 2860 1890 justus
2894 1800 2979 1860 vix
3001 1801 3191 1862 salvus
3215 1797 3711 1890 eﬂicitu_r,impius
3739 1804 3798 1856 et

420 1904 518 1966 τῆς
576 1888 786 1979 Γραφῆς
831 1888 1075 1976 βούλεται
1130 1888 1404 1975 σημαίνειν
1436 1919 1448 1933 ⁸
1498 1901 1555 1956 Εἰ
1616 1903 1643 1955 6
1695 1898 1888 1967 δίκαιος
1916 1900 2066 1977 κόπῳ

2152 1890 2537 1967 peccatorubi
2556 1888 2918 1971 comparebit
2941 1890 3048 1950 70?
3073 1914 3094 1947 ε
3119 1888 3471 1979 Hujusmodi
3488 1895 3682 1948 autem
3707 1891 3797 1979 est

420 1990 509 2045 καὶ
538 1974 729 2068 μόχθῲ
897 1989 1160 2067 σωτηρίας
1216 1989 1469 2067 τυγχάνει
1531 1985 1746 2068 (βιαστὴ
1795 1991 1894 2070 γάρ
1924 1974 2064 2047 ἔστιν

2151 1978 2301 2070 quod
2336 1999 2368 2040 a
2394 1980 2702 2070 Scriptura
2719 1979 3054 2057 signiﬁcare
3073 1979 3192 2070 vuit
3220 1996 3232 2040 :
3268 1977 3329 2070 Si
3346 1979 3680 2070 justusper
3706 1974 3793 2034 la-

421 2080 457 2146 ἡ
514 2063 753 2154 βασιλεία
806 2085 897 2134 τοῦ
949 2063 1101 2148 Θεοῦ,
1159 2079 1246 2134 καὶ
1293 2063 1383 2133 διὰ
1441 2063 1652 2134 πολλῶν
1706 2063 1932 2155 θλίψεων
1986 2081 2062 2144 τίς

2151 2065 2349 2128 borem
2370 2077 2421 2129 el
2442 2067 2817 2130 afﬂictionem
2840 2068 3224 2150 consequitur
3237 2063 3801 2129 salutemt’violenter

428 2170 593 2233 αὐτῆς
660 2165 966 2247 τυγχάνει),
1039 2168 1085 2222 οἱ
1138 2166 1319 2223 ἄνετον
1375 2168 1484 2243 βίον
1539 2168 1626 2223 καὶ
1684 2153 2066 2225 ἀπολαυστικὸν

2152 2156 2308 2216 enim
2343 2157 2572 2237 capitur
2602 2175 2850 2231 regnum
2906 2157 3190 2218 caelorum
3243 2156 3322 2235 71,
3358 2167 3415 2217 et
3447 2173 3553 2235 per
3583 2153 3795 2215 multas

426 2262 641 2335 ζῶντες³
698 2256 851 2311 τίνων
922 2253 1231 2329 τεύξονταις
1312 2257 1456 2313 Κατά
1524 2258 1613 2311 τὸν
1684 2255 1944 2329 μέλλοντα
2014 2256 2069 2313 δὲ

424 2346 589 2401 αἰῶνα
630 2345 691 2400 τὸ
733 2345 850 2424 περὶ
903 2351 1007 2400 τῶν
1053 2341 1258 2401 ἀσεϐῶν
1313 2345 1615 2403 ἀκουστέον.
1672 2337 1847 2403 υΩστε
1887 2350 2067 2427 φησὶν,

427 2433 470 2488 εἷ
498 2429 641 2488 τοῦτ’
674 2430 809 2511 ἔστι,
839 2430 924 2487 διὰ
952 2438 1105 2488 τοῦτο
1143 2433 1232 2488 καὶ
1287 2434 1450 2507 ἡμεῖς
1506 2443 1805 2514 πάσχοντες
1846 2436 1983 2491 κατὰ
2009 2435 2070 2491 τὸ

425 2519 629 2594 θέλημα
694 2526 788 2577 τοῦ
846 2528 996 2591 Θεοῦ,
1057 2521 1134 2595 μὴ
1189 2521 1521 2598 ῥᾳθυμῶμεν,
1568 2520 1689 2578 ἀλλ’
1749 2526 1820 2588 ὡς
1900 2531 2070 2598 πιστῷ

422 2610 611 2684 κτίστῃ
668 2608 1069 2687 παρατιθώμεθα
1138 2610 1231 2672 τὰς
1312 2610 1491 2689 ψυχὰς
1550 2611 1746 2668 ἑαυτῶν
1817 2611 1870 2667 ἐν
1928 2612 2068 2688 ἀγα-

2151 2244 2498 2307 afﬂictiones
2511 2245 3008 2327 quispiamipsuni
3024 2242 3608 2327 consequittir7’).qui
3621 2243 3796 2303 vitam

2152 2333 2499 2397 dissolutam
2515 2353 2582 2397 ac
2599 2336 3008 2416 voluptuosam
3024 2334 3414 2416 degunt,quid
3428 2351 3798 2414 consequen-

2156 2423 2297 2485 tur?
2347 2423 2798 2503 Intelligendum
2851 2432 2940 2485 est
2992 2432 3185 2485 autem
3238 2423 3300 2484 in
3350 2423 3542 2484 futuro
3582 2421 3797 2483 saeculo

2152 2520 2432 2592 quantum
2468 2514 2539 2575 ad
2562 2513 2619 2575 id
2653 2514 2809 2593 quod
2844 2512 3061 2593 impios
3092 2514 3398 2574 concernit
3459 2510 3716 2573 Proinde
3747 2509 3796 2572 si

2152 2604 2263 2663 hoc
2291 2602 2370 2663 ita
2402 2612 2511 2676 est,
2544 2603 2756 2684 inquit,
2794 2611 3036 2682 propter
3095 2602 3205 2663 hoc
3237 2609 3297 2663 et
3323 2620 3429 2662 nos
3459 2600 3800 2680 afflligimur

422 2698 632 2769 θοποίᾳ.
686 2697 832 2754 Κατὰ
875 2698 936 2752 τὸ
979 2696 1186 2772 θέλημα
1228 2696 1282 2753 δὲ
1338 2705 1430 2754 τοῦ
1489 2706 1618 2758 Θεοῦ
1670 2702 1847 2773 εἶπεν⁹
1896 2699 1931 2769 ἢ
1985 2700 2064 2756 ὅτι

2151 2690 2306 2770 juxta
2325 2691 2679 2754 voluntatem
2708 2691 2924 2762 Dei,ne
2944 2708 3155 2769 segnes
3178 2689 3641 2771 efﬁciamur,sed
3662 2697 3796 2750 tan-

424 2789 519 2844 οὒκ
547 2784 644 2851 ἔξω
694 2790 791 2852 τῆς
848 2794 940 2844 τοῦ
986 2793 1117 2842 Θεοῦ
1171 2788 1415 2864 προνοίας
1460 2789 1526 2843 τὰ
1594 2789 1826 2868 ἡμέτερα
1895 2790 2062 2863 πάθη,

2151 2799 2321 2860 quam
2351 2781 2507 2860 apud
2540 2782 2718 2843 ﬁdum
2765 2780 3131 2841 conditorem
3163 2780 3534 2859 deponamus
3566 2777 3795 2840 animas

421 2872 624 2948 δηλῶν,
697 2872 815 2930 ἀλλ’
873 2878 988 2931 οἷον
1044 2873 1277 2949 δοκίμιον
1332 2884 1496 2933 ταῦτα
1538 2877 1626 2934 ὑπ’
1685 2867 1878 2935 ἐκείνου
1930 2880 2063 2954 ἡμῖν
2152 2867 3795 2933 nostrasbenel‘actendo.DixitautemJuxtavoluntatem

424 2960 810 3042 βραϐευόμενα²
876 2963 910 3031 ἢ
976 2961 1057 3019 ὅτι
1114 2965 1187 3028 ὡς
1251 2966 1380 3044 ὑπὲρ
1435 2973 1528 3022 τοῦ
1596 2965 1894 3042 θελήματος
1976 2975 2066 3024 τοῦ

2151 2959 2383 3040 Βεί,ο,ιιι
2411 2959 2755 3039 significans
2786 2958 2942 3040 quod
2968 2977 3082 3019 non
3101 2957 3232 3018 sine
3263 2956 3458 3018 divina
3480 2957 3796 3035 providen-

427 3055 559 3110 Θεοῦ
588 3054 912 3134 πάσχοντες³
963 3056 1103 3128 αὖτῷ
1150 3063 1559 3134 παραχωρῶμεν
1614 3059 1700 3112 καὶ
1756 3059 1853 3125 τὴν
1908 3056 2063 3115 ἔκϐα-

2152 3049 2229 3109 tia
2257 3050 2376 3109 sint
2406 3058 2621 3110 nostrae
2648 3046 3140 3126 afﬂictiones,sed
3166 3059 3440 3127 tanquam
3474 3046 3796 3127 exploratio

423 3166 528 3198 σιν.
578 3144 768 3205 Πιστὸς
798 3144 898 3221 γὰρ
949 3145 1121 3216 οὗτος,
1166 3144 1451 3212 τουτέστιν,
1500 3145 1739 3226 ἀσφαλὴς
1783 3148 1869 3203 καὶ
1899 3147 2066 3222 ἀψε)-

2151 3140 2221 3201 ab
2255 3140 2357 3201 illo
2390 3140 2560 3201 nobis
2611 3141 3028 3221 dispensatur:
3063 3146 3164 3200 aut
3192 3138 3345 3218 quod
3380 3145 3655 3218 tanquam
3688 3156 3796 3198 vu-

421 3230 518 3299 δὴς
547 3232 683 3287 κατά
711 3232 804 3294 τὰς
834 3230 1151 3311 ἔπαγγελίας
1182 3234 1358 3307 αὒτοῦ,
1410 3236 1497 3289 καὶ
1553 3236 1646 3290 0-37.
1710 3235 1861 3290 ἐᾶσαι
1922 3237 2065 3310 ἡμᾶς

421 3323 764 3401 πειρασθῆναι
793 3321 923 3400 ὑπὲρ
951 3322 979 3377 ὃ
1034 3320 1315 3396 δυνάμεθα.
1388 3329 1505 3387 Πῶς
1549 3321 1603 3378 δὲ
1647 3321 1730 3380 δεῖ
1789 3331 1904 3399 Θεῷ
1953 3347 2065 3381 πα-

421 3410 680 3489 ρατιθέναι
712 3408 897 3466 ἑαυτόν
930 3430 947 3484 ;
981 3410 1067 3467 Ἐν
1094 3410 1439 3489 ἀγαθοποιίᾳ,
1475 3413 1624 3490 φησί,
1671 3414 1730 3470 Τί
1771 3413 1825 3469 δὲ
1868 3424 2020 3473 τοῦτο
2047 3430 2061 3486 ;

419 3502 493 3558 T6
560 3499 616 3555 ἐν
667 3500 1117 3580 ταπεινοφροσύνῃ
1174 3500 1466 3556 ἀνατιθέναι
1517 3501 1718 3564 ἑαυτὸν.
1783 3504 1859 3579 μὴ
1929 3503 2065 3580 μέγα

416 3586 501 3669 ἐἶδ’
561 3592 646 3653 οἷς
697 3588 900 3667 πάσχει
956 3610 1036 3653 τις
1088 3591 1310 3668 φρονῶν,
1371 3588 1492 3645 ἀλλ’
1536 3589 1645 3664 ὅσῳ
1700 3592 1862 3666 μείζω
1918 3590 2065 3649 δοκεῖ

420 3678 677 3757 πάσχειν,
708 3677 943 3750 τοσούτῳ
987 3686 1080 3736 τοῦ
1133 3677 1356 3757 ἀχρεῖον
1410 3677 1698 3756 λογίζεσθαι
1760 3681 1942 3747 ἑαυτὸν
1985 3698 2063 3755 μη

420 3765 794 3846 ἀφιστάμενος,
853 3768 941 3822 καὶ
1008 3767 1088 3839 τὸ,
1155 3790 1182 3821 (ι
1247 3768 1454 3833 Δίκαιος
1503 3768 1557 3824 εἷ
1629 3768 1713 3824 ἐπὶ
1752 3775 1909 3824 πᾶσιν
1980 3774 2064 3834 οἷς

421 3853 676 3920 ἐποίησας
720 3855 878 3930 ἡμῖν,
924 3853 1206 3932 ἐπιλέγων,
1264 3878 1291 3909 n
1354 3852 1580 3921 ’Λσεϐὴς
1639 3854 1693 3912 δὲ
1746 3860 1833 3913 καὶ
1890 3857 2067 3936 ἆμαρ-

419 3940 591 4007 τωλὸς
647 3943 813 4019 ταύτῃ
869 3941 1219 4022 διαφέρουσιν.
1279 3941 1528 4010 Ἀσεϐἠς.
1605 3944 1698 4019 μὲν
1761 3946 1860 4024 γὰρ
1901 3948 1929 4001 6
1972 3945 2070 4011 ἔξω

420 4033 596 4099 πάντη
653 4040 801 4105 Θεοῦ,
866 4030 1179 4110 ἁμαρτωλὸς
1238 4030 1292 4088 δὲ
1337 4035 1364 4089 6
1422 4040 1552 4092 Θεοῦ
1609 4034 1705 4109 μὲν
1761 4034 1883 4092 ὅσον
1926 4032 2069 4105 δήτι

424 4119 806 4201 ἀντεχόμενος,
880 4118 1052 4185 ἄλλως
1109 4118 1163 4175 δὲ
1218 4128 1556 4200 καταφρονῶν
1597 4124 1684 4178 καὶ
1738 4121 2068 4202 παραϐαίνων

425 4210 603 4289 αὒτοῦ,
643 4210 762 4272 τοὺς
808 4207 1019 4284 νόμους,
1082 4210 1301 4267 Δύναται
1350 4207 1405 4265 δὲ
1463 4212 1491 4265 6
1547 4212 1701 4275 αὗτὸς
1745 4213 1832 4267 καὶ
1875 4211 2067 4280 ἀσεϐὴς

2150 3230 2373 3290 luntate
2397 3228 2505 3291 Dei
2535 3230 2760 3310 afﬂicti,
2794 3228 2909 3308 ipsi
2942 3226 3267 3288 tribuamus
3300 3235 3357 3288 et
3381 3225 3797 3289 eventum.Hic

2150 3320 2402 3398 namque
2435 3318 2628 3379 fidelis
2655 3328 2765 3391 est,
2802 3319 2915 3379 hoc
2951 3325 3058 3393 est,
3094 3334 3342 3378 securus
3368 3324 3427 3377 et
3455 3317 3553 3397 qui
3585 3316 3645 3376 in
3676 3315 3799 3376 suis

2150 3408 2641 3487 promissionibus
2665 3426 2784 3472 non
2810 3406 3124 3469 mentitur:
3160 3424 3349 3486 neque
3372 3404 3672 3487 permittet
3689 3423 3796 3464 nos

2147 3496 2323 3576 afﬂigi
2351 3516 2527 3577 supra
2548 3498 2603 3558 id
2621 3497 2774 3578 quod
2802 3514 3116 3576 possumus
3138 3494 3220 3557 7³.
3245 3494 3370 3567 Quo
3394 3503 3586 3555 autem
3620 3492 3795 3554 modo

2148 3594 2378 3665 oportet
2398 3585 2656 3666 seipsum
2673 3591 2825 3666 apud
2854 3584 3036 3646 Deum
3063 3583 3412 3664 deponere?
3440 3581 3582 3643 522
3611 3581 3800 3644 Bene-

2146 3674 2439 3751 faciendo,
2472 3675 2681 3756 inquit.
2715 3674 2865 3747 Quid
2897 3682 3095 3734 autem
3130 3671 3274 3734 illud
3311 3670 3441 3734 est?
3476 3675 3586 3733 l’er
3614 3671 3797 3732 animi

2153 3764 2505 3827 modestiam
2521 3765 2781 3843 seipsum
2798 3760 3413 3825 illicomtnitterenon
3433 3779 3498 3822 se
3511 3761 3801 3823 extollens

2153 3852 2227 3912 do
2270 3852 2343 3913 ob
2363 3872 2430 3914 ea
2450 3873 2579 3934 quae
2598 3854 2889 3934 quispiam
2918 3851 3131 3933 patitur
3156 3871 3171 3911 :
3198 3851 3299 3912 sed
3335 3860 3552 3932 quanto
3579 3852 3799 3931 majora

2153 3941 2269 4021 pati
2300 3942 2550 4016 videlur,
2582 3950 2745 4004 tanto
2778 3942 3007 4002 firmius
3036 3940 3122 4001 illi
3171 3940 3412 4013 litereat,
3444 3950 3509 4002 ut
3538 3941 3795 4019 seipsum

2153 4030 2446 4092 existimet
2464 4031 2734 4094 inutilem
2758 4038 2819 4092 et
2839 4029 2994 4090 dicat
3024 4027 3443 4102 illud,dtistus
3474 4036 3563 4091 est
3592 4028 3651 4089 in
3674 4048 3797 4088 om-

2153 4117 2328 4180 nibus
2347 4139 2477 4200 qum
2494 4119 2681 4181 fecisti
2703 4118 2872 4180 nobis
2892 4119 3012 4181 Ἠ.»
3049 4117 3232 4178 Porro
3250 4116 3468 4197 impius
3499 4125 3554 4177 et
3583 4135 3797 4193 pecca-

2153 4210 2364 4284 torhac
2385 4220 2547 4289 parte
2568 4208 2881 4269 differunt:
2907 4206 3204 4287 siquidem
3219 4205 3438 4286 impius
3452 4213 3540 4266 est
3565 4205 3798 4285 penitus

421 4300 511 4355 καὶ
561 4296 874 4377 ἁμαρτωλὸς
932 4297 1097 4358 εἶναι.
1161 4288 1218 4354 Ὀ
1274 4298 1373 4377 γὰρ
1416 4305 1514 4365 τὴν
1557 4299 1775 4375 ἀνομίαν
1844 4300 2064 4380 ἐργαζό-

2151 4316 2182 4358 a
2216 4301 2335 4362 Deo
2367 4288 2616 4370 alienus,
2653 4306 2928 4378 peccator
2954 4314 3094 4356 vero
3120 4296 3497 4375 Iieoquidem
3519 4294 3795 4375 aliquan-

420 4409 603 4462 μενος,
636 4388 844 4450 πάντως
875 4382 1080 4454 ἀσεϐεῖ,
1131 4386 1208 4461 μὴ
1237 4387 1327 4442 τὸν
1362 4388 1489 4443 Θεὸν
1520 4388 1575 4444 ἐν
1620 4396 1693 4464 τῷ
1750 4390 2065 4464 ἁμαρτάνειν

2152 4401 2272 4450 tum
2304 4368 2620 4461 haeret,sed
2655 4368 2929 4469 iatiquam
2953 4368 3341 4446 contemnens
3369 4368 3796 4465 ejusque-leges

420 4476 564 4533 εἶναι
592 4475 931 4554 λογιζόμενος
944 4524 957 4538 .

2149 4476 2610 4555 transgrediens.
2639 4475 2837 4537 Potest
2858 4485 3053 4537 tamen
3074 4474 3232 4535 idem
3257 4482 3315 4534 et
3342 4473 3560 4553 impius
3582 4490 3710 4534 esse
3736 4484 3794 4536 et

418 4570 698 4644 peccator
729 4584 745 4624 :
794 4582 929 4626 nam
962 4564 1061 4646 qui
1093 4564 1464 4646 iniquitatem
1498 4576 1798 4648 operatur,
1833 4567 2040 4649 utique
2068 4566 2249 4648 impie
2283 4565 2455 4644 agit,~
2490 4566 2551 4625 in
2584 4584 2654 4627 eo
2686 4564 2839 4645 quod
2876 4571 3099 4644 peccat,
3135 4563 3319 4624 Deum
3353 4581 3469 4623 non
3501 4580 3635 4624 esse
3664 4563 3791 4624 exi—

418 4652 689 4715 'stimans.

1070 4750 1431 4824 ΚΕΦΑΛ.Ζᾏ

428 4880 455 4911 α
565 4859 894 4938 Παραίνεσις*
946 4856 1307 4938 πρεσϐυτέρων
1399 4860 1513 4938 περὶ
1596 4862 1892 4927 ἓπισκοπῆς
1976 4870 2067 4919 τοῦ

500 4935 765 5011 ποιμνίου.
883 4935 973 4994 Ἐν
1055 4942 1101 5014 ᾧ
1182 4935 1298 5019 περὶ
1380 4935 1560 5007 κοινῆς
1645 4942 1855 4997 πάντων
1938 4944 2066 5019 πρὸς

504 5016 738 5099 ἕκαστον.
790 5016 1293 5099 ταπεινοφροσύνης,
1344 5021 1442 5095 ,εἰς
1528 5021 1676 5087 νίκην
1757 5020 1855 5087 τὴν
1935 5016 2069 5076 κατὰ

502 5103 593 5154 τοῦ
622 5094 887 5155 διαϐόλου.
926 5121 954 5153 ι

512 5219 533 5250 c
601 5195 980 5276 Πρεσϐυτέρους
1050 5200 1169 5265 τοὺς
1220 5199 1273 5256 ἐν
1328 5202 1455 5276 ὑμῖν
1505 5199 1796 5280 παρακαλῶ
1839 5202 1866 5255 6
1925 5221 2065 5275 σομ-

422 5284 767 5366 πρεσόυτέρος
844 5289 929 5342 καὶ
1010 5289 1206 5367 μάρτυς
1305 5296 1409 5346 τῶν
1491 5300 1584 5349 τοῦ
1653 5295 1872 5369 Τριστοῦ
1954 5309 2065 5343 πχ-

419 5376 699 5449 θημάτων,
776 5377 804 5431 6
881 5377 969 5431 καὶ
1052 5382 1149 5443 τῆς
1225 5376 1521 5453 μελλούσης
1612 5377 2067 5435 ἀποκαλύπτεσθαι

418 5465 573 5535 δόξης
644 5468 893 5530 κοινωνός
976 5469 1267 5544 ποιμάνατε
1353 5474 1413 5528 τὸ
1488 5472 1542 5529 ἐν
1617 5473 1746 5547 ὑμῖν
1825 5470 2068 5543 ποίμνιον

2752 4756 2999 4822 CAPUT
3049 4757 3150 4819 VII

2150 4864 2501 4927 Admouitio
2528 4863 3009 4943 presbyterorum
3062 4860 3156 4943 de
3195 4869 3417 4923 cumet
3451 4862 3797 4923 visituliune

2230 4948 2437 5024 gregis
2471 4966 2483 5006 :
2511 4940 2573 5006 in
2606 4940 2721 5023 quo
2750 4944 2933 5024 etiam
2970 4940 3096 5020 agit
3119 4941 3189 5024 de
3207 4946 3504 5024 communi
3526 4944 3792 5024 omnium

2232 5021 2523 5086 modestia
2555 5021 2701 5102 erga
2730 5021 3020 5102 singulos,
3054 5023 3132 5082 ad
3161 5022 3477 5084 viutoriam
3507 5022 3797 5084 adversus

2232 5104 2584 5166 Diabolum.

2229 5199 2297 5280 V,
2342 5202 2468 5262 1-6.
2508 5200 2885 5279 Presbyteroa
2932 5206 3041 5280 qui
3065 5207 3206 5263 sunt
3237 5202 3398 5263 inter
3438 5220 3541 5263 vos
3570 5200 3794 5264 exhor-

2153 5297 2269 5369 tor,
2304 5292 2410 5369 qui
2453 5307 2585 5351 sum
2636 5296 2691 5350 et
2723 5293 2844 5369 ipse
2866 5290 3185 5368 presbyter
3214 5308 3288 5352 ac
3311 5293 3477 5352 testis
3507 5291 3790 5368 afﬂictio-

2152 5395 2293 5438 num
2324 5377 2568 5450 Cliristi‘
2608 5382 2786 5457 atque
2820 5379 2973 5437 idem
3008 5395 3255 5440 consors
3282 5379 3496 5457 gloria:
3526 5397 3655 5459 quae
3689 5397 3792 5440 νας

2152 5464 2452 5529 vetabitur
2485 5486 2497 5529 :
2531 5471 2751 5546 pascite
2794 5475 3086 5548 quantum
3136 5472 3201 5531 in
3248 5470 3411 5533 vobis
3439 5478 3526 5532 est
3553 5486 3791 5548 gregem

492 5634 568 5687 68
593 5634 798 5723 Matth.
830 5634 1100 5723 Χξζνζ34.
1186 5634 1250 5687 69
1280 5640 1484 5723 Matth.
1519 5660 1575 5723 ν,
1613 5645 1707 5703 l7.
1794 5638 1856 5691 70
1885 5637 2055 5699 Prov.

2160 5683 2176 5711 ,
2225 5634 2327 5699 31.
2410 5635 2463 5685 7‘
2518 5636 2723 5700 Matth.
2772 5653 2855 5715 xx,
2912 5639 3005 5702 l2.
3092 5637 3150 5688 79
3179 5638 3308 5702 Act.
3341 5654 3463 5716 x1v,
3496 5637 3595 5701 21.
3683 5635 3793 5703 751

409 5715 547 5780 Cor.
586 5733 645 5795 x,
688 5715 779 5781 l3.
870 5716 933 5766 74
959 5716 1108 5779 Dan.
1144 5733 1208 5799 II,
1246 5718 1342 5780 14.
