4180 6212
351 307 458 375 571
1465 312 1876 381 (ECUMENII
1923 301 2220 371 TRICC/E
2261 318 2597 383 EPISCOPI
3614 322 3739 388 572

309 508 316 515 _
353 443 607 537 Christi,
641 466 853 513 curam
876 450 1050 514 illius
1084 458 1328 529 agentes
1354 467 1475 512 non
1496 456 1720 523 coacte,
1744 446 1851 537 sed
1880 460 1989 508 vo-

2087 454 2176 503 τοῦ
2274 455 2519 532 Χριστοῦ,
2630 454 3067 536 ἐπισκοποῦντες,
3178 456 3255 533 μὴ
3358 458 3732 537 ἀναγκαστῶς,

349 532 535 597 lentes
566 554 584 597 :
616 555 739 600 non
771 542 1035 621 turpiter
1055 541 1412 621 affectantes
1444 539 1706 613 lucrum,
1737 536 1839 599 sed
1862 551 1989 627 prq‘

2088 540 2205 598 ἀλλ’
2291 543 2561 617 ἑκασίως,
2657 545 2735 620 μὴ
2820 532 3230 626 αἰσχροκερδῶς,
3319 532 3484 605 ἀλλά⁷
3537 548 3741 627 προθύσ

348 640 536 702 penso
557 629 762 690 animo
782 647 1014 709 :neque
1032 647 1138 691 ceu
1161 630 1501 691 dominium
1527 632 1868 691 exercentes
1889 624 1989 715 ad-

2087 653 2222 704 μως,
2285 630 2419 706 μηδὲ
2477 635 2549 696 ὡς
2612 624 3094 713 κατακυριεύοντες,
3156 635 3262 691 τῶν
3330 624 3590 715 κλήρων,⁷
3626 635 3734 693 ἀλ-

348 728 557 775 versus
580 716 814 780 cteros:
848 718 954 780 sed
981 720 1068 780 sic
1087 725 1153 780 ut
1192 720 1329 781 sitis
1366 716 1741 797 exemplaria
1767 713 1998 795 gregis.

350 798 433 860 Et
454 817 590 864 tum
613 807 975 883 apparuerit
1003 814 1319 887 pastorum
1346 813 1652 888 princeps,
1673 802 2003 885 reportabi-

348 888 425 948 tis
452 890 1007 958 immarcesszbzlem
1031 897 1244 976 gloriae
1261 894 2005 971 coronam.Similiter,juv

345 978 565 1067 uiores,
587 982 818 1047 subditi
834 995 1016 1049 estote
1034 987 1399 1067 senioribus,
1421 989 1508 1049 sic
1530 993 1817 1049 utomnes
1846 981 2005 1045 alius

345 1066 459 1155 alii
473 1070 736 1134 vicissim
764 1075 1202 1155 subjiciamini.
1244 1066 1672 1138 Humilitatem
1695 1074 1890 1136 animi
1911 1088 2006 1134 vo-

347 1154 434 1245 bis
453 1157 711 1237 induite,
734 1154 1058 1245 propterea
1092 1167 1252 1245 quod
1274 1164 1448 1228 'Deus
1463 1164 1733 1244 superbis
1749 1163 1997 1227 resistit,

343 1244 678 1312 humilibus
710 1244 917 1316 autem
945 1256 1055 1317 dat
1100 1244 1394 1335 igratiam.
1424 1253 1861 1316 Humiliemini
1888 1251 2002 1331 igi-

349 1341 451 1397 tur
472 1338 581 1399 sub
608 1348 841 1418 potenti
867 1362 1053 1407 manu
1089 1345 1218 1409 Dei.

424 1425 567 1488 δνδ
589 1429 732 1491 Cum
763 1431 835 1493 de
853 1434 1038 1494 animi
1064 1434 1351 1496 modestia
1374 1435 1671 1495 disserere
1687 1438 1994 1513 proponat,

344 1533 519 1594 quam
537 1517 711 1578 etiam
729 1518 1120 1602 obitertetigit
1140 1523 1278 1585 dum
1304 1521 1993 1596 diceretBenefaciendo,

344 1610 401 1693 et
431 1623 588 1667 nunc
615 1607 876 1687 seipsum
935 1630 1157 1673 vocans
1187 1612 1754 1693 sympresbyterum,
1792 1611 1847 1672 id
1883 1618 1994 1682 est,

2084 717 2151 775 λὰ
2211 720 2363 777 τύποι
2431 721 2697 800 γινόμενοι
2779 729 2873 780 τοῦ
2955 730 3219 798 ποιμνίου.
3308 727 3405 783 Καὶ
3487 746 3732 804 φανερω-

2083 806 2259 872 θέντος
2340 816 2434 867 τοῦ
2516 809 2923 891 ἀρχιποιμένος,
3028 816 3300 888 κομιεῖσθε
3409 815 3497 869 τὸν
3582 814 3729 889 ἁμα-

2086 898 2322 977 ράντινον
2405 905 2502 966 τῆς
2585 897 2738 966 δόξης
2822 899 3100 979 στέφανον.
3178 892 3404 978 Ὀμοίως
3487 902 3728 982 νεώτεροι

2084 987 2383 1065 ὑποτάγητε
2408 985 2798 1067 πρεσϐυτέροις,
2831 989 3023 1051 πάντες
3067 988 3322 1060 ἀλλήλοις
3365 992 3731 1065 ὑποτασσόμε-

2085 1097 2185 1133 νοι.
2218 1076 2327 1143 Τὴν
2372 1076 2850 1155 ταπεινοφροσύνην
2894 1074 3324 1154 ἐγκομϐώσασθε,
3366 1077 3447 1135 ὅτι
3506 1081 3534 1135 6
3592 1082 3722 1144 Θεὸς

2082 1164 2433 1243 ὑπερηφάνοις
2462 1164 2826 1222 ἀντιτάσσεται
2876 1180 3143 1231 ταπεινοῖς
3201 1164 3256 1222 δὲ
3314 1164 3487 1223 δίδωσι
3536 1168 3720 1248 χάριν,

2084 1252 2448 1319 Ταπεινώθητε
2521 1253 2608 1310 οὖν
2678 1254 2779 1310 ὑπὸ
2862 1253 2960 1321 τὴν
3056 1255 3307 1333 κραταιὰν
3392 1268 3556 1335 χεῖρα
3629 1262 3724 1313 τοῦ

2083 1348 2234 1404 Θεοῦ,
2286 1367 2308 1397 ι

2162 1433 2282 1510 Περὶ
2364 1433 2841 1512 ταπεινοφροσύνης
2914 1431 3259 1510 προκειμένου
3344 1432 3486 1505 αὒτῷ
3549 1431 3728 1489 διαλα-

2078 1515 2217 1593 ϐεῖν,
2249 1520 2314 1587 ἦν
2370 1523 2456 1578 καὶ
2499 1518 2948 1600 προανεκρούσατο
3013 1519 3101 1577 Ἐν
3162 1519 3484 1594 ἀγαθοποιίᾳ
3539 1522 3723 1601 εἰπὼν,

2081 1607 2532 1689 συμπρεσϐύτερον
2576 1611 2760 1666 ἑαυτὸν
2816 1608 2976 1665 καλεῖ
3010 1625 3023 1639 ⁸
3072 1607 3344 1682 σημαίνειν
3389 1606 3442 1664 δὲ
3485 1607 3725 1685 βούλεται

345 1692 519 1754 simul
555 1703 612 1756 et
645 1683 762 1758 una
787 1699 1190 1780 presbyterum
1205 1683 1349 1764 .vPe'r
1378 1683 1717 1764 hoc'autem
1740 1683 1879 1780 ipse
1909 1700 1989 1761 vel

2083 1698 2222 1771 αύτῷ
2263 1706 2438 1769 τοῦτο,
2491 1698 2609 1767 ἤτοι
2636 1699 2734 1766 τὴν
2778 1696 3011 1775 ἡλικίαν,
3070 1696 3105 1764 ἢ
3155 1696 3251 1764 τὴν
3300 1696 3391 1752 τοῦ
3433 1696 3723 1753 ἐπισκόπου

346 1787 576 1844 aetatem
615 1784 1004 1865 designat,vel
1030 1789 1294 1869 episcopi
1324 1789 1810 1862 honorem.Quod
1838 1788 1996 1850 enim

348 1877 405 1959 et
437 1870 696 1952 episcopi
730 1876 1000 1938 dicantur
1048 1878 1376 1959 presbyteri
1428 1879 1584 1939 nevit
1625 1887 1684 1940 et
1712 1880 1995 1941 Actorum

342 1957 495 2020 liber
511 1960 827 2026 75.Deinde
846 1957 1149 2028 volensvsui
1168 1957 1548 2028 eminentiam
1564 1966 1993 2034 demonstrare,

344 2054 400 2108 et
429 2050 585 2128 quod
616 2052 921 2115 modestiae
946 2074 1123 2116 causa
1146 2056 1405 2135 seipsum
1435 2064 1602 2116 vocet
1625 2053 1997 2135 syinpresby-

345 2138 872 2221 terum,subjungit
893 2162 1058 2204 suam
1082 2144 1695 2221 dignitatemnTestiS
1718 2142 1995 2204 afﬂictio-

344 2243 482 2285 num
499 2226 716 2289 Christi
741 2248 754 2292 :
784 2256 810 2286 »
843 2231 954 2292 hoc
995 2250 1106 2311 per
1147 2232 1258 2294 ista
1306 2233 1641 2312 signiﬁcare
1662 2232 1895 2293 volens:
1934 2229 1994 2294 Si

344 2331 454 2389 ego
487 2316 586 2396 qui
619 2318 820 2380 talium
857 2319 1144 2383 visionem
1178 2321 1343 2383 vobis
1374 2322 1673 2401 interpres
1704 2340 1857 2396 sum,
1878 2340 1994 2382 non

341 2401 630 2482 dedignor
647 2408 938 2488 meipsum
955 2409 1259 2487 appellare
1279 2429 1403 2489 sym
1414 2411 1845 2491 presbyterum,
1882 2428 1993 2471 ne-

342 2509 457 2579 que
487 2512 587 2554 vos
619 2495 718 2574 qui
742 2496 892 2575 justi
914 2498 1055 2559 estis
1081 2499 1447 2560 extollnmini
1471 2499 1753 2559 adversus
1771 2517 1872 2559 eos
1894 2499 1994 2579 qui

340 2578 506 2642 vobis
561 2582 873 2646 inferiores
930 2595 1087 2650 sunt.
1157 2589 1475 2666 Propterea
1504 2596 1698 2649 autem
1728 2578 1993 2649 Christus

342 2668 520 2749 hujus
549 2682 880 2753 praeceptor
931 2675 1278 2736 modestiam
1312 2676 1585 2738 docendo
1617 2676 1696 2736 ita
1724 2694 1991 2755 pronun-

342 2756 480 2819 tiat:
524 2781 547 2814 α
581 2759 642 2820 Si
675 2779 814 2840 ergo
846 2781 953 2841 ego
998 2763 1108 2824 lavi
1138 2773 1365 2826 vestros
1397 2763 1580 2844 pedes
1609 2764 1895 2827 Dominus
1924 2783 1992 2826 ac

342 2847 622 2925 magister
644 2849 730 2913 76.
774 2875 798 2906 υ
834 2851 1263 2916 Additautem.
1300 2877 1322 2910 (ι
1361 2853 1614 2916 Consors
1633 2853 1835 2931 gloriae
1862 2872 1993 2931 quae

2078 1788 2263 1861 τιμήν,
2322 1786 2702 1867 Πρεσὸοτὲρους
2760 1789 2858 1867 γὰρ
2906 1788 2992 1843 καὶ
3056 1787 3175 1849 τοὺς
3247 1785 3565 1851 ἐπισκόπους
3635 1787 3724 1842 καὶ

2080 1876 2113 1943 ἡ
2156 1883 2260 1931 τῶν
2308 1875 2545 1956 Πραξεων
2602 1875 2780 1953 βίϐλος
2826 1873 2938 1932 οἶδε
2994 1874 3333 1953 λεγομένους.
3405 1876 3539 1931 Εἶτα
3591 1876 3722 1950 βου-

2079 1962 2301 2040 λόμενος
2365 1968 2425 2022 τὸ
2488 1966 2750 2046 ύπεοέχον
2835 1966 3018 2024 ἑαυτού
3086 1969 3441 2042 παραστῆσαι,
3499 1965 3587 2020 καὶ
3640 1962 3721 2019 ὅτι

2078 2056 2553 2133 ταπεινοφροσύνης
2676 2054 2850 2109 ἕνεκεν
2973 2049 3426 2131 συμπρεσϐύτερον
3537 2052 3721 2109 ἑαυτὸν

2078 2141 2245 2221 λέγει,
2280 2144 2464 2221 ἐπάγει
2498 2146 2560 2200 τὸ
2611 2143 2813 2217 ἀξίωμα
2864 2143 3069 2214 ἑαυτοῦ,
3129 2141 3208 2211 τὸ,
3265 2163 3291 2193 α
3356 2140 3559 2217 Μάρτυς
3616 2147 3724 2196 τῶν

2077 2241 2169 2289 τοῦ
2225 2240 2448 2311 Χριστοῦ
2504 2232 2855 2309 παθημάτων,
2926 2250 2952 2287 ι
3029 2237 3182 2285 τοῦτο
3250 2226 3569 2305 βουλόμενος
3638 2227 3724 2285 διὰ

2077 2321 2273 2377 τούτων
2328 2322 2625 2399 σημαίνειν,
2679 2319 2757 2375 ὅτι
2807 2321 2861 2376 Εἰ
2904 2318 3010 2397 ἐγὼ
3053 2321 3080 2374 6
3135 2323 3241 2374 τῶν
3283 2318 3532 2373 τοιούτων
3587 2321 3717 2374 θεα-

2077 2409 2259 2482 μάτων
2318 2410 2447 2485 ὑμῖν
2506 2409 2809 2490 ὑφηγητὴς,
2871 2409 2966 2464 οὒκ
3007 2405 3212 2471 ἀπαξιῶ
3267 2402 3718 2484 συμπρεσϐύτερον

2076 2497 2298 2572 ἐμαυτὸν
2369 2496 2579 2571 καλεῖν,
2657 2495 2772 2553 οὒδὲ
2846 2498 3002 2571 ὑμεῖς
3061 2492 3248 2551 δίκαιοι
3318 2493 3718 2573 κατεπαίρεσθαι

2075 2592 2179 2641 τῶν
2209 2586 2292 2666 ὑφ’
2341 2588 2474 2661 ὑμᾶς
2533 2585 2844 2646 τελούντων,
2894 2586 2993 2640 Διά
3047 2585 3199 2639 τοῦτο
3252 2580 3306 2638 δὲ
3363 2584 3391 2638 6
3441 2584 3660 2661 Χριστὸς
3690 2582 3718 2639 ὃ

2073 2679 2257 2731 τούτου
2340 2675 2653 2754 καθηγητὴς
2722 2672 3202 2754 ταπεινοφροσύνην
3268 2668 3549 2744 διδάσκων,
3627 2673 3713 2746 τὸ,

2082 2785 2104 2819 ιι
2176 2765 2232 2821 Εἰ
2304 2764 2390 2821 οὖν
2444 2765 2551 2842 ἐγὼ
2606 2766 2634 2820 6
2698 2764 2881 2842 Κύριος
2951 2763 3038 2817 καὶ
3107 2762 3134 2816 6
3203 2756 3512 2822 διδάσκαλος
3562 2758 3715 2835 ἔνιψα

2072 2854 2216 2928 ὑμῶν
2274 2854 2393 2918 τεὺς
2442 2851 2628 2927 πόδας,
2690 2876 2716 2907 ι
2770 2849 3070 2931 προσφέρει.
3130 2849 3200 2906 Τὸ
3253 2844 3331 2927 δὲ,
3390 2869 3413 2903 ι
3454 2849 3712 2912 Κοινωνὸς

339 2936 721 3014 revelabitur,
753 2964 779 2995 ι
816 2948 883 3002 ut
932 2943 1298 3003 demonstret
1341 2941 1644 3003 modestize
1674 2941 1857 3003 animi
1894 2960 1989 3003 ex-

2079 2946 2176 3009 τῆς
2233 2942 2525 3019 μελλούσης
2584 2941 3041 2998 ἀποκαλύπτεσθαι
3118 2935 3295 3007 δόξης,
3376 2958 3399 2993 ι
3488 2937 3710 3016 προστί-

340 3024 675 3123 callentiam
708 3046 721 3090 :
757 3030 1257 3109 quemadmodum
1288 3030 1572 3092 etPaulus
1594 3030 1774 3092 dicit:
1817 3030 1989 3123 «Cum

2079 3036 2252 3104 θησιν,
2309 3031 2401 3088 ’ίνα
2455 3034 2770 3111 παραστήσῃ
2823 3031 2882 3086 τὸ
2934 3034 3031 3095 τῆς
3089 3026 3564 3123 ταπεινοφροσύνης
3625 3024 3713 3090 ἐξ·

343 3114 613 3177 Christus
649 3105 1057 3181 manifestatus
1089 3120 1284 3192 fuerit,
1312 3129 1449 3180 tunc
1483 3127 1538 3181 et
1569 3138 1677 3179 nos
1711 3118 1989 3180 manifes-

2080 3122 2301 3199 αίρετον,
2335 3123 2405 3183 ὡς
2437 3123 2522 3177 οιαὶ
2566 3119 2767 3183 Παῡλύς
2821 3140 3003 3198 φησιν,
3069 3141 3096 3170 ιι
3162 3105 3337 3172 ’Ὁταν
3405 3116 3432 3170 ὁ
3489 3115 3716 3191 Χριστὸς

339 3202 596 3266 tabimur
622 3206 746 3269 77.»
782 3207 963 3270 Porro
1005 3210 1100 3271 hic
1121 3210 1508 3290 {nequaquam
1540 3217 1742 3270 coacte
1775 3217 1989 3287 pascet,

2079 3213 2375 3289 φανερωθῇ,
2444 3210 2562 3266 τότε
2619 3210 2706 3265 καὶ
2758 3210 2920 3283 ἡμεῖς
2974 3203 3471 3285 φανερωθησόμεθα.
3541 3222 3567 3260 ι
3623 3202 3710 3270 Μὴ

344 3293 447 3374 qui
497 3294 622 3355 suis
678 3296 931 3359 subditis
988 3315 1328 3379 proponens
1377 3296 1641 3377 seipsum
1697 3300 1997 3376 exemplar

340 3380 511 3445 bonae
537 3385 918 3465 operationis.
951 3386 1277 3467 discipulos
1308 3385 1488 3448 habet
1512 3405 1576 3446 se
1609 3392 1809 3447 mutuo
1838 3384 1991 3447 inci-

344 3479 533 3534 tantes
556 3475 631 3535 ud
668 3474 1104 3537 mmulationem
1164 3475 1545 3556 praeceptoris
1576 3493 1589 3537 :
1625 3473 1826 3555 Neque
1860 3482 1992 3536 tnr-

339 3562 490 3640 piter
519 3562 747 3625 lucrum
783 3565 1139 3639 affectando,
1176 3565 1276 3645 qui
1304 3583 1421 3626 non
1453 3573 1796 3643 arroganter
1825 3563 1991 3624 ince-

336 3649 507 3723 dens,
537 3671 728 3733 neque
756 3672 888 3715 sese
918 3655 1200 3715 adversus
1252 3653 1553 3733 subjectos
1596 3654 1854 3730 erigens,
1887 3652 1991 3713 sed

340 3738 651 3801 humiliter
711 3761 1090 3821 conversans,
1146 3742 1444 3803 assiduam
1478 3741 1654 3802 habet
1685 3741 1992 3820 lrugalita-

339 3835 481 3900 tem,
515 3848 646 3905 quae
677 3830 838 3891 nullo
873 3831 1102 3907 indiget
1126 3840 1368 3910 sumptu
1388 3840 1486 3892 aut
1508 3830 1752 3891 vestium
1785 3830 1997 3910 pretio-

338 3932 537 3976 sarum
581 3926 680 3977 aut
727 3936 945 3979 mensae
1007 3918 1360 3999 sybariticaz,
1413 3936 1541 3998 qua:
1595 3918 1805 3999 fastum
1861 3937 1992 3979 cum

334 4002 540 4082 plausu
554 4006 1251 4086 excipiunt,etsumptum
1270 4006 1472 4086 aturpi
1494 4006 1658 4067 lucro
1683 4013 1988 4086 expetunt.

333 4091 568 4153 Clerum
594 4103 788 4155 autem
813 4104 975 4156 vocat
994 4113 1225 4155 sacrum
1251 4103 1490 4167 emtum,
1519 4099 1791 4155 sicutnos
1814 4095 1986 4156 etiam

332 4199 514 4243 nunc.
548 4182 789 4244 Addeus
819 4202 980 4257 vero,
1027 4183 1158 4245 «Sic
1192 4192 1252 4244 ut
1303 4183 1433 4244 sitis
1459 4183 1819 4263 exemplaria
1846 4203 1965 4263 gre-

331 4268 484 4346 gis,»
510 4270 749 4332 instruit
768 4292 844 4333 ne
867 4272 1028 4335 velut
1049 4276 1511 4350 coacte'gregem
1537 4271 1983 4351 past'antPorro

331 4378 466 4419 cum
498 4360 737 4436 dicitur,
779 4360 884 4422 «Et
935 4381 1070 4423 cum
1108 4360 1447 4440 apparuerit
1479 4360 1753 4440 princeps
1784 4370 1981 4438 pasto-

2077 3297 2419 3376 ἀναγκαστῶς
2468 3296 2522 3354 δὲ
2591 3300 2741 3359 οὗτος
2823 3307 3098 3373 ποιμανεῖ,
3161 3294 3218 3356 ὃς
3287 3295 3449 3349 τύπον
3532 3292 3715 3347 ἑαυτὸν

2077 3386 2414 3468 ἀγαθοεργίας
2472 3394 2578 3443 τῶν
2632 3384 2715 3467 ὑφ’
2773 3386 2956 3443 ἑαυτὸν
3020 3383 3300 3460 προτιθεὶς,
3359 3382 3476 3443 τοὺς
3536 3383 3713 3456 μαθη-

2075 3476 2382 3551 τευομένους
2441 3474 2556 3556 ἕχει
2608 3478 2736 3554 πρὸς
2794 3472 2955 3545 ζῆλον
3023 3482 3114 3531 τοὺ
3167 3469 3523 3527 διδασκαλείου
3574 3489 3713 3525 κατ-

2076 3566 2445 3642 επειγομένους
2490 3563 2759 3634 ἀλλήλων,
2820 3565 2907 3630 Μὴ
2966 3558 3353 3641 αἰσχροκερδῶς
3409 3556 3486 3634 δὲ,
3547 3560 3575 3614 6
3631 3559 3750 3633 μὴν

2075 3650 2140 3708 δι’
2173 3652 2473 3725 ἀλαζονείας
2530 3655 2734 3734 προϊὼν
2790 3654 2876 3709 καὶ
2928 3651 3376 3729 καεεπαιρόμενος
3434 3655 3539 3705 τῶν
3586 3648 3713 3703 ὃπο-

2074 3748 2354 3822 κειμένων,
2416 3746 2530 3804 ἀλλ’
2614 3747 2668 3802 ἐν
2750 3744 3064 3801 ταπεινώσει
3147 3741 3359 3816 διαζῶν,
3446 3740 3711 3797 εὒτὲλειαν

2077 3834 2193 3915 ἔχει
2250 3834 2609 3914 συμπάρεδρον
2664 3835 2762 3901 την
2831 3830 3091 3908 μηδεμιᾶς
3165 3828 3554 3910 προσδεομένην
3612 3828 3709 3885 δα-

2076 3926 2248 3993 πάνης
2305 3926 2523 4001 ἱματίων
2597 3921 2921 4000 πολυτελῶν,
2999 3921 3034 3989 ἢ
3099 3921 3357 3998 τραπέζης
3441 3916 3712 3999 συϐαριτι-

2075 4016 2199 4086 κῖλς,
2253 4015 2284 4070 ἃ
2336 4015 2433 4080 τὴν
2488 4010 2782 4077 ἀλοξονείαν
2838 4018 3261 4087 περικροτούντα,
3315 4009 3403 4064 καὶ
3456 4007 3554 4075 τὴν
3610 4006 3716 4062 ἀπὸ

2072 4103 2167 4171 τῆς
2224 4098 2648 4181 αἰσχροκερδείας
2708 4098 2969 4179 χορηγίαν
3026 4097 3291 4168 ἐπιζητεῖ,
3385 4094 3591 4165 Κλῆρον
3659 4092 3715 4150 δὲ

2069 4194 2128 4247 τὸ
2157 4193 2294 4267 ἱερὸν
2327 4192 2566 4264 σύστημα
2596 4192 2775 4266 καλεῖ,
2808 4186 2986 4262 ὥσπερ
3025 4187 3113 4243 καὶ
3168 4192 3256 4241 νῦν
3309 4186 3497 4259 ἡμεῖς.
3548 4190 3689 4263 Προσ

2066 4282 2167 4345 θεὶς
2209 4277 2263 4335 δὲ
2318 4281 2401 4352 τὸ,
2468 4301 2491 4333 α
2564 4278 2725 4335 Τύποι
2778 4275 3043 4354 γινόμενοι
3089 4284 3178 4334 τοῦ
3231 4275 3500 4348 ποιμνίου,
3565 4295 3589 4329 ι
3650 4273 3714 4329 τὸ

2067 4368 2457 4446 ἀναγκαετικῶς
2515 4367 2592 4441 μὴ
2653 4364 2949 4440 ποιμαίνειν
2994 4365 3055 4419 τὸ
3113 4364 3354 4439 ποίμνιον
3412 4361 3708 4440 ἐξηγεῖται.

334 4467 526 4523 rum,»
563 4451 1007 4531 conjunctioEt
1036 4450 1354 4512 causaliter
1374 4449 1609 4528 ponitur
1632 4467 1734 4528 pro
1752 4447 1843 4511 Ut:
1865 4450 1974 4512 hoc

2074 4458 2155 4514 ἰὲν
2186 4456 2240 4513 δὲ
2283 4465 2380 4530 τῷ,
2436 4480 2463 4510 α
2500 4458 2597 4514 Καὶ
2639 4453 3022 4536 φανερωθέντος
3071 4463 3163 4511 τοῦ
3218 4451 3628 4536 ἀρχιποιμὲνος,
3684 4472 3707 4508 ο

331 4543 418 4597 est
458 4536 565 4601 :Ut
595 4529 727 4602 Cum
760 4539 1100 4620 apparuerit
1123 4538 1398 4618 princeps
1420 4550 1747 4625 pastorum,
1775 4556 1976 4618 repor-

2074 4550 2090 4603 5
2121 4548 2241 4625 Καὶ,
2274 4544 2555 4620 σύνδεσμος
2587 4541 2951 4621 αἰτιολογικιῦς
2983 4555 3182 4619 κεῖται,
3244 4540 3385 4596 Ἀντὶ
3423 4539 3516 4597 τοῦ
3560 4529 3709 4601 Ἵνα.

333 4626 466 4688 telis
484 4626 1037 4691 immarcessibilem
1055 4627 1260 4707 gloriae
1277 4645 1555 4688 coronam
1568 4624 1953 4697 .Quemadmo

329 4712 467 4775 dum
484 4717 660 4779 etiam
683 4718 913 4780 Psalmo
934 4734 1318 4797 Lxxx1x,cum
1341 4713 1659 4789 dicitur,Et
1679 4716 1980 4796 respicein

329 4808 692 4885 servos;tuos
734 4815 793 4869 et
843 4808 901 4869 in
932 4825 1115 4888 Opera
1141 4815 1259 4867 tua.
1295 4803 1437 4866 Nam
1484 4803 1565 4865 ibi
1599 4804 1840 4885 ponitur
1886 4805 1977 4880 Et,

329 4890 457 4954 loco
486 4896 733 4976 Propter
773 4897 954 4978 quod.
1020 4894 1466 4974 Ἒγκομϐώσχτθε
1515 4912 1674 4967 vero,
1727 4893 1837 4955 hoc
1871 4904 1980 4966 est,

325 4983 489 5045 vobis
519 4985 906 5060 circumdate,
944 4983 1420 5064 amplectamini.

403 5073 471 5145 V,
503 5074 626 5139 6-9.
670 5074 742 5137 Ut
788 5092 888 5137 vos
947 5073 1176 5136 exultet
1224 5079 1288 5135 in
1319 5073 1791 5152 temporeomn."
1814 5073 1984 5136 solli-

324 5163 596 5226 citudine
641 5172 842 5227 vestra
875 5167 1140 5241 coniecta
1176 5168 1237 5222 in
1272 5160 1466 5241 illum,
1500 5178 1641 5222 nam
1675 5167 1795 5240 ipsi
1822 5180 1978 5225 cura

318 5261 406 5315 est
435 5255 509 5316 de
537 5256 724 5317 vobis.
754 5254 960 5316 Sobrii
985 5258 1195 5323 estote,
1231 5250 1497 5328 vigilate,
1535 5252 1829 5329 quoniam
1861 5255 1978 5313 ωι-

318 5343 624 5405 versarius
666 5351 860 5404 vester
903 5340 1182 5403 diabolus
1214 5338 1355 5399 524
1412 5347 1705 5418 tanquam
1736 5337 1829 5401 tuo
1863 5358 1977 5402 ru-

315 5435 488 5513 giens
535 5431 905 5503 obambulat,
928 5447 1199 5510 quarens
1228 5446 1401 5509 quem
1435 5428 1697 5491 decoret.
1735 5426 1853 5491 Cui
1881 5449 1962 5493 re-

402 5609 465 5663 75
490 5611 625 5672 Act.
661 5627 760 5685 xx,
802 5610 892 5687 l7,
930 5608 1033 5679 28.
1116 5609 1178 5660 6⁷
1205 5608 1378 5673 Joan.
1417 5624 1545 5688 Xlll,
1587 5607 1679 5669 14.

2063 4640 2218 4714 Οἰον,
2267 4626 2389 4693 ιἰνα
2420 4631 2803 4714 φανερωθέντος
2829 4640 2922 4689 του
2964 4628 3373 4709 ἀρχιποιμένος,
3434 4629 3710 4714 κομιεῖσθε

2061 4727 2151 4781 τὸν
2195 4713 2548 4800 ἀμαράντινον
2605 4720 2880 4799 στέφανον,
2939 4721 3012 4781 ὡς
3070 4720 3158 4774 καὶ
3214 4716 3300 4773 ἐπὶ
3354 4723 3470 4800 τού,
3515 4713 3597 4771 ἴδε
3627 4715 3714 4772 ἐπὶ

2067 4814 2185 4877 τοὺς
2227 4811 2438 4875 δούλους
2465 4833 2558 4868 σου
2586 4810 2671 4866 καὶ
2702 4809 2786 4864 ἐπὶ
2829 4810 2892 4863 τὰ
2923 4807 3048 4887 ἔργα
3081 4828 3194 4879 σου,
3250 4806 3303 4861 ὲν
3360 4794 3451 4861 πθ’
3483 4803 3706 4880 ψαλμῷ.

2072 4901 2221 4960 Ἐκεῖ
2263 4902 2361 4979 γάρ
2419 4901 2650 4958 ἀντὶτοῦ
2684 4900 2800 4977 Διὸ,
2850 4899 2947 4955 Καὶ
3002 4909 3177 4952 κεῖται
3221 4892 3627 4973 ἐγκομϐώσασθε
3655 4890 3711 4949 δὲ

2070 4993 2181 5049 ἀντὶ
2210 4999 2301 5047 τοῦ
2333 4988 2690 5060 ἐνειλήσασθε,
2723 4983 3086 5066 περιϐάλεσθε.

2157 5105 2183 5135 ιι
2221 5070 2344 5136 Η[να
2397 5080 2533 5154 ὑμᾶς
2590 5076 2779 5153 ὑψώσῃ
2852 5074 2905 5130 ἐν
2963 5079 3154 5152 καιρῷ,
3215 5079 3389 5129 πᾶσαν
3459 5072 3557 5140 τὴν
3620 5070 3713 5145 μὲ-

2070 5192 2256 5250 ριμναν
2339 5169 2485 5243 ὑμῶν
2551 5163 2915 5244 ἐπιρρίψαντες
2999 5159 3083 5217 ἐπ’
3156 5163 3332 5226 αὐτὸν,
3405 5159 3485 5217 ὅτι
3570 5161 3711 5233 αύτῷ

2064 5248 2245 5334 μέλλει
2303 5259 2419 5336 περὶ
2486 5257 2656 5331 ὑμῶν.
2732 5253 2971 5327 Νήψατε,
3044 5251 3432 5329 γρηγορήσατε,
3516 5248 3596 5304 ὅτι
3681 5250 3711 5304 ὁ

2061 5347 2317 5413 ἀντίδικος
2410 5348 2558 5421 ὑμῶν
2658 5338 2896 5403 διάϐολος
3000 5340 3073 5401 ὡς
3175 5337 3309 5395 λέων
3410 5338 3708 5417 ὠρυόμενος

2060 5448 2369 5516 περιπατεῖ,
2468 5439 2642 5505 ζητῶν
2736 5429 2850 5485 τίνα
2933 5427 3187 5505 καταπίῃ.
3281 5422 3340 5508 ’δέ
3431 5427 3707 5494 ἀντίστητε

1767 5607 1828 5658 ⁷7
1860 5610 2091 5677 Coloss.
2127 5629 2215 5689 In,
2252 5617 2308 5676 1.
