4192 6212
397 344 514 411 575
1506 357 1854 422 (ECUMEN
1864 359 1918 421 II
1963 354 2260 420 TRIGCIE
2293 356 2630 424 EPISCOPI
3659 357 3785 427 576

395 487 501 574 des
534 508 546 545 :
582 483 678 547 hic
708 493 906 548 autem
946 506 1053 568 per
1079 489 1193 552 hoc
1250 490 1406 571 quod
1433 510 1549 554 non
1584 492 1696 554 soli
1730 495 2032 574 patiantur.

2135 514 2229 556 τας
2296 496 2653 570 παθημάτων,
2720 498 2808 553 καὶ
2876 501 2977 564 τῆς
3035 494 3550 573 ἀποκαλυπτομένης
3621 494 3781 563 δόξης

396 572 500 633 sed
532 580 589 635 et
619 592 828 637 omnes
886 576 1098 640 ﬁdeles
1137 579 1327 660 quiin
1379 581 1597 643 mundo
1644 572 1781 644 sunt
1812 601 1826 645 :
1858 600 2032 662 porro

2118 580 2503 659 κληρονόμους.
2551 584 2807 643 Ἐνταῦθα
2865 583 2920 641 δὲ
2978 583 3063 641 διὰ
3119 595 3212 644 τοῦ
3265 586 3344 662 μὴ
3390 572 3605 660 μόνους
3659 585 3774 641 πά-

392 662 737 741 gravitatem
769 665 1003 729 alleviat
1036 670 1287 735 societas
1317 680 1683 736 consortum.

2117 693 2292 751 σχειν,
2342 672 2476 729 ἀλλα
2519 675 2607 731 καὶ
2658 677 2855 740 πάντας
2909 676 3031 739 τοὺς
3090 675 3223 731 κατά
3270 675 3469 749 κόσμον
3526 674 3768 739 πιστούς.

993 949 1231 1015 CAPUT
1276 952 1426 1017 VIII.

597 1052 874 1117 Precatio
896 1073 1010 1134 pro
1032 1056 1403 1135 perfectione
1430 1059 1831 1123 credentium.

473 1154 543 1230 V,
581 1157 784 1221 10-14.
845 1158 1004 1222 Deus
1031 1167 1229 1223 autem
1257 1163 1457 1223 omnis
1485 1164 1706 1243 gratio:
1736 1166 1844 1244 qui
1877 1184 2043 1230 voca-

395 1250 477 1307 rit
515 1264 624 1308 nos
673 1248 754 1309 nd
793 1256 1075 1312 (sternam
1103 1268 1274 1312 suam
1308 1253 1575 1327 gloriam
1604 1271 1714 1332 per
1734 1252 2043 1317 Christum

388 1338 612 1403 Jesum.
649 1355 984 1415 parumper
1010 1340 1263 1418 afﬂictos
1285 1341 1441 1402 idem
1464 1345 1768 1405 instauret
1794 1344 2048 1420 vos,ful-

393 1427 535 1503 riat,
578 1427 837 1495 roboret,
896 1429 1190 1490 stabiliat.
1226 1429 1345 1509 Ipsi
1387 1428 1587 1509 gloria
1628 1440 1683 1494 et
1715 1435 2042 1513 imperium

392 1517 453 1574 in
487 1515 711 1577 saecula
740 1520 1120 1581 saeculorum.
1155 1519 1361 1580 Amen.
1391 1522 1510 1580 Per
1536 1519 1856 1584 Silvanum
1877 1524 2041 1586 vobis

391 1605 633 1682 ﬁdelem
674 1608 946 1685 fratrem,
982 1615 1050 1669 ut
1090 1607 1379 1683 arbitror,
1405 1610 1617 1688 paucis
1643 1612 1858 1692 scripsi
1889 1634 1902 1677 :
1936 1616 2038 1675 ad-

394 1694 640 1756 hortans
667 1713 740 1756 ac
790 1699 1113 1761 testiﬁcans
1163 1699 1320 1759 hanc
1369 1715 1495 1760 esse
1526 1717 1732 1762 rerum
1765 1708 2036 1781 gratiam

527 1786 593 1845 in
632 1801 752 1863 qua
781 1788 978 1848 statis.
1026 1785 1279 1848 Salutat
1307 1804 1415 1876 eos
1450 1805 1519 1849 ea
1543 1807 1677 1868 quae
1700 1798 1789 1852 est
1820 1791 1886 1853 in
1918 1793 2037 1853 Ba-
2058 1828 2096 1876 Β

393 1874 636 1950 lli/Ione,
687 1881 905 1936 vestra:
955 1892 1196 1937 consors
1266 1874 1569 1938 electionis
1638 1878 1933 1960 Ecclesia,
1983 1895 2036 1943 et

395 1962 635 2025 .tlnrcus
655 1963 819 2039 ﬁlius
848 1981 1041 2025 meus.
1079 1963 1357 2028 Salutate
1400 1984 1501 2027 vos
1531 1977 1737 2031 mutuo
1767 1970 2037 2031 charito-

390 2051 470 2111 Iis
497 2050 717 2113 osculo.
758 2054 891 2114 Pax
916 2052 1077 2115 vobis
1106 2053 1387 2116 omnibus
1411 2057 1515 2134 qui
1536 2062 1679 2119 estis
1697 2059 1764 2119 in
1799 2058 2037 2122 Christo

388 2138 555 2202 Jesu.
595 2142 795 2205 Amen.

477 2228 899 2292 Etinchoando
912 2229 1234 2311 Epistolam
1244 2234 1469 2294 Patrem
1488 2232 1914 2297 dixitmisereri
1931 2255 2038 2317 per

394 2318 632 2389 Filium,
662 2319 1139 2395 etnuncﬁniens,
1160 2320 1437 2383 eumdem
1453 2321 1683 2385 Patrem
1698 2340 1906 2385 vocare
1929 2325 2033 2385 do-

393 2408 846 2487 cetperFilium:
873 2426 1006 2469 nam
1030 2407 1089 2469 id
1110 2417 1199 2470 est
1218 2409 1365 2489 ipsis
1386 2428 1605 2490 scopus
1627 2420 1687 2473 ut
1711 2412 2034 2492 praadicent

401 2499 765 2576 mysterium,
824 2515 1158 2577 quanquam
1201 2498 1313 2559 hoc
1345 2498 1561 2560 faciant
1590 2519 1724 2561 cum
1754 2502 2032 2564 exhorta-

397 2585 576 2647 tione.
612 2605 640 2645 ‹
672 2587 787 2648 Per
842 2584 1188 2663 Sylwnum.
1219 2612 1245 2642 ιι
1302 2586 1492 2650 Valde
1544 2588 1737 2650 fidelis
1783 2598 1909 2652 erat
1939 2590 2035 2652 hic

393 2672 684 2749 Silvanus,
719 2682 775 2736 et
805 2673 963 2735 circa
985 2675 1464 2754 praedicationem
1488 2677 1762 2739 alacriter
1779 2687 2035 2743 certans.

395 2762 701 2844 Siquidem
718 2762 989 2825 etPaulus
1001 2765 1131 2843 ejus
1144 2765 1690 2847 meminit.eumque
1703 2768 2036 2847 adjutorem

395 2872 512 2914 una
545 2872 678 2914 cum
713 2852 1026 2915 Timotheo
1062 2853 1204 2914 526
1241 2853 1301 2915 in
1325 2853 1604 2935 Epistolis
1620 2856 1742 2917 suis
1761 2856 2029 2934 assumit,

395 2940 638 3003 dicens:
679 2941 952 3017 «Paulus,
989 2950 1046 3002 et
1075 2939 1364 3015 Silvanus,
1392 2951 1450 3003 et
1479 2941 1825 3005 Timotheus
1851 2946 1965 3009 δι’.
2001 2971 2028 3001 αι

2118 760 2482 843 Συνελαφρίζει
2532 762 2587 820 δὲ
2635 765 2696 820 τὸ
2737 764 2895 840 βάρος
2953 766 2988 831 ἡ
3048 769 3153 821 τῶν
3212 762 3620 820 ἐπικοινούντων
3648 783 3745 840 συγ

2118 849 2328 931 χέρεια,

2756 944 3127 1017 κεψΑΑ.Ηζ

2273 1076 2301 1113 (
2339 1058 2491 1137 Εὐχή
2535 1057 2662 1137 ὑπὲρ
2690 1056 3012 1120 τελειώσεως
3040 1058 3143 1114 τῶν
3175 1056 3551 1116 πιστευόντων.
3586 1079 3613 1111 ιι

2213 1181 2235 1213 ι
2289 1150 2345 1217 Ὀ
2377 1156 2432 1214 δὲ
2459 1161 2587 1223 Θεὸς
2633 1160 2806 1227 πάσης
2850 1160 3089 1239 χάριτος,
3151 1161 3177 1215 6
3233 1158 3461 1223 καλέσας
3517 1160 3662 1234 ἡμᾶς
3692 1160 3769 1222 εἰς

2131 1250 2227 1317 τὴν
2309 1250 2519 1305 αἰώνιον
2602 1252 2758 1309 αὐτοῦ
2861 1248 3009 1314 δόξαν
3107 1248 3159 1305 ἐν
3244 1256 3477 1329 Χριστῷ,
3562 1246 3765 1323 Ἰηοοῦ,

2129 1337 2303 1416 ὀλίγον
2387 1339 2667 1413 παθόντας,
2765 1339 2917 1403 αὒτὸς
3007 1338 3310 1416 καταρτίσαι
3379 1339 3539 1412 ὑμᾶς,
3625 1359 3765 1420 στη-

2127 1426 2277 1506 ρίξαι,
2365 1428 2675 1500 σθενιι’)σαι,.
2714 1425 3056 1501 θεμελιώσαι.
3131 1428 3280 1484 Αῦτῶ
3341 1427 3376 1495 ἡ
3466 1423 3608 1499 δόξα,
3680 1428 3769 1483 καὶ

2124 1515 2311 1594 κράτος
2408 1517 2480 1580 εἰς
2563 1516 2683 1579 τοὺς
2769 1517 2963 1577 αἰῶνας
3058 1521 3161 1571 τῶν
3254 1514 3480 1595 αἰώνων,
3567 1513 3761 1585 Ἀμήν,

2126 1607 2222 1661 Διὰ
2306 1603 2591 1662 Σιλουανοῦ
2682 1606 2811 1679 ὑμῖν
2903 1613 2997 1663 τοῦ
3092 1605 3280 1661 πιστοῦ
3362 1601 3607 1684 ἀδελφοῦ,
3691 1606 3764 1667 ὡς

2118 1693 2415 1773 λογίζομαι,
2518 1692 2586 1750 δι’
2673 1692 2859 1772 ὀλίγων
2966 1692 3192 1772 ἔγραψα,
3278 1699 3598 1772 παρακαλῶν
3677 1700 3766 1754 καὶ

2118 1787 2481 1866 ἐπιμαρτυρῶν
2534 1787 2731 1853 ταύτην
2797 1786 2938 1842 εἶναι
3001 1784 3175 1851 ἀληθῆ
3245 1786 3404 1864 χάριν
3460 1792 3551 1840 τοῦ
3608 1792 3759 1854 Θεοῦ,

2120 1878 2192 1939 εἷς
2219 1877 2283 1943 ἢν
2317 1877 2597 1946 ἑστήκατε,
2659 1874 2976 1945 Ἀσπάζεται
3007 1876 3143 1945 ὑμᾶς
3173 1876 3207 1941 ἡ
3240 1873 3293 1929 ἐν
3336 1870 3603 1930 Βαϐυλῶνι
3631 1873 3763 1932 Ἐκ-

2117 1965 2311 2032 κλησίη
2339 1964 2658 2032 συνεκλεκθη
2691 1965 2778 2020 καὶ
2826 1962 3035 2028 Midea:
3066 1965 3094 2019 6
3124 1964 3231 2026 υἱός
3273 1986 3395 2038 μου.
3434 1962 3763 2020 Ἀσπάσασθε

2119 2054 2383 2125 ἀλλήλους
2416 2054 2468 2110 ὲν
2498 2052 2758 2133 φιλήματι
2790 2053 3027 2129 ἀγάπης.
3075 2053 3272 2131 Εἰρήνη
3301 2054 3429 2127 ὑμῖν
3477 2059 3603 2108 πᾶσι
3646 2065 3762 2118 τοῖς

2119 2149 2170 2201 ἐν
2205 2146 2412 2223 Χριστῴ
2441 2143 2633 2210 Ἰησοῦ.
2688 2141 2881 2217 ’Λμήν,
2936 2164 2959 2195 ιι

2198 2234 2297 2290 Καὶ
2344 2232 2644 2311 ἀρχόμενος
2691 2234 2787 2299 τῆς
2832 2226 3178 2298 Ἐπιστολῆς,
3224 2229 3313 2284 τὸν
3356 2227 3562 2307 Πατέριι
3611 2227 3760 2308 ’έλεγε

2116 2319 2200 2381 διὰ
2280 2327 2386 2378 τῶν
2448 2323 2569 2379 Υἱοῦ
2624 2318 2837 2387 ἐλεῆσαι
2880 2320 3047 2393 ἡμᾶς.
3100 2319 3197 2375 Καὶ
3244 2327 3330 2375 νῦν
3370 2315 3611 2399 τελειῶν,
3669 2320 3759 2376 τὸν

2450 2409 2459 2427 '
2634 2407 2690 2464 λ’
2840 2404 2909 2462 δε
3045 2413 3066 2423 ο
3156 2403 3401 2462 t'“"
3673 2418 3691 2427 -

2115 2432 2270 2468 αυ.ον
2328 2431 2529 2489 πατερα
2564 2432 2633 2466 κα
2670 2430 2781 2465 εσαι
2871 2429 2924 2463 ια
2977 2429 3070 2463 του
3125 2429 3236 2466 υου
3294 2420 3548 2467 οιοασκει.
3599 2417 3761 2467 Τουτο

2116 2500 2215 2577 γὰρ
2271 2503 2453 2562 αὐτοῖς
2511 2500 2734 2561 σκοπὸς,
2805 2497 2865 2552 τὸ
2935 2496 3221 2573 μυστήριον
3271 2494 3513 2575 κηρῦξαι,
3573 2498 3616 2552 εἰ
3674 2498 3763 2553 καὶ

2120 2589 2253 2664 μετά
2276 2588 2598 2666 πραινέσεως
2628 2594 2781 2643 τοῦτο
2811 2594 3069 2644 ποιοῦσιν.
3151 2606 3174 2640 ι
3215 2585 3311 2640 Διά
3368 2581 3674 2647 Σιλουανοῦ,
3726 2609 3754 2641 ι

2122 2678 2312 2741 Πιστὸς
2358 2673 2792 2755 ὑπερϐαλλόντως
2854 2675 2883 2730 6
2940 2671 3227 2737 Σιλουανὸς
3270 2674 3447 2735 οὗτος.
3493 2674 3591 2731 Καὶ
3645 2675 3763 2753 περὶ

2119 2764 2179 2820 τό
2207 2766 2454 2845 κήρυγμα
2510 2764 2743 2840 εὐθύμως
2800 2762 3205 2842 ἀγωνιζόμενος,
3252 2762 3304 2817 εἴ
3363 2783 3423 2839 γε
3475 2762 3563 2817 καὶ
3619 2768 3761 2819 Παῦ-

2119 2853 2209 2919 λος
2291 2855 2449 2910 αῦτοῦ
2531 2852 2874 2927 μνημονεύει,
2934 2854 3022 2907 καὶ
3076 2852 3323 2929 συνεργὸν
3394 2850 3549 2908 αὐτὸν
3628 2851 3763 2925 μετά

2117 2941 2373 3017 Τιμοθέου
2421 2941 2475 2997 ἐν
2529 2954 2651 3004 ταῖς
2707 2938 3015 3004 ἐπιστολαῖς
3057 2936 3481 3017 παραλαμϐάνει,
3548 2962 3577 2993 α
3623 2945 3762 2995 Παῦε

391 3028 750 3108 Ilabylonem
766 3038 961 3091 autem
981 3039 1150 3092 vocat
1168 3032 1519 3111 Romam,eo
1542 3032 1695 3112 quod
1716 3032 1863 3094 adeo
1891 3033 2032 3095 insi-

2118 3030 2230 3111 λος,
2268 3030 2468 3112 λέγων,
2498 3031 2587 3086 καὶ
2617 3028 2926 3109 Σιλουανὸς,
2957 3030 3042 3085 καί
3085 3029 3354 3104 Τιμόθεος.
3397 3050 3421 3083 ιι
3480 3024 3761 3087 Βαϐυλῶνα

395 3118 527 3197 guis
555 3134 624 3181 ac
675 3119 958 3197 praeclara
1007 3126 1187 3200 esset,
1241 3110 1513 3201 quodin
1560 3110 1815 3202 Babylon
1856 3124 2032 3185 multo

2118 3118 2173 3175 δὲ
2218 3110 2341 3176 et»;
2414 3110 2623 3193 Ῥώμην
2681 3115 2765 3174 διὰ
2818 3119 2877 3173 τὸ
2928 3118 3207 3198 περιφανὲς
3264 3115 3441 3188 καλεῖ,
3514 3117 3542 3173 ὃ
3597 3118 3683 3173 καὶ
3722 3118 3758 3185 ἡ

397 3220 659 3285 tempore
680 3205 907 3274 habuit.
939 3211 1195 3270 Marcum
1238 3228 1374 3271 vero
1397 3209 1580 3271 ﬁlium
1604 3211 1861 3291 appellat
1869 3213 2037 3292 juxta

390 3297 688 3374 spiritum.
733 3306 790 3359 et
820 3315 935 3359 non
962 3297 1133 3378 juxta
1160 3316 1424 3361 carnem.
1456 3298 1607 3362 Huic
1636 3309 1831 3365 autem
1863 3319 2031 3365 com-

393 3386 641 3467 misit,ut
670 3386 844 3448 etiam
865 3387 1254 3461 Evangelium
1296 3387 1610 3450 scriberet.
1650 3389 1897 3462 Quidam
1932 3390 2032 3453 ni-

393 3474 712 3537 hilominus
730 3476 857 3536 ausi
876 3475 1113 3537 tuerunt
1138 3494 1408 3539 asserere
1430 3480 1689 3541 Marcum
1719 3478 1898 3541 fuisse
1915 3479 2035 3541 divi

390 3563 548 3626 Petri
575 3563 759 3625 tilium
776 3566 942 3644 juxta
962 3583 1226 3639 carnem,
1266 3568 1877 3646 argumentozutentes
1907 3569 2034 3649 ejus

388 3655 547 3730 quod
580 3655 636 3713 in
664 3653 828 3716 Actis
868 3655 1269 3735 apostolorum
1296 3655 1517 3717 dictum
1552 3663 1641 3717 est
1683 3675 1718 3719 a
1749 3659 1900 3719 Luca
1926 3659 2028 3723 δί’.

388 3742 483 3803 Ait
510 3741 668 3803 enim
696 3742 855 3804 hunc
869 3744 1107 3806 Petrum
1135 3762 1239 3825 per
1260 3743 1535 3823 angelum
1558 3744 1665 3806 Dei
1682 3743 2035 3809 mirabiliter

385 3833 459 3891 tle
487 3848 729 3895 carcere
759 3832 1040 3895 eductum
1058 3834 1117 3896 in
1141 3853 1257 3915 quo
1287 3834 1660 3897 concluserat
1685 3854 1820 3896 eum
1847 3834 2032 3898 Hero-

385 3922 513 3996 des,
548 3919 863 3982 dimissum
897 3920 971 3983 ab
1019 3922 1285 4000 angelico
1334 3923 1653 3999 colloquio,
1688 3924 1926 3986 venisse
1954 3925 2026 3987 ad

377 4009 618 4070 domum
653 4008 860 4070 matris
887 4007 1158 4089 Joannis,
1185 4010 1286 4091 qui
1317 4010 1848 4089 cognominabatur
1863 4014 2026 4076 Mar-

382 4115 507 4170 cus,
536 4105 816 4178 tanquam
839 4096 910 4158 ad
934 4115 1098 4159 suam
1122 4098 1310 4179 ipsius
1350 4099 1589 4161 domum
1620 4101 1847 4163 venerit
1876 4109 1934 4163 et
1953 4101 2026 4164 ad

384 4184 702 4265 legitimam
733 4204 1006 4249 uxorem.
1038 4185 1182 4249 Cum
1214 4195 1409 4248 autem
1443 4186 1657 4249 Paulus
1688 4189 1931 4269 scribat,
1965 4197 2029 4251 ut

380 4293 444 4335 se
478 4281 680 4335 mutuo
707 4274 959 4336 salutent
988 4277 1193 4338 osculo
1221 4284 1446 4345 sancto.
1473 4275 1571 4338 hic
1612 4276 1777 4351 dicit,
1810 4277 2025 4341 Osculo

2120 3206 2366 3265 Βαϐυλὼν
2402 3206 2585 3282 πολλῷ
2625 3209 2807 3286 χρόνῳ
2860 3204 3087 3286 ἔσχηκε.
3141 3205 3349 3284 Μάρκον
3393 3202 3447 3260 δὲ
3489 3206 3598 3261 υἱὸν
3626 3206 3761 3264 κατᾶ

2116 3308 2319 3373 πνεῦμα
2358 3296 2537 3376 καλεῖ,
2584 3292 2704 3352 ἀλλ’
2761 3297 2821 3351 οὔ
2862 3296 2997 3351 κατὰ
3053 3295 3243 3374 σάρκα,
3311 3294 3490 3367 Τούτῳ
3561 3292 3616 3350 δὲ
3672 3295 3761 3351 καί

2114 3389 2176 3444 τὸ
2208 3385 2527 3465 Εὖαγγέλιον
2569 3386 2767 3465 γράψαι
2823 3383 3097 3462 ἐπέτρεψε.
3145 3384 3296 3447 Τινὲς
3351 3381 3405 3439 δὲ
3459 3384 3546 3440 καὶ
3617 3382 3762 3458 ὅμως

2115 3475 2414 3551 ἐτόλμησαν
2456 3476 2544 3531 καὶ
2585 3474 2834 3540 σαρκικὸν
2875 3475 2985 3529 υἱὸν
3034 3473 3300 3553 ἀποφῆναι
3349 3478 3529 3529 τοῦτον
3577 3469 3642 3539 δὴ
3672 3472 3763 3528 τὸν

2117 3566 2328 3644 Μάρκον
2357 3571 2450 3621 τοῦ
2504 3566 2643 3621 θείου
2700 3562 2919 3641 Πέτρου,
2975 3561 3247 3640 τεκμηρίῳ
3302 3561 3631 3640 χρησάμενοι
3683 3565 3762 3635 τῷ

2116 3655 2169 3712 ἐν
2226 3667 2349 3717 ταῖς
2408 3652 2626 3732 Πράξεσι
2684 3652 2791 3709 τῶν
2849 3649 3161 3708 ἀποστόλων
3233 3647 3496 3727 εἰρημένῳ
3559 3654 3755 3720 Λουκᾷ,

2113 3744 2255 3810 Φησὶ
2283 3744 2383 3822 γὰρ
2425 3750 2607 3799 τοῦτον
2660 3742 2752 3797 τὸν
2805 3739 2999 3819 Πέτρον
3059 3736 3126 3794 δι’
3186 3736 3412 3817 ἀγγέλου
3468 3743 3603 3794 Θεοῦ
3658 3742 3756 3803 τῆς

2114 3831 2353 3911 φυλακῆς
2423 3828 2744 3897 ἐκϐληθέντα
2786 3826 3115 3908 παραδόξως,
3174 3829 3212 3903 ᾗ
3265 3824 3602 3883 κατέκλεισεν
3659 3828 3758 3885 αὖ·

2112 3923 2203 3978 τὸν
2270 3913 2536 4000 Ἡρώδης,
2598 3927 2691 3977 τοῦ
2746 3923 3128 3998 χρηματισμοῦ
3180 3922 3273 3972 τοῦ
3326 3912 3552 3992 ἀγγέλου
3622 3914 3757 3993 ἀφε-

2108 4011 2262 4069 θέντα
2318 4012 2390 4075 εἰς
2436 4010 2535 4077 τῆν
2592 4010 2756 4065 οἰκίαν
2812 4010 3042 4086 ὁρμῆσαι
3098 4010 3196 4073 τῆς
3252 4006 3456 4084 μητρὸς
3514 4001 3759 4062 Ἰωάννου

2110 4103 2201 4157 τοῦ
2257 4097 2630 4166 ἐπικληθέντος
2675 4098 2908 4175 Μάρκου,
2964 4097 3037 4159 ὡς
3080 4096 3154 4158 εἰς
3199 4094 3296 4162 τῆν
3352 4094 3537 4153 ἑαυτου
3592 4094 3759 4151 οἰκίαν

2109 4187 2460 4246 ἐπανελθόντα
2515 4188 2604 4244 καὶ
2667 4188 2764 4254 τῆν
2821 4186 3052 4260 νομίμην
3105 4186 3345 4262 σύζυγον.
3405 4181 3508 4240 Τοῦ
3553 4180 3758 4239 Παύλου

2109 4277 2162 4333 δὲ
2221 4277 2539 4348 ἀσπάζεσθαι
2623 4274 2884 4344 ἀλλήλους
2970 4272 3024 4329 ἐν
3122 4271 3379 4352 φιλήματι
3463 4271 3757 4351 γράφοντος

380 4361 705 4439 ιὴῖιτίιειίε,
738 4363 898 4425 idem
930 4363 1137 4426 dicens
1159 4383 1291 4426 cum
1326 4364 1448 4426 illo.
1485 4363 1657 4426 Novit
1687 4368 1846 4428 enim
1883 4369 2025 4428 Pau-

2115 4367 2263 4444 ἁγίῳ,
2310 4367 2463 4429 οὗτος
2532 4363 2622 4422 Ἐν
2695 4361 2955 4443 φιλήματί
3036 4384 3198 4442 φησιν
3267 4361 3507 4440 ἀγάπης,
3564 4359 3755 4416 ταύτὸν

382 4451 472 4511 lus
494 4452 559 4504 8'5
585 4450 930 4515 charitatem
971 4471 1103 4534 quae
1160 4453 1493 4516 secundum
1525 4453 1821 4517 Christum
1855 4463 1944 4517 est
1970 4462 2029 4516 et

379 4540 657 4603 «’unnibus
700 4541 1012 4604 virtutibus
1063 4543 1251 4621 major
1283 4551 1396 4624 est,
1431 4543 1558 4623 ipso
1591 4561 1829 4624 quoque
1863 4562 2023 4605 mar-

383 4630 531 4711 tyrio
547 4639 786 4712 propter
797 4630 1095 4694 Christum
1115 4640 1410 4713 suscepto.
1430 4629 1536 4693 Ille
1550 4631 1747 4713 itaque
1758 4642 2024 4695 sanctum

379 4720 645 4781 osculum
680 4718 1211 4799 dicitsegregatum
1245 4738 1312 4781 ac
1332 4719 1638 4782 definitum
1662 4721 1723 4783 in
1753 4721 1900 4795 Deo,
1928 4722 2026 4783 hic

382 4817 575 4871 autem
600 4807 1190 4872 simititercharitatis
1205 4808 1470 4871 osculum
1486 4828 1616 4890 qua;
1636 4828 1772 4872 vera
1784 4810 2025 4872 dilectio

379 4907 670 4978 t-st.quam
705 4899 926 4960 Paulus
955 4897 1230 4959 laudibus
1261 4899 1489 4961 extulit.
1524 4899 1660 4961 Ideo
1685 4899 1860 4960 etiam
1876 4898 2022 4960 sub-

371 4986 609 5066 jungit:
647 5010 673 5041 ι
709 4988 827 5049 Pax
851 4986 1017 5049 vobis
1048 4986 1325 5048 omnibus
1354 4986 1454 5067 qui
1506 4989 1649 5050 estis
1704 4988 1762 5049 iu
1791 4986 2023 5050 Christo

379 5079 516 5136 .lesu
548 5094 562 5135 :
594 5100 619 5131 ι
658 5094 776 5136 non
807 5076 1105 5155 vulgarem
1139 5074 1347 5137 dicens
1380 5095 1583 5156 pacem
1614 5095 1744 5157 quae
1760 5083 1850 5136 est
1868 5076 2023 5157 apud

384 5163 817 5245 hominesqua;
838 5164 1179 5226 hominibus
1197 5165 1363 5227 cordi
1382 5174 1471 5227 est
1503 5173 1743 5246 propter
1755 5166 2023 5227 atlectio-

383 5271 515 5312 nem
545 5253 748 5330 gloriae
778 5272 941 5315 vanae
962 5262 1019 5315 et
1049 5253 1348 5316 fruitionis
1388 5254 1773 5336 voluptatum,
1809 5255 2026 5336 quibus

382 5340 860 5422 Iraduntseipsos
890 5342 952 5405 hi
982 5342 1083 5423 qui
1114 5361 1145 5405 ει
1165 5342 1322 5404 bello
1342 5351 1574 5406 vacant:
1600 5343 1703 5405 sed
1723 5354 2024 5423 precatur,

384 5440 444 5490 ut
479 5448 683 5511 pacem
711 5440 1293 5513 consequantur,qua
1327 5441 1385 5496 et
1416 5441 1738 5513 prmoeptor
1759 5432 2029 5495 Christus

2112 4455 2295 4528 ἐκείνῳ
2323 4453 2514 4531 λέγων,
2571 4452 2882 4512 Ἐπίσταται
2929 4453 3028 4531 γὰρ
3069 4452 3157 4507 καὶ
3220 4447 3423 4513 Παῦλος
3468 4450 3565 4516 τὴν
3622 4450 3760 4505 κατά

2116 4544 2339 4622 Χριστὸν
2390 4541 2628 4622 ἀγάπην,
2691 4542 2853 4618 μείζω
2907 4546 3092 4598 πασῶν
3161 4539 3319 4596 οὖσαν
3374 4544 3481 4594 τῶν
3532 4538 3757 4618 ἀρετῶν,

2106 4633 2195 4689 καὶ
2250 4630 2408 4688 αὐτοῦ
2464 4631 2557 4688 τοῦ
2637 4630 2774 4688 κατά
2840 4631 3062 4709 Χριστὸν
3126 4627 3426 4706 μαρτυρίου.
3516 4626 3759 4690 Ἐκεῖνος

2108 4721 2204 4796 μὲν
2233 4720 2322 4777 οὖν
2364 4718 2569 4799 φίλημα
2597 4719 2771 4797 ἅγιον,
2817 4720 2878 4775 τὸ
2919 4716 3284 4797 ἀφωρισμένον
3338 4715 3391 4773 ἐν
3443 4718 3559 4790 Θεῷ
3587 4714 3760 4794 λέγει.

2107 4812 2271 4874 Οὗτος
2315 4806 2370 4864 δὲ
2399 4810 2593 4883 ὁμοίως
2645 4806 2858 4885 ἀγάπης
2916 4805 3123 4885 φίλημα
3163 4810 3260 4872 τῆς
3319 4802 3483 4869 ὅντως
3541 4804 3758 4884 ἀγάπης

2106 4899 2171 4965 ἣν
2213 4900 2300 4954 καὶ
2334 4895 2539 4959 Παῦλος
2595 4894 2872 4971 ἐξύμνησε,
2924 4897 3018 4951 Διὸ
3073 4896 3159 4951 καὶ
3203 4894 3411 4972 ἐπάγει,
3465 4917 3489 4948 u
3556 4895 3758 4973 Εἰρήνη

2104 4988 2231 5062 ὑμῖν
2260 4993 2388 5042 πᾶσι
2416 4999 2534 5051 τοῖς
2562 4987 2617 5040 ἐν
2663 4991 2871 5063 Χριστῷ
2922 4984 3099 5051 Ἰησοῦ
3130 5000 3143 5013 ⁸
3218 5006 3240 5040 ι
3307 4982 3365 5039 οῦ
3424 4987 3523 5050 τῆς
3572 4982 3758 5050 κοινῆς

2108 5077 2318 5155 εἰρήνης
2348 5073 2520 5150 λέγων
2562 5079 2661 5142 τῆς
2721 5074 2857 5131 κατά
2912 5073 3238 5151 ἀνθρώπους,
3293 5070 3410 5139 ἥτις
3453 5069 3519 5127 δι’
3582 5070 3758 5147 ’ἐμπά-

2106 5168 2254 5221 θειαν
2309 5164 2598 5242 ἀνθρώποις
2655 5162 3024 5235 σπουδάζεται,
3099 5160 3255 5229 δόξης
3340 5161 3565 5236 ματαίας
3615 5161 3758 5218 ἀπο-

2107 5251 2344 5317 λαόσεως
2391 5249 2614 5325 ἡδονῶν,
2657 5254 2787 5332 πρὸς
2818 5252 2878 5315 ἃς
2907 5254 2953 5308 οἱ
2981 5250 3087 5307 ἀπὸ
3144 5255 3251 5306 τῶν
3302 5248 3556 5325 πολέμων
3613 5271 3758 5329 σχο-

2108 5342 2353 5413 λάζοντες
2431 5338 2717 5397 ἐκδιδόασιν
2810 5342 3043 5412 ἑαυτοὺς,
3115 5338 3234 5395 ἀλλ’
3300 5339 3513 5417 εἰρήνης
3570 5339 3757 5403 αὖτοὺς

2109 5442 2298 5509 τυχεῖν
2355 5430 2702 5509 παρεύχεται,
2775 5434 2841 5499 ἧς
2922 5430 3106 5495 αὐτοὺς
3174 5427 3270 5485 καὶ
3349 5430 3379 5484 6
3447 5425 3758 5491 διδάσκαλος

458 5599 539 5659 δι’
572 5597 832 5670 IThess.
868 5618 910 5678 ι,
952 5607 975 5663 1
1012 5624 1028 5677 ',
1058 5566 1121 5671 II:
1140 5600 1349 5669 Thess.
1384 5618 1431 5682 ι,
1472 5607 1524 5664 ι.
1609 5600 1692 5651 8⁸⁸
1724 5600 1850 5664 Act.
1884 5617 1987 5676 xu,
2026 5606 2032 5662 τ

2120 5616 2255 5680 eqq.
2339 5597 2405 5648 8‘5
2433 5597 2457 5660 Ι
2487 5594 2623 5660 Cor.
2660 5613 2789 5672 xui,
2825 5595 2999 5660 1-13.
