4192 6212
371 341 491 410 577
1413 344 1803 413 CDMMENT.
1852 346 1931 408 IN
1980 342 2227 408 EPIST.
2274 340 2422 409 IIS.
2471 340 2726 410 PETRI.
3630 344 3749 410 578

370 481 597 554 Χριστὸς
640 482 774 561 πρὸς
819 482 980 545 πάθος
1007 486 1202 562 χωρῶν
1230 479 1444 553 ἠξίωσε,
1504 482 1743 562 φάσκων,
1790 503 1823 535 α
1884 479 2030 556 εἰρή-

2117 475 2192 538 ad
2219 478 2553 558 passionem
2614 478 2942 559 procedens
2998 479 3162 561 ipsos
3209 480 3480 559 dignatus
3510 488 3620 551 est,
3651 479 3746 542 di-

370 589 467 633 νην
497 568 694 649 ἀφίημι
721 572 876 649 ὑμῖν,
917 594 937 625 ι
976 572 1064 627 καὶ
1092 570 1376 648 ἐπαγαγὼν
1424 571 1484 627 τὸ
1527 568 1795 650 διάφορον,
1861 592 1888 624 (ι
1950 567 2021 625 03

2115 583 2246 627 cens
2281 584 2294 628 :
2338 587 2367 627 ‹
2392 569 2602 630 l’acem
2660 586 2847 629 meam
2880 568 3152 649 relinquo
3183 568 3384 649 vobis;
3434 594 3458 624 ο
3496 578 3552 630 et
3582 568 3750 630 ditl'e—

367 657 541 721 κσθὼς
602 661 631 715 ὁ
684 658 886 734 κόσμος
940 657 1172 723 δίδωσιν,
1220 682 1249 719 ι
1313 658 1385 717 Οὐ
1443 660 1544 739 γὰρ
1612 657 1678 714 δι’
1734 657 2021 734 ἐμπαὈειαν

2115 656 2355 716 rentiam
2380 655 2747 736 subjungens
2778 675 2790 719 :
2818 655 2974 717 cNon
3000 656 3744 737 quemadmodum,inquit,

367 748 718 827 είρηνευτὲον,
778 748 918 807 ἀλλὰ
973 747 1058 805 διὰ
1141 750 1203 805 τὸ
1287 746 1683 823 συνδεδεμένους
1753 750 1887 823 ὑμᾶς
1955 744 2024 821 τῇ

2115 745 2363 805 mundus
2392 743 2490 806 dat
2507 744 2621 809 εἰ»
2649 744 2776 808 Νοη
2800 745 2956 806 enim
2982 756 3222 827 propter
3240 746 3613 808 affectionem
3638 765 3748 827 pax

367 833 578 913 ἂγάπῇ,
608 836 748 894 οὕτω
803 838 896 904 τὰς
939 837 1047 894 ἀπὸ
1110 838 1215 894 τῶν
1270 835 1573 894 ἀντιπάλων
1638 834 2021 915 ἀπεκδέχεσθαι

2115 832 2425 913 [ιυωτοηὸει
2455 842 2564 909 est,
2598 834 2697 895 sed
2736 839 2798 897 ut
2826 833 3081 913 colligati
3116 834 3303 896 simus
3325 834 3638 914 charitate,
3670 833 3746 895 ad

366 922 556 999 βολάς.
605 926 892 1006 Πανταχοῦ
959 924 1015 983 δὲ
1074 926 1255 1004 ὥσπερ
1305 924 1571 1007 σφραγῖδα
1618 925 1931 989 ἐπιτιθέντες
1974 927 2021 980 οἱ

365 1019 461 1069 τοῦ
484 1015 670 1095 Κυρίου
701 1017 933 1091 μαθηταὶ
960 1016 1061 1083 τὴν
1088 1014 1176 1072 ἐπὶ
1202 1014 1344 1072 τέλει
1372 1015 1568 1095 εὐχὴν,
1601 1015 1663 1070 τὸ
1680 1015 1903 1093 γνήσιον
1921 1017 2021 1079 τῆς

365 1102 539 1159 αὐτῶν
580 1104 864 1183 ἁγιότητος
896 1104 1250 1184 ἐπιφέρουσιν.

862 1301 1104 1384 Ἐγράφη
1134 1303 1241 1360 ἀπὸ
1287 1293 1522 1380 Ῥώμης.

445 1470 703 1537 841mm.
728 1488 851 1548 xiv,
880 1471 983 1536 27.

384 1636 2631 1669 w

2100 922 2487 1002 excipiendos
2508 923 2621 985 hoc
2640 923 2814 985 modo
2834 923 2983 986 ictus
3000 924 3497 986 adversariorum.
3517 922 3749 1004 Ubique

2102 1020 2300 1072 autem
2316 1018 2590 1091 tanquam
2606 1010 2859 1090 sigillum
2874 1012 3161 1074 addentes
3182 1012 3457 1094 discipuli
3478 1011 3739 1093 Domini,

2105 1099 2507 1179 precationem
2541 1099 2601 1160 in
2632 1099 2750 1160 fine
2803 1100 3078 1173 aﬂ'erunt,
3108 1108 3387 1183 tanquam
3418 1099 3741 1181 genuinum

2103 1205 2225 1250 suae
2252 1188 2579 1250 sanctitatis
2607 1188 2863 1268 signum.

2483 1297 2714 1381 Scripta
2744 1308 2833 1362 est
2861 1300 2934 1363 ab
2960 1299 3106 1363 urbe
3138 1302 3349 1365 Roma.

1608 1774 2496 1906 ΥΠΟΘΕΣΙΣ

653 2042 870 2127 ΤΗΣ
945 2040 1400 2128 ΠΕΤΡΟΥ
1465 2036 2116 2126 ΚΑΘΟΛΙΚΗΣ
2193 2039 2759 2124 ΔΕΥΤΕΡΑΣ
2832 2041 3480 2128 ΕΠΙΣΤΟΛΗΣ

1562 2446 2542 2558 ARGUMENTUM

639 2694 1384 2833 CATHOLICXE
1476 2694 1853 2789 PETRI
1933 2695 2757 2790 POSTEBIORIS
2841 2694 3485 2792 EPiSTOLz‘E

453 3084 662 3151 Ταύτην
690 3081 849 3163 πάλιν
876 3085 906 3140 ὁ
945 3084 1102 3147 αὐτὸς
1152 3081 1349 3163 Πέτρος
1400 3080 1695 3140 ἐπιστέλλει
1738 3094 1857 3145 τοῖς
1916 3077 2016 3147 ἤδη

2178 3081 2315 3141 ὃίὶῚ
2338 3079 2502 3143 Hanc
2516 3100 2750 3143 rursum
2763 3081 3321 3162 scribitPetrusjam
3335 3081 3741 3144 credentibus.

374 3173 733 3231 πιστεύσασιν.
787 3162 950 3229 ἸΕστι
1003 3171 1057 3228 δὲ
1105 3174 1141 3240 ἡ
1196 3170 1505 3241 Ἐπιστολή.
1565 3171 1862 3246 ὑπόμνησις
1920 3176 2024 3225 τῶν

372 3265 621 3341 πρώτων.
668 3262 831 3328 Εἰδὼς
887 3264 988 3344 γὰρ
1016 3276 1247 3343 ταχεῖαν
1292 3264 1451 3319 αὖτιιῦ
1489 3261 1693 3318 ἔσεσθαι
1750 3261 1848 3329 τὴν
1891 3261 2024 3317 ἀνά-

372 3352 521 3411 λυσιν
575 3360 670 3410 τοῦ
746 3352 1018 3427 σώματος,
1104 3349 1391 3409 ἐσπούδασε
1472 3351 1674 3413 πάντας
1722 3351 2024 3426 ὑπομνῆσαι

372 3443 490 3521 περὶ
534 3444 608 3498 ὧν
651 3443 1043 3521 κατηχήθησαν
1099 3450 1194 3507 τῆς
1251 3438 1605 3505 διδασκαλίας.
1666 3441 1762 3497 Καὶ
1818 3444 2026 3519 πρῶτον

372 3530 494 3610 μὲν,
525 3531 642 3609 περὶ
679 3531 778 3597 τῆς
821 3531 1050 3594 πίστεως
1083 3527 1376 3607 ἐξηγεῖται,
1424 3527 1629 3591 δεικνὺς
1688 3528 1851 3596 αὖτὴν
1922 3528 2025 3583 ἀπὸ

371 3625 479 3675 τῶν
526 3619 814 3699 προφητῶν
883 3618 1339 3698 εὐαγγελίσασθαι,
1387 3620 1475 3675 καὶ
1532 3616 1611 3673 ὅτι
1656 3620 1707 3673 αἱ
1762 3621 1879 3697 περὶ
1936 3627 2028 3675 τοῦ

2107 3169 2207 3232 Est
2229 3181 2421 3233 autem
2446 3169 2698 3251 Epistola
2728 3170 2987 3251 priorum
3012 3172 3566 3234 memorativa.Cum
3590 3169 3749 3231 enim

2110 3259 2291 3320 sciret
2323 3258 2484 3319 brevi
2530 3258 2784 3319 futuram
2837 3259 2926 3319 sui
2975 3258 3243 3338 corporis
3274 3256 3751 3337 dissolutionem,

2111 3346 2382 3408 studebat
2413 3366 2621 3408 omnes
2670 3347 2994 3409 admonere
3024 3347 3312 3407 doctrina:
3342 3364 3454 3425 qua
3480 3346 3756 3407 instructi

2110 3437 2361 3497 fuerant.
2388 3435 2457 3497 Et
2484 3436 2737 3516 primum
2772 3435 3010 3515 quidem
3041 3436 3115 3496 de
3140 3435 3254 3496 ﬁde
3277 3434 3754 3513 exponit,usten-

2110 3525 2258 3585 dens
2281 3524 2465 3603 ipsam
2486 3544 2519 3585 a
2538 3525 2841 3604 prophetis
2880 3523 3286 3584 annuntiatam
3312 3521 3490 3583 fuisse
3512 3542 3524 3555 ·
3553 3522 3753 3602 quod-

2109 3632 2222 3692 que
2236 3614 2568 3692 proplletia}
2589 3632 2716 3693 qua:
2736 3613 3135 3675 deSalvatore
3157 3612 3475 3692 loquuntur
3488 3630 3603 3671 non
3619 3618 3757 3673 sunt

378 3698 654 3787 Σωτῆρος
704 3722 1025 3787 προφητεῖαι
1100 3709 1385 3787 οὒκμείσὶν
1468 3708 1807 3786 ἀνθρώπιναι,
1894 3704 2028 3761 ἀλλὰ

2115 3701 2407 3780 humanae,
2436 3704 2538 3762 sed
2566 3721 2598 3761 a
2624 3706 2744 3765 Deo
2782 3703 3018 3783 prolata)
3053 3701 3189 3761 sint.
3227 3699 3457 3762 Deinde
3489 3698 3758 3779 praacipit

371 3797 514 3876 παρᾶ
541 3784 703 3854 ’Θεοῦ
760 3784 1119 3867 ἐλαλήθησαν.
1211 3784 1447 3853 ’Ἔπειτα
1506 3784 1882 3875 παραγγέλλει,
1950 3796 2027 3869 μὴ

2115 3808 2186 3850 ne
2209 3790 2471 3851 animum
2498 3791 2804 3851 advertant
2827 3788 3483 3865 seductoribus,dicens
3499 3788 3753 3849 futuram

372 3884 658 3965 προσέχειν
701 3897 820 3948 τοῖς
854 3885 1150 3965 ἀπατῶσιν,
1200 3883 1371 3962 λέγων
1413 3883 1622 3941 ἔσεσθαι
1682 3887 1850 3943 αὐτῶν
1879 3883 2030 3939 ἀπώ-

2115 3897 2241 3940 esse
2270 3879 2535 3958 ipsorum
2572 3879 2985 3958 perditionem,
3044 3876 3542 3959 quemadmodum
3575 3877 3756 3938 etiam

375 3972 545 4047 λειαν,
605 3972 783 4051 ὥσπερ
832 3975 1059 4030 καὶτῶν
1116 3971 1463 4051 παραϐάντων
1519 3971 1760 4051 ἀγγέλων
1816 3972 2022 4050 γέγονε.

2115 3970 2261 4029 facta
2296 3968 2401 4027 fuit
2434 3974 2936 4046 tranSgres‘sorum
2992 3967 3360 4047 angelorum.
3397 3967 3763 4030 l’raanuntiat

380 4062 679 4140 Προμηνύει
709 4060 762 4116 δὲ
803 4062 856 4118 ἐν
902 4067 968 4138 τῇ
1024 4061 1278 4138 ἐπιστολῇ
1334 4060 1535 4141 ἡμέρας
1578 4060 1781 4116 ἔσεσθαι
1826 4060 1881 4115 ἐν
1937 4064 2026 4124 αἷς

2115 4067 2300 4117 autem
2339 4057 2396 4117 in
2426 4056 2686 4137 Epistola
2738 4059 2865 4119 fore
2897 4057 3024 4118 dies
3054 4057 3270 4137 quibus
3295 4056 3764 4119 obambulabunt

375 4149 671 4225 ἐμπαῖκται
756 4152 1175 4229 περιπατήσουσι
1273 4152 1360 4205 καὶ
1443 4148 1749 4219 θελήσουσιν
1820 4149 2025 4221 ἀπατᾷν

2115 4147 2387 4207 illusores
2417 4146 2681 4209 volentes
2707 4146 2935 4226 aliquos
2990 4146 3299 4220 seducere,
3336 4145 3590 4207 dicendo
3617 4165 3765 4208 vane

376 4261 547 4310 τινας,
607 4237 877 4320 λέγοντες,
934 4240 1106 4314 μάτην
1176 4239 1419 4318 λέγεσθαι
1504 4238 1629 4317 παρ’
1698 4240 1852 4313 ἡμῶν
1929 4248 2026 4305 τὴν

2115 4234 2229 4296 dici
2266 4253 2299 4296 a
2326 4233 2495 4295 nobis
2532 4235 2791 4295 futurum
2837 4234 3071 4295 Domini
3106 4235 3447 4307 adventum,
3505 4254 3575 4296 eo
3607 4235 3765 4315 quod

382 4303 695 4407 παρουσίαν¹
722 4337 815 4387 τοῦ
862 4303 1146 4408 ’Σωτῆροῆ
1220 4303 1304 4385 δίὰ
1362 4330 1422 4384 τὸ
1479 4303 1879 4407 ἀεὶῑλέγεσθαι,
1940 4329 2029 4382 ῖιχὶ

2118 4341 2356 4403 semper
2387 4323 2703 4399 dicaturﬁet
2737 4324 2996 4385 nondum
3025 4323 3339 4385 advenerit
3368 4303 3460 4385 Ab
3481 4303 3765 4402 hisigitur

378 4419 456 4494 μή
488 4439 575 4474 πω
616 4417 1018 4497 παραγενέσθαι.
1085 4415 1219 4474 Ἀπὸ
1268 4418 1460 4473 τούτων
1516 4410 1602 4473 οὗν
1661 4422 1748 4472 καὶ
1801 4415 2031 4491 μάλιστι

379 4505 674 4585 ἀπέχεσθαι
732 4504 1112 4586 παραγγέλλει,
1180 4504 1437 4564 διδάσκων
1504 4505 1582 4580 μὴ
1640 4504 1921 4584 ὀλιγωρεῖν
1978 4505 2032 4560 ἐν

377 4607 496 4658 τοῖς
538 4594 774 4674 χρόνοις.
808 4596 983 4652 Πάντα
1012 4596 1113 4675 γὰρ
1141 4596 1232 4651 τὸν
1274 4594 1469 4675 χρόνον
1528 4591 1692 4670 μηδὲν
1720 4595 1861 4651 εἶναι
1893 4592 2029 4650 ἐνώ-

376 4704 502 4742 πιον
532 4683 743 4764 Κυρίου,
789 4681 873 4740 διὰ
919 4685 980 4740 τὸ
1026 4686 1114 4741 καὶ
1169 4685 1269 4751 τὴν
1312 4685 1435 4758 μίαν
1490 4683 1693 4763 ἡμέραν
1882 4682 2032 4763 χίλια

376 4774 476 4841 ἔτη
519 4761 685 4853 εἶναι,
713 4773 801 4829 καὶ
828 4773 893 4829 τὰ
923 4771 1076 4853 χίλια
1105 4769 1199 4839 ἔτη
1230 4771 1531 4850 ὡςξῆμέραν
1562 4761 1707 4848 μίαν.
1774 4761 2033 4831 ’Ἑσεσθαι

380 4860 435 4919 δὲ
490 4860 706 4941 ταχέως
758 4860 856 4928 τὴν
932 4860 1136 4941 ἡμέραν
1208 4866 1299 4917 τοῦ
1374 4861 1561 4940 Κυρίου
1618 4856 2031 4932 διαϐεϐαιοῦται,

380 4950 470 5009 καὶ
564 4946 918 5029 ἀποδείκνυσι,
1003 4950 1092 5006 καὶ
1179 4946 1478 5006 ἐντέλλεται
1559 4948 1800 5023 ἑτοίμους
1884 4949 2031 5005 εἶναι

382 5039 586 5104 πάντας
642 5040 713 5103 είς
784 5037 948 5107 αὐτὴν
1018 5037 1192 5119 ἔργοις
1249 5038 1497 5117 ἀγαθοῖς,
1557 5038 1645 5095 καὶ
1702 5036 1911 5118 ἀγαπᾷν
1970 5039 2036 5096 τὰ

382 5127 485 5184 ὑπὸ
512 5134 606 5185 τοῦ
660 5127 958 5185 ἀποστόλου
1005 5127 1210 5185 Παύλου
1264 5126 1551 5208 γραφέντα,
1607 5128 1695 5185 καὶ
1752 5130 1831 5204 μὴ
1899 5151 2037 5204 προ·-

385 5215 567 5296 σέχειν
622 5229 741 5280 τοῖς
793 5213 1159 5273 διαϐάλλωσιν
1222 5216 1376 5291 αὔτα,
1448 5214 1534 5271 διὰ
1600 5217 1661 5272 τὸ
1724 5217 1807 5273 οιαὶ
1864 5216 2038 5281 πάσας

383 5307 479 5370 τὰς
547 5306 688 5369 θείας
743 5306 949 5386 rma;
1026 5302 1328 5363 διαϐάλλειν
1396 5303 1607 5371 αὐτούς.
1697 5296 2039 5381 ’Υπομνήσας

385 5396 475 5450 οὖν
530 5396 619 5450 καὶ
687 5392 893 5460 διδάξας
954 5396 1152 5460 πάντας
1221 5392 1547 5474 προσειδέναι
1606 5395 1671 5451 τὰ
1730 5396 2036 5473 πράγματα,

384 5494 636 5561 παραινεῖ
663 5484 741 5550 μὴ
792 5482 1065 5540 ἐκπίπτειν
1120 5481 1215 5540 τοῦ
1257 5502 1480 5563 σκοπονᾶ
1495 5484 1593 5549 τῆς
1636 5484 1887 5544 πίστεως,
1948 5483 2043 5539 Καὶ

387 5573 527 5630 οὕτω
554 5570 757 5630 τελειοῖ
782 5573 882 5642 τὴν
926 5570 1275 5643 Ἐπιστολήν,

2122 4413 2376 4473 maxime
2402 4413 2663 4492 separari
2687 4412 2977 4493 praecipit,
3012 4415 3234 4475 docens
3267 4432 3383 4473 non
3409 4430 3545 4473 esse
3568 4410 3762 4488 negli-

2117 4510 2324 4579 genter
2374 4501 2751 4580 transigenda
2800 4510 3064 4581 tempora
3101 4522 3115 4561 :
3151 4520 3283 4562 cum
3317 4519 3493 4561 omne
3527 4514 3764 4578 tempus

2118 4590 2267 4651 nihil
2318 4590 2392 4651 sit
2427 4608 2624 4651 coram
2678 4589 2801 4652 Deo
2832 4608 2845 4653 :
2883 4610 2952 4654 eo
2983 4590 3137 4671 quod
3185 4609 3281 4649 un.
3310 4608 3338 4649 s
3369 4589 3497 4649 dies
3525 4588 3600 4648 sit
3631 4599 3764 4648 tan-

2118 4697 2293 4760 quam
2353 4679 2515 4741 mille
2572 4678 2732 4752 anni,
2786 4694 2844 4740 et
2905 4678 3067 4741 mille
3116 4678 3256 4739 anni
3303 4685 3580 4758 tanquam
3638 4676 3767 4737 dies

2121 4787 2294 4831 unus.
2347 4769 2675 4830 Conﬁrmat
2720 4777 2915 4830 autem
2966 4777 3026 4830 et
3076 4766 3334 4830 ostendit
3394 4766 3557 4828 brevi
3601 4764 3765 4826 futu-

2118 4874 2249 4917 rum
2275 4874 2407 4918 esse
2423 4855 2564 4918 528
2581 4856 2740 4919 diem
2778 4857 3040 4934 Domini,
3074 4856 3455 4939 praecipitque
3480 4862 3540 4916 ut
3560 4871 3769 4917 omnes

2118 4945 2191 5007 ad
2230 4945 2427 5026 ipsum
2474 4945 2663 5022 parati
2696 4945 2813 5007 sint
2865 4966 2971 5027 per
3019 4946 3175 5009 b~na
3219 4964 3421 5026 opera,
3457 4952 3605 5007 etut
3632 4962 3767 5004 am-

2122 5034 2411 5116 plectatur
2443 5053 2511 5096 ea
2558 5053 2688 5115 quas
2730 5035 2803 5096 ab
2833 5036 3099 5116 apostolo
3151 5035 3327 5097 Paulo
3360 5034 3579 5114 scripta
3607 5038 3767 5110 sunt,

2124 5142 2235 5184 nec
2277 5123 2371 5184 his
2401 5124 2706 5184 attendant
2744 5124 2846 5204 qui
2876 5124 2975 5185 illa
3010 5123 3468 5203 calumniantur,
3502 5142 3572 5184 eo
3611 5121 3769 5203 quod

2126 5230 2334 5274 omnes
2387 5230 2621 5293 quoque
2679 5213 2911 5275 divinas
2941 5214 3280 5293 Scripturas
3310 5211 3768 5273 calumnientur.

2124 5300 2238 5364 Ubi
2278 5300 2456 5380 igitur
2507 5301 2798 5380 suggessit
2820 5320 2888 5363 ac
2922 5303 3122 5364 docuit
3151 5319 3381 5373 omnes,
3416 5309 3475 5361 ut
3506 5300 3565 5360 in
3594 5300 3773 5361 rebus

2129 5387 2493 5468 provideant,
2547 5390 2891 5452 exhortatur
2916 5410 2990 5452 ne
3017 5410 3050 5451 a
3079 5389 3218 5451 fidei
3263 5388 3565 5470 proposito
3606 5387 3774 5451 exci-

2129 5481 2289 5555 dant,
2330 5483 2489 5541 etita
2520 5482 2822 5542 concludit
2860 5482 3211 5564 Epistolam.
