4192 6212
286 267 291 272 ’
358 301 461 370 581

1400 296 1792 372 ΟΟΜΜΕΝΤ.
1839 301 1920 370 ΙΝ
1961 293 2201 368 EPISI‘.
2252 308 2308 371 ΙΙ
2353 309 2410 371 8.
2463 301 2693 372 PETRI

3607 295 3724 368 582

350 436 602 502 πολλάκις
670 440 866 507 ταύτην
934 440 1159 520 παρέχει
1221 447 1298 516 τῷ
1355 439 1471 516 λαῴ
1527 440 1634 497 ἀπὸ
1683 452 1776 501 τοῦ
1844 444 1993 521 ἁγίου

2079 443 2147 503 ab
2177 443 2350 505 altari
2404 446 2745 527 frequenter
2802 445 2954 506 hanc
3013 440 3229 523 pupula
3291 437 3544 501 tribuit:
3609 457 3716 500 nos

343 529 718 607 θδσιαστηρίου.
797 529 895 586 Καὶ
952 530 1114 605 ἡμεῖς
1186 530 1241 587 ἐν
1311 543 1432 595 ταῖς
1508 530 1637 609 πρὸς
1720 530 1983 602 ἀλλήλους

340 617 653 695 προσρήσεσι
697 620 864 693 ταύτῃ
907 619 1237 698 κεχρήμεθα,
1295 618 1376 675 ὅτι
1433 616 1567 686 αὕτη
1614 621 1793 699 μήτηρ
1842 622 1983 678 πάν-

336 726 439 761 των
505 711 611 761 τῶν
667 705 905 784 ἀγαθῶν,
963 707 1052 763 καὶ
1106 708 1392 769 ὑπόστασις
1433 707 1526 774 τῆς
1571 714 1745 787 χαρᾶς
1801 710 1979 783 ἡμῶν,

340 792 420 848 Δι’
461 793 490 849 ὃ
544 795 631 851 καὶ
675 796 704 850 ὁ
737 795 923 873 Κύριος
980 801 1273 876 φοιτῶντας
1323 797 1444 860 τοὺς
1498 796 1685 852 ἑαυτοῦ
1741 799 1981 872 μαθητὰς

340 883 410 946 εἷς
477 882 572 946 τὰς
630 884 795 947 οίκίας
852 885 1051 952 ταύτην
1102 884 1358 965 παρέχειν
1415 885 1632 963 πρώτην
1689 885 1981 947 ἐθέσπισεν.

348 990 372 1024 ο
422 970 583 1050 Χάρις
617 972 749 1047 ὑμῖν
776 973 864 1028 καὶ
909 974 1115 1052 εἰρήνη,
1179 997 1206 1027 n
1271 975 1343 1032 Τὸ
1392 972 1512 1040 ἑξῆς
1555 972 1721 1037 οὕτως
1757 989 1771 1004 ⁸
1826 976 1985 1052 Χάρις

339 1062 463 1135 ὑμῖν
493 1063 581 1118 καὶ
638 1063 845 1140 εἰρήνη,
892 1065 964 1126 ὡς
1008 1064 1184 1120 πάντα
1225 1064 1292 1119 τὰ
1334 1065 1463 1140 πρὸς
1508 1064 1652 1135 ζωὴν
1704 1065 1791 1120 καὶ
1835 1064 1986 1122 εὐσέ-

340 1146 482 1206 ϐειαν
511 1149 566 1206 ἐν
607 1156 679 1227 τῇ
712 1150 998 1231 ἐπιγνώσει
1052 1152 1145 1209 τοῦ
1189 1152 1320 1209 Θεοῦ
1376 1155 1463 1209 καὶ
1495 1152 1672 1219 Ἰησοῦ
1728 1162 1820 1212 τοῦ
1876 1164 1985 1211 Κυ-

338 1238 444 1318 ρίου
513 1235 598 1295 διὰ
665 1244 766 1306 τῆς
847 1239 986 1305 θείας
1044 1240 1201 1297 αὒτοῦ
1254 1238 1546 1316 δυνάμεως,
1606 1246 1704 1307 τῆς
1765 1241 1988 1321 χάριτος

335 1326 530 1394 ταύτης
556 1328 685 1403 ὑμῖν
715 1325 1099 1408 δωρησαμένης
1152 1330 1311 1385 αὐτοῦ
1358 1330 1456 1397 τὴν
1516 1330 1821 1408 ἐπίγνωσιν,
1892 1331 1988 1398 τὴν

336 1412 504 1489 δόξαν,
551 1418 651 1484 την
682 1416 915 1497 ἀρετήν.
988 1418 1068 1474 Δι’
1110 1419 1185 1473 ὧν
1227 1419 1293 1474 τὰ
1358 1418 1582 1496 μέγιστα
1613 1417 1989 1497 ἐπαγγέλματα

335 1501 597 1583 ἐδωρήθη.
676 1495 801 1561 Ἵνα
863 1505 1223 1586 ἀποφυγόντες
1285 1508 1384 1574 τὴν
1437 1495 1701 1582 κοσμικὴν
1731 1495 1738 1497 ὴ
1766 1495 1985 1587 φθορὰν,

332 1593 428 1661 τὴν
497 1591 566 1649 δι’
656 1594 928 1670 ἐπιθυμίας
1015 1595 1387 1674 ἐγγινομένην,
1472 1595 1691 1674 γένησθε
1747 1591 1988 1652 κοινωνοῖ

2070 530 2248 593 etiam
2278 532 2336 594 in
2374 535 2591 596 mutuis
2620 532 3080 595 allocutionibus
3137 531 3247 592 hac
3279 528 3522 603 utimur,
3555 528 3713 607 quod

2068 619 2196 682 haec
2228 631 2419 683 mater
2469 623 2545 683 sit
2597 622 2864 683 omnium
2923 620 3236 693 bonorum,
3294 638 3361 680 ac
3391 615 3717 680 substantia

2065 710 2266 787 gaudii
2296 710 2791 791 nostriideoque
2821 711 3088 773 Chrisms
3143 706 3452 788 discipulis
3503 707 3626 768 suis
3654 704 3716 767 in

2069 797 2279 858 domos
2293 798 2764 878 ingredientibus
2776 800 2926 861 hanc
2941 798 3194 880 primum
3210 798 3424 859 oﬂ‘erre
3436 795 3717 858 divinitus

2070 886 2254 947 edixit
2289 904 2301 949 :
2372 912 2393 945 α
2431 890 2632 950 Graia
2664 887 2828 949 vobis
2859 897 2915 949 et
2964 906 3095 967 pax.
3137 910 3160 944 ιι
3218 884 3379 949 Ordo
3413 885 3545 947 talis
3575 892 3664 946 est
3696 901 3710 946 ε

2071 976 2267 1036 bratia
2290 975 2456 1038 vobis
2474 988 2533 1039 et
2560 996 2664 1056 pax
2684 975 3128 1055 multiplicetur,
3168 973 3318 1036 sicut
3356 971 3557 1034 omnia
3586 989 3717 1052 quae

2070 1061 2142 1122 ad
2176 1062 2349 1124 vitam
2382 1084 2449 1125 ac
2493 1066 2771 1145 pietatem
2804 1063 3126 1144 faciunt,in
3145 1061 3482 1141 cognitione
3512 1060 3619 1122 Dei
3646 1079 3715 1121 ac

2071 1149 2311 1212 Domini
2329 1151 2637 1227 Jesu,cum
2664 1172 2767 1233 per
2790 1152 3045 1214 divinam
3078 1151 3263 1232 ipsius
3295 1152 3572 1212 virtutem
3592 1149 3717 1211 haec

2070 1239 2264 1315 gratia
2288 1241 2454 1302 vobis
2480 1242 2685 1322 largita
2709 1241 2786 1302 sit
2809 1241 2989 1320 ipsius
3013 1239 3437 1319 cognitionem,
3466 1237 3714 1318 gloriam

2071 1346 2139 1388 ac
2152 1328 2255 1389 virt
2269 1337 2426 1391 utem
2453 1349 2464 1391 :
2493 1349 2598 1410 per
2616 1349 2744 1411 qum
2765 1329 3190 1410 promissioncs
3207 1327 3718 1390 maximaadonataa

2073 1424 2247 1479 sunt:
2305 1427 2369 1480 ut
2426 1419 2679 1480 devitata
2729 1418 3107 1497 corruptione
3136 1417 3454 1491 mundana,
3486 1434 3618 1495 quae
3647 1433 3718 1475 ex

2073 1506 2557 1587 concupiscentia
2590 1506 2882 1588 provenit,
2919 1513 3224 1568 consortes
3255 1503 3590 1567 etiiciamini
3619 1502 3715 1564 di-

2072 1593 2225 1655 vinm
2253 1604 2478 1657 natura:
2542 1620 2564 1653 ι)
2602 1594 2664 1656 Ιι]
2697 1594 3034 1675 cognitione
3057 1593 3189 1657 Dei.
3225 1618 3251 1648 ››
3288 1592 3481 1656 Ordo:
3538 1590 3720 1652 Vobis

333 1687 429 1749 τῆς
469 1682 615 1763 θείας
656 1682 886 1762 φύσεως.
951 1705 975 1740 ε
1040 1680 1127 1740 Ἐν
1184 1684 1467 1762 ἐπιγνώσει
1523 1692 1616 1740 τοῦ
1661 1691 1813 1747 Θεοῦ.
1855 1707 1878 1741 ι
1915 1684 1986 1742 Τὸ

2079 1684 2166 1762 qui
2203 1682 2263 1743 in
2298 1685 2634 1763 cognitione
2666 1684 2772 1745 Dei
2802 1693 2861 1745 et
2890 1685 3029 1747 Jesu
3061 1681 3298 1743 Domini
3330 1679 3514 1743 nostri
3551 1698 3718 1761 aeque

336 1767 452 1838 ἐξῆς
484 1791 500 1805 θ
551 1762 712 1846 ’Υμτν
740 1785 856 1836 τοῖς
902 1771 956 1827 ἐν
998 1771 1276 1851 ἐπιγνώσει
1325 1783 1417 1832 τοῦ
1468 1780 1599 1829 Θεοῦ
1657 1773 1751 1830 καὶ
1809 1773 1985 1841 Ἰησοῦ

2079 1762 2453 1834 honoriﬁcam
2488 1774 2797 1835 nobiscum
2831 1772 3023 1835 sortiti
3055 1772 3198 1833 estis
3243 1771 3421 1832 ﬁdem
3456 1788 3560 1851 per
3582 1769 3717 1848 jus-

337 1860 426 1915 τοῦ
468 1860 658 1938 Κυρίου
710 1862 866 1935 ἡμῶν
909 1861 1147 1936 ἰσότιμον
1208 1863 1346 1936 ἡμῖν
1400 1861 1573 1918 πίστιν
1617 1859 1843 1941 λαχοῦσι
1902 1860 1985 1918 διὰ

2079 1861 2256 1923 titiam
2292 1862 2400 1925 Dei
2429 1862 2641 1939 nostri,
2676 1861 2863 1941 gratia
2892 1870 2951 1923 et
2980 1880 3090 1942 pax
3124 1859 3575 1941 multiplicetur.
3609 1862 3720 1919 Aut

336 1952 431 2014 τῆς
480 1945 818 2041 δικαιοσύγης
873 1958 966 2007 τοῦ
1021 1956 1153 2007 Θεοῦ
1221 1950 1398 2025 ἡμῶν,
1446 1950 1604 2029 χάρις
1660 1951 1747 2006 καὶ
1804 1951 1984 2030 εἰρήνη

2079 1951 2180 2012 hoc
2214 1953 2389 2012 modo
2445 1961 2533 2013 est
2589 1953 2785 2013 ordo:
2846 1950 2913 2012 In
2975 1950 3313 2031 cognitione
3346 1948 3453 2011 Dei
3482 1967 3551 2011 ac
3576 1947 3721 2011 Jesu

336 2036 677 2104 πληθυνθείη.
732 2036 791 2094 Ἠ
859 2039 920 2094 τὸ
961 2036 1083 2105 ἑξῆς
1128 2038 1295 2103 οὕτως
1323 2057 1336 2071 ⁸
1400 2037 1487 2096 Ἐν
1545 2037 1825 2117 ἐπιγνώσει
1894 2049 1987 2098 τοῦ

2079 2038 2303 2100 Domini
2334 2041 2543 2121 nostri,
2582 2060 2713 2122 quae
2763 2039 3022 2119 cognitio
3081 2057 3188 2121 per
3243 2039 3501 2101 divinam
3531 2038 3719 2119 ipsius

336 2131 461 2180 Θεοῦ
504 2126 596 2181 καὶ
655 2123 830 2192 Ἰησοῦ
871 2132 964 2182 τοῦ
1021 2126 1207 2206 Κυρίου
1248 2129 1425 2203 ἡμῶν.
1482 2126 1636 2189 "Huc
1706 2128 1983 2206 ἐπίγνωσις

2079 2127 2341 2188 virtutem
2374 2129 2577 2190 omnia
2609 2147 2738 2210 qua:
2767 2129 2841 2190 ad
2872 2128 3045 2190 vitam
3077 2146 3145 2189 ac
3192 2127 3468 2209 pietatem
3499 2125 3722 2187 faciunt

331 2210 413 2269 διά
444 2212 537 2281 τῆς
567 2213 710 2279 θείας
760 2216 918 2271 αὐτοῦ
963 2213 1255 2291 δυνάμεως,
1314 2215 1485 2273 πάντα
1522 2217 1588 2276 τὰ
1643 2218 1772 2296 πρὸς
1841 2218 1984 2288 ζωὴν

2079 2215 2277 2295 largita
2304 2225 2413 2291 est,
2451 2217 2761 2299 ipsamque
2790 2218 2951 2278 illius
2980 2217 3379 2296 cognitionem
3415 2216 3515 2297 qui
3542 2233 3719 2277 voca—

333 2303 416 2358 καὶ
458 2299 730 2360 εὐσέϐειαν
773 2301 1098 2384 ἐδωρήσατο,
1160 2304 1324 2371 αὐτὴν
1390 2305 1491 2372 τὴν
1544 2303 1826 2384 ἐπίγνωσιν
1892 2304 1984 2362 τοῦ

334 2388 657 2454 καλέσαντος
691 2392 830 2467 ἡμᾶς
873 2389 957 2449 διὰ
985 2390 1141 2460 δόξης
1190 2394 1277 2449 καὶ
1331 2392 1547 2468 ἀρετῆς,
1597 2391 1663 2450 δι’
1715 2395 1782 2461 ἧς
1832 2391 1985 2460 δόξης

337 2480 423 2561 καὶ
448 2478 649 2554 ἀρετῆς
677 2481 743 2536 τὰ
772 2481 921 2555 τίμια
968 2483 1056 2539 καὶ
1109 2481 1333 2560 μέγιστα
1386 2481 1766 2561 ἐπαγγέλματα
1811 2480 1984 2549 ἐδόθη,

2067 2305 2147 2365 vit
2180 2323 2286 2366 nos
2318 2324 2425 2386 per
2472 2306 2716 2385 gloriam
2773 2315 2831 2369 et
2879 2305 3187 2380 virtutem,
3236 2324 3344 2387 per
3390 2323 3565 2387 quam
3592 2304 3719 2382 glo-

2069 2393 2219 2454 riam
2245 2402 2303 2454 et
2333 2395 2631 2476 virtutem,
2665 2395 2940 2476 pretiosae
2964 2396 3352 2475 maximaeque
3374 2392 3721 2475 promissio-

2073 2500 2179 2543 nes
2211 2486 2439 2545 donata
2470 2495 2631 2560 sunt,
2670 2493 2730 2545 ut
2758 2484 3113 2547 sitisdivinae
3133 2492 3440 2547 consortes
3470 2491 3717 2555 naturae,

344 2557 465 2626 ΗΙνα
494 2569 722 2648 γένησθε
753 2571 890 2637 θείας
931 2557 1203 2630 κοινωνοὶ-
1234 2574 1460 2654 φύσεως,
1504 2557 1578 2629 ἐν
1634 2581 1711 2649 τῷ
1779 2573 1989 2654 ἀποφυ-

2079 2571 2416 2651 eﬂ‘ugiendo
2465 2557 2780 2636 mundanae
2828 2573 3326 2655 concupiscentiae
3383 2569 3718 2652 corruptio-

343 2674 456 2738 γετν
503 2667 609 2729 τῆς
640 2664 899 2739 κοσμικῆς
931 2663 1207 2741 ἐπιθυμίας
1253 2666 1353 2734 τὴν
1409 2666 1625 2747 φθορέν.
1688 2664 1853 2723 Ἀλλά
1909 2666 1995 2722 καὶ

2079 2678 2237 2726 nem.
2274 2662 2389 2725 Sed
2423 2670 2482 2725 et
2511 2664 2625 2725 hoc
2657 2664 2848 2744 ipsum
2903 2663 3025 2726 sive
3071 2662 3143 2725 ad
3175 2663 3289 2725 hoc
3316 2663 3512 2744 ipsum
3543 2659 3720 2723 adhi-

342 2749 464 2807 αὖτὸ
517 2751 699 2826 τοῦτο,
759 2750 879 2819 ἤτοι
958 2755 1030 2818 εἷς
1107 2755 1233 2811 αὗτὸ
1301 2761 1450 2812 τοῦτο
1525 2752 1754 2822 σπουδὴν
1823 2760 1995 2812 πᾶσαν

2082 2748 2203 2811 bito
2233 2751 2398 2813 omni
2444 2751 2663 2829 studio,
2699 2751 3142 2815 subministrate
3190 2753 3251 2814 iu
3272 2751 3389 2814 ﬁde
3419 2751 3720 2833 virtutem,

345 2838 873 2917 παρεισενέγκαντες,
945 2841 1380 2924 ἐπιχορηγήσατε
1431 2844 1485 2900 ἐν
1666 2843 1835 2900 πίστει
1903 2843 1995 2910 τὴν

2084 2838 2144 2900 in
2181 2838 2392 2902 virtute
2423 2841 2757 2918 scientiam,
2789 2842 2851 2905 in
2881 2842 3129 2905 scientia
3159 2843 3634 2923 temperantiam,
3666 2848 3725 2901 et

345 2925 502 3005 ἀρετὴ
515 2951 557 3004 δ,
595 2927 654 2983 ἐν
700 2935 769 3006 τῇ
812 2931 973 3009 ἀρετῇ
1005 2934 1104 3000 τὴν
1134 2933 1353 3013 γνῷσιν,
1411 2932 1465 2989 ἐν
1527 2938 1595 3009 τῇ
1650 2934 1841 3012 γνώσει
1899 2931 1995 2999 τὴν

2084 2930 2144 2991 in
2177 2930 2286 2991 hac
2319 2929 2654 3009 patientiam
2692 2932 2750 2993 in
2782 2931 3061 3013 patientia
3101 2941 3296 2995 autem
3330 2931 3627 3012 pietatem,
3661 2929 3721 2989 in

344 2996 673 3093 ἐγκράτειαν,
712 2996 764 3073 ἐν
794 2996 962 3097 τεὶύττί
992 3020 1090 3088 τὴν
1121 2996 1419 3101 {insciam-iw,
1449 3022 1504 3077 ἐν
1631 2996 1872 3097 ὑπομονῇ
1898 3021 1995 3087 τὴν

2085 3021 2189 3080 bac
2215 2996 2411 3081 autem
2445 3019 2763 3084 fraternam
2782 2996 3170 3097 |charitatcm,
3201 3022 3261 3082 in
3292 2996 3550 3082 fiaterna
3579 3019 3721 3080 cha-

346 3102 637 3182 εὐσέϐειαν,
670 3106 725 3162 ἐν
752 3108 918 3184 ταύτῃ
947 3109 1048 3177 τὴν
1099 3108 1458 3191 φιλαδελφίαν,
1508 3109 1561 3166 ἐν
1590 3117 1659 3189 τῇ
1688 3108 1995 3191 φιλαδελφίᾳ

2079 3107 2253 3169 ritate
2283 3107 2689 3173 dilectionem.

342 3192 441 3259 τὴν
468 3193 715 3272 ἀγάπην.

425 3308 454 3341 α
503 3278 601 3347 Ὠς
660 3288 833 3346 πάντα
900 3290 1036 3365 ἡμῖν
1116 3295 1213 3360 της
1266 3292 1406 3355 θείας
1461 3291 1728 3368 δυνάμεως
1814 3294 1992 3365 αὐτοῦ,

2162 3284 2209 3364 Ι,
2240 3286 2355 3347 3-9
2413 3285 2543 3346 551
2610 3290 2778 3349 Sicut
2834 3287 3040 3349 omnia
3096 3285 3259 3349 vobis
3286 3286 3504 3348 divina
3534 3285 3724 3365 ipsius

345 3373 408 3429 τὰ
488 3377 625 3454 πρὸς
695 3379 838 3447 ζωὴν
928 3379 1016 3434 καὶ
1086 3377 1349 3436 εὒσέϐειαν
1434 3378 1829 3461 δεδωρημένης,
1915 3377 1995 3435 διὰ

2080 3375 2329 3449 virtute,
2363 3392 2498 3455 qua:
2527 3376 2604 3438 ad
2636 3377 2823 3438 vitam
2873 3394 2944 3437 ac
2986 3378 3275 3456 pietatem
3304 3377 3567 3452 faciunt,
3603 3373 3725 3435 lar-

344 3466 440 3529 τῆς
502 3463 845 3542 ἐπιγνώσεως
914 3473 1007 3524 τοῦ
1080 3465 1400 3532 καλέσαντος
1473 3469 1617 3544 ἧμᾶς
1694 3466 1777 3524 διὰ
1845 3465 1995 3534 δόξης

2079 3464 2301 3543 giente,
2328 3482 2445 3543 per
2471 3467 2876 3542 cognitionem
2925 3468 3051 3539 eius
3078 3466 3181 3542 qui
3208 3464 3443 3526 vocavit
3473 3480 3586 3524 nos
3611 3479 3726 3541 per

346 3552 431 3607 καὶ
487 3552 710 3630 ἀρετῆς,
784 3551 851 3608 δι’
921 3556 995 3609 ὧν
1051 3555 1116 3615 τὰ
1183 3558 1332 3631 τὶμια
1402 3558 1539 3632 ἡμῖν
1608 3559 1695 3613 καὶ
1776 3557 1995 3634 μέγιστα

2079 3551 2337 3628 gloriam
2368 3559 2423 3614 et
2450 3555 2761 3623 virtutem,
2791 3570 2907 3631 per
2947 3570 3079 3630 quae
3122 3555 3395 3633 pretiosa
3442 3551 3608 3614 vobis
3654 3568 3726 3612 ac

352 3637 736 3719 ἐπαγγέλματα
792 3640 1104 3719 δεδώρηται,
1184 3642 1277 3700 ἵνα
1360 3642 1442 3700 διὰ
1510 3645 1706 3701 τούτων
1776 3645 1995 3723 γένησθε

2081 3647 2355 3703 maxima
2380 3642 2677 3721 promissa
2723 3638 2954 3702 donata
2997 3650 3170 3721 sunt,
3227 3648 3289 3701 ut
3315 3658 3423 3721 per
3450 3639 3570 3702 haec
3597 3638 3723 3718 efﬁ-

349 3729 484 3793 θείας
585 3733 830 3787 κοινωνοὶ
932 3731 1161 3811 φύσεως,
1267 3732 1624 3812 ἀποφυγόντες
1732 3738 1831 3801 τῆς
1942 3731 1995 3787 ἐν

2079 3730 2338 3791 ciamini
2389 3739 2696 3791 consortes
2743 3730 2968 3791 divinae
2997 3738 3264 3805 naturai,
3297 3730 3566 3792 devitata
3595 3746 3725 3790 cor-

346 3817 533 3905 κόσμῳ
620 3817 672 3875 ἐν
744 3818 988 3905 ἐπιθυμία
1057 3824 1271 3901 φθορᾶς,
1343 3823 1431 3878 καὶ
1512 3824 1637 3879 αὐτὸ
1740 3828 1861 3879 οῦτο
1943 3819 1995 3877 δέ

2079 3819 2361 3897 raptione
2390 3836 2525 3899 quae
2554 3821 2619 3881 in
2652 3820 2877 3880 mundo
2905 3826 2993 3880 est
3013 3836 3125 3899 per
3145 3819 3721 3900 concupiscentiam.

347 3904 585 3974 σπολδὴν
709 3914 884 3964 πᾶσαν
1006 3910 1520 3988 περεισενέγκαντες,
1647 3909 1995 3990 ἐπιχορηγή-

2081 3906 2194 3968 Sed
2223 3914 2281 3969 et
2311 3909 2377 3969 in
2402 3909 2513 3970 hoc
2544 3915 2741 3989 ipsum
2775 3907 3047 3969 adhibito
3080 3909 3244 3969 omni
3272 3907 3475 3970 studio
3503 3905 3728 3969 submi-

345 4015 469 4051 σατε
528 3995 584 4052 ἐν
647 4003 715 4073 τῇ
785 3996 955 4053 πίστει
1033 3998 1181 4072 ὑμῶν
1252 3998 1352 4065 τὴν
1408 3998 1620 4078 ἀρετὴν,
1693 3998 1746 4053 ἐν
1802 3997 1856 4054 δὲ
1925 4006 1994 4067 τῇ

2079 3997 2341 4058 nistrate
2368 4002 2432 4058 in
2461 3997 2577 4076 ﬁde
2604 4005 2804 4059 vestra
2834 4002 3150 4073 virtutem,
3174 3999 3238 4059 in
3272 3999 3494 4060 virtute
3522 4004 3725 4059 autem

344 4081 505 4162 ἀρετῇ
535 4083 637 4153 τήν
687 4092 903 4166 γνῶσιν,
952 4086 1005 4144 ἐν
1050 4084 1103 4142 δὲ
1159 4094 1227 4164 τῇ
1271 4088 1462 4166 γνώσει
1519 4090 1619 4155 τὴν
1661 4087 1991 4167 ἐγκράτειαν,

347 4169 400 4226 ἐν
456 4171 512 4229 δὲ
572 4179 641 4250 τῇ
688 4174 964 4253 ἐγκρατείᾳ
1000 4176 1101 4244 τὴν
1156 4178 1454 4253 ὑπομονὴν,
1508 4175 1561 4232 ἐν
1618 4175 1673 4232 δὲ
1728 4183 1796 4254 τῇ
1863 4178 1994 4233 ὑπο-

349 4266 489 4339 μονῇ
544 4263 646 4330 τὴν
704 4261 972 4323 εὐσέϐειαν

353 4348 588 4432 δελφίαν,
675 4353 729 4409 ἐν
835 4352 890 4410 δὲ
990 4362 1059 4433 τῇ
1163 4354 1484 4436 φιλαδελφίᾳ
1585 4356 1681 4423 τὴν
1766 4355 2000 4433 ἀγάπην.

353 4447 528 4498 Ταῦτα
592 4443 691 4520 γὰρ
759 4445 889 4518 ὑμῖν
956 4445 1261 4525 ὑπάρχοντα
1315 4447 1402 4502 καὶ
1462 4443 1838 4518 πλεονάζοντα,
1912 4448 2006 4502 οὒκ

351 4526 543 4607 ἀργοὺς
629 4527 743 4587 οὐδὲ
828 4531 1123 4610 ἀπράκτους
1212 4534 1517 4599 καθίστησιν
1609 4532 1680 4597 εἰς
1748 4531 1847 4599 τὴν
1914 4530 2006 4586 τοῦ

352 4617 541 4695 Κυρίου
609 4620 765 4693 ἡμῶν
825 4616 1000 4687 ἰησοῦ
1069 4627 1294 4701 Χριστοῦ
1367 4620 1670 4699 ἐπίγνωσιν,
1757 4614 1820 4700 ᾯ
1906 4620 2006 4698 γὰρ

350 4701 414 4772 δὴ
485 4707 707 4786 πάρεστι
768 4714 935 4766 ταῦτα
1018 4708 1206 4790 νυφλός
1291 4709 1401 4766 ἐστι
1490 4708 1809 4784 μυωπάζων,
1896 4705 2004 4777 λή-

343 4793 439 4860 θην
522 4793 701 4852 λαϐὼν
796 4802 887 4852 τοῦ
988 4801 1314 4877 καθαρισμοῦ
1410 4801 1518 4852 τῶν
1600 4795 1765 4853 πάλαι
1849 4797 2008 4855 αὐτοῦ

350 4882 620 4960 ἁμαρτιῶν
681 4907 709 4940 ι

433 4973 535 5029 Διά
594 4979 797 5051 μακροῦ
869 4973 966 5049 μὲν
1017 4971 1355 5054 ἀποδέδοται,
1423 4974 1534 5031 ἔστι
1591 4972 1645 5030 δὲ
1715 4975 1750 5042 ἦ
1807 4970 2008 5029 διάνοια

354 5057 487 5128 αὕτη
523 5080 538 5096 ο
576 5052 669 5126 Ὠς
700 5061 855 5142 μυρία
898 5059 1148 5127 λαϐόντες
1211 5052 1380 5142 ἀγαθά
1436 5061 1519 5119 διὰ
1565 5066 1663 5130 τῆς
1703 5060 2007 5142 ἐπιφανείας

358 5154 611 5227 Χριστοῦ,
644 5148 712 5205 δι’
756 5153 830 5205 ὧν
887 5147 1144 5228 δυνάμεθα
1197 5154 1284 5209 καὶ
1326 5153 1465 5218 θείας
1524 5152 1720 5232 φύσεως
1775 5149 2013 5230 γενέσθαι

356 5241 599 5296 κοινωνοὶ
652 5240 738 5296 καὶ
798 5241 935 5319 ωρὸς
1003 5242 1144 5312 ζωὴν
1219 5243 1309 5298 καὶ
1368 5239 1631 5298 εὐσέϐειαν
1688 5240 2011 5320 ἀναχθῆναι,

354 5326 637 5406 ὀφείλομεν
707 5326 1068 5386 πολιτεύεσθαι
1126 5330 1316 5411 οὕτως,
1388 5332 1461 5394 ὡς
1522 5331 1877 5410 ἐπιχορηγεῖν

356 5414 527 5472 πίστει
556 5416 654 5485 τὴν
685 5416 903 5496 ἀρετὴν,
932 5420 1019 5474 καὶ
1050 5416 1135 5475 διὰ
1162 5424 1260 5486 τῆς
1316 5416 1436 5478 ὁδοῦ
1492 5416 1715 5495 βαδίζειν
1774 5419 1845 5480 εἰς
1907 5418 2005 5485 τὴν

354 5500 471 5559 κατ’
518 5502 782 5563 εὐσέϐειαν
837 5508 1137 5583 προκοπὴν,
1208 5505 1309 5570 ἕως
1381 5510 1452 5573 εἰς
1522 5509 1584 5563 τὸ
1640 5504 1842 5562 τέλειον
1900 5511 2007 5563 τῶν

356 5588 585 5673 ἀγαθῶν,
619 5592 648 5647 8
692 5591 831 5648 ἐστιν
858 5594 893 5661 ἡ
928 5593 1135 5674 ἀγάπη,
1182 5593 1439 5671 ἔλθωμεν.
1489 5594 1640 5658 Θείας
1696 5591 1750 5649 δὲ
1806 5615 2006 5650 κοινω-

2074 4086 2416 4159 scientiam,
2452 4087 2517 4146 in
2544 4087 2799 4148 scientia
2829 4102 2966 4146 vero
2983 4093 3472 4166 temperantiam,
3496 4091 3560 4146 in
3584 4093 3725 4148 tem-

2077 4173 2358 4253 perantia
2383 4181 2581 4235 autem
2608 4175 2972 4254 patientiam
3010 4194 3028 4233 :
3061 4192 3307 4236 mrsum
3338 4175 3402 4235 in
3424 4175 3726 4254 patientia

979 4314 995 4347 ,
1068 4264 1124 4321 ἐν
1166 4263 1220 4322 δὲ
1265 4273 1332 4343 τῇ
1376 4264 1609 4323 εὖσεϐεία
1663 4266 1763 4334 την
1834 4264 1995 4346 φιλα-

2080 4263 2393 4343 pietatem,
2426 4263 2491 4322 in
2521 4268 2748 4342 pietate
2778 4280 2922 4325 vero
2952 4264 3296 4341 fraternam
3328 4265 3720 4339 churitatom,

2087 4355 2149 4412 in
2183 4356 2459 4428 [raterna
2507 4359 2711 4413 autem
2759 4351 3060 4414 churitate
3111 4352 3520 4415 dilectionem.
3584 4352 3725 4415 Haec

2087 4442 2245 4501 enim
2276 4456 2413 4500 cum
2445 4441 2609 4501 vobis
2631 4440 2849 4502 adsunt
2877 4447 2932 4502 et
2960 4440 3299 4502 exuberant
3326 4441 3494 4503 haud
3511 4444 3727 4503 otiosos

2087 4545 2197 4589 nec
2223 4530 2287 4589 in
2341 4532 2592 4591 irritum
2650 4528 2998 4592 laborantes
3045 4529 3304 4608 eﬂiciunt
3358 4531 3435 4592 ad
3483 4530 3731 4591 Domini

2088 4621 2282 4681 nostri
2308 4620 2452 4681 Jesu
2505 4619 2729 4682 Christi
2778 4621 3200 4700 cognitionem.
3244 4618 3397 4681 Nam
3443 4620 3548 4698 qui
3603 4638 3729 4681 non

2088 4707 2311 4768 adsunt
2339 4706 2486 4781 haec,
2542 4715 2594 4769 is
2639 4725 2830 4770 caecus
2859 4716 2942 4770 est
2975 4715 3032 4770 et
3061 4725 3244 4769 manu
3275 4713 3435 4769 viam
3466 4715 3725 4782 tentnus,

2085 4795 2304 4859 oblitus
2332 4813 2455 4859 sese
2484 4814 2522 4859 a
2549 4798 2854 4860 veteribus
2881 4800 3012 4860 suis
3062 4798 3324 4877 peccatis
3365 4799 3554 4875 fuisse
3576 4816 3729 4879 pur-

2087 4894 2316 4967 gutum.

2170 4978 2375 5053 Longo
2421 4973 2661 5055 quidem
2716 4982 2899 5037 tractu
2932 4974 3165 5036 reddita
3195 4982 3283 5034 cst
3312 4973 3522 5050 series,
3558 4992 3732 5055 porro

2097 5067 2221 5127 han:
2244 5063 2737 5139 estintelligentia
2762 5085 2774 5122 :
2799 5062 3098 5144 Tanquam
3123 5063 3457 5125 innumeris
3481 5063 3737 5143 acceptis

2098 5154 2270 5217 bonis
2293 5171 2396 5233 per
2417 5153 2632 5215 Christi
2650 5152 3107 5232 apparitionem,
3143 5170 3251 5233 per
3271 5171 3400 5232 qua:
3422 5169 3737 5232 possumus

2101 5244 2313 5306 divina:
2343 5249 2565 5301 natura)
2591 5250 2900 5303 consortes
2930 5241 3111 5316 effici,
3144 5250 3203 5302 et
3222 5243 3291 5303 ad
3321 5241 3493 5301 vitam
3516 5260 3583 5304 ac
3606 5240 3738 5321 pie-

2101 5342 2275 5394 tatem
2299 5328 2507 5391 reduci
2532 5347 2545 5391 :
2576 5328 2652 5388 ita
2677 5334 3012 5391 conversari
3041 5329 3350 5404 debemus,
3373 5338 3437 5391 ut
3467 5330 3583 5391 (ide
3605 5328 3742 5389 sub-

2100 5421 2507 5483 ministremns
2532 5420 2830 5492 virtutem,
2853 5429 2911 5483 et
2939 5438 3043 5500 per
3067 5422 3218 5481 banc
3241 5426 3391 5480 viam
3410 5419 3747 5499 gradiamur

2091 5512 2164 5574 ad
2192 5527 2417 5593 promm
2432 5509 2631 5572 ionem
2653 5509 2715 5572 in
2741 5509 2982 5591 pietate,
3007 5509 3199 5571 donec
3215 5509 3289 5571 ad
3305 5508 3596 5571 bonorum
3611 5526 3744 5588 per-

2090 5600 2590 5682 t‘ectionem,quaa
2604 5608 2693 5662 est
2708 5596 3751 5680 dilectio,veniamus.Divinazautem
