4192 6212
454 300 572 374 583

1590 302 1999 373 (ECUMENII
2042 298 2338 371 TRICCE
2383 302 2720 373 EPISCOPI

3718 305 3837 372 584

458 449 688 504 naturae
718 452 1029 505 consortes
1059 443 1194 505 facti
1257 461 1463 505 sumus
1495 461 1601 524 per
1631 441 1870 503 Domini
1899 460 1967 503 ac
1998 441 2103 503 Dei

2189 444 2266 499 νοὶ
2321 444 2523 523 φύσεως
2566 445 2862 523 γεγόναμεν
2918 443 3002 500 διὰ
3043 449 3141 512 τῆς
3192 451 3284 501 τοῦ
3341 444 3526 524 Κυρίου
3566 446 3652 500 καὶ
3710 450 3840 500 Θεοῦ

455 532 792 607 adventum,
827 532 927 606 qui
960 541 1180 594 nostra:
1210 543 1435 593 natum
1495 531 1784 612 primitias
1815 531 1875 592 in
1902 530 2102 611 seipso

455 621 771 701 assumpsit
799 631 857 682 et
877 620 1235 682 assume-udo
1256 620 1667 682 sanctiticavit.
1703 617 1873 692 Quod
1906 618 1956 679 si
1979 618 2100 700 pri-

457 709 638 769 mitias
666 717 905 783 sanctae,
938 717 1135 771 sancta
1171 718 1258 770 est
1310 719 1365 770 et
1424 728 1633 770 massa.
1694 708 1879 769 Porro
1913 727 2104 770 massa

457 797 850 876 primitiarum
888 817 1002 859 non
1035 798 1148 858 alia
1181 808 1269 859 est
1299 817 1472 878 quam
1502 795 1586 858 illi
1619 817 1686 858 ex
1720 796 1935 877 quibus
1962 804 2103 859 sunt

456 884 752 965 primitiae.
786 886 1241 967 Corruptionem
1276 905 1415 949 vero
1456 905 1587 967 quae
1619 895 1708 947 est
1738 906 1771 947 a
1804 885 2105 947 mundana

454 974 936 1055 concupiscentia
957 974 1122 1051 dicit,
1153 983 1430 1056 tanquam
1464 994 1530 1036 ex
1544 973 2103 1055 corruptibilibuset

454 1067 613 1125 circa
643 1064 1055 1145 corruptibilia
1102 1064 1554 1126 consistentem.
1619 1063 1848 1124 Gradus
1902 1070 2099 1124 autem

455 1152 720 1214 traditad
748 1154 1203 1234 promotionem-
1219 1152 1475 1232 primum
1494 1151 1736 1231 quidem
1762 1151 2105 1231 fidem,quze

454 1240 902 1302 fundamentum
917 1254 1006 1304 est
1022 1260 1089 1303 ac
1106 1240 1263 1302 basis
1281 1259 1389 1303 seu
1409 1240 1762 1321 principium
1779 1239 2098 1301 bonorum.

460 1329 687 1391 Deinde
715 1330 977 1391 secundo
1034 1331 1222 1409 gradu
1255 1329 1531 1391 virtutem
1569 1329 1691 1391 sive
1730 1347 1933 1410 opera,
1965 1346 2099 1390 nam

453 1421 584 1483 sine
614 1419 707 1481 his
736 1419 885 1480 ﬁdes
928 1429 1156 1480 mortua
1215 1426 1330 1499 est,
1391 1419 1895 1499 quemadmodum
1957 1417 2105 1482 dicit

452 1508 705 1571 Jacobus
723 1507 771 1571 ε.
819 1507 955 1569 Post
985 1508 1112 1569 haec
1133 1526 1274 1569 vero
1306 1506 1579 1569 scientia.
1615 1506 1754 1578 Quae
1782 1513 1981 1568 autem
2011 1513 2100 1568 est

455 1597 632 1660 haec?
663 1597 930 1676 Cognitio
958 1606 1321 1659 secretorum
1358 1596 1461 1659 Dei
1497 1596 1932 1676 mysteriorum,
1968 1614 2099 1676 qua;

2182 529 2485 605 ἐπιδημίας,
2520 533 2776 613 ἀπαρχὴν
2832 535 2930 601 τῆς
2992 534 3250 613 ἡμετέρας
3308 533 3511 613 φύσεως
3554 533 3609 589 ἐν
3666 533 3838 607 ἑαυτῷ

2183 622 2575 692 ὑποστήσαντός
2620 644 2676 678 τε
2721 623 2807 679 καὶ
2865 624 3184 700 ἀγιὴσαντος
3247 630 3316 700 τῇ
3381 620 3705 701 προσλήψει.
3781 622 3838 678 Εἰ

2184 708 2238 766 δὲ
2284 712 2319 774 ἡ
2364 710 2586 791 ἀπαρχὴ
2630 713 2775 791 ἁγία,
2836 712 2922 767 καὶ
2975 714 3035 768 τὸ
3086 713 3318 792 φύραμα.
3364 712 3584 790 Φύραμα
3625 710 3678 765 δὲ
3735 715 3835 777 τῆς

2184 799 2436 879 ἀπαρχῆς
2464 802 2560 856 οὐκ
2587 799 2740 875 ἄλλο,
2773 800 2808 869 ἢ
2838 803 2885 856 οἱ
2915 800 2967 866 ἐξ
3008 804 3083 857 ὧν
3135 803 3170 869 ἡ
3229 801 3474 881 ἀπαρχτξ,
3534 800 3736 878 Φθοράν
3777 796 3836 854 δὲ

2184 890 2280 956 τὴν
2353 889 2459 945 ἀπὸ
2528 894 2625 956 τῆς
2683 891 2946 965 κοσμικῆς
3007 890 3304 966 ἐπιθυμίας,
3378 892 3558 970 φησὶν,
3632 891 3705 953 ὡς
3773 887 3837 944 ἐκ

2183 981 2421 1057 φθαρτῶν
2489 999 2546 1034 τε
2589 979 2676 1034 καὶ
2731 979 2847 1057 περὶ
2890 980 3089 1059 φθαρτὰ
3146 979 3517 1058 συγκειμένης.
3593 978 3833 1052 Βαθμοὺς

2183 1065 2237 1122 δὲ
2292 1069 2389 1133 τῆς
2460 1072 2736 1146 προκοπῆς
2812 1067 3108 1142 ἐπίσταται,
3183 1069 3400 1148 πρώτην
3468 1068 3565 1136 τὴν
3631 1069 3829 1141 πίστιν,

2182 1154 2302 1221 ἥτις
2352 1154 2594 1231 θεμέλιός
2661 1154 2771 1211 ἐστι
2840 1161 2948 1212 τῶν
3010 1156 3220 1234 ἀγαθῶν
3271 1159 3358 1213 καὶ
3413 1158 3632 1235 κρηπίς.
3692 1155 3833 1213 Εἶτα

2182 1241 2419 1323 δεύτερον
2460 1246 2682 1321 βαθμὸν,
2729 1245 2826 1313 τὴν
2870 1245 3086 1324 ἀρετὴν,
3160 1244 3276 1313 ἤτοι
3330 1247 3396 1303 τά
3452 1244 3600 1325 ἔργα,
3664 1244 3833 1322 Χωρὶς

2183 1334 2282 1412 γὰρ
2323 1334 2524 1390 τούτων
2566 1335 2601 1401 ἡ
2631 1335 2804 1399 πίστις
2836 1335 3014 1414 νεκρὰ,
3072 1336 3143 1400 ὡς
3174 1333 3424 1416 Ἰάκωϐός
3467 1356 3644 1416 φησιν,
3709 1332 3831 1390 Ἐπὶ

2182 1423 2383 1485 τούτοις
2413 1425 2447 1491 ἡ
2496 1429 2712 1501 γνῶσις.
2773 1423 2859 1489 Τίς
2912 1421 2967 1479 δὲ
3024 1422 3204 1503 αὕτης
3269 1414 3331 1479 Ἠ
3388 1414 3495 1480 τῶν
3549 1429 3642 1479 τοῦ
3698 1419 3832 1477 Θεοῦ

2184 1510 2496 1590 ἀποκρύφων
2553 1512 2852 1591 μυστηρίων
2918 1510 3147 1591 εἴδησις,
3192 1515 3310 1583 ἥτις
3368 1511 3427 1569 οὒ
3483 1518 3559 1587 τῷ
3611 1511 3828 1589 τυχόντι

2180 1600 2545 1679 παραγίνεται,
2603 1599 2740 1656 ἀλλά
2792 1607 2870 1675 τῷ
2951 1598 3018 1656 δι’
3100 1599 3267 1679 ἔργων
3335 1600 3646 1678 κρειττόνων
3727 1597 3828 1664 τὴν

2527 1647 2545 1680 9

453 1705 571 1748 non
604 1685 790 1747 cuivis
819 1685 1130 1762 contingit,
1155 1686 1256 1747 sed
1284 1684 1602 1746 exercitato
1647 1685 1707 1745 in
1736 1683 1937 1745 habitu
1963 1702 2093 1746 me-

2177 1687 2280 1753 ἔξιν
2338 1688 2774 1768 γεγυμνασμένῳ.
2834 1688 2955 1746 Ἐπὶ
3008 1689 3210 1752 τούτοις
3268 1690 3303 1757 ἡ
3357 1688 3663 1766 ἐγκράτεια.
3726 1696 3824 1741 Δεῖ

452 1776 666 1838 liorum
699 1793 970 1857 operum.
1007 1777 1143 1836 Post
1175 1775 1299 1835 haec
1331 1782 1419 1835 est
1474 1772 1886 1853 temperantia.
1944 1771 2093 1835 Nam

453 1872 510 1927 et
544 1864 653 1925 hac
685 1883 835 1943 Opus
865 1872 953 1924 est
982 1863 1039 1924 ei
1068 1863 1167 1944 qui
1197 1865 1268 1925 ad
1323 1882 1660 1926 mensuram
1697 1862 1985 1942 pervenit,
2022 1881 2096 1924 ne

450 1951 593 2015 doni
625 1952 1031 2028 magnitudine
1063 1952 1348 2016 lasciviat.
1377 1952 1518 2013 5'62
1577 1950 1867 2024 Quoniam
1896 1959 2094 2012 autem

454 2061 571 2103 non
601 2041 889 2119 contingit
920 2061 1054 2104 eum
1081 2040 1183 2121 qui
1206 2042 1437 2103 modico
1459 2050 1724 2119 tempore
1748 2040 1931 2100 utitur
1952 2048 2098 2101 tem-

454 2129 743 2212 perantia,
780 2130 1031 2192 tirmiter
1057 2130 1278 2194 donum
1315 2130 1620 2210 possidere
1645 2138 1915 2209 (semper
1936 2128 2096 2190 enim

450 2220 701 2302 cupiunt
729 2219 1081 2281 afﬂictiones
1112 2238 1241 2281 eam
1265 2237 1397 2300 qua}
1430 2238 1463 2280 a
1495 2217 1909 2299 praefocatioue
1942 2215 2093 2278 libe‘

445 2319 557 2385 rat,
586 2310 661 2373 ad
681 2310 736 2372 id
750 2314 907 2390 quod
923 2311 1092 2390 pejus
1106 2319 1195 2372 est
1208 2310 1584 2391 perducere),
1621 2327 1684 2370 su
1694 2307 2001 2388 bingressa
2013 2316 2097 2369 to-

447 2399 699 2462 lerantia
726 2417 851 2460 rem
881 2417 1116 2460 omnem
1134 2399 1378 2479 peragit.
1404 2408 1459 2459 et
1487 2398 1766 2477 pietatem
1788 2397 2091 2471 conciliat,

449 2487 864 2569 perfectiorem
886 2486 945 2548 in
976 2487 1161 2549 Deum
1194 2486 1613 2549 conﬁdentiam
1638 2484 1935 2547 efﬁciens:
1963 2483 2099 2546 ideo

448 2593 758 2657 quoqueex
775 2574 991 2656 pietate
1008 2574 1251 2654 quaesita
1267 2584 1356 2636 est
1386 2576 1643 2636 charitas
1655 2574 1935 2649 fraterna,
1967 2591 2099 2653 quae

448 2682 825 2745 nequaquam
839 2664 1072 2725 accedit
1085 2663 1543 2743 nisibenignitas
1554 2664 1624 2724 ad
1640 2683 1673 2723 o
1686 2687 1714 2719 ιι
1746 2663 1841 2723 nia
1860 2661 2094 2723 tribue-

445 2753 523 2815 rit
547 2752 769 2814 aditum
802 2752 1058 2832 pietatis.
1094 2751 1162 2813 Et
1187 2771 1371 2832 super
1400 2752 1599 2813 omnia
1638 2751 1926 2813 bonorum
1960 2770 2095 2811 om-

2178 1777 2279 1855 γὰρ
2331 1778 2419 1833 καὶ
2460 1778 2657 1844 ταύτης
2715 1785 2792 1852 τῷ
2845 1779 2975 1857 πρὸς
3019 1776 3210 1856 μέτρον
3262 1775 3587 1856 ἀφικομένῳ,
3635 1776 3707 1836 ὼς
3763 1772 3824 1830 ἂν

2178 1866 2256 1940 μὴ
2301 1863 2546 1943 ἐξυϐρίζοι
2576 1873 2652 1941 τῷ
2695 1866 2904 1945 μεγέθει
2933 1871 3031 1933 τῆς
3079 1863 3299 1943 δωρεᾶς.
3359 1861 3578 1931 Ἐπειδὴ
3630 1860 3687 1918 δὲ
3730 1861 3829 1918 οὒκ

2177 1952 2316 2010 ’ἐστιν
2387 1953 2470 2010 ἐπὶ
2540 1957 2724 2033 μικρὸν
2802 1955 3080 2034 χρώμενον
3154 1959 3223 2030 τῇ
3276 1952 3548 2032 ὶγκρατείᾳ
3610 1949 3824 2027 βεϐαίαν

2176 2046 2461 2109 κεκτῆσθαι
2514 2044 2614 2109 τὴν
2679 2042 2898 2121 δωρεάο,
2961 2041 3192 2123 (φιλοῦσι
3255 2044 3354 2121 γὰρ
3414 2042 3494 2097 ἀεὶ
3534 2041 3600 2096 τὰ
3653 2040 3819 2115 πάθη,

2176 2137 2268 2187 τοῦ
2322 2132 2684 2212 τατάγχοντος
2744 2131 3135 2211 ὲλευθερίσαντα
3188 2132 3275 2189 ἐπὶ
3316 2132 3377 2187 τὸ
3429 2142 3618 2211 χεῖρον
3688 2149 3823 2205 προ-

2177 2219 2439 2298 άγεσθαι),
2498 2223 2533 2289 ἡ
2584 2223 2825 2297 ὑπομονὴ
2893 2220 3234 2278 ἐπισελθοῦσα
3289 2222 3353 2277 τὸ
3422 2225 3525 2275 πᾶν
3608 2217 3820 2293 κατείρ-

2177 2330 2402 2389 γασατο,
2472 2311 2560 2366 καὶ
2613 2311 2712 2377 τὴν
2767 2307 3031 2369 εὐσέϐειαν
3088 2308 3425 2388 προεξένησε,
3498 2305 3819 2384 τελεωτέραν

2177 2397 2275 2465 τὴν
2319 2399 2392 2461 εἷς
2432 2400 2560 2455 Θεὸν
2602 2397 3013 2478 ἀπεργασαμένη
3062 2402 3396 2465 πεποίθησιν.
3457 2397 3551 2452 Διὸ
3601 2396 3688 2450 καὶ
3752 2399 3820 2469 τῇ

2180 2483 2412 2559 εὐσεϐείᾳ
2468 2488 2503 2554 ἡ
2574 2485 2882 2567 φιλαδελφία
2950 2486 3361 2565 προσεπορίσθη,
3420 2488 3514 2544 οὒκ
3583 2481 3644 2538 ἂν
3709 2482 3823 2538 ἐπι-

2178 2575 2461 2653 γενομένη,
2498 2577 2542 2631 εἶ
2571 2577 2650 2651 μὴ
2692 2581 2790 2642 τῆς
2835 2574 3095 2641 εὐσεϐείας
3137 2577 3197 2632 τὸ
3240 2576 3356 2654 περὶ
3413 2574 3584 2631 πάντα
3614 2571 3815 2648 εὐγνω-

2178 2666 2395 2738 μονικὸν
2437 2664 2727 2745 παρέσχειν
2773 2662 3035 2724 ἐπίϐασιν.
3112 2666 3209 2722 Καὶ
3253 2664 3338 2720 ἐπὶ
3376 2670 3525 2735 πᾶσι,
3573 2663 3634 2717 τὸ
3676 2660 3819 2717 πάν-

2177 2773 2283 2807 ἰον
2337 2753 2545 2831 ἀγαθῶν
2614 2753 2903 2833 πλήρωμα,
2971 2756 3006 2822 ἡ
3066 2753 3272 2832 ἀγάπη,
3345 2754 3418 2815 ὡς
3477 2749 3666 2822 Παύλῳ
3732 2750 3818 2805 καὶ

447 2842 609 2904 nium
630 2844 1128 2921 complementum
1170 2849 1258 2902 est
1293 2841 1557 2913 dilectio,
1591 2839 2093 2921 quemadmodum

2177 2846 2244 2916 σῇ
2273 2839 2519 2915 Ἀληθείᾳ
2545 2840 2716 2899 δοκεῖ.
2765 2842 2906 2909 Αὕτη
2949 2843 3048 2921 γὰρ
3088 2843 3177 2898 καὶ
3215 2844 3304 2898 τὸν
3360 2847 3450 2898 τοῦ
3510 2845 3641 2895 Θεοῦ
3671 2839 3815 2917 Υίὸν,

446 2940 505 2992 et
521 2929 810 2993 Pauloset
839 2929 1088 2993 Veritati
1105 2930 1355 2993 videtur.
1379 2928 1522 2991 Nam
1540 2929 1662 2990 haec
1682 2938 1737 2990 et
1752 2927 1856 2989 Dei
1874 2927 2089 2989 Filium

2177 2931 2259 2986 καὶ
2300 2932 2389 2986 τὸν
2430 2932 2613 2987 τούτου
2655 2931 2860 3010 Πατέρα
2914 2928 3232 3009 ἐξεϐιάσατο,
3290 2931 3381 2986 τὸν
3412 2928 3510 3004 μὲν
3539 2928 3631 2984 τὸν
3673 2925 3811 3003 ἀγα-

448 3019 702 3098 ethujus
723 3017 957 3081 Patrem
1000 3019 1208 3081 evicit:
1257 3021 1415 3081 hunc
1438 3018 1674 3100 quidem
1701 3026 1759 3077 t.t
1795 3016 1912 3078 sibi
1933 3017 2114 3093 dile-,

2177 3020 2342 3085 πητὸν
2372 3019 2529 3075 αὒτοῦ
2569 3017 2769 3100 δοῦναι,
2814 3022 2905 3076 τὸν
2957 3017 3011 3075 δὲ
3055 3020 3173 3075 Υἱὸν
3214 3021 3275 3075 τὸ
3318 3021 3457 3093 αἷμα
3506 3020 3659 3091 αὐτοῦ
3686 3014 3816 3093 ὑπὲρ

442 3116 600 3170 ctum
624 3106 835 3171 Filium
858 3106 1046 3182 daret,
1066 3107 1277 3169 Filium
1305 3125 1442 3169 vero
1474 3106 1895 3185 utsauguinem
1919 3122 2091 3167 suum

2177 3107 2325 3183 ἡμῶν
2372 3107 2582 3188 ἐκχέαι.
2636 3130 2659 3164 ι
2696 3111 2867 3167 Ταῦτα
2909 3110 3009 3187 γὰρ
3044 3109 3172 3183 ὑμῖν
3199 3108 3528 3186 ὑπάρχοντα.
3569 3129 3592 3161 ι
3641 3109 3813 3161 Ταῦτα

446 3213 553 3278 pro
568 3195 740 3258 nobis
753 3195 1105 3259 eﬂ‘underet.
1122 3194 1289 3258 «Haec
1302 3196 1458 3257 enim
1474 3214 1607 3256 cum
1623 3193 1784 3255 vobis
1808 3195 2084 3256 adsunt.)

2177 3209 2306 3253 ποτα
2340 3216 2356 3277 ;
2419 3188 2482 3252 Ἢ
2523 3198 2720 3271 πίστις,
2754 3199 2789 3266 ἡ
2846 3196 3027 3271 ἀρετὴ,
3086 3199 3119 3264 ἡ
3151 3202 3370 3274 γνῶσις,
3415 3196 3450 3262 ἡ
3479 3192 3744 3271 ὑπομονὴ,
3774 3193 3809 3259 ἡ

445 3285 726 3359 Quaenam
751 3286 879 3347 haec
898 3284 930 3345 ?
949 3284 1125 3347 Fides
1161 3285 1366 3360 virtus,
1383 3282 2084 3364 scientia,:temperantia,

2177 3282 2427 3366 εὐσέϐεια,
2470 3287 2505 3354 ἡ
2563 3284 2893 3366 φιλαδελφία,
2950 3287 2985 3353 ἡ
3039 3284 3223 3362 ἀγάπη
3259 3302 3270 3314 ·
3331 3282 3483 3339 ἅτινα
3540 3281 3600 3338 0'3
3652 3280 3811 3357 μόνον

444 3374 744 3455 patientia,
763 3376 970 3455 pietas,
993 3374 1250 3435 cbaritas
1264 3373 1953 3453 fraterna,dilectio,qu.e
1972 3392 2088 3434 non

2177 3387 2415 3452 παρεῖναι
2445 3371 2548 3448 δεῖ,
2595 3373 2730 3431 ἀλλά
2780 3376 2868 3430 καὶ
2909 3372 3236 3444 πλεονάζειν.
3290 3374 3349 3430 Εἰ
3403 3373 3503 3451 γὰρ
3558 3372 3593 3439 ἡ
3638 3391 3808 3449 παρυ-

440 3464 649 3526 adesse
667 3472 887 3525 tantum
902 3471 1155 3543 oportet,
1172 3482 1311 3524 veru
1322 3462 1563 3540 metiam
1586 3460 2088 3523 cxuberare.Nam

442 3552 495 3613 si
530 3552 843 3634 praesentia
871 3552 1132 3633 prodest,
1160 3552 1339 3614 uiulto
1365 3550 1548 3630 magis
1585 3549 1947 3612 abundantia
1963 3551 2088 3611 sive

440 3642 770 3722 opulentia.
806 3639 946 3712 Quae
974 3650 1173 3702 autem
1232 3640 1499 3720 sequitur
1558 3659 1625 3700 ex
1686 3639 1778 3700 his
1809 3639 2032 3700 utilitas
2064 3637 2089 3700 ἵ

439 3728 825 3791 Securitatem
843 3728 1065 3790 habere
1079 3729 1151 3790 ad
1165 3728 1738 3792 secundumDomini
1752 3728 2088 3791 adventum.

441 3818 586 3879 Eum
608 3836 861 3897 namque
888 3821 980 3878 cui
1005 3837 1119 3877 non
1142 3819 1355 3879 adsunt
1377 3819 1525 3893 haec,
1573 3817 1631 3877 in
1659 3817 1845 3895 gloria
1866 3817 2086 3896 judicis

446 3906 840 3979 advenientis,
864 3907 995 3966 etin
1020 3908 1257 3967 modum
1286 3907 1427 3967 solis
1452 3906 2085 3987 resplendentis,ca3ci-

346 4040 352 4045 -
449 4002 536 4056 tas
561 3994 958 4074 subsequitur.
1009 3992 1122 4056 Ubi
1147 3996 1370 4056 etiamsi
1393 4004 1635 4075 aspectu
1659 3996 1869 4063 vah-at,
1898 4013 1973 4056 ne
2002 3995 2085 4056 ita

446 4084 686 4165 quidem
712 4092 898 4162 potest
917 4083 1045 4144 sine
1068 4084 1306 4145 laesione
1341 4102 1446 4162 per
1472 4084 1745 4144 aﬂ'ectum
1780 4083 1999 4144 intueri
2026 4082 2086 4145 id

444 4172 599 4253 quod
628 4170 1172 4252 splendidissimum
1191 4180 1440 4243 est,cum
1459 4173 1709 4232 sualuce
1731 4170 2089 4251 sempermi-

2170 3463 2254 3518 σία
2296 3461 2517 3543 ὠφελεῖ,
2563 3462 2750 3520 πολλῶ
2806 3461 3007 3538 μᾶλλον
3074 3464 3109 3531 ἡ
3167 3461 3462 3538 περιουσία,
3533 3459 3622 3522 Τίς
3678 3456 3733 3514 δὲ
3772 3459 3808 3527 ἡ

2169 3548 2219 3616 ἐξ
2250 3553 2420 3608 αὐτῶν
2462 3550 2687 3630 ὠφέλεια
2721 3571 2737 3631 ;
2797 3554 2868 3609 Τὸ
2911 3549 3200 3630 παῤῥησίαν
3256 3548 3403 3630 ἔχειν
3446 3550 3520 3611 εἷς
3574 3548 3672 3614 τὴν
3720 3553 3810 3603 τοῦ

2173 3639 2355 3718 Κυρίου
2384 3636 2621 3719 δευτέραν
2675 3641 2981 3718 παρουσίαν,
3029 3646 3115 3714 Τῷ
3171 3640 3270 3719 γὰρ
3333 3639 3412 3714 μὴ
3470 3636 3653 3716 ’ἐχοντι
3676 3644 3797 3693 ταῦ·

2166 3749 2255 3802 τα,
2289 3728 2343 3784 ἐν
2398 3725 2520 3805 δόξῃ
2563 3737 2655 3787 τοῦ
2708 3735 2887 3809 κριτοῦ
2927 3731 3347 3807 παραγινομένου
3402 3728 3490 3784 καὶ
3531 3727 3603 3788 ὡς
3659 3721 3810 3791 ἡλίου

2168 3817 2660 3896 ἀπαστράπτοντος,
2706 3815 2969 3897 τύφλωσις
3021 3814 3391 3895 ἐπακολουθεῖ,
3459 3811 3652 3889 ὅπουγε
3722 3811 3810 3865 καὶ

2168 3906 2212 3960 εἰ
2254 3904 2445 3983 ἕῤῥωτο
2499 3906 2598 3973 τὴν
2653 3904 2796 3980 ὄψιν,
2833 3902 2937 3964 οὐδ’
2998 3904 3161 3970 οὕτως
3217 3904 3339 3970 ἐνῆν
3401 3902 3540 3975 αὒτῷ
3595 3900 3807 3962 ἀπαθῶς

2168 3992 2347 4070 ἐνορᾷν
2391 3995 2451 4050 τὸ
2496 3993 2890 4074 ὑπέρλαμπρον,
2945 3997 3234 4073 πεφυκότος
3295 3992 3375 4048 ἀεὶ
3416 3998 3511 4046 τοῦ
3551 3989 3683 4066 ἄγαν
3733 3994 3811 4061 τῷ

2169 4086 2301 4161 φωτὶ
2378 4081 2810 4158 ἀποστῢκϐοντος,
2878 4084 3142 4161 ἀμαυροῦν
3198 4089 3303 4138 τῶν
3388 4080 3617 4142 ἀσθενῶς
3674 4078 3806 4156 πρὸς

2170 4174 2296 4229 αὐτὸ
2364 4174 2453 4227 τὸν
2512 4171 2778 4252 ὀφθαλμὸν
2821 4169 3212 4252 ὲπερειδόντων,
3274 4169 3585 4239 Μυωπάζειν
3635 4164 3689 4221 δὲ
3743 4167 3805 4221 τὸ

444 4279 577 4322 rum
610 4258 668 4320 in
702 4260 942 4320 modum
977 4260 1328 4340 splendente
1361 4268 1555 4320 natum
1589 4259 1665 4321 sit
1696 4278 1798 4319 eos
1829 4264 2081 4321 obtene-

2177 4260 2482 4341 τυφλώττειν
2535 4259 2767 4341 εἴρηται,
2823 4262 2928 4318 ἀπὸ
3014 4268 3117 4317 τῶν
3184 4261 3286 4317 ὑπὸ
3339 4259 3439 4325 τὴν
3492 4262 3592 4334 γῆν
3660 4262 3805 4331 μυῶν

445 4349 642 4426 brare,
671 4349 773 4430 qui
801 4348 873 4409 ad
926 4348 1072 4410 illud
1124 4349 1421 4411 debilibus
1480 4348 1667 4411 oculis
1725 4348 2114 4430 innituntur”

2177 4348 2372 4429 τυφλῶν
2431 4350 2503 4411 εἷς
2547 4349 2687 4405 ἅπαν
2722 4348 3141 4410 διατελούντων,
3195 4371 3219 4403 α
3256 4349 3436 4417 Λήθην
3485 4341 3660 4400 λαϐὼν
3712 4343 3805 4399 τοῦ

449 4415 755 4510 Μυωπᾶζξιν
786 4456 922 4500 vero
947 4437 1167 4500 dictum
1202 4447 1290 4500 est
1321 4458 1423 4517 pro
1482 4437 1777 4511 caacutire,
1835 4439 1937 4495 ἀπὸ
1978 4416 2114 4495 raw]

2177 4440 2485 4517 καθαρισμοῦ
2539 4445 2645 4494 τῶν
2707 4439 2871 4498 πάλαι
2943 4443 3098 4498 αὑτοῦ
3166 4438 3453 4516 ἁμαρτιῶν.
3521 4458 3548 4490 ιι
3638 4439 3803 4491 Τοῦτο

446 4536 614 4605 μυῶν,
642 4527 699 4589 id
728 4535 835 4600 est,
864 4546 898 4588 a
919 4527 1238 4589 bufonibus
1262 4527 1369 4588 sub
1402 4537 1554 4588 terra
1585 4527 1958 4605 degentibus,
1983 4529 2083 4608 qui

2177 4525 2346 4602 ἷμοιον
2416 4535 2495 4603 τῷ
2563 4529 2663 4583 ὑπὸ
2729 4528 2982 4606 μακαρίου
3040 4524 3288 4583 Ἰακώϐου
3359 4523 3642 4603 εἰρημένῳ,
3698 4519 3802 4601 ὅτι,

442 4617 513 4677 ad
532 4615 728 4677 omnia
744 4619 880 4678 caeci
908 4624 1307 4696 perseverant.
1349 4639 1372 4672 (ι
1408 4613 1641 4679 Oblitus
1664 4634 1793 4677 sese
1813 4635 1847 4677 a
1867 4616 2082 4678 veteri—

2177 4640 2197 4671 ι
2246 4613 2313 4672 Εἴ
2366 4639 2446 4680 τις
2479 4616 2742 4694 ἀκροατὴς
2774 4615 2932 4694 λόγου
2961 4615 3070 4672 ἐστὶ
3124 4617 3211 4672 καὶ
3277 4613 3334 4670 οὐ
3363 4611 3615 4679 ποιητὴς,
3652 4613 3802 4674 οὗτος

442 4704 551 4767 bus
580 4705 985 4785 suiSpeccatis.
1008 4728 1032 4765 ο
1063 4704 1185 4767 Hoc
1203 4705 1396 4767 simile
1420 4713 1508 4766 est
1532 4704 1615 4765 illi
1639 4704 1797 4784 quod
1836 4723 1871 4766 a
1908 4703 2080 4766 beato

2177 4704 2333 4761 ἔοικεν
2363 4703 2504 4785 ἀνδρὶ
2560 4715 2896 4764 κατανοοῦντι
2955 4705 3015 4761 τὸ
3070 4704 3353 4783 πρόσωπον
3394 4706 3492 4768 τῆς
3546 4698 3802 4778 γενέσεως

438 4793 658 4856 Jacobo
680 4792 905 4856 dictum
927 4801 1016 4856 est
1039 4814 1052 4854 :
1096 4816 1124 4853 ι
1156 4792 1366 4875 Siquis
1385 4794 1583 4856 audiat
1608 4811 1945 4855 sermonem
1969 4811 2081 4855 nec

2177 4793 2320 4851 ιῦτοῦ
2402 4794 2454 4851 ἒν
2538 4794 2797 4874 ἐσόπτρῳ.
2886 4794 3184 4860 Κατενόησε
3267 4794 3367 4871 γὰρ
3451 4790 3633 4847 ἑαυτὸν
3715 4790 3803 4844 καὶ

441 4904 576 4947 eum
607 4884 774 4946 factis
803 4885 1113 4965 exprimat,
1143 4884 1240 4946 bic
1269 4885 1479 4947 similis
1511 4892 1598 4946 est
1661 4884 1776 4944 viro
1803 4884 2080 4945 conside-

2177 4882 2384 4957 ἱπῆλθε,
2418 4885 2506 4940 καὶ
2534 4883 2720 4946 εὐθέως
2770 4882 3051 4940 ἐπελάθετο
3107 4883 3292 4943 ὁποῖος
3336 4881 3424 4948 ἦν,
3460 4902 3488 4934 ι)
3553 4879 3657 4936 Καὶ
3700 4879 3801 4955 γάρ

437 4974 590 5035 ranti
617 4974 828 5039 faciem
855 4973 1172 5035 nativitatis
1204 4992 1325 5035 suae
1353 4973 1413 5034 in
1430 4972 1695 5054 speculo.
1723 4971 2080 5035 Considera-

2177 4974 2246 5029 ιαὶ
2302 4975 2449 5038 οὗτος
2509 4972 2750 5050 ἐπιγνοὺς
2812 4972 2994 5028 ἑαυτὸν
3052 4968 3134 5028 διά
3188 4972 3280 5026 τοῦ
3354 4971 3670 5045 καθαρθῆναι
3721 4968 3800 5041 τῷ

436 5062 519 5122 vit
548 5060 702 5124 enim
735 5060 997 5142 seipsum
1035 5070 1092 5123 et
1147 5060 1315 5140 abiit,
1375 5062 1686 5143 statimque
1745 5059 1961 5122 oblitus
1991 5067 2082 5122 est

2177 5063 2294 5140 ἱγίῳ
2308 5063 2651 5139 βαπτίσματι,
2683 5060 2765 5118 ὅτι
2796 5060 3027 5131 πλήθους
3058 5060 3327 5138 ἁμαρτιῶν
3356 5056 3663 5136 ὲξεπλύνθη,
3685 5054 3800 5112 δέον

440 5150 634 5233 qualis
664 5159 822 5213 esset
848 5150 900 5214 4.
940 5175 961 5208 ο
996 5149 1140 5213 Nam
1169 5160 1227 5212 et
1254 5152 1352 5213 hic
1380 5171 1513 5213 cum
1561 5151 1820 5231 seipsum
1852 5169 2074 5227 cognon

2177 5151 2371 5225 εἰδέναι,
2403 5150 2482 5208 ὅτι
2514 5152 2782 5231 καθαρθεὶς
2810 5152 2898 5207 καὶ
2927 5148 3186 5229 ἀγιότητα
3245 5144 3418 5226 ἔλαϐε,
3483 5148 3666 5226 νήφειν
3706 5144 3800 5200 ἵνα

437 5242 614 5302 visset
643 5259 810 5302 sacro
837 5238 1186 5321 baptismate
1220 5250 1523 5321 purgatum
1588 5240 1768 5301 fuisse
1802 5258 1814 5301 :
1878 5239 2079 5320 quia'a

2177 5240 2439 5303 ῖιαπαντὸς
2464 5244 2602 5318 τηρῇ
2629 5242 2720 5296 τὸν
2767 5240 3053 5317 ἀγιασμὸν,
3104 5240 3165 5294 οὗ
3207 5238 3373 5318 χωρὶς
3416 5233 3582 5301 οὐδεὶς
3612 5233 3800 5310 ὄψεται

438 5336 815 5410 peccatorum
848 5328 1222 5391 multitudine
1252 5330 1485 5392 ablutus
1542 5329 1749 5404 fuerat,
1783 5328 1937 5390 scire
1966 5327 2074 5390 de-

2177 5331 2248 5385 :bv
2278 5329 2458 5408 Κύριον
2490 5344 2504 5359 ’
2540 5331 2569 5385 ὁ
2592 5327 2647 5385 δὲ
2676 5326 2980 5389 ἐπελάθετο.
3623 5380 3627 5385 .

440 5417 666 5480 buisset
692 5415 849 5499 quod
882 5428 1187 5498 purgatum
1220 5426 1281 5481 et
1307 5420 1674 5482 sanctitatem
1709 5425 2092 5479 consecutum
2124 5415 2366 5498 vigilare
2395 5417 2679 5499 oportuit,
2731 5424 2797 5478 ut
2837 5415 3208 5480 sanctitatem
3245 5431 3485 5498 semper
3512 5420 3794 5493 servaret,

436 5507 563 5568 sine
592 5525 707 5588 qua
737 5525 912 5568 nemo
944 5508 1163 5571 videbit
1194 5507 1382 5572 Deum
1409 5512 1443 5560 ὅ
1477 5531 1489 5571 :
1526 5508 1626 5569 ille
1655 5526 1791 5569 vero
1826 5505 2043 5571 oblitus
2073 5515 2184 5570 est.

513 5685 540 5729 ²
563 5687 683 5751 Jac.
713 5700 778 5764 ιι,
812 5686 913 5750 26.
994 5687 1028 5737 5
1056 5686 1229 5765 Rom,
1261 5703 1385 5764 xlii,
1427 5691 1521 5754 t3.
1606 5689 1638 5738 4
1663 5687 1788 5751 Jac.
1822 5703 1864 5763 ι,
1897 5685 1999 5767 23,
2027 5684 2127 5748 24.

994 5687 1028 5737 5
1056 5686 1229 5765 Rom,
1261 5703 1385 5764 xlii,
1427 5691 1521 5754 t3.
1606 5689 1638 5738 4
1663 5687 1788 5751 Jac.
1822 5703 1864 5763 ι,
1897 5685 1999 5765 23,
2027 5684 2127 5748 24.
2212 5689 2245 5739 ὅ
2272 5683 2457 5753 Hebr.
2489 5702 2591 5764 xu,
2632 5686 2725 5753 14.
