4192 6212
256 348 405 412 -585

300 603 326 637 σ
375 583 710 668 ηαραγγελία
753 588 826 651 είς
881 586 1180 668 ὑπόμνησιν
1248 594 1348 658 τῆς
1419 588 1752 655 διδασκαλίας
1811 594 1946 668 μετὰ

371 663 497 752 sint”
517 663 812 752 ἀνάμνησιν
842 667 1031 752 αὐτοῦ,
1052 670 1140 726 καὶ
1195 668 1341 735 ὅπως
1383 669 1437 726 ἐν
1496 669 1603 751 ὄρει
1634 663 1822 752 Θαόὼρ
1849 673 1945 741 τῆς

373 751 503 802 Θεοῦ
528 747 647 824 περὶ
676 753 901 826 Χριστοῦ
930 747 1192 818 ἐπήκουσε
1221 755 1427 831 φωνῆς.
1467 774 1489 806 ι

381 866 406 900 ι
489 848 588 903 Διὸ
660 847 884 929 μᾶλλον,
988 848 1222 931 ἀδελφοὶ,
1309 849 1635 912 σπουδάσατε
1728 851 1944 932 βεϐαιαν

292 933 444 1009 ὑμῶν
499 935 688 1003 κλῆσιν
769 938 858 994 καὶ
927 935 1156 1016 ἐκλογὴν
1255 954 1547 1003 ποιεϊσται.
1620 945 1793 1000 Ταῦτα
1847 944 1946 1023 γάρ

289 1024 565 1084 ποιοῦντες
592 1028 653 1082 οὗ
706 1024 784 1099 μὴ
828 1024 1092 1092 πταίσητέ
1155 1048 1308 1088 ποτε.
1385 1027 1564 1093 Οὕτως
1607 1029 1708 1108 γὰρ
1777 1027 1946 1089 πλου-

288 1111 420 1176 σίως
477 1111 1003 1193 ἐπιχορηγηθήσεται
1099 1116 1227 1191 ὑμῖν
1299 1116 1335 1185 ἢ
1428 1114 1634 1183 εἴσοδος
1723 1120 1801 1183 εἷς
1850 1120 1948 1186 τὴν

292 1204 509 1290 αἰώνιον
574 1203 842 1281 βασιλείαν
904 1212 995 1263 τοῦ
1067 1209 1257 1287 Κυρίου
1312 1210 1468 1284 ἡμῶν
1536 1211 1625 1267 καὶ
1699 1215 1948 1290 Σωτῆρος

294 1287 477 1360 ἰησοῦ
538 1297 782 1373 Χριστοῦ.
850 1294 942 1351 Διὸ
1011 1299 1106 1355 οὒκ
1162 1295 1422 1372 ἀμελήσω
1487 1301 1624 1374 ὑμᾶς
1696 1299 1777 1355 ἀεὶ
1817 1287 1949 1356 ὑπο-

296 1385 621 1458 μιμνήσκειν
747 1385 863 1462 περὶ
970 1384 1188 1457 τούτων,
1293 1387 1480 1466 καίπερ
1563 1386 1761 1449 εἰδότας
1861 1389 1949 1444 καὶ

292 1472 709 1552 ἓστηριγμένους
767 1472 822 1530 ἐν
917 1479 986 1550 τῇ
1068 1475 1307 1553 παρούσῃ
1406 1475 1647 1549 ἀληθεία.
1738 1476 1948 1534 Δίκαιον

297 1560 360 1618 δὲ
417 1564 668 1640 ἡγοῦμαι,
728 1560 811 1641 ἔφ’
870 1560 993 1619 ὅσον
1052 1564 1156 1639 εἰμὶ
1238 1565 1292 1621 ἐν
1350 1566 1520 1639 τούτῳ
1585 1572 1662 1640 τῷ
1732 1565 1948 1633 σκηνώ-

299 1673 456 1727 ματι,
501 1649 767 1730 διεγείρειν
796 1652 933 1726 ὑμᾶς
990 1651 1045 1707 ἐν
1084 1653 1404 1733 ὑπομνήσει,
1462 1652 1609 1719 εἰδὼς
1640 1653 1721 1711 ὅτι
1751 1658 1949 1735 ταχινή

1311 357 1712 423 COMMENT.
1762 358 1846 421 IN
1892 352 2136 421 EPIST.
2184 359 2241 421 II
2283 358 2346 420 S.
2392 360 2645 423 PETRI.

929 494 1180 553 ΚΕΦΑΛ.
1213 489 1296 555 Β’,
1957 489 2004 542 Δ

3552 324 3743 419 σοι’

2667 490 2908 555 CAPUT
2946 491 3019 554 Π.

2027 588 2392 673 Adhortatio
2418 594 2498 655 ad
2527 595 2819 657 doctrinae
2845 597 3350 673 admonitionem,
3383 612 3673 660 revocan-

2104 670 2180 757 do
2211 688 2347 757 eam
2394 672 2459 734 in
2485 678 2848 757 memoriam
2876 697 2895 737 :
2925 686 2979 739 et
3008 694 3124 757 quo
3171 670 3346 739 modo
3372 682 3444 738 in
3472 679 3677 743 monte

2111 748 2347 813 Thabor
2374 755 2677 817 audiverit
2710 755 2827 818 Dei
2854 748 3049 819 vocem
3087 756 3160 819 de
3193 758 3464 821 Christo.

2107 847 2151 924 Ι,
2190 851 3263 937 10-15.Quapropter,fratres,potius
3288 873 3538 938 operam
3558 855 3674 918 da-

2028 943 2102 1017 te,
2132 946 2197 1000 ut
2229 948 2599 1004 vocationem
2649 949 2708 1006 et
2748 944 3092 1007 electionem
3139 952 3402 1009 vestram
3428 945 3678 1025 ﬁrmam

2028 1027 2333 1106 efﬁciatis.
2371 1031 2514 1093 Hac
2542 1037 2704 1093 enim
2749 1034 2805 1095 si
2858 1033 3163 1111 feceretis,
3218 1052 3339 1097 non
3390 1032 3679 1095 tabcmini

2027 1133 2317 1194 unquam.
2343 1117 2660 1200 Siquidem
2691 1121 2770 1183 ad
2802 1121 2962 1184 hunc
2991 1124 3232 1185 modum
3259 1122 3496 1185 abunde
3531 1120 3679 1184 sub-

2029 1206 2488 1270 ministrabitur
2542 1212 2708 1272 vobis
2756 1212 3042 1273 introitus
3084 1212 3164 1274 ad
3218 1219 3517 1275 aeternum
3568 1228 3677 1274 re-
3722 1254 3735 1263 ε

2029 1311 2218 1373 gnum
2250 1296 2497 1358 Domini
2535 1300 2735 1359 nostri
2773 1305 2833 1360 et
2872 1298 3212 1362 Saluatoris
3240 1299 3387 1362 Jesu
3419 1298 3676 1365 Christi.

2031 1380 2418 1464 Quapropter
2446 1385 2610 1448 haud
2639 1387 2938 1467 negligam
2990 1405 3091 1451 vos
3137 1405 3374 1470 semper
3413 1405 3680 1451 commo-

2031 1486 2174 1532 nere
2200 1472 2271 1534 de
2297 1473 2414 1549 his,
2446 1480 2689 1536 tametsi
2715 1477 2926 1539 sciatis
2956 1482 3018 1538 et
3044 1476 3393 1558 conﬁrmati
3434 1477 3569 1542 sitis
3616 1478 3684 1539 in

2029 1567 2312 1639 praesenti
2338 1569 2613 1626 veritate.
2642 1565 2927 1627 Attamen
2953 1568 3180 1645 justum
3200 1565 3471 1629 arbitror
3490 1583 3684 1647 quan-

2032 1648 2139 1709 diu
2183 1667 2317 1712 sum
2378 1652 2442 1713 in
2488 1653 2599 1715 hoc
2643 1653 3059 1729 tabernaculo,
3107 1655 3376 1717 excitare
3421 1671 3522 1716 vos
3571 1671 3686 1735 per

304 1737 451 1794 ἔστιν
477 1739 512 1805 ἡ
542 1738 787 1803 ἀπόθεσις
832 1740 926 1795 τοῦ
981 1740 1331 1816 σκηνώματός
1389 1764 1513 1817 μου,
1573 1744 1746 1808 καθὼς
1803 1740 1949 1799 καὶὸ

2048 1740 2589 1803 commonitionem:
2618 1759 2753 1803 cum
2773 1748 2961 1804 sciam
2997 1743 3157 1805 brevi
3184 1744 3462 1822 futurum
3494 1748 3562 1815 ut
3583 1742 3685 1805 de-

300 1829 493 1901 Κύριος
523 1828 677 1902 ἡμῶν
707 1826 911 1893 Ἰησοῦς
941 1829 1161 1906 Χριστὸς
1205 1828 1439 1901 ἐδήλωσέ
1492 1854 1605 1907 μοι.
1660 1831 1950 1889 Σπουδάσω

2048 1842 2261 1903 ponam
2286 1827 2395 1889 hoc
2425 1828 2880 1893 tabernaculum
2900 1848 3099 1893 meum
3131 1851 3144 1890 :
3177 1831 3685 1911 quemadmodum

302 1913 363 1971 δὲ
393 1917 481 1972 καὶ
508 1916 757 1973 ἑκάστοτε
786 1913 934 1995 ’ἐχειν
981 1917 1114 1992 ὑμᾶς
1158 1919 1291 1993 μετὰ
1332 1921 1430 1987 τὴν
1477 1920 1612 1997 ἐμὴν
1643 1919 1815 1987 ἔξοδον
1855 1921 1955 1987 τὴν

303 2005 509 2063 τούτων
536 2004 718 2082 μνείαν
746 2007 1013 2061 ποιεῖσθαι
1046 2028 1103 2068 ι,

395 2183 511 2262 Διὸ,
557 2183 710 2263 φησὶ,
745 2179 968 2258 μᾶλλον,
1016 2179 1229 2261 ἀδελφοί
1284 2206 1404 2263 μου,
1440 2183 1765 2242 σπουδάσατε
1798 2187 1955 2262 μόνι-

302 2294 412 2348 μον
464 2272 553 2328 καὶ
607 2272 991 2347 ἀμετακίνητον
1059 2268 1346 2336 δεικνύντες
1398 2274 1494 2342 τὴν
1556 2273 1744 2342 κλῆσίν
1812 2276 1958 2350 ὑμῶν

307 2362 401 2418 καὶ
445 2359 697 2440 ἐκλογὴν,
760 2359 1017 2437 τουτέστι,
1064 2361 1155 2416 τὸν
1224 2365 1596 2442 κατηχητικὸν
1655 2363 1837 2442 λόγον,
1898 2363 1957 2419 ’ὃν

306 2451 455 2530 παρὰ
496 2450 595 2517 τὴν
662 2447 889 2527 ἒκλογὴν
960 2449 1105 2523 ὑμῶν
1149 2449 1407 2517 ἠκούσατε
1437 2454 1525 2509 καὶ
1589 2452 1686 2520 τήν
1741 2452 1954 2527 κλησιν,

304 2539 660 2606 ἀνεπίληπτοι
690 2539 854 2613 εἶναι,
898 2536 991 2593 ’ἕνα
1035 2538 1113 2613 μὴ
1155 2541 1228 2604 ὡς
1271 2539 1678 2616 ἐπιλελησμένοι
1720 2541 1817 2609 τῆς
1848 2540 1957 2598 δω-

311 2635 439 2710 ρεᾶς
466 2634 561 2685 τοῦ
631 2635 762 2686 Θεοῦ
809 2630 1044 2708 κριθῆτε,
1117 2626 1253 2686 ἀλλὰ
1326 2631 1539 2705 μείνητε
1596 2627 1809 2707 βεϐαίαν
1861 2627 1961 2697 τὴν

2036 1921 2092 1974 et
2124 1913 2418 1978 Dominus
2446 1928 2655 1979 noster
2679 1916 2855 1980 Jesus
2886 1919 3163 1982 Christus
3185 1920 3550 2001 signiﬁcavit
3574 1921 3684 1982 mi-

2034 2001 2119 2065 hi.
2155 2004 2323 2066 Dabo
2350 2011 2550 2068 autem
2580 2023 2824 2085 Operam
2848 2013 2905 2067 et
2932 2024 3167 2087 semper
3187 2008 3410 2070 habere
3430 2025 3534 2071 vos
3546 2013 3686 2093 post

2035 2109 2233 2154 meum
2254 2096 2507 2169 exitum,
2538 2104 2607 2156 ut
2628 2094 2843 2158 horum
2868 2098 3093 2159 mentio
3118 2096 3251 2177 ﬁat.

2121 2181 2514 2263 Quapropter,
2548 2183 2763 2264 inquit,
2797 2184 3013 2248 fratres
3046 2185 3328 2259 mei,date
3360 2205 3465 2248 vos
3490 2185 3686 2268 potius

2040 2289 2305 2353 operam,
2341 2281 2405 2331 ut
2436 2282 2884 2352 permanentem
2917 2281 3092 2354 atque
3120 2273 3552 2337 immutabilem
3582 2293 3684 2337 os-

2044 2360 2299 2424 tendatis
2327 2369 2580 2423 vestram
2631 2363 3000 2424 Vocationem
3051 2372 3110 2425 et
3157 2363 3538 2443 electionem,
3573 2364 3685 2435 hoc

2040 2458 2149 2522 est,
2208 2467 2545 2510 sermonem
2602 2449 3009 2512 instructionis
3092 2459 3305 2513 vestrae
3379 2471 3560 2533 quem
3610 2451 3686 2516 ad

2042 2537 2393 2599 electionem
2417 2557 2486 2599 ac
2518 2539 2884 2599 vocationem
2918 2550 3169 2601 vestram
3201 2540 3473 2616 audistis,
3512 2549 3578 2602 ut
3603 2540 3687 2604 ir-

2042 2625 2547 2707 reprebensibiles
2577 2626 2704 2687 sitis
2735 2644 2748 2689 :
2782 2647 2855 2688 ne
2888 2632 3057 2709 quasi
3087 2628 3356 2691 muneris
3388 2629 3494 2692 Dei
3516 2628 3689 2694 obliti

309 2718 506 2787 κλῆσιν
561 2719 709 2793 ὑμῶν
778 2719 1022 2797 ἔχοντες.
1096 2735 1123 2775 ε
1181 2725 1354 2774 Ταῦτα
1420 2719 1520 2798 γὰρ
1572 2726 1869 2784 ποιοῦντες.
1930 2742 1953 2776 ιι

2048 2714 2412 2795 iudicemini,
2450 2715 2554 2776 sed
2587 2715 2884 2795 persistite
2918 2716 3150 2778 ﬁrmam
3182 2716 3472 2780 habentes
3502 2737 3688 2789 voca-

309 2807 514 2880 Ταῦτα,
572 2819 752 2886 ποτα;
798 2807 876 2864 Τὰ
949 2808 1323 2885 προειρημένα,
1398 2808 1516 2864 οἷον
1585 2808 1684 2875 τὴν
1742 2807 1954 2888 ἀρετὰν,

2048 2804 2264 2865 tionem
2301 2814 2586 2866 vestram.
2616 2826 2638 2860 ιι
2674 2803 2806 2867 Haec
2841 2806 3002 2867 enim
3034 2806 3081 2868 si
3114 2806 3398 2869 feceritis.
3450 2831 3472 2864 ι
3509 2805 3687 2881 Quaa-

314 2897 417 2965 ‘tr'w
470 2902 686 2976 γνῶσιν,
755 2896 855 2963 τὴν
910 2897 1237 2975 ἐγκράτειαν,
1302 2899 1389 2953 καὶ
1445 2898 1511 2952 τὰ
1565 2895 1686 2964 ἑξῆς
1737 2898 1956 2958 τούτων,

2048 2892 2354 2965 nam‘?Quaz
2366 2894 3035 2976 prmdictasuntmempe
3047 2896 3684 2974 virtutem,scientiam,

316 2986 515 3042 Σκόπει
547 2984 601 3040 δὲ
631 2991 744 3048 πῶς
813 2986 1065 3065 πρότερον
1108 2984 1213 3041 ἀπὸ
1283 2987 1389 3042 τῶν
1459 2982 1693 3066 φοϐερῶν
1736 3008 1958 3065 προτρε-

2048 2984 2492 3060 temperantiam
2527 2991 2583 3043 et
2608 2994 2817 3044 caetera
2849 3003 2979 3064 quae
3008 2994 3361 3066 sequuntur.
3403 2985 3691 3053 Animad-

316 3075 555 3150 ψάμενος
584 3080 677 3130 τοῦ
737 3073 978 3149 βήματος
1047 3083 1139 3132 τοῦ
1188 3079 1389 3154 κριτοῦ,
1448 3065 1535 3130 νῦν
1588 3075 1677 3130 καὶ
1726 3073 1832 3130 ἀπὸ
1859 3077 1958 3130 τῶν

2048 3079 2205 3131 verte
2234 3078 2427 3130 autem
2461 3071 2756 3151 quomodo
2792 3073 3061 3134 ordinato
3097 3065 3270 3154 prius
3317 3073 3388 3135 ab
3434 3075 3526 3155 his
3556 3092 3689 3156 qua

318 3164 531 3242 ἀγαθῶν
572 3162 920 3242 προτρέπεται
948 3166 1049 3229 τῆς
1118 3160 1317 3219 ε’ίσόδου
1357 3162 1457 3229 τῆς
1500 3164 1572 3227 είς
1616 3163 1715 3231 τὴν
1735 3163 1958 3244 *αἰώνιον

2048 3157 2440 3221 furmidabilia
2469 3170 2633 3221 erant
2647 3160 2870 3240 judiris
2890 3162 3358 3233 tribunali,nunc
3381 3164 3556 3225 etiam
3583 3181 3691 3244 per

316 3249 591 3330 βασιλείαν
618 3241 710 3307 τοῦ
770 3251 970 3329 Κυρίου.
1032 3273 1058 3305 ιι
1106 3251 1306 3330 Καίπερ
1363 3247 1585 3314 εἰδότας.
1626 3273 1649 3309 ο
1732 3241 1855 3309 "Iv:
1886 3253 1958 3328 μὴ

2048 3249 2195 3309 bona
2220 3249 2417 3325 dirigit
2439 3249 2745 3311 introitum
2764 3249 2834 3310 ad
2851 3260 3140 3313 aeternum
3159 3252 3394 3315 Domini
3413 3241 3657 3330 regnum
3672 3298 3686 3313 .

318 3338 509 3406 δόξωσι
566 3345 805 3419 συνεχῶς
888 3339 1437 3416 ἀναμιμνησκόμενοι,
1471 3341 1589 3419 περὶ
1644 3347 1752 3397 τῶν
1794 3340 1958 3397 αὒτῶν

2051 3362 2076 3391 ‹‹
2109 3336 2367 3397 Tametsi
2400 3338 2620 3398 sciatis.
2656 3363 2681 3391 ι)
2717 3339 2853 3397 554
2887 3337 2970 3399 Ne
3022 3339 3094 3400 de
3145 3340 3370 3410 eisdem
3405 3340 3690 3407 continue

325 3432 403 3494 ὡς
487 3428 543 3485 ἒν
596 3428 749 3508 ἀργίᾳ
806 3428 946 3484 εἶναι
1001 3426 1451 3507 κατεγνωσμένοι,
1510 3431 1598 3485 καὶ
1665 3427 1958 3505 λυπηθοῐπι,

2048 3425 2354 3486 videantur
2400 3426 2731 3497 admoneri,
2789 3436 3060 3507 tanquam
3113 3428 3409 3508 redarguti
3443 3428 3597 3509 quod
3627 3428 3691 3490 in

315 3519 506 3575 τούτου
549 3517 709 3597 χάριν
779 3516 1017 3595 ἐπήγαγε
1060 3518 1145 3589 τὸ,
1190 3517 1389 3596 Καίπερ
1430 3515 1632 3582 εἰδότας
1685 3520 1773 3575 καὶ
1802 3517 1958 3584 ἐστη-

2049 3513 2166 3575 otio
2196 3514 2366 3574 vitam
2403 3515 2705 3592 degant,et
2739 3519 2816 3576 ita
2845 3518 3475 3596 contristentur,huju_s
3503 3517 3695 3594 gratia

322 3605 603 3688 ριγμένους
629 3604 683 3662 ἒν
711 3612 781 3683 τῇ
838 3627 1079 3684 παρουσῃ
1132 3604 1373 3678 ἀληθείᾳ.
1435 3607 1611 3661 Λῖτίαν
1677 3604 1732 3662 δὲ
1775 3603 1958 3662 ἀποδι-

2048 3601 2680 3681 subjungilzTametsi
2739 3603 2941 3664 sciatis
2994 3612 3052 3664 et
3094 3605 3422 3666 conﬁrmati
3471 3605 3602 3666 sitis
3631 3605 3695 3667 in

318 3698 441 3757 δούς
483 3695 581 3761 τῆς
622 3700 877 3774 συνεχοῦς
925 3694 1300 3768 ὑπομνήσεως,
1367 3693 1605 3773 ἐπήγαγε
1661 3696 1748 3768 τὸ,
1781 3691 1958 3750 εἰδέναι

2050 3700 2328 3770 praesenti
2361 3692 2480 3752 veri
2491 3693 2884 3754 tate.Causam
2900 3700 3094 3753 autem
3117 3692 3376 3754 reddens
3392 3692 3696 3756 continuat

318 3796 554 3865 ταχεῖαν
607 3782 813 3840 ἔσεσθαι
858 3782 957 3850 τὴν
988 3784 1145 3842 αὖτοῦ
1172 3782 1276 3839 ἀπὸ
1332 3791 1427 3841 τοῦ
1484 3782 1729 3858 σώματος
1783 3784 1958 3839 τούτου

2060 3779 2810 3859 admonitionis,subjunxit
2834 3781 2988 3861 quod
3020 3781 3200 3842 sciret
3227 3780 3388 3843 brevi
3440 3783 3695 3844 futuram

319 3871 666 3949 ἀπαλλαγὴν,
754 3873 827 3928 Τὸ
918 3869 973 3926 δὲ
1038 3869 1441 3951 ἐπιφερόμενον,
1530 3870 1672 3949 λέγω
1726 3869 1781 3927 δὲ
1862 3875 1922 3928 τὸ

2061 3888 2191 3933 esse
2220 3871 2647 3932 absolutionem
2672 3872 2741 3933 ab
2777 3872 2885 3933 hoc
2902 3890 3006 3932 suo
3031 3871 3477 3951 corpore.Quod
3500 3882 3697 3934 autem

324 3984 356 4017 α
392 3957 681 4017 Σπουδάσω
709 3957 764 4016 δὲ
795 3960 883 4017 καὶ
913 3960 1048 4035 μετὰ
1092 3961 1188 4027 τὴν
1257 3960 1395 4036 ἐμὴν
1451 3958 1624 4025 ἔξοδυν
1667 3958 1816 4040 ἔχειν
1845 3962 1958 4035 ὑμᾶς

2059 3959 2821 4039 subinfertur,puta:«Dabo
2851 3969 3044 4023 autem
3060 3980 3299 4041 operam
3315 3970 3372 4023 et
3394 3981 3695 4043 semper,»

319 4050 604 4122 ἑκάστοτε,
643 4071 668 4107 ι
713 4047 976 4128 τουτέστι,
1022 4048 1138 4106 καθ’
1198 4050 1425 4115 ἑκάστην
1479 4050 1568 4105 καὶ
1596 4047 1848 4116 διηνεκῶς
1879 4051 1958 4117 τὴε

2063 4048 2331 4109 nonnulli
2365 4068 2470 4129 per
2514 4048 2875 4129 hyperbaton
2926 4050 3265 4129 intelligunt
3307 4051 3421 4112 hoc
3468 4049 3647 4112 modo
3682 4070 3698 4111 :

318 4140 525 4197 τούτων
582 4138 827 4214 μνήμην,
907 4136 1182 4215 βούλονται
1266 4142 1521 4217 παριστᾷν
1592 4137 1697 4194 ἀπὸ
1764 4140 1958 4214 ’τούτου1

2062 4137 2220 4201 Dabo
2264 4147 2457 4199 autem
2508 4156 2747 4217 operam
2795 4146 2852 4199 et
2903 4147 3032 4219 post
3077 4158 3271 4201 meum
3317 4140 3565 4220 exitum,
3598 4157 3706 4202 vos

322 4228 410 4286 ὅτι
437 4228 526 4285 καὶ
582 4228 717 4304 μετά
769 4228 990 4283 θάνατον
1048 4229 1096 4283 οἱ
1149 4226 1292 4305 ἅγιοι
1348 4227 1658 4307 μέμνηνται.
1685 4233 1792 4283 τῶν
1847 4225 1958 4304 τῇδι

2061 4228 2279 4288 habere
2298 4246 2418 4288 sem
2429 4245 2530 4307 per
2541 4227 2663 4288 sive
2687 4227 2879 4288 indies
2893 4237 2950 4289 et
2966 4228 3244 4290 continue
3260 4229 3468 4291 horum
3487 4247 3707 4290 memo-

324 4318 417 4374 καὶ
474 4312 846 4396 πρεσϐεύουσιν
912 4315 1042 4393 ὑπὲρ
1097 4320 1204 4370 τῶν
1299 4314 1531 4385 ζώντων.
1623 4304 1823 4373 ’Ἄλλοι
1920 4314 1958 4372 δί

2060 4316 2243 4376 riam:
2273 4304 2531 4377 videntes
2562 4334 2631 4377 ex
2669 4316 2782 4376 hoc
2805 4316 3144 4391 ostendere,
3176 4317 3330 4397 quod
3366 4316 3542 4379 etiam
3574 4323 3708 4396 post

323 4406 479 4468 ἀπῶς
537 4403 1029 4484 μεταχειριζόμενοι
1124 4405 1187 4460 τὸ
1286 4404 1469 4481 ῥητὸν,
1554 4402 1692 4461 οὕτω
1747 4406 1958 4461 νοοῦσιί

2061 4413 2306 4465 mortem
2357 4405 2546 4466 sancti
2599 4422 2804 4464 eorum
2861 4405 3262 4466 meminerunt
3313 4423 3444 4485 quae
3475 4404 3570 4466 hic
3600 4422 3705 4484 pro

326 4490 623 4551 Σπουδάσω
678 4490 734 4549 δὲ
787 4494 876 4550 καὶ
960 4492 1210 4550 ἑκάστοτε
1265 4490 1415 4571 ἔχειν
1500 4492 1638 4567 ὑμᾶς
1693 4496 1827 4569 μετα
1879 4494 1958 4561 τὴε

2061 4492 2385 4553 viventibus
2419 4491 2943 4572 perfecerunt.Alii
2995 4511 3132 4553 vero
3181 4492 3536 4573 simpliciter
3585 4500 3705 4554 tra-

318 4582 467 4659 ὶμὴν
495 4580 693 4663 ἔξοδον,
723 4582 823 4649 τὴν
865 4580 1064 4638 τούτων
1124 4582 1344 4657 μνήμην
1408 4584 1698 4644 ποιεῖσθαι.
1734 4583 1958 4639 Τουτέστ

2064 4590 2287 4642 ctantes
2318 4580 2462 4641 illud
2497 4580 2742 4653 dictum,
2773 4582 2852 4641 ita
2890 4581 3262 4660 intelligunt:
3302 4581 3466 4643 Dabo
3506 4590 3707 4643 autem

325 4673 407 4748 μὴ
435 4672 746 4747 θαυμάζετε,
780 4669 914 4746 μηδέ
964 4671 1097 4750 βαρὺ
1126 4672 1347 4749 ἡγεῖσθε
1388 4672 1488 4737 την
1546 4669 1802 4752 ἐνδελεχῆ
1862 4692 1958 4751 περ

2064 4689 2303 4751 operam
2339 4679 2397 4730 et
2417 4688 2656 4750 semper
2680 4670 2902 4731 habere
2933 4685 3035 4730 vos
3067 4677 3193 4747 post
3251 4688 3447 4730 meum
3479 4668 3706 4730 exitum

326 4765 437 4817 τῶν
490 4760 665 4816 αὒτῶν
715 4761 844 4835 ὑμῖν
924 4758 1302 4838 καταγγελίαν.
1389 4758 1461 4816 Οὔ
1529 4759 1629 4838 γὰρ
1696 4761 1958 4838 κατάγνω·

2066 4770 2127 4820 ut
2162 4761 2369 4820 horum
2404 4759 2626 4820 mentio
2657 4758 2757 4819 ﬁat
2782 4780 2793 4816 :
2818 4760 2926 4819 hoc
2957 4767 3151 4831 est,ne
3183 4756 3711 4839 miremini,neque

337 4871 420 4906 σιν
463 4850 611 4925 ὑμῶν
642 4848 890 4925 ἀμαθείας
933 4846 1078 4930 ἔχων
1117 4858 1273 4906 τοῦτο
1315 4852 1474 4923 ποιῶ,
1536 4846 1671 4904 ἀλλὰ
1713 4854 1780 4925 τῇ
1850 4872 1977 4906 συν-

310 4942 487 5021 ἐχείᾳ
536 4943 639 5008 τῆς
692 4943 810 5019 περὶ
865 4943 1065 4999 τούτων
1129 4938 1484 5016 διδασκαλίας,
1580 4937 1811 5016 ἔμμονον
1890 4932 1979 4997 καὶ

327 5027 717 5103 ἀμετακίνητον
771 5032 898 5106 ὑμῖν
969 5030 1252 5110 ἐργάζομαι
1331 5029 1430 5096 τὴν
1498 5029 1700 5085 τούτων
1754 5028 1976 5096 ἀντίλη-

329 5122 448 5192 ψιν,
478 5118 553 5181 ὣς
606 5115 693 5190 ἂν,
747 5118 949 5181 τούτοις
1004 5114 1400 5195 βεϐαιωθέντες,
1472 5115 1640 5197 ἔχητε
1700 5118 1785 5173 καὶ
1844 5119 1977 5193 μετὰ

328 5206 428 5271 τὴν
461 5205 597 5281 ἐμὴν
645 5203 933 5264 ἀποϐίωσιν
989 5206 1165 5287 ’ἔνηχα
1220 5208 1308 5264 καὶ
1366 5205 1708 5272 ἀνεξάλειπτα
1754 5207 1819 5262 τὰ
1861 5207 1978 5287 περὶ

330 5294 532 5351 τούτων
563 5291 878 5375 διδάγματα.

417 5406 447 5439 ε
510 5386 582 5442 οὗ
634 5384 735 5463 γὰρ
791 5386 1190 5466 σεσοςρισμένοις
1261 5385 1438 5462 μύθοις
1523 5381 1978 5455 ὶΞακολουθήσαν-

330 5492 419 5537 τες
472 5470 842 5552 ’ἐγνωρίσαμεν
893 5475 1023 5551 ὑμῖν
1076 5476 1177 5544 τὴν
1260 5480 1351 5530 τοῦ
1411 5472 1598 5551 Κυρίου
1653 5474 1807 5548 ἡμῶν
1863 5471 1979 5541 Ἰη-

334 5564 429 5620 eo?)
510 5569 737 5643 Χριστοῦ
799 5562 1012 5641 δύναμιν
1107 5568 1196 5624 καὶ
1275 5562 1583 5645 παρουσίαν,
1681 5562 1799 5620 ἀλλ’
1880 5565 1980 5622 ἑπ-

779 5734 1036 5798 Ριτιιοι.
1084 5738 1195 5799 Gn.
1218 5826 1219 5829 η
1242 5733 1449 5798 CXIX.

2062 4867 2294 4927 gravem
2328 4848 2556 4908 ducatis
2578 4846 2877 4908 assiduam
2901 4847 2976 4909 de
2998 4846 3089 4908 his
3116 4846 3247 4908 ﬁeri
3269 4845 3435 4907 vobis
3465 4854 3713 4909 mentio-

2062 4936 2358 5000 nem.Non
2375 4936 2531 4997 enim
2552 4936 2961 4997 condemnans
2985 4935 3311 4999 ruditatem
3324 4944 3574 4997 vestram
3599 4936 3713 4999 hoc

2062 5029 2233 5100 facio,
2258 5027 2361 5089 sed
2390 5046 2494 5107 per
2528 5026 2867 5088 continuam
2892 5028 2966 5088 de
2985 5027 3076 5088 his
3103 5027 3462 5102 doctrinam,
3498 5045 3711 5108 perse-

2060 5135 2272 5178 verans
2285 5124 2342 5176 et
2359 5112 2664 5176 immobile
2681 5115 3114 5177 vobisexhibeo
3128 5115 3336 5176 horum
3351 5114 3710 5193 subsidium,

2061 5217 2123 5267 ut
2152 5205 2243 5265 his
2275 5204 2636 5279 conﬁrmati,
2666 5203 2934 5265 habeatis
2963 5206 3144 5268 etiam
3178 5214 3311 5286 post
3350 5223 3550 5267 meum
3605 5204 3714 5268 ob-

2061 5295 2203 5355 itum
2241 5293 2422 5353 vivam
2455 5311 2523 5354 ac
2554 5292 2942 5355 indelebilem
2993 5294 3066 5356 de
3088 5294 3183 5355 his
3208 5293 3573 5357 doctrinam-

2142 5381 2366 5458 1,16-‘2l
2387 5380 2540 5445 .Non
2566 5382 2728 5443 enim
2753 5391 2884 5444 arte
2901 5386 3259 5465 compositas
3278 5383 3523 5461 fabulas
3541 5399 3715 5447 secu-

2067 5477 2351 5549 ti,notam
2376 5470 2540 5535 vobis
2559 5472 2814 5550 fecimus
2837 5473 3090 5536 Domini
3109 5474 3306 5536 nostri
3326 5471 3472 5536 Jesu
3490 5473 3720 5538 Christi

2063 5565 2351 5625 virtutem
2380 5569 2437 5624 et
2466 5561 2788 5625 adventum
2838 5561 2942 5626 sed
2991 5566 3098 5644 qui
3138 5563 3325 5629 oculis
3349 5564 3575 5626 nostris
3608 5578 3745 5639 ass,

3230 5733 3297 5796 l9
