4192 6212
332 358 339 364 ο
360 311 482 378 589

1398 314 1793 379 COMMENT.
1842 311 1921 373 IN
1968 306 2211 375 EPIST.
2258 313 2313 373 ΙΙ
2357 314 2416 374 S.
2471 309 2724 374 PETRI.

3626 304 3744 373 590

364 449 558 525 μένων,
608 448 642 505 ἃ
683 450 771 507 καὶ
799 450 1000 528 ἡμέραν
1042 448 1284 526 ἐκάλεσε,
1330 456 1507 531 σοφῶς
1535 448 1665 528 ἂγαν
1708 453 1776 524 τῇ
1841 443 2012 525 τροπῇ

2097 443 2587 521 appellavit,scite
2607 444 2929 507 admodum
2946 444 3185 524 intropo
3206 441 3749 524 permanens.Dixit

361 537 661 612 ἐπιμεινας,
735 540 867 607 (εἰπε
918 539 1017 618 γὰρ
1068 538 1267 619 λύχνον
1299 540 1385 595 καὶ
1487 538 1649 595 τόπον
1699 536 2002 615 αὒχμηρὸν,

354 629 476 695 ἦτοι
505 624 719 706 ζοφώδη
761 629 848 684 καὶ
877 630 1168 698 σκοτεινὸν,
1202 627 1369 706 ὅσπερ
1441 629 1530 683 καὶ
1597 629 1631 695 ἡ
1690 624 1773 690 νύξ
1843 621 2003 701 ἐστι.)

362 715 521 771 Νυκτὶ
576 710 630 768 δὲ
686 714 834 789 πάσῃ
883 713 1059 794 ημέρα
1129 713 1477 772 ἐπακολουθεῖ
1510 732 1523 744 '
1602 706 1830 792 Ἡμέρας
1893 713 2003 782 οὖν,

358 803 513 881 φησὶ,
573 802 1023 883 παραγινομένης,
1140 808 1236 870 τῆς
1296 804 1404 860 τῶν
1459 802 1786 880 πραγμάτων
1870 798 2009 876 λέγω

356 890 670 969 παρουσίας,
700 889 839 957 ἕξετε
885 893 977 948 τὸν
1026 893 1309 972 φωσφόρον
1365 890 1714 947 ἀνατέλλοντα
1765 889 1819 945 ἐν
1889 899 2009 948 ταῖς

360 977 595 1058 καρδίαις
649 982 819 1055 ὑμῶν.
880 980 1171 1058 (τουτέστι,
1231 980 1329 1047 τὴν
1376 985 1468 1036 τοῦ
1516 977 1738 1058 Χριστοῦ
1791 981 2006 1054 γνῶσιν,

366 1067 489 1136 ἢτοι
557 1068 658 1135 τὴν
721 1070 1008 1148 παρουσίαν
1079 1067 1239 1125 αὐτοῦ
1305 1091 1405 1129 την
1474 1064 2013 1146 προχατηγγελμένην

370 1158 472 1214 δπὸ
498 1160 604 1214 τῶν
631 1156 973 1238 προφτ,τῶν,)
1002 1157 1089 1213 καὶ
1116 1159 1188 1221 ὡς
1236 1162 1346 1235 φῶς
1403 1155 1593 1222 ἀληθὲς
1651 1156 1746 1218 τὰς
1802 1151 2012 1231 καρδίας

366 1247 516 1322 ὑμῶν
571 1245 1022 1325 ἐλλαμπρύνοντα.
1116 1245 1255 1302 Εἶτα
1325 1244 1510 1322 ἐπάγει
1571 1241 2010 1320 ἐπεξηγούμενος,

365 1331 454 1390 διὰ
493 1335 544 1391 τί
571 1336 619 1391 οἱ
644 1339 911 1415 προφῆται
985 1334 1052 1390 τὰ
1091 1332 1177 1390 ὑπ’
1239 1338 1410 1392 αὒτῶν
1452 1332 1700 1411 εἰρημένα
1755 1332 1856 1409 οὔχ
1912 1330 2013 1407 ἡρ-

367 1426 661 1499 μήνευσαν,
695 1422 804 1498 ἅμα
877 1421 932 1479 δὲ
982 1423 1069 1479 καὶ
1122 1420 1367 1502 διακρίνει
1423 1423 1523 1489 την
1565 1420 1738 1488 ἀληθῆ
1796 1440 2011 1497 προφη-

363 1512 510 1568 τείαν
578 1518 685 1577 τῶς
738 1508 1108 1588 δαιμονιώδους
1167 1514 1254 1567 καὶ
1309 1509 1577 1582 πλαστῆς,
1647 1507 1764 1576 ἥτις
1820 1508 1908 1564 καὶ
1959 1506 2011 1561 ἐν

2092 531 2250 591 enim
2267 533 2567 595 lucernam
2584 543 2639 594 et
2657 534 2853 594 locum
2870 534 3190 593 obscurum
3213 531 3335 593 sive
3357 530 3742 611 caliginosum

2090 638 2157 680 ac
2173 622 2741 702 tenebrosum,quod
2768 633 2825 682 et
2844 641 2953 682 nox
2979 632 3091 682 est.
3124 621 3327 682 Cuivis
3357 630 3555 684 autem
3582 618 3743 681 nocti

2090 710 2356 772 succedit
2389 712 2539 772 dies.
2590 710 2695 772 Die
2726 711 2923 790 itaque
2966 710 3286 773 accedente
3338 710 3560 790 (rerum
3605 710 3740 771 dico

2091 800 2795 880 praesentiamjhabebitis
2811 800 2981 861 Lucil
2982 819 3147 861 erum
3167 800 3228 860 in
3239 799 3520 861 cordibus
3531 798 3743 861 vestris

2092 888 2500 951 exorientem:
2538 891 2650 950 hoc
2695 897 2803 963 est,
2861 888 3076 952 Christi
3139 888 3560 969 cognitionem,
3614 888 3738 950 sive

2093 976 2275 1055 ipsius
2309 978 2681 1056 praesentiam
2715 996 2783 1039 ac
2816 977 3129 1038 adventum
3162 995 3195 1037 a
3241 976 3543 1057 prophetis
3588 995 3741 1058 prte-

2096 1065 2451 1147 nuntiatum,
2487 1076 2544 1128 et
2576 1076 2852 1145 tanquam
2888 1084 3083 1127 veram
3118 1066 3309 1127 lucem
3342 1066 3520 1128 corda
3550 1074 3741 1127 vestra

2096 1150 2510 1215 illustrantem.
2560 1154 2786 1215 Deinde
2831 1153 3163 1215 enarranda
3210 1152 3513 1232 subjungit
3562 1172 3746 1235 quare

2097 1258 2221 1319 pro,
2251 1241 2401 1303 betae
2422 1260 2527 1303 sua
2550 1243 2704 1304 dicta
2720 1261 2835 1303 non
2860 1241 3078 1303 fuerint
3118 1241 3487 1322 interpretati
3519 1264 3534 1303 ;
3561 1242 3738 1304 simul

2094 1338 2289 1391 autem
2305 1332 2589 1392 discernit
2611 1351 2844 1412 quoque
2866 1350 3059 1392 veram
3082 1331 3448 1412 prophetiam
3474 1350 3508 1391 a
3526 1332 3743 1393 daamoo

2095 1421 2262 1479 niaca
2284 1430 2339 1479 et
2362 1421 2516 1496 ﬁcta,
2543 1440 2674 1501 quae
2710 1420 2769 1481 in
2804 1420 3100 1481 haareticis
3141 1419 3373 1498 operari
3400 1420 3741 1501 deprehen-

2095 1505 2274 1581 ditur,
2309 1518 2366 1570 et
2397 1508 2495 1569 ait:
2512 1533 2537 1564 α
2565 1508 2776 1570 Omnis
2800 1511 3148 1590 prophetica
3170 1506 3473 1589 Scriptura
3493 1511 3745 1590 propria;

364 1613 485 1664 τοῖς
528 1602 813 1680 αἱρετικοτς
862 1599 1143 1679 ἐνεργοῦσα
1211 1595 1695 1674 καταλαμϐάνεται,
1755 1597 1844 1652 καί
1898 1618 2009 1675 φη-

2097 1597 2216 1659 sive
2245 1599 2476 1677 privata:
2498 1620 2613 1661 non
2638 1609 2724 1661 est
2748 1600 3276 1680 interpretationis.
3294 1599 3451 1661 nHoc
3474 1609 3584 1675 est,
3611 1619 3743 1681 pro-

366 1712 477 1762 σιν,
507 1659 594 1744 «ἷὶτιι
627 1712 649 1742 ιι
689 1695 835 1744 Πᾶσα
891 1659 1183 1767 προφητεία
1241 1659 1475 1767 Γραφῆῡς,
1536 1684 1665 1749 ἰδίας
1723 1659 2008 1747 ἐπιλύσεως

2097 1659 2352 1766 pheliam
2372 1659 2613 1768 qdidéﬁi
2641 1659 3586 1769 aVDeovacbipiunt'prephetaeﬁi
3612 1659 3736 1753 2.3.1

367 1778 429 1835 οὔ
472 1779 694 1857 γίνεται,
731 1801 758 1832 ι
803 1776 1093 1851 τουτέστιν,
1138 1775 1219 1832 ὅτι
1269 1773 1590 1851 λαμϐάνωσι
1622 1776 1719 1851 μὲν
1747 1774 1851 1831 ἀπὸ
1882 1778 2012 1829 Θεοῦ

2097 1783 2156 1836 ιιι
2185 1775 2267 1835 illi
2301 1777 2518 1849 volunt,
2555 1777 2659 1838 sed
2684 1776 3094 1837 sicutdivinus
3134 1775 3387 1854 Spiritus
3416 1778 3577 1857 ipsos
3609 1798 3739 1839 m0-

368 1870 417 1925 οῑ
457 1868 723 1946 προφῆται
767 1867 865 1933 τὴν
936 1865 1281 1945 προφητείαν,
1359 1863 1481 1921 ἀλλ’
1541 1867 1645 1943 οὐχ
1687 1865 1761 1927 ὡς
1815 1863 2011 1917 ἐκεῖνοι

2097 1863 2282 1924 vendo
2300 1874 2612 1944 operatur:
2643 1875 2695 1926 et
2719 1874 3008 1926 noverunt
3033 1884 3175 1926 sane
3215 1884 3283 1926 ac
3325 1865 3743 1929 intellexerunt

367 1955 667 2034 βούλονται,
726 1953 846 2011 ἀλλ’
903 1957 977 2017 ὡς
1029 1956 1090 2010 τὸ
1157 1954 1332 2011 κινοῦν
1388 1954 1568 2019 αὐτούς
1623 1956 1766 2009 θεῖον
1810 1950 2012 2029 ἐνεργεῖ

2097 1952 2417 2014 demissum
2449 1953 2521 2014 ad
2558 1955 2718 2032 ipsos
2746 1952 3155 2033 propheticum
3189 1971 3554 2027 sermonem,
3589 1963 3741 2016 atta-

369 2051 602 2120 Πνεῦμα.
667 2044 765 2101 Καὶ
822 2040 1016 2118 ᾔδεσαν
1070 2042 1167 2118 μὲν
1224 2044 1312 2099 καὶ
1396 2042 1630 2099 συνίεσαν
1699 2042 1789 2097 τὸν
1842 2061 2011 2095 κατα-

2106 2060 2240 2103 ιηοη
2273 2041 2457 2121 ipsius
2490 2043 3030 2122 interpretationem
3065 2060 3180 2103 non
3229 2041 3541 2107 faciebant.
3574 2044 3742 2117 Quod

365 2134 711 2211 πεμπόμενον
766 2134 949 2197 αὐτοῖς
1059 2132 1386 2211 προφητικὸν
1443 2130 1628 2209 λόγον,
1713 2134 1773 2189 οὗ
1838 2129 2016 2204 μέντοι

2103 2139 2298 2191 autem
2335 2132 2635 2211 propheta:
2667 2130 2864 2191 divino
2889 2132 3001 2191 acti
3029 2129 3250 2210 Spiritu
3286 2141 3572 2193 noverunt
3600 2138 3745 2214 quo-

361 2226 453 2280 καὶ
494 2224 588 2291 τὴν
630 2219 864 2278 ἐπίλυσιν
921 2222 1080 2278 αὐτου
1146 2220 1436 2281 ἐποιοῦντο.
1509 2223 1606 2280 Καὶ
1674 2219 1755 2276 ὅτι
1813 2223 1860 2276 οἱ
1916 2219 2020 2275 ἀπὸ

361 2314 503 2370 θείου
572 2311 939 2390 ἐνεργούμενοι
999 2311 1298 2387 Πνεύματος
1356 2314 1623 2390 προφῆται
1677 2307 1869 2386 ⁴ᾔδεσαν
1939 2310 2013 2372 ὡς

362 2403 471 2459 ἑιπὸ
502 2409 636 2458 Θεοῦ
689 2399 1093 2476 καταπέμπεται
1149 2402 1179 2456 ὁ
1247 2399 1403 2478 λόγος
1458 2400 1665 2478 αὖτοῖς,
1725 2396 1891 2465 δῆλον
1922 2398 2011 2478 ἀφ’

364 2495 442 2548 ὧν
484 2491 693 2553 ἑκόντες
765 2490 1077 2569 ὑπούργουν,
1139 2491 1228 2546 καὶ
1254 2490 1285 2545 ’ὁ
1357 2488 1417 2545 ἂν
1468 2486 1653 2556 ἤθεϐον
1710 2488 1950 2560 ἐλάλουν,
1983 2488 2012 2543 ὃ

364 2578 422 2635 δὲ
473 2584 551 2655 μὴ
611 2577 821 2657 ἤθελον,
899 2577 1150 2634 ἐπιώπων
1181 2595 1196 2610 ⁸
1281 2580 1354 2638 ὡς
1440 2575 1621 2639 Ἰωνᾶς
1651 2580 1678 2633 ὁ
1733 2579 2010 2658 προφήτης

366 2668 784 2747 παραιτούμενος
836 2668 897 2721 τὸ
951 2667 1198 2745 κήρυγμα
1239 2672 1337 2732 τῆς
1382 2670 1562 2724 Νινευί
1613 2686 1627 2699 ·
1675 2667 1761 2721 καὶ
1818 2669 1844 2721 ὁ
1900 2674 2009 2722 Βα-

368 2753 517 2828 λαὰμ
570 2750 1068 2832 παραγγελλόμενος
1159 2752 1389 2820 λαλῆσαι
1476 2754 1540 2808 τὰ
1611 2750 2013 2827 ύποϐαλλόμενα

367 2842 533 2917 αύτῷ,
570 2843 629 2899 οὒ
660 2842 768 2916 μὴν
796 2843 884 2897 καὶ
933 2842 979 2897 οἱ
1041 2839 1491 2921 χευδοπροφῆται,
1560 2842 1595 2909 ἣ
1635 2842 1702 2897 τὰ
1744 2840 2014 2910 Ἐλλήνων

368 2945 626 3007 μαντεῖα.
680 2934 752 2989 0'3
805 2931 905 3010 γὰρ
956 2928 1171 3010 ᾔδεσαν,
1228 2931 1282 2987 ἐν
1350 2937 1427 3004 τῷ
1480 2930 1821 3008 ἐνεργεῖσθαι,
1880 2928 2016 2986 ἀλλὰ

2106 2220 2276 2281 modo
2296 2238 2329 2280 a
2358 2220 2478 2281 Deo
2508 2218 2803 2281 demissus
2833 2220 2909 2280 sit
2939 2219 3009 2280 ad
3028 2237 3130 2280 eos
3158 2218 3511 2299 Spiritus,ex
3539 2241 3608 2283 eo
3626 2240 3748 2283 ma-

2104 2308 2377 2368 nifestum
2408 2316 2496 2371 est
2524 2310 2676 2389 quod
2705 2307 2961 2367 ultronei
2996 2307 3618 2384 subministrabanl,et
3650 2311 3741 2371 lo-

2097 2396 2428 2477 quebantur
2457 2397 2611 2476 quod
2646 2395 2945 2470 volebant,
3006 2395 3164 2475 quod
3216 2404 3410 2457 autem
3466 2397 3745 2460 nolebant

2098 2485 2397 2548 tacebant:
2423 2484 2926 2566 quemadmodum
2952 2486 3133 2544 Jonas
3146 2485 3432 2565 propheta
3462 2505 3747 2549 recusans

2096 2574 2419 2654 praedicare
2447 2575 2503 2633 in
2539 2573 2743 2634 Ninive
2766 2574 2831 2632 8:
2858 2581 2916 2633 et
2938 2572 3175 2634 Balaam
3197 2573 3230 2623 9
3256 2592 3321 2635 ea
3356 2574 3515 2655 loqui
3542 2576 3748 2655 jussus

2095 2681 2225 2743 qua“:
2253 2662 2367 2722 sibi
2411 2660 3119 2741 suggererentur.Vcrum
3168 2662 3223 2722 id
3275 2682 3391 2724 non
3449 2664 3748 2726 habebant

2097 2751 2625 2832 pseudoprophetze
2673 2762 2774 2812 aut
2823 2750 3164 2814 Grmcorum
3196 2751 3468 2814 vaticinia
3501 2771 3514 2815 :
3552 2773 3747 2835 neque

2099 2841 2254 2901 enim
2290 2842 2721 2918 cognoscebant
2750 2842 2888 2901 dum
2926 2839 3314 2918 agitarentur,
3363 2842 3465 2903 sed
3520 2844 3748 2905 insania

2096 2929 2382 2989 vecordes
2436 2930 2651 3002 ell‘ecti,
2687 2928 3038 3008 ignorabant
3088 2929 3226 3008 quid
3274 2929 3387 2991 sibi
3418 2931 3739 3013 accideret,

366 3020 528 3097 μανία
583 3019 853 3098 γινόμενοι
911 3020 1204 3098 παράφοροι
1258 3018 1485 3098 ῆγτόουν
1540 3020 1569 3075 ὃ
1619 3018 1888 3099 ἒπασχον,
1943 3021 2012 3081 ὡς

2099 3025 2375 3098 tanquam
2392 3017 2559 3079 ebrii.
2573 3016 2771 3079 Sancti
2788 3018 2984 3098 itaque
2998 3019 3564 3097 prophetw,veteres
3583 3020 3740 3096 dico,

367 3111 415 3166 οἱ
446 3109 742 3185 μεθύοντες.
780 3110 840 3167 Οἱ
898 3107 1077 3183 μέντοι
1147 3106 1286 3185 ἅγιοι
1348 3112 1632 3187 προφῆται,
1695 3110 1740 3164 οἰ
1798 3106 2014 3166 παλαιοί

366 3221 535 3279 φημι,
566 3198 755 3277 καίπερ
785 3195 1003 3277 εἰδότες,
1046 3201 1105 3256 οὔ
1158 3198 1342 3277 χρείαν
1372 3197 1533 3277 εἶχον
1599 3196 1881 3279 ἐμηνεύειν
1948 3200 2013 3254 τὰ

363 3277 455 3344 ὕπ’
515 3277 709 3366 αύτῶν,
793 3283 913 3342 ἀλλ’
998 3284 1191 3365 ἔτέροις
1247 3283 1521 3353 διηκόνουν
1571 3293 1756 3345 ταῦτα.
1823 3277 2009 3366 (Ἠμϊν

545 3364 704 3451 υΑμα
731 3373 788 3431 δὲ
845 3377 930 3431 καὶ
979 3364 1092 3431 ’ἕνα
1124 3374 1353 3451 λανθάνῃ
1396 3376 1430 3443 ἡ
1486 3384 1578 3433 τοῦ
1634 3364 1841 3455 Κυρίου.
1875 3396 2014 3454 παρ-

368 3465 542 3542 ουσία,
600 3466 687 3520 καὶ
744 3464 822 3539 μὴ
908 3460 1308 3531 ἐπιϐουλεύηται
1394 3465 1523 3540 πρὸς
1608 3470 1712 3519 τῶν
1788 3462 2012 3525 ἀσεϐῶν.

367 3550 849 3628 Ἐπιϐουλευομένη
920 3553 1017 3628 μὲν
1115 3553 1215 3631 γὰρ
1271 3550 1495 3621 ἠδύνατο
1584 3553 1671 3610 καὶ
1727 3550 2014 3631 διδράσκειν

367 3639 454 3697 διὰ
507 3641 604 3709 τῆς
659 3638 1018 3720 νυπερόλήτου
1079 3649 1171 3697 τοῦ
1220 3641 1350 3698 Θεοῦ
1408 3639 1697 3716 δυνάμεως.
1758 3639 1905 3697 Ἀλλ’
1932 3643 2012 3697 εὶ-

366 3732 487 3805 κὸς,
534 3728 695 3787 ἔνίοτε
738 3728 821 3787 διὰ
848 3727 1153 3809 παραδόξων
1202 3736 1300 3798 τῆς
1332 3731 1608 3811 ἀποφυγῆς
1665 3728 2009 3805 τελουμένης,

364 3820 438 3884 ὡς
497 3815 785 3897 τερατωδες
829 3816 967 3884 ἔδοξε
1010 3822 1072 3876 τὸ
1139 3818 1451 3896 τελούμενον
1520 3819 1616 3887 τῆς
1673 3818 2012 3898 ἐνανθρωπή-

365 3931 529 3973 σεως.
565 3912 661 3968 Καὶ
720 3909 800 3967 ὅτι
860 3911 1054 3979 ἀληθῖς
1098 3919 1271 3982 τοῦτο,
1332 3909 1491 3979 δῆλον
1533 3911 1639 3967 ἀπὸ
1682 3912 1785 3968 τῶν
1837 3911 1892 3967 ἐν
1946 3918 2014 3988 τῇ

365 3998 475 4071 Νέᾳ
517 4021 586 4077 πρ
598 4006 824 4079 >φητῶν,
871 3999 924 4056 0'2'
958 4002 1045 4056 καὶ
1077 4000 1392 4079 ἦρμήνευον,
1452 3998 1664 4061 ἑαυτοὺς
1722 4000 2013 4078 προφητεύ-

364 4111 537 4166 οντες,
571 4092 614 4147 ei
673 4091 762 4147 καὶ
845 4091 1078 4170 πάντως,
1139 4091 1212 4153 ὡς
1272 4087 1478 4151 Παῦλος
1537 4091 1564 4144 ὁ
1634 4092 1776 4152 θεῖος
1835 4090 1888 4145 ἐν
1943 4097 2011 4166 τῇ

363 4181 500 4258 πρὸς
554 4179 847 4257 Κορινθίους
945 4179 1130 4258 πρώτῃ
1184 4179 1363 4257 φησίν.
1446 4178 1518 4233 Οὔ
1596 4178 1696 4255 γὰρ
1752 4182 1816 4246 ῆν
1872 4182 2010 4243 τινὸς

2095 3126 2426 3188 quanquam
2474 3107 2894 3185 intelligerent,
2952 3124 3068 3165 non
3116 3115 3307 3167 tamen
3364 3108 3743 3190 interpretari

2094 3196 2570 3276 debueruntquee
2593 3195 3123 3276 praedixerunt.sed
3152 3196 3275 3256 haee
3292 3197 3425 3257 aliis
3448 3198 3736 3260 ministra-

2100 3282 2258 3359 bant,
2287 3293 2421 3365 puta
2440 3285 2632 3346 nobis.
2663 3282 2846 3345 Simul
2875 3301 3111 3362 quoque
3146 3295 3207 3345 ut
3264 3284 3475 3347 lateret
3504 3285 3740 3348 Domini

2098 3372 2522 3452 adventus,nec
2555 3381 2901 3453 pararentur
2932 3372 3014 3432 illi
3051 3372 3282 3433 insidia
3311 3374 3383 3434 ab
3410 3374 3736 3454 impiis.Si-

2098 3460 2336 3539 quidem
2358 3461 2531 3521 etiam
2554 3460 3099 3539 msidiis.appet|tus
3127 3469 3354 3539 poterat
3380 3462 3621 3541 quidem
3646 3468 3742 3524 in-

2097 3548 2418 3628 superabili
2449 3548 2554 3609 Dei
2574 3548 2838 3628 potentia
2861 3549 3154 3625 eﬂ‘ugere:
3184 3549 3285 3608 sed
3316 3549 3636 3611 verisimile
3654 3560 3747 3613 cst

2097 3638 2251 3717 quod
2282 3637 2556 3699 evasione
2586 3636 2884 3697 interdum
2918 3637 3083 3696 miris
3115 3638 3308 3697 modis
3337 3638 3738 3717 contingente,

2097 3734 2371 3806 tanquam
2407 3724 2904 3806 prodigiosefacta
2927 3726 3746 3805 apparuissetincarnatio.Et

2096 3818 2248 3894 quod
2275 3817 2386 3875 hoc
2421 3833 2628 3875 verum
2682 3814 2758 3873 sit
2805 3832 2872 3874 ex
2910 3813 3213 3893 propbatis
3262 3823 3507 3895 apparet
3548 3815 3649 3896 qui
3682 3817 3741 3876 in

2094 3902 2252 3964 Novo
2284 3903 2448 3964 fuere
2480 3902 2880 3973 Testamento,
2913 3903 3014 3981 qui
3046 3907 3226 3963 etiam
3253 3903 3741 3984 interpretaban-

2097 4001 2191 4052 tur
2228 3992 2458 4070 seipsos
2499 3994 2638 4053 dum
2686 3992 3135 4071 prophetarent,
3171 4011 3505 4073 quanquam
3534 4013 3650 4055 non
3682 3995 3743 4056 in

2097 4081 2396 4161 omnibus,
2429 4078 2930 4161 quemadmodum
2954 4080 3124 4142 divus
3156 4079 3374 4142 Paulus
3420 4083 3618 4162 priore
3670 4084 3742 4144 ad

2096 4171 2438 4232 Corinthios
2492 4169 2750 4249 Epistula
2796 4168 2932 4228 5:57
2980 4167 3125 4229 dicit
3175 4170 3253 4246 10;
3299 4190 3415 4233 non
3450 4173 3606 4233 enim
3642 4173 3747 4233 hu-

364 4257 607 4324 τοιούτου
637 4268 833 4343 ὑποψία
883 4268 935 4324 ἐν
992 4257 1065 4345 τῇ
1121 4267 1234 4340 νέᾳ.
1299 4265 1462 4324 Ἀλλὰ
1513 4269 1601 4323 καὶ
1670 4266 1751 4323 ὅτι
1815 4273 1908 4328 οὐκ
1938 4268 2014 4334 ἐξ·

2097 4259 2354 4340 jusmodi
2386 4259 2579 4338 aliqua
2609 4257 2870 4336 suspicio
2904 4266 3028 4319 erat
3072 4259 3131 4319 in
3182 4278 3330 4321 novo
3364 4268 3739 4324 testamento.

368 4357 639 4432 ιστάμενοι
737 4358 784 4414 οἳ
860 4362 1130 4437 προφῆται
1218 4354 1628 4435 ἐχρησμῴδουν,
1713 4354 1872 4424 δῆλον
1927 4360 2015 4415 καὶ

2099 4352 2390 4412 Praeterea
2411 4347 2565 4427 quod
2601 4364 2715 4405 non
2739 4346 2896 4426 rapti
2916 4355 3083 4437 extra
3110 4366 3175 4407 se
3206 4349 3511 4428 prophetae
3540 4351 3741 4411 vatici-

366 4467 529 4504 τουτο
538 4492 552 4507 ο

457 4532 544 4598 Ἐξ
626 4533 741 4599 ἐνὸς
798 4533 897 4613 γὰρ
952 4534 1254 4609 πνεύματος
1330 4532 1764 4613 προφητευόντων
1805 4538 1911 4588 τῶν
1966 4532 2018 4588 ἐν

371 4628 444 4699 τῇ
476 4621 684 4695 Παλαιᾷ
709 4624 797 4679 καὶ
837 4628 907 4694 τῇ
940 4621 1067 4695 Νέᾳ,
1100 4623 1258 4702 φησὶν
1302 4625 1330 4678 ὃ
1374 4620 1577 4685 Παῦλος
1605 4637 1618 4651 ⁹
1653 4620 1777 4679 Ἐὰν
1806 4619 1859 4677 δὲ
1890 4621 2019 4679 ἀπο-

370 4709 611 4790 καλυφθῇ
655 4710 801 4786 ἄλλῳ
855 4711 1161 4787 καθημένῳ,
1197 4714 1225 4767 ὁ
1290 4717 1495 4790 πρῶτος
1562 4711 1783 4789 σιγάτω.
1845 4713 2016 4792 Σαφὲς

373 4800 474 4878 γὰρ
517 4800 577 4856 ἐκ
605 4801 790 4858 τούτου
841 4798 921 4856 ὅτι
979 4799 1035 4856 ἐν
1091 4806 1168 4874 τῷ
1234 4801 1369 4856 κατὰ
1435 4800 1584 4878 φύσιν
1643 4800 1910 4874 ἱστάμενοι
1971 4804 2018 4857 οἱ

371 4893 638 4968 προφῆται
697 4891 783 4946 καὶ
857 4888 1139 4962 συνιέντες,
1216 4887 1423 4953 ἐκόντες
1471 4888 1848 4967 προφεήτευον,
1926 4891 2017 4945 Διὸ

372 4977 462 5033 καὶ
516 4975 678 5034 ἄλλου
734 4977 1083 5051 ἆνιστάμενου
1146 4983 1239 5033 τοῦ
1299 4974 1737 5053 ἐμπνευσθέντος,
1800 4978 1828 5034 ό
1868 4986 2022 5059 πρῶ-

374 5085 466 5127 τος
521 5062 699 5122 λαλῶν
753 5071 905 5144 σιγᾷν
962 5064 1318 5144 ἐπιτρέπεται.
1395 5055 1574 5144 υΟπερ
1657 5067 1751 5122 οῦκ
1805 5062 1867 5121 Ξίν
1913 5055 2025 5124 Ὗέπὶ

375 5154 709 5230 μαινομένων
738 5153 879 5232 εὕροι
910 5176 1014 5219 τις.
1053 5160 1172 5217 Πῶς
1203 5155 1303 5233 γὰρ
1349 5155 1613 5223 σιωπήσει
1669 5157 1697 5209 ὁ
1756 5145 1884 5230 μηδ’
1914 5159 1943 5212 ὃ
1972 5179 2021 5213 τι

376 5238 471 5319 δρᾷ
500 5242 898 5323 ἐπιστάμενος;
954 5244 1053 5300 Καὶ
1095 5242 1396 5316 Πνεύματος
1454 5240 1508 5296 δὲ
1565 5242 1707 5299 εἶναι
1761 5244 2022 5324 ἐνέργειαν

376 5330 525 5407 ἁγίου
582 5331 637 5387 ἐν
700 5344 820 5396 τοῖς
873 5331 1196 5412 προφήταις,
1230 5333 1258 5386 ὁ
1315 5332 1471 5394 αὐτὸς
1569 5331 1771 5397 Παῦλος
1837 5337 2017 5415 φησὶν,

374 5418 515 5501 οὕτω
555 5418 726 5499 λέγων
760 5437 774 5450 ’
816 5440 839 5477 ι
884 5415 947 5501 ᾯ
988 5420 1087 5496 μὲν
1141 5417 1333 5475 δίδοται
1392 5418 1551 5497 λόγος
1610 5422 1789 5501 σοφίας
1867 5427 1912 5497 ᾧ
1968 5427 2022 5485 δὲ

2038 4423 2082 4472 D
2102 4448 2403 4510 narentur,
2430 4423 2504 4496 ex
2537 4454 2605 4495 eo
2638 4423 2877 4514 quoque
2896 4423 3272 4497 manifestum
3310 4423 3416 4498 est.

2180 4526 2325 4589 Nam
2344 4543 2474 4585 cum
2502 4543 2617 4583 uno
2641 4523 2848 4602 spiritu
2881 4526 3309 4604 prophetarent
3342 4526 3516 4605 quiin
3546 4525 3744 4587 Veteri

2099 4617 2476 4679 Testamento
2510 4621 2766 4684 erant,et
2804 4615 2900 4691 qui
2947 4612 3006 4673 in
3028 4612 3210 4689 Novo,
3241 4616 3387 4675 dicit
3410 4613 3745 4677 Paulus:Si

2100 4715 2295 4767 autem
2326 4703 2425 4765 alii
2456 4701 2689 4763 sedenti
2720 4702 3043 4762 revelatum
3079 4703 3279 4777 fuerit,
3316 4704 3479 4785 prior
3525 4712 3741 4768 taceat.

2100 4795 2180 4856 Ex
2215 4813 2283 4856 eu
2309 4794 2464 4854 enim
2510 4788 2882 4850 monifestum
2909 4800 2997 4852 est
3035 4794 3191 4871 quod
3230 4792 3288 4852 in
3341 4812 3447 4854 sua
3495 4792 3748 4855 naturali

2104 4881 2918 4961 consistentiapermanentes
2942 4881 3331 4960 prophetae,et
3349 4881 3748 4962 intelligentes

2108 4983 2316 5056 spnnte
2341 4968 2792 5053 prophetabanl.
2830 4967 2968 5030 Ideo
3002 4970 3177 5030 etiam
3210 4971 3324 5032 alio
3345 4981 3625 5047 surgente
3656 4973 3750 5035 cui

2106 5065 2456 5145 inspiratum
2474 5058 2690 5138 est,qui
2712 5057 2873 5138 prior
2903 5059 3271 5139 loquebatur,
3310 5070 3508 5122 tacere
3532 5062 3750 5142 praeci-

2109 5155 2303 5236 pitur:
2336 5151 2494 5234 quod
2528 5149 2585 5209 in
2619 5148 2856 5209 furiosis
2884 5149 3386 5211 vatibusinvenire
3420 5170 3595 5212 nemo
3620 5170 3753 5232 pos-

2104 5241 2529 5316 set.Quomodo
2563 5238 2722 5299 enim
2756 5238 2969 5299 tacebit
3000 5239 3048 5298 is
3081 5239 3180 5319 qui
3214 5258 3289 5301 re
3319 5241 3480 5301 novit
3511 5240 3752 5320 quidem

2106 5334 2246 5415 quid
2290 5328 2618 5415 operetur?
2665 5327 2867 5389 Sancti
2898 5347 3133 5408 quoque
3173 5329 3430 5410 Spiritus
3451 5328 3750 5404 energiam

2106 5442 2238 5487 esse
2271 5424 2331 5485 in
2384 5419 2690 5503 prophetis
2717 5417 2843 5500 ipse
2879 5419 3093 5480 l'aulus
3126 5418 3287 5493 dicit,
3324 5419 3404 5480 ita
3452 5418 3703 5501 loquens
3740 5435 3752 5480 :

459 5587 492 5639 8
518 5584 708 5667 Ιοιιο,
744 5606 785 5671 ι,
820 5588 855 5652 3
938 5588 972 5639 9
1001 5586 1182 5654 Num.
1213 5604 1359 5671 xm,
1400 5587 1491 5652 t3.
1580 5588 1638 5640 ίο
1667 5590 1690 5652 l
1724 5590 1857 5653 Cor.
1891 5613 2014 5679 xiv,
2044 5597 2148 5659 St.
