  <div class='ocr_page' id='page_1' title='image "/cluster/home/n/w/nwhite01/storage/ocr_20150623/119/hvd.32044073502494/303.png"; bbox 0 0 4192 6212; ppageno 0'>
   <div class='ocr_carea' id='block_1_1' title="bbox 529 297 2186 374">
    <p class='ocr_par' dir='ltr' id='par_1_1' title="bbox 529 302 2186 374">
     <span class='ocr_line' id='line_1_1' title="bbox 529 302 2186 374; baseline -0.005 -1"><span class='ocrx_word' id='word_1_1' title='bbox 529 307 639 374; x_wconf 70' lang='grc'><strong>591</strong></span> <span class='ocrx_word' id='word_1_2' title='bbox 1657 304 2071 372; x_wconf 60' lang='grc' dir='ltr'><strong>ΈΟΗΜΕΝΙΙ</strong></span> <span class='ocrx_word' id='word_1_3' title='bbox 2115 302 2186 364; x_wconf 81' lang='lat' dir='ltr'><strong>Ti</strong></span> 
     </span>
    </p>
   </div>
   <div class='ocr_carea' id='block_1_2' title="bbox 2270 297 3904 374">
    <p class='ocr_par' dir='ltr' id='par_1_2' title="bbox 2270 297 3904 368">
     <span class='ocr_line' id='line_1_2' title="bbox 2270 297 3904 368; baseline 0 -4"><span class='ocrx_word' id='word_1_4' title='bbox 2270 301 2410 365; x_wconf 72' lang='lat' dir='ltr'><strong>301E</strong></span> <span class='ocrx_word' id='word_1_5' title='bbox 2447 303 2780 368; x_wconf 83' lang='lat' dir='ltr'><strong>EPISCOPI</strong></span> <span class='ocrx_word' id='word_1_6' title='bbox 3787 297 3904 364; x_wconf 75' lang='lat'><strong>592</strong></span> 
     </span>
    </p>
   </div>
   <div class='ocr_carea' id='block_1_3' title="bbox 536 435 2186 522">
    <p class='ocr_par' dir='ltr' id='par_1_3' title="bbox 536 437 2186 522">
     <span class='ocr_line' id='line_1_3' title="bbox 536 437 2186 522; baseline -0.005 -20"><span class='ocrx_word' id='word_1_7' title='bbox 536 463 558 496; x_wconf 77' lang='grc' dir='ltr'><strong>ι</strong></span> <span class='ocrx_word' id='word_1_8' title='bbox 595 437 746 503; x_wconf 81' lang='lat' dir='ltr'><strong>Huic</strong></span> <span class='ocrx_word' id='word_1_9' title='bbox 770 439 1012 522; x_wconf 78' lang='lat' dir='ltr'><strong>quidem</strong></span> <span class='ocrx_word' id='word_1_10' title='bbox 1060 439 1231 503; x_wconf 91' lang='lat' dir='ltr'><strong>datur</strong></span> <span class='ocrx_word' id='word_1_11' title='bbox 1273 457 1471 502; x_wconf 81' lang='lat' dir='ltr'><strong>sermo</strong></span> <span class='ocrx_word' id='word_1_12' title='bbox 1517 438 1840 518; x_wconf 76' lang='lat' dir='ltr'><strong>sapientiae,</strong></span> <span class='ocrx_word' id='word_1_13' title='bbox 1893 437 1995 499; x_wconf 83' lang='lat' dir='ltr'><strong>alii</strong></span> <span class='ocrx_word' id='word_1_14' title='bbox 2023 451 2186 498; x_wconf 52' lang='lat' dir='ltr'><strong>veros</strong></span> 
     </span>
    </p>
   </div>
   <div class='ocr_carea' id='block_1_4' title="bbox 2270 435 3892 522">
    <p class='ocr_par' dir='ltr' id='par_1_4' title="bbox 2270 435 3892 522">
     <span class='ocr_line' id='line_1_4' title="bbox 2270 435 3892 522; baseline 0 -30"><span class='ocrx_word' id='word_1_15' title='bbox 2270 439 2583 517; x_wconf 65' lang='grc' dir='ltr'>προφητείας.</span> <span class='ocrx_word' id='word_1_16' title='bbox 2643 463 2668 493; x_wconf 77' lang='grc' dir='ltr'><strong>ιι</strong></span> <span class='ocrx_word' id='word_1_17' title='bbox 2742 439 2906 498; x_wconf 82' lang='grc' dir='ltr'><strong>Ἀλλᾶ</strong></span> <span class='ocrx_word' id='word_1_18' title='bbox 2980 442 3068 498; x_wconf 85' lang='grc' dir='ltr'><strong>καὶ</strong></span> <span class='ocrx_word' id='word_1_19' title='bbox 3141 442 3292 502; x_wconf 77' lang='grc' dir='ltr'>οὗτος</span> <span class='ocrx_word' id='word_1_20' title='bbox 3369 435 3453 494; x_wconf 77' lang='grc' dir='ltr'>διὰ</span> <span class='ocrx_word' id='word_1_21' title='bbox 3507 435 3892 522; x_wconf 65' lang='grc' dir='ltr'>προκειμένων,</span> 
     </span>
    </p>
   </div>
   <div class='ocr_carea' id='block_1_5' title="bbox 529 517 2186 609">
    <p class='ocr_par' dir='ltr' id='par_1_5' title="bbox 529 517 2178 609">
     <span class='ocr_line' id='line_1_5' title="bbox 529 517 2178 609; baseline -0.002 -19"><span class='ocrx_word' id='word_1_22' title='bbox 529 546 726 591; x_wconf 83' lang='lat' dir='ltr'><strong>sermo</strong></span> <span class='ocrx_word' id='word_1_23' title='bbox 751 517 1075 609; x_wconf 64' lang='lat' dir='ltr'><strong>prophetia:</strong></span> <span class='ocrx_word' id='word_1_24' title='bbox 1097 531 1215 592; x_wconf 77' lang='grc' dir='ltr'><strong>Η.»</strong></span> <span class='ocrx_word' id='word_1_25' title='bbox 1253 532 1546 591; x_wconf 61' lang='lat' dir='ltr'><strong>Praeterea</strong></span> <span class='ocrx_word' id='word_1_26' title='bbox 1575 517 1633 588; x_wconf 83' lang='lat' dir='ltr'><strong>et</strong></span> <span class='ocrx_word' id='word_1_27' title='bbox 1663 527 1761 588; x_wconf 91' lang='lat' dir='ltr'><strong>hic</strong></span> <span class='ocrx_word' id='word_1_28' title='bbox 1795 544 1901 606; x_wconf 89' lang='lat' dir='ltr'><strong>per</strong></span> <span class='ocrx_word' id='word_1_29' title='bbox 1950 543 2020 587; x_wconf 90' lang='lat' dir='ltr'><strong>ea</strong></span> <span class='ocrx_word' id='word_1_30' title='bbox 2045 544 2178 606; x_wconf 73' lang='lat' dir='ltr'><strong>quae</strong></span> 
     </span>
    </p>
   </div>
   <div class='ocr_carea' id='block_1_6' title="bbox 2270 517 3903 609">
    <p class='ocr_par' dir='ltr' id='par_1_6' title="bbox 2270 517 3903 608">
     <span class='ocr_line' id='line_1_6' title="bbox 2270 517 3903 608; baseline -0.001 -26"><span class='ocrx_word' id='word_1_31' title='bbox 2270 546 2292 582; x_wconf 83' lang='grc' dir='ltr'>ι</span> <span class='ocrx_word' id='word_1_32' title='bbox 2327 526 2513 584; x_wconf 86' lang='grc' dir='ltr'>Λαϐὼν</span> <span class='ocrx_word' id='word_1_33' title='bbox 2569 529 2667 608; x_wconf 73' lang='grc' dir='ltr'>γὰρ</span> <span class='ocrx_word' id='word_1_34' title='bbox 2724 531 2865 608; x_wconf 71' lang='grc' dir='ltr'>παρὰ</span> <span class='ocrx_word' id='word_1_35' title='bbox 2921 537 3051 588; x_wconf 84' lang='grc' dir='ltr'><strong>Θεοῦ</strong></span> <span class='ocrx_word' id='word_1_36' title='bbox 3105 527 3334 608; x_wconf 79' lang='grc' dir='ltr'><strong>Πατρός.</strong></span> <span class='ocrx_word' id='word_1_37' title='bbox 3383 547 3411 586; x_wconf 68' lang='grc' dir='ltr'><strong>ι</strong></span> <span class='ocrx_word' id='word_1_38' title='bbox 3471 535 3634 585; x_wconf 79' lang='grc' dir='ltr'>Τοῦτο</span> <span class='ocrx_word' id='word_1_39' title='bbox 3686 527 3723 591; x_wconf 77' lang='grc' dir='ltr'><strong>ἢ</strong></span> <span class='ocrx_word' id='word_1_40' title='bbox 3791 517 3903 581; x_wconf 73' lang='grc' dir='ltr'>ἀντὶ</span> 
     </span>
    </p>
   </div>
   <div class='ocr_carea' id='block_1_7' title="bbox 533 611 2186 699">
    <p class='ocr_par' dir='ltr' id='par_1_7' title="bbox 533 615 2169 699">
     <span class='ocr_line' id='line_1_7' title="bbox 533 615 2169 699; baseline -0.006 -19"><span class='ocrx_word' id='word_1_41' title='bbox 533 619 710 682; x_wconf 91' lang='lat' dir='ltr'><strong>modo</strong></span> <span class='ocrx_word' id='word_1_42' title='bbox 741 626 1172 699; x_wconf 91' lang='lat' dir='ltr'><strong>proponuntur.</strong></span> <span class='ocrx_word' id='word_1_43' title='bbox 1210 643 1234 673; x_wconf 79' lang='grc' dir='ltr'>(ι</span> <span class='ocrx_word' id='word_1_44' title='bbox 1263 615 1506 696; x_wconf 82' lang='lat' dir='ltr'><strong>Accepit</strong></span> <span class='ocrx_word' id='word_1_45' title='bbox 1531 615 1689 676; x_wconf 91' lang='lat' dir='ltr'><strong>enim</strong></span> <span class='ocrx_word' id='word_1_46' title='bbox 1722 633 1757 676; x_wconf 89' lang='lat' dir='ltr'><strong>a</strong></span> <span class='ocrx_word' id='word_1_47' title='bbox 1786 617 1906 675; x_wconf 91' lang='lat' dir='ltr'><strong>Deo</strong></span> <span class='ocrx_word' id='word_1_48' title='bbox 1943 617 2169 677; x_wconf 71' lang='lat' dir='ltr'><strong>Patre.»</strong></span> 
     </span>
    </p>
   </div>
   <div class='ocr_carea' id='block_1_8' title="bbox 2270 611 3899 699">
    <p class='ocr_par' dir='ltr' id='par_1_8' title="bbox 2270 611 3899 696">
     <span class='ocr_line' id='line_1_8' title="bbox 2270 611 3899 696; baseline -0.002 -24"><span class='ocrx_word' id='word_1_49' title='bbox 2270 617 2518 694; x_wconf 78' lang='grc' dir='ltr'>5ριστικοῠ</span> <span class='ocrx_word' id='word_1_50' title='bbox 2573 619 2810 696; x_wconf 77' lang='grc' dir='ltr'><strong>ῥήματος</strong></span> <span class='ocrx_word' id='word_1_51' title='bbox 2863 618 3010 684; x_wconf 79' lang='grc' dir='ltr'>ἔταξε</span> <span class='ocrx_word' id='word_1_52' title='bbox 3065 616 3268 696; x_wconf 86' lang='grc' dir='ltr'>λαϐὼν,</span> <span class='ocrx_word' id='word_1_53' title='bbox 3339 616 3452 673; x_wconf 84' lang='grc' dir='ltr'>ἀντὶ</span> <span class='ocrx_word' id='word_1_54' title='bbox 3534 622 3628 672; x_wconf 77' lang='grc' dir='ltr'><strong>τοῦ</strong></span> <span class='ocrx_word' id='word_1_55' title='bbox 3694 611 3899 683; x_wconf 71' lang='grc' dir='ltr'>ἔλαϐεν,</span> 
     </span>
    </p>
   </div>
   <div class='ocr_carea' id='block_1_9' title="bbox 532 700 2186 788">
    <p class='ocr_par' dir='ltr' id='par_1_9' title="bbox 532 702 2176 788">
     <span class='ocr_line' id='line_1_9' title="bbox 532 702 2176 788; baseline -0.004 -17"><span class='ocrx_word' id='word_1_56' title='bbox 532 707 658 771; x_wconf 82' lang='lat' dir='ltr'><strong>Hoc</strong></span> <span class='ocrx_word' id='word_1_57' title='bbox 711 706 1086 788; x_wconf 74' lang='lat' dir='ltr'><strong>participium</strong></span> <span class='ocrx_word' id='word_1_58' title='bbox 1144 705 1319 764; x_wconf 80' lang='grc' dir='ltr'>λαϐὼν</span> <span class='ocrx_word' id='word_1_59' title='bbox 1376 713 1474 768; x_wconf 91' lang='lat' dir='ltr'><strong>aut</strong></span> <span class='ocrx_word' id='word_1_60' title='bbox 1523 704 1654 767; x_wconf 89' lang='lat' dir='ltr'><strong>loco</strong></span> <span class='ocrx_word' id='word_1_61' title='bbox 1685 703 1849 766; x_wconf 86' lang='lat' dir='ltr'><strong>verbi</strong></span> <span class='ocrx_word' id='word_1_62' title='bbox 1879 702 2176 765; x_wconf 76' lang='lat' dir='ltr'><strong>indicativi</strong></span> 
     </span>
    </p>
   </div>
   <div class='ocr_carea' id='block_1_10' title="bbox 2270 700 3896 788">
    <p class='ocr_par' dir='ltr' id='par_1_10' title="bbox 2270 700 3896 786">
     <span class='ocr_line' id='line_1_10' title="bbox 2270 700 3896 786; baseline -0.002 -24"><span class='ocrx_word' id='word_1_63' title='bbox 2270 700 2409 762; x_wconf 82' lang='grc' dir='ltr'>Ἐπεὶ</span> <span class='ocrx_word' id='word_1_64' title='bbox 2433 709 2511 782; x_wconf 79' lang='grc' dir='ltr'><strong>μὴ</strong></span> <span class='ocrx_word' id='word_1_65' title='bbox 2554 709 2691 764; x_wconf 83' lang='grc' dir='ltr'>κατὰ</span> <span class='ocrx_word' id='word_1_66' title='bbox 2719 709 2779 764; x_wconf 81' lang='grc' dir='ltr'>τὸ</span> <span class='ocrx_word' id='word_1_67' title='bbox 2809 706 3094 765; x_wconf 65' lang='grc' dir='ltr'>ἀιόλουθον</span> <span class='ocrx_word' id='word_1_68' title='bbox 3119 712 3218 774; x_wconf 79' lang='grc' dir='ltr'>τῆς</span> <span class='ocrx_word' id='word_1_69' title='bbox 3249 710 3491 786; x_wconf 79' lang='grc' dir='ltr'><strong>μετοχῆς</strong></span> <span class='ocrx_word' id='word_1_70' title='bbox 3553 706 3587 772; x_wconf 75' lang='grc' dir='ltr'>ἡ</span> <span class='ocrx_word' id='word_1_71' title='bbox 3648 701 3896 766; x_wconf 78' lang='grc' dir='ltr'><strong>ἀπόδοσις</strong></span> 
     </span>
    </p>
   </div>
   <div class='ocr_carea' id='block_1_11' title="bbox 534 790 2186 879">
    <p class='ocr_par' dir='ltr' id='par_1_11' title="bbox 534 792 2176 879">
     <span class='ocr_line' id='line_1_11' title="bbox 534 792 2176 879; baseline -0.004 -19"><span class='ocrx_word' id='word_1_72' title='bbox 534 799 787 879; x_wconf 87' lang='lat' dir='ltr'><strong>positum</strong></span> <span class='ocrx_word' id='word_1_73' title='bbox 817 803 907 856; x_wconf 90' lang='lat' dir='ltr'><strong>est</strong></span> <span class='ocrx_word' id='word_1_74' title='bbox 933 793 1141 869; x_wconf 77' lang='grc' dir='ltr'>ἔλαϐεν,</span> <span class='ocrx_word' id='word_1_75' title='bbox 1187 795 1300 857; x_wconf 89' lang='lat' dir='ltr'><strong>hoc</strong></span> <span class='ocrx_word' id='word_1_76' title='bbox 1333 802 1444 872; x_wconf 89' lang='lat' dir='ltr'><strong>est,</strong></span> <span class='ocrx_word' id='word_1_77' title='bbox 1487 793 1718 874; x_wconf 88' lang='lat' dir='ltr'><strong>accepit</strong></span> <span class='ocrx_word' id='word_1_78' title='bbox 1751 811 1765 856; x_wconf 88' lang='lat'>:</span> <span class='ocrx_word' id='word_1_79' title='bbox 1803 792 2176 874; x_wconf 85' lang='lat' dir='ltr'><strong>quandoqui-</strong></span> 
     </span>
    </p>
   </div>
   <div class='ocr_carea' id='block_1_12' title="bbox 2270 790 3904 879">
    <p class='ocr_par' dir='ltr' id='par_1_12' title="bbox 2270 790 3904 879">
     <span class='ocr_line' id='line_1_12' title="bbox 2270 790 3904 879; baseline -0.001 -31"><span class='ocrx_word' id='word_1_80' title='bbox 2270 792 2488 879; x_wconf 59' lang='grc' dir='ltr'>φέρεται.</span> <span class='ocrx_word' id='word_1_81' title='bbox 2557 803 2602 852; x_wconf 81' lang='grc' dir='ltr'>Η</span> <span class='ocrx_word' id='word_1_82' title='bbox 2661 798 2705 852; x_wconf 75' lang='grc' dir='ltr'><strong>εἰ</strong></span> <span class='ocrx_word' id='word_1_83' title='bbox 2758 796 2837 871; x_wconf 66' lang='grc' dir='ltr'>μὴ</span> <span class='ocrx_word' id='word_1_84' title='bbox 2891 803 3067 868; x_wconf 77' lang='grc' dir='ltr'>τοῦτο,</span> <span class='ocrx_word' id='word_1_85' title='bbox 3124 793 3365 872; x_wconf 86' lang='grc' dir='ltr'>βούλεται</span> <span class='ocrx_word' id='word_1_86' title='bbox 3429 791 3483 848; x_wconf 83' lang='grc' dir='ltr'><strong>δέ</strong></span> <span class='ocrx_word' id='word_1_87' title='bbox 3551 814 3633 856; x_wconf 87' lang='grc' dir='ltr'><strong>τις</strong></span> <span class='ocrx_word' id='word_1_88' title='bbox 3690 790 3904 848; x_wconf 79' lang='grc' dir='ltr'>ἐνταῦθα</span> 
     </span>
    </p>
   </div>
   <div class='ocr_carea' id='block_1_13' title="bbox 532 877 2186 964">
    <p class='ocr_par' dir='ltr' id='par_1_13' title="bbox 532 877 2179 964">
     <span class='ocr_line' id='line_1_13' title="bbox 532 877 2179 964; baseline -0.004 -16"><span class='ocrx_word' id='word_1_89' title='bbox 532 877 667 948; x_wconf 79' lang='lat' dir='ltr'><strong>dem</strong></span> <span class='ocrx_word' id='word_1_90' title='bbox 686 885 848 962; x_wconf 82' lang='lat' dir='ltr'><strong>juxta</strong></span> <span class='ocrx_word' id='word_1_91' title='bbox 878 882 1169 964; x_wconf 71' lang='lat' dir='ltr'><strong>participii</strong></span> <span class='ocrx_word' id='word_1_92' title='bbox 1199 882 1689 964; x_wconf 86' lang='lat' dir='ltr'><strong>consequentiam</strong></span> <span class='ocrx_word' id='word_1_93' title='bbox 1713 900 1832 942; x_wconf 91' lang='lat' dir='ltr'><strong>non</strong></span> <span class='ocrx_word' id='word_1_94' title='bbox 1855 881 2179 961; x_wconf 88' lang='lat' dir='ltr'><strong>respondet</strong></span> 
     </span>
    </p>
   </div>
   <div class='ocr_carea' id='block_1_14' title="bbox 2270 877 3905 964">
    <p class='ocr_par' dir='ltr' id='par_1_14' title="bbox 2270 878 3905 964">
     <span class='ocr_line' id='line_1_14' title="bbox 2270 878 3905 964; baseline 0.005 -28"><span class='ocrx_word' id='word_1_95' title='bbox 2270 878 2546 956; x_wconf 70' lang='grc' dir='ltr'>λαμϐάνειν</span> <span class='ocrx_word' id='word_1_96' title='bbox 2591 887 2665 949; x_wconf 83' lang='grc' dir='ltr'>ὡς</span> <span class='ocrx_word' id='word_1_97' title='bbox 2700 886 2942 964; x_wconf 73' lang='grc' dir='ltr'>μετοχὴν</span> <span class='ocrx_word' id='word_1_98' title='bbox 2995 884 3182 962; x_wconf 82' lang='grc' dir='ltr'>κυρίως</span> <span class='ocrx_word' id='word_1_99' title='bbox 3231 885 3292 940; x_wconf 78' lang='grc' dir='ltr'>τὸ</span> <span class='ocrx_word' id='word_1_100' title='bbox 3344 880 3545 956; x_wconf 80' lang='grc' dir='ltr'>λαϐὼν,</span> <span class='ocrx_word' id='word_1_101' title='bbox 3605 879 3905 958; x_wconf 75' lang='grc' dir='ltr'>ἀναγκαίως</span> 
     </span>
    </p>
   </div>
   <div class='ocr_carea' id='block_1_15' title="bbox 532 965 2186 1056">
    <p class='ocr_par' dir='ltr' id='par_1_15' title="bbox 532 969 2177 1056">
     <span class='ocr_line' id='line_1_15' title="bbox 532 969 2177 1056; baseline -0.004 -20"><span class='ocrx_word' id='word_1_102' title='bbox 532 970 910 1056; x_wconf 77' lang='lat' dir='ltr'><strong>postmodum</strong></span> <span class='ocrx_word' id='word_1_103' title='bbox 928 989 1147 1033; x_wconf 81' lang='lat' dir='ltr'><strong>sermo.</strong></span> <span class='ocrx_word' id='word_1_104' title='bbox 1182 972 1298 1035; x_wconf 84' lang='lat' dir='ltr'><strong>Aut</strong></span> <span class='ocrx_word' id='word_1_105' title='bbox 1325 972 1379 1034; x_wconf 89' lang='lat' dir='ltr'><strong>si</strong></span> <span class='ocrx_word' id='word_1_106' title='bbox 1413 972 1521 1034; x_wconf 87' lang='lat' dir='ltr'><strong>boc</strong></span> <span class='ocrx_word' id='word_1_107' title='bbox 1547 991 1664 1032; x_wconf 91' lang='lat' dir='ltr'><strong>non</strong></span> <span class='ocrx_word' id='word_1_108' title='bbox 1690 971 1906 1052; x_wconf 84' lang='lat' dir='ltr'><strong>placet,</strong></span> <span class='ocrx_word' id='word_1_109' title='bbox 1934 973 2041 1032; x_wconf 91' lang='lat' dir='ltr'><strong>sed</strong></span> <span class='ocrx_word' id='word_1_110' title='bbox 2059 969 2177 1030; x_wconf 84' lang='lat' dir='ltr'><strong>vult</strong></span> 
     </span>
    </p>
   </div>
   <div class='ocr_carea' id='block_1_16' title="bbox 2270 965 3904 1056">
    <p class='ocr_par' dir='ltr' id='par_1_16' title="bbox 2270 965 3904 1052">
     <span class='ocr_line' id='line_1_16' title="bbox 2270 965 3904 1052; baseline 0 -29"><span class='ocrx_word' id='word_1_111' title='bbox 2270 968 2331 1033; x_wconf 77' lang='grc' dir='ltr'>εἰς</span> <span class='ocrx_word' id='word_1_112' title='bbox 2389 969 2696 1039; x_wconf 79' lang='grc' dir='ltr'>ἀσυνταξίαν</span> <span class='ocrx_word' id='word_1_113' title='bbox 2757 975 2784 1029; x_wconf 83' lang='grc' dir='ltr'>ὁ</span> <span class='ocrx_word' id='word_1_114' title='bbox 2831 971 2990 1052; x_wconf 83' lang='grc' dir='ltr'>λόγος</span> <span class='ocrx_word' id='word_1_115' title='bbox 3064 971 3411 1042; x_wconf 77' lang='grc' dir='ltr'>ἐξολισθήσει.</span> <span class='ocrx_word' id='word_1_116' title='bbox 3491 969 3635 1027; x_wconf 79' lang='grc' dir='ltr'>Ἀντὶ</span> <span class='ocrx_word' id='word_1_117' title='bbox 3687 965 3743 1023; x_wconf 79' lang='grc' dir='ltr'>δὲ</span> <span class='ocrx_word' id='word_1_118' title='bbox 3806 969 3904 1034; x_wconf 80' lang='grc' dir='ltr'><strong>τῆς</strong></span> 
     </span>
    </p>
   </div>
   <div class='ocr_carea' id='block_1_17' title="bbox 532 1057 2186 1144">
    <p class='ocr_par' dir='ltr' id='par_1_17' title="bbox 532 1058 2175 1144">
     <span class='ocr_line' id='line_1_17' title="bbox 532 1058 2175 1144; baseline -0.003 -20"><span class='ocrx_word' id='word_1_119' title='bbox 532 1060 825 1144; x_wconf 69' lang='lat' dir='ltr'><strong>quispiam</strong></span> <span class='ocrx_word' id='word_1_120' title='bbox 857 1060 1130 1141; x_wconf 87' lang='lat' dir='ltr'><strong>accipere</strong></span> <span class='ocrx_word' id='word_1_121' title='bbox 1175 1060 1349 1119; x_wconf 81' lang='grc' dir='ltr'>λαϐὼν</span> <span class='ocrx_word' id='word_1_122' title='bbox 1398 1071 1673 1142; x_wconf 87' lang='lat' dir='ltr'><strong>tanquam</strong></span> <span class='ocrx_word' id='word_1_123' title='bbox 1720 1059 1959 1140; x_wconf 86' lang='lat' dir='ltr'><strong>proprie</strong></span> <span class='ocrx_word' id='word_1_124' title='bbox 1991 1058 2175 1139; x_wconf 84' lang='lat' dir='ltr'><strong>parti-</strong></span> 
     </span>
    </p>
   </div>
   <div class='ocr_carea' id='block_1_18' title="bbox 2270 1057 3905 1144">
    <p class='ocr_par' dir='ltr' id='par_1_18' title="bbox 2270 1057 3905 1144">
     <span class='ocr_line' id='line_1_18' title="bbox 2270 1057 3905 1144; baseline 0 -32"><span class='ocrx_word' id='word_1_125' title='bbox 2270 1065 2501 1138; x_wconf 64' lang='grc' dir='ltr'>αετοχῆς</span> <span class='ocrx_word' id='word_1_126' title='bbox 2549 1068 2642 1119; x_wconf 82' lang='grc' dir='ltr'>τοῦ</span> <span class='ocrx_word' id='word_1_127' title='bbox 2706 1063 2968 1141; x_wconf 80' lang='grc' dir='ltr'>ὁριστικώ</span> <span class='ocrx_word' id='word_1_128' title='bbox 3023 1059 3449 1144; x_wconf 75' lang='grc' dir='ltr'>λαμϐανομένου,</span> <span class='ocrx_word' id='word_1_129' title='bbox 3507 1057 3802 1122; x_wconf 79' lang='grc' dir='ltr'><strong>ἀκολούθως</strong></span> <span class='ocrx_word' id='word_1_130' title='bbox 3843 1057 3905 1113; x_wconf 79' lang='grc' dir='ltr'><strong>τὸ</strong></span> 
     </span>
    </p>
   </div>
   <div class='ocr_carea' id='block_1_19' title="bbox 533 1140 2186 1231">
    <p class='ocr_par' dir='ltr' id='par_1_19' title="bbox 533 1140 2180 1231">
     <span class='ocr_line' id='line_1_19' title="bbox 533 1140 2180 1231; baseline -0.003 -20"><span class='ocrx_word' id='word_1_131' title='bbox 533 1140 754 1231; x_wconf 78' lang='lat' dir='ltr'><strong>cipium</strong></span> <span class='ocrx_word' id='word_1_132' title='bbox 785 1197 802 1226; x_wconf 91' lang='lat'><strong>,</strong></span> <span class='ocrx_word' id='word_1_133' title='bbox 854 1149 928 1211; x_wconf 87' lang='lat' dir='ltr'><strong>ad</strong></span> <span class='ocrx_word' id='word_1_134' title='bbox 989 1140 1489 1212; x_wconf 87' lang='lat' dir='ltr'><strong>inordinationem</strong></span> <span class='ocrx_word' id='word_1_135' title='bbox 1519 1140 1880 1210; x_wconf 13' lang='lat' dir='ltr'><strong>ﬁnecessario</strong></span> <span class='ocrx_word' id='word_1_136' title='bbox 1940 1145 2180 1208; x_wconf 79' lang='lat' dir='ltr'><strong>decidet</strong></span> 
     </span>
    </p>
   </div>
   <div class='ocr_carea' id='block_1_20' title="bbox 2270 1140 3902 1231">
    <p class='ocr_par' dir='ltr' id='par_1_20' title="bbox 2270 1140 3902 1228">
     <span class='ocr_line' id='line_1_20' title="bbox 2270 1140 3902 1228; baseline 0.002 -27"><span class='ocrx_word' id='word_1_137' title='bbox 2270 1145 2630 1228; x_wconf 69' lang='grc' dir='ltr'><strong>ἐπιφερόμενον</strong></span> <span class='ocrx_word' id='word_1_138' title='bbox 2697 1140 2866 1226; x_wconf 74' lang='grc' dir='ltr'>ἔσται,</span> <span class='ocrx_word' id='word_1_139' title='bbox 2935 1155 3053 1208; x_wconf 84' lang='grc' dir='ltr'>οἷον</span> <span class='ocrx_word' id='word_1_140' title='bbox 3090 1173 3103 1185; x_wconf 92' lang='grc'>·</span> <span class='ocrx_word' id='word_1_141' title='bbox 3164 1140 3372 1209; x_wconf 80' lang='grc' dir='ltr'><strong>ΗΕλαϐε</strong></span> <span class='ocrx_word' id='word_1_142' title='bbox 3423 1149 3522 1228; x_wconf 73' lang='grc' dir='ltr'><strong>γὰρ</strong></span> <span class='ocrx_word' id='word_1_143' title='bbox 3571 1147 3714 1224; x_wconf 82' lang='grc' dir='ltr'>παρᾶ</span> <span class='ocrx_word' id='word_1_144' title='bbox 3767 1153 3902 1204; x_wconf 79' lang='grc' dir='ltr'>Θεοῦ</span> 
     </span>
    </p>
   </div>
   <div class='ocr_carea' id='block_1_21' title="bbox 532 1233 2186 1320">
    <p class='ocr_par' dir='ltr' id='par_1_21' title="bbox 532 1234 2174 1319">
     <span class='ocr_line' id='line_1_21' title="bbox 532 1234 2174 1319; baseline -0.003 -19"><span class='ocrx_word' id='word_1_145' title='bbox 532 1256 730 1301; x_wconf 85' lang='lat' dir='ltr'><strong>sermo</strong></span> <span class='ocrx_word' id='word_1_146' title='bbox 765 1259 779 1301; x_wconf 89' lang='lat'>:</span> <span class='ocrx_word' id='word_1_147' title='bbox 814 1237 864 1300; x_wconf 92' lang='lat' dir='ltr'><strong>si</strong></span> <span class='ocrx_word' id='word_1_148' title='bbox 893 1256 1032 1300; x_wconf 93' lang='lat' dir='ltr'><strong>vero</strong></span> <span class='ocrx_word' id='word_1_149' title='bbox 1063 1237 1436 1319; x_wconf 89' lang='lat' dir='ltr'><strong>participium</strong></span> <span class='ocrx_word' id='word_1_150' title='bbox 1498 1255 1602 1316; x_wconf 92' lang='lat' dir='ltr'><strong>pro</strong></span> <span class='ocrx_word' id='word_1_151' title='bbox 1651 1235 1962 1298; x_wconf 88' lang='lat' dir='ltr'><strong>indicativo</strong></span> <span class='ocrx_word' id='word_1_152' title='bbox 1995 1234 2174 1295; x_wconf 90' lang='lat' dir='ltr'><strong>verbo</strong></span> 
     </span>
    </p>
   </div>
   <div class='ocr_carea' id='block_1_22' title="bbox 2270 1233 3907 1320">
    <p class='ocr_par' dir='ltr' id='par_1_22' title="bbox 2270 1233 3907 1320">
     <span class='ocr_line' id='line_1_22' title="bbox 2270 1233 3907 1320; baseline -0.003 -27"><span class='ocrx_word' id='word_1_153' title='bbox 2270 1239 2458 1316; x_wconf 68' lang='grc' dir='ltr'>Ἰατρὸς</span> <span class='ocrx_word' id='word_1_154' title='bbox 2526 1237 2699 1304; x_wconf 82' lang='grc' dir='ltr'>δόξαν.</span> <span class='ocrx_word' id='word_1_155' title='bbox 2785 1241 2884 1298; x_wconf 82' lang='grc' dir='ltr'>Καὶ</span> <span class='ocrx_word' id='word_1_156' title='bbox 2941 1238 3140 1320; x_wconf 78' lang='grc' dir='ltr'>ἔχομεν</span> <span class='ocrx_word' id='word_1_157' title='bbox 3197 1244 3256 1295; x_wconf 75' lang='grc' dir='ltr'><strong>ἐκ</strong></span> <span class='ocrx_word' id='word_1_158' title='bbox 3335 1238 3518 1295; x_wconf 87' lang='grc' dir='ltr'>τούτου</span> <span class='ocrx_word' id='word_1_159' title='bbox 3573 1233 3907 1313; x_wconf 79' lang='grc' dir='ltr'>βεϐαιοτέραν</span> 
     </span>
    </p>
   </div>
   <div class='ocr_carea' id='block_1_23' title="bbox 533 1325 2186 1408">
    <p class='ocr_par' dir='ltr' id='par_1_23' title="bbox 533 1325 2172 1407">
     <span class='ocr_line' id='line_1_23' title="bbox 533 1325 2172 1407; baseline -0.002 -19"><span class='ocrx_word' id='word_1_160' title='bbox 533 1335 824 1407; x_wconf 86' lang='lat' dir='ltr'><strong>sumatur,</strong></span> <span class='ocrx_word' id='word_1_161' title='bbox 886 1334 1350 1389; x_wconf 89' lang='lat' dir='ltr'><strong>consentaneum</strong></span> <span class='ocrx_word' id='word_1_162' title='bbox 1403 1326 1516 1387; x_wconf 89' lang='lat' dir='ltr'><strong>erit</strong></span> <span class='ocrx_word' id='word_1_163' title='bbox 1567 1325 1730 1407; x_wconf 88' lang='lat' dir='ltr'><strong>quod</strong></span> <span class='ocrx_word' id='word_1_164' title='bbox 1762 1325 2172 1405; x_wconf 78' lang='lat' dir='ltr'><strong>subjungetur,</strong></span> 
     </span>
    </p>
   </div>
   <div class='ocr_carea' id='block_1_24' title="bbox 2270 1325 3904 1408">
    <p class='ocr_par' dir='ltr' id='par_1_24' title="bbox 2270 1327 3904 1408">
     <span class='ocr_line' id='line_1_24' title="bbox 2270 1327 3904 1408; baseline 0 -29"><span class='ocrx_word' id='word_1_165' title='bbox 2270 1329 2429 1384; x_wconf 72' lang='grc' dir='ltr'>πᾶσαν</span> <span class='ocrx_word' id='word_1_166' title='bbox 2457 1328 2556 1395; x_wconf 74' lang='grc' dir='ltr'>τὴν</span> <span class='ocrx_word' id='word_1_167' title='bbox 2583 1331 2686 1386; x_wconf 81' lang='grc' dir='ltr'>ὑπὸ</span> <span class='ocrx_word' id='word_1_168' title='bbox 2739 1335 2845 1385; x_wconf 80' lang='grc' dir='ltr'>τῶν</span> <span class='ocrx_word' id='word_1_169' title='bbox 2904 1333 3193 1408; x_wconf 78' lang='grc' dir='ltr'>προφητῶν</span> <span class='ocrx_word' id='word_1_170' title='bbox 3262 1328 3380 1406; x_wconf 85' lang='grc' dir='ltr'>περὶ</span> <span class='ocrx_word' id='word_1_171' title='bbox 3451 1327 3610 1382; x_wconf 66' lang='grc' dir='ltr'>αξιτοῦ</span> <span class='ocrx_word' id='word_1_172' title='bbox 3664 1345 3904 1389; x_wconf 82' lang='grc' dir='ltr'>προκατ-</span> 
     </span>
    </p>
   </div>
   <div class='ocr_carea' id='block_1_25' title="bbox 535 1411 2186 1497">
    <p class='ocr_par' dir='ltr' id='par_1_25' title="bbox 535 1411 2178 1497">
     <span class='ocr_line' id='line_1_25' title="bbox 535 1411 2178 1497; baseline -0.002 -20"><span class='ocrx_word' id='word_1_173' title='bbox 535 1423 674 1497; x_wconf 86' lang='lat' dir='ltr'><strong>puta</strong></span> <span class='ocrx_word' id='word_1_174' title='bbox 705 1435 720 1476; x_wconf 88' lang='lat'><strong>:</strong></span> <span class='ocrx_word' id='word_1_175' title='bbox 751 1415 999 1497; x_wconf 84' lang='lat' dir='ltr'><strong>Accepit</strong></span> <span class='ocrx_word' id='word_1_176' title='bbox 1023 1416 1183 1477; x_wconf 91' lang='lat' dir='ltr'><strong>enim</strong></span> <span class='ocrx_word' id='word_1_177' title='bbox 1203 1434 1238 1476; x_wconf 92' lang='lat' dir='ltr'><strong>a</strong></span> <span class='ocrx_word' id='word_1_178' title='bbox 1258 1418 1379 1476; x_wconf 90' lang='lat' dir='ltr'><strong>Deo</strong></span> <span class='ocrx_word' id='word_1_179' title='bbox 1396 1417 1565 1476; x_wconf 86' lang='lat' dir='ltr'><strong>Patre</strong></span> <span class='ocrx_word' id='word_1_180' title='bbox 1580 1413 1826 1492; x_wconf 81' lang='lat' dir='ltr'><strong>gloriam</strong></span> <span class='ocrx_word' id='word_1_181' title='bbox 1861 1460 1874 1474; x_wconf 94' lang='lat'><strong>.</strong></span> <span class='ocrx_word' id='word_1_182' title='bbox 1911 1421 1972 1475; x_wconf 92' lang='lat' dir='ltr'><strong>et</strong></span> <span class='ocrx_word' id='word_1_183' title='bbox 1999 1411 2178 1474; x_wconf 90' lang='lat' dir='ltr'><strong>habe-</strong></span> 
     </span>
    </p>
   </div>
   <div class='ocr_carea' id='block_1_26' title="bbox 2270 1411 3906 1497">
    <p class='ocr_par' dir='ltr' id='par_1_26' title="bbox 2270 1413 3906 1496">
     <span class='ocr_line' id='line_1_26' title="bbox 2270 1413 3906 1496; baseline -0.004 -23"><span class='ocrx_word' id='word_1_184' title='bbox 2270 1414 2570 1496; x_wconf 83' lang='grc' dir='ltr'>αγγγελίαν,</span> <span class='ocrx_word' id='word_1_185' title='bbox 2605 1417 2707 1496; x_wconf 67' lang='grc' dir='ltr'><strong>οὔχ</strong></span> <span class='ocrx_word' id='word_1_186' title='bbox 2737 1415 2817 1473; x_wconf 82' lang='grc' dir='ltr'><strong>ὅτι</strong></span> <span class='ocrx_word' id='word_1_187' title='bbox 2876 1419 2994 1496; x_wconf 84' lang='grc' dir='ltr'>περὶ</span> <span class='ocrx_word' id='word_1_188' title='bbox 3062 1422 3162 1484; x_wconf 78' lang='grc' dir='ltr'>τῆς</span> <span class='ocrx_word' id='word_1_189' title='bbox 3219 1415 3526 1496; x_wconf 74' lang='grc' dir='ltr'>ἐνεχθείσης</span> <span class='ocrx_word' id='word_1_190' title='bbox 3587 1418 3766 1493; x_wconf 79' lang='grc' dir='ltr'>φωνῆς</span> <span class='ocrx_word' id='word_1_191' title='bbox 3805 1413 3906 1468; x_wconf 79' lang='grc' dir='ltr'><strong>ὑπὸ</strong></span> 
     </span>
    </p>
   </div>
   <div class='ocr_carea' id='block_1_27' title="bbox 535 1498 2186 1584">
    <p class='ocr_par' dir='ltr' id='par_1_27' title="bbox 535 1501 2181 1584">
     <span class='ocr_line' id='line_1_27' title="bbox 535 1501 2181 1584; baseline -0.001 -20"><span class='ocrx_word' id='word_1_192' title='bbox 535 1521 672 1566; x_wconf 90' lang='lat' dir='ltr'><strong>mus</strong></span> <span class='ocrx_word' id='word_1_193' title='bbox 703 1522 772 1564; x_wconf 82' lang='lat' dir='ltr'><strong>ex</strong></span> <span class='ocrx_word' id='word_1_194' title='bbox 803 1505 919 1566; x_wconf 91' lang='lat' dir='ltr'><strong>hoc</strong></span> <span class='ocrx_word' id='word_1_195' title='bbox 950 1504 1179 1566; x_wconf 82' lang='lat' dir='ltr'><strong>ﬁrmius</strong></span> <span class='ocrx_word' id='word_1_196' title='bbox 1201 1503 1490 1584; x_wconf 90' lang='lat' dir='ltr'><strong>quidquid</strong></span> <span class='ocrx_word' id='word_1_197' title='bbox 1523 1522 1557 1564; x_wconf 92' lang='lat' dir='ltr'><strong>a</strong></span> <span class='ocrx_word' id='word_1_198' title='bbox 1579 1503 1883 1584; x_wconf 87' lang='lat' dir='ltr'><strong>prophetis</strong></span> <span class='ocrx_word' id='word_1_199' title='bbox 1913 1509 2087 1564; x_wconf 90' lang='lat' dir='ltr'><strong>antea</strong></span> <span class='ocrx_word' id='word_1_200' title='bbox 2105 1501 2181 1562; x_wconf 91' lang='lat' dir='ltr'><strong>de</strong></span> 
     </span>
    </p>
   </div>
   <div class='ocr_carea' id='block_1_28' title="bbox 2270 1498 3907 1584">
    <p class='ocr_par' dir='ltr' id='par_1_28' title="bbox 2270 1498 3907 1584">
     <span class='ocr_line' id='line_1_28' title="bbox 2270 1498 3907 1584; baseline -0.004 -23"><span class='ocrx_word' id='word_1_201' title='bbox 2270 1512 2354 1561; x_wconf 82' lang='grc' dir='ltr'>τοῦ</span> <span class='ocrx_word' id='word_1_202' title='bbox 2385 1507 2588 1584; x_wconf 80' lang='grc' dir='ltr'>Πατρὸς</span> <span class='ocrx_word' id='word_1_203' title='bbox 2616 1502 2808 1562; x_wconf 75' lang='grc' dir='ltr'>ἄνωθεν</span> <span class='ocrx_word' id='word_1_204' title='bbox 2851 1506 2961 1563; x_wconf 86' lang='grc' dir='ltr'>ἐστί</span> <span class='ocrx_word' id='word_1_205' title='bbox 3010 1527 3091 1570; x_wconf 91' lang='grc' dir='ltr'><strong>τις</strong></span> <span class='ocrx_word' id='word_1_206' title='bbox 3146 1505 3460 1584; x_wconf 76' lang='grc' dir='ltr'>προφητεία,</span> <span class='ocrx_word' id='word_1_207' title='bbox 3534 1500 3653 1558; x_wconf 72' lang='grc' dir='ltr'>ἀλλ’</span> <span class='ocrx_word' id='word_1_208' title='bbox 3686 1498 3767 1556; x_wconf 82' lang='grc' dir='ltr'><strong>ὅτι</strong></span> <span class='ocrx_word' id='word_1_209' title='bbox 3798 1499 3907 1555; x_wconf 77' lang='grc' dir='ltr'>ἀπὸ</span> 
     </span>
    </p>
   </div>
   <div class='ocr_carea' id='block_1_29' title="bbox 534 1591 2186 1674">
    <p class='ocr_par' dir='ltr' id='par_1_29' title="bbox 534 1591 2183 1674">
     <span class='ocr_line' id='line_1_29' title="bbox 534 1591 2183 1674; baseline -0.002 -20"><span class='ocrx_word' id='word_1_210' title='bbox 534 1592 648 1654; x_wconf 92' lang='lat' dir='ltr'><strong>hoc</strong></span> <span class='ocrx_word' id='word_1_211' title='bbox 677 1593 1087 1655; x_wconf 90' lang='lat' dir='ltr'><strong>annuntiatum</strong></span> <span class='ocrx_word' id='word_1_212' title='bbox 1110 1601 1199 1656; x_wconf 89' lang='lat' dir='ltr'><strong>est</strong></span> <span class='ocrx_word' id='word_1_213' title='bbox 1227 1612 1241 1654; x_wconf 87' lang='lat'><strong>:</strong></span> <span class='ocrx_word' id='word_1_214' title='bbox 1276 1612 1394 1654; x_wconf 82' lang='lat' dir='ltr'><strong>non</strong></span> <span class='ocrx_word' id='word_1_215' title='bbox 1421 1593 1575 1674; x_wconf 90' lang='lat' dir='ltr'><strong>quod</strong></span> <span class='ocrx_word' id='word_1_216' title='bbox 1603 1591 1680 1653; x_wconf 92' lang='lat' dir='ltr'><strong>de</strong></span> <span class='ocrx_word' id='word_1_217' title='bbox 1699 1610 1842 1654; x_wconf 86' lang='lat' dir='ltr'><strong>voce</strong></span> <span class='ocrx_word' id='word_1_218' title='bbox 1870 1608 2129 1672; x_wconf 88' lang='lat' dir='ltr'><strong>superne</strong></span> <span class='ocrx_word' id='word_1_219' title='bbox 2149 1608 2183 1650; x_wconf 94' lang='lat' dir='ltr'><strong>a</strong></span> 
     </span>
    </p>
   </div>
   <div class='ocr_carea' id='block_1_30' title="bbox 2270 1591 3909 1674">
    <p class='ocr_par' dir='ltr' id='par_1_30' title="bbox 2270 1591 3909 1672">
     <span class='ocr_line' id='line_1_30' title="bbox 2270 1591 3909 1672; baseline -0.003 -23"><span class='ocrx_word' id='word_1_220' title='bbox 2270 1598 2362 1661; x_wconf 78' lang='grc' dir='ltr'>τῆς</span> <span class='ocrx_word' id='word_1_221' title='bbox 2393 1603 2484 1652; x_wconf 79' lang='grc' dir='ltr'>τοῦ</span> <span class='ocrx_word' id='word_1_222' title='bbox 2527 1595 2730 1672; x_wconf 80' lang='grc' dir='ltr'>Πατρὸς</span> <span class='ocrx_word' id='word_1_223' title='bbox 2779 1591 2973 1650; x_wconf 80' lang='grc' dir='ltr'>ἄνωθεν</span> <span class='ocrx_word' id='word_1_224' title='bbox 3027 1597 3205 1672; x_wconf 77' lang='grc' dir='ltr'>φωνῆς</span> <span class='ocrx_word' id='word_1_225' title='bbox 3262 1593 3363 1649; x_wconf 59' lang='grc' dir='ltr'><strong>τὴν</strong></span> <span class='ocrx_word' id='word_1_226' title='bbox 3429 1591 3646 1656; x_wconf 78' lang='grc' dir='ltr'>υἱότητα</span> <span class='ocrx_word' id='word_1_227' title='bbox 3705 1610 3909 1666; x_wconf 79' lang='grc' dir='ltr'>μαρτυ-</span> 
     </span>
    </p>
   </div>
   <div class='ocr_carea' id='block_1_31' title="bbox 539 1679 2186 1762">
    <p class='ocr_par' dir='ltr' id='par_1_31' title="bbox 539 1679 2179 1762">
     <span class='ocr_line' id='line_1_31' title="bbox 539 1679 2179 1762; baseline -0.002 -18"><span class='ocrx_word' id='word_1_228' title='bbox 539 1682 712 1744; x_wconf 89' lang='lat' dir='ltr'><strong>Patre</strong></span> <span class='ocrx_word' id='word_1_229' title='bbox 734 1680 930 1744; x_wconf 87' lang='lat' dir='ltr'><strong>delata</strong></span> <span class='ocrx_word' id='word_1_230' title='bbox 959 1685 1034 1743; x_wconf 90' lang='lat' dir='ltr'><strong>sit</strong></span> <span class='ocrx_word' id='word_1_231' title='bbox 1069 1681 1268 1762; x_wconf 76' lang='lat' dir='ltr'><strong>aliqua</strong></span> <span class='ocrx_word' id='word_1_232' title='bbox 1317 1680 1650 1762; x_wconf 88' lang='lat' dir='ltr'><strong>prophetia,</strong></span> <span class='ocrx_word' id='word_1_233' title='bbox 1683 1681 1786 1742; x_wconf 91' lang='lat' dir='ltr'><strong>sed</strong></span> <span class='ocrx_word' id='word_1_234' title='bbox 1828 1679 1982 1761; x_wconf 89' lang='lat' dir='ltr'><strong>quod</strong></span> <span class='ocrx_word' id='word_1_235' title='bbox 2015 1698 2050 1737; x_wconf 68' lang='grc' dir='ltr'><strong>ει</strong></span> <span class='ocrx_word' id='word_1_236' title='bbox 2078 1693 2179 1740; x_wconf 72' lang='lat' dir='ltr'><strong>su=</strong></span> 
     </span>
    </p>
   </div>
   <div class='ocr_carea' id='block_1_32' title="bbox 2270 1679 3911 1762">
    <p class='ocr_par' dir='ltr' id='par_1_32' title="bbox 2270 1680 3911 1762">
     <span class='ocr_line' id='line_1_32' title="bbox 2270 1680 3911 1762; baseline -0.005 -23"><span class='ocrx_word' id='word_1_237' title='bbox 2270 1681 2526 1762; x_wconf 66' lang='grc' dir='ltr'>ρησόσης,</span> <span class='ocrx_word' id='word_1_238' title='bbox 2572 1680 2904 1762; x_wconf 79' lang='grc' dir='ltr'>ἡδράσθημεν</span> <span class='ocrx_word' id='word_1_239' title='bbox 2961 1689 3134 1739; x_wconf 82' lang='grc' dir='ltr'>πᾶσαν</span> <span class='ocrx_word' id='word_1_240' title='bbox 3203 1686 3302 1748; x_wconf 78' lang='grc' dir='ltr'>τὴν</span> <span class='ocrx_word' id='word_1_241' title='bbox 3340 1680 3423 1737; x_wconf 73' lang='grc' dir='ltr'><strong>διὰ</strong></span> <span class='ocrx_word' id='word_1_242' title='bbox 3475 1685 3581 1736; x_wconf 83' lang='grc' dir='ltr'><strong>τῶν</strong></span> <span class='ocrx_word' id='word_1_243' title='bbox 3624 1683 3911 1758; x_wconf 74' lang='grc' dir='ltr'>προφητῶν</span> 
     </span>
    </p>
   </div>
   <div class='ocr_carea' id='block_1_33' title="bbox 542 1760 2186 1851">
    <p class='ocr_par' dir='ltr' id='par_1_33' title="bbox 542 1760 2182 1851">
     <span class='ocr_line' id='line_1_33' title="bbox 542 1760 2182 1851; baseline -0.002 -21"><span class='ocrx_word' id='word_1_244' title='bbox 542 1786 729 1850; x_wconf 91' lang='lat' dir='ltr'><strong>perna</strong></span> <span class='ocrx_word' id='word_1_245' title='bbox 759 1768 946 1833; x_wconf 85' lang='lat' dir='ltr'><strong>Patris</strong></span> <span class='ocrx_word' id='word_1_246' title='bbox 971 1788 1116 1834; x_wconf 86' lang='lat' dir='ltr'><strong>voce</strong></span> <span class='ocrx_word' id='word_1_247' title='bbox 1144 1760 1276 1851; x_wconf 61' lang='lat' dir='ltr'><strong>qua</strong></span> <span class='ocrx_word' id='word_1_248' title='bbox 1303 1760 1502 1850; x_wconf 81' lang='lat' dir='ltr'><strong>ipsum</strong></span> <span class='ocrx_word' id='word_1_249' title='bbox 1553 1789 1688 1833; x_wconf 83' lang='lat' dir='ltr'><strong>esse</strong></span> <span class='ocrx_word' id='word_1_250' title='bbox 1733 1760 1949 1831; x_wconf 87' lang='lat' dir='ltr'><strong>Filium</strong></span> <span class='ocrx_word' id='word_1_251' title='bbox 1977 1776 2182 1829; x_wconf 87' lang='lat' dir='ltr'><strong>testata</strong></span> 
     </span>
    </p>
   </div>
   <div class='ocr_carea' id='block_1_34' title="bbox 2270 1760 3909 1851">
    <p class='ocr_par' dir='ltr' id='par_1_34' title="bbox 2270 1760 3909 1850">
     <span class='ocr_line' id='line_1_34' title="bbox 2270 1760 3909 1850; baseline -0.013 -18"><span class='ocrx_word' id='word_1_252' title='bbox 2270 1760 2649 1850; x_wconf 55' lang='grc' dir='ltr'>χρησμῳδίαν,</span> <span class='ocrx_word' id='word_1_253' title='bbox 2721 1769 3107 1849; x_wconf 75' lang='grc' dir='ltr'>ἀναντιῤῥήτως</span> <span class='ocrx_word' id='word_1_254' title='bbox 3176 1772 3277 1827; x_wconf 76' lang='grc' dir='ltr'><strong>ὑπὸ</strong></span> <span class='ocrx_word' id='word_1_255' title='bbox 3360 1776 3450 1826; x_wconf 79' lang='grc' dir='ltr'>τοῦ</span> <span class='ocrx_word' id='word_1_256' title='bbox 3506 1768 3709 1846; x_wconf 79' lang='grc' dir='ltr'>Πατρὸς</span> <span class='ocrx_word' id='word_1_257' title='bbox 3765 1788 3909 1844; x_wconf 74' lang='grc' dir='ltr'>μαρ-</span> 
     </span>
    </p>
   </div>
   <div class='ocr_carea' id='block_1_35' title="bbox 538 1857 2186 1940">
    <p class='ocr_par' dir='ltr' id='par_1_35' title="bbox 538 1858 2184 1940">
     <span class='ocr_line' id='line_1_35' title="bbox 538 1858 2184 1940; baseline -0.001 -20"><span class='ocrx_word' id='word_1_258' title='bbox 538 1858 995 1932; x_wconf 82' lang='lat' dir='ltr'><strong>est,conﬁrmati</strong></span> <span class='ocrx_word' id='word_1_259' title='bbox 1029 1860 1216 1922; x_wconf 91' lang='lat' dir='ltr'><strong>simus</strong></span> <span class='ocrx_word' id='word_1_260' title='bbox 1235 1859 1393 1940; x_wconf 91' lang='lat' dir='ltr'><strong>quod</strong></span> <span class='ocrx_word' id='word_1_261' title='bbox 1425 1858 1619 1920; x_wconf 88' lang='lat' dir='ltr'><strong>omnis</strong></span> <span class='ocrx_word' id='word_1_262' title='bbox 1650 1859 2074 1940; x_wconf 87' lang='lat' dir='ltr'><strong>prophetarum</strong></span> <span class='ocrx_word' id='word_1_263' title='bbox 2091 1875 2184 1918; x_wconf 83' lang='lat' dir='ltr'><strong>va-</strong></span> 
     </span>
    </p>
   </div>
   <div class='ocr_carea' id='block_1_36' title="bbox 2270 1857 3908 1940">
    <p class='ocr_par' dir='ltr' id='par_1_36' title="bbox 2270 1857 3908 1938">
     <span class='ocr_line' id='line_1_36' title="bbox 2270 1857 3908 1938; baseline -0.002 -22"><span class='ocrx_word' id='word_1_264' title='bbox 2270 1859 2586 1938; x_wconf 81' lang='grc' dir='ltr'>τυρουμένην</span> <span class='ocrx_word' id='word_1_265' title='bbox 2632 1859 2896 1938; x_wconf 76' lang='grc' dir='ltr'>φέρεσθαι.</span> <span class='ocrx_word' id='word_1_266' title='bbox 2964 1883 2992 1915; x_wconf 83' lang='grc' dir='ltr'><strong>ιι</strong></span> <span class='ocrx_word' id='word_1_267' title='bbox 3041 1860 3202 1925; x_wconf 81' lang='grc' dir='ltr'>Οὗτός</span> <span class='ocrx_word' id='word_1_268' title='bbox 3270 1859 3412 1915; x_wconf 85' lang='grc' dir='ltr'>ἐστιν</span> <span class='ocrx_word' id='word_1_269' title='bbox 3468 1860 3494 1914; x_wconf 70' lang='grc' dir='ltr'>ὃ</span> <span class='ocrx_word' id='word_1_270' title='bbox 3545 1857 3663 1920; x_wconf 79' lang='grc' dir='ltr'>Υἱός</span> <span class='ocrx_word' id='word_1_271' title='bbox 3711 1876 3836 1929; x_wconf 88' lang='grc' dir='ltr'>μου.</span> <span class='ocrx_word' id='word_1_272' title='bbox 3879 1873 3908 1912; x_wconf 76' lang='grc'><strong>»</strong></span> 
     </span>
    </p>
   </div>
   <div class='ocr_carea' id='block_1_37' title="bbox 539 1946 2180 2011">
    <p class='ocr_par' dir='ltr' id='par_1_37' title="bbox 539 1946 2180 2011">
     <span class='ocr_line' id='line_1_37' title="bbox 539 1946 2180 2011; baseline -0.001 -3"><span class='ocrx_word' id='word_1_273' title='bbox 539 1946 804 2009; x_wconf 90' lang='lat' dir='ltr'><strong>ticinatio</strong></span> <span class='ocrx_word' id='word_1_274' title='bbox 863 1948 1257 2011; x_wconf 86' lang='lat' dir='ltr'><strong>indubitatum</strong></span> <span class='ocrx_word' id='word_1_275' title='bbox 1307 1948 1456 2010; x_wconf 79' lang='lat' dir='ltr'><strong>ferat</strong></span> <span class='ocrx_word' id='word_1_276' title='bbox 1486 1967 1518 2010; x_wconf 93' lang='lat' dir='ltr'><strong>a</strong></span> <span class='ocrx_word' id='word_1_277' title='bbox 1549 1950 1724 2011; x_wconf 86' lang='lat' dir='ltr'><strong>Patre</strong></span> <span class='ocrx_word' id='word_1_278' title='bbox 1755 1946 2180 2008; x_wconf 89' lang='lat' dir='ltr'><strong>testimonium.</strong></span> 
     </span>
    </p>
   </div>
   <div class='ocr_carea' id='block_1_38' title="bbox 543 2034 2186 2100">
    <p class='ocr_par' dir='ltr' id='par_1_38' title="bbox 543 2034 2186 2100">
     <span class='ocr_line' id='line_1_38' title="bbox 543 2034 2186 2100; baseline -0.002 -2"><span class='ocrx_word' id='word_1_279' title='bbox 543 2059 572 2092; x_wconf 72' lang='grc' dir='ltr'><strong>ε</strong></span> <span class='ocrx_word' id='word_1_280' title='bbox 605 2034 715 2098; x_wconf 83' lang='lat' dir='ltr'><strong>Hic</strong></span> <span class='ocrx_word' id='word_1_281' title='bbox 741 2044 830 2098; x_wconf 89' lang='lat' dir='ltr'><strong>est</strong></span> <span class='ocrx_word' id='word_1_282' title='bbox 857 2037 1041 2100; x_wconf 84' lang='lat' dir='ltr'><strong>Filius</strong></span> <span class='ocrx_word' id='word_1_283' title='bbox 1066 2056 1234 2100; x_wconf 89' lang='lat' dir='ltr'><strong>meus</strong></span> <span class='ocrx_word' id='word_1_284' title='bbox 1270 2037 1347 2098; x_wconf 69' lang='grc' dir='ltr'>η.</span> <span class='ocrx_word' id='word_1_285' title='bbox 1373 2061 1396 2095; x_wconf 75' lang='grc' dir='ltr'><strong>ιι</strong></span> <span class='ocrx_word' id='word_1_286' title='bbox 1438 2037 1621 2100; x_wconf 87' lang='lat' dir='ltr'><strong>Trina</strong></span> <span class='ocrx_word' id='word_1_287' title='bbox 1649 2036 1777 2099; x_wconf 90' lang='lat' dir='ltr'><strong>vice</strong></span> <span class='ocrx_word' id='word_1_288' title='bbox 1805 2035 1956 2098; x_wconf 90' lang='lat' dir='ltr'><strong>Filio</strong></span> <span class='ocrx_word' id='word_1_289' title='bbox 1986 2035 2186 2098; x_wconf 89' lang='lat' dir='ltr'><strong>datum</strong></span> 
     </span>
    </p>
   </div>
   <div class='ocr_carea' id='block_1_39' title="bbox 546 2123 2191 2208">
    <p class='ocr_par' dir='ltr' id='par_1_39' title="bbox 546 2123 2191 2208">
     <span class='ocr_line' id='line_1_39' title="bbox 546 2123 2191 2208; baseline -0.001 -23"><span class='ocrx_word' id='word_1_290' title='bbox 546 2131 639 2186; x_wconf 89' lang='lat' dir='ltr'><strong>est</strong></span> <span class='ocrx_word' id='word_1_291' title='bbox 665 2143 699 2186; x_wconf 88' lang='lat' dir='ltr'><strong>a</strong></span> <span class='ocrx_word' id='word_1_292' title='bbox 729 2123 900 2188; x_wconf 88' lang='lat' dir='ltr'><strong>Patre</strong></span> <span class='ocrx_word' id='word_1_293' title='bbox 930 2126 1333 2189; x_wconf 88' lang='lat' dir='ltr'><strong>testimonium</strong></span> <span class='ocrx_word' id='word_1_294' title='bbox 1370 2147 1383 2187; x_wconf 92' lang='lat'>:</span> <span class='ocrx_word' id='word_1_295' title='bbox 1410 2126 1469 2187; x_wconf 92' lang='lat' dir='ltr'><strong>in</strong></span> <span class='ocrx_word' id='word_1_296' title='bbox 1503 2125 1884 2208; x_wconf 91' lang='lat' dir='ltr'><strong>baptismo,in</strong></span> <span class='ocrx_word' id='word_1_297' title='bbox 1916 2124 2191 2206; x_wconf 89' lang='lat' dir='ltr'><strong>passione</strong></span> 
     </span>
    </p>
   </div>
   <div class='ocr_carea' id='block_1_40' title="bbox 539 2212 2188 2294">
    <p class='ocr_par' dir='ltr' id='par_1_40' title="bbox 539 2212 2188 2294">
     <span class='ocr_line' id='line_1_40' title="bbox 539 2212 2188 2294; baseline -0.001 -20"><span class='ocrx_word' id='word_1_298' title='bbox 539 2230 675 2274; x_wconf 91' lang='lat' dir='ltr'><strong>cum</strong></span> <span class='ocrx_word' id='word_1_299' title='bbox 707 2212 875 2290; x_wconf 81' lang='lat' dir='ltr'><strong>dixit,</strong></span> <span class='ocrx_word' id='word_1_300' title='bbox 909 2214 982 2278; x_wconf 90' lang='lat' dir='ltr'><strong>Et</strong></span> <span class='ocrx_word' id='word_1_301' title='bbox 1008 2215 1332 2294; x_wconf 62' lang='lat' dir='ltr'><strong>gloriﬁcas-i</strong></span> <span class='ocrx_word' id='word_1_302' title='bbox 1360 2224 1418 2278; x_wconf 90' lang='lat' dir='ltr'><strong>et</strong></span> <span class='ocrx_word' id='word_1_303' title='bbox 1445 2234 1681 2278; x_wconf 90' lang='lat' dir='ltr'><strong>rursum</strong></span> <span class='ocrx_word' id='word_1_304' title='bbox 1712 2213 2094 2294; x_wconf 79' lang='lat' dir='ltr'><strong>gloriﬁcabo;</strong></span> <span class='ocrx_word' id='word_1_305' title='bbox 2126 2217 2188 2274; x_wconf 87' lang='lat' dir='ltr'><strong>et</strong></span> 
     </span>
    </p>
   </div>
   <div class='ocr_carea' id='block_1_41' title="bbox 542 2300 2188 2386">
    <p class='ocr_par' dir='ltr' id='par_1_41' title="bbox 542 2300 2188 2386">
     <span class='ocr_line' id='line_1_41' title="bbox 542 2300 2188 2386; baseline -0.001 -24"><span class='ocrx_word' id='word_1_306' title='bbox 542 2300 604 2362; x_wconf 91' lang='lat' dir='ltr'><strong>in</strong></span> <span class='ocrx_word' id='word_1_307' title='bbox 637 2313 860 2366; x_wconf 88' lang='lat' dir='ltr'><strong>monte.</strong></span> <span class='ocrx_word' id='word_1_308' title='bbox 899 2327 922 2361; x_wconf 80' lang='grc' dir='ltr'><strong>ι</strong></span> <span class='ocrx_word' id='word_1_309' title='bbox 953 2303 1014 2368; x_wconf 93' lang='lat' dir='ltr'><strong>Si</strong></span> <span class='ocrx_word' id='word_1_310' title='bbox 1045 2305 1192 2366; x_wconf 85' lang='lat' dir='ltr'><strong>illud</strong></span> <span class='ocrx_word' id='word_1_311' title='bbox 1225 2305 1389 2386; x_wconf 89' lang='lat' dir='ltr'><strong>prius</strong></span> <span class='ocrx_word' id='word_1_312' title='bbox 1417 2305 1707 2379; x_wconf 68' lang='lat' dir='ltr'><strong>noverit,n</strong></span> <span class='ocrx_word' id='word_1_313' title='bbox 1743 2312 1857 2366; x_wconf 89' lang='lat' dir='ltr'><strong>etc.</strong></span> <span class='ocrx_word' id='word_1_314' title='bbox 1891 2301 2188 2362; x_wconf 88' lang='lat' dir='ltr'><strong>Noverant</strong></span> 
     </span>
    </p>
   </div>
   <div class='ocr_carea' id='block_1_42' title="bbox 541 2390 2187 2475">
    <p class='ocr_par' dir='ltr' id='par_1_42' title="bbox 541 2390 2187 2475">
     <span class='ocr_line' id='line_1_42' title="bbox 541 2390 2187 2475; baseline -0.002 -22"><span class='ocrx_word' id='word_1_315' title='bbox 541 2396 602 2452; x_wconf 88' lang='lat' dir='ltr'><strong>et</strong></span> <span class='ocrx_word' id='word_1_316' title='bbox 631 2392 935 2472; x_wconf 71' lang='lat' dir='ltr'><strong>pr0phetze</strong></span> <span class='ocrx_word' id='word_1_317' title='bbox 957 2411 1026 2456; x_wconf 90' lang='lat' dir='ltr'><strong>ea</strong></span> <span class='ocrx_word' id='word_1_318' title='bbox 1045 2413 1175 2475; x_wconf 67' lang='lat' dir='ltr'><strong>quae</strong></span> <span class='ocrx_word' id='word_1_319' title='bbox 1198 2393 1312 2456; x_wconf 89' lang='lat' dir='ltr'><strong>sibi</strong></span> <span class='ocrx_word' id='word_1_320' title='bbox 1339 2413 1373 2456; x_wconf 91' lang='lat' dir='ltr'><strong>a</strong></span> <span class='ocrx_word' id='word_1_321' title='bbox 1401 2393 1747 2474; x_wconf 90' lang='lat' dir='ltr'><strong>prophetico</strong></span> <span class='ocrx_word' id='word_1_322' title='bbox 1765 2392 1974 2473; x_wconf 87' lang='lat' dir='ltr'><strong>spiritu</strong></span> <span class='ocrx_word' id='word_1_323' title='bbox 1995 2390 2187 2470; x_wconf 85' lang='lat' dir='ltr'><strong>inspi-</strong></span> 
     </span>
    </p>
   </div>
   <div class='ocr_carea' id='block_1_43' title="bbox 543 2477 2183 2564">
    <p class='ocr_par' dir='ltr' id='par_1_43' title="bbox 543 2477 2183 2564">
     <span class='ocr_line' id='line_1_43' title="bbox 543 2477 2183 2564; baseline -0.001 -24"><span class='ocrx_word' id='word_1_324' title='bbox 543 2477 850 2556; x_wconf 87' lang='lat' dir='ltr'><strong>rabantur,</strong></span> <span class='ocrx_word' id='word_1_325' title='bbox 877 2491 938 2544; x_wconf 91' lang='lat' dir='ltr'><strong>et</strong></span> <span class='ocrx_word' id='word_1_326' title='bbox 963 2482 1041 2545; x_wconf 89' lang='lat' dir='ltr'><strong>de</strong></span> <span class='ocrx_word' id='word_1_327' title='bbox 1071 2482 1308 2564; x_wconf 86' lang='lat' dir='ltr'><strong>quibus,</strong></span> <span class='ocrx_word' id='word_1_328' title='bbox 1343 2502 1460 2544; x_wconf 90' lang='lat' dir='ltr'><strong>non</strong></span> <span class='ocrx_word' id='word_1_329' title='bbox 1492 2493 1686 2543; x_wconf 89' lang='lat' dir='ltr'><strong>tamen</strong></span> <span class='ocrx_word' id='word_1_330' title='bbox 1718 2491 1921 2544; x_wconf 84' lang='lat' dir='ltr'><strong>exacte</strong></span> <span class='ocrx_word' id='word_1_331' title='bbox 1949 2489 2006 2542; x_wconf 88' lang='lat' dir='ltr'><strong>et</strong></span> <span class='ocrx_word' id='word_1_332' title='bbox 2033 2498 2183 2560; x_wconf 88' lang='lat' dir='ltr'><strong>quo-</strong></span> 
     </span>
    </p>
   </div>
   <div class='ocr_carea' id='block_1_44' title="bbox 544 2567 2186 2652">
    <p class='ocr_par' dir='ltr' id='par_1_44' title="bbox 544 2567 2186 2652">
     <span class='ocr_line' id='line_1_44' title="bbox 544 2567 2186 2652; baseline 0 -24"><span class='ocrx_word' id='word_1_333' title='bbox 544 2568 720 2630; x_wconf 88' lang='lat' dir='ltr'><strong>modo</strong></span> <span class='ocrx_word' id='word_1_334' title='bbox 749 2570 985 2650; x_wconf 82' lang='lat' dir='ltr'><strong>singula</strong></span> <span class='ocrx_word' id='word_1_335' title='bbox 1016 2572 1468 2652; x_wconf 72' lang='lat' dir='ltr'><strong>perficerentur.</strong></span> <span class='ocrx_word' id='word_1_336' title='bbox 1500 2569 1638 2632; x_wconf 92' lang='lat' dir='ltr'><strong>Ideo</strong></span> <span class='ocrx_word' id='word_1_337' title='bbox 1674 2587 1908 2651; x_wconf 89' lang='lat' dir='ltr'><strong>quoque</strong></span> <span class='ocrx_word' id='word_1_338' title='bbox 1963 2567 2186 2629; x_wconf 86' lang='lat' dir='ltr'><strong>intelli-</strong></span> 
     </span>
    </p>
   </div>
   <div class='ocr_carea' id='block_1_45' title="bbox 537 2659 2188 2738">
    <p class='ocr_par' dir='ltr' id='par_1_45' title="bbox 537 2659 2188 2738">
     <span class='ocr_line' id='line_1_45' title="bbox 537 2659 2188 2738; baseline -0.002 -18"><span class='ocrx_word' id='word_1_339' title='bbox 537 2662 746 2735; x_wconf 74' lang='lat' dir='ltr'><strong>geutes</strong></span> <span class='ocrx_word' id='word_1_340' title='bbox 775 2659 1194 2723; x_wconf 85' lang='lat' dir='ltr'><strong>desiderabant</strong></span> <span class='ocrx_word' id='word_1_341' title='bbox 1217 2659 1418 2721; x_wconf 83' lang='lat' dir='ltr'><strong>videre</strong></span> <span class='ocrx_word' id='word_1_342' title='bbox 1448 2660 1659 2721; x_wconf 91' lang='lat' dir='ltr'><strong>horum</strong></span> <span class='ocrx_word' id='word_1_343' title='bbox 1692 2667 1968 2722; x_wconf 91' lang='lat' dir='ltr'><strong>eventum</strong></span> <span class='ocrx_word' id='word_1_344' title='bbox 2005 2678 2018 2716; x_wconf 91' lang='lat'><strong>:</strong></span> <span class='ocrx_word' id='word_1_345' title='bbox 2053 2674 2188 2738; x_wconf 84' lang='lat' dir='ltr'><strong>que-</strong></span> 
     </span>
    </p>
   </div>
   <div class='ocr_carea' id='block_1_46' title="bbox 545 2750 1514 2814">
    <p class='ocr_par' dir='ltr' id='par_1_46' title="bbox 545 2750 1514 2814">
     <span class='ocr_line' id='line_1_46' title="bbox 545 2750 1514 2814; baseline -0.003 0"><span class='ocrx_word' id='word_1_346' title='bbox 545 2751 928 2814; x_wconf 86' lang='lat' dir='ltr'><strong>madmodum</strong></span> <span class='ocrx_word' id='word_1_347' title='bbox 959 2759 1020 2814; x_wconf 89' lang='lat' dir='ltr'><strong>et</strong></span> <span class='ocrx_word' id='word_1_348' title='bbox 1045 2750 1326 2814; x_wconf 90' lang='lat' dir='ltr'><strong>dominus</strong></span> <span class='ocrx_word' id='word_1_349' title='bbox 1353 2750 1514 2813; x_wconf 90' lang='lat' dir='ltr'><strong>dicit.</strong></span> 
     </span>
    </p>
   </div>
   <div class='ocr_carea' id='block_1_47' title="bbox 1076 2855 1652 2921">
    <p class='ocr_par' dir='ltr' id='par_1_47' title="bbox 1076 2855 1652 2921">
     <span class='ocr_line' id='line_1_47' title="bbox 1076 2855 1652 2921; baseline 0.003 -3"><span class='ocrx_word' id='word_1_350' title='bbox 1076 2857 1218 2919; x_wconf 67' lang='lat' dir='ltr'><strong>i558</strong></span> <span class='ocrx_word' id='word_1_351' title='bbox 1259 2855 1508 2921; x_wconf 84' lang='lat' dir='ltr'><strong>CAPUT</strong></span> <span class='ocrx_word' id='word_1_352' title='bbox 1552 2855 1652 2920; x_wconf 90' lang='lat' dir='ltr'><strong>IlI.</strong></span> 
     </span>
    </p>
   </div>
   <div class='ocr_carea' id='block_1_48' title="bbox 550 2944 2192 3028">
    <p class='ocr_par' dir='ltr' id='par_1_48' title="bbox 550 2944 2192 3028">
     <span class='ocr_line' id='line_1_48' title="bbox 550 2944 2192 3028; baseline -0.003 -17"><span class='ocrx_word' id='word_1_353' title='bbox 550 2947 919 3012; x_wconf 83' lang='lat' dir='ltr'><strong>Vaticinium</strong></span> <span class='ocrx_word' id='word_1_354' title='bbox 932 2951 1005 3012; x_wconf 59' lang='lat' dir='ltr'><strong>ite</strong></span> <span class='ocrx_word' id='word_1_355' title='bbox 1015 2949 1408 3028; x_wconf 67' lang='lat' dir='ltr'><strong>fraudulenta</strong></span> <span class='ocrx_word' id='word_1_356' title='bbox 1424 2948 1864 3010; x_wconf 74' lang='lat' dir='ltr'><strong>in-surrectione</strong></span> <span class='ocrx_word' id='word_1_357' title='bbox 1884 2944 2192 3028; x_wconf 73' lang='lat' dir='ltr'><strong>haeretico-</strong></span> 
     </span>
    </p>
   </div>
   <div class='ocr_carea' id='block_1_49' title="bbox 588 3025 2146 3112">
    <p class='ocr_par' dir='ltr' id='par_1_49' title="bbox 588 3025 2146 3112">
     <span class='ocr_line' id='line_1_49' title="bbox 588 3025 2146 3112; baseline -0.002 -23"><span class='ocrx_word' id='word_1_358' title='bbox 588 3045 728 3091; x_wconf 85' lang='lat' dir='ltr'><strong>rum</strong></span> <span class='ocrx_word' id='word_1_359' title='bbox 749 3025 1188 3111; x_wconf 71' lang='lat' dir='ltr'><strong>impietatisque</strong></span> <span class='ocrx_word' id='word_1_360' title='bbox 1215 3032 1486 3112; x_wconf 83' lang='lat' dir='ltr'><strong>ipsorum</strong></span> <span class='ocrx_word' id='word_1_361' title='bbox 1515 3045 1587 3088; x_wconf 86' lang='lat' dir='ltr'><strong>ac</strong></span> <span class='ocrx_word' id='word_1_362' title='bbox 1615 3029 1811 3102; x_wconf 81' lang='lat' dir='ltr'><strong>futuri</strong></span> <span class='ocrx_word' id='word_1_363' title='bbox 1840 3025 2146 3106; x_wconf 72' lang='lat' dir='ltr'><strong>supplicii.</strong></span> 
     </span>
    </p>
   </div>
   <div class='ocr_carea' id='block_1_50' title="bbox 627 3127 2186 3210">
    <p class='ocr_par' dir='ltr' id='par_1_50' title="bbox 627 3127 2186 3210">
     <span class='ocr_line' id='line_1_50' title="bbox 627 3127 2186 3210; baseline -0.003 -18"><span class='ocrx_word' id='word_1_364' title='bbox 627 3129 1106 3205; x_wconf 77' lang='lat' dir='ltr'><strong>ll,i-3.Fuerunt</strong></span> <span class='ocrx_word' id='word_1_365' title='bbox 1131 3140 1332 3194; x_wconf 88' lang='lat' dir='ltr'><strong>autem</strong></span> <span class='ocrx_word' id='word_1_366' title='bbox 1359 3139 1415 3192; x_wconf 85' lang='lat' dir='ltr'><strong>et</strong></span> <span class='ocrx_word' id='word_1_367' title='bbox 1443 3127 1972 3210; x_wconf 74' lang='lat' dir='ltr'><strong>pseudoprophetae</strong></span> <span class='ocrx_word' id='word_1_368' title='bbox 1991 3129 2057 3189; x_wconf 75' lang='lat' dir='ltr'><strong>in</strong></span> <span class='ocrx_word' id='word_1_369' title='bbox 2079 3145 2186 3207; x_wconf 75' lang='lat' dir='ltr'><strong>po~</strong></span> 
     </span>
    </p>
   </div>
   <div class='ocr_carea' id='block_1_51' title="bbox 2268 1945 3907 2027">
    <p class='ocr_par' dir='ltr' id='par_1_51' title="bbox 2268 1945 3907 2027">
     <span class='ocr_line' id='line_1_51' title="bbox 2268 1945 3907 2027; baseline -0.005 -21"><span class='ocrx_word' id='word_1_370' title='bbox 2268 1949 2386 2027; x_wconf 83' lang='grc' dir='ltr'>Τρὶς</span> <span class='ocrx_word' id='word_1_371' title='bbox 2418 1948 2634 2027; x_wconf 81' lang='grc' dir='ltr'>γέγονεν</span> <span class='ocrx_word' id='word_1_372' title='bbox 2660 1951 2694 2017; x_wconf 83' lang='grc' dir='ltr'>ἡ</span> <span class='ocrx_word' id='word_1_373' title='bbox 2765 1948 2872 2006; x_wconf 78' lang='grc' dir='ltr'>ἀπὸ</span> <span class='ocrx_word' id='word_1_374' title='bbox 2933 1956 3026 2006; x_wconf 81' lang='grc' dir='ltr'>τοῦ</span> <span class='ocrx_word' id='word_1_375' title='bbox 3083 1949 3285 2027; x_wconf 80' lang='grc' dir='ltr'>Πατρὸς</span> <span class='ocrx_word' id='word_1_376' title='bbox 3337 1951 3416 2024; x_wconf 78' lang='grc' dir='ltr'>τῷ</span> <span class='ocrx_word' id='word_1_377' title='bbox 3457 1950 3562 2022; x_wconf 80' lang='grc' dir='ltr'><strong>Υἱῷ</strong></span> <span class='ocrx_word' id='word_1_378' title='bbox 3604 1945 3858 2024; x_wconf 75' lang='grc' dir='ltr'>μαρτυρία</span> <span class='ocrx_word' id='word_1_379' title='bbox 3893 1960 3907 1973; x_wconf 88' lang='grc'><strong>·</strong></span> 
     </span>
    </p>
   </div>
   <div class='ocr_carea' id='block_1_52' title="bbox 2271 2033 3912 2114">
    <p class='ocr_par' dir='ltr' id='par_1_52' title="bbox 2271 2033 3912 2114">
     <span class='ocr_line' id='line_1_52' title="bbox 2271 2033 3912 2114; baseline -0.003 -21"><span class='ocrx_word' id='word_1_380' title='bbox 2271 2037 2356 2094; x_wconf 78' lang='grc' dir='ltr'>ἐπὶ</span> <span class='ocrx_word' id='word_1_381' title='bbox 2423 2047 2517 2096; x_wconf 84' lang='grc' dir='ltr'>τοῦ</span> <span class='ocrx_word' id='word_1_382' title='bbox 2597 2038 2984 2114; x_wconf 77' lang='grc' dir='ltr'>βαπτίσματος,</span> <span class='ocrx_word' id='word_1_383' title='bbox 3067 2036 3122 2093; x_wconf 77' lang='grc' dir='ltr'><strong>ἐν</strong></span> <span class='ocrx_word' id='word_1_384' title='bbox 3232 2044 3308 2112; x_wconf 84' lang='grc' dir='ltr'>τῷ</span> <span class='ocrx_word' id='word_1_385' title='bbox 3378 2037 3552 2108; x_wconf 80' lang='grc' dir='ltr'>πάθει,</span> <span class='ocrx_word' id='word_1_386' title='bbox 3651 2035 3737 2108; x_wconf 75' lang='grc' dir='ltr'><strong>τὸ,</strong></span> <span class='ocrx_word' id='word_1_387' title='bbox 3808 2033 3912 2090; x_wconf 80' lang='grc' dir='ltr'><strong>Καὶ</strong></span> 
     </span>
    </p>
   </div>
   <div class='ocr_carea' id='block_1_53' title="bbox 2269 2121 3906 2198">
    <p class='ocr_par' dir='ltr' id='par_1_53' title="bbox 2269 2121 3906 2198">
     <span class='ocr_line' id='line_1_53' title="bbox 2269 2121 3906 2198; baseline -0.002 -16"><span class='ocrx_word' id='word_1_388' title='bbox 2269 2125 2485 2192; x_wconf 81' lang='grc' dir='ltr'>ἐδόξασα</span> <span class='ocrx_word' id='word_1_389' title='bbox 2541 2128 2630 2183; x_wconf 85' lang='grc' dir='ltr'><strong>καὶ</strong></span> <span class='ocrx_word' id='word_1_390' title='bbox 2678 2125 2838 2184; x_wconf 86' lang='grc' dir='ltr'>πάλιν</span> <span class='ocrx_word' id='word_1_391' title='bbox 2933 2125 3157 2193; x_wconf 78' lang='grc' dir='ltr'>δοξάσω,</span> <span class='ocrx_word' id='word_1_392' title='bbox 3261 2127 3357 2184; x_wconf 80' lang='grc' dir='ltr'>Καὶ</span> <span class='ocrx_word' id='word_1_393' title='bbox 3411 2126 3497 2182; x_wconf 84' lang='grc' dir='ltr'><strong>ἐπὶ</strong></span> <span class='ocrx_word' id='word_1_394' title='bbox 3582 2133 3676 2183; x_wconf 77' lang='grc' dir='ltr'>τοῦ</span> <span class='ocrx_word' id='word_1_395' title='bbox 3731 2121 3906 2198; x_wconf 67' lang='grc' dir='ltr'>ὀρους.</span> 
     </span>
    </p>
   </div>
   <div class='ocr_carea' id='block_1_54' title="bbox 2275 2202 3910 2296">
    <p class='ocr_par' dir='ltr' id='par_1_54' title="bbox 2275 2202 3910 2296">
     <span class='ocr_line' id='line_1_54' title="bbox 2275 2202 3910 2296; baseline -0.002 -25"><span class='ocrx_word' id='word_1_396' title='bbox 2275 2236 2299 2271; x_wconf 71' lang='grc' dir='ltr'><strong>ε</strong></span> <span class='ocrx_word' id='word_1_397' title='bbox 2351 2224 2515 2274; x_wconf 83' lang='grc' dir='ltr'>Τοῦτο</span> <span class='ocrx_word' id='word_1_398' title='bbox 2556 2221 2763 2296; x_wconf 86' lang='grc' dir='ltr'>πρῶτον</span> <span class='ocrx_word' id='word_1_399' title='bbox 2805 2217 3174 2293; x_wconf 84' lang='grc' dir='ltr'>γινώσκοντες,</span> <span class='ocrx_word' id='word_1_400' title='bbox 3206 2238 3234 2270; x_wconf 70' lang='grc' dir='ltr'><strong>ι</strong></span> <span class='ocrx_word' id='word_1_401' title='bbox 3297 2215 3476 2272; x_wconf 76' lang='grc' dir='ltr'>καὶτὰ</span> <span class='ocrx_word' id='word_1_402' title='bbox 3523 2213 3668 2282; x_wconf 76' lang='grc' dir='ltr'>ἐξῆς.</span> <span class='ocrx_word' id='word_1_403' title='bbox 3734 2202 3910 2283; x_wconf 55' lang='lat' dir='ltr'><strong>&quot;Has-</strong></span> 
     </span>
    </p>
   </div>
   <div class='ocr_carea' id='block_1_55' title="bbox 2267 2303 3912 2384">
    <p class='ocr_par' dir='ltr' id='par_1_55' title="bbox 2267 2303 3912 2384">
     <span class='ocr_line' id='line_1_55' title="bbox 2267 2303 3912 2384; baseline 0.001 -25"><span class='ocrx_word' id='word_1_404' title='bbox 2267 2325 2364 2360; x_wconf 91' lang='grc' dir='ltr'><strong>σαν</strong></span> <span class='ocrx_word' id='word_1_405' title='bbox 2391 2306 2439 2361; x_wconf 76' lang='grc' dir='ltr'><strong>οἱ</strong></span> <span class='ocrx_word' id='word_1_406' title='bbox 2463 2309 2727 2384; x_wconf 76' lang='grc' dir='ltr'>προφῆται</span> <span class='ocrx_word' id='word_1_407' title='bbox 2782 2307 2896 2360; x_wconf 87' lang='grc' dir='ltr'>καὶ-</span> <span class='ocrx_word' id='word_1_408' title='bbox 2924 2304 2957 2361; x_wconf 76' lang='grc' dir='ltr'>ἃ</span> <span class='ocrx_word' id='word_1_409' title='bbox 3014 2303 3330 2379; x_wconf 79' lang='grc' dir='ltr'>ἐμπνέονται</span> <span class='ocrx_word' id='word_1_410' title='bbox 3386 2305 3487 2361; x_wconf 76' lang='grc' dir='ltr'>ὑπὸ</span> <span class='ocrx_word' id='word_1_411' title='bbox 3536 2311 3628 2361; x_wconf 81' lang='grc' dir='ltr'>τοῦ</span> <span class='ocrx_word' id='word_1_412' title='bbox 3693 2324 3912 2382; x_wconf 81' lang='grc' dir='ltr'>προφη-</span> 
     </span>
    </p>
   </div>
   <div class='ocr_carea' id='block_1_56' title="bbox 2265 2391 3911 2473">
    <p class='ocr_par' dir='ltr' id='par_1_56' title="bbox 2265 2391 3911 2473">
     <span class='ocr_line' id='line_1_56' title="bbox 2265 2391 3911 2473; baseline -0.001 -25"><span class='ocrx_word' id='word_1_413' title='bbox 2265 2399 2413 2449; x_wconf 85' lang='grc' dir='ltr'>τικοῦ</span> <span class='ocrx_word' id='word_1_414' title='bbox 2440 2403 2756 2473; x_wconf 84' lang='grc' dir='ltr'>πνεῦματος,</span> <span class='ocrx_word' id='word_1_415' title='bbox 2799 2395 2887 2450; x_wconf 83' lang='grc' dir='ltr'>καὶ</span> <span class='ocrx_word' id='word_1_416' title='bbox 2939 2395 3058 2472; x_wconf 86' lang='grc' dir='ltr'>περὶ</span> <span class='ocrx_word' id='word_1_417' title='bbox 3098 2396 3195 2467; x_wconf 83' lang='grc' dir='ltr'>ὧν,</span> <span class='ocrx_word' id='word_1_418' title='bbox 3262 2394 3322 2450; x_wconf 80' lang='grc' dir='ltr'>ού</span> <span class='ocrx_word' id='word_1_419' title='bbox 3381 2393 3559 2452; x_wconf 71' lang='grc' dir='ltr'>μέντοι</span> <span class='ocrx_word' id='word_1_420' title='bbox 3602 2396 3689 2449; x_wconf 83' lang='grc' dir='ltr'><strong>καὶ</strong></span> <span class='ocrx_word' id='word_1_421' title='bbox 3751 2391 3911 2469; x_wconf 76' lang='grc' dir='ltr'>ἀκρι-</span> 
     </span>
    </p>
   </div>
   <div class='ocr_carea' id='block_1_57' title="bbox 2267 2478 3911 2548">
    <p class='ocr_par' dir='ltr' id='par_1_57' title="bbox 2267 2478 3911 2548">
     <span class='ocr_line' id='line_1_57' title="bbox 2267 2478 3911 2548; baseline -0.002 -11"><span class='ocrx_word' id='word_1_422' title='bbox 2267 2478 2373 2544; x_wconf 84' lang='grc' dir='ltr'><strong>ϐῶς</strong></span> <span class='ocrx_word' id='word_1_423' title='bbox 2403 2482 2490 2538; x_wconf 88' lang='grc' dir='ltr'><strong>καὶ</strong></span> <span class='ocrx_word' id='word_1_424' title='bbox 2517 2483 2589 2547; x_wconf 84' lang='grc' dir='ltr'>ὡς</span> <span class='ocrx_word' id='word_1_425' title='bbox 2643 2481 2939 2539; x_wconf 81' lang='grc' dir='ltr'>καθέκαστα</span> <span class='ocrx_word' id='word_1_426' title='bbox 2992 2479 3332 2548; x_wconf 82' lang='grc' dir='ltr'>ἐπετελέσθη.</span> <span class='ocrx_word' id='word_1_427' title='bbox 3396 2483 3488 2537; x_wconf 81' lang='grc' dir='ltr'><strong>Διὸ</strong></span> <span class='ocrx_word' id='word_1_428' title='bbox 3543 2483 3630 2537; x_wconf 83' lang='grc' dir='ltr'>καὶ</span> <span class='ocrx_word' id='word_1_429' title='bbox 3699 2478 3911 2536; x_wconf 76' lang='grc' dir='ltr'>συνιέν-</span> 
     </span>
    </p>
   </div>
   <div class='ocr_carea' id='block_1_58' title="bbox 2266 2571 2708 2647">
    <p class='ocr_par' dir='ltr' id='par_1_58' title="bbox 2266 2571 2708 2647">
     <span class='ocr_line' id='line_1_58' title="bbox 2266 2571 2708 2647; baseline 0.005 -21"><span class='ocrx_word' id='word_1_430' title='bbox 2266 2592 2352 2636; x_wconf 86' lang='grc' dir='ltr'><strong>τες</strong></span> <span class='ocrx_word' id='word_1_431' title='bbox 2421 2571 2708 2647; x_wconf 78' lang='grc' dir='ltr'>ἐπεθύμουν</span> 
     </span>
    </p>
   </div>
   <div class='ocr_carea' id='block_1_59' title="bbox 2269 2660 2731 2741">
    <p class='ocr_par' dir='ltr' id='par_1_59' title="bbox 2269 2660 2731 2741">
     <span class='ocr_line' id='line_1_59' title="bbox 2269 2660 2731 2741; baseline 0.004 -26"><span class='ocrx_word' id='word_1_432' title='bbox 2269 2662 2299 2715; x_wconf 80' lang='grc' dir='ltr'>ὁ</span> <span class='ocrx_word' id='word_1_433' title='bbox 2332 2660 2517 2740; x_wconf 82' lang='grc' dir='ltr'>Κύριός</span> <span class='ocrx_word' id='word_1_434' title='bbox 2549 2683 2731 2741; x_wconf 86' lang='grc' dir='ltr'>φησιν,</span> 
     </span>
    </p>
   </div>
   <div class='ocr_carea' id='block_1_60' title="bbox 2788 2568 3914 2644">
    <p class='ocr_par' dir='ltr' id='par_1_60' title="bbox 2788 2568 3914 2644">
     <span class='ocr_line' id='line_1_60' title="bbox 2788 2568 3914 2644; baseline -0.004 -16"><span class='ocrx_word' id='word_1_435' title='bbox 2788 2570 2920 2629; x_wconf 76' lang='grc' dir='ltr'>ἰδεῖν</span> <span class='ocrx_word' id='word_1_436' title='bbox 2976 2573 3074 2639; x_wconf 78' lang='grc' dir='ltr'><strong>τὴν</strong></span> <span class='ocrx_word' id='word_1_437' title='bbox 3131 2571 3331 2628; x_wconf 83' lang='grc' dir='ltr'>τούτων</span> <span class='ocrx_word' id='word_1_438' title='bbox 3385 2568 3619 2644; x_wconf 77' lang='grc' dir='ltr'>ἔκϐασιν,</span> <span class='ocrx_word' id='word_1_439' title='bbox 3679 2572 3753 2632; x_wconf 80' lang='grc' dir='ltr'>ὡς</span> <span class='ocrx_word' id='word_1_440' title='bbox 3821 2569 3914 2623; x_wconf 81' lang='grc' dir='ltr'><strong>καὶ</strong></span> 
     </span>
    </p>
   </div>
   <div class='ocr_carea' id='block_1_61' title="bbox 2895 2840 3279 2913">
    <p class='ocr_par' dir='ltr' id='par_1_61' title="bbox 2895 2840 3279 2913">
     <span class='ocr_line' id='line_1_61' title="bbox 2895 2840 3279 2913; baseline 0.01 -4"><span class='ocrx_word' id='word_1_441' title='bbox 2895 2855 3145 2912; x_wconf 65' lang='lat' dir='ltr'><strong>ama.</strong></span> <span class='ocrx_word' id='word_1_442' title='bbox 3198 2840 3279 2913; x_wconf 93' lang='lat' dir='ltr'><strong>r&#39;.</strong></span> 
     </span>
    </p>
   </div>
   <div class='ocr_carea' id='block_1_62' title="bbox 2281 2946 3907 3027">
    <p class='ocr_par' dir='ltr' id='par_1_62' title="bbox 2281 2946 3907 3027">
     <span class='ocr_line' id='line_1_62' title="bbox 2281 2946 3907 3027; baseline -0.002 -23"><span class='ocrx_word' id='word_1_443' title='bbox 2281 2971 2303 3004; x_wconf 77' lang='grc' dir='ltr'><strong>ι</strong></span> <span class='ocrx_word' id='word_1_444' title='bbox 2382 2946 2668 3027; x_wconf 78' lang='grc' dir='ltr'>Πρόῤῥησις</span> <span class='ocrx_word' id='word_1_445' title='bbox 2753 2946 3034 3014; x_wconf 76' lang='grc' dir='ltr'>ἆπατηλῆς</span> <span class='ocrx_word' id='word_1_446' title='bbox 3108 2947 3534 3027; x_wconf 76' lang='grc' dir='ltr'>ἐπαναστάσεως</span> <span class='ocrx_word' id='word_1_447' title='bbox 3608 2948 3907 3026; x_wconf 74' lang='grc' dir='ltr'>αἰρετικῶν,</span> 
     </span>
    </p>
   </div>
   <div class='ocr_carea' id='block_1_63' title="bbox 2351 3026 3720 3103">
    <p class='ocr_par' dir='ltr' id='par_1_63' title="bbox 2351 3026 3720 3103">
     <span class='ocr_line' id='line_1_63' title="bbox 2351 3026 3720 3103; baseline -0.001 -19"><span class='ocrx_word' id='word_1_448' title='bbox 2351 3026 2589 3092; x_wconf 83' lang='grc' dir='ltr'>ἀσεϐείας</span> <span class='ocrx_word' id='word_1_449' title='bbox 2619 3050 2675 3084; x_wconf 89' lang='grc' dir='ltr'><strong>τε</strong></span> <span class='ocrx_word' id='word_1_450' title='bbox 2719 3029 2887 3084; x_wconf 79' lang='grc' dir='ltr'>αὐτῶν</span> <span class='ocrx_word' id='word_1_451' title='bbox 2919 3030 3005 3084; x_wconf 82' lang='grc' dir='ltr'><strong>καὶ</strong></span> <span class='ocrx_word' id='word_1_452' title='bbox 3035 3026 3333 3103; x_wconf 74' lang='grc' dir='ltr'>μελλούσης</span> <span class='ocrx_word' id='word_1_453' title='bbox 3365 3026 3655 3090; x_wconf 77' lang='grc' dir='ltr'>κολάσεως,</span> <span class='ocrx_word' id='word_1_454' title='bbox 3692 3051 3720 3082; x_wconf 72' lang='grc' dir='ltr'><strong><em>ι</em></strong></span> 
     </span>
    </p>
   </div>
   <div class='ocr_carea' id='block_1_64' title="bbox 2360 3123 3906 3206">
    <p class='ocr_par' dir='ltr' id='par_1_64' title="bbox 2360 3123 3906 3206">
     <span class='ocr_line' id='line_1_64' title="bbox 2360 3123 3906 3206; baseline 0 -26"><span class='ocrx_word' id='word_1_455' title='bbox 2360 3147 2381 3180; x_wconf 76' lang='grc' dir='ltr'><strong>ο</strong></span> <span class='ocrx_word' id='word_1_456' title='bbox 2417 3126 2694 3205; x_wconf 86' lang='grc' dir='ltr'>Ἐγένοντο</span> <span class='ocrx_word' id='word_1_457' title='bbox 2761 3124 2816 3182; x_wconf 79' lang='grc' dir='ltr'>δὲ</span> <span class='ocrx_word' id='word_1_458' title='bbox 2885 3129 2970 3182; x_wconf 85' lang='grc' dir='ltr'><strong>καὶ</strong></span> <span class='ocrx_word' id='word_1_459' title='bbox 3027 3123 3449 3206; x_wconf 69' lang='grc' dir='ltr'>ψευδοπροφῆται</span> <span class='ocrx_word' id='word_1_460' title='bbox 3519 3125 3574 3181; x_wconf 91' lang='grc' dir='ltr'><strong>ἐν</strong></span> <span class='ocrx_word' id='word_1_461' title='bbox 3622 3132 3699 3198; x_wconf 82' lang='grc' dir='ltr'>τῷ</span> <span class='ocrx_word' id='word_1_462' title='bbox 3767 3124 3906 3200; x_wconf 82' lang='grc' dir='ltr'>λαῷ,</span> 
     </span>
    </p>
   </div>
   <div class='ocr_carea' id='block_1_65' title="bbox 541 3212 2186 3302">
    <p class='ocr_par' dir='ltr' id='par_1_65' title="bbox 541 3217 2186 3302">
     <span class='ocr_line' id='line_1_65' title="bbox 541 3217 2186 3302; baseline -0.002 -20"><span class='ocrx_word' id='word_1_463' title='bbox 541 3221 1218 3302; x_wconf 85' lang='lat' dir='ltr'><strong>pulo,quemadmodum</strong></span> <span class='ocrx_word' id='word_1_464' title='bbox 1232 3227 1288 3282; x_wconf 90' lang='lat' dir='ltr'><strong>et</strong></span> <span class='ocrx_word' id='word_1_465' title='bbox 1298 3226 1453 3282; x_wconf 79' lang='lat' dir='ltr'><strong>inter</strong></span> <span class='ocrx_word' id='word_1_466' title='bbox 1463 3236 1566 3280; x_wconf 89' lang='lat' dir='ltr'><strong>vos</strong></span> <span class='ocrx_word' id='word_1_467' title='bbox 1580 3223 1756 3280; x_wconf 82' lang='lat' dir='ltr'><strong>erant</strong></span> <span class='ocrx_word' id='word_1_468' title='bbox 1799 3217 2186 3293; x_wconf 78' lang='lat' dir='ltr'><strong>pseudodida-</strong></span> 
     </span>
    </p>
   </div>
   <div class='ocr_carea' id='block_1_66' title="bbox 2270 3212 3908 3302">
    <p class='ocr_par' dir='ltr' id='par_1_66' title="bbox 2271 3212 3908 3290">
     <span class='ocr_line' id='line_1_66' title="bbox 2271 3212 3908 3290; baseline -0.001 -18"><span class='ocrx_word' id='word_1_469' title='bbox 2271 3217 2344 3278; x_wconf 84' lang='grc' dir='ltr'>ὡς</span> <span class='ocrx_word' id='word_1_470' title='bbox 2419 3217 2505 3272; x_wconf 81' lang='grc' dir='ltr'><strong>καὶ</strong></span> <span class='ocrx_word' id='word_1_471' title='bbox 2573 3216 2628 3271; x_wconf 87' lang='grc' dir='ltr'><strong>ἐν</strong></span> <span class='ocrx_word' id='word_1_472' title='bbox 2721 3217 2848 3290; x_wconf 76' lang='grc' dir='ltr'>ὑμῖν</span> <span class='ocrx_word' id='word_1_473' title='bbox 2941 3214 3144 3272; x_wconf 76' lang='grc' dir='ltr'>ἔσονται</span> <span class='ocrx_word' id='word_1_474' title='bbox 3241 3212 3724 3290; x_wconf 81' lang='grc' dir='ltr'>ψευδοδιδάσκαλοι.</span> <span class='ocrx_word' id='word_1_475' title='bbox 3799 3213 3908 3272; x_wconf 69' lang='grc' dir='ltr'><strong>Οἵ-</strong></span> 
     </span>
    </p>
   </div>
   <div class='ocr_carea' id='block_1_67' title="bbox 544 3301 2186 3389">
    <p class='ocr_par' dir='ltr' id='par_1_67' title="bbox 544 3301 2186 3389">
     <span class='ocr_line' id='line_1_67' title="bbox 544 3301 2186 3389; baseline -0.002 -18"><span class='ocrx_word' id='word_1_476' title='bbox 544 3301 703 3371; x_wconf 80' lang='lat' dir='ltr'><strong>seali</strong></span> <span class='ocrx_word' id='word_1_477' title='bbox 732 3309 819 3389; x_wconf 85' lang='lat' dir='ltr'><strong>(id</strong></span> <span class='ocrx_word' id='word_1_478' title='bbox 848 3316 935 3372; x_wconf 85' lang='lat' dir='ltr'><strong>est</strong></span> <span class='ocrx_word' id='word_1_479' title='bbox 957 3311 1106 3388; x_wconf 78' lang='lat' dir='ltr'><strong>falsi</strong></span> <span class='ocrx_word' id='word_1_480' title='bbox 1137 3311 1424 3389; x_wconf 81' lang='lat' dir='ltr'><strong>doctores)</strong></span> <span class='ocrx_word' id='word_1_481' title='bbox 1449 3311 1552 3387; x_wconf 86' lang='lat' dir='ltr'><strong>qui</strong></span> <span class='ocrx_word' id='word_1_482' title='bbox 1581 3306 1737 3367; x_wconf 83' lang='lat' dir='ltr'><strong>clam</strong></span> <span class='ocrx_word' id='word_1_483' title='bbox 1765 3306 2050 3369; x_wconf 83' lang='lat' dir='ltr'><strong>inducent</strong></span> <span class='ocrx_word' id='word_1_484' title='bbox 2075 3323 2186 3368; x_wconf 87' lang='lat' dir='ltr'><strong>sec-</strong></span> 
     </span>
    </p>
   </div>
   <div class='ocr_carea' id='block_1_68' title="bbox 2270 3301 3910 3389">
    <p class='ocr_par' dir='ltr' id='par_1_68' title="bbox 2270 3301 3910 3384">
     <span class='ocr_line' id='line_1_68' title="bbox 2270 3301 3910 3384; baseline 0 -25"><span class='ocrx_word' id='word_1_485' title='bbox 2270 3325 2408 3367; x_wconf 84' lang='grc' dir='ltr'>τινες</span> <span class='ocrx_word' id='word_1_486' title='bbox 2477 3301 2874 3384; x_wconf 80' lang='grc' dir='ltr'>παρεισάξουσιν</span> <span class='ocrx_word' id='word_1_487' title='bbox 2968 3303 3190 3382; x_wconf 77' lang='grc' dir='ltr'>αἱρέσεις</span> <span class='ocrx_word' id='word_1_488' title='bbox 3271 3302 3560 3376; x_wconf 71' lang='grc' dir='ltr'>ἀπωλείας,</span> <span class='ocrx_word' id='word_1_489' title='bbox 3658 3306 3745 3359; x_wconf 84' lang='grc' dir='ltr'><strong>καὶ</strong></span> <span class='ocrx_word' id='word_1_490' title='bbox 3816 3305 3910 3359; x_wconf 83' lang='grc' dir='ltr'>τὸν</span> 
     </span>
    </p>
   </div>
   <div class='ocr_carea' id='block_1_69' title="bbox 546 3391 2186 3480">
    <p class='ocr_par' dir='ltr' id='par_1_69' title="bbox 546 3395 2186 3480">
     <span class='ocr_line' id='line_1_69' title="bbox 546 3395 2186 3480; baseline -0.001 -21"><span class='ocrx_word' id='word_1_491' title='bbox 546 3404 636 3459; x_wconf 82' lang='lat' dir='ltr'><strong>tas</strong></span> <span class='ocrx_word' id='word_1_492' title='bbox 657 3399 1239 3480; x_wconf 83' lang='lat' dir='ltr'><strong>perniciosas,etiom</strong></span> <span class='ocrx_word' id='word_1_493' title='bbox 1261 3397 1588 3460; x_wconf 79' lang='lat' dir='ltr'><strong>Dominum</strong></span> <span class='ocrx_word' id='word_1_494' title='bbox 1622 3401 1720 3476; x_wconf 63' lang='lat' dir='ltr'><strong>Iui</strong></span> <span class='ocrx_word' id='word_1_495' title='bbox 1733 3395 1864 3457; x_wconf 80' lang='lat' dir='ltr'><strong>illos</strong></span> <span class='ocrx_word' id='word_1_496' title='bbox 1887 3405 2186 3458; x_wconf 83' lang='lat' dir='ltr'><strong>mercatus</strong></span> 
     </span>
    </p>
   </div>
   <div class='ocr_carea' id='block_1_70' title="bbox 2270 3391 3909 3480">
    <p class='ocr_par' dir='ltr' id='par_1_70' title="bbox 2270 3391 3909 3472">
     <span class='ocr_line' id='line_1_70' title="bbox 2270 3391 3909 3472; baseline 0.001 -25"><span class='ocrx_word' id='word_1_497' title='bbox 2270 3392 2589 3472; x_wconf 68' lang='grc' dir='ltr'>ἀγοράζοντα</span> <span class='ocrx_word' id='word_1_498' title='bbox 2682 3391 2867 3457; x_wconf 76' lang='grc' dir='ltr'>αὖτοὺς</span> <span class='ocrx_word' id='word_1_499' title='bbox 2966 3393 3241 3459; x_wconf 86' lang='grc' dir='ltr'>Δεσπότην</span> <span class='ocrx_word' id='word_1_500' title='bbox 3352 3392 3681 3471; x_wconf 78' lang='grc' dir='ltr'>ἀρνούμενοι,</span> <span class='ocrx_word' id='word_1_501' title='bbox 3769 3392 3909 3449; x_wconf 74' lang='grc' dir='ltr'>ἐπά-</span> 
     </span>
    </p>
   </div>
   <div class='ocr_carea' id='block_1_71' title="bbox 544 3479 2186 3567">
    <p class='ocr_par' dir='ltr' id='par_1_71' title="bbox 544 3479 2186 3567">
     <span class='ocr_line' id='line_1_71' title="bbox 544 3479 2186 3567; baseline -0.001 -20"><span class='ocrx_word' id='word_1_502' title='bbox 544 3493 635 3547; x_wconf 84' lang='lat' dir='ltr'><strong>est</strong></span> <span class='ocrx_word' id='word_1_503' title='bbox 663 3479 1046 3567; x_wconf 73' lang='lat' dir='ltr'><strong>abnegantes,</strong></span> <span class='ocrx_word' id='word_1_504' title='bbox 1079 3494 1446 3551; x_wconf 65' lang='lat' dir='ltr'><strong>accersentes</strong></span> <span class='ocrx_word' id='word_1_505' title='bbox 1485 3486 1600 3547; x_wconf 85' lang='lat' dir='ltr'><strong>sibi</strong></span> <span class='ocrx_word' id='word_1_506' title='bbox 1633 3485 1779 3564; x_wconf 79' lang='lat' dir='ltr'><strong>ipsis</strong></span> <span class='ocrx_word' id='word_1_507' title='bbox 1820 3483 2067 3546; x_wconf 81' lang='lat' dir='ltr'><strong>celerem</strong></span> <span class='ocrx_word' id='word_1_508' title='bbox 2097 3486 2186 3546; x_wconf 82' lang='lat' dir='ltr'><strong>in-</strong></span> 
     </span>
    </p>
   </div>
   <div class='ocr_carea' id='block_1_72' title="bbox 2270 3479 3913 3567">
    <p class='ocr_par' dir='ltr' id='par_1_72' title="bbox 2270 3479 3913 3562">
     <span class='ocr_line' id='line_1_72' title="bbox 2270 3479 3913 3562; baseline 0.001 -24"><span class='ocrx_word' id='word_1_509' title='bbox 2270 3501 2448 3559; x_wconf 86' lang='grc' dir='ltr'>γοντες</span> <span class='ocrx_word' id='word_1_510' title='bbox 2531 3482 2738 3545; x_wconf 77' lang='grc' dir='ltr'>ἑαυτοῖς</span> <span class='ocrx_word' id='word_1_511' title='bbox 2835 3482 3074 3562; x_wconf 81' lang='grc' dir='ltr'>ταχικὴν</span> <span class='ocrx_word' id='word_1_512' title='bbox 3172 3479 3459 3542; x_wconf 76' lang='grc' dir='ltr'>ἀπώλειαν,</span> <span class='ocrx_word' id='word_1_513' title='bbox 3545 3484 3640 3539; x_wconf 84' lang='grc' dir='ltr'>Καὶ</span> <span class='ocrx_word' id='word_1_514' title='bbox 3720 3481 3913 3539; x_wconf 71' lang='grc' dir='ltr'>πολλοὶ</span> 
     </span>
    </p>
   </div>
   <div class='ocr_carea' id='block_1_73' title="bbox 545 3568 2186 3656">
    <p class='ocr_par' dir='ltr' id='par_1_73' title="bbox 545 3572 2182 3656">
     <span class='ocr_line' id='line_1_73' title="bbox 545 3572 2182 3656; baseline 0.001 -20"><span class='ocrx_word' id='word_1_515' title='bbox 545 3576 838 3638; x_wconf 77' lang='lat' dir='ltr'><strong>teritum:</strong></span> <span class='ocrx_word' id='word_1_516' title='bbox 869 3584 926 3638; x_wconf 88' lang='lat' dir='ltr'><strong>et</strong></span> <span class='ocrx_word' id='word_1_517' title='bbox 954 3576 1225 3656; x_wconf 81' lang='lat' dir='ltr'><strong>plerique</strong></span> <span class='ocrx_word' id='word_1_518' title='bbox 1276 3582 1602 3655; x_wconf 80' lang='lat' dir='ltr'><strong>sequentur</strong></span> <span class='ocrx_word' id='word_1_519' title='bbox 1661 3572 1910 3635; x_wconf 80' lang='lat' dir='ltr'><strong>illorum</strong></span> <span class='ocrx_word' id='word_1_520' title='bbox 1941 3575 2133 3636; x_wconf 76' lang='lat' dir='ltr'><strong>exitia</strong></span> <span class='ocrx_word' id='word_1_521' title='bbox 2167 3592 2182 3637; x_wconf 89' lang='lat'>:</span> 
     </span>
    </p>
   </div>
   <div class='ocr_carea' id='block_1_74' title="bbox 2270 3568 3903 3656">
    <p class='ocr_par' dir='ltr' id='par_1_74' title="bbox 2270 3568 3903 3640">
     <span class='ocr_line' id='line_1_74' title="bbox 2270 3568 3903 3640; baseline 0.001 -15"><span class='ocrx_word' id='word_1_522' title='bbox 2270 3569 2764 3640; x_wconf 77' lang='grc' dir='ltr'>ἐξακολουθήσουσιν</span> <span class='ocrx_word' id='word_1_523' title='bbox 2820 3573 2991 3627; x_wconf 74' lang='grc' dir='ltr'>αὐτῶν</span> <span class='ocrx_word' id='word_1_524' title='bbox 3070 3583 3193 3634; x_wconf 80' lang='grc' dir='ltr'>ταῖς</span> <span class='ocrx_word' id='word_1_525' title='bbox 3266 3568 3576 3635; x_wconf 83' lang='grc' dir='ltr'>ἀπωλείαις.</span> <span class='ocrx_word' id='word_1_526' title='bbox 3670 3569 3750 3626; x_wconf 88' lang='grc' dir='ltr'><strong>Δι’</strong></span> <span class='ocrx_word' id='word_1_527' title='bbox 3813 3573 3903 3635; x_wconf 76' lang='grc' dir='ltr'><strong>οὒς</strong></span> 
     </span>
    </p>
   </div>
   <div class='ocr_carea' id='block_1_75' title="bbox 538 3657 2186 3744">
    <p class='ocr_par' dir='ltr' id='par_1_75' title="bbox 538 3662 2186 3744">
     <span class='ocr_line' id='line_1_75' title="bbox 538 3662 2186 3744; baseline 0.002 -21"><span class='ocrx_word' id='word_1_528' title='bbox 538 3671 790 3744; x_wconf 77' lang='lat' dir='ltr'><strong>propter</strong></span> <span class='ocrx_word' id='word_1_529' title='bbox 815 3683 961 3744; x_wconf 90' lang='lat' dir='ltr'><strong>quos</strong></span> <span class='ocrx_word' id='word_1_530' title='bbox 995 3666 1094 3726; x_wconf 86' lang='lat' dir='ltr'><strong>via</strong></span> <span class='ocrx_word' id='word_1_531' title='bbox 1123 3665 1398 3728; x_wconf 83' lang='lat' dir='ltr'><strong>veritatis</strong></span> <span class='ocrx_word' id='word_1_532' title='bbox 1429 3663 1712 3724; x_wconf 81' lang='lat' dir='ltr'><strong>convitiis</strong></span> <span class='ocrx_word' id='word_1_533' title='bbox 1743 3662 2055 3742; x_wconf 81' lang='lat' dir='ltr'><strong>afﬁcietur</strong></span> <span class='ocrx_word' id='word_1_534' title='bbox 2081 3683 2095 3723; x_wconf 92' lang='lat'>:</span> <span class='ocrx_word' id='word_1_535' title='bbox 2131 3671 2186 3727; x_wconf 90' lang='lat' dir='ltr'><strong>et</strong></span> 
     </span>
    </p>
   </div>
   <div class='ocr_carea' id='block_1_76' title="bbox 2270 3657 3909 3744">
    <p class='ocr_par' dir='ltr' id='par_1_76' title="bbox 2270 3657 3909 3739">
     <span class='ocr_line' id='line_1_76' title="bbox 2270 3657 3909 3739; baseline 0.001 -23"><span class='ocrx_word' id='word_1_536' title='bbox 2270 3661 2301 3727; x_wconf 76' lang='grc' dir='ltr'>ἡ</span> <span class='ocrx_word' id='word_1_537' title='bbox 2386 3658 2501 3725; x_wconf 80' lang='grc' dir='ltr'>ὁδὸς</span> <span class='ocrx_word' id='word_1_538' title='bbox 2611 3665 2709 3726; x_wconf 81' lang='grc' dir='ltr'>τῆς</span> <span class='ocrx_word' id='word_1_539' title='bbox 2817 3658 3063 3726; x_wconf 79' lang='grc' dir='ltr'>ἀληθείας</span> <span class='ocrx_word' id='word_1_540' title='bbox 3171 3657 3704 3739; x_wconf 73' lang='grc' dir='ltr'>βλασφημηθήσεται,</span> <span class='ocrx_word' id='word_1_541' title='bbox 3819 3662 3909 3717; x_wconf 88' lang='grc' dir='ltr'><strong>καὶ</strong></span> 
     </span>
    </p>
   </div>
   <div class='ocr_carea' id='block_1_77' title="bbox 536 3745 2186 3832">
    <p class='ocr_par' dir='ltr' id='par_1_77' title="bbox 536 3752 2186 3832">
     <span class='ocr_line' id='line_1_77' title="bbox 536 3752 2186 3832; baseline 0.001 -19"><span class='ocrx_word' id='word_1_542' title='bbox 536 3767 646 3832; x_wconf 85' lang='lat' dir='ltr'><strong>per</strong></span> <span class='ocrx_word' id='word_1_543' title='bbox 668 3755 999 3814; x_wconf 84' lang='lat' dir='ltr'><strong>avaritiam</strong></span> <span class='ocrx_word' id='word_1_544' title='bbox 1028 3753 1186 3832; x_wconf 79' lang='lat' dir='ltr'><strong>fictis</strong></span> <span class='ocrx_word' id='word_1_545' title='bbox 1205 3753 1584 3815; x_wconf 78' lang='lat' dir='ltr'><strong>sermonibus</strong></span> <span class='ocrx_word' id='word_1_546' title='bbox 1618 3752 1692 3813; x_wconf 84' lang='lat' dir='ltr'><strong>de</strong></span> <span class='ocrx_word' id='word_1_547' title='bbox 1720 3754 1889 3813; x_wconf 80' lang='lat' dir='ltr'><strong>vobis</strong></span> <span class='ocrx_word' id='word_1_548' title='bbox 1919 3755 2186 3832; x_wconf 82' lang='lat' dir='ltr'><strong>negotia-</strong></span> 
     </span>
    </p>
   </div>
   <div class='ocr_carea' id='block_1_78' title="bbox 2270 3745 3910 3832">
    <p class='ocr_par' dir='ltr' id='par_1_78' title="bbox 2270 3745 3910 3826">
     <span class='ocr_line' id='line_1_78' title="bbox 2270 3745 3910 3826; baseline 0.002 -24"><span class='ocrx_word' id='word_1_549' title='bbox 2270 3746 2322 3802; x_wconf 86' lang='grc' dir='ltr'><strong>ἐν</strong></span> <span class='ocrx_word' id='word_1_550' title='bbox 2351 3745 2622 3820; x_wconf 79' lang='grc' dir='ltr'>πλεονεξίᾳ</span> <span class='ocrx_word' id='word_1_551' title='bbox 2651 3747 2912 3811; x_wconf 79' lang='grc' dir='ltr'>πλαστοῖς</span> <span class='ocrx_word' id='word_1_552' title='bbox 2953 3747 3132 3826; x_wconf 83' lang='grc' dir='ltr'>λόγοις</span> <span class='ocrx_word' id='word_1_553' title='bbox 3161 3749 3296 3823; x_wconf 81' lang='grc' dir='ltr'>ὑμᾶς</span> <span class='ocrx_word' id='word_1_554' title='bbox 3327 3746 3758 3826; x_wconf 75' lang='grc' dir='ltr'>ἐμπορεύσονται.</span> <span class='ocrx_word' id='word_1_555' title='bbox 3810 3755 3910 3813; x_wconf 80' lang='grc' dir='ltr'>Οἷς</span> 
     </span>
    </p>
   </div>
   <div class='ocr_carea' id='block_1_79' title="bbox 539 3835 2186 3920">
    <p class='ocr_par' dir='ltr' id='par_1_79' title="bbox 539 3838 2186 3920">
     <span class='ocr_line' id='line_1_79' title="bbox 539 3838 2186 3920; baseline 0.001 -20"><span class='ocrx_word' id='word_1_556' title='bbox 539 3838 1022 3914; x_wconf 71' lang='lat' dir='ltr'><strong>buntur-Quibus</strong></span> <span class='ocrx_word' id='word_1_557' title='bbox 1032 3842 1343 3918; x_wconf 84' lang='lat' dir='ltr'><strong>judicium</strong></span> <span class='ocrx_word' id='word_1_558' title='bbox 1373 3842 1507 3920; x_wconf 86' lang='lat' dir='ltr'><strong>jam</strong></span> <span class='ocrx_word' id='word_1_559' title='bbox 1542 3839 1684 3902; x_wconf 85' lang='lat' dir='ltr'><strong>olim</strong></span> <span class='ocrx_word' id='word_1_560' title='bbox 1715 3858 1836 3902; x_wconf 87' lang='lat' dir='ltr'><strong>non</strong></span> <span class='ocrx_word' id='word_1_561' title='bbox 1867 3841 2092 3916; x_wconf 81' lang='lat' dir='ltr'><strong>tardat,</strong></span> <span class='ocrx_word' id='word_1_562' title='bbox 2127 3849 2186 3902; x_wconf 81' lang='lat' dir='ltr'><strong>et</strong></span> 
     </span>
    </p>
   </div>
   <div class='ocr_carea' id='block_1_80' title="bbox 2270 3835 3910 3920">
    <p class='ocr_par' dir='ltr' id='par_1_80' title="bbox 2270 3835 3910 3916">
     <span class='ocr_line' id='line_1_80' title="bbox 2270 3835 3910 3916; baseline 0.001 -24"><span class='ocrx_word' id='word_1_563' title='bbox 2270 3837 2328 3892; x_wconf 83' lang='grc' dir='ltr'>τὸ</span> <span class='ocrx_word' id='word_1_564' title='bbox 2356 3850 2524 3915; x_wconf 78' lang='grc' dir='ltr'>κρῖμα</span> <span class='ocrx_word' id='word_1_565' title='bbox 2554 3835 2778 3893; x_wconf 74' lang='grc' dir='ltr'>ἔκπαλαι</span> <span class='ocrx_word' id='word_1_566' title='bbox 2819 3839 2912 3895; x_wconf 74' lang='grc' dir='ltr'>οὒκ</span> <span class='ocrx_word' id='word_1_567' title='bbox 2951 3836 3129 3916; x_wconf 72' lang='grc' dir='ltr'>ἀργεῖ,</span> <span class='ocrx_word' id='word_1_568' title='bbox 3190 3837 3277 3894; x_wconf 79' lang='grc' dir='ltr'><strong>καὶ</strong></span> <span class='ocrx_word' id='word_1_569' title='bbox 3329 3838 3365 3903; x_wconf 80' lang='grc' dir='ltr'>ἡ</span> <span class='ocrx_word' id='word_1_570' title='bbox 3427 3835 3667 3893; x_wconf 74' lang='grc' dir='ltr'>ἀπώλεια</span> <span class='ocrx_word' id='word_1_571' title='bbox 3738 3840 3910 3895; x_wconf 74' lang='grc' dir='ltr'>αὐτῶν</span> 
     </span>
    </p>
   </div>
   <div class='ocr_carea' id='block_1_81' title="bbox 533 3926 2186 4009">
    <p class='ocr_par' dir='ltr' id='par_1_81' title="bbox 533 3929 1585 4009">
     <span class='ocr_line' id='line_1_81' title="bbox 533 3929 1585 4009; baseline 0 -20"><span class='ocrx_word' id='word_1_572' title='bbox 533 3929 808 4009; x_wconf 83' lang='lat' dir='ltr'><strong>perditio</strong></span> <span class='ocrx_word' id='word_1_573' title='bbox 840 3929 1091 3992; x_wconf 84' lang='lat' dir='ltr'><strong>illorum</strong></span> <span class='ocrx_word' id='word_1_574' title='bbox 1121 3948 1242 3992; x_wconf 87' lang='lat' dir='ltr'><strong>non</strong></span> <span class='ocrx_word' id='word_1_575' title='bbox 1273 3929 1585 3991; x_wconf 87' lang='lat' dir='ltr'><strong>dormitat.</strong></span> 
     </span>
    </p>
   </div>
   <div class='ocr_carea' id='block_1_82' title="bbox 2270 3926 2687 4009">
    <p class='ocr_par' dir='ltr' id='par_1_82' title="bbox 2270 3926 2687 3996">
     <span class='ocr_line' id='line_1_82' title="bbox 2270 3926 2687 3996; baseline -0.002 -15"><span class='ocrx_word' id='word_1_576' title='bbox 2270 3929 2330 3984; x_wconf 76' lang='grc' dir='ltr'><strong>οὐ</strong></span> <span class='ocrx_word' id='word_1_577' title='bbox 2366 3926 2622 3996; x_wconf 82' lang='grc' dir='ltr'>νυστάζει.</span> <span class='ocrx_word' id='word_1_578' title='bbox 2667 3949 2687 3979; x_wconf 76' lang='grc' dir='ltr'><strong>ο</strong></span> 
     </span>
    </p>
   </div>
   <div class='ocr_carea' id='block_1_83' title="bbox 617 4013 2186 4099">
    <p class='ocr_par' dir='ltr' id='par_1_83' title="bbox 617 4013 2183 4099">
     <span class='ocr_line' id='line_1_83' title="bbox 617 4013 2183 4099; baseline 0.001 -23"><span class='ocrx_word' id='word_1_579' title='bbox 617 4013 764 4077; x_wconf 88' lang='lat' dir='ltr'><strong>Cum</strong></span> <span class='ocrx_word' id='word_1_580' title='bbox 797 4018 1103 4098; x_wconf 88' lang='lat' dir='ltr'><strong>prophetia</strong></span> <span class='ocrx_word' id='word_1_581' title='bbox 1124 4036 1343 4079; x_wconf 91' lang='lat' dir='ltr'><strong>nomen</strong></span> <span class='ocrx_word' id='word_1_582' title='bbox 1374 4035 1692 4079; x_wconf 90' lang='lat' dir='ltr'><strong>commune</strong></span> <span class='ocrx_word' id='word_1_583' title='bbox 1721 4017 1818 4090; x_wconf 88' lang='lat' dir='ltr'><strong>sit,</strong></span> <span class='ocrx_word' id='word_1_584' title='bbox 1851 4018 2006 4099; x_wconf 90' lang='lat' dir='ltr'><strong>quod</strong></span> <span class='ocrx_word' id='word_1_585' title='bbox 2027 4027 2082 4080; x_wconf 92' lang='lat' dir='ltr'><strong>et</strong></span> <span class='ocrx_word' id='word_1_586' title='bbox 2113 4017 2183 4078; x_wconf 91' lang='lat' dir='ltr'><strong>ad</strong></span> 
     </span>
    </p>
   </div>
   <div class='ocr_carea' id='block_1_84' title="bbox 2270 4013 3914 4099">
    <p class='ocr_par' dir='ltr' id='par_1_84' title="bbox 2351 4013 3914 4094">
     <span class='ocr_line' id='line_1_84' title="bbox 2351 4013 3914 4094; baseline 0.001 -22"><span class='ocrx_word' id='word_1_587' title='bbox 2351 4024 2454 4074; x_wconf 81' lang='grc' dir='ltr'><strong>Τοῦ</strong></span> <span class='ocrx_word' id='word_1_588' title='bbox 2518 4019 2619 4080; x_wconf 79' lang='grc' dir='ltr'><strong>τῆς</strong></span> <span class='ocrx_word' id='word_1_589' title='bbox 2687 4014 3018 4094; x_wconf 84' lang='grc' dir='ltr'>πποφητείας</span> <span class='ocrx_word' id='word_1_590' title='bbox 3089 4013 3346 4088; x_wconf 82' lang='grc' dir='ltr'>ὀνόματος</span> <span class='ocrx_word' id='word_1_591' title='bbox 3398 4021 3589 4078; x_wconf 80' lang='grc' dir='ltr'>κοινῶς</span> <span class='ocrx_word' id='word_1_592' title='bbox 3635 4018 3721 4072; x_wconf 86' lang='grc' dir='ltr'><strong>καὶ</strong></span> <span class='ocrx_word' id='word_1_593' title='bbox 3771 4018 3914 4073; x_wconf 76' lang='grc' dir='ltr'>κατὰ</span> 
     </span>
    </p>
   </div>
   <div class='ocr_carea' id='block_1_85' title="bbox 540 4100 2186 4187">
    <p class='ocr_par' dir='ltr' id='par_1_85' title="bbox 540 4105 2186 4187">
     <span class='ocr_line' id='line_1_85' title="bbox 540 4105 2186 4187; baseline 0.003 -24"><span class='ocrx_word' id='word_1_594' title='bbox 540 4105 858 4184; x_wconf 82' lang='lat' dir='ltr'><strong>prophetas</strong></span> <span class='ocrx_word' id='word_1_595' title='bbox 892 4115 950 4168; x_wconf 86' lang='lat' dir='ltr'><strong>et</strong></span> <span class='ocrx_word' id='word_1_596' title='bbox 965 4107 1038 4168; x_wconf 89' lang='lat' dir='ltr'><strong>ad</strong></span> <span class='ocrx_word' id='word_1_597' title='bbox 1071 4106 1618 4187; x_wconf 84' lang='lat' dir='ltr'><strong>pseudOprophetas</strong></span> <span class='ocrx_word' id='word_1_598' title='bbox 1647 4105 1923 4186; x_wconf 81' lang='lat' dir='ltr'><strong>refertur,</strong></span> <span class='ocrx_word' id='word_1_599' title='bbox 1969 4107 2186 4168; x_wconf 82' lang='lat' dir='ltr'><strong>conﬁr-</strong></span> 
     </span>
    </p>
   </div>
   <div class='ocr_carea' id='block_1_86' title="bbox 2270 4100 3914 4187">
    <p class='ocr_par' dir='ltr' id='par_1_86' title="bbox 2270 4100 3914 4185">
     <span class='ocr_line' id='line_1_86' title="bbox 2270 4100 3914 4185; baseline 0.002 -26"><span class='ocrx_word' id='word_1_600' title='bbox 2270 4104 2374 4160; x_wconf 78' lang='grc' dir='ltr'>τῶν</span> <span class='ocrx_word' id='word_1_601' title='bbox 2403 4104 2688 4182; x_wconf 73' lang='grc' dir='ltr'>προφητῶν</span> <span class='ocrx_word' id='word_1_602' title='bbox 2741 4105 2829 4159; x_wconf 81' lang='grc' dir='ltr'>καὶ</span> <span class='ocrx_word' id='word_1_603' title='bbox 2896 4102 3031 4161; x_wconf 78' lang='grc' dir='ltr'>κατὰ</span> <span class='ocrx_word' id='word_1_604' title='bbox 3093 4108 3198 4158; x_wconf 81' lang='grc' dir='ltr'>τῶν</span> <span class='ocrx_word' id='word_1_605' title='bbox 3256 4100 3700 4183; x_wconf 80' lang='grc' dir='ltr'>ψευδοπροφητῶν</span> <span class='ocrx_word' id='word_1_606' title='bbox 3756 4127 3914 4185; x_wconf 83' lang='grc' dir='ltr'>φερο-</span> 
     </span>
    </p>
   </div>
   <div class='ocr_carea' id='block_1_87' title="bbox 541 4189 2186 4276">
    <p class='ocr_par' dir='ltr' id='par_1_87' title="bbox 541 4195 2184 4276">
     <span class='ocr_line' id='line_1_87' title="bbox 541 4195 2184 4276; baseline 0.005 -25"><span class='ocrx_word' id='word_1_607' title='bbox 541 4201 660 4252; x_wconf 88' lang='lat' dir='ltr'><strong>mat</strong></span> <span class='ocrx_word' id='word_1_608' title='bbox 687 4211 844 4255; x_wconf 85' lang='lat' dir='ltr'><strong>nunc</strong></span> <span class='ocrx_word' id='word_1_609' title='bbox 877 4195 1410 4276; x_wconf 86' lang='lat' dir='ltr'><strong>pseudoprophetis</strong></span> <span class='ocrx_word' id='word_1_610' title='bbox 1438 4212 1553 4255; x_wconf 90' lang='lat' dir='ltr'><strong>non</strong></span> <span class='ocrx_word' id='word_1_611' title='bbox 1588 4212 1719 4255; x_wconf 88' lang='lat' dir='ltr'><strong>esse</strong></span> <span class='ocrx_word' id='word_1_612' title='bbox 1737 4195 2184 4261; x_wconf 79' lang='lat' dir='ltr'><strong>attendendum.</strong></span> 
     </span>
    </p>
   </div>
   <div class='ocr_carea' id='block_1_88' title="bbox 2270 4189 3910 4276">
    <p class='ocr_par' dir='ltr' id='par_1_88' title="bbox 2273 4189 3910 4274">
     <span class='ocr_line' id='line_1_88' title="bbox 2273 4189 3910 4274; baseline 0 -26"><span class='ocrx_word' id='word_1_613' title='bbox 2273 4192 2452 4270; x_wconf 84' lang='grc' dir='ltr'>μένου,</span> <span class='ocrx_word' id='word_1_614' title='bbox 2523 4190 2858 4272; x_wconf 79' lang='grc' dir='ltr'>ἀσφαλίζεται</span> <span class='ocrx_word' id='word_1_615' title='bbox 2919 4192 3007 4246; x_wconf 80' lang='grc' dir='ltr'><strong>νῦν</strong></span> <span class='ocrx_word' id='word_1_616' title='bbox 3103 4191 3180 4266; x_wconf 83' lang='grc' dir='ltr'>μὴ</span> <span class='ocrx_word' id='word_1_617' title='bbox 3265 4203 3384 4253; x_wconf 78' lang='grc' dir='ltr'>τοῖς</span> <span class='ocrx_word' id='word_1_618' title='bbox 3453 4189 3910 4274; x_wconf 72' lang='grc' dir='ltr'>ψευδοπροφήταις</span> 
     </span>
    </p>
   </div>
   <div class='ocr_carea' id='block_1_89' title="bbox 535 4277 2186 4374">
    <p class='ocr_par' dir='ltr' id='par_1_89' title="bbox 535 4279 2180 4374">
     <span class='ocr_line' id='line_1_89' title="bbox 535 4279 2180 4374; baseline 0.002 -33"><span class='ocrx_word' id='word_1_619' title='bbox 535 4279 607 4341; x_wconf 88' lang='lat' dir='ltr'><strong>Et</strong></span> <span class='ocrx_word' id='word_1_620' title='bbox 635 4282 709 4343; x_wconf 85' lang='lat' dir='ltr'><strong>ab</strong></span> <span class='ocrx_word' id='word_1_621' title='bbox 740 4283 851 4374; x_wconf 80' lang='lat' dir='ltr'><strong>hoc</strong></span> <span class='ocrx_word' id='word_1_622' title='bbox 879 4283 1182 4374; x_wconf 86' lang='lat' dir='ltr'><strong>paululum</strong></span> <span class='ocrx_word' id='word_1_623' title='bbox 1209 4283 1406 4345; x_wconf 73' lang='lat' dir='ltr'><strong>differt</strong></span> <span class='ocrx_word' id='word_1_624' title='bbox 1427 4282 2007 4374; x_wconf 6' lang='lat' dir='ltr'><strong>Paulus,duquocet</strong></span> <span class='ocrx_word' id='word_1_625' title='bbox 2028 4285 2180 4364; x_wconf 81' lang='lat' dir='ltr'><strong>quod</strong></span> 
     </span>
    </p>
   </div>
   <div class='ocr_carea' id='block_1_90' title="bbox 2270 4277 3910 4374">
    <p class='ocr_par' dir='ltr' id='par_1_90' title="bbox 2270 4277 3910 4363">
     <span class='ocr_line' id='line_1_90' title="bbox 2270 4277 3910 4363; baseline -0.001 -27"><span class='ocrx_word' id='word_1_626' title='bbox 2270 4280 2574 4360; x_wconf 83' lang='grc' dir='ltr'>προσέχειν,</span> <span class='ocrx_word' id='word_1_627' title='bbox 2636 4285 2725 4336; x_wconf 85' lang='grc' dir='ltr'>καὶ</span> <span class='ocrx_word' id='word_1_628' title='bbox 2790 4281 2841 4336; x_wconf 83' lang='grc' dir='ltr'><strong>τί</strong></span> <span class='ocrx_word' id='word_1_629' title='bbox 2893 4281 2952 4335; x_wconf 82' lang='grc' dir='ltr'>τὸ</span> <span class='ocrx_word' id='word_1_630' title='bbox 3021 4277 3324 4336; x_wconf 82' lang='grc' dir='ltr'>διαστέλλον</span> <span class='ocrx_word' id='word_1_631' title='bbox 3393 4278 3596 4344; x_wconf 83' lang='grc' dir='ltr'>Παῦλος</span> <span class='ocrx_word' id='word_1_632' title='bbox 3662 4279 3910 4363; x_wconf 78' lang='grc' dir='ltr'>ἐδίδαξεν,</span> 
     </span>
    </p>
   </div>
   <div class='ocr_carea' id='block_1_91' title="bbox 537 4367 2186 4452">
    <p class='ocr_par' dir='ltr' id='par_1_91' title="bbox 537 4371 2183 4452">
     <span class='ocr_line' id='line_1_91' title="bbox 537 4371 2183 4452; baseline 0.003 -23"><span class='ocrx_word' id='word_1_633' title='bbox 537 4388 714 4431; x_wconf 91' lang='lat' dir='ltr'><strong>nemo</strong></span> <span class='ocrx_word' id='word_1_634' title='bbox 737 4371 884 4433; x_wconf 85' lang='lat' dir='ltr'><strong>dicit</strong></span> <span class='ocrx_word' id='word_1_635' title='bbox 903 4372 1216 4436; x_wconf 91' lang='lat' dir='ltr'><strong>Dominum</strong></span> <span class='ocrx_word' id='word_1_636' title='bbox 1245 4374 1442 4435; x_wconf 78' lang='lat' dir='ltr'><strong>Jesum</strong></span> <span class='ocrx_word' id='word_1_637' title='bbox 1475 4372 1584 4432; x_wconf 90' lang='lat' dir='ltr'><strong>nisi</strong></span> <span class='ocrx_word' id='word_1_638' title='bbox 1611 4391 1718 4450; x_wconf 87' lang='lat' dir='ltr'><strong>per</strong></span> <span class='ocrx_word' id='word_1_639' title='bbox 1733 4372 2012 4452; x_wconf 89' lang='lat' dir='ltr'><strong>Spiritum</strong></span> <span class='ocrx_word' id='word_1_640' title='bbox 2041 4393 2183 4434; x_wconf 89' lang='lat' dir='ltr'><strong>san-</strong></span> 
     </span>
    </p>
   </div>
   <div class='ocr_carea' id='block_1_92' title="bbox 2270 4367 3910 4452">
    <p class='ocr_par' dir='ltr' id='par_1_92' title="bbox 2270 4367 3910 4452">
     <span class='ocr_line' id='line_1_92' title="bbox 2270 4367 3910 4452; baseline 0.001 -27"><span class='ocrx_word' id='word_1_641' title='bbox 2270 4369 2347 4425; x_wconf 80' lang='grc' dir='ltr'><strong>ὅτι</strong></span> <span class='ocrx_word' id='word_1_642' title='bbox 2393 4367 2554 4452; x_wconf 75' lang='grc' dir='ltr'>οὐδεὶς</span> <span class='ocrx_word' id='word_1_643' title='bbox 2598 4367 2738 4447; x_wconf 78' lang='grc' dir='ltr'>λέγει</span> <span class='ocrx_word' id='word_1_644' title='bbox 2771 4370 2952 4438; x_wconf 79' lang='grc' dir='ltr'>Κύριον</span> <span class='ocrx_word' id='word_1_645' title='bbox 2983 4367 3210 4436; x_wconf 77' lang='grc' dir='ltr'>Ἰησοῦν,</span> <span class='ocrx_word' id='word_1_646' title='bbox 3276 4371 3320 4425; x_wconf 83' lang='grc' dir='ltr'>εἰ</span> <span class='ocrx_word' id='word_1_647' title='bbox 3402 4370 3480 4444; x_wconf 76' lang='grc' dir='ltr'><strong>μὴ</strong></span> <span class='ocrx_word' id='word_1_648' title='bbox 3537 4367 3590 4425; x_wconf 91' lang='grc' dir='ltr'><strong>ἐν</strong></span> <span class='ocrx_word' id='word_1_649' title='bbox 3648 4370 3910 4444; x_wconf 85' lang='grc' dir='ltr'>Πνεύματι</span> 
     </span>
    </p>
   </div>
   <div class='ocr_carea' id='block_1_93' title="bbox 537 4447 2186 4542">
    <p class='ocr_par' dir='ltr' id='par_1_93' title="bbox 537 4447 2186 4542">
     <span class='ocr_line' id='line_1_93' title="bbox 537 4447 2186 4542; baseline 0.002 -22"><span class='ocrx_word' id='word_1_650' title='bbox 537 4465 698 4520; x_wconf 91' lang='lat' dir='ltr'><strong>ctum</strong></span> <span class='ocrx_word' id='word_1_651' title='bbox 721 4461 970 4524; x_wconf 67' lang='lat' dir='ltr'><strong>45.Hinc</strong></span> <span class='ocrx_word' id='word_1_652' title='bbox 999 4470 1195 4524; x_wconf 88' lang='lat' dir='ltr'><strong>autem</strong></span> <span class='ocrx_word' id='word_1_653' title='bbox 1228 4463 1569 4542; x_wconf 88' lang='lat' dir='ltr'><strong>auspicatur</strong></span> <span class='ocrx_word' id='word_1_654' title='bbox 1601 4447 1812 4523; x_wconf 56' lang='lat' dir='ltr'><strong>haeresi</strong></span> <span class='ocrx_word' id='word_1_655' title='bbox 1839 4461 2066 4523; x_wconf 90' lang='lat' dir='ltr'><strong>obviam</strong></span> <span class='ocrx_word' id='word_1_656' title='bbox 2099 4462 2186 4525; x_wconf 90' lang='lat' dir='ltr'><strong>ire</strong></span> 
     </span>
    </p>
   </div>
   <div class='ocr_carea' id='block_1_94' title="bbox 2270 4447 3905 4542">
    <p class='ocr_par' dir='ltr' id='par_1_94' title="bbox 2270 4447 3905 4537">
     <span class='ocr_line' id='line_1_94' title="bbox 2270 4447 3905 4537; baseline 0.002 -24"><span class='ocrx_word' id='word_1_657' title='bbox 2270 4459 2420 4536; x_wconf 80' lang='grc' dir='ltr'>ἁγίῳ,</span> <span class='ocrx_word' id='word_1_658' title='bbox 2459 4447 2726 4537; x_wconf 73' lang='grc' dir='ltr'><strong>ιἈρχεται</strong></span> <span class='ocrx_word' id='word_1_659' title='bbox 2755 4455 2810 4512; x_wconf 77' lang='grc' dir='ltr'>δὲ</span> <span class='ocrx_word' id='word_1_660' title='bbox 2870 4457 3098 4514; x_wconf 79' lang='grc' dir='ltr'>ἐντεῦθεν</span> <span class='ocrx_word' id='word_1_661' title='bbox 3147 4463 3244 4524; x_wconf 80' lang='grc' dir='ltr'>τῆς</span> <span class='ocrx_word' id='word_1_662' title='bbox 3297 4458 3430 4513; x_wconf 80' lang='grc' dir='ltr'>κατὰ</span> <span class='ocrx_word' id='word_1_663' title='bbox 3465 4463 3572 4513; x_wconf 82' lang='grc' dir='ltr'><strong>τῶν</strong></span> <span class='ocrx_word' id='word_1_664' title='bbox 3646 4457 3905 4517; x_wconf 76' lang='grc' dir='ltr'>Νικολαϊ-</span> 
     </span>
    </p>
   </div>
   <div class='ocr_carea' id='block_1_95' title="bbox 535 4544 2186 4632">
    <p class='ocr_par' dir='ltr' id='par_1_95' title="bbox 535 4546 2184 4632">
     <span class='ocr_line' id='line_1_95' title="bbox 535 4546 2184 4632; baseline 0.002 -24"><span class='ocrx_word' id='word_1_665' title='bbox 535 4546 817 4610; x_wconf 81' lang='lat' dir='ltr'><strong>adversus</strong></span> <span class='ocrx_word' id='word_1_666' title='bbox 845 4549 1180 4632; x_wconf 86' lang='lat' dir='ltr'><strong>Nicolaitas,</strong></span> <span class='ocrx_word' id='word_1_667' title='bbox 1215 4550 1511 4631; x_wconf 88' lang='lat' dir='ltr'><strong>duplicem</strong></span> <span class='ocrx_word' id='word_1_668' title='bbox 1542 4551 1748 4612; x_wconf 85' lang='lat' dir='ltr'><strong>dicens</strong></span> <span class='ocrx_word' id='word_1_669' title='bbox 1771 4551 2033 4631; x_wconf 89' lang='lat' dir='ltr'><strong>ipsorum</strong></span> <span class='ocrx_word' id='word_1_670' title='bbox 2059 4571 2184 4612; x_wconf 88' lang='lat' dir='ltr'><strong>ma-</strong></span> 
     </span>
    </p>
   </div>
   <div class='ocr_carea' id='block_1_96' title="bbox 2270 4544 3914 4632">
    <p class='ocr_par' dir='ltr' id='par_1_96' title="bbox 2270 4544 3914 4626">
     <span class='ocr_line' id='line_1_96' title="bbox 2270 4544 3914 4626; baseline 0.002 -24"><span class='ocrx_word' id='word_1_671' title='bbox 2270 4553 2373 4603; x_wconf 83' lang='grc' dir='ltr'><strong>τῶν</strong></span> <span class='ocrx_word' id='word_1_672' title='bbox 2445 4547 2690 4626; x_wconf 77' lang='grc' dir='ltr'>αἱρέσεως</span> <span class='ocrx_word' id='word_1_673' title='bbox 2742 4549 2841 4613; x_wconf 78' lang='grc' dir='ltr'>τῆς</span> <span class='ocrx_word' id='word_1_674' title='bbox 2906 4545 3242 4626; x_wconf 81' lang='grc' dir='ltr'>καταδρομῆς</span> <span class='ocrx_word' id='word_1_675' title='bbox 3339 4544 3518 4615; x_wconf 73' lang='grc' dir='ltr'>διττὴν</span> <span class='ocrx_word' id='word_1_676' title='bbox 3601 4545 3770 4626; x_wconf 83' lang='grc' dir='ltr'>λέγων</span> <span class='ocrx_word' id='word_1_677' title='bbox 3813 4549 3914 4617; x_wconf 75' lang='grc' dir='ltr'><strong>τὴν</strong></span> 
     </span>
    </p>
   </div>
   <div class='ocr_carea' id='block_1_97' title="bbox 536 4633 2186 4725">
    <p class='ocr_par' dir='ltr' id='par_1_97' title="bbox 536 4638 2184 4725">
     <span class='ocr_line' id='line_1_97' title="bbox 536 4638 2184 4725; baseline 0.004 -25"><span class='ocrx_word' id='word_1_678' title='bbox 536 4638 747 4707; x_wconf 90' lang='lat' dir='ltr'><strong>litiam.</strong></span> <span class='ocrx_word' id='word_1_679' title='bbox 781 4641 932 4705; x_wconf 89' lang='lat' dir='ltr'><strong>Sunt</strong></span> <span class='ocrx_word' id='word_1_680' title='bbox 983 4644 1143 4707; x_wconf 91' lang='lat' dir='ltr'><strong>enim</strong></span> <span class='ocrx_word' id='word_1_681' title='bbox 1195 4645 1471 4724; x_wconf 79' lang='lat' dir='ltr'><strong>dogmate</strong></span> <span class='ocrx_word' id='word_1_682' title='bbox 1529 4645 1768 4725; x_wconf 88' lang='lat' dir='ltr'><strong>quidem</strong></span> <span class='ocrx_word' id='word_1_683' title='bbox 1823 4645 2184 4724; x_wconf 90' lang='lat' dir='ltr'><strong>impiissimi.</strong></span> 
     </span>
    </p>
   </div>
   <div class='ocr_carea' id='block_1_98' title="bbox 2270 4633 3915 4725">
    <p class='ocr_par' dir='ltr' id='par_1_98' title="bbox 2270 4633 3915 4714">
     <span class='ocr_line' id='line_1_98' title="bbox 2270 4633 3915 4714; baseline 0.001 -23"><span class='ocrx_word' id='word_1_684' title='bbox 2270 4638 2458 4692; x_wconf 81' lang='grc' dir='ltr'>κακίιιν</span> <span class='ocrx_word' id='word_1_685' title='bbox 2487 4636 2679 4698; x_wconf 70' lang='grc' dir='ltr'>αὐτῶν,</span> <span class='ocrx_word' id='word_1_686' title='bbox 2756 4637 2866 4692; x_wconf 80' lang='grc' dir='ltr'>Εἰσὶ</span> <span class='ocrx_word' id='word_1_687' title='bbox 2923 4637 3022 4714; x_wconf 79' lang='grc' dir='ltr'><strong>γὰρ</strong></span> <span class='ocrx_word' id='word_1_688' title='bbox 3076 4637 3193 4712; x_wconf 81' lang='grc' dir='ltr'>περὶ</span> <span class='ocrx_word' id='word_1_689' title='bbox 3248 4634 3346 4710; x_wconf 81' lang='grc' dir='ltr'>μὲν</span> <span class='ocrx_word' id='word_1_690' title='bbox 3401 4633 3661 4712; x_wconf 87' lang='grc' dir='ltr'>δόγματος</span> <span class='ocrx_word' id='word_1_691' title='bbox 3730 4634 3915 4693; x_wconf 78' lang='grc' dir='ltr'>ἀσεϐέ-</span> 
     </span>
    </p>
   </div>
   <div class='ocr_carea' id='block_1_99' title="bbox 537 4724 2186 4812">
    <p class='ocr_par' dir='ltr' id='par_1_99' title="bbox 537 4724 2186 4812">
     <span class='ocr_line' id='line_1_99' title="bbox 537 4724 2186 4812; baseline 0.003 -22"><span class='ocrx_word' id='word_1_692' title='bbox 537 4731 693 4809; x_wconf 90' lang='lat' dir='ltr'><strong>quod</strong></span> <span class='ocrx_word' id='word_1_693' title='bbox 721 4749 828 4794; x_wconf 85' lang='lat' dir='ltr'><strong>sua</strong></span> <span class='ocrx_word' id='word_1_694' title='bbox 857 4733 919 4794; x_wconf 92' lang='lat' dir='ltr'><strong>in</strong></span> <span class='ocrx_word' id='word_1_695' title='bbox 951 4731 1248 4796; x_wconf 89' lang='lat' dir='ltr'><strong>Christum</strong></span> <span class='ocrx_word' id='word_1_696' title='bbox 1303 4724 1617 4795; x_wconf 85' lang='lat' dir='ltr'><strong>Dominum</strong></span> <span class='ocrx_word' id='word_1_697' title='bbox 1672 4732 2040 4812; x_wconf 88' lang='lat' dir='ltr'><strong>blasphemia</strong></span> <span class='ocrx_word' id='word_1_698' title='bbox 2078 4735 2186 4795; x_wconf 87' lang='lat' dir='ltr'><strong>de-</strong></span> 
     </span>
    </p>
   </div>
   <div class='ocr_carea' id='block_1_100' title="bbox 2270 4724 3914 4812">
    <p class='ocr_par' dir='ltr' id='par_1_100' title="bbox 2273 4724 3914 4806">
     <span class='ocr_line' id='line_1_100' title="bbox 2273 4724 3914 4806; baseline -0.006 -24"><span class='ocrx_word' id='word_1_699' title='bbox 2273 4747 2474 4801; x_wconf 87' lang='grc' dir='ltr'>στατοι,</span> <span class='ocrx_word' id='word_1_700' title='bbox 2511 4726 2539 4782; x_wconf 85' lang='grc' dir='ltr'><strong>ὃ</strong></span> <span class='ocrx_word' id='word_1_701' title='bbox 2567 4724 2650 4781; x_wconf 80' lang='grc' dir='ltr'><strong>διὰ</strong></span> <span class='ocrx_word' id='word_1_702' title='bbox 2679 4728 2777 4793; x_wconf 80' lang='grc' dir='ltr'><strong>τῆς</strong></span> <span class='ocrx_word' id='word_1_703' title='bbox 2807 4726 2878 4789; x_wconf 72' lang='grc' dir='ltr'><strong>εἷς</strong></span> <span class='ocrx_word' id='word_1_704' title='bbox 2904 4726 2995 4780; x_wconf 84' lang='grc' dir='ltr'>τὸν</span> <span class='ocrx_word' id='word_1_705' title='bbox 3051 4725 3325 4792; x_wconf 85' lang='grc' dir='ltr'>Δεσπότην</span> <span class='ocrx_word' id='word_1_706' title='bbox 3382 4726 3603 4804; x_wconf 80' lang='grc' dir='ltr'>Χριστὸν</span> <span class='ocrx_word' id='word_1_707' title='bbox 3663 4725 3914 4806; x_wconf 75' lang='grc' dir='ltr'>βλασφη-</span> 
     </span>
    </p>
   </div>
   <div class='ocr_carea' id='block_1_101' title="bbox 537 4811 2186 4893">
    <p class='ocr_par' dir='ltr' id='par_1_101' title="bbox 537 4811 2186 4884">
     <span class='ocr_line' id='line_1_101' title="bbox 537 4811 2186 4884; baseline 0.004 -6"><span class='ocrx_word' id='word_1_708' title='bbox 537 4827 982 4884; x_wconf 88' lang='lat' dir='ltr'><strong>monstrarunt:</strong></span> <span class='ocrx_word' id='word_1_709' title='bbox 1018 4823 1132 4884; x_wconf 89' lang='lat' dir='ltr'><strong>vita</strong></span> <span class='ocrx_word' id='word_1_710' title='bbox 1165 4831 1360 4884; x_wconf 90' lang='lat' dir='ltr'><strong>autem</strong></span> <span class='ocrx_word' id='word_1_711' title='bbox 1401 4823 1657 4884; x_wconf 85' lang='lat' dir='ltr'><strong>maxime</strong></span> <span class='ocrx_word' id='word_1_712' title='bbox 1701 4811 2048 4883; x_wconf 81' lang='lat' dir='ltr'><strong>obsceni.Et</strong></span> <span class='ocrx_word' id='word_1_713' title='bbox 2077 4822 2186 4884; x_wconf 91' lang='lat' dir='ltr'><strong>hoc</strong></span> 
     </span>
    </p>
   </div>
   <div class='ocr_carea' id='block_1_102' title="bbox 2270 4811 3909 4893">
    <p class='ocr_par' dir='ltr' id='par_1_102' title="bbox 2273 4811 3909 4893">
     <span class='ocr_line' id='line_1_102' title="bbox 2273 4811 3909 4893; baseline -0.001 -21"><span class='ocrx_word' id='word_1_714' title='bbox 2273 4819 2396 4892; x_wconf 85' lang='grc' dir='ltr'>μίας</span> <span class='ocrx_word' id='word_1_715' title='bbox 2455 4819 2624 4874; x_wconf 80' lang='grc' dir='ltr'>αὒτῶν</span> <span class='ocrx_word' id='word_1_716' title='bbox 2673 4811 2978 4893; x_wconf 81' lang='grc' dir='ltr'>ἀπέδειξαν,</span> <span class='ocrx_word' id='word_1_717' title='bbox 3035 4815 3154 4892; x_wconf 83' lang='grc' dir='ltr'>περὶ</span> <span class='ocrx_word' id='word_1_718' title='bbox 3224 4811 3279 4870; x_wconf 79' lang='grc' dir='ltr'>δὲ</span> <span class='ocrx_word' id='word_1_719' title='bbox 3347 4815 3458 4890; x_wconf 86' lang='grc' dir='ltr'>βίον</span> <span class='ocrx_word' id='word_1_720' title='bbox 3512 4811 3909 4893; x_wconf 80' lang='grc' dir='ltr'>ἀσελγέστατοι,</span> 
     </span>
    </p>
   </div>
   <div class='ocr_carea' id='block_1_103' title="bbox 537 4900 2186 4991">
    <p class='ocr_par' dir='ltr' id='par_1_103' title="bbox 537 4908 2186 4991">
     <span class='ocr_line' id='line_1_103' title="bbox 537 4908 2186 4991; baseline 0.002 -24"><span class='ocrx_word' id='word_1_721' title='bbox 537 4921 696 4970; x_wconf 84' lang='lat' dir='ltr'><strong>nunc</strong></span> <span class='ocrx_word' id='word_1_722' title='bbox 725 4909 968 4989; x_wconf 90' lang='lat' dir='ltr'><strong>quidem</strong></span> <span class='ocrx_word' id='word_1_723' title='bbox 1003 4929 1109 4991; x_wconf 90' lang='lat' dir='ltr'><strong>per</strong></span> <span class='ocrx_word' id='word_1_724' title='bbox 1142 4919 1311 4991; x_wconf 90' lang='lat' dir='ltr'><strong>turpe</strong></span> <span class='ocrx_word' id='word_1_725' title='bbox 1346 4911 1572 4972; x_wconf 89' lang='lat' dir='ltr'><strong>lucrum</strong></span> <span class='ocrx_word' id='word_1_726' title='bbox 1620 4908 1888 4987; x_wconf 81' lang='lat' dir='ltr'><strong>designat</strong></span> <span class='ocrx_word' id='word_1_727' title='bbox 1924 4931 1936 4966; x_wconf 92' lang='lat'><strong>:</strong></span> <span class='ocrx_word' id='word_1_728' title='bbox 1975 4911 2186 4988; x_wconf 81' lang='lat' dir='ltr'><strong>paulu-</strong></span> 
     </span>
    </p>
   </div>
   <div class='ocr_carea' id='block_1_104' title="bbox 2270 4900 3914 4991">
    <p class='ocr_par' dir='ltr' id='par_1_104' title="bbox 2274 4900 3914 4984">
     <span class='ocr_line' id='line_1_104' title="bbox 2274 4900 3914 4984; baseline -0.009 -20"><span class='ocrx_word' id='word_1_729' title='bbox 2274 4907 2373 4964; x_wconf 87' lang='grc' dir='ltr'>Καὶ</span> <span class='ocrx_word' id='word_1_730' title='bbox 2399 4916 2553 4964; x_wconf 79' lang='grc' dir='ltr'>τοῦτο</span> <span class='ocrx_word' id='word_1_731' title='bbox 2594 4902 2648 4960; x_wconf 82' lang='grc' dir='ltr'>δὲ</span> <span class='ocrx_word' id='word_1_732' title='bbox 2701 4909 2788 4959; x_wconf 82' lang='grc' dir='ltr'>νὺν</span> <span class='ocrx_word' id='word_1_733' title='bbox 2845 4903 2943 4977; x_wconf 77' lang='grc' dir='ltr'>μὲν</span> <span class='ocrx_word' id='word_1_734' title='bbox 3011 4900 3095 4958; x_wconf 77' lang='grc' dir='ltr'><strong>διὰ</strong></span> <span class='ocrx_word' id='word_1_735' title='bbox 3149 4908 3246 4970; x_wconf 79' lang='grc' dir='ltr'>τῆς</span> <span class='ocrx_word' id='word_1_736' title='bbox 3304 4901 3724 4982; x_wconf 69' lang='grc' dir='ltr'>αἰσχροκερδείας</span> <span class='ocrx_word' id='word_1_737' title='bbox 3765 4924 3914 4984; x_wconf 81' lang='grc' dir='ltr'>παρ..</span> 
     </span>
    </p>
   </div>
   <div class='ocr_carea' id='block_1_105' title="bbox 535 4987 2186 5080">
    <p class='ocr_par' dir='ltr' id='par_1_105' title="bbox 535 4987 2185 5080">
     <span class='ocr_line' id='line_1_105' title="bbox 535 4987 2185 5080; baseline 0.002 -25"><span class='ocrx_word' id='word_1_738' title='bbox 535 4995 657 5056; x_wconf 93' lang='lat' dir='ltr'><strong>lum</strong></span> <span class='ocrx_word' id='word_1_739' title='bbox 689 4987 887 5060; x_wconf 81' lang='lat' dir='ltr'><strong>autem</strong></span> <span class='ocrx_word' id='word_1_740' title='bbox 921 4987 1269 5079; x_wconf 81' lang='lat' dir='ltr'><strong>progressus</strong></span> <span class='ocrx_word' id='word_1_741' title='bbox 1283 4997 1541 5080; x_wconf 90' lang='lat' dir='ltr'><strong>apertius</strong></span> <span class='ocrx_word' id='word_1_742' title='bbox 1556 4987 2006 5077; x_wconf 81' lang='lat' dir='ltr'><strong>proferet.Nunc</strong></span> <span class='ocrx_word' id='word_1_743' title='bbox 2027 4997 2185 5059; x_wconf 90' lang='lat' dir='ltr'><strong>enim</strong></span> 
     </span>
    </p>
   </div>
   <div class='ocr_carea' id='block_1_106' title="bbox 2270 4987 3910 5080">
    <p class='ocr_par' dir='ltr' id='par_1_106' title="bbox 2272 4987 3910 5080">
     <span class='ocr_line' id='line_1_106' title="bbox 2272 4987 3910 5080; baseline -0.001 -30"><span class='ocrx_word' id='word_1_744' title='bbox 2272 5001 2409 5067; x_wconf 83' lang='grc' dir='ltr'>ιστᾷ,</span> <span class='ocrx_word' id='word_1_745' title='bbox 2473 4994 2657 5072; x_wconf 78' lang='grc' dir='ltr'>μικρὸν</span> <span class='ocrx_word' id='word_1_746' title='bbox 2738 4989 2795 5047; x_wconf 81' lang='grc' dir='ltr'>δὲ</span> <span class='ocrx_word' id='word_1_747' title='bbox 2873 4987 3097 5070; x_wconf 77' lang='grc' dir='ltr'>προϐὰς,</span> <span class='ocrx_word' id='word_1_748' title='bbox 3186 4992 3495 5070; x_wconf 82' lang='grc' dir='ltr'>τρανότερον</span> <span class='ocrx_word' id='word_1_749' title='bbox 3573 4992 3910 5080; x_wconf 77' lang='grc' dir='ltr'>προενέγκοι.</span> 
     </span>
    </p>
   </div>
   <div class='ocr_carea' id='block_1_107' title="bbox 532 5078 2186 5166">
    <p class='ocr_par' dir='ltr' id='par_1_107' title="bbox 532 5078 2183 5166">
     <span class='ocr_line' id='line_1_107' title="bbox 532 5078 2183 5166; baseline 0.005 -25"><span class='ocrx_word' id='word_1_750' title='bbox 532 5083 857 5152; x_wconf 77' lang='grc' dir='ltr'>πλεονεξίαν.</span> <span class='ocrx_word' id='word_1_751' title='bbox 892 5078 954 5148; x_wconf 89' lang='lat' dir='ltr'><strong>id</strong></span> <span class='ocrx_word' id='word_1_752' title='bbox 999 5096 1107 5163; x_wconf 89' lang='lat' dir='ltr'><strong>est,</strong></span> <span class='ocrx_word' id='word_1_753' title='bbox 1161 5078 1458 5148; x_wconf 80' lang='lat' dir='ltr'><strong>avaritiam</strong></span> <span class='ocrx_word' id='word_1_754' title='bbox 1491 5086 1720 5160; x_wconf 91' lang='lat' dir='ltr'><strong>dicens,</strong></span> <span class='ocrx_word' id='word_1_755' title='bbox 1754 5095 1924 5166; x_wconf 87' lang='lat' dir='ltr'><strong>turpe</strong></span> <span class='ocrx_word' id='word_1_756' title='bbox 1955 5087 2183 5150; x_wconf 90' lang='lat' dir='ltr'><strong>lucrum</strong></span> 
     </span>
    </p>
   </div>
   <div class='ocr_carea' id='block_1_108' title="bbox 2270 5078 3912 5166">
    <p class='ocr_par' dir='ltr' id='par_1_108' title="bbox 2273 5078 3912 5166">
     <span class='ocr_line' id='line_1_108' title="bbox 2273 5078 3912 5166; baseline -0.001 -28"><span class='ocrx_word' id='word_1_757' title='bbox 2273 5080 2574 5166; x_wconf 78' lang='grc' dir='ltr'>υλεονεξίαν</span> <span class='ocrx_word' id='word_1_758' title='bbox 2601 5082 2700 5160; x_wconf 81' lang='grc' dir='ltr'>γὰρ</span> <span class='ocrx_word' id='word_1_759' title='bbox 2756 5081 2940 5153; x_wconf 76' lang='grc' dir='ltr'>εἰπὼν,</span> <span class='ocrx_word' id='word_1_760' title='bbox 3010 5087 3097 5137; x_wconf 84' lang='grc' dir='ltr'>νῦν</span> <span class='ocrx_word' id='word_1_761' title='bbox 3154 5080 3251 5147; x_wconf 73' lang='grc' dir='ltr'><strong>τὴν</strong></span> <span class='ocrx_word' id='word_1_762' title='bbox 3305 5078 3726 5160; x_wconf 80' lang='grc' dir='ltr'>αἶσχροκερδείαν</span> <span class='ocrx_word' id='word_1_763' title='bbox 3783 5081 3912 5153; x_wconf 68' lang='grc' dir='ltr'>ἐσή-</span> 
     </span>
    </p>
   </div>
   <div class='ocr_carea' id='block_1_109' title="bbox 533 5163 2186 5255">
    <p class='ocr_par' dir='ltr' id='par_1_109' title="bbox 533 5163 2180 5255">
     <span class='ocr_line' id='line_1_109' title="bbox 533 5163 2180 5255; baseline 0.001 -22"><span class='ocrx_word' id='word_1_764' title='bbox 533 5173 902 5252; x_wconf 79' lang='lat' dir='ltr'><strong>signiticavit.</strong></span> <span class='ocrx_word' id='word_1_765' title='bbox 937 5174 1083 5237; x_wconf 88' lang='lat' dir='ltr'><strong>Nam</strong></span> <span class='ocrx_word' id='word_1_766' title='bbox 1128 5176 1404 5242; x_wconf 78' lang='grc' dir='ltr'>πλαονεξία</span> <span class='ocrx_word' id='word_1_767' title='bbox 1453 5175 1749 5236; x_wconf 87' lang='lat' dir='ltr'><strong>interdum</strong></span> <span class='ocrx_word' id='word_1_768' title='bbox 1806 5163 2044 5255; x_wconf 81' lang='lat' dir='ltr'><strong>quidcm</strong></span> <span class='ocrx_word' id='word_1_769' title='bbox 2082 5176 2180 5235; x_wconf 91' lang='lat' dir='ltr'><strong>in-</strong></span> 
     </span>
    </p>
   </div>
   <div class='ocr_carea' id='block_1_110' title="bbox 2270 5163 3910 5255">
    <p class='ocr_par' dir='ltr' id='par_1_110' title="bbox 2270 5163 3910 5255">
     <span class='ocr_line' id='line_1_110' title="bbox 2270 5163 3910 5255; baseline -0.001 -26"><span class='ocrx_word' id='word_1_770' title='bbox 2270 5195 2454 5248; x_wconf 85' lang='grc' dir='ltr'>μανεν.</span> <span class='ocrx_word' id='word_1_771' title='bbox 2518 5163 2581 5229; x_wconf 71' lang='grc' dir='ltr'><em>Ἠ</em></span> <span class='ocrx_word' id='word_1_772' title='bbox 2635 5172 2734 5249; x_wconf 78' lang='grc' dir='ltr'><strong>γὰρ</strong></span> <span class='ocrx_word' id='word_1_773' title='bbox 2805 5168 3073 5236; x_wconf 79' lang='grc' dir='ltr'>πλεονεξία</span> <span class='ocrx_word' id='word_1_774' title='bbox 3153 5169 3284 5226; x_wconf 70' lang='grc' dir='ltr'>ποτε</span> <span class='ocrx_word' id='word_1_775' title='bbox 3371 5169 3636 5255; x_wconf 37' lang='grc' dir='ltr'>μὲν-,τὴν</span> <span class='ocrx_word' id='word_1_776' title='bbox 3706 5167 3910 5227; x_wconf 73' lang='grc' dir='ltr'>ἀδικίαν</span> 
     </span>
    </p>
   </div>
   <div class='ocr_carea' id='block_1_111' title="bbox 529 5247 2186 5345">
    <p class='ocr_par' dir='ltr' id='par_1_111' title="bbox 529 5247 2183 5345">
     <span class='ocr_line' id='line_1_111' title="bbox 529 5247 2183 5345; baseline 0 -21"><span class='ocrx_word' id='word_1_777' title='bbox 529 5247 822 5342; x_wconf 70' lang='lat' dir='ltr'><strong>justitiam</strong></span> <span class='ocrx_word' id='word_1_778' title='bbox 849 5264 1518 5345; x_wconf 68' lang='lat' dir='ltr'><strong>signiﬁcatquandoque</strong></span> <span class='ocrx_word' id='word_1_779' title='bbox 1549 5282 1685 5325; x_wconf 88' lang='lat' dir='ltr'><strong>vero</strong></span> <span class='ocrx_word' id='word_1_780' title='bbox 1704 5247 1931 5324; x_wconf 75' lang='lat' dir='ltr'><strong>lucrum</strong></span> <span class='ocrx_word' id='word_1_781' title='bbox 1954 5263 2183 5345; x_wconf 87' lang='lat' dir='ltr'><strong>simpli-</strong></span> 
     </span>
    </p>
   </div>
   <div class='ocr_carea' id='block_1_112' title="bbox 2270 5247 3908 5345">
    <p class='ocr_par' dir='ltr' id='par_1_112' title="bbox 2270 5247 3908 5345">
     <span class='ocr_line' id='line_1_112' title="bbox 2270 5247 3908 5345; baseline -0.001 -27"><span class='ocrx_word' id='word_1_782' title='bbox 2270 5247 2538 5340; x_wconf 84' lang='grc' dir='ltr'>σημαίνει,</span> <span class='ocrx_word' id='word_1_783' title='bbox 2569 5247 2716 5317; x_wconf 74' lang='grc' dir='ltr'><strong>ποτὲ</strong></span> <span class='ocrx_word' id='word_1_784' title='bbox 2755 5257 2809 5314; x_wconf 77' lang='grc' dir='ltr'>δὲ</span> <span class='ocrx_word' id='word_1_785' title='bbox 2866 5261 2927 5315; x_wconf 82' lang='grc' dir='ltr'><strong>τὸ</strong></span> <span class='ocrx_word' id='word_1_786' title='bbox 2972 5257 3153 5332; x_wconf 80' lang='grc' dir='ltr'>κέρδος</span> <span class='ocrx_word' id='word_1_787' title='bbox 3210 5256 3419 5345; x_wconf 76' lang='grc' dir='ltr'>ἁπλῶς.</span> <span class='ocrx_word' id='word_1_788' title='bbox 3483 5247 3646 5316; x_wconf 70' lang='lat' dir='ltr'><strong>U002v</strong></span> <span class='ocrx_word' id='word_1_789' title='bbox 3701 5259 3908 5345; x_wconf 81' lang='grc' dir='ltr'>οίκείως</span> 
     </span>
    </p>
   </div>
   <div class='ocr_carea' id='block_1_113' title="bbox 537 5344 2186 5434">
    <p class='ocr_par' dir='ltr' id='par_1_113' title="bbox 537 5344 2182 5434">
     <span class='ocr_line' id='line_1_113' title="bbox 537 5344 2182 5434; baseline 0.001 -22"><span class='ocrx_word' id='word_1_790' title='bbox 537 5350 886 5416; x_wconf 88' lang='lat' dir='ltr'><strong>citer.Unde</strong></span> <span class='ocrx_word' id='word_1_791' title='bbox 916 5344 1333 5434; x_wconf 86' lang='lat' dir='ltr'><strong>particularius</strong></span> <span class='ocrx_word' id='word_1_792' title='bbox 1361 5371 1424 5413; x_wconf 90' lang='lat' dir='ltr'><strong>se</strong></span> <span class='ocrx_word' id='word_1_793' title='bbox 1448 5353 1607 5434; x_wconf 90' lang='lat' dir='ltr'><strong>loqui</strong></span> <span class='ocrx_word' id='word_1_794' title='bbox 1630 5351 1974 5432; x_wconf 90' lang='lat' dir='ltr'><strong>ostendens,</strong></span> <span class='ocrx_word' id='word_1_795' title='bbox 2006 5344 2182 5414; x_wconf 88' lang='lat' dir='ltr'><strong>addi-</strong></span> 
     </span>
    </p>
   </div>
   <div class='ocr_carea' id='block_1_114' title="bbox 2270 5344 3912 5434">
    <p class='ocr_par' dir='ltr' id='par_1_114' title="bbox 2270 5344 3912 5432">
     <span class='ocr_line' id='line_1_114' title="bbox 2270 5344 3912 5432; baseline -0.002 -25"><span class='ocrx_word' id='word_1_796' title='bbox 2270 5355 2348 5432; x_wconf 80' lang='grc' dir='ltr'>τὸ,</span> <span class='ocrx_word' id='word_1_797' title='bbox 2390 5376 2413 5405; x_wconf 82' lang='grc' dir='ltr'><strong>ιι</strong></span> <span class='ocrx_word' id='word_1_798' title='bbox 2454 5349 2903 5426; x_wconf 80' lang='grc' dir='ltr'>Εμπορεύσονται,</span> <span class='ocrx_word' id='word_1_799' title='bbox 2963 5347 3308 5427; x_wconf 84' lang='grc' dir='ltr'>προσέθηκεν,</span> <span class='ocrx_word' id='word_1_800' title='bbox 3370 5344 3690 5425; x_wconf 84' lang='grc' dir='ltr'>Ἀλλοτριῶν</span> <span class='ocrx_word' id='word_1_801' title='bbox 3732 5344 3786 5402; x_wconf 80' lang='grc' dir='ltr'>δὲ</span> <span class='ocrx_word' id='word_1_802' title='bbox 3816 5348 3912 5403; x_wconf 85' lang='grc' dir='ltr'><strong>αὺ-</strong></span> 
     </span>
    </p>
   </div>
   <div class='ocr_carea' id='block_1_115' title="bbox 535 5433 2186 5522">
    <p class='ocr_par' dir='ltr' id='par_1_115' title="bbox 535 5433 2183 5522">
     <span class='ocr_line' id='line_1_115' title="bbox 535 5433 2183 5522; baseline 0.001 -20"><span class='ocrx_word' id='word_1_803' title='bbox 535 5437 667 5504; x_wconf 89' lang='lat' dir='ltr'><strong>dit:</strong></span> <span class='ocrx_word' id='word_1_804' title='bbox 710 5464 739 5498; x_wconf 70' lang='grc' dir='ltr'><strong>α</strong></span> <span class='ocrx_word' id='word_1_805' title='bbox 769 5433 1264 5522; x_wconf 72' lang='lat' dir='ltr'><strong>Negotiabuntur.</strong></span> <span class='ocrx_word' id='word_1_806' title='bbox 1303 5466 1330 5499; x_wconf 68' lang='grc' dir='ltr'><strong>ι</strong></span> <span class='ocrx_word' id='word_1_807' title='bbox 1371 5433 1615 5504; x_wconf 88' lang='lat' dir='ltr'><strong>Penitus</strong></span> <span class='ocrx_word' id='word_1_808' title='bbox 1671 5451 1867 5503; x_wconf 85' lang='lat' dir='ltr'><strong>autem</strong></span> <span class='ocrx_word' id='word_1_809' title='bbox 1917 5441 2183 5504; x_wconf 89' lang='lat' dir='ltr'><strong>alienans</strong></span> 
     </span>
    </p>
   </div>
   <div class='ocr_carea' id='block_1_116' title="bbox 2270 5433 3907 5522">
    <p class='ocr_par' dir='ltr' id='par_1_116' title="bbox 2270 5433 3907 5508">
     <span class='ocr_line' id='line_1_116' title="bbox 2270 5433 3907 5508; baseline -0.003 -10"><span class='ocrx_word' id='word_1_810' title='bbox 2270 5443 2384 5507; x_wconf 83' lang='grc' dir='ltr'>τοὺς</span> <span class='ocrx_word' id='word_1_811' title='bbox 2406 5438 2679 5502; x_wconf 82' lang='grc' dir='ltr'>παντελῶς</span> <span class='ocrx_word' id='word_1_812' title='bbox 2734 5445 2832 5504; x_wconf 74' lang='grc' dir='ltr'>τῆς</span> <span class='ocrx_word' id='word_1_813' title='bbox 2885 5436 3024 5501; x_wconf 89' lang='grc' dir='ltr'>θείας</span> <span class='ocrx_word' id='word_1_814' title='bbox 3079 5433 3433 5508; x_wconf 77' lang='grc' dir='ltr'>διδασκαλίας,</span> <span class='ocrx_word' id='word_1_815' title='bbox 3491 5434 3755 5500; x_wconf 70' lang='grc' dir='ltr'>πλαστοῖς</span> <span class='ocrx_word' id='word_1_816' title='bbox 3813 5436 3907 5494; x_wconf 77' lang='grc' dir='ltr'>εῖ-</span> 
     </span>
    </p>
   </div>
   <div class='ocr_carea' id='block_1_117' title="bbox 618 5605 2186 5689">
    <p class='ocr_par' dir='ltr' id='par_1_117' title="bbox 618 5607 2180 5689">
     <span class='ocr_line' id='line_1_117' title="bbox 618 5607 2180 5689; baseline 0.001 -19"><span class='ocrx_word' id='word_1_817' title='bbox 618 5609 668 5651; x_wconf 77' lang='lat'>“</span> <span class='ocrx_word' id='word_1_818' title='bbox 699 5607 725 5670; x_wconf 87' lang='grc' dir='ltr'>Ι</span> <span class='ocrx_word' id='word_1_819' title='bbox 754 5611 892 5673; x_wconf 88' lang='lat' dir='ltr'><strong>Cor.</strong></span> <span class='ocrx_word' id='word_1_820' title='bbox 927 5612 1096 5683; x_wconf 86' lang='lat' dir='ltr'><strong>xu,8.</strong></span> <span class='ocrx_word' id='word_1_821' title='bbox 1185 5610 1242 5660; x_wconf 69' lang='grc' dir='ltr'><strong><em>η</em></strong></span> <span class='ocrx_word' id='word_1_822' title='bbox 1276 5611 1480 5674; x_wconf 84' lang='lat' dir='ltr'><strong>Matth.</strong></span> <span class='ocrx_word' id='word_1_823' title='bbox 1517 5627 1602 5689; x_wconf 88' lang='grc' dir='ltr'>ιιι,</span> <span class='ocrx_word' id='word_1_824' title='bbox 1641 5611 1708 5670; x_wconf 85' lang='grc'><strong>17</strong></span> <span class='ocrx_word' id='word_1_825' title='bbox 1743 5633 1758 5682; x_wconf 89' lang='lat'><strong>;</strong></span> <span class='ocrx_word' id='word_1_826' title='bbox 1794 5608 1938 5672; x_wconf 82' lang='lat' dir='ltr'><strong>Joan</strong></span> <span class='ocrx_word' id='word_1_827' title='bbox 1964 5626 2067 5684; x_wconf 82' lang='lat' dir='ltr'><strong>xu,</strong></span> <span class='ocrx_word' id='word_1_828' title='bbox 2102 5609 2180 5674; x_wconf 84' lang='lat'><strong>28</strong></span> 
     </span>
    </p>
   </div>
   <div class='ocr_carea' id='block_1_118' title="bbox 2270 5605 2796 5689">
    <p class='ocr_par' dir='ltr' id='par_1_118' title="bbox 2288 5605 2796 5679">
     <span class='ocr_line' id='line_1_118' title="bbox 2288 5605 2796 5679; baseline -0.006 -8"><span class='ocrx_word' id='word_1_829' title='bbox 2288 5609 2343 5652; x_wconf 69' lang='lat'><strong>43</strong></span> <span class='ocrx_word' id='word_1_830' title='bbox 2373 5607 2398 5670; x_wconf 90' lang='grc' dir='ltr'>Ι</span> <span class='ocrx_word' id='word_1_831' title='bbox 2427 5609 2563 5670; x_wconf 90' lang='lat' dir='ltr'><strong>Cor.</strong></span> <span class='ocrx_word' id='word_1_832' title='bbox 2596 5620 2704 5679; x_wconf 81' lang='lat' dir='ltr'><strong>xu,</strong></span> <span class='ocrx_word' id='word_1_833' title='bbox 2739 5605 2796 5668; x_wconf 88' lang='lat'><strong>3.</strong></span> 
     </span>
    </p>
   </div>
  </div>
