4192 6212
317 395 438 460 593
535 367 540 372 ’

1309 400 1703 464 COMMENT.
1752 399 1834 460 IN
1882 387 2123 455 EPIST.
2170 397 2227 458 II
2274 399 2334 459 S.
2383 399 2638 461 PETRI.

3584 395 3705 460 594

315 549 417 583 πεν
475 528 659 593 αὖτοὺς
722 528 900 608 λόγοις
955 531 1285 612 χρωμένους.
1349 529 1496 588 Ἀλλ’
1571 529 1760 596 ἕξουσι,
1818 529 1968 606 φησὶ,

2059 525 2216 605 ipsos
2247 549 2279 592 a
2310 531 2512 594 divina
2539 532 2830 606 doctrina,
2873 533 3019 596 dixit
3045 551 3148 596 eos
3177 533 3330 596 ﬁctis
3361 531 3443 594 uti
3469 549 3702 594 sermo-

323 616 418 683 τῆς
451 615 687 682 ἀσεϐείας
733 622 796 677 τα
848 621 1072 694 ὀψώνια,
1133 620 1375 680 θάνατον.
1439 621 1508 677 Τὸ
1563 617 1615 674 δὲ
1689 615 1973 697 Ἐκπαλαι,

317 709 420 771 τῆς
476 713 826 784 προγνώσεως
895 708 987 764 τοῦ
1075 717 1201 765 Θεου
1286 709 1393 764 ἐστι

317 882 406 953 Θζι,
441 883 576 938 οὕτω
600 885 686 940 καὶ
752 897 869 947 τοῖς
923 899 1180 960 πονηροῖς
1250 887 1340 940 τὸν
1399 881 1733 950 κατάλληλον
1789 884 1969 946 αὗτοῖς

317 970 508 1031 τόπον,
547 995 574 1025 α
607 973 815 1037 Οῗτινες
848 1020 864 1045 ,
907 997 926 1026 ο
987 975 1075 1030 καὶ
1123 975 1186 1029 τά
1247 973 1386 1040 ἑξῆς.
1434 975 1505 1030 Τὸ
1545 970 1688 1038 ἐξῆς.
1760 971 1968 1035 Ο’ἷτινες

319 1057 611 1136 ἐπάγοντες
642 1061 851 1123 ἑαυτοῖς
913 1064 1142 1141 ταχινὴν
1213 1062 1504 1134 ἀπώλειαν,
1566 1059 1968 1138 παρεισάξουσιν

317 1147 546 1226 αἷρέσεις
590 1148 878 1229 ἀπωλείας,
949 1153 1036 1207 καὶ
1065 1153 1153 1207 τὸν
1225 1151 1547 1231 ἀγοράσοντα
1620 1149 1803 1210 αὐτοὺς
1863 1159 1968 1204 Δε-

322 1235 532 1301 σπότην
573 1235 900 1313 ἀρνούμενοι,
953 1240 1041 1296 καὶ
1095 1238 1148 1295 ἐν
1204 1238 1476 1311 πλεονεξίᾳ
1545 1238 1805 1303 πλαστοῖς
1832 1239 1968 1312 ὑμᾶς

321 1323 508 1401 λόγοις
551 1323 956 1402 ἐμπορευόμενοι
967 1375 980 1388 ,

414 1613 438 1642 ιι
503 1591 559 1646 Εἰ
615 1591 713 1668 γὰρ
756 1593 784 1647 ὁ
842 1594 972 1656 Θεὸς
1056 1591 1293 1672 ἀγγέλων
1363 1593 1780 1669 ἁμαρτησάντων
1877 1612 1970 1646 ουκ

321 1680 590 1757 ἐφείσατο,
655 1679 789 1735 ἀλλά
849 1695 1052 1760 σειραῖς
1138 1681 1297 1763 ζόφου
1377 1682 1737 1762 ταρταρώσας,
1826 1701 1967 1758 παρ-

321 1767 520 1824 έδωκεν
618 1770 689 1831 εἰς
773 1771 938 1848 κρίσιν
1048 1771 1460 1850 τετηρημένους,

322 1859 528 1931 κόσμου
578 1859 669 1914 οὒκ
737 1858 1002 1938 ἐφείσατο,
1101 1859 1236 1916 ἀλλὰ
1306 1859 1487 1938 ὄγδοον
1557 1866 1672 1916 Νῶε

321 1948 488 2011 σύνης
600 1947 805 2024 κήρυκα
929 1947 1170 2027 ἐφύλαξε,
1285 1948 1656 2022 κατακλυσμὸν
1781 1947 1968 2020 κόσμῳ

320 2032 528 2090 ἀσεϐῶν
585 2035 802 2113 ἐπάξας,
874 2039 961 2092 καὶ
1055 2036 1237 2100 πόλεις
1335 2035 1585 2112 Συδόμωυ
1680 2037 1767 2092 καὶ
1863 2040 1968 2090 Γο-

324 2122 523 2202 μοῤῥας
620 2124 890 2204 τεφρώσας
986 2133 1322 2205 καταστροφῇ
1425 2125 1746 2204 κατέκρινεν,
1832 2125 1965 2179 ὑπό-

318 2209 516 2289 δειγμα
571 2211 874 2285 μελλόντων
942 2211 1152 2270 ἀσεϐεῖν
1237 2215 1498 2286 τεθεικὼς,
1601 2214 1687 2268 καὶ
1770 2208 1969 2267 δίκαιον

323 2301 452 2356 Λώτ
521 2303 977 2375 καταπονούμενον
1030 2304 1128 2358 ὑπὸ
1179 2304 1276 2368 τῆς
1311 2367 1326 2373 _
1357 2305 1464 2358 τῶν
1550 2300 1792 2376 ἀθέσμων
1889 2299 1968 2354 ἐν-

323 2388 579 2468 ἀσελγείᾳ
679 2389 1008 2469 ἀναστροφῆς
1115 2390 1382 2469 ἕῤῥύσατο,
1509 2389 1778 2464 Βλέμματι
1869 2389 1969 2468 γὰρ

318 2479 423 2535 καί
480 2478 615 2555 ἀκοῇ
646 2480 675 2534 ὃ
744 2478 938 2545 δίκαίος
1000 2479 1323 2557 ἐγκατοικῶν
1379 2481 1432 2536 ἐν
1514 2482 1692 2543 αὒτοῖς
1767 2477 1968 2556 ἡμέραν

320 2566 380 2632 ἐξ
455 2566 652 2646 ἡμέρας
739 2572 920 2647 ψυχῆν
1005 2566 1204 2626 δικαίαν
1297 2569 1512 2645 ἀνόμοις
1609 2568 1778 2646 ἔργοις
1847 2564 1973 2623 ἐϐα-

326 2656 536 2726 σάνιζεν
549 2701 564 2717 ,
600 2679 625 2708 ι

1759 1856 1967 1914 δικαιο-

411 2746 469 2803 Εἰ
496 2744 595 2822 γὰρ
627 2745 655 2800 ὁ
687 2746 814 2807 Θεὸς
846 2743 960 2803 οὐδὲ
991 2743 1230 2824 ἀγγέλων
1260 2747 1709 2826 ἁμαρτησάντων,
1743 2745 1859 2805 οὐδὲ
1879 2743 1975 2801 κό-

2059 618 2252 682 nibus.
2283 620 2397 685 Sed
2448 621 2752 684 habebunt
2773 622 2987 702 inquit,
3020 621 3349 702 impietatis
3384 619 3702 701 stipendia,

1468 709 1820 782 σημαντικὸν,
1889 707 1970 762 καὶ

2059 727 2273 790 nempe
2305 719 2580 774 mortem.
2608 712 2792 773 Porro
2806 714 2940 788 jam
2969 710 3139 792 olim,
3173 708 3566 792 praescientiai
3599 707 3707 771 Dei

316 792 498 871 ὥσπερ
553 808 670 860 τοῖς
757 797 978 872 ἀγαθοῖς
1065 801 1475 875 προγνωστικῶς
1529 797 1788 869 ἡτοίμασε
1843 794 1977 872 ἀγα-

2056 798 2504 877 signiﬁcativum
2529 809 2641 861 est.
2676 798 3188 871 Quemadmodum
3237 798 3399 860 enim
3425 813 3530 878 per
3556 816 3703 878 prae-

2053 888 2364 948 scientiam
2397 886 2569 948 bonis
2593 891 2939 968 praeparavit
2960 887 3138 964 bona,
3169 887 3249 950 ita
3273 896 3331 950 et
3356 885 3530 947 malis
3551 903 3702 948 con-

2053 995 2259 1053 gruum
2285 976 2660 1056 ipsislocum.
2687 976 2828 1038 539
2853 999 2878 1031 ε
2928 976 3038 1048 Qui
3069 977 3282 1053 clam,»
3340 983 3457 1037 etc.
3488 974 3648 1038 Ordo
3682 991 3697 1036 :

2053 1063 2161 1136 Qui
2193 1073 2566 1126 accersentes
2587 1063 2699 1126 sibi
2721 1065 2864 1146 ipsis
2886 1065 3147 1127 celerem
3173 1064 3514 1136 interitum,
3549 1061 3699 1124 clam

2053 1154 2270 1214 ducent
2299 1163 2486 1215 sectas
2518 1153 2922 1234 perniciosas;
2955 1161 3014 1216 et
3059 1152 3374 1216 Dominum
3436 1149 3537 1230 qui
3569 1149 3704 1213 illos

2052 1251 2351 1304 mercatus
2374 1250 2464 1303 est
2493 1241 2879 1321 abnegantes,
2914 1250 2972 1303 et
3030 1260 3138 1323 per
3191 1242 3497 1304 avaritiam
3550 1239 3701 1308 ﬁctis

2051 1331 2427 1393 sermonibus
2444 1331 2519 1392 de
2533 1330 2698 1392 vobis
2712 1331 3114 1410 negotiantes.
3139 1354 3166 1386 α
3189 1333 3321 1393 Non
3347 1327 3654 1394 dormitat.
3670 1357 3695 1387 υ

2049 1421 2179 1483 Non
2210 1431 2423 1502 cessat,
2445 1424 2567 1486 sive
2590 1442 2708 1485 non
2732 1424 2844 1485 erit
2868 1423 3083 1498 otiosa,
3136 1423 3338 1503 segnis
3399 1433 3504 1487 aut
3531 1423 3693 1488 inef-

2053 1512 2229 1575 ﬂcax.

2130 1600 2205 1674 II,
2230 1601 2354 1663 4-7.
2376 1601 2611 1679 Namlsi
2635 1601 2783 1662 Deus
2808 1600 3044 1680 angelis
3056 1602 3160 1680 qui
3163 1609 3702 1681 peccaveruntnon

2045 1691 2451 1768 pepercit,sed
2461 1691 2692 1752 catenis
2714 1689 2999 1770 caliginis
3013 1692 3077 1751 in
3100 1696 3405 1752 tartarum
3414 1690 3702 1772 praecipi-

1573 1773 1660 1826 καὶ
1742 1769 1967 1848 ἀρχαίοο

2053 1779 2206 1839 tdtos
2231 1779 2484 1841 tradidit
2503 1787 2768 1842 servatos
2789 1769 2855 1840 in
2863 1778 3171 1857 judicium
3195 1796 3208 1840 :
3227 1786 3288 1840 et
3295 1769 3502 1858 prisco
3515 1769 3702 1841 mun-

2049 1866 2124 1926 (ιο
2145 1884 2267 1928 non
2286 1869 2587 1947 pepercit:
2632 1867 2734 1929 sed
2756 1873 3036 1930 octavum
3066 1865 3332 1945 juctitiae
3363 1884 3701 1947 praeconem

2049 1957 2464 2020 Noeservavil.
2503 1957 2739 2017 diluvio
2775 1957 2844 2016 in
2879 1954 3174 2017 mundum
3215 1959 3548 2034 impiorum
3597 1960 3699 2016 in-

2049 2045 2311 2115 ducto;et
2322 2044 2982 2109 civitatesSodomorum
3005 2046 3374 2105 acGomorrae
3387 2045 3453 2103 in
3469 2045 3702 2104 cineres

2051 2135 2328 2197 redactas
2370 2132 2754 2195 subversione
2801 2132 3246 2205 condemnav't,
3293 2147 3514 2212 easque
3558 2131 3702 2208 fecit

2050 2223 2389 2304 exemplum
2414 2223 2508 2284 his
2531 2221 2639 2302 qui
2661 2221 2845 2300 impie
2874 2219 3072 2298 forent
3093 2224 3332 2296 acturi;
3367 2225 3426 2281 et
3461 2219 3700 2298 justum

2051 2313 2163 2376 Lat
2182 2319 2286 2391 qui
2312 2309 2824 2391 opprimebatura
2851 2307 3114 2391 nefariis
3157 2324 3274 2391 per:
3288 2305 3702 2391 libidinosam

2050 2386 2584 2464 conversationem,
2606 2390 2849 2467 eripuit.
2883 2387 2943 2449 Is
2963 2389 3122 2450 enim
3142 2386 3329 2450 Oculis
3362 2392 3418 2450 et
3447 2386 3702 2450 auribus

2041 2486 2406 2559 justus,cum
2430 2480 2725 2541 habitaret
2753 2482 2933 2539 imter
2951 2474 3110 2547 illas,
3129 2475 3405 2556 quotidie
3422 2475 3702 2538 animum

2045 2573 2281 2651 justam
2314 2569 2544 2649 iniquis
2565 2567 2813 2629 illorum
2840 2565 3018 2645 factis
3045 2563 3456 2628 excruciabat.

2134 2747 2277 2810 Nam
2310 2745 2360 2806 si
2386 2745 2538 2807 Deus
2559 2761 2670 2806 nec
2725 2741 2952 2822 angelis
2998 2741 3103 2821 qui
3147 2746 3540 2823 peccaverant
3585 2757 3696 2803 nec

329 2856 475 2910 σμου
503 2832 726 2912 ἀρχαίου
755 2833 1018 2913 ἐφείσατο,
1045 2832 1180 2889 ἀλλὰ
1221 2836 1308 2891 καὶ
1360 2833 1541 2901 πόλεις
1598 2833 1846 2911 Σοδόμων
1876 2835 1966 2890 καὶ

2053 2839 2244 2922 prisco
2267 2834 2488 2896 mundo
2514 2831 2800 2915 pepercit,
2827 2832 2931 2922 sed
2955 2841 3013 2922 et
3030 2828 3696 2922 civitatesSod‘omorum

326 2922 599 3002 Γομόρρας
670 2923 940 3002 κατέκρινε
1017 2929 1356 3004 καταστροφῇ
1397 2925 1694 3005 τεφρώσας,
1752 2925 1838 2981 καὶ
1895 2924 1968 2984 είς

2053 2917 2112 2992 et
2133 2930 2434 2992 Gomorra
2456 2921 2891 3002 condemnavit,
2913 2920 3299 2983 subversione
3324 2917 3600 2996 redigens
3632 2917 3696 2978 in

318 3011 620 3089 ὑπόδειγμα
650 3011 858 3067 πάντων
890 3018 994 3068 τῶν
1053 3011 1168 3088 μετ’
1213 3014 1394 3075 αὑτοὺς
1427 3012 1727 3088 μελλόντων
1757 3009 1970 3068 ἀσεϐεῖν

2055 3017 2310 3088 cineres,
2357 3021 2415 3074 et
2461 3016 2520 3074 in
2555 3015 2889 3092 exemplum
2923 3010 3116 3091 posuit
3144 3008 3408 3070 omnium
3432 3007 3533 3088 qui
3563 3014 3700 3088 post

318 3101 550 3158 τέθεικε.
610 3105 726 3158 Νῶε
799 3097 852 3155 δὲ
927 3098 1259 3170 δικαιοσύνης
1319 3103 1544 3180 κήρυκα,
1595 3100 1965 3174 κατακλυσμὸν

2053 3108 2208 3186 ipsos
2225 3103 2408 3182 impie
2426 3099 2614 3163 acturi
2636 3109 2832 3162 essent
2858 3119 2873 3179 ;
2896 3098 3020 3161 Noe
3044 3117 3183 3162 vero
3199 3097 3448 3186 justitiaa
3468 3115 3696 3176 praeco-

325 3192 518 3262 κόσμῬ
545 3186 748 3244 ἀσεϐῶν
779 3188 994 3264 ἐπάξας,
1056 3188 1326 3270 ἐφύλαξεν,
1370 3189 1504 3246 ἀλλὰ
1559 3192 1645 3247 καὶ
1699 3192 1789 3246 τὸν
1845 3190 1966 3246 Λὼτ

320 3278 786 3352 καταπονούμενον
815 3278 913 3334 ὑπὸ
971 3285 1076 3335 τῶν
1132 3276 1358 3350 ἀσεϐῶν,
1414 3278 1500 3334 ὅτε
1556 3279 1676 3341 τοὺς
1711 3277 1964 3342 ἐπιξενω-

321 3369 509 3431 θέντας
561 3365 804 3432 δηλονότι
860 3367 1113 3446 ἀγγέλους
1178 3367 1234 3425 οἳ
1291 3366 1343 3423 ἐν
1415 3366 1670 3442 Σοδόμοις
1726 3368 1964 3439 ἐζήτουν,

325 3458 420 3513 καὶ
463 3454 528 3523 δὴ
558 3456 644 3511 καὶ
696 3456 825 3533 πρὸς
880 3454 1039 3526 ζῆλον
1089 3459 1192 3512 τῶν
1250 3455 1451 3513 ἀσεϐῶν
1511 3456 1678 3514 αὐτῶν
1733 3455 1967 3534 πράξεων

322 3544 530 3623 ἡμέραν
617 3542 668 3607 ἐξ
735 3543 940 3622 ἡμέρας
1010 3543 1497 3624 παρακαλούμενον,
1571 3547 1692 3602 εἶτα
1745 3545 1964 3621 βασανί-

322 3639 484 3702 ζοντα
511 3633 609 3698 τὴν
639 3631 833 3688 ἀαυτοῦ
862 3633 1046 3712 ψυχὴν
1099 3631 1183 3693 διὰ
1233 3634 1328 3702 τῆς
1357 3635 1556 3692 τούτων
1610 3634 1825 3712 ἀποχῆς
1881 3633 1968 3688 καὶ

321 3721 654 3800 ἐγκρατείας,
709 3719 954 3799 ἐῤῥύσατο
992 3738 1006 3750 ’
1065 3725 1125 3780 οὒ
1176 3720 1361 3797 πολλῷ
1413 3721 1615 3798 μᾶλλον
1677 3725 1766 3778 καὶ
1835 3721 1970 3777 κατά

322 3811 420 3864 τὸν
479 3816 567 3865 νύν
625 3811 806 3888 καιρὸν
869 3811 956 3865 καὶ
1052 3811 1235 3874 αὐτοὺς
1321 3810 1558 3884 ἀπωλείᾳ
1642 3808 1966 3889 παραδώσει,

323 3901 403 3961 ὡς
475 3899 593 3963 τοὺς
667 3896 966 3978 παραϐάτας
1050 3898 1328 3976 ἀγγέλους,
1400 3902 1486 3957 καὶ
1549 3901 1671 3964 τοὺς
1740 3899 1827 3956 ἐπὶ
1879 3907 1972 3956 τού

322 3988 724 4068 κατακλυσμοῦ,
797 3990 884 4044 καὶ
938 3988 1015 4044 ’ἑτι
1080 3987 1460 4070 Σοδομηνούς,
1525 3980 1689 4064 ’Υμᾶς
1737 3987 1790 4044 δὲ
1850 3989 1969 4050 τοὺς

325 4077 467 4150 μετά
494 4077 690 4134 τούτων
719 4077 775 4134 ἐν
829 4084 905 4152 τῷ
958 4078 1146 4152 κόσμῳ
1201 4086 1581 4156 παροικούντας
1636 4080 1757 4158 οὖχὶ
1813 4076 1970 4132 σώσει

324 4168 405 4230 ὡς
431 4167 522 4222 τὸν
554 4173 670 4224 Νῶε
724 4169 812 4222 καὶ
865 4168 979 4241 τὸν,
1043 4168 1162 4224 Λὼτ
1219 4168 1339 4232 τοὺς
1397 4175 1784 4235 συσκηνοῦντας
1851 4167 1972 4224 τότε

325 4268 450 4319 τοῖς
523 4255 898 4336 παρανόμοις-ς
975 4255 1152 4319 Οὕτως
1209 4256 1420 4320 πάντως
1487 4259 1698 4328 ποιήσει
1734 4273 1746 4286 ⁸
1807 4256 1970 4320 οὒδεὶς

324 4345 561 4420 ἀντερεῖ,
647 4343 771 4402 Οἵδε
814 4346 914 4424 γὰρ
970 4344 1202 4410 εὖσεϐεῖς
1257 4344 1316 4401 ἐκ
1387 4353 1694 4425 πειρασμῶν
1740 4347 1968 4424 ῥύεσθαι,

324 4413 524 4494 κακοὺς
593 4430 648 4488 δὲ
746 4413 839 4498 εἷς.
887 4413 1101 4513 ’ἡμέραν
1182 4434 1398 4512 κρίσεως
1479 4413 2036 4509 κολασθησομένουςο

324 4536 536 4599 τηρεῖν,
571 4523 774 4579 Σκάπει
803 4520 857 4577 δὲ
912 4521 992 4579 ὅτι
1039 4525 1101 4578 τὸ
1157 4523 1273 4600 περὶ
1327 4525 1432 4578 τῶν
1478 4529 1777 4579 κακοποιῶν
1833 4545 1969 4599 προ-

325 4611 432 4672 θεὶς
463 4611 572 4666 ἂνω
624 4609 978 4690 παράδειγμα,
1051 4621 1138 4671 νῦν
1193 4613 1255 4666 τὸ
1311 4617 1413 4667 τῶν
1469 4609 1680 4668 δικαίων
1735 4613 1968 4691 προτάτ-

321 4719 430 4771 τει,
463 4700 550 4754 καὶ
598 4697 684 4754 διὰ
737 4700 922 4758 τούτου
981 4705 1326 4780 ψυχαγωγῶν
1392 4701 1511 4762 τοὺς
1568 4699 1809 4771 ζηλωτὰς
1865 4705 1970 4757 τῶν

323 4785 566 4867 δικαίων,
615 4789 688 4852 ὡς
739 4789 1104 4867 προτιμότεροι
1173 4796 1278 4844 τῶν
1361 4787 1563 4844 ἀσεϐῶν
1643 4789 1806 4850 εἶναι.
1877 4790 1970 4844 Διὸ

325 4877 417 4931 καὶ
446 4878 474 4932 ὁ
509 4878 724 4953 Χριστὸς
774 4882 984 4954 πρῶτον
1040 4878 1106 4932 τὰ
1160 4877 1287 4955 γέρα
1341 4889 1459 4938 τοῖς
1517 4874 1734 4939 δικαίοις
1793 4875 1968 4933 δίδωσι

328 4978 450 5026 τοῖς
494 4963 554 5019 ἐκ
581 4963 760 5030 δεξιῶν
816 4965 1032 5044 ἀρνίοις,
1083 4965 1204 5022 εἶτα
1253 4979 1368 5030 τοῖς
1425 4965 1477 5030 ἐξ
1530 4965 1814 5046 ἀριστερῶν
1858 4966 1968 5044 ἐρί-

328 5077 449 5136 φοις
478 5057 568 5120 τὰς
598 5057 872 5136 τιμωρίας.
906 5056 1089 5113 Καθότο
1178 5059 1264 5112 καὶ
1317 5057 1383 5112 τὰ
1425 5059 1620 5135 τερπνά
1675 5064 1781 5114 τῶν
1849 5079 1970 5116 σκυ-

324 5145 554 5222 Θρωπῶν
610 5150 950 5221 προτιμᾶται.
1013 5168 1039 5198 α
1102 5143 1370 5223 Ἀγγέλων
1430 5147 1808 5219 ἀμρτησάντων
1880 5145 1976 5202 οὒκ

324 5233 590 5312 ἐφείσατο.
641 5231 734 5288 Ἐκ
817 5238 924 5287 τῶν
1003 5232 1450 5312 προτετμημένων
1520 5235 1554 5301 ἡ
1609 5233 1968 5314 ἐπιχειρησις.

323 5321 470 5387 Φησὶ
500 5322 620 5401 γὰρ,
657 5321 713 5378 El.
742 5322 882 5378 οὗτοι
910 5323 956 5376 οἱ
1008 5320 1098 5377 διὰ
1145 5325 1206 5378 τὸ
1270 5327 1368 5387 τῆς
1427 5321 1605 5387 οιῖισίας
1676 5323 1968 5401 ἀκήρατον,

323 5407 545 5488 ἄγγελοι
605 5410 767 5484 τίμιοι
824 5410 965 5484 παρὰ
1015 5416 1130 5486 Θεῷ
1202 5410 1511 5476 καταθέντες
1577 5412 1973 5491 ἁμαρτήσαντες

322 5499 648 5577 συγγνώμης
677 5499 771 5555 οὐκ
829 5497 1043 5580 ἔτυχον,
1103 5498 1217 5557 οὐδὲ
1276 5502 1323 5556 οἱ
1365 5513 1656 5580 προσεχεῖς
1714 5501 1808 5570 τῆς
1870 5504 1970 5560 αὖ·

403 5664 461 5709 η
487 5663 686 5730 Matth.
719 5684 860 5744 xxv,
893 5666 1104 5732 34-41.

2049 3185 2436 3269 nem,diluvio
2463 3191 2524 3252 iu
2549 3189 2835 3252 mundum
2857 3189 3176 3269 impiorum
3195 3185 3460 3259 inducto,
3491 3203 3696 3247 serva-

2047 3284 2127 3344 vit
2151 3301 2167 3358 ;
2192 3282 2297 3344 sed
2320 3289 2376 3342 et
2403 3280 2506 3341 Lot
2521 3280 2618 3360 qui
2644 3277 2717 3339 ab
2742 3275 2942 3357 impiis
2964 3275 3431 3358 opprimebatur,
3458 3273 3695 3352 quando

2048 3371 2324 3434 videlicet
2355 3378 2412 3430 et
2461 3368 2778 3432 Sodemitm
2830 3365 3076 3443 angelos
3104 3362 3374 3445 hospicio
3417 3369 3698 3442 exceptos

2048 3458 2422 3541 quaerebant,
2444 3465 2503 3521 et
2523 3455 2790 3538 quotidie
2819 3453 3251 3516 admonebatur
3264 3453 3344 3541 ad
3361 3448 3693 3541 sinulatio-

2051 3539 2188 3611 nem
2239 3547 2552 3627 impiarum
2585 3544 2882 3606 actionum
2914 3543 3200 3636 ipsorum,
3252 3539 3476 3604 deinde
3504 3555 3692 3636 suam

2049 3625 2350 3700 cruciabat
2379 3635 2639 3697 animam
2702 3650 2807 3713 per
2838 3625 3318 3713 temperantiam,
3349 3637 3409 3691 et
3465 3625 3540 3688 ab
3572 3626 3696 3690 illis

2050 3724 2427 3798 abstinendo,
2492 3721 2762 3803 eripuit:
2821 3739 3019 3782 annon
3081 3721 3264 3782 multo
3340 3715 3532 3793 magis
3583 3715 3699 3778 hoc

2051 3816 2230 3876 etiam
2261 3823 2531 3894 tempore
2561 3819 2622 3874 et
2649 3811 2787 3871 istos
2831 3809 3022 3872 tradet
3051 3809 3250 3884 exitio,
3311 3803 3700 3894 quemadmo-

2053 3904 2192 3965 dum
2218 3891 2686 3980 transgressores
2713 3895 2953 3974 angelos
2972 3906 3030 3959 et
3060 3915 3163 3960 eos
3193 3897 3294 3979 qui
3325 3904 3594 3974 tempore
3615 3891 3702 3955 di-

2053 3990 2194 4051 luvii
2225 4000 2411 4061 erant,
2469 4007 2536 4050 ac
2590 3996 2875 4068 praeterea
2924 3984 3302 4050 Sodomitas?
3351 4002 3454 4047 vos
3500 3990 3703 4046 autem

2058 4081 2156 4162 qui
2175 4081 2398 4161 pariter
2422 4097 2556 4140 cum
2582 4078 2675 4139 his
2698 4076 2756 4138 in
2789 4075 3010 4138 mundo
3034 4075 3548 4151 habitatis,annon
3571 4090 3702 4134 ser-

2057 4167 2741 4250 vabit,quemadmodum
2765 4167 2892 4228 Noe
2919 4173 2977 4227 et
3009 4170 3117 4229 Lot
3137 4165 3238 4246 qui
3262 4174 3401 4228 tunc
3421 4166 3578 4230 inter
3596 4166 3705 4228 im-

2061 4259 2187 4338 pios
2209 4257 2598 4320 habitabant?
2629 4273 2804 4317 nemo
2831 4253 3078 4332 ambigit
3115 4255 3258 4336 quin
3316 4255 3562 4319 omnino
3624 4255 3708 4320 ita

2058 4349 2317 4408 facturus
2348 4345 2444 4408 sit.
2479 4345 2645 4406 Novit
2669 4345 2827 4406 enim
2881 4344 3004 4424 pios
3052 4344 3126 4405 de
3185 4345 3614 4408 tentationibus
3645 4351 3705 4406 et

2048 4435 2471 4508 afﬂictionibus
2493 4433 2754 4514 eripere,
2782 4432 3036 4512 injustos
3057 4441 3254 4493 autem
3277 4433 3336 4494 in
3357 4434 3516 4494 diem
3541 4431 3700 4512 judi-

2053 4523 2134 4584 dii
2169 4524 2498 4604 puniendos
2523 4541 2782 4584 servare.
2842 4521 3259 4583 Animadverte
3313 4530 3509 4583 autem
3543 4521 3700 4602 quod

2053 4632 2186 4673 cum
2218 4613 2492 4693 superius
2515 4612 2850 4692 exemplum
2881 4611 2956 4672 de
2978 4609 3328 4672 facinosoris
3351 4609 3699 4691 proposuis-

2052 4708 2162 4776 set,
2194 4721 2348 4762 nunc
2380 4700 2524 4762 illud
2556 4701 2709 4781 quod
2747 4700 2820 4761 de
2843 4700 3022 4780 jnstis
3051 4709 3140 4761 est
3166 4699 3526 4780 praeordinat
3557 4715 3704 4781 :per

2054 4790 2163 4851 hoc
2197 4791 2681 4870 etiamjustorum
2705 4789 3084 4851 aemulatores
3120 4789 3484 4850 consolando
3537 4789 3694 4872 quod

2054 4880 2490 4958 przestzmtiores
2524 4877 2726 4959 impiis
2757 4877 3111 4939 habeantur.
3171 4875 3316 4936 540
3374 4879 3700 4958 Propterea

2054 4971 2228 5030 etiam
2261 4971 2529 5032 Christus
2552 4967 2863 5048 prcemium
2885 4966 3170 5048 datprius
3194 4964 3374 5044 justis
3399 4967 3567 5046 agnis
3595 4966 3698 5047 qui

2053 5075 2085 5116 a
2112 5057 2333 5118 dextris
2363 5066 2519 5127 sunt,
2556 5055 2774 5118 deinde
2805 5055 2989 5117 haedis
3017 5054 3120 5137 qui
3159 5062 3298 5115 sunt
3347 5073 3382 5116 a
3440 5053 3698 5117 sinistris

2056 5145 2346 5226 supplicia
2363 5144 2935 5226 “Quandoquidem
2957 5154 3014 5206 et
3033 5141 3415 5206 delectabilia
3431 5141 3701 5207 tristibus

2058 5236 2472 5314 praeferuntur.
2515 5261 2534 5289 ο
2563 5235 2799 5315 Angelis
2819 5233 2921 5314 qui
2942 5240 3336 5312 peccaverant
3355 5253 3471 5295 non
3490 5251 3697 5315 peper-

2055 5327 2155 5385 cit.
2195 5349 2220 5378 ι
2248 5323 2335 5385 Ab
2369 5323 2461 5386 his
2481 5324 2580 5405 qui
2613 5326 2870 5407 primum
2886 5321 3136 5384 resecati
3168 5329 3307 5384 sunt
3328 5322 3698 5403 aggreditur,

2053 5421 2113 5473 et
2143 5413 2259 5476 ait:
2287 5412 2347 5476 Si
2379 5413 2568 5491 angels
2594 5413 2694 5496 qui
2721 5420 2962 5495 propter
2982 5409 3695 5482 substantiaaimmortali-

2060 5512 2236 5566 tatem
2269 5503 2330 5564 in
2363 5504 2588 5566 honore
2636 5509 2806 5567 erant
2845 5499 2998 5582 apud
3034 5501 3247 5579 Deum,
3279 5518 3416 5563 cum
3449 5517 3698 5563 excusso
