4192 6212
479 374 607 438 ’595

1607 372 2016 435 (ECUMENII
2062 368 2358 433 TRICCE
2404 370 2739 439 EPISCOPI

3742 371 3857 435 596

472 510 616 590 jugo
636 520 1000 589 peccassent,
1039 529 1156 571 non
1176 516 1310 570 sunt
1328 509 1552 569 veniam
1574 507 1876 570 consecuti
1901 523 1917 565 :
1946 508 2124 569 multo

2212 509 2314 560 tim
2346 504 2589 571 πλάσεως
2647 507 2932 587 ἄνθρωποι,
2994 508 3179 584 πολλῷ
3237 505 3439 583 μᾶλλον
3487 502 3603 562 ο·Ὡέ
3659 505 3854 560 τούτων

486 599 683 661 minus
706 598 1044 659 hominibus
1058 617 1179 659 suae
1195 595 1574 671 plasmationi
1608 598 1967 664 haerentibus
1993 616 2123 679 par-

486 695 581 748 cet
607 686 658 747 si
691 687 1079 765 peccaverint.
1124 711 1147 740 σ
1184 684 1301 747 Sed
1334 686 1559 745 catenis
1590 686 1886 765 caliginis.
1926 717 1948 745 »
1978 691 2127 753 Con-

483 774 880 836 demnationis
912 773 1417 835 inevitabilitatem
1481 774 1795 853 signiﬁcat.
1832 778 2127 859 Hujusce-

477 863 638 924 modi
669 862 826 924 enim
862 862 1087 923 catenis
1117 869 1281 923 certo
1302 881 1334 923 a
1355 862 1526 923 nobis
1559 864 1996 927 condemnatos
2016 886 2125 945 pu-

482 951 697 1013 nimus.
730 950 845 1013 Sed
878 950 1037 1012 dicet
1057 951 1291 1031 aliquis:
1322 950 1488 1013 Unde
1514 952 1823 1015 manifesta
1865 965 1951 1017 est
1998 955 2129 1016 talis

484 1039 898 1102 condemnatio
914 1039 1283 1101 daemonum?
1298 1040 1369 1100 ab
1391 1040 1533 1118 ipsis
1548 1041 1638 1101 vid
1652 1042 1825 1104 elicet
1838 1043 2125 1105 daemoni-

481 1128 592 1190 bus
622 1128 913 1209 siquidem
950 1132 1007 1189 in
1032 1128 1348 1207 Evangelio
1393 1129 1449 1178 ‘5
1480 1128 1901 1214 deprecantur,
1964 1151 2037 1193 ne
2067 1132 2129 1191 in

483 1219 758 1299 abyssum
788 1217 1188 1291 remittantur,
1227 1227 1502 1297 tanquam
1528 1219 1625 1278 alii
1657 1239 1891 1300 quoque
1922 1240 2131 1282 omnes

480 1309 592 1369 hoc
627 1306 942 1387 patiantur.
998 1304 1320 1368 Sciendum
1376 1313 1569 1366 tamen
1634 1317 1722 1368 est
1766 1309 1924 1388 quod
1952 1308 2131 1371 veluti

484 1414 591 1476 per
615 1395 855 1456 modum
875 1393 1305 1474 suppositionis
1331 1394 1681 1473 productum
1714 1406 1799 1458 est
1817 1417 2130 1461 argumen-

485 1493 630 1557 tum,
668 1503 784 1545 non
821 1493 1015 1546 tamen
1049 1501 1184 1543 vere
1216 1482 1293 1542 ita
1328 1491 1434 1549 est,
1496 1502 1692 1560 neque
1753 1489 1909 1548 enim
1968 1487 2127 1549 aliud

478 1572 656 1634 habet
686 1573 842 1653 quod
870 1579 1070 1652 postea
1092 1571 1476 1650 respondeat,
1508 1574 1606 1632 sed
1633 1573 1690 1632 in
1737 1577 2000 1651 speciem
2032 1595 2127 1636 so-

481 1663 604 1723 lum
633 1661 712 1722 ita
733 1660 1103 1752 propositum
1118 1670 1234 1751 est,
1256 1661 1314 1719 in
1335 1664 1633 1721 veritatem
1654 1671 1848 1752 autem
1877 1664 2124 1752 simplex

2208 594 2625 674 ἁμαρτησάντων
2684 597 2936 676 φείσεται,
3003 622 3029 653 α
3068 598 3165 654 Διά
3221 595 3277 652 δὲ
3348 602 3454 652 τῶν
3526 593 3712 673 σειρῶν
3769 593 3862 649 τοῦ

2209 682 2389 763 ζόφου,
2435 706 2457 740 ι
2492 686 2552 741 τὸ
2621 682 2848 765 ἄφυκτον
2891 687 2979 743 καὶ
3034 683 3381 765 ἀδιάδραστον
3438 688 3535 750 τῆς
3606 682 3859 759 κατακρί-

2210 792 2344 834 σεως
2374 775 2642 847 σημαίνει,
2698 775 2965 837 ’τοιούτοις
3021 776 3121 854 γὰρ
3184 772 3401 849 δεσμοῖς
3456 772 3577 835 τοὺς
3636 770 3858 848 ἀκριϐῶς

2209 859 2291 938 ὑφ’
2346 861 2493 933 ὑμῶν
2565 859 3035 928 καταδικασθέντας
3109 861 3423 937 κολάζομεν.
3482 858 3648 916 Ἀλλὰ
3703 859 3857 913 πόθεν

2208 949 2321 1026 ἐρεῖ
2361 970 2442 1011 τις
2491 949 2571 1005 ὅτι
2628 948 2764 1019 δήλη
2796 953 2829 1018 ἡ
2877 951 3094 1018 τοιαύτη
3150 951 3455 1029 κατάκρισις
3512 949 3617 1005 τῶν
3675 945 3859 1020 δαιμό-

2212 1059 2354 1119 νων,
2403 1039 2522 1096 Ἀπ’
2583 1041 2755 1098 αὐτῶν
2798 1040 3002 1110 δηλαδῆ
3089 1048 3194 1098 τῶν
3264 1039 3552 1116 δαιμόνων.
3616 1039 3711 1095 Καὶ
3757 1038 3857 1114 γὰρ

2211 1127 2263 1182 ἐν
2307 1132 2383 1201 τῷ
2434 1129 2733 1207 Εὖαγγελίορ
2776 1128 2975 1188 δέονται
3019 1133 3096 1206 μὴ
3127 1133 3197 1196 είς
3236 1132 3335 1198 την
3390 1126 3611 1186 ἄϐυσσον
3671 1127 3855 1190 αὐτοὺς

2210 1218 2579 1293 καταπέμψαι,
2638 1222 2711 1282 ὡς
2754 1223 2844 1277 καὶ
2897 1220 3086 1300 ἑτέρων
3156 1228 3311 1277 τοῦτο
3380 1220 3594 1276 πάντων
3655 1216 3855 1272 παθόν-

2209 1328 2337 1364 των.
2397 1307 2593 1364 ’ἰστέον
2654 1308 2833 1383 μέντοι
2876 1313 2948 1376 ὡς
2993 1312 3079 1366 καὶ
3116 1310 3438 1374 ὑποθετικῶς
3490 1307 3742 1385 προήχθη
3796 1307 3859 1360 τὸ

2211 1392 2559 1474 ἐπιχείρημα,
2620 1398 2741 1477 οὐχὶ
2797 1395 2852 1453 δὲ
2896 1401 2983 1455 καὶ
3040 1404 3115 1472 τῷ
3185 1397 3295 1455 ὄντι
3343 1395 3506 1461 οἹτως
3569 1393 3727 1454 ἐστίν,
3785 1396 3861 1450 03

2211 1484 2309 1560 γαρ
2406 1482 2520 1563 ἔχει
2574 1486 2672 1539 τὸν
2731 1485 3097 1550 ἀνταπόδοσιν,
3175 1484 3339 1543 Ἀλλά
3395 1486 3639 1566 σχήματι
3698 1481 3860 1557 μόνον

2209 1570 2346 1627 οὕτω
2415 1570 2791 1651 προϐέϐληται,
2864 1583 2933 1652 τῇ
2987 1574 3042 1632 δὲ
3116 1574 3333 1648 ἀληθείᾳ
3401 1571 3856 1653 παραδειγματικῆ

2209 1659 2380 1722 πίστις
2412 1659 2549 1717 ἐστὶν
2600 1660 2770 1729 ἀπλῆ.
2828 1665 2924 1721 Καὶ
2981 1662 3065 1721 διὰ
3122 1665 3215 1738 τί;
3272 1662 3556 1741 εἰρήσέται.
3632 1662 3686 1717 El
3753 1660 3855 1737 γὰρ

485 1751 574 1803 est
600 1741 952 1821 exemplaris
977 1741 1277 1821 persuasio
1309 1760 1320 1799 :
1348 1748 1406 1800 et
1437 1760 1608 1819 quam
1642 1742 1716 1802 ob
1748 1741 2010 1825 causam,
2043 1744 2124 1805 di-

2208 1749 2343 1805 κατὰ
2371 1750 2431 1805 τὸ
2460 1750 2650 1829 σχῆμα
2702 1751 2791 1826 ἧν,
2856 1750 3019 1817 οἶῖτως
3079 1752 3141 1808 ἂν
3183 1749 3407 1832 προῦϐη.
3450 1752 3507 1809 Εἰ
3564 1751 3663 1829 γάρ
3691 1748 3857 1826 ἀγγέ-

484 1840 679 1894 cetur'
715 1849 847 1890 nam
872 1828 920 1889 si
948 1837 1103 1889 esset
1132 1828 1287 1908 quod
1318 1847 1436 1907 pra:
1474 1849 1535 1889 se
1559 1831 1713 1891 ferre
1761 1831 2012 1908 videtur,
2048 1833 2127 1894 ita

482 1919 871 2001 procederet:
907 1916 966 1979 Si
1007 1916 1231 1994 angelis
1253 1936 1387 1977 cum
1414 1927 1724 1997 pecassent
1754 1939 1869 1980 non
1904 1939 2123 2001 peper~

476 2011 607 2084 erit,
632 2010 681 2070 si
704 2026 816 2070 nec
836 2007 1031 2088 prisco
1055 2006 1300 2080 mundo,
1325 2004 1713 2068 necSotlomis
1736 2012 2119 2083 etGomorraz,

476 2097 743 2179 nunquid
776 2097 870 2158 his
902 2095 1151 2175 parcet?
1194 2112 1563 2175 nequaquam
1594 2116 1609 2171 ;
1664 2106 1763 2159 aut
1812 2099 1986 2159 etiam
2016 2100 2125 2160 hoc

480 2188 653 2249 modo
681 2205 694 2249 :
722 2185 827 2247 His
852 2185 1093 2246 omnino
1122 2202 1235 2244 non
1268 2192 1483 2261 parcet.
1517 2183 1646 2245 Non
1672 2193 1863 2247 autem
1900 2195 2124 2250 temere

479 2296 511 2338 a
533 2273 1039 2357 praestantioribus
1057 2272 1427 2351 aggreditur;
1460 2272 1562 2333 sed
1584 2274 1899 2336 ostendere
1930 2276 2131 2338 volens

476 2364 633 2447 quod
668 2363 728 2425 hi
760 2363 897 2424 dum
926 2371 1170 2443 peccant
1197 2360 1381 2440 magis
1405 2360 1643 2423 obnoxii
1668 2365 1786 2424 sint
1813 2366 2124 2445 supplicio.

476 2453 766 2527 Quoniam
783 2470 925 2532 ergo
947 2460 1003 2513 et
1023 2451 1116 2512 isti
1138 2450 1581 2512 honoratiorem
1607 2453 1853 2529 gradum
1880 2453 2117 2529 habent,

480 2552 683 2625 utpote
706 2541 893 2605 vocati
917 2540 1333 2621 apostolatum,
1386 2558 1517 2600 cum
1543 2559 1574 2599 a
1614 2540 1809 2602 divina
1842 2542 1933 2603 via
1959 2542 2123 2604 exci-

479 2634 701 2709 derint,
740 2632 1023 2712 majorem
1060 2629 1233 2690 etiam
1265 2626 1485 2689 habent
1537 2631 2116 2693 condemnationem.

476 2725 559 2788 Ex
592 2720 902 2805 hypothesi
932 2727 1127 2780 autem
1164 2725 1319 2777 mota
1362 2717 1682 2796 exemplari
1708 2719 2115 2797 persuasione.

2208 1834 2313 1892 λων
2345 1840 2438 1896 οὐκ
2494 1837 2736 1918 ἐφείσατο
2789 1840 3229 1917 ἁμαρτησάντων,
3277 1841 3320 1895 εί
3372 1838 3596 1918 ἀρχαίου
3622 1837 3849 1911 κόσμου.

2209 1926 2252 1980 εἷ
2323 1924 2573 2008 Σοδόμων
2628 1930 2715 1984 καὶ
2801 1930 3088 2008 Γομόρῥας,
3151 1930 3248 2008 ἆρα
3303 1929 3500 1985 τούτων
3556 1929 3784 2007 φείσεται
3832 1944 3852 2004 ς

2211 2011 2311 2068 Ο.’,“
2400 1996 2470 2026 ⁸-
2529 1996 2585 2072 ﬁ
2676 2018 2691 2037 ε
2780 2018 2806 2040 υ
2872 1996 2883 2004 1
2943 1996 2982 2047 ζ’
3074 1996 3090 2041 ξ
3187 1996 3246 2039 ’1
3571 1996 3583 2007 ’
3769 2015 3782 2035 ι
3835 1996 3849 2004 ’

2264 2032 2482 2089 ιοκμως.
2608 2039 2695 2072 και
2750 2039 2914 2082 ουτως
3028 2028 3101 2077 Ou
3159 2041 3357 2075 τουτων
3414 2016 3643 2097 φείσεται
3712 2037 3855 2074 παν-

2210 2124 2337 2164 τως.
2370 2105 2485 2183 Οὐχ
2526 2104 2711 2169 ἀπλῶς
2769 2104 2823 2163 δὲ
2867 2107 2972 2163 ἀπὸ
3028 2113 3135 2163 τῶν
3197 2106 3588 2187 προτιμοτέρων
3644 2104 3856 2183 ἐπιχει-

2212 2204 2317 2271 ρεῖ,
2377 2191 2511 2247 ἀλλά
2569 2191 2731 2259 δεῖξαι
2805 2194 3125 2272 βουλόμενος
3169 2196 3241 2260 ὠς
3273 2194 3473 2271 μᾶλλον
3526 2195 3672 2250 οὗτοι
3730 2194 3859 2248 ὓπο-

2212 2278 2480 2360 δικώτεροι
2552 2283 2967 2360 ἁμαρτάνοντες,
3026 2284 3176 2342 Ἐπεὶ
3233 2287 3321 2341 οὖν
3403 2285 3489 2339 καὶ
3572 2284 3713 2338 οὗτοι
3791 2282 3858 2336 τὸ

2216 2371 2593 2450 προτιμότερον
2636 2370 2876 2451 ἔχουσιν,
2933 2375 3006 2437 ὠς
3065 2372 3345 2439 κληθέντες
3405 2374 3502 2448 μὲν
3587 2372 3659 2433 εἷς
3717 2370 3852 2425 ἀποο

2203 2456 2420 2531 στολὴν,
2468 2459 2813 2539 ἐκτραπέντες
2870 2459 2924 2517 δὲ
2979 2466 3077 2531 τῆς
3118 2463 3255 2528 θείας
3326 2460 3468 2535 ὀδοῦ,
3528 2468 3712 2535 μεῖζον
3765 2460 3854 2515 καὶ

2202 2548 2263 2602 τὸ
2319 2549 2615 2627 κατάκριμα
2697 2548 2934 2628 ἔχουσιν,
3028 2551 3095 2617 EE
3167 2550 3458 2615 ὑποθέσεως
3518 2547 3571 2605 δὲ
3627 2550 3850 2618 κινήσας

2202 2657 2299 2702 την
2348 2634 2836 2716 παραδειγματικὴν
2884 2640 3080 2719 πίστιν,
3134 2640 3229 2695 οὒκ
3285 2637 3525 2695 ἀπέδωκε
3595 2638 3656 2693 τὸ
3727 2637 3853 2693 ἀκό-

2202 2722 2387 2781 λουθον
2430 2727 2522 2782 τοῦ
2582 2727 2889 2805 σχήματος.
2954 2726 3181 2808 Συνὲχεε
3238 2728 3337 2806 γαρ
3395 2728 3455 2782 τὸ
3513 2723 3853 2804 παράδειγμα

480 2834 595 2876 non
628 2810 888 2875 reddidit
916 2806 1072 2889 quod
1134 2807 1334 2882 ﬁgurae
1388 2806 1810 2883 respondebat.
1847 2806 2121 2871 Confudit

2208 2817 2267 2887 τῇ
2339 2818 2444 2867 τῶν
2507 2810 2719 2869 δικαίων
2791 2806 3125 2894 προσλήψει-,ὴ
3185 2817 3273 2873 καὶ
3340 2815 3564 2894 ὀφείλων
3622 2814 3706 2869 ἐπὶ
3762 2820 3853 2869 τοῦ

474 2920 731 2985 namque
754 2898 1089 2985 exemplum
1113 2894 1822 2985 assumptionejustorum
1861 2917 1872 2956 :
1905 2905 1961 2958 et
1982 2917 2114 2960 cum

2208 2899 2249 2973 ἑξ
2292 2902 2468 2981 ἀρχῆς
2513 2903 2851 2982 προτεθέντος
2912 2905 3008 2971 τὴν
3066 2903 3315 2961 ἀποόοσιν
3385 2907 3630 2982 ποιῆσαι,
3689 2923 3847 2958 τοστ-

473 2984 724 3057 deberet
754 2990 809 3051 ei
838 2986 996 3068 quod
1016 2984 1087 3046 ab
1120 2984 1285 3046 initio
1305 2984 1668 3063 propositum
1696 2994 1818 3045 erat
1838 3004 2117 3050 sermone

2208 2996 2331 3063 ἐστι,
2376 2992 2481 3047 τῶν
2524 2993 2963 3071 ἁμαρτησάντων,
3020 2990 3085 3049 δι’
3117 2996 3204 3059 οὒς
3262 2995 3348 3050 καὶ
3404 2995 3464 3049 τὸ
3506 2988 3838 3071 παράδειγμα

477 3080 1016 3163 respondere,puta
1036 3072 1252 3163 bisqui
1279 3080 1957 3163 peccaverant,_propter
1970 3095 2117 3156 quos

2208 3080 2288 3135 καὶ
2316 3080 2485 3136 εἰπεῖν
2516 3095 2529 3109 ·
2566 3082 2624 3137 Εἰ
2666 3082 2864 3137 τούτων
2930 3083 3026 3163 οὒκ
3090 3081 3351 3162 ἔφείσατο,
3407 3081 3505 3160 ἆρα
3557 3086 3661 3135 τῶν
3705 3101 3845 3157 παρ-

478 3151 654 3235 etiam
680 3151 1045 3247 assumptum
1068 3151 1552 3239 fuitexemplum,
1588 3170 1644 3221 et
1675 3151 1905 3225 dicere:
1942 3151 2003 3227 Si
2028 3167 2120 3227 his

2208 3165 2367 3223 όντων
2397 3166 2632 3245 ἀσελγῶν
2683 3170 2915 3250 φείσεται
2948 3190 2963 3250 ;
2995 3151 3053 3228 Ἦ
3106 3151 3242 3227 κατα
3284 3151 3546 3247 ἀπόφασιν
3580 3181 3594 3197 ’
3658 3165 3844 3241 [Ιολλῷ

478 3280 596 3323 non
616 3257 882 3342 pepercit
904 3251 1170 3333 nunquid
1196 3250 1584 3342 praesentibus
1610 3260 1809 3342 parcet
1835 3252 2122 3335 improbis

2208 3255 2405 3331 μᾶλλον
2434 3255 2549 3313 οὔδε
2607 3258 2801 3313 τούτων
2844 3259 3073 3338 φείσεται
3110 3281 3121 3292 ·
3181 3263 3241 3318 οὗ
3296 3265 3452 3315 τοῦτο
3505 3270 3676 3317 ποιεῖ.
3740 3257 3837 3310 Διά

474 3369 544 3412 ac
574 3340 808 3412 lascivis
835 3346 861 3409 ?
890 3353 988 3407 aut
1037 3360 1142 3424 per
1194 3340 1679 3402 aﬂirmationem:
1716 3341 1894 3403 Multo
1939 3345 2124 3423 magis

2208 3345 2298 3419 τί;
2346 3347 2622 3424 Εὑρίσκετο
2664 3347 2762 3424 γὰρ
2813 3346 2945 3415 αὕτη
2988 3350 3023 3415 ἡ
3080 3346 3350 3417 ἀπόδοσις,
3405 3344 3492 3401 δύο
3548 3342 3835 3423 προκειμέ-

480 3457 675 3521 neque
704 3437 797 3500 his
829 3443 1027 3517 parcet
1063 3453 1075 3493 :
1115 3450 1232 3492 non
1264 3431 1377 3491 hoc
1408 3429 1566 3521 facit,
1603 3428 1797 3521 Quare
1827 3430 2114 3504 Quoniam

2208 3456 2305 3490 νων
2360 3434 2778 3514 ὑποδειγμάτων,
2852 3436 3028 3493 καλῶν
3112 3439 3198 3493 καὶ
3281 3442 3484 3515 κακῶν,
3578 3435 3709 3512 πρὸς
3778 3434 3837 3488 τὸ

474 3519 610 3591 cum
643 3528 760 3590 duo
791 3528 1199 3608 proponantur
1255 3519 1547 3608 exempla,
1612 3519 1899 3581 bonorum
1959 3521 2117 3583 vide-

2208 3524 2361 3578 κακὸν
2398 3523 2557 3597 μόνον
2614 3524 2891 3601 γινομένη,
2950 3525 3045 3581 οὒκ
3087 3524 3162 3581 ἔτι
3219 3523 3275 3580 δὲ
3332 3526 3463 3603 πρὸς
3530 3524 3590 3579 τὺ
3620 3522 3836 3601 ἀγαθὸν,

471 3617 614 3681 licet
638 3636 705 3679 ac
778 3606 1096 3692 malorum,
1135 3606 1579 3688 iinveniebatur
1639 3609 1761 3671 haec
1821 3612 2117 3672 sermonis

2208 3613 2261 3668 οὐ
2295 3613 2394 3690 γὰρ
2449 3611 2634 3675 καλοῖς
2677 3615 2814 3670 κακά
2871 3611 3191 3675 ἀποδίδοται.
3287 3614 3376 3671 Ἐν
3421 3616 3507 3676 οἷς
3588 3611 3676 3668 οὖν
3747 3613 3840 3667 οὐκ

471 3706 781 3787 responsio
814 3704 1004 3765 solum
1040 3700 1111 3763 ad
1172 3699 1390 3760 malum
1422 3698 1805 3787 respondere,
1871 3718 1986 3759 non
2041 3700 2111 3760 ad

2208 3701 2387 3779 ἤρκεσε
2417 3708 2513 3777 μιᾷ
2579 3701 2824 3760 ἀποδόσει
2853 3706 2913 3760 τὸ
2984 3703 3232 3782 προτεθὲν
3294 3703 3601 3782 ἀπαρτίσαι,
3650 3700 3838 3778 ἑτέρως

473 3785 741 3858 bonum:
785 3792 955 3854 honis
1013 3789 1171 3852 enim
1206 3807 1323 3849 nou
1378 3785 1710 3847 redduntur
1766 3789 1913 3849 mala
1973 3788 2100 3846 5M

2208 3788 2454 3868 διεγένετο
2574 3792 2780 3872 φράσει,
2854 3794 2941 3849 καὶ
2984 3791 3051 3848 δι’
3109 3792 3517 3873 ἕπιφωνήματος
3569 3791 3629 3844 τὸ
3686 3789 3836 3861 ὀφει-

474 3884 620 3948 Cum
648 3900 790 3962 ergo
813 3900 929 3943 non
983 3880 1284 3941 sufficeret
1337 3892 1455 3935 una
1512 3878 1808 3937 sermonis
1858 3894 2111 3957 respon-

2208 3882 2415 3954 tduevov
2446 3880 2749 3944 ἀπετέλεσε,
2788 3882 2888 3940 Διά
2916 3882 2965 3938 τί
3010 3879 3063 3937 δὲ
3106 3895 3223 3945 τοῖς
3281 3893 3474 3944 κακοῖς
3532 3877 3839 3957 προστίθησι

471 3972 642 4034 sione
669 3969 1033 4052 propositum
1083 3966 1345 4046 explere,
1401 3963 1518 4024 alio
1572 3965 1750 4026 modo
1798 3963 1856 4031 in
1917 3966 2114 4044 pbrasi

2208 3970 2257 4024 τὰ
2326 3976 2430 4025 τῶν
2499 3969 2707 4048 ἀγαθῶν
2764 3969 3144 4048 ὑποδείγματι,
3205 3971 3465 4049 εἰρήσεται
3532 3967 3667 4024 κατά
3745 3967 3839 4021 τὸν

472 4058 819 4141 permansit.
847 4064 907 4120 et
929 4074 1033 4135 per
1054 4054 1455 4141 epiphonema
1477 4052 1723 4131 perfecit
1753 4054 1908 4133 quod
1941 4073 2110 4133 opor-

2208 4055 2448 4141 _ipp.68tov
2490 4059 2672 4121 τόπον,
2740 4083 2768 4113 α
2843 4057 3006 4115 Ἀλλά
3062 4057 3270 4138 ὄγδοον,
3339 4080 3363 4115 ε
3427 4058 3514 4113 καὶ
3571 4057 3635 4111 τα
3689 4052 3835 4121 ἐξῆς.

476 4136 605 4211 iuit.
630 4146 822 4221 Quare
844 4154 1039 4208 autem
1073 4143 1239 4205 malis
1262 4140 2123 4222 admiscueritexemplabono-

2208 4136 2297 4212 Ὠς
2367 4144 2719 4226 προλαϐόντες
2789 4146 3012 4223 εἴπομεν
3080 4136 3140 4204 οὗ
3191 4148 3326 4203 κατά
3381 4148 3442 4203 τὸ
3491 4152 3682 4225 σχῆμα
3749 4153 3843 4202 τοῦ

473 4256 629 4314 rum,
665 4234 1042 4299 convenienti
1071 4234 1197 4295 loco
1231 4231 1482 4292 dicetur.
1526 4253 1548 4285 ιι
1585 4229 1698 4292 Sed
1760 4240 2048 4306 octavum,
2092 4257 2114 4290 ε

2208 4237 2518 4315 φαινομένου
2578 4235 2760 4315 λόγου,
2822 4240 2909 4295 καὶ
2980 4238 3014 4305 ἡ
3086 4234 3257 4294 ἔννοια
3323 4233 3667 4292 ἐπακολουθεῖ
3732 4238 3841 4288 τῶν

476 4336 588 4390 etc.
637 4323 1146 4399 Quemadmodum
1207 4319 1615 4401 praemittendo
1673 4319 1949 4391 diximus,
2003 4342 2121 4383 non

2208 4325 2583 4403 προκειμένων,
2618 4328 2689 4382 Οὐ
2734 4327 2832 4404 γὰρ
2887 4326 3155 4382 ὑπόκειται
3212 4327 3246 4393 ἡ
3299 4322 3547 4387 ἀπόδοσις
3617 4324 3650 4389 ἡ
3708 4323 3836 4377 εἰω-

465 4417 636 4499 juxta
667 4414 728 4475 id
758 4414 911 4496 quod
970 4432 1038 4474 ex
1088 4429 1363 4502 sermone
1421 4417 1679 4490 apparet,
1741 4407 2123 4489 subsequitur

2208 4417 2323 4470 θυτα
2350 4427 2471 4477 ταῖς
2515 4415 2779 4478 τοιαύταις
2837 4413 3131 4479 συντάξεσιν
3188 4413 3425 4475 ἕπεσθαι,
3489 4410 3635 4468 Ἀλλ’
3694 4411 3840 4467 ἔστιν

472 4506 650 4569 etiam
680 4522 885 4567 eorum
920 4501 1310 4580 intelligentia
1332 4517 1464 4580 quae
1522 4507 1954 4578 proponuntur.
1988 4503 2119 4563 Non

2208 4502 2347 4571 ἀπλῆ
2408 4503 2863 4582 παραδειγματικὴ
2932 4507 3123 4579 πίστις,
3185 4506 3273 4561 καὶ
3342 4511 3449 4561 τῶν
3507 4501 3589 4559 διὰ
3659 4504 3840 4579 ἀμαρ-

472 4596 631 4657 enim
665 4592 1042 4674 subjungitur
1070 4588 1362 4651 sermonis
1385 4586 1694 4666 responsio
1750 4605 1879 4667 qua:
1913 4589 2118 4667 hujus-

2208 4594 2313 4656 τίας
2373 4591 2762 4673 κολαζομένων,
2821 4595 2909 4651 καὶ
2983 4600 3085 4651 τῶν
3156 4592 3239 4650 διὰ
3294 4591 3625 4658 δικαιοσύνην
3675 4612 3844 4665 τιμω-

473 4683 639 4746 modi
699 4680 1105 4743 ordinationes
1162 4677 1326 4758 sequi
1387 4675 1672 4755 sulet,sed
1730 4676 1976 4754 simplex
2029 4688 2123 4740 est

2208 4682 2373 4756 μένων
2407 4698 2419 4712 ⁶
2468 4683 2592 4737 ὡσεὶ
2633 4681 2810 4761 ἔλεγεν
2846 4703 2860 4718 ⁸
2901 4681 3060 4741 Οἶδεν
3088 4684 3116 4738 ὃ
3161 4684 3288 4745 Θεὸς
3331 4684 3418 4739 καὶ
3449 4683 3569 4745 τοὺς
3601 4678 3839 4758 ἁμαρτά-

470 4771 828 4853 exemplaris
857 4769 1185 4851 persuasio,
1222 4776 1278 4829 et
1336 4766 1410 4827 de
1442 4764 1537 4826 his
1569 4764 1668 4845 qui
1703 4772 1944 4844 propter
1973 4784 2118 4844 pec-

2208 4791 2387 4832 νοντας
2418 4768 2537 4825 ἄνευ
2584 4768 2787 4846 φειδοῦς
2845 4769 3086 4842 κολάζειν
3143 4770 3544 4849 ἀπαραιτήτως,
3587 4771 3662 4830 ὼς
3717 4767 3839 4831 τοὺς

472 4873 601 4924 cata
632 4859 979 4941 puniuntur,
1011 4868 1068 4919 et
1097 4857 1171 4919 de
1218 4855 1332 4916 illis
1390 4853 1491 4935 qui
1543 4862 1783 4934 prapter
1833 4853 2118 4931 justitiam

2208 4859 2611 4936 ἁμαρτήσαντας
2667 4857 2948 4937 ἀγγέλους,
3006 4860 3080 4921 ὡς
3123 4860 3243 4921 τοὺς
3304 4858 3389 4914 ἐπὶ
3430 4864 3523 4915 τοῦ
3575 4854 3837 4913 κατακλυ·

474 4950 888 5012 honorantur:
926 4962 1200 5028 tanquam
1270 4944 1547 5019 diceret;
1614 4941 1781 5002 Novit
1836 4941 2122 5003 Dominus

2208 4968 2360 5022 σμου,
2420 4948 2493 5009 ὡς
2537 4948 2629 5010 τὰς
2689 4944 2938 5021 Σοδόμων
3008 4945 3190 5009 πόλεις
3225 4965 3239 4981 °
3316 4948 3402 5002 καὶ
3475 4944 3635 5003 πάλιν
3690 4949 3850 5018 τιμᾷν

472 5046 816 5120 peccatores
848 5035 1265 5099 inevitabiliter
1303 5033 1513 5113 punire
1548 5050 1662 5120 nou
1693 5047 1975 5120 parcens
2007 5031 2115 5107 eis,

2208 5034 2323 5096 τοὺς
2385 5031 2716 5100 δικαιοσύνην
2792 5033 3192 5113 ἐργαζομένους,
3285 5033 3460 5111 ὥσπερ
3544 5036 3633 5089 τὸν
3705 5037 3848 5102 Νῶε,

471 5116 647 5191 sicuti
678 5127 923 5206 angelos
951 5124 1051 5207 qui
1079 5130 1486 5205 peccaverant,
1524 5118 1703 5180 veluti
1749 5125 1806 5179 et
1836 5116 1972 5179 illos
2021 5120 2119 5201 qui

2208 5122 2379 5200 ὥσπερ
2454 5123 2544 5178 τὸν
2604 5123 2745 5184 Λώτ.
2837 5125 2933 5180 Καὶ
2990 5122 3126 5178 ἔστιν
3184 5124 3218 5190 ἡ
3294 5120 3526 5187 σύνταξις
3584 5120 3803 5185 τοιαύτη
3834 5134 3849 5148 ’

473 5205 998 5297 ιεωροτείάἱιυνῖί
1064 5219 1254 5285 erant,
1290 5210 1442 5271 sicut
1503 5216 1559 5271 et
1616 5207 2002 5269 Sodomorum
2063 5218 2121 5272 et

2208 5212 2379 5268 Εἰπὼν
2448 5210 2527 5267 ὅτι
2602 5209 3017 5282 κολασθήσονται
3089 5214 3135 5267 οἱ
3210 5208 3675 5286 ψευδοδιδάσκαλοι
3760 5205 3847 5263 διὰ

476 5296 781 5370 Gomorra;
810 5303 1108 5380 civitates;
1176 5317 1410 5361 rursum
1462 5296 1751 5377 justitiam
1807 5306 2121 5383 operantes

2208 5304 2295 5366 τὰς
2325 5301 2661 5383 βλασφημίας
2710 5303 2902 5382 αὗτῶν,
2954 5301 3038 5358 διὰ
3092 5304 3181 5359 τὸν
3234 5302 3435 5380 ἀσελγῆ
3492 5303 3603 5378 βίον
3674 5302 3845 5356 αἰτῶν

471 5382 1962 5472 honorare,quemadmodumNoe,quemadmodttm
1993 5385 2114 5451 Lot.

2208 5390 2433 5470 ἐπιφέρει
2477 5381 2568 5447 ῄτά
2647 5381 3067 5470 παραδείγματα.
3130 5381 3187 5448 Ὀ
3258 5392 3357 5469 γὰρ
3419 5392 3546 5453 Θεὸς
3600 5386 3842 5468 ἀγγέλων

468 5480 541 5543 Et
557 5490 645 5544 est
666 5479 962 5543 ordinatio
977 5475 1408 5560 hujuscemodi:
1435 5475 1578 5538 Cum
1608 5473 1851 5535 dixisset
1872 5474 2115 5549 punien~

2208 5479 2615 5558 ἁμαρτησάντων
2683 5481 2778 5537 οὒκ
2833 5480 3095 5560 ἐφείσατο,
3147 5476 3260 5535 οὔδε
3320 5479 3543 5558 ἀρχαίου
3614 5478 3843 5553 κόσμου.

550 5651 603 5693 ¹⁵
634 5653 775 5713 Luc.
813 5664 938 5728 VIII,
968 5650 1070 5710 3t.
