4192 6212
323 298 441 377 597

315 444 434 503 ὧδὲ
495 449 680 516 πόλεις
753 453 1001 527 Σοδόμων
1058 450 1303 529 ἐξέφυγον
1389 450 1481 505 τὸν
1539 446 1775 526 ὄλεθρον,
1834 442 2036 502 mea

308 545 805 622 Αατατεφρωθεῒσαι
879 545 951 603 εἷς

305 624 663 689 ἆσεὸούντων,
730 632 826 688 Καὶ
893 628 1076 699 πάλιν,
1133 630 1254 691 τοὺς
1298 625 1630 692 δικαιοσύνην
1688 626 1969 694 ἀσκήσαν-

305 736 407 778 τας
435 723 596 791 τιμᾷν
621 716 737 774 οῖδε
782 722 932 791 Θεὸς,
968 720 1041 781 ὡς
1070 718 1161 772 τὸν
1222 722 1361 790 Νῶε,
1417 717 1489 780 ὡς
1544 716 1634 770 τὸν
1694 716 1835 776 Λὼτ,
1873 708 1970 771 Καὶ

307 801 400 860 διὰ
426 808 580 863 π‹,ίαν
652 805 984 874 δικαιοσύνην
1056 807 1298 877 ἑκάστου,
1356 804 1629 882 ἒξηγεῖται
1667 824 1678 836 ’
1744 804 1824 860 ὃτι
1881 809 1971 863 καὶ

307 894 406 948 τὸν
439 901 556 952 Νῶε
586 898 674 951 καὶ
714 898 805 952 τὸν
864 897 985 951 Λὼτ
1042 892 1131 951 δια
1184 893 1528 971 σωφροσύνην
1572 891 1819 971 ἐφύλαξεν
1866 891 1970 946 ἀπὸ

314 992 413 1040 τοῦ
464 981 675 1063 ὀλέθρου
728 989 832 1040 τῶν
886 983 1003 1040 κατ’
1050 982 1234 1046 αὖτοὺς
1272 981 1578 1060 ἀνθρώπων.
1645 970 1722 1039 u0
1772 1002 1827 1035 τε
1872 982 1968 1058 γαρ

312 1072 437 1126 Νῶε
480 1075 574 1128 οὒκ
620 1070 843 1152 ἀπήχθη
874 1078 942 1148 τῇ
986 1068 1196 1142 ἀσεϐείᾳ
1224 1071 1329 1125 τὐν
1385 1071 1516 1147 πρὸς
1571 1076 1663 1126 τοῦ
1694 1067 1967 1125 κατακῖυ-

1045 540 1412 619 σωροονισμὸν
1488 538 1791 593 ὑποκεινται
1865 540 1970 590 τῶν

1354 317 1749 382 ΟΟΜΜΕΝΤ.
1796 315 1878 377 ΙΝ
1924 311 2166 376 EPIST.
2229 319 2284 379 II
2329 319 2389 381 S.
2438 319 2692 381 PETRI.

3593 325 3710 390 598

2057 441 2163 535 dos
2195 465 2326 509 esse
2354 449 2530 510 falsos
2561 457 2967 532 praeceptores
2986 460 3231 534 propter
3262 472 3399 516 suas
3427 453 3707 535 blasphe-

2061 533 2296 608 mias,et
2321 548 2563 618 propter
2582 539 2858 600 lascivam
2889 540 3064 602 vitam
3095 533 3285 613 suam,
3313 533 3621 625 subjungit
3643 551 3704 608 et

2056 624 2346 704 exempla.
2386 629 2541 690 Deus
2573 628 2731 689 enim
2764 628 2991 708 angelis
3019 629 3120 710 qui
3164 624 3552 712 peccaverant
3579 651 3700 695 non

2056 714 2343 790 pepercit,
2374 735 2567 797 neque
2588 718 2780 797 prisco
2805 719 3045 792 mundo,
3082 737 3275 800 neque
3299 720 3695 786 Sodomorum

2055 806 2110 860 et
2129 799 2430 865 Gomorrae
2460 806 2724 866 civitates
2757 806 3091 884 ell'ugerunt
3144 799 3471 888 interitum,
3506 812 3613 874 sed
3634 812 3696 873 in

2054 888 2288 951 cineres
2319 892 2570 955 redactae
2598 893 2907 973 subjacent
2925 893 2996 956 ad
3018 895 3334 976 impiorum
3361 900 3699 979 castigatio-

2055 996 2211 1039 nem.
2274 982 2525 1040 Rursum
2565 983 2856 1060 justitiam
2917 993 3264 1047 exercentes
3320 986 3478 1049 novit
3537 988 3696 1051 Deus

2053 1066 3533 1153 honorare,quemadmodumNoequemadmodum
3559 1079 3688 1140 Lot:

314 1180 457 1232 σμου
489 1174 504 1190 ⁸
538 1162 566 1215 ὃ
623 1182 681 1216 τε
730 1163 847 1217 Δὼτ
901 1159 1045 1217 οὐδὲν
1087 1156 1333 1230 ζηλώσας
1389 1160 1487 1225 τῆς
1543 1157 1816 1234 ἀσελγείας
1855 1160 1962 1213 τῦν

2050 1163 2108 1245 et
2136 1155 2211 1216 ob
2241 1176 2414 1237 quam
2445 1159 2732 1239 cujusque
2748 1160 3062 1239 justitiam,
3126 1173 3360 1225 enarrat
3389 1182 3403 1227 :
3452 1164 3605 1245 quod
3638 1173 3697 1229 et

308 1245 370 1302 ἐν
417 1247 692 1323 Σοδόμοις.
755 1248 905 1306 Ἀλλ’
960 1248 1161 1328 ἡμέραν
1220 1246 1271 1313 ἐξ
1328 1248 1528 1327 ἡμέρας
1570 1251 1688 1304 οἷον
1740 1251 1958 1303 κεντού-

2049 1244 2169 1305 Noe
2200 1254 2257 1305 et
2291 1249 2389 1306 Lot
2422 1256 2664 1326 propter
2716 1250 3165 1328 temperantiam
3219 1270 3287 1313 ac
3346 1244 3693 1333 pudicitiam

315 1357 480 1409 μενος
508 1343 577 1413 τῇ
602 1339 778 1416 ὁράσει
807 1344 913 1393 τῖιν
969 1336 1352 1415 ἆσελγούντων,
1414 1337 1500 1391 καὶ
1562 1333 1648 1391 ἐπ’
1708 1336 1839 1392 αὒτᾶ
1896 1337 1961 1390 τΞι

2049 1334 2366 1394 servaverit
2388 1334 2458 1394 ab
2484 1334 2660 1395 exitio
2684 1337 2992 1397 hominum
3015 1338 3117 1419 qui
3137 1347 3404 1420 tempore
3426 1341 3692 1422 ipsorum

303 1419 516 1505 ἆσεξιγῆ
586 1426 1076 1505 παρακαλούμενος,
1145 1422 1290 1480 οὒδέν
1343 1426 1584 1486 ὑπεῖκεν,
1640 1433 1803 1483 Τοῦτο
1860 1427 1957 1501 γάρ

2049 1421 2328 1483 vivebant.
2365 1423 2495 1485 Non
2527 1424 2686 1486 enim
2722 1443 2838 1485 non
2868 1425 2976 1487 fuit
3014 1419 3306 1491 abductus
3338 1419 3544 1491 eorum
3572 1431 3692 1491 im-

312 1503 467 1575 ἐστι,
491 1538 518 1569 ¢
552 1503 825 1591 Βλέμματι
845 1518 933 1572 καὶ
962 1515 1120 1590 ἀκοῇ.
1157 1537 1183 1568 ι
1221 1503 1349 1571 ”Οτι
1378 1512 1551 1570 πολλὰ
1581 1513 1709 1592 εἶχε
1743 1514 1809 1568 τὰ
1830 1514 1958 1591 πρὸς

2049 1509 2255 1600 pietate
2285 1510 2385 1591 qui
2417 1515 2653 1573 fuerunt
2683 1522 2819 1576 ante
2852 1514 3167 1577 diluvium.
3207 1519 3315 1582 Lot
3345 1537 3582 1600 quoque
3635 1519 3699 1581 in

308 1601 600 1682 ἀσέλγειαν
671 1607 827 1662 αὐτὸν
896 1602 1277 1681 ἐκκαλούμενα,
1336 1602 1536 1680 ὅρασιν,
1598 1602 1786 1674 ἀκοὴν,
1860 1603 1957 1669 τὴν

2049 1598 2203 1688 nullo
2235 1601 2543 1663 aemulatus
2575 1609 2663 1662 est
2695 1603 2965 1665 lascivias
2998 1623 3202 1667 eorum
3233 1608 3333 1688 qui
3361 1598 3704 1670 habitabant

311 1693 455 1750 κατὰ
507 1695 614 1749 τῦν
669 1700 917 1772 πονηρῶν
988 1691 1441 1770 συναναστροφὴν,
1502 1689 1617 1746 ἀλλ’
1667 1687 1780 1747 ουδὲ
1838 1692 1959 1755 τοὺς

2049 1687 2482 1778 Βοάοῐηίς,εε‹1
2520 1692 2701 1752 veluti
2732 1693 3077 1755 stimulatus
3130 1687 3397 1776 quotidie
3450 1705 3703 1778 aspectu

314 1782 330 1801 ν
415 1779 436 1801 Ρ
585 1782 595 1796 ⁶
829 1785 843 1801 ν
894 1790 920 1800 ~
992 1781 1005 1800 ν
1103 1781 1112 1797 ο
1767 1779 1780 1799 ἳ
1903 1781 1913 1798 1

318 1786 722 1846 επιςενωθεντας
792 1805 931 1857 «uti?
986 1779 1239 1859 αγγελους
1295 1780 1348 1835 ἐν
1429 1780 1671 1859 σχήματι
1757 1783 1961 1858 ανθρω-

2049 1795 2252 1837 eorum
2273 1777 2370 1857 qui
2395 1779 2695 1859 impudice
2718 1780 3056 1858 agebant,ei
3076 1783 3149 1845 ad
3174 1786 3382 1847 eadem
3400 1777 3703 1867 impudica

316 1892 461 1942 πων,
520 1885 637 1936 τοῖς
693 1869 760 1928 δι’
826 1871 1100 1949 ἀσέλγειαν
1144 1870 1327 1932 αὖτοὺς
1386 1866 1648 1934 ἐξαιτσῦσι
1700 1868 1956 1948 παρέσχε,

312 1960 488 2017 καίτοι
549 1963 702 2039 μυρία
746 1962 847 2016 ὑπὸ
918 1961 1116 2016 τούτων
1157 1965 1264 2014 τῶν
1340 1956 1678 2023 ἐξαιτούντων
1739 1956 1965 2036 ἐπηρεα-

308 2050 478 2114 σθείς.
509 2057 670 2108 Τοῦτο
700 2051 798 2128 γὰρ
828 2048 910 2105 δι”
941 2057 1056 2122 τοῦ,
1099 2047 1675 2125 «Καταπονούμενον,ι›
1704 2045 1956 2127 ὑπέφηνε.

316 2140 422 2196 Καὶ
500 2140 703 2203 τούτοις
760 2138 939 2217 ὥσπερ
1008 2138 1327 2218 ἐπιφώνημα
1396 2134 1629 2213 ἒπιφέρει
1663 2149 1677 2164 ⁶
1744 2156 1767 2189 ιι
1833 2133 1961 2192 Οἷδε

314 2228 510 2307 Κύριος
579 2225 841 2301 εὖσεὸετς,
879 2252 905 2283 ι
938 2229 1025 2285 καὶ
1067 2226 1213 2294 ἐξῆς.
1271 2225 1429 2284 Οὐδὲν
1486 2222 1541 2279 δὲ
1591 2225 1708 2303 περὶ
1748 2221 1963 2280 δικαίων

309 2320 609 2394 προειπὼν,
661 2319 705 2373 εἷ
748 2317 824 2391 μὰ
880 2318 1000 2395 πέρὶ
1057 2316 1216 2379 μόνον
1259 2310 1462 2371 ἀσεϐὒν
1494 2314 1582 2369 xxi
1622 2313 1718 2380 τῆς
1762 2313 1959 2369 τούτων

312 2416 572 2480 τιμωρίας
626 2404 945 2482 παρενέϐαλε
1020 2406 1106 2460 καὶ
1181 2404 1246 2459 τὰ
1340 2407 1445 2458 τῶν
1514 2398 1726 2458 δικαίων
1785 2423 1958 2472 παρα-

305 2492 598 2574 δείγματα,
635 2496 847 2570 Πρῶτον
905 2495 1000 2551 μὲν
1029 2491 1112 2548 διὰ
1158 2494 1218 2548 τὸ
1274 2493 1362 2548 xxi
1424 2490 1524 2559 τὴν
1579 2490 1806 2569 ἱστορίαν
1850 2490 1964 2565 ἅμα

321 2586 638 2658 μημνῆσθαι
679 2585 765 2640 καὶ
830 2587 929 2651 τῆς
979 2588 1085 2639 τῶν
1139 2580 1344 2657 ἀσεβῶν
1388 2578 1678 2657 ὰπωλεί..ς,
1724 2580 1809 2635 καὶ
1865 2583 1962 2647 τῆς

314 2678 430 2727 τῶν
485 2670 696 2728 δικαίων
751 2672 1014 2751 σωτηρίας
1049 2686 1062 2701 ⁸
1128 2668 1321 2726 ἔπειτα
1376 2667 1431 2724 δὲ
1474 2670 1561 2723 καὶ
1611 2668 1672 2724 ὲκ
1726 2668 1958 2746 παραϐέ-

308 2782 450 2825 σεως
534 2761 757 2831 τούτων,
805 2767 911 2817 τ’ὒν
984 2761 1082 2834 μὲν
1152 2758 1568 2835 ἁμαρτησάντων
1644 2754 1857 2835 ἐξαίρων
1902 2759 1963 2812 τὸ

303 2851 499 2919 κακον,
552 2855 656 2905 τῶν
738 2847 790 2904 δὲ
863 2847 1304 2927 κατορθωσάντων
1359 2845 1675 2922 λαμπρύνων
1732 2847 1792 2901 τὸ
1849 2866 1959 2901 κα-

310 2937 596 3016 τορθωθέν.
685 2927 813 2995 "En
855 2934 910 2993 δὲ
966 2938 1054 2994 καὶ
1107 2937 1225 3001 τοὺς
1274 2934 1535 3013 ἀκροατὰς
1584 2933 1799 3007 πείθων,
1860 2940 1966 2990 τῶν

312 3026 420 3102 μὲν
490 3033 712 3103 μισῆσαι
781 3025 865 3082 διὰ
927 3028 1021 3091 τὰς
1085 3024 1343 3101 τιμωρίας
1410 3024 1472 3079 τὸ
1542 3021 1787 3100 ἀσελγὲς,
1861 3029 1965 3078 τῶν

320 3113 383 3170 δὲ
436 3114 820 3172 ἐπισπάσασθαι
877 3112 962 3171 διὰ
1030 3115 1128 3181 τὴν
1203 3112 1464 3190 σωτηρίαν
1521 3113 1582 3167 τὸ
1652 3111 1964 3190 κατόρθωμα

319 3195 494 3262 υΟθεν
521 3206 609 3260 καὶ
652 3203 704 3260 ἐν
755 3211 832 3278 τῷ
901 3203 1269 3283 ἐπιφωνήματι
1337 3200 1643 3280 ἀμφοτέρων
1694 3199 1963 3275 μέμνηται

311 3294 407 3349 καὶ
446 3300 550 3350 τῶν
602 3291 805 3348 ἀσεϐῶν
832 3294 921 3349 καὶ
976 3298 1082 3349 τῶν
1124 3287 1371 3369 εὐσεϐῶν,
1431 3290 1518 3346 καὶ
1575 3294 1673 3355 τῆς
1701 3289 1961 3369 τιμωρίας

306 3403 403 3457 καί
457 3384 557 3449 τῆς
612 3381 899 3461 σωτηρίας.
962 3381 1022 3439 Τί
1091 3379 1145 3436 δὲ
1200 3377 1520 3456 βουλόμενος
1590 3376 1822 3435 ivx-3503i:
1881 3376 1963 3458 δὲ,

307 3470 525 3550 εἴρηται
592 3469 695 3538 ἤδη
731 3487 745 3502 ·
845 3469 926 3527 ὅτι
995 3476 1102 3526 τῶν
1190 3469 1286 3543 μὲν
1375 3465 1710 3544 βδελύξασθαι
1764 3468 1964 3533 »αὐτοὺς

303 3558 631 3636 βουλόμενος
663 3560 759 3627 τὴν
788 3561 997 3633 κακίαν,
1029 3564 1133 3615 τῶν
1183 3557 1237 3613 δὲ
1294 3556 1532 3629 ζηλῶσαι
1588 3557 1687 3623 τὴν
1745 3555 1963 3635 ἀρετήν.

2048 1876 2415 1945 provocatus.
2448 1867 2509 1928 in
2542 1868 2710 1929 nullo
2755 1869 3077 1933 obsecutus
3122 1884 3236 1937 est.
3271 1871 3415 1935 Nam
3472 1873 3531 1935 id
3587 1873 3701 1937 sibi

2045 1953 2432 2045 vult,«0culis
2453 1964 2512 2018 et
2531 1956 2834 2031 auribus,»
2860 1960 3017 2039 quod
3044 1961 3232 2023 multa
3249 1960 3527 2025 habuerit
3566 1981 3701 2045 qua;

2046 2043 2241 2133 ipsum
2274 2044 2346 2104 ad
2406 2045 2837 2125 impudicitiam
2903 2058 3310 2127 provocarent,
3365 2043 3697 2133 aspectum,

2045 2131 2333 2205 auditum,
2360 2135 2870 2222 conversationem
2897 2136 3055 2199 inter
3084 2157 3338 2218 pravos;
3368 2131 3472 2202 sed
3506 2159 3703 2222 neque

2049 2230 2330 2299 exceptos
2349 2221 2573 2302 abipos
2594 2224 2837 2300 angelos
2881 2225 3130 2302 hospitis
3156 2227 3216 2288 in
3267 2226 3469 2291 habitu
3502 2221 3700 2290 homi-

2046 2327 2215 2399 num,
2233 2309 2318 2399 eis
2340 2310 2437 2384 '[ui
2460 2319 2702 2391 propter
2721 2312 3151 2393 impudicitiam
3167 2313 3301 2377 illos
3319 2317 3696 2399 expetebant,

2054 2397 2692 2487 taarlidittquanquam
2719 2401 2912 2463 modis
2961 2401 3295 2466 innumeris
3312 2397 3427 2467 vim
3459 2406 3531 2468 ab
3556 2397 3703 2487 ipsis

2050 2485 2414 2565 passus.Hoc
2439 2487 2600 2548 enim
2624 2489 2951 2569 designavit
2969 2491 3174 2555 dicens
3204 2495 3360 2574 quod
3392 2485 3702 2573 oppriine-

2050 2576 2251 2638 batur.
2316 2575 2385 2636 Et
2418 2576 2512 2637 bis
2569 2584 2844 2658 tanquam
2902 2579 3305 2660 epiphonema
3353 2582 3701 2663 subjungit:

2054 2686 2075 2718 α
2115 2664 2291 2726 Novit
2322 2665 2608 2727 Dominus
2641 2667 2831 2748 pios,»
2862 2676 2975 2730 etc.
3018 2669 3157 2730 542
3204 2669 3350 2733 Cum
3403 2679 3598 2734 autem
3626 2672 3703 2745 de

2042 2753 2226 2832 justis
2258 2753 2405 2815 nihil
2436 2755 2936 2833 praedixisset,sed
2970 2757 3045 2820 de
3064 2760 3205 2821 solis
3227 2759 3425 2840 impiis
3450 2778 3694 2822 eorum-

2048 2861 2163 2922 que
2185 2842 2901 2922 supplicio,intermiscuit
2922 2846 3034 2908 hoc
3058 2848 3184 2911 loco
3206 2848 3380 2910 etiam
3397 2849 3695 2929 justorum

2048 2931 2358 3010 exempla:
2388 2936 2641 3013 primum
2665 2934 2905 3015 quidem
2929 2955 2998 2997 eo
3041 2938 3199 3017 quod
3247 2936 3422 2999 etiam
3456 2937 3699 3000 historia

2013 3020 2224 3099 _simul
2287 3024 2649 3083 mentionem
2702 3022 2877 3085 faciat
2932 3033 2991 3087 et
3039 3025 3202 3087 exitii
3261 3025 3578 3107 impiorum
3638 3033 3696 3088 et

2050 3109 2255 3171 salutis
2261 3110 2821 3189 justorum;deinde
2837 3131 2973 3174 vero
2997 3131 3065 3175 ex
3090 3115 3299 3176 horum
3332 3113 3505 3177 etiam
3530 3132 3697 3176 com-

2051 3198 2357 3277 paratione
2399 3199 2678 3260 malitiam
2726 3209 2902 3280 auget
2923 3221 3130 3264 eorum
3154 3202 3253 3284 qui
3278 3212 3692 3284 peccaverunt.

2051 3295 2106 3347 et
2128 3288 2352 3349 clarum
2376 3288 2573 3348 reddit
2592 3288 2815 3351 bonum
2839 3308 2987 3369 opus
3010 3309 3220 3352 eorum
3262 3292 3363 3372 qui
3407 3291 3695 3374 praclare

2050 3394 2114 3438 se
2135 3384 2462 3455 gesserunt.
2478 3379 2765 3439 Praeterea
2790 3397 3025 3459 quoquc
3044 3379 3413 3442 auditoribus
3443 3398 3691 3461 persua-

2051 3463 2170 3539 det,
2205 3474 2267 3526 ut
2290 3464 2526 3526 illorum
2551 3465 2791 3546 quidem
2810 3466 3045 3529 oderint
3067 3468 3498 3548 impudicitiam
3549 3482 3693 3549 pro-

2052 3562 2181 3635 pter
2192 3553 2721 3633 supplicia,hornm
2737 3573 2872 3617 vero
2889 3556 3235 3636 praeclarum
3253 3574 3402 3637 opus
3417 3555 3532 3617 sibi
3547 3555 3696 3618 asci-

319 3668 355 3703 α
384 3646 656 3723 Βλέμματι
688 3648 789 3726 γὰρ
816 3649 906 3704 καὶ
934 3646 1070 3723 ἀκοῇ
1121 3648 1149 3703 ὃ
1209 3644 1425 3708 δίκαιος,
1462 3668 1490 3699 ιι
1547 3643 1727 3702 Πολλὰ
1780 3647 1961 3726 φησὶν,

2050 3653 2214 3706 scant
2231 3642 2936 3722 proptersalutem.Unde
2949 3645 3125 3707 etiam
3142 3646 3200 3705 in
3233 3645 3695 3726 epiphonemate

305 3736 460 3816 ’έχων
501 3737 634 3812 πρὸς
693 3735 967 3813 ἀσέλγειαν
1024 3735 1299 3794 ἐκκαίοντα
1352 3735 1441 3790 καὶ
1497 3732 1808 3809 ὲκμαίνοντα
1875 3738 1963 3793 καὶ

2050 3740 2437 3811 utrorumque
2463 3731 2731 3794 meminit
2747 3742 2802 3794 et
2818 3733 3046 3812 piorum
3063 3741 3119 3795 et
3132 3732 3692 3815 impiorum,etsalu-

306 3823 737 3903 παρακαλοῦντα,
784 3823 985 3904 ὅρασιν,
1018 3825 1207 3894 ἀκοὴν,
1267 3823 1366 3890 τὴν
1400 3823 1546 3897 μητὰ
1577 3826 1681 3879 τῶν
1708 3826 1956 3897 πονηρῶν

2049 3823 2118 3896 gis
2130 3828 2266 3883 etsu
2277 3819 2496 3900 pplicii,
2526 3824 2704 3884 Porro
2719 3822 2859 3902 quid
2874 3821 3014 3885 hinc
3029 3823 3142 3885 sibi
3174 3823 3314 3884 velit
3320 3824 3442 3904 jam
3458 3822 3620 3883 dictu
3632 3840 3688 3883 m

307 3915 762 3993 συναναστροφὴν,
825 3911 987 3972 οὐδενὶ
1042 3913 1240 3970 τούτων
1312 3911 1553 3991 ἐπίφορος
1608 3912 1740 3990 πρὸς
1794 3910 1955 3982 ζῆλον

2049 3919 2371 3989 est,nempe
2383 3911 2538 3991 quod
2553 3910 2750 3991 cupiat
2765 3922 2825 3973 ut
2839 3911 3074 3973 illorum
3091 3912 3332 3992 quidem
3346 3910 3692 3974 abominan-

307 4007 495 4067 αυτοῖς
526 4002 740 4082 γέγονεν
750 4046 763 4060 .

2049 4008 2136 4063 tur
2158 3997 2679 4071 malitiam,horum
2713 4001 3283 4076 autemjaemulentur
3307 4000 3556 4063 salutem
3579 3999 3695 4063 .cls

309 4091 477 4154 enim
491 4091 682 4154 oculis
694 4090 1228 4173 etauribusjustus.
1243 4113 1266 4148 ι
1297 4090 1448 4149 Cum
1462 4087 1646 4149 multa
1663 4087 1911 4151 haberet
1927 4108 2056 4171 qua:
2069 4090 2143 4153 ad
2159 4088 2588 4165 impudicitiam
2607 4088 3043 4151 inﬂammarent
3062 4099 3119 4152 et
3140 4091 3592 4153 exstimularent
3621 4107 3694 4153 ac

307 4179 1098 4261 invitarent,oculos,aures,
1116 4176 1626 4242 conversationem
1644 4176 1801 4239 inter
1816 4179 2023 4261 malos,
2046 4177 2745 4257 nullo,inquit,inductus
2757 4180 2928 4241 estad
2948 4180 3210 4261 ipsorum
3224 4179 3690 4243 aemulationem.

397 4270 522 4330 Οἵδε
608 4271 795 4351 Κύριος
892 4269 1125 4334 εὖσεϐετς
1183 4269 1243 4326 ἐκ
1338 4267 1634 4346 πειρασμοῦ
1726 4268 1957 4345 ῥύεσθαι,

2124 4266 2272 4339 Il,7-
2290 4272 2305 4325 t
2322 4266 2569 4330 3.Novit
2581 4268 2877 4331 Dominus
2897 4272 3028 4347 pios
3044 4288 3076 4331 e
3091 4274 3693 4350 tentationeeripere.

314 4358 524 4423 ἀδίκους
634 4358 689 4417 δὲ
788 4362 862 4423 εἰς
959 4360 1158 4436 ἡμέραν
1256 4356 1476 4421 κὸίσεως
1571 4355 1954 4432 κολαζομένους

2051 4359 2305 4436 iniustos
2323 4364 2524 4418 autem
2546 4360 2605 4419 in
2620 4358 2781 4419 diem
2785 4361 2818 4437 j
2825 4359 3012 4421 udicii
3030 4359 3369 4439 puniendos
3383 4374 3639 4421 servare
3671 4374 3685 4419 :

313 4462 529 4529 τηρεῖν,
588 4449 821 4523 μάλιστα
902 4447 957 4505 δὲ
1024 4450 1144 4511 τοὺς
1201 4447 1370 4503 ὀπίσω
1439 4447 1630 4524 σαρκὸς
1701 4445 1755 4502 ἐν
1839 4445 1961 4502 ἐπι-

2049 4447 2317 4507 maxime
2340 4445 2993 4527 vrroillosquicamem
3008 4456 3328 4528 sequentes
3365 4449 3430 4507 in
3468 4463 3685 4509 concu-

308 4513 474 4611 θυμία
513 4513 528 4529 Ι
581 4513 815 4613 μιασμοῦ
937 4537 1339 4617 πορευομένους,
1438 4538 1526 4590 καὶ
1646 4535 1955 4614 κυριότητος

2049 4536 2333 4603 piscentia
2365 4513 2715 4614 pollutionis
2756 4513 3173 4599 ambulent‘ac
3212 4536 3688 4597 dominationem

303 4633 790 4706 κατιιρρονοῠντας.
899 4625 1192 4701 Τολμηταὶ,
1310 4621 1567 4695 αὗθάδεις,
1664 4622 1813 4690 δόξας
1897 4627 1957 4680 οὒ
2039 4624 3692 4706 οοηεεηιηιιιιιεαιιίιίιεεε,ῃνωβάειὶ,ᾳιιίεριεηᾱονεεηοη

298 4717 564 4793 τρέμουσι
674 4715 1102 4795 βλασφημῶνες,
1209 4713 1341 4771 ὅπου
1475 4710 1690 4790 ἄγγελοι
1801 4714 1956 4792 ἰσχύϊ

2049 4729 2219 4773 verm
2230 4718 2328 4773 tur
2339 4729 2447 4773 cm.
2456 4715 2624 4775 vitiis
2638 4715 2945 4777 incessere:
2956 4732 3090 4777 cum
3103 4716 3310 4791 angeli
3320 4714 3427 4794 qui
3435 4718 3577 4775 sunt
3585 4730 3691 4793 po-

314 4805 407 4860 καὶ
463 4802 676 4877 δυνάμει
755 4806 988 4873 μείζονες
1032 4802 1203 4877 ὄντες,
1263 4803 1322 4858 οὗ
1393 4802 1601 4882 φέρουσι
1661 4799 1778 4856 κατ’
1854 4804 1951 4858 α’)-

2049 4803 2305 4862 tentiaac
2319 4803 2545 4863 virtute
2561 4807 2844 4883 majores,
2872 4822 2995 4866 non
3006 4803 3513 4882 ferantudversus
3532 4802 3690 4880 ipsos

308 4899 418 4949 τῶν
500 4893 641 4970 παρὰ
701 4894 871 4969 Κυρίῳ
926 4893 1241 4973 βλάσφημον
1291 4893 1479 4969 κρίσιν.
1540 4893 1693 4947 Οὗτοι
1753 4889 1808 4947 δὲ
1877 4892 1950 4953 ὡς

2049 4890 2200 4967 1pm!
2237 4891 2552 4953 Dominum
2586 4892 2944 4955 maledicum
2964 4894 3295 4974 judicium.
3331 4893 3476 4953 Atsi
3503 4891 3691 4955 veluti

310 4980 595 5059 ἄλογαζοῖη
636 4983 829 5061 φυσικᾶ
897 4982 1227 5060 γεγενημένα
1282 4983 1354 5046 εἷς
1411 4979 1607 5035 ἅλωσιν
1674 4981 1763 5035 καὶ
1819 4982 1950 5059 φθο-

2049 4979 2214 5043 bruta
2237 4984 2629 5045 irrationalia
2646 4991 2869 5046 natura
2880 4990 3092 5062 genita
3113 4985 3178 5045 in
3200 4991 3527 5065 capturum
3542 4990 3598 5045 et
3620 4985 3688 5046 in

306 5071 431 5150 ραν,
490 5070 546 5125 ὲν
614 5072 696 5132 οἷς
754 5069 996 5148 ἀγνοοῦσι
1064 5069 1497 5147 βλασφημοῦντες
1574 5065 1626 5123 ἐν
1680 5072 1750 5143 τῇ
1791 5070 1951 5145 φθορᾷ

2049 5072 2833 5151 :orruptionem,inhisqua:
2861 5092 2980 5133 non
3010 5071 3371 5151 intelligunt
3403 5072 3685 5152 blasphe-

314 5160 489 5215 αὖτῶν
532 5160 1045 5237 καταφθαρήσονται,
1092 5158 1433 5234 κομιούμενοι
1486 5157 1671 5231 μισθὸν
1724 5154 1948 5228 ἀδικίας,

2049 5167 2294 5233 mantes,
2330 5163 2394 5221 in
2433 5161 2767 5241 perditione
2794 5180 2907 5224 sua
2952 5161 3261 5243 peribunt,
3294 5168 3688 5242 reportanles

309 5244 507 5314 ἡδονὴν
536 5247 821 5323 ἡγούμενοι
850 5247 948 5313 τὴν
978 5246 1033 5301 ἐν
1074 5246 1248 5324 ἡμέρᾳ
1275 5247 1496 5326 τρυφήν.
1535 5266 1562 5299 ν

2049 5251 2376 5313 mercedem
2400 5252 2743 5327 iniustitiae,
2764 5270 2872 5330 pro
2899 5254 3205 5332 voluptate
3229 5249 3515 5313 ducentes
3533 5252 3589 5312 si
3618 5252 3687 5313 in

2039 5340 2200 5401 diem
2230 5337 2466 5400 deliciis
2486 5341 2801 5417 fruantur.

399 5444 421 5477 ι
469 5420 711 5479 Μάλιστα
750 5420 805 5479 δὲ
862 5423 981 5486 τοὺς
1067 5423 1236 5478 ὀπὶσω
1308 5422 1519 5500 σαρκός,
1588 5445 1611 5481 ι)
1692 5421 1957 5479 Ἐντεῦθεν

2130 5448 2159 5486 α
2194 5427 2443 5491 Maxime
2474 5427 2768 5490 veroillos
2823 5429 2924 5511 qui
2981 5446 3219 5491 carnem
3280 5432 3625 5507 sequentes.
3653 5453 3680 5485 ι

307 5516 509 5592 εὐφυῶς
569 5511 675 5568 ἀπὸ
732 5517 836 5567 τ’ἶιν
891 5510 1290 5590 ὑποδειγμάτων
1367 5519 1470 5568 τῶν
1532 5510 1949 5591 προειρημένων,

2049 5515 2195 5579 Hinc
2218 5515 2366 5578 scite
2389 5517 2710 5580 admodum
2731 5536 2764 5580 a
2781 5510 3080 5598 praedictis
3102 5517 3389 5597 exemplis
3420 5516 3581 5585 venit
3608 5517 3685 5580 ad

305 5602 380 5664 εἷς
463 5600 563 5667 τὴν
634 5610 899 5679 παροῦσαν
968 5599 1128 5669 ἧλθ·ν
1180 5601 1447 5662 ὑπόθεσιν,
1529 5600 1684 5677 Λέγει
1728 5597 1784 5657 δὲ
1842 5603 1956 5679 περὶ

2049 5624 2302 5683 praesens
2331 5597 2947 5686 argumentum.iDicit
2975 5615 3171 5669 autem
3206 5606 3280 5669 de
3342 5605 3683 5674 maledictis
3714 5637 3735 5658 -

303 5694 410 5745 τῶν
497 5688 805 5767 καταράτων
889 5687 1242 5764 Νικολαϊτῶν,
1335 5687 1453 5756 ἤτοι
1524 5692 1859 5761 Γνωστικῶν,
1919 5690 1954 5755 ἢ

2049 5692 2348 5759 Nicolaitis
2372 5696 2495 5759 sive
2522 5694 2817 5761 Gnosticis
2837 5703 2935 5761 aut
2951 5694 3234 5761 Naasenis
3252 5697 3347 5764 vel
3366 5699 3680 5779 Cerdonia,
