4192 6212
454 259 573 332 599
1570 257 1983 324 (ECUMENII
2027 250 2323 316 TRICCuE
2364 257 2698 322 EPISCOPI
3713 263 3836 331 ϐω

454 389 572 455 nis:
598 392 759 459 varia
778 392 937 455 enim
962 392 1201 454 nomina
1222 393 1426 454 sortita
1448 400 1536 453 est
1572 409 1776 453 eorum
1794 389 2099 477 iniquitas:
2121 429 2126 439 .

2209 396 2500 458 tuaanvdw,
2556 392 2591 461 ἢ
2656 391 3029 473 Κερδονιανῶν.
3088 396 3437 473 Πολυώνυμος
3510 399 3612 477 γὰρ
3663 402 3834 458 αὐτῶν

459 478 1344 571 etquemadmodumscelcratis
1366 479 1644 571 (actis,it_a
1675 492 1732 540 et
1757 476 2101 571 nominibus

2209 481 2427 560 ικακία,
2471 482 2561 538 καὶ
2589 483 2661 545 ὡς
2717 495 2835 547 τοῖς
2889 497 3105 560 μιαροῖς
3156 484 3351 565 ἔργοις,
3398 476 3536 543 οὕτω
3595 488 3680 544 καὶ
3710 500 3830 553 τοῖς

459 566 703 630 confusa
725 588 855 631 esse
877 568 1524 648 deprehenditur.Nam
1551 568 1792 647 hi,sicut
1816 566 2096 656 diximus,

2209 570 2403 646 ηνόμασι
2489 571 2863 651 συγκεχυμένη
2928 572 3410 649 καταλαμϐάνεται.
3479 578 3635 634 Οὗτοι
3703 577 3830 656 γὰρ,

459 666 730 737 suscepta
770 657 912 717 545
933 657 1327 737 profunditate
1350 676 1418 719 ac
1437 656 1694 731 silentio,
1732 655 1922 736 prima
1953 654 2100 716 sub-

2209 681 2258 721 ος
2339 659 2601 739 φθάνομεν
2685 662 2950 732 εἰπόντες,

461 745 743 807 sistentiaa
759 745 961 806 mundi
981 764 1163 826 opera
1186 747 1540 827 etquasdam
1557 755 1773 806 matres
1796 763 1863 805 ac
1887 742 2104 805 saecula

462 830 799 916 prodigiose
828 841 1155 911 narrantes,
1189 834 1685 915 quemadmodum
1741 843 1798 894 et
1841 832 2107 895 Marcion

463 922 563 1003 qui
582 940 755 1001 prava
779 923 1030 1003 sumpsit
1053 922 1124 984 ab
1151 924 1243 987 his
1266 923 1495 985 semina
1522 941 1534 984 :
1595 923 1814 984 deinde
1850 940 1954 1002 per
1982 921 2107 981 haec

461 1008 700 1090 repulsa
729 1009 1137 1073 dominatione
1180 1011 1564 1073 institutionis
1620 1029 1687 1071 ac
1718 1009 2110 1072 iusttectionis

461 1098 586 1160 sive
612 1097 1060 1177 gubernationis
1091 1101 1316 1162 mundi.
1373 1101 1445 1161 ad
1506 1118 1741 1161 omnem
1803 1100 2107 1161 carnalem

464 1187 898 1268 impudicitiam
932 1190 1224 1270 intrepide
1256 1197 1675 1269 pervenerunt.

548 1274 715 1348 Quod
742 1279 791 1340 si
810 1280 1104 1361 quispiam
1126 1282 1200 1343 de
1230 1282 1322 1343 his
1350 1282 1585 1342 discere
1614 1280 2020 1361 velit,sumpto
2045 1279 2106 1343 in

469 1383 681 1429 manus
702 1367 856 1431 libro
891 1388 923 1430 a
941 1380 1113 1431 beato
1133 1371 1256 1431 viro
1274 1370 1497 1432 Irenaeo
1530 1369 1759 1433 Gallo’5
1781 1368 2108 1448 composito

3041 663 3195 739 βυθὶν
3261 664 3686 740 ὑποστησάμενοι
3742 666 3835 721 καὶ

2189 748 2341 824 σιγὴν
2397 749 2465 804 τὰ
2520 750 2829 827 πρωτουργά
2885 750 2983 817 τῆς
3054 758 3147 808 τοῦ
3213 752 3414 828 γόσμου
3468 755 3827 821 ὑποστάσεως,

2189 839 2276 893 καὶ
2302 859 2446 900 τινας
2490 837 2596 894 ἀπὸ
2622 838 2822 895 τούτων
2851 839 3085 914 μητέρας
3144 841 3232 897 καὶ
3291 843 3485 906 αἰῶνας
3540 841 3832 921 τερλτολο-

2190 929 2473 1006 γήσαντες,
2512 929 2583 983 ὡς
2642 928 2730 983 καὶ
2785 929 3030 1006 Μαρκίων
3087 927 3194 985 ἀπὸ
3236 930 3432 987 τούτων
3490 929 3666 988 λαϐὼν
3720 954 3834 988 πο-

2190 1018 2324 1096 νηρὰ
2379 1016 2675 1096 σπέρματα,
2737 1030 2855 1075 εῖτα
2931 1018 3243 1096 κυριότητας
3314 1018 3400 1077 διὰ
3476 1022 3674 1078 τούτων
3732 1023 3835 1087 τῆς

2192 1116 2283 1164 τοῦ
2336 1104 2537 1180 κόσμου
2608 1102 2947 1184 δημιουργίας
3031 1108 3402 1188 παρωσάμενοι
3452 1110 3542 1166 καὶ
3580 1111 3829 1186 ὶποψίας,

2192 1194 2275 1250 ἐπὶ
2331 1200 2504 1250 πᾶσαν
2572 1192 2857 1273 ἐχώρησαν
2928 1194 3093 1261 ἀδεῶς
3169 1198 3424 1277 σαρκικὴν
3487 1198 3832 1278 ἀκαθαρσίαν.

2273 1284 2373 1342 Καὶ
2396 1280 2451 1338 εἴ
2497 1304 2577 1348 τις
2633 1285 2751 1340 περὶ
2791 1284 2988 1341 τούτων
3030 1284 3198 1343 ἐθέλοι
3256 1289 3467 1362 μαθεῖν,
3523 1288 3622 1355 τὴν
3667 1289 3835 1365 Εἰρηο

2191 1374 2319 1446 ναίνρ
2373 1377 2450 1445 τῷ
2504 1370 2693 1448 Κελτῷ,
2740 1374 2981 1450 μακαρίῳ
3034 1374 3291 1454 ἀνθρώπῳ
3355 1378 3472 1456 περὶ
3514 1379 3681 1433 αὖτῶν
3746 1376 3835 1432 ἐκ-

470 1473 647 1534 quem
669 1457 964 1520 Adversus
980 1460 1137 1537 falso
1156 1460 1377 1522 dictum
1397 1460 1764 1537 sapientiam
1780 1457 2107 1537 inscripsit,

2209 1460 2569 1537 τεπονημένην
2597 1457 2777 1537 βίϐλον
2820 1462 2955 1527 μετά
2995 1476 3188 1543 χεῖρας
3246 1460 3446 1537 λαϐὼν,
3479 1463 3546 1532 ἢν
3595 1464 3829 1543 ἐπέγρα-

469 1543 730 1605 inveniet
759 1546 967 1607 horum
996 1548 1425 1621 immunditias,
1463 1547 1835 1628 potissimum
1870 1556 2115 1627 propter

2209 1558 2263 1628 pa
2320 1551 2468 1609 Κατά
2549 1554 2645 1616 τῆς
2717 1547 3054 1626 ψευδωνύμου
3142 1552 3410 1630 γνώσεως,
3468 1554 3675 1633 εὑρήσει
3731 1554 3829 1615 τὰς

468 1634 732 1695 Marcum
763 1635 953 1697 virum
986 1637 1503 1717 obscenissimum,
1538 1646 1595 1697 et
1626 1655 1727 1697 eos
1757 1640 1853 1717 qui
1888 1635 1960 1695 ab
1986 1635 2111 1716 ipso

2209 1642 2391 1697 τούτων
2426 1639 2765 1717 ἀκαθαρσίας,
2824 1637 2908 1694 διὰ
2979 1639 3189 1719 Μάρκου
3241 1640 3473 1712 μάλιστα
3525 1649 3617 1699 τοῦ
3665 1641 3834 1697 ἀσελ-

469 1720 700 1814 seducti
729 1723 987 1800 fuerunt,
1024 1744 1092 1788 ac
1142 1732 1450 1806 corruptas
1507 1725 1756 1787 miseras
1805 1725 2083 1787 mulieres

2209 1732 2449 1814 (εστάτου
2473 1730 2562 1785 καὶ
2629 1734 2737 1784 τῶν
2791 1728 2881 1784 ὑπ’
2934 1729 3089 1786 αὑτοῦ
3142 1730 3499 1804 ἠπατημένων
3564 1733 3651 1789 καὶ
3719 1729 3835 1787 διε·-

477 1836 505 1867 α
537 1811 827 1904 Audaces,
864 1814 1176 1895 prwfracti.
1209 1842 1234 1871 ει
1266 1815 1751 1878 Subaudiendum
1810 1823 1939 1875 est:
1980 1813 2111 1904 Qui

2209 1811 2501 1904 ρθαρμένων
2542 1816 2781 1873 ἐλεεινῶν
2810 1825 3090 1895 γυναικῶν.
3129 1839 3152 1875 ι
3182 1817 3475 1895 Τολμηταὶ.
3508 1818 3762 1884 αὐθάδεις.
3806 1843 3833 1875 ι

472 1908 630 1962 sunt.
667 1902 912 1982 Rejecto
935 1904 1116 1983 igitur
1142 1905 1344 1966 mundi
1375 1905 1711 1985 inspectore
1742 1904 1864 1965 sive
1895 1903 2109 1982 guber-

2209 1902 2691 1992 Προσυπακουστέον
2745 1909 2830 1986 τὸ,
2886 1906 2954 1965 Ο⁹ί
3010 1909 3131 1970 εἰσι.
3202 1910 3615 1987 Παρωσαμένους
3665 1912 3838 1966 τοίνυν

473 1997 677 2052 natore
693 2009 761 2052 ac
779 1994 1221 2067 creatore,nihil
1249 1993 1462 2055 mirum
1481 2004 1568 2055 cst
1589 1993 1745 2073 quod
1771 1993 2113 2071 hujusmodi

2209 2003 2290 2058 τον
2320 2005 2412 2055 τοῦ
2452 1996 2653 2072 κόσμου
2683 1994 2920 2063 έπόπτην
2970 1998 3057 2053 καὶ
3112 2005 3363 2069 ποιητὴν,
3424 1996 3571 2055 οὐδὲν
3620 1998 3841 2063 ἀπεικὸς

471 2077 731 2140 audaces
760 2080 877 2141 sint
905 2100 973 2143 ac
999 2082 1310 2165 praefracti,
1334 2084 1447 2143 hoc
1469 2082 1974 2161 est,insequentes
2005 2077 2119 2140 sibi

2209 2094 2287 2147 καὶ
2306 2087 2582 2163 ταλμητας
2636 2086 2757 2148 τοὺς
2814 2085 3075 2150 τοιούτους
3117 2087 3205 2142 καὶ
3263 2083 3521 2157 αὐθάδεις,
3576 2086 3838 2160 τουτέστι,

475 2167 790 2248 placentia.
856 2168 970 2233 Sed
1001 2178 1060 2233 et
1101 2172 1515 2232 convitiatores
1545 2170 1710 2232 dicit.
1746 2169 1888 2231 Nam
1923 2170 2021 2249 qui
2048 2187 2116 2231 ex

2209 2181 2261 2235 τὸ
2333 2178 2542 2239 ἑαυτοῖς
2601 2172 2819 2251 ἀρέσκον
2875 2171 3297 2248 μεταδιώκοντας
3355 2174 3614 2251 γενέσθαι.
3675 2173 3846 2232 Ἀλλά

475 2265 814 2338 contemptu
842 2259 1308 2324 dominationem
1330 2282 1447 2323 non
1479 2262 1707 2322 timent.
1738 2260 1876 2341 quid
1904 2260 2116 2321 mirum

2209 2269 2286 2323 καί
2343 2264 2686 2345 βλασφήμους
2746 2262 2924 2342 φησίν,
2986 2265 3046 2320 Οἱ
3099 2263 3199 2342 γὰρ
3291 2263 3350 2320 ἐκ
3404 2265 3843 2345 καταφρονήσεως

478 2345 530 2406 si
555 2347 732 2408 etiam
760 2349 1040 2412 adversus
1090 2369 1329 2412 omnem
1386 2349 1766 2430 Splendorem
1821 2348 2117 2428 intrepide

2209 2356 2262 2412 οὔ
2291 2353 2585 2416 δαδοικότες
2633 2353 2731 2422 τήν
2793 2352 3100 2432 κυριότητα,
3131 2353 3182 2407 τί
3234 2350 3296 2409 ἂν
3351 2359 3592 2432 πρᾶγμα,
3656 2355 3700 2409 εἰ
3754 2354 3849 2409 καὶ

478 2437 828 2515 persistent?
852 2438 1133 2518 Apersius
1154 2449 1349 2501 autem
1374 2439 1552 2500 dehis
1580 2437 2122 2500 dicitbeatusludas

2209 2447 2332 2525 πρὸς
2363 2449 2534 2500 πᾶσαν
2563 2439 2713 2506 δόξαν
2784 2436 2949 2503 ἀδεῶς
3008 2437 3340 2521 διεγίνοντος
3412 2441 3729 2521 Τρανότερον
3788 2439 3849 2498 δὲ

428 2521 447 2538 ³
476 2525 799 2605 apostolus,
827 2526 927 2587 ubi
957 2536 1015 2590 et
1063 2529 1137 2588 de
1183 2527 1333 2590 Mosi
1387 2546 1636 2607 corpore
1697 2528 1832 2587 facit
1862 2526 2119 2587 mentio-

2209 2521 2320 2611 περὶ
2374 2532 2570 2589 τούτων
2639 2530 2667 2585 ὁ
2740 2528 2997 2606 μακάριος
3071 2527 3367 2593 ἀπόστολος
3457 2528 3650 2594 Ἰούδας
3706 2531 3844 2608 ἐρεῖ,

476 2622 614 2673 n‘em
638 2612 720 2675 ‘6.
752 2612 898 2675 Nam
933 2615 1030 2677 hic
1082 2636 1239 2678 nunc
1295 2616 1491 2678 obiter
1548 2624 1776 2678 tantum
1811 2615 2126 2678 insinuavit

2210 2621 2341 2679 ὅπου
2397 2623 2485 2677 καὶ
2539 2619 2656 2697 περὶ
2696 2624 2789 2673 τοῦ
2824 2616 3086 2682 Μωϋσέως
3136 2619 3488 2694 μνημονεύσει
3547 2620 3789 2695 σώματος
3828 2640 3845 2655 .

480 2705 729 2787 tangens
756 2702 946 2763 solum
976 2722 1044 2765 ac
1073 2704 1289 2766 sedans
1317 2703 1396 2765 de
1419 2705 1531 2765 hac
1552 2721 1617 2765 re
1648 2722 2008 2766 sermonem.
2044 2703 2123 2764 Ex

2210 2713 2358 2773 οὗτος
2416 2709 2515 2787 γὰρ
2564 2714 2655 2764 νῦν
2729 2706 2886 2782 μόνον
2957 2707 3292 2787 ὑπέκρουσεν,
3374 2707 3645 2779 ἁψάμενος
3710 2711 3849 2783 ομοῦ

476 2786 579 2849 illo
594 2786 780 2867 igitur
795 2791 1110 2853 occasione
1124 2802 1357 2871 sumpta
1377 2793 1550 2853 etiam
1566 2792 1753 2870 delhis
1766 2811 1894 2873 quae
1915 2811 2126 2872 propo-

2209 2801 2295 2855 καὶ
2324 2796 2662 2859 καταπαύσας
2722 2797 2811 2851 τὸν
2870 2799 2989 2875 περὶ
3041 2786 3226 2855 τούτου
3267 2795 3448 2874 λόγον.
3495 2796 3590 2855 Ἐλ
3646 2797 3847 2856 ἐκείνου

482 2878 988 2959 nuntur,dicimus
1008 2881 1190 2962 quod,
1222 2879 1615 2962 «Splendores
1643 2900 1757 2941 non
1791 2889 2116 2946 verentur,»

478 2965 591 3027 hoc
623 2954 758 3030 est:
794 2954 1196 3051 Contemptim
1212 2954 1450 3032 omnem
1477 2970 1663 3048 gloria
1686 2954 2155 3050 praecellentem‘

478 3054 812 3118 maledictis
827 3055 1225 3120 incessunt.Et
1242 3077 1624 3140 compescere
1641 3059 1844 3120 volens
1859 3058 2123 3134 ipsorum

475 3145 637 3205 circa
671 3144 810 3207 talia
836 3145 1162 3221 audaciam,
1200 3147 1283 3210 ait
1316 3169 1330 3210 :
1359 3173 1385 3205 α
1421 3149 1564 3211 Cum
1624 3147 1815 3227 angeli
1860 3149 1957 3229 qui
1990 3159 2127 3209 sunt

477 3231 751 3313 potentia
789 3253 859 3297 ac
886 3235 1099 3298 virtute
1131 3238 1413 3316 majores,
1445 3256 1562 3298 non
1610 3235 1797 3298 ferant
1846 3236 2127 3298 adversus

474 3320 640 3402 ipsos
667 3323 823 3403 apud
850 3324 1164 3387 Dominum
1187 3324 1568 3388 maledictum
1587 3325 1940 3406 judicium,»
1966 3325 2127 3387 idem

477 3408 691 3474 dicens
712 3430 845 3473 cum
872 3411 1078 3478 beatoJ
1085 3414 1222 3490 uda,
1247 3422 1311 3476 ut
1333 3413 1613 3478 diximus:
1643 3414 2126 3496 quandoquidem

476 3506 536 3561 et
559 3498 663 3562 ille
690 3503 1088 3582 quorumdum
1122 3503 1337 3584 linguae
1384 3504 1764 3585 petulantiam
1822 3521 1891 3566 ac
1947 3521 2129 3583 nugas

475 3605 801 3671 coercens,
834 3590 907 3653 ab
930 3592 1140 3654 eodem
1175 3593 1446 3674 exemplo
1470 3593 1611 3656 fecit
1639 3593 2130 3672 admonitionem,

2207 2887 2375 2945 τοίνυν
2404 2887 2491 2942 καὶ
2519 2887 2635 2964 περὶ
2676 2889 2780 2940 τῶν
2835 2884 3193 2964 προκειμένων
3249 2882 3496 2951 λαϐόντες
3552 2887 3645 2949 τας
3675 2886 3847 2966 ἀφορ-

2208 2976 2336 3056 μάς,
2367 2973 2612 3052 λέγομεν,
2645 2971 2726 3030 ὅτι
2755 2974 2839 3046 τὸ,
2873 2996 2900 3026 ιι
2930 2972 3091 3039 Δόξας
3112 2973 3169 3030 οὗ
3196 2973 3494 3054 τρέμουσιν,
3533 2998 3559 3030 ι
3594 2975 3707 3031 ἀντὶ
3728 2981 3848 3056 τοῦ,

2211 3068 2684 3142 Καταφρονητικῶς
2754 3061 2939 3142 ’έχουσι
3021 3068 3196 3119 πᾶσαν
3272 3060 3424 3128 δόξαν
3479 3062 3846 3142 βλασφημεῖν,

2213 3156 2308 3211 Καὶ
2337 3150 2654 3230 βουλόμενος
2702 3151 2956 3231 ἐπισχεῖι
3007 3151 3104 3219 τὴν
3156 3154 3272 3231 περὶ
3326 3152 3393 3207 τά
3434 3159 3649 3209 τοιαῦτα
3678 3154 3850 3209 αὐτῶν

2208 3240 2434 3321 τόλμαν,
2480 3240 2660 3320 φησίν.
2701 3262 2722 3294 υ
2783 3229 2964 3297 υὁπου
3033 3229 3250 3317 ἄγγελοι
3309 3241 3463 3320 ἰσχύϊ
3516 3242 3605 3297 καὶ
3632 3239 3848 3316 δυνάμει

2210 3332 2441 3406 μείζονες
2497 3330 2643 3392 ὄντες
2695 3330 2756 3385 οὗ
2810 3327 3021 3408 φέρουσι
3076 3327 3194 3384 κατ’
3268 3330 3438 3386 αὐτῶν
3480 3329 3623 3405 παρὰ
3680 3330 3851 3409 Κυρίῳ

2208 3419 2524 3499 βλάσφημον
2581 3418 2772 3498 κρίσιν,
2807 3440 2835 3473 ι
2883 3417 3071 3473 ταύτὸν
3113 3422 3190 3490 τῷ
3246 3418 3488 3496 μακαρίῳ
3530 3416 3714 3492 Ἰούδᾳ,
3777 3422 3853 3486 ὡς

2210 3510 2437 3589 ἔφημεν,
2508 3506 2700 3587 λέγων,
2748 3505 2862 3563 ἐπεὶ
2902 3519 3150 3570 κακεῖνος
3202 3508 3303 3576 τήν
3364 3528 3519 3564 τινων
3575 3506 3855 3585 γλωσσαλ-

2215 3600 2331 3675 γίαν
2357 3596 2616 3669 κολάζων,
2673 3596 2780 3652 ἀπὸ
2827 3601 2919 3651 τοῦ
2964 3594 3148 3671 ἀυτοῦ
3193 3592 3614 3673 παραδείγματος
3683 3610 3856 3653 ποιεῖ-

475 3675 659 3759 idque
688 3678 869 3742 latius
893 3699 1028 3743 cum
1049 3682 1127 3744 ita
1149 3682 1314 3745 dicit:
1369 3681 1654 3745 «Michael
1677 3682 2088 3762 archangelus,
2105 3707 2126 3736 ι

2214 3708 2299 3742 ται
2332 3686 2428 3753 τὴν
2500 3684 2786 3763 νουθεσίαν,
2860 3681 3182 3761 πλατύτερον
3238 3681 3442 3759 μέντοι,
3476 3680 3544 3738 δι’
3585 3686 3660 3738 ῶν
3714 3683 3853 3741 οὕτω

476 3773 591 3828 etc.
610 3786 811 3853 ,ﬂcnon
837 3787 1014 3831 ausus
1034 3779 1125 3832 est
1151 3771 1504 3833 maledicum
1521 3772 1815 3851 judicium
1836 3771 2126 3851 impinge-

2216 3773 2360 3853 λέγει
2386 3793 2399 3807 ·
2438 3796 2466 3828 ‹‹
2501 3764 2558 3831 Ὀ
2583 3770 2638 3827 δὲ
2665 3770 2888 3851 Μιχαὴλ
2919 3773 2947 3828 ὁ
2966 3770 3327 3851 ἀρχάγγελος,
3358 3791 3386 3830 ι
3414 3773 3501 3828 καὶ
3530 3770 3674 3851 ἑξῆς,
3709 3797 3735 3827 ι
3760 3773 3855 3831 οὒκ

470 3873 597 3920 τε.»
627 3852 770 3917 Tale
791 3856 969 3933 igitur
990 3860 1249 3941 estquod
1276 3859 1670 3921 etiamPetrus
1693 3860 1817 3921 vult
1840 3878 2000 3921 nunc
2032 3858 2126 3919 di-

2223 3862 2484 3939 έτόλμησε
2536 3861 2703 3940 κρίσιν
2759 3857 3052 3938 ἐξενεγκεῖν
3108 3859 3470 3940 βλασφημίας.
3507 3884 3534 3915 ι
3609 3862 3857 3919 Τοιοῧτον

476 3951 807 4033 cere,quod
836 3950 896 4014 hi
921 3950 1375 4015 cacodaemones
1398 3948 1547 4010 nihil
1568 3956 1808 4030 parcant
1827 3948 2126 4010 maledicta

2219 3952 2306 4008 οὖν
2361 3952 2449 4007 καὶ
2505 3949 2698 4029 Πέτρος
2754 3947 2929 4027 λέγειν
2985 3946 3231 4025 βαύλεται
3303 3954 3416 4022 νῦν,
3472 3947 3553 4006 ὅτι
3610 3957 3750 4007 οὗτοι
3809 3952 3857 4006 οἱ

472 4041 804 4123 ingerendo
829 4044 889 4102 in
912 4039 1297 4121 splendores.
1323 4037 1499 4119 Atqui
1525 4057 1597 4099 ne
1629 4039 1715 4100 illi
1760 4037 2001 4118 quidem
2036 4036 2126 4117 qui

2216 4038 2591 4115 κακοδαίμονες
2622 4036 2863 4113 οὐδεμίαν
2891 4036 3060 4117 ἔχωσι
3104 4034 3267 4117 φειδὼ
3320 4038 3439 4116 περὶ
3501 4040 3555 4095 τὸ
3625 4039 3718 4104 τὰς
3760 4036 3855 4094 δό-

475 4129 738 4213 potentia
771 4147 839 4191 ac
895 4128 1113 4191 virtute
1171 4127 1424 4206 majores
1455 4135 1617 4200 sunt,
1680 4127 1959 4188 videlicet
2004 4127 2126 4187 istis

2218 4128 2305 4195 ξας
2338 4128 2695 4213 βλασφεμεῖν,
2716 4126 2805 4183 καί
2834 4147 2978 4204 τοιγε
3019 4123 3134 4182 οὒδὲ
3188 4127 3236 4180 οἱ
3290 4123 3503 4201 δυνάμει
3569 4129 3656 4185 καὶ
3703 4128 3859 4207 ἰσχύϊ

471 4207 878 4302 impuris,non
928 4218 1128 4281 ferunt
1153 4217 1275 4280 sive
1301 4215 1609 4297 proferunt
1628 4216 1912 4277 adversus
1946 4216 2126 4296 ipsos,

2218 4219 2450 4293 μείζονες
2479 4215 2649 4290 ὅντες,
2681 4212 2926 4282 δηλονότι
2980 4220 3085 4271 τῶν
3129 4221 3331 4291 μιαρῶν
3362 4215 3582 4288 τούτων,
3640 4215 3700 4271 οὐ
3755 4216 3857 4296 φέ-

474 4315 620 4391 puta
649 4307 1026 4389 splendores,
1063 4306 1420 4369 maledicum
1435 4306 1729 4385 judicium
1756 4304 1913 4385 apud
1940 4304 2136 4367 Domi-

477 4399 752 4461 num.Et
779 4398 957 4478 hujus
988 4396 1160 4458 testis
1208 4395 1459 4459 Michael
1517 4395 1933 4474 archangelus.
1995 4394 2136 4455 544

479 4484 801 4567 Siquidem
858 4484 1020 4550 enim
1079 4493 1137 4546 et
1185 4483 1463 4546 diabolus
1512 4484 1766 4565 aliquam
1825 4484 2136 4565 participat

477 4574 834 4655 gloriam,eo
856 4573 1013 4657 quod
1034 4574 1268 4636 initium
1297 4580 1370 4635 sit
1394 4574 1728 4637 Creationis
1750 4573 2133 4647 Domini,non

473 4663 728 4745 protulit
749 4663 1067 4727 adversum
1091 4662 1291 4743 ipsum
1326 4663 1637 4724 calumnia;
1662 4664 2137 4745 sermonemEst

474 4740 654 4815 etiam
691 4752 765 4814 ab
794 4751 888 4814 his
910 4740 1653 4831 emcaciorargumentatio
1692 4751 1803 4812 hoc
1823 4751 2019 4811 modo:
2070 4740 2133 4812 Si

472 4840 635 4904 enim
668 4840 938 4904 diabolus
969 4841 1071 4923 qui
1112 4841 1355 4921 dignior
1384 4848 1475 4901 est
1505 4840 1565 4902 in
1614 4858 1788 4920 quem
1833 4840 2137 4918 jactantur

475 4930 758 5007 convitia,
795 4942 998 4993 tamen
1033 4929 1172 5011 quia
1218 4928 1598 5009 splendorem
1649 4928 1982 5007 participat,
2018 4946 2133 4988 non

476 5024 567 5081 est
589 5018 701 5081 hoc
732 5025 1095 5081 consecutus
1127 5037 1160 5079 a
1190 5016 1479 5079 Michaele
1527 5032 1724 5077 coram
1749 5013 2000 5075 Domino
2025 5033 2134 5075 ne-

475 5124 770 5189 quaquam
838 5106 1169 5187 prudentes
1219 5113 1419 5168 essent
1469 5104 1569 5185 qui
1623 5111 1848 5164 timere
1896 5122 2133 5165 omnem

475 5193 859 5276 splendorem
883 5195 1006 5259 sive
1028 5195 1355 5277 splendore
1403 5192 1682 5274 praedltos
1731 5191 2013 5253 convitiis
2039 5193 2132 5254 in-

475 5291 805 5357 cesserent,
849 5303 981 5346 cum
1039 5283 1269 5362 angelis
1291 5282 1477 5343 multo
1499 5280 1856 5359 posteriores
1905 5281 2031 5342 sint
2074 5281 2134 5344 in

474 5371 732 5450 honore;
767 5371 918 5438 δόξας
940 5381 1134 5436 autem
1155 5370 1325 5447 dicit,
1351 5369 1473 5432 sive
1495 5368 1722 5431 divinas
1752 5367 1996 5432 virtutes
2013 5370 2135 5432 sive

506 5626 511 5633 γ
556 5537 629 5582 η’
659 5538 793 5607 Lib.
821 5558 863 5616 ι,
902 5559 1034 5623 cap.
1070 5542 1129 5618 1,
1168 5541 1226 5621 8,
1258 5540 1322 5604 9.
1358 5537 1410 5582 ιθ
1433 5535 1601 5601 ιῐιιὰω
1627 5538 1691 5601 9.

2218 4328 2413 4386 ρουσιν.
2473 4303 2589 4372 ἤτοι
2648 4305 2707 4362 οὔ
2742 4304 3113 4382 προκομίζουσι
3157 4300 3274 4359 κατ’
3333 4306 3503 4361 αότῶν
3541 4304 3694 4360 οἱονεὶ
3749 4309 3859 4359 τῶν

2217 4393 2376 4460 δοξῶν
2431 4392 2746 4473 βλάσφημον
2801 4390 2966 4470 κρίσιν
3011 4392 3151 4460 παρὰ
3237 4390 3432 4470 Κυρίῳ.
3507 4393 3603 4450 Καὶ
3675 4392 3859 4448 τούτου

2217 4483 2413 4561 μάρτυς
2459 4480 2683 4561 Μιχαὴλ
2725 4482 2753 4536 ὃ
2811 4479 3168 4560 ἀρχάγγελος.
3219 4478 3370 4537 Ἐπεὶ
3398 4481 3498 4559 γὰρ
3527 4478 3681 4547 δόξης
3713 4482 3858 4543 τινὸς

2219 4571 2436 4651 μετέχει
2465 4572 2614 4626 καὶὸ
2644 4566 2885 4631 διάϐολος
2928 4565 3012 4624 διὰ
3065 4570 3126 4625 τὸ
3192 4568 3369 4648 ἀρχὴν
3424 4582 3562 4625 εἶναι
3616 4567 3867 4644 πλάσμα-

2217 4682 2307 4723 τος
2340 4660 2547 4739 Κυρίου,
2581 4660 2677 4716 οὐκ
2702 4656 2894 4736 ἤνεγκε
2926 4655 3045 4712 κατ’
3094 4657 3247 4713 αὐτοῦ
3301 4656 3620 4738 βλάσφημον
3675 4656 3859 4736 λόγον.

2220 4759 2263 4807 Κ
2301 4750 2315 4769 “
2348 4746 2372 4769 ”
2526 4747 2539 4767 ’
2594 4749 2622 4803 ὸ
2740 4745 2793 4785 ”“
2989 4744 3085 4802 ’λλ
3446 4747 3456 4767 '
3684 4746 3709 4781 -"
3842 4763 3857 4778 ·

2269 4772 2320 4804 αι
2350 4770 2486 4805 εστιν
2518 4769 2592 4804 απ
2680 4768 2884 4803 τοοιων
2942 4767 3018 4821 μα
3089 4768 3145 4803 ον
3187 4748 3222 4814 ἡ
3275 4745 3609 4826 ἐπιχειρησις
3654 4769 3819 4810 οπως

2218 4839 2275 4895 Εἰ
2347 4839 2447 4915 γὰρ
2532 4839 2560 4892 ὁ
2618 4833 2820 4911 μᾶλλον
2875 4832 3015 4900 ἄξιος
3074 4834 3504 4915 βλασφημεῖσθαι
3594 4832 3856 4910 διάϐολος,

2219 4925 2366 5002 ὅμως
2398 4924 2484 4982 δια
2511 4924 2576 4981 τό
2609 4922 2761 4991 δόξης
2790 4922 3040 5002 μετέχειν
3089 4926 3181 4981 οὐκ
3238 4923 3397 5004 ἔτυχε
3467 4924 3654 4981 τούτου
3720 4926 3864 5004 παρά

2216 5025 2309 5074 τοῦ
2358 5013 2583 5094 Μιχαὴλ
2640 5013 2861 5070 ἐνώπιον
2924 5012 3130 5091 Κυρίου,
3189 5017 3283 5072 οὒκ
3325 5011 3386 5070 ἄν
3427 5014 3691 5094 σώφρονες
3748 5013 3863 5070 εἶεν

2216 5105 2264 5160 οἱ
2291 5103 2589 5184 προχείρως
2659 5108 2831 5157 πᾶσαν
2888 5098 3039 5167 δόξαν
3081 5100 3548 5183 βλασφημοῦντες,
3617 5106 3714 5169 τῆς
3755 5108 3864 5158 τῶν

2216 5191 2457 5271 ἀγγέλων
2486 5190 2797 5262 τιμιότητος
2825 5189 3048 5247 κατόπιν
3079 5190 3379 5271 φερόμενοι.
3436 5188 3600 5256 ΔόΞας
3630 5187 3709 5265 δὲ,
3743 5188 3864 5257 ἤτοι

2216 5282 2308 5347 τὰς
2363 5281 2503 5343 θείας
2545 5279 2675 5351 φησὶ
2729 5276 3001 5353 δυνάμεις,
3061 5277 3097 5346 ἣ
3138 5281 3227 5335 καὶ
3283 5280 3377 5342 τὰς
3420 5277 3866 5346 ἐκυησιαστικάς

2246 5368 2405 5450 ρχάς,
2435 5370 2511 5423 ὧν
2539 5366 2851 5432 ἀπεναντίας
2914 5368 2959 5422 οἱ
3015 5365 3426 5446 χοιρωδέστατοι
3482 5368 3623 5425 οὗτοι
3667 5366 3866 5448 φερόμε
