4192 6212
371 348 484 415 601

1428 351 1824 418 ΟΟΜΜΕΝΤ.
1868 346 1953 413 ΙΝ
1994 343 2236 412 EPIST.
2282 350 2343 412 II
2385 350 2445 412 S.
2492 351 2726 414 PETRI

3620 344 3742 411 602

368 506 450 541 νοι
501 487 591 543 καὶ
640 485 1076 568 βλασφημοῦντες
1135 488 1295 552 αὐτὰς
1350 486 1634 550 διετέλουν,
1685 488 1783 545 Καὶ
1824 489 1872 545 οἱ
1917 486 2015 562 μὲν

2107 485 2275 547 etiam
2290 486 2726 550 ecclesiasticos
2749 486 3305 569 principatus,quos
3315 491 3522 548 contra
3539 482 3745 544 obsce-

366 572 583 652 ἄγγελοι
626 576 814 640 οὕτως.
856 599 880 633 α
928 579 1083 635 Αὐτοὶ
1113 576 1168 634 δὲ
1211 580 1284 641 ὡς
1329 576 1496 655 ἄλογα
1551 577 1765 658 φυσικὰ,
1804 599 1832 631 α
1868 596 2020 633 τουτ-

371 662 505 735 έστι,
537 662 656 723 κατ’
714 665 959 733 αἴσθησιν
1017 666 1178 741 μόνον
1219 672 1412 739 ζῶντα,
1474 670 1533 725 οὐ
1579 666 1715 723 κατὰ
1757 671 1878 722 νοῦν
1931 664 2021 721 καὶ

370 752 475 818 τὴν
517 754 699 833 νοερὸν
740 754 909 829 ζωὴν,
968 752 1034 811 δι’
1066 756 1094 811 ὃ
1136 756 1224 812 καὶ
1280 754 1535 812 εὐάλωτοι
1591 767 1708 816 τοῖς
1740 757 2017 834 φθαρτοῖς,

371 841 611 897 τουτέστι
656 848 725 918 τῇ
774 845 913 899 κατὰ
965 844 1062 910 τὴν
1114 842 1458 923 φθειρομένην
1498 843 1642 913 ζωὴν
1682 848 2017 921 περιαγωγῇ,

371 931 563 1005 θυμοῖς
602 933 691 988 καὶ
746 931 991 1007 ἐπιθυμίᾳ
1050 932 1302 1011 ἀγόμενοι
1356 934 1444 989 καὶ
1486 931 1763 1012 φερόμενοι
1811 931 1867 986 ἐν
1933 934 2019 993 οἷς

371 1016 675 1096 ἀγνοοῦσιν,
720 1018 837 1088 ἤτοι
866 1028 936 1097 τῇ
981 1019 1097 1078 καθ’
1132 1022 1367 1078 ἑκούσιον
1423 1022 1594 1077 αὒτῶν
1642 1021 1827 1099 ἀγνοίᾳ
1858 1018 2019 1095 βλασ-

372 1117 694 1187 φημοῦντες,
740 1115 809 1186 τῇ
858 1107 1053 1182 ἐπαξίῳ
1102 1111 1299 1167 ἑαυτῶν
1356 1113 1520 1191 φθορᾷ
1575 1110 2016 1190 καταφθαρήσον-

371 1216 485 1269 ται,
541 1198 883 1273 κομιούμενοι
948 1200 1132 1270 μισθὸν
1188 1196 1414 1268 ἀδικίας,
1474 1197 1532 1254 ὅν
1590 1197 1817 1255 ἐθελοντὶ
1889 1198 2018 1253 ἑαυ-

368 1296 491 1347 τοῖς
519 1284 892 1364 προεξένησαν,
952 1310 975 1343 ε
1043 1278 1264 1356 Ἡδονὴν
1307 1289 1591 1365 ἡγούμενοι
1636 1288 1738 1355 τὴν
1766 1287 1821 1343 ὲν
1849 1285 2024 1364 ἡμέρα

369 1374 595 1452 τρυφήν.
643 1393 674 1433 ι
721 1377 793 1435 Τὸ
849 1373 1037 1455 ὅντως,
1096 1378 1276 1457 φησὶν,
1337 1376 1543 1455 ἐφετὸν,
1573 1377 1673 1444 τὴν
1731 1374 1904 1442 ἀληθῆ
1933 1365 2023 1454 καί

372 1459 662 1540 ἐπέραστον
703 1466 1022 1545 εὐφροσύνην
1063 1464 1159 1522 καί
1215 1463 1408 1534 ἡδονὴν
1448 1468 1505 1522 iv
1558 1472 1626 1543 τῇ
1668 1462 1784 1521 καθ’
1817 1464 2022 1542 ἡμέραν

370 1550 642 1625 τιθέμενοι
694 1564 788 1612 τοῦ
826 1551 1020 1629 λα.μοῡ
1086 1552 1395 1611 ἀπολαύσει.
1457 1554 1650 1612 ’[στέον
1712 1553 1893 1629 μέντοι
1948 1553 2021 1616 ὡς

367 1639 405 1706 ἡ
463 1641 575 1696 θεία
640 1643 822 1723 Γραφὴ
876 1643 943 1701 τὰ
1005 1646 1236 1723 φυσικῶς
1279 1643 1462 1701 ἐνόντα
1516 1657 1634 1707 τοῖς
1704 1643 2019 1720 ἀνθρώποις,

2103 574 2336 636 nissimi
2362 575 2457 637 isti
2480 574 2659 637 etiam
2682 576 3012 638 maledictis
3028 575 3334 637 incessere
3349 592 3467 635 non
3484 577 3741 635 cessant.

2101 662 2173 724 Et
2200 664 2397 743 angeli
2426 664 2669 745 quidem
2703 666 2814 727 hoc
2844 666 3044 726 modo.
3086 688 3109 722 ‹
3146 664 3219 727 At
3241 663 3336 725 isti
3365 661 3543 725 veluti
3572 659 3746 722 bruta

2102 753 2489 830 irrationalia,
2507 779 2533 809 ι»
2559 755 2673 816 hoc
2690 765 2777 816 est
2796 755 2923 815 solo
2946 773 3124 816 sensu
3144 753 3421 832 viventia,
3455 769 3572 812 non
3600 748 3742 810 item

2105 849 2305 903 mente
2332 850 2388 902 et
2419 843 2534 903 vita
2592 844 2979 906 intellectuali
3034 862 3048 906 :
3093 852 3332 923 propter
3378 838 3534 922 quod
3566 837 3745 899 etiam

2102 928 2275 989 facile
2304 930 2620 1010 capiuntur
2648 931 3155 1012 corruptibilibus,
3192 931 3250 992 id
3284 937 3374 992 est
3410 928 3743 989 circumac-

2104 1017 2263 1078 tione
2279 1018 2340 1078 in
2360 1018 2477 1081 vita
2493 1029 2768 1101 corrupta
2788 1042 2801 1082 :
2823 1020 3007 1082 animi
3022 1016 3518 1082 excandescentia
3537 1022 3745 1077 etcon-

2102 1108 2470 1188 cupiscentia
2488 1109 2601 1170 acti
2626 1118 2683 1171 et
2714 1109 2909 1181 tracti,
2944 1109 3003 1170 in
3031 1108 3124 1171 his
3153 1126 3283 1189 quae
3322 1107 3595 1186 ignorant
3621 1102 3747 1165 sive

2101 1196 2164 1257 in
2195 1205 2523 1277 spontanee
2554 1217 2658 1260 sua
2680 1199 3012 1279 ignorantia
3034 1199 3379 1278 ingerentes
3401 1193 3742 1268 maledicta,

2106 1285 2276 1364 digna
2292 1286 2405 1348 sibi
2421 1288 2756 1368 perditione
2771 1288 3395 1369 peribunt,referentes
3407 1282 3746 1346 mercedem

2106 1374 2411 1455 injustitiae
2448 1395 2623 1457 quam
2682 1376 3024 1458 cupiebant,
3072 1375 3132 1437 id
3184 1383 3297 1450 est,
3349 1374 3408 1435 id
3445 1370 3602 1454 quod
3634 1369 3750 1431 sibi

2103 1464 2513 1526 conciliarunt.
2558 1490 2583 1521 α
2617 1464 2729 1528 Pro
2758 1467 3057 1547 voluptate
3086 1465 3374 1529 ducentes
3402 1462 3454 1524 si
3481 1462 3544 1522 in
3587 1458 3748 1521 diem

2103 1552 2339 1615 deliciis
2373 1553 2665 1616 fruantur.
2704 1580 2731 1611 π
2766 1554 2829 1616 Id
2860 1573 3071 1617 revera
3089 1551 3746 1635 concupiscunt,veram

2104 1661 2171 1703 ac
2184 1642 2639 1705 desiderabilem
2659 1644 2921 1705 laetitiam
2935 1663 3004 1705 ac
3015 1644 3370 1725 voluptatem
3387 1635 3749 1725 ponentesin

368 1727 633 1804 τουτέστι,
678 1732 744 1787 τὰ
785 1732 858 1794 ὡς
920 1733 1074 1802 ζώοις
1131 1736 1312 1796 αὺτοῖς
1367 1728 2018 1812 ἐνυπάρχοντιηὲπειδὰν
2042 1730 3006 1812 3quotidianagutturisfruitione
3036 1724 3574 1809 Sciendumitaque
3590 1724 3748 1807 quod

372 1812 658 1898 διαϐάλλῃ,
691 1822 821 1898 πρὸς
863 1820 927 1877 τὰ
958 1818 1127 1898 ἄλογα
1183 1821 1313 1879 αὐτὰ
1367 1809 1647 1900 ἀφομοιοῖ,
1700 1843 1723 1877 α
1769 1809 2016 1897 ’Ἄνθρω-

2107 1809 2268 1882 sacra
2288 1809 2593 1902 Scriptura
2610 1822 2845 1902 quando
2867 1822 3088 1903 aliquid
3112 1818 3599 1902 reprehendit,ea
3618 1833 3750 1896 quas

371 1926 494 1980 πος,
527 1907 818 1986 φάσκουσα,
866 1906 921 1964 ἓν
964 1915 1094 1986 τιμῇ
1135 1909 1209 1967 ὢν
1251 1910 1310 1965 οὗ
1340 1914 1533 1977 συνῆκε
1567 1927 1581 1941 ·
1628 1906 2023 1989 παρασυνεϐλή-

371 1997 440 2061 θη
469 2009 588 2059 τοῖς
630 1998 847 2068 κτήνεσι
877 2011 994 2063 τοῖς
1035 1998 1280 2069 ἀνοήτοις
1313 2014 1327 2029 ⁸
1377 2022 1407 2055 ε
1453 2000 1563 2063 καὶ,
1619 2021 1643 2054 α
1702 1998 1792 2066 Μὴ
1822 1999 2023 2075 γίνεσθε

374 2085 451 2147 ὡς
480 2082 652 2149 ἵππος
700 2087 789 2144 καὶ
831 2087 1051 2163 ἡμίονος
1086 2107 1100 2121 '
1135 2109 1165 2146 ι
1214 2088 1302 2144 καί
1335 2105 1349 2121 ⁸
1402 2111 1429 2143 α
1480 2078 1671 2145 ’Ἰπποι
1700 2085 2025 2161 θηλυμανεῖς

373 2171 620 2252 ἐγένοντο
653 2192 669 2207 ·
705 2193 735 2233 ι
784 2178 893 2249 καὶ,
948 2200 967 2230 ι
1006 2178 1210 2233 Γίνεσθε
1238 2176 1482 2259 φρόνιμοι
1514 2179 1585 2243 ὡς
1614 2178 1662 2233 οἱ
1710 2175 1877 2257 ὄφεις,
1937 2177 2025 2232 καὶ

374 2263 614 2342 ἀκέραιοι
671 2265 746 2328 ὣς
807 2266 858 2321 αἱ
916 2268 1236 2346 περιστεραὶ,
1286 2290 1313 2322 ι
1375 2266 1436 2324 οὔ
1506 2275 1863 2342 μεταποιοῦτα
1930 2265 2024 2327 τας

371 2354 555 2433 φύσεις
614 2354 884 2435 φάσκουσα
944 2361 1129 2429 ταῦτα,
1194 2365 1364 2427 (τοῦτο
1405 2356 1506 2435 γὰρ
1560 2353 1858 2434 ἀδύνατον,)
1918 2352 2023 2410 ἀλ-

374 2442 446 2502 λὰ
500 2443 700 2500 τούτων
753 2443 848 2506 τὰς
907 2464 1130 2524 φυσικας
1200 2446 1387 2524 ὁρμὰς,
1462 2446 1555 2508 τὰς
1616 2444 1713 2519 μὲν
1769 2442 2023 2524 ἐκκλίνειν

374 2530 779 2612 παρακαλοῦσα,
826 2523 934 2587 τῶν
989 2529 1045 2587 δὲ
1101 2523 1388 2598 ἐπαινετῶς
1439 2534 1681 2614 ἔχεσθαι,
1744 2523 1918 2590 ’Ὀταν
1967 2529 2022 2588 δὲ

375 2620 642 2700 σωτήριόν
670 2642 720 2676 τι
743 2618 1080 2701 παραγγᾶλῃ,
1112 2624 1242 2702 πρὸς
1272 2624 1337 2680 τὰ
1365 2624 1583 2698 κρείττω
1609 2622 1708 2690 τὴν
1730 2621 2024 2696 ὁμοιότητα

375 2709 744 2791 παραπέμπει,
774 2711 849 2771 ὡς
879 2707 1004 2765 ὅταν
1055 2709 1207 2792 λέγῃ6
1263 2733 1287 2768 ε
1341 2712 1545 2769 Γίνεσθε
1576 2712 1921 2791 οἰκτίρμονες,
1951 2711 2024 2777 ὡς

370 2802 464 2857 καὶ
490 2802 521 2856 ὁ
565 2800 746 2877 Πατὴρ
765 2800 912 2854 ὑμῶν
942 2799 971 2854 ὃ
999 2799 1258 2879 οὐράνιος,
1287 2825 1314 2856 ι
1351 2798 1469 2857 ουδὲ
1500 2799 1715 2856 ἐνταῦθα
1744 2799 1843 2866 την
1873 2798 2025 2879 φύσιν

375 2895 762 2967 μεταποιοῦσα,
787 2884 908 2943 ἀλλ’
933 2884 1108 2956 ὅσονὴ
1128 2890 1283 2970 ἰσχὺς
1303 2887 1653 2950 ὑποϐάλλεται
1672 2888 1827 2945 τουτο
1848 2900 2023 2944 ποιεῖν

375 2976 847 3057 παρακελευομένη
859 3023 869 3034 .

2107 1908 2453 1971 naturaliter
2508 1910 2864 1991 contingunt
2916 1908 3284 1989 hominibus,
3335 1907 3450 1969 hoc
3497 1911 3587 1967 est
3610 1919 3751 1991 qua;

2105 1997 2250 2078 ipsis
2307 2006 2583 2079 tanquam
2641 1999 2999 2062 animalibus
3053 1996 3354 2072 accidunt,
3381 1991 3577 2055 brutis
3605 1990 3750 2070 ipsis

2109 2086 2651 2169 assimilat,dicens:
2685 2088 3070 2164 uHomo,cum
3090 2087 3150 2148 in
3168 2087 3395 2147 honore
3415 2088 3597 2159 esset,
3629 2097 3748 2139 non

2110 2176 2810 2259 intellexit,comparatus
2824 2185 2914 2240 est
2934 2175 3223 2260 jumeutis
3251 2169 3569 2236 insensatis
3590 2170 3646 2219 *7
3672 2190 3687 2236 :
3721 2189 3747 2226 ι

2107 2272 2208 2326 et:
2253 2289 2276 2323 ιι
2313 2265 2401 2327 Ne
2430 2266 2559 2328 sitis
2590 2275 2867 2349 tanquam
2917 2285 3107 2347 equus
3135 2273 3194 2326 et
3215 2262 3414 2326 mulus
3462 2261 3605 2333 ¹8ςη
3644 2268 3697 2320 et
3736 2276 3749 2320 ε

2113 2378 2137 2409 α
2166 2352 2315 2435 Equi
2341 2355 2704 2418 insanientes
2732 2356 2793 2417 in
2828 2355 3105 2417 femellas
3138 2352 3276 2417 facti
3306 2359 3443 2413 sunt
3462 2349 3611 2425 l9;»
3650 2355 3741 2409 et:

2113 2467 2135 2500 ι
2167 2443 2369 2506 Estote
2400 2442 2722 2525 prudentes
2771 2447 2925 2507 sicut
2969 2451 3302 2525 serpentes,
3347 2449 3407 2503 et
3443 2436 3747 2520 simplices

2104 2532 2257 2593 sicut
2286 2532 2685 2604 columbae”;
2710 2560 2738 2592 ι»
2765 2553 2883 2596 non
2903 2534 3059 2615 quod
3091 2533 3218 2594 hac
3246 2530 3456 2592 dicens
3476 2528 3745 2590 immutet

2107 2630 2372 2696 naturas,
2408 2642 2548 2685 nam
2581 2623 2639 2685 id
2672 2622 3043 2705 impossibile
3072 2631 3183 2701 est,
3208 2620 3313 2683 sed
3344 2617 3548 2681 invitat
3564 2616 3749 2694 uthas

2108 2710 2346 2791 quidem
2379 2713 2680 2775 naturales
2708 2714 2973 2795 ipsorum
3014 2708 3429 2772 inclinationes
3457 2705 3745 2795 devitent,

2108 2799 2242 2860 illas
2284 2818 2422 2861 vero
2453 2794 2802 2867 naturaliter
2848 2801 3302 2882 amplectentur.
3336 2794 3584 2870 Quando
3610 2811 3749 2856 vero

2107 2888 2362 2951 salutare
2379 2891 2601 2973 aliquid
2623 2892 2907 2973 praecipit,
2943 2888 3394 2952 similitudinem
3408 2885 3482 2948 ad
3504 2883 3748 2946 meliora

2109 2979 2493 3042 transmittit:
2514 2983 2812 3044 sicutcum
2834 2980 2979 3043 dicit
3010 2997 3025 3042 :
3068 2978 3300 3040 «Estote
3331 2973 3748 3038 misericordes

371 3056 533 3129 sicut
560 3072 621 3128 et
671 3068 846 3131 Pater
890 3064 1147 3134 cmlestis
1174 3065 1249 3141 9i,
1294 3090 1315 3124 ιι
1361 3085 1436 3129 ne
1482 3065 1579 3128 hic
1609 3062 1852 3147 quidem
1911 3074 2186 3135 naturam
2245 3076 2683 3146 tuansmotans,
2745 3078 2846 3134 sed
2904 3074 3191 3152 quantum
3249 3066 3432 3127 virtus
3482 3056 3747 3144 suggerit

378 3156 495 3218 hoc
525 3156 725 3219 facere
755 3159 1126 3241 pracipiens.

467 3270 494 3302 α
542 3245 739 3302 ΣπῖλΟι
790 3250 877 3305 καὶ
920 3256 1124 3330 μῶμοι,
1172 3249 1546 3328 ἐντρυφῶντες,
1610 3247 1663 3304 ἐν
1706 3261 1827 3311 ταῖς
1870 3247 2015 3303 ἀπά-

2179 3245 2254 3321 Il,
2294 3246 2502 3312 13-16.
2537 3249 2723 3312 Labcs
2752 3268 2823 3313 ac
2863 3250 3115 3314 macula:
3141 3247 3524 3312 convivantes
3555 3244 3620 3304 in
3647 3258 3746 3302 er-

374 3356 492 3401 ταις
588 3338 761 3394 αὐτῶν
868 3338 1324 3419 συνευωχούμενοι
1437 3337 1586 3412 ὑμῖν.
1692 3336 2021 3416 Ὀφθαλμοὺς

378 3424 600 3506 ἔχοντες
699 3426 918 3500 μεστοὺς
1016 3424 1328 3507 μοιχαλίδος
1413 3427 1501 3483 καὶ
1589 3427 2024 3487 ἆκατκπαύστους

375 3514 661 3594 ἁμαρτίας.
744 3512 1085 3585 Δελεαίζοντες
1155 3516 1336 3595 ψυχὰς
1395 3514 1762 3595 ἀστηρίκτους,
1817 3513 2026 3592 καρδίαν

378 3600 824 3682 γεγυμνασμένην
877 3602 1177 3669 πλεονεξίας
1247 3603 1487 3685 ἔχοντες.
1552 3605 1790 3683 Κατάρας
1847 3603 2024 3663 τέκνα.

382 3690 777 3754 Καταλιπόντες
820 3692 920 3759 τὴν
961 3695 1166 3750 εὐθεῖαν
1221 3690 1339 3750 ὁδὸν
1399 3692 1793 3764 ὶπΑανήθησαν,
1841 3693 2030 3759 ἐξακο-

382 3781 737 3850 λουθήσαντες
762 3785 832 3857 τῇ
862 3779 967 3856 ὁδῷ
1016 3788 1108 3838 τοῦ
1164 3782 1386 3857 Βαλαὰμ
1435 3789 1527 3838 τοῦ
1566 3785 1754 3861 Βοσὸρ,
1789 3784 1848 3846 ὃς
1880 3783 2031 3858 μιθον

382 3869 587 3933 ἀδικίας
656 3868 962 3951 ἠγαπησεν,
1020 3868 1220 3949 ἔλεγξιν
1274 3869 1329 3927 δὲ
1399 3869 1561 3951 ἔσχεν
1642 3869 1770 3935 ἰδίας
1854 3891 2028 3949 παρα-

380 3960 596 4035 νομίας.
690 3949 1001 4035 ’Υποζύγιον
1098 3958 1306 4037 ἄφωνον
1387 3959 1442 4016 ἐν
1466 3949 1498 3951 Α
1525 3959 1799 4039 ἀνθρώπου
1881 3964 2033 4040 φωνῇ

379 4044 737 4129 φθεγξάμενον
808 4046 1039 4106 ἐκώλυσε
1108 4049 1208 4116 τὴν
1259 4056 1353 4105 τοῦ
1419 4050 1689 4128 προφήτου
1751 4070 2028 4131 παραφρο-

380 4137 568 4204 σύνην,
621 4159 650 4191 ι

469 4248 499 4281 α
554 4223 755 4283 Σπῖλοι
811 4226 901 4283 καὶ
957 4232 1158 4303 μῶμοι.
1212 4251 1237 4282 ε
1298 4229 1369 4286 Τὸ
1428 4225 1549 4296 ἑξῆς
1592 4225 1728 4284 οὕτω
1763 4242 1776 4257 ⁸
1836 4225 2029 4284 Σπῒλοι

382 4320 567 4392 μῶμοι
638 4312 852 4393 καρδίαν
922 4316 1359 4393 γεγυμνασμένην
1412 4315 1731 4382 πλεονεξίαις
1786 4313 2027 4395 ἔχοντες,

382 4403 647 4484 τουτέστι,
707 4401 791 4459 διὰ
860 4402 1159 4472 πλεονεξίας
1243 4405 1679 4484 γεγ›μνασμένην
1715 4422 1728 4435 ’
1799 4406 2031 4483 κατάρας

383 4494 543 4551 τέκνα
576 4508 590 4522 ⁸
666 4494 1122 4573 συνευωχούμενοι
1182 4497 1311 4570 ὑμῖν
1345 4515 1359 4529 '

384 4582 614 4661 πλήρεις
686 4581 996 4663 μοιχαλίδος
1079 4586 1167 4642 καὶ
1227 4585 1659 4647 ἀκαταπαύστους
1720 4583 1976 4660 ἁμαρτίας
2014 4605 2026 4617 ο

381 4670 682 4743 ὂιλεᾶζουσι
734 4673 915 4752 ψυχὰς
960 4672 1325 4753 ἀστηρίκτους,
1386 4674 1448 4736 ἃς
1492 4675 1578 4729 καὶ
1624 4672 1826 4734 Παῦλος
1883 4670 2032 4750 ἔλεγε

383 4760 699 4839 γυναικάρια
764 4762 1129 4842 σεσωρευμένα
1186 4763 1483 4840 ἁμαρτίαις,
1530 4765 1588 4820 Οἱ
1632 4760 1678 4818 δ’
1735 4762 1878 4820 aurei.
1936 4764 2031 4818 οὒ-

2105 3336 2347 3398 roribus
2368 3339 2498 3400 suis
2526 3338 2823 3401 insultant
2852 3338 3037 3415 vobis,
3070 3339 3268 3402 oeulos
3287 3335 3430 3397 545
3461 3331 3750 3394 habentes

2105 3424 2314 3505 plenos
2365 3425 2678 3503 adulterae,
2727 3438 2785 3491 et
2823 3431 2927 3508 qui
2972 3449 3011 3490 a
3059 3438 3304 3510 peccato
3346 3437 3582 3488 cessare
3620 3436 3749 3510 _ne—

2109 3515 2333 3588 sciant,
2367 3516 2708 3580 inescantes
2760 3519 3004 3581 animos
3032 3508 3372 3588 iitstabiles,
3402 3528 3509 3576 cor
3535 3508 3756 3571 haben-

2113 3610 2198 3664 tes
2248 3606 2647 3668 exercitatum
2696 3607 2953 3686 rapinis,
3011 3605 3421 3669 exsecrabiles
3475 3598 3614 3686 ﬁlii,
3647 3600 3757 3676 qui

2113 3691 2331 3754 relicta
2360 3701 2525 3755 recta
2555 3697 2656 3757 via
2682 3685 3064 3775 aberrarunt,
3089 3695 3284 3758 secuti
3301 3693 3465 3755 viam
3500 3685 3756 3749 Balaam

2112 3780 2233 3860 ﬁlii
2265 3783 2470 3858 Basor,
2501 3785 2614 3863 qui
2640 3786 2968 3848 mercedem
3000 3783 3348 3866 iniquitatis
3373 3778 3615 3848 dilexit,
3649 3775 3756 3866 seet

2114 3872 2483 3952 redargutus
2533 3873 2654 3952 fuit
2713 3875 2788 3937 de
2834 3893 2949 3937 sua
2997 3863 3330 3956 iniquitate
3384 3870 3441 3921 19
3472 3889 3486 3930 :
3523 3863 3758 3956 animat

2113 3959 2430 4042 subjugale
2457 3969 2691 4026 mutum
2720 3965 2988 4027 humana
3013 3954 3147 4028 voce
3175 3966 3425 4044 loquens
3447 3954 3758 4040 prohibuit

2110 4050 2414 4130 prophetae
2435 4051 2877 4132 insipientium.

2202 4227 2424 4291 aLabes
2460 4247 2529 4291 ac
2586 4232 2851 4295 maculae.
2891 4257 2916 4290 ι
2947 4230 3108 4295 Ordo
3129 4230 3209 4292 ita
3236 4228 3489 4292 sumitur
3524 4246 3538 4286 :
3577 4223 3761 4285 Labes

2112 4334 2182 4377 ac
2209 4318 2455 4381 maculae
2484 4338 2590 4381 cor
2620 4320 2907 4384 habentes
2959 4321 3343 4384 exercitatum
3375 4315 3623 4397 rapinis,
3649 4313 3761 4373 hoc

2114 4413 2340 4487 est,per
2351 4407 2586 4489 rapinas
2605 4407 3425 4486 exercitatom,exsecrabiles
3442 4401 3762 4476 tilii,insul-

1444 4493 1740 4573 ὀφθαλμοὺς
1812 4493 1879 4573 ’ἐχ
1882 4516 2023 4558 οντες

2114 4502 2303 4557 tantes
2332 4497 2519 4572 vobis,
2556 4500 2759 4562 oculos
2820 4499 3106 4563 habentes
3138 4499 3345 4576 plenos
3368 4492 3670 4561 adulterae,
3705 4496 3763 4548 ct

2114 4583 2217 4664 qui
2246 4604 2280 4646 a
2321 4600 2564 4665 peccato
2616 4607 2850 4650 cessare
2882 4590 3149 4650 nesciant
3182 4608 3196 4648 :
3232 4587 3499 4647 inescant
3530 4579 3760 4640 animas

2113 4671 2447 4749 instabiles,
2481 4695 2627 4757 quas
2658 4686 2715 4739 et
2741 4677 2951 4739 Paulus
2970 4676 3116 4738 dixit
3141 4672 3521 4738 mulierculas
3541 4685 3723 4757 onera
3750 4701 3759 4709 -

2122 4770 2209 4822 tas
2241 4756 2520 4841 peccatis.
2560 4767 2741 4827 Porro
2772 4766 2833 4828 hi
2864 4766 2977 4846 ipsi
3019 4764 3226 4826 relicta
3257 4772 3413 4824 recto
3434 4759 3549 4829 via,
3582 4756 3756 4846 abcr-_

384 4870 469 4905 τοι
500 4845 884 4912 καταλιπόντες
928 4851 1132 4907 εὐθεῖαν
1198 4849 1316 4907 ὁδὸν
1370 4850 1741 4920 ἑπλανήθῆσαν
1810 4856 1879 4926 τῇ
1935 4848 2023 4924 ὁδιῖ

2118 4860 2325 4912 rarunt
2355 4870 2462 4933 per
2490 4852 2641 4915 viam
2669 4843 2902 4918 Balaam
2928 4854 3034 4917 filii
3067 4856 3273 4923 Bosor,
3310 4860 3367 4914 et
3396 4858 3633 4911 caetera.
3663 4843 3762 4908 Isti

385 4947 483 4996 τοῦ
511 4936 734 5012 Βαλαὰμ
774 4946 865 4994 τοῦ
899 4941 1085 5018 Βοσὸρ,
1121 4938 1208 4995 καὶ
1237 4938 1378 5007 ἑξῆς.
1427 4942 1487 4998 Οἱ
1515 4937 1560 4994 δ’
1605 4939 1754 4995 αὗταί
1795 4940 1893 4995 εἰσι
1923 4961 2023 5006 πη-

2118 4948 2315 5001 autem
2358 4951 2497 5002 sunt
2525 4941 2717 5005 fontes
2764 4963 2915 5024 aqua
2960 4951 3255 5015 carentes,
3310 4938 3543 5001 nebulae
3570 4953 3702 5016 quae
3731 4952 3763 4993 τι

385 5026 479 5103 γαί
518 5022 746 5104 ἄνυδροι,
805 5024 1017 5106 νεφέλαι
1059 5028 1160 5083 ὑπὸ
1201 5025 1459 5090 λαίλαπος
1517 5026 1881 5102 ἐλαυνόμεναι,
1941 5049 2023 5083 και

2121 5028 2382 5107 procella
2409 5030 2700 5106 feruntur,
2734 5022 2851 5095 etc.
2896 5034 2971 5095 Et
2997 5050 3172 5114 quam
3204 5033 3282 5092 ob
3315 5046 3552 5091 causam
3573 5026 3764 5100 caligo

388 5114 538 5184 ἑξῆς,
586 5115 687 5172 Καὶ
734 5114 872 5179 τίνος
925 5115 1084 5195 χάριν
1131 5117 1159 5172 ὃ
1207 5116 1365 5195 ζόφος
1425 5116 1569 5173 αὐτοὶ
1621 5115 1898 5172 ἀπόκειται
1961 5117 2023 5179 είς

2117 5117 2264 5198 ipsis
2283 5123 2541 5200 reposita
2562 5129 2649 5182 est
2664 5121 2725 5183 in
2750 5122 2944 5183 futuro
2966 5122 3181 5184 szeculo
3196 5120 3227 5181 ?
3246 5126 3488 5198 promer
3513 5117 3762 5177 immen-

385 5204 481 5260 τὸν
512 5200 776 5276 μέλλοντα
805 5204 1015 5283 eiiciam;
1065 5206 1163 5260 Διὰ
1222 5205 1321 5272 τὴν
1373 5205 1661 5285 ὑπέρογκον
1718 5204 1891 5261 αὐτῶν
1921 5227 2023 5280 μα-

2120 5224 2243 5267 sam
2276 5225 2483 5268 eorum
2533 5210 2870 5291 vanitatem,
2897 5229 3002 5292 per
3030 5228 3205 5292 quam
3238 5209 3508 5271 inescant
3529 5222 3632 5267 eos
3662 5200 3764 5285 qui

387 5291 670 5365 ταιότητα,
700 5288 772 5347 δι’
800 5292 864 5359 ἧς
923 5290 1218 5364 δελεάζουσι
1260 5294 1381 5357 τοὺς
1424 5296 1545 5373 πρὶν
1584 5296 1639 5350 ἓν
1696 5292 1871 5370 πλάνῃ
1903 5293 2023 5350 ἀνα-

2122 5294 2284 5374 prius
2312 5296 2373 5357 in
2423 5316 2628 5362 errore
2684 5288 3014 5361 conversati
3049 5288 3317 5375 fuerant,
3352 5305 3411 5360 et
3438 5297 3597 5358 hunc
3628 5310 3765 5353 vere

388 5379 735 5461 στραφέντας,
816 5382 905 5437 καὶ
986 5379 1150 5445 ὅντως
1217 5383 1413 5449 ταύτην
1494 5383 1880 5463 ἀποφυγόντας,
1985 5381 2023 5438 ἐκ

2121 5384 2503 5465 aufugerant:
2532 5398 2591 5449 ut
2608 5406 2714 5469 per
2734 5387 3132 5469 impudicitias
3163 5395 3223 5449 et
3249 5383 3766 5467 concupiscentias

387 5467 658 5549 ἀσελγίαις
713 5470 800 5526 καὶ
855 5468 1148 5548 ἐπιθυμίαις
1228 5472 1420 5549 σαρκὸς
1503 5474 1578 5538 ὡς
1657 5472 1786 5529 κύνα
1839 5470 1926 5527 ἐπὶ
1979 5474 2023 5527 τί

2123 5473 2339 5548 carnis,
2374 5476 2435 5538 in
2462 5467 2701 5539 modum
2733 5467 2897 5540 canis
2914 5479 2986 5540 all
3011 5495 3183 5553 suum
3204 5476 3486 5539 vomitum
3515 5489 3767 5536 conver-

387 5716 426 5784 6
452 5633 701 5801 :zqzsal.
731 5653 942 5715 nun,
982 5636 1081 5703 3'7.
1127 5638 1184 5683 ¹⁸
1209 5641 1366 5706 Psal.
1399 5656 1563 5719 xui,
1595 5639 1654 5702 9.
1702 5636 1757 5683 19
1777 5640 2005 5704 iorem.

2130 5643 2194 5705 8.
2241 5643 2301 5696 ³ο
2341 5643 2548 5711 Matth.
2600 5663 2660 5727 ι,
2699 5650 2772 5712 16
2799 5640 2848 5686 ²¹
2883 5648 3027 5714 Luc.
3062 5663 3137 5727 νι,
3169 5645 3271 5713 26.
3316 5645 3373 5692 ³³
3407 5645 3582 5719 Num,
3615 5658 3765 5719 nn,
