4192 6212
441 304 557 376 603

1571 324 1979 385 (ECUMENII
2001 382 2004 387 ,
2025 319 2320 384 TRICCE
2365 326 2700 391 EPISCOPI

3686 328 3803 393 604

437 458 654 514 tantur.
711 452 855 527 Quae
886 467 1083 518 autem
1143 455 1204 517 in
1271 455 1467 518 medio
1519 464 1841 537 ponuntur,
1872 457 2067 519 horun

2171 451 2305 513 ἴδιον
2333 456 2561 537 εξέραμα
2590 461 2924 540 ὶπιστρέψαι.
2969 463 3046 522 Τὰ
3085 460 3140 519 δὲ
3196 461 3388 539 μεταξὺ
3446 462 3540 532 τῆς
3583 463 3809 539 ματαιό-

435 542 751 604 vanitatem
806 544 1113 606 enuntiant
1161 562 1230 606 ac
1280 545 1657 607 conﬁrmant.
1726 571 1749 600 «ο
1793 546 1980 609 Labes
2007 563 2077 606 ac

438 631 742 693 maculas.»
776 630 931 694 Nihil
956 632 1263 707 habentes,
1296 633 1516 715 inquit,
1550 634 1705 716 quod
1733 634 1790 695 in
1825 634 2076 715 puritate

436 718 615 781 ﬁxum
648 720 742 795 sit,
768 721 871 782 sed
898 728 1176 803 tanquam
1195 721 1361 785 labes
1384 723 1440 784 in
1461 723 1809 785 vestimento
1827 723 2070 797 mundo,

433 806 711 870 diuturna
734 815 1180 873 conversatione
1210 811 1577 876 inhaerentes
1609 822 1667 874 et
1690 813 1888 874 omnia
1917 832 2076 874 com-

434 897 984 962 maculanteszcum
1018 900 1246 982 aliquos
1275 902 1665 976 avocaverint,
1701 911 1760 964 et
1782 901 2079 983 potuerint

431 984 763 1064 impudicos
792 989 1029 1052 efﬁcere
1058 1008 1183 1066 eos,
1217 991 1318 1071 qui
1350 1010 1467 1052 una
1492 993 1992 1073 versantur,viros
2007 1011 2076 1054 ac

428 1073 732 1151 mulieres,
796 1076 855 1137 id
911 1078 1129 1140 factum
1187 1079 1437 1141 delicias
1483 1080 1874 1156 arbitrantur,
1908 1100 2073 1143 suam

431 1162 735 1241 explentes
786 1165 1082 1229 lasciviam
1128 1187 1141 1231 :
1181 1168 1285 1230 sed
1320 1176 1377 1229 et
1425 1169 1826 1241 convivantes,
1860 1168 2073 1249 inquit,

429 1269 548 1311 una
565 1252 889 1337 vobiscum,
916 1275 1034 1317 non
1056 1275 1124 1318 ex
1164 1256 1505 1328 dilectione,
1537 1266 1637 1321 aut
1659 1259 1813 1339 quod
1847 1258 1969 1321 sale
1993 1267 2078 1333 (ut

427 1339 613 1419 aiunt)
640 1342 1019 1424 participent,
1043 1347 1156 1407 hoc
1199 1347 1422 1408 faciunt
1447 1366 1460 1409 :
1482 1348 1586 1409 sed
1613 1357 1677 1408 ut
1703 1356 1934 1427 tempus
1967 1350 2077 1410 hoc

2158 566 2319 611 τητος
2362 550 2561 606 τούτων
2605 551 2949 631 ἐξαγγελτικά
3015 556 3104 610 καὶ
3150 554 3467 615 πιστωτικά.
3526 577 3549 610 ε
3616 551 3809 611 Σπτλοι

2157 636 2245 691 καὶ
2275 642 2474 712 μῶμοι.
2516 663 2543 694 ι
2577 639 2759 718 Οὑδὲν,
2802 643 2984 723 φησὶν,
3038 641 3258 724 ἔχοντες
3285 644 3639 722 καθαρότητος
3669 642 3808 723 ἑχό-

2159 746 2340 805 μενον,
2374 726 2496 784 ἀλλ’
2550 732 2623 793 ὼς
2667 729 2852 787 σπῖλοι
2896 729 2949 788 ἰν
3002 734 3196 808 ίματίῳ
3245 735 3455 809 καθαρῷ
3495 737 3563 810 τῇ
3616 731 3808 810 ἀκραι-

2157 827 2280 895 φνεῖ
2336 814 2576 891 πολιτείᾳ
2643 820 2984 899 επιφυόμενοι
3053 822 3141 878 καὶ
3223 822 3397 879 πάντα
3454 821 3807 900 μωμώμενοι,

2158 902 2369 961 ἐπειδὰν
2423 906 2775 978 ἀποστήσωσί
2845 932 3015 989 τινας,
3076 910 3163 967 καὶ
3205 906 3491 976 δυνηθῶσιν
3559 908 3808 988 ἀσελγεῖς

2157 992 2275 1054 τοὺς
2358 996 2609 1060 συνόντας
2680 995 2866 1076 ἄνδρας
2922 999 3011 1055 καὶ
3063 1012 3319 1076 γυναῖκας
3389 997 3804 1076 παρασκευάσαι,

2157 1082 2354 1161 τρυφὴν
2407 1085 2657 1162 ἡγοῦνται
2735 1088 2798 1142 τὸ
2877 1093 3120 1167 πρᾶγμα,
3198 1086 3628 1166 ἀποπληροῦντες
3709 1086 3809 1154 τὴν

2161 1170 2354 1227 ἑαυτῶν
2425 1172 2728 1252 ἀσέλγειαν,
2782 1173 2918 1232 ἀλλά
2970 1178 3059 1233 καὶ
3115 1176 3566 1256 συνευωχόυμενοί
3621 1197 3805 1255 φησιν,

2156 1260 2305 1333 ὑμῖν,
2341 1264 2400 1319 οὒ
2426 1259 2493 1317 δι’
2536 1262 2751 1340 ἀγάπην
2782 1267 2869 1321 καὶ
2898 1267 2959 1322 τὸ
2989 1262 3410 1341 μεταλαμϐάνειν
3470 1263 3613 1321 ἀλῶν
3653 1270 3809 1320 τοῦτο

2158 1354 2416 1421 ποιοῦσιν,
2475 1349 2608 1405 ἀλλὰ
2677 1349 2761 1407 διὰ
2814 1354 2876 1408 τὸ
2929 1355 3110 1432 καιρὸν
3172 1354 3421 1431 εὑρίσκειν
3475 1354 3631 1409 τοῦτο
3681 1351 3809 1407 ἐπι-

428 1438 628 1508 aptum
646 1431 941 1495 inveniant
966 1434 1469 1515 deceptioniapud
1498 1436 1797 1497 mulieres.
1820 1436 1892 1498 Hi
1913 1437 2067 1499 enim

2157 1433 2368 1504 τήδειον
2398 1442 2497 1503 τῆς
2530 1441 2654 1518 πρὸς
2683 1456 2940 1517 γυναῖκας
2971 1431 3204 1508 ἀπάτης.
3251 1443 3405 1499 Οὗτοι
3456 1442 3555 1519 γὰρ
3606 1437 3804 1520 ὀφθαλ-

428 1534 563 1609 curn
593 1520 798 1582 oculos
847 1521 1125 1603 habeant,
1179 1524 1325 1585 nihil
1363 1524 1521 1587 aliud
1555 1524 1862 1588 intuentur
1899 1545 2067 1607 quam

2163 1526 2293 1600 μοὺς
2338 1523 2575 1607 ἔχοντες,
2638 1527 2783 1587 οῦδὲν
2837 1528 2967 1586 ἄλλο
3022 1528 3299 1606 βλέπουσιν
3369 1529 3406 1598 ἢ
3464 1527 3806 1609 μοιχαλίδας.

428 1606 749 1699 adulteras,
777 1620 835 1672 et
852 1611 910 1671 in
932 1612 1046 1673 hoc
1070 1613 1439 1675 incessanter
1461 1606 2067 1695 peccantes,lanquarr

2166 1612 2270 1670 Καί
2327 1615 2382 1670 ὲν
2435 1617 2605 1691 τούτῳ
2660 1618 3076 1682 ἀκαταπαύστως
3121 1620 3505 1699 ἁμαρτάνοντες
3561 1621 3635 1682 ὼς
3703 1640 3807 1699 κα-

428 1695 971 1786 ﬁliieXsecrationis
983 1705 1105 1763 sive
1120 1703 2067 1773 exset-rabiles,animasinstabile:

2165 1703 2323 1781 τάρας
2379 1704 2561 1776 τέκνα,
2648 1709 2827 1786 ψυχὰς
2912 1695 3244 1779 δελεάζουσιν.
3306 1708 3666 1786 ἀστηρίκτους.
3742 1696 3806 1763 Ἠ

429 1783 718 1849 inescant.
780 1788 895 1849 Cor
945 1808 1199 1871 namque
1262 1791 1521 1870 ipsorum
1576 1794 1648 1852 ad
1703 1793 1850 1854 nihil
1906 1794 2063 1855 aliud

2162 1779 2260 1868 γὰρ
2309 1790 2489 1870 καρδία
2542 1798 2637 1853 αὖτ
2654 1779 2900 1875 ῦνηπρὸς
2943 1794 3090 1855 οὗδὲν
3144 1795 3276 1853 ἄλλο
3317 1797 3351 1864 ἢ
3407 1779 3537 1874 πρὸς
3606 1794 3800 1853 πλεον-

429 1890 599 1964 quam
634 1875 705 1935 ad
742 1878 1123 1956 cupiditatem
1178 1880 1559 1941 exercitatum
1593 1882 1844 1962 est,sive
1868 1884 2066 1964 impu-

2152 1878 2290 1945 εξίαν
2329 1880 2614 1950 ἐξήσκηται
2657 1882 2777 1950 ἤτοι
2820 1883 3120 1963 ἀσελγείας,
3181 1885 3218 1954 ἢ
3277 1887 3365 1943 καὶ
3415 1885 3701 1960 κτημάτων
3738 1883 3805 1940 δι’

426 1960 540 2052 dici
549 1963 795 2036 tiae,sive
812 1967 989 2028 etiam
1012 1968 1472 2048 possessionum.
1489 1960 1730 2049 propter
1749 1990 1880 2052 qua;
1895 1960 2067 2033 ambo

2152 1967 2288 2048 ἅπερ
2383 1970 2652 2052 ἀμφότερα
2761 1960 3141 2039 καταλιπόντες
3222 1975 3321 2041 τὴν
3403 1974 3807 2032 κατευθύνουσαν

426 2049 912 2134 derelinquentes
938 2058 1087 2118 viam
1111 2076 1242 2136 quae
1267 2076 1369 2119 eos
1395 2058 1467 2119 ad
1490 2059 1740 2120 salutem
1766 2049 2067 2140 dirigeret,

2157 2060 2341 2124 αὑτοὺς
2427 2049 2499 2123 εἰς
2583 2063 2843 2141 σωτηρίαν
2914 2059 3054 2138 ὁδὸν,
3131 2062 3503 2132 ἐπλανήθησαν
3587 2063 3805 2137 ταύτης,

424 2141 575 2232 6467
594 2142 666 2203 ab
700 2143 809 2205 hac
857 2144 1282 2208 aberraverunt
1315 2166 1328 2207 :
1361 2146 1641 2229 idemque
1686 2148 1803 2210 il'is
1835 2148 2067 2228 contigit

2157 2151 2348 2207 ταῦτὸν
2388 2150 2641 2212 παθόντες
2668 2158 2746 2225 τῷ
2776 2151 2999 2227 Βαλαὰμ
3053 2159 3144 2210 τοῦ
3190 2152 3370 2232 βοσόρ.
3431 2149 3579 2209 Ἐπεὶ
3609 2151 3807 2208 κάκεῖ-

424 2231 581 2310 quod
615 2233 850 2294 Balaam
886 2234 1005 2295 ﬁlio
1033 2236 1526 2317 anor,quoniam
1564 2247 1621 2299 et
1642 2238 1741 2299 ille
1759 2239 1834 2299 ob
1862 2256 2067 2300 mune-

2160 2258 2250 2299 νος
2293 2233 2377 2298 διὰ
2445 2236 2755 2316 δωροδοκίαν
2814 2242 2998 2315 μισθὸν
3040 2237 3241 2297 ἀδικίας
3288 2231 3588 2319 ἠγάπησεν,
3648 2236 3807 2317 ’ἐλεγ-

424 2336 553 2409 rum
583 2320 951 2398 largitionem
977 2323 1185 2386 dilexit
1208 2325 1546 2387 mercedem
1575 2326 1905 2404 iniquitatis
1931 2344 1945 2389 :
1971 2325 2067 2388 sed

2161 2322 2234 2389 ειν
2266 2324 2320 2381 δὲ
2362 2330 2461 2393 τῆς
2504 2324 2631 2393 ἰδίας
2672 2330 2998 2405 παρανομίας
3061 2327 3245 2409 ἔσχεν,
3303 2329 3577 2406 ὑποζύγιον
3648 2327 3803 2407 ἄφω-

423 2408 905 2487 redargutionem
960 2412 1166 2475 habuit
1225 2413 1302 2474 de
1358 2433 1463 2475 sua
1495 2414 1827 2495 iniquitate,
1861 2433 2067 2495 nempe

2162 2436 2268 2487 vov,
2358 2415 2386 2470 ὃ
2456 2415 2510 2471 ἐν
2578 2416 2847 2492 ἀνθρώπου
2913 2424 3063 2497 φωνῇ
3133 2408 3502 2498 φθεγξάμενον,
3574 2414 3803 2473 ἐκώλυσε

422 2498 639 2562 animal
704 2501 1017 2582 subjugale
1074 2512 1331 2577 mutum,
1398 2505 1556 2585 qnod
1640 2506 1897 2566 humana
1937 2526 2067 2570 voce

2160 2502 2258 2569 τὴν
2324 2512 2419 2561 τοῦ
2499 2507 2772 2585 προφήτου
2848 2507 3223 2587 παραφρονίαν.
3300 2505 3582 2564 Κάντεῦθεν
3635 2504 3804 2562 τοίνυν

423 2587 675 2669 loquens
707 2591 1010 2670 prohibuit
1044 2593 1353 2673 prophetze
1379 2593 1807 2673 insipientiam.
1842 2592 1910 2655 Et
1945 2596 2067 2657 hinc

2162 2592 2490 2668 μανθάνομεν
2546 2592 2626 2649 ὅτι
2683 2592 2766 2650 διὰ
2833 2597 2894 2651 τὸ
2972 2595 3286 2675 φιλάργυρον
3341 2595 3497 2652 αὑτοῦ
3552 2593 3715 2657 πάθος
3774 2596 3801 2649 ὁ

423 2695 561 2756 ergo
593 2678 878 2743 discimus
907 2682 1063 2762 quod
1097 2681 1329 2743 Balaam
1361 2690 1603 2762 propter
1631 2700 1754 2744 sua:
1782 2683 2067 2764 cupidita-

2165 2679 2406 2757 Βαλαὰμ,
2480 2680 2609 2762 ὅπερ
2672 2681 2757 2739 διὰ
2824 2689 2921 2751 τῆς
2981 2683 3272 2760 μανιώδους
3332 2684 3488 2742 αὑτοῦ
3553 2683 3799 2758 μαντείας

421 2766 496 2827 tis
511 2768 808 2846 aﬁ'ectum,
836 2790 1014 2853 quem
1047 2771 1255 2833 insana
1288 2790 1395 2832 sua
1417 2770 1834 2833 vaticinatione
1861 2772 2067 2848 alebat,

2164 2766 2396 2850 ἔτρεφεν,
2456 2770 2593 2836 ἅπαξ
2648 2771 2896 2839 κωλυθεὶς
2953 2775 3054 2830 ὑπὸ
3134 2780 3228 2830 τοῦ
3301 2778 3453 2843 Θεοῦ,
3538 2772 3601 2828 τὸ
3682 2770 3803 2828 δεύ-

424 2857 610 2919 semel
640 2876 674 2919 a
697 2862 817 2922 Deo
851 2860 1209 2941 prohibitus,
1245 2878 1481 2921 rursum
1518 2860 1589 2920 ad
1622 2860 1793 2921 Balac
1826 2863 2067 2941 pertina-

2162 2879 2309 2937 τερον
2391 2858 2698 2940 φιλονείκως
2808 2866 3120 2943 πορευθῆναι
3229 2862 3359 2940 πρὸς
3455 2862 3546 2918 τὸν
3628 2858 3808 2917 Βαλὰκ

427 2945 579 3008 citer
605 2948 900 3028 proﬁcisci
926 2949 1282 3030 properabat
1307 2951 1436 3010 :setl
1466 2948 1570 3010 Dei
1596 2967 1809 3028 pavore
1843 2969 2067 3032 praepe-

2160 2950 2534 3028 κατηπείγετο,
2596 2952 2681 3007 καὶ
2749 2957 2827 3025 τῷ
2883 2950 3029 3031 φόϐῳ
3089 2961 3181 3010 τοῦ
3226 2957 3357 3008 Θεοῦ
3398 2947 3662 3024 πεδηθεὶς,
3718 2950 3807 3006 καὶ

420 3034 579 3098 ditus
606 3053 702 3109 ,ac
749 3038 1082 3099 terroribus
1113 3039 1213 3120 qui
1267 3038 1327 3099 in
1365 3037 1456 3099 via
1507 3038 1907 3117 contigerunt.
1940 3060 2067 3102 ver-

2161 3051 2280 3101 τοϊς
2311 3040 2445 3095 κατὰ
2492 3042 2588 3107 τὴν
2646 3038 2765 3097 ἔιδον
2816 3039 3044 3120 δείμασι,
3087 3042 3149 3096 τὸ
3207 3041 3352 3118 ῥῆμα
3407 3043 3508 3108 τῆς
3565 3036 3806 3118 εὔλογίας

422 3123 560 3185 bum
577 3124 1019 3189 benedictionis
1032 3147 1146 3190 non
1167 3127 1681 3207 immutavit,quod
1698 3127 2067 3193 divinationis

2161 3131 2221 3186 οῦ
2261 3129 2641 3207 παρεποίησεν,
2674 3129 2803 3207 ὅπερ
2852 3135 2910 3189 οὔ
2951 3130 3047 3198 τῆς
3102 3130 3352 3205 μαντείας
3407 3129 3494 3199 ἧν,
3558 3127 3805 3205 (εἴπομεν

420 3232 538 3274 non
594 3224 721 3275 erat
760 3216 1045 3292 (diximus
1093 3217 1253 3277 enim
1325 3215 1744 3277 divinationem
1805 3217 2055 3296 proferri

2157 3219 2258 3296 γὰρ
2299 3218 2399 3285 τὴν
2443 3220 2690 3293 μαντείαν
2761 3218 3147 3296 ἐκμαινομένης
3204 3217 3547 3298 προφέρεσθαι
3618 3220 3803 3296 ψυχῆς

419 3303 655 3366 furente
701 3305 924 3381 animo,
962 3316 1021 3368 et
1057 3325 1190 3388 quae
1239 3307 1512 3369 dicantur
1566 3305 1933 3387 ignorante),
1967 3307 2067 3370 sed

2159 3310 2243 3365 καὶ
2281 3309 2571 3387 ἀγνοούσης
2640 3310 2706 3365 τὰ
2760 3307 3074 3388 λεγόμενα,)
3131 3305 3253 3363 ἀλλ’
3313 3311 3409 3373 τῆς
3450 3306 3800 3387 προφητείας.

420 3393 770 3473 prophetiae.
796 3394 1101 3477 Siquidem
1133 3396 1440 3478 prophetae
1464 3394 1792 3474 loquuntur
1815 3397 2067 3459 scientes

2156 3399 2216 3454 Oi
2286 3398 2385 3476 γὰρ
2440 3403 2718 3478 Δπροφῆται
2776 3397 3117 3466 ἐπιστάμενοι
3185 3393 3493 3475 φθέγγονται
3550 3394 3583 3448 ἃ
3638 3392 3802 3473 φθέγ-

420 3501 551 3561 quae
576 3476 913 3565 loquantur.
940 3486 1107 3551 Unde
1135 3476 1199 3550 et
1230 3476 1583 3568 praphetam
1606 3483 1800 3564 ipsum
1823 3486 2067 3562 vocavit,

2154 3509 2359 3564 γονται.
2411 3476 2575 3544 ’Ὅθεν
2604 3489 2691 3543 καὶ
2718 3489 3001 3568 προφήτην
3058 3485 3215 3542 αὑτὸν
3273 3481 3543 3561 ἐκάλεσεν,
3599 3484 3670 3545 ὡς
3713 3482 3802 3538 καὶ

421 3579 698 3653 tanquam
724 3575 1010 3639 scientem
1044 3598 1174 3659 quae
1204 3576 1453 3639 diceret.
1480 3578 1873 3655 Nequaquam
1911 3575 2069 3636 enim

421 3661 666 3723 meliora
697 3664 874 3744 elegit
931 3666 1212 3743 ignorans
1260 3685 1390 3748 quae
1441 3665 1718 3728 «liceret:
1779 3682 1895 3724 non
1931 3682 2070 3744 ergo

418 3747 796 3814 divinationis
823 3754 927 3816 fuit
951 3747 1311 3831 benedictio,
1335 3755 1439 3818 sed
1467 3755 1696 3817 virtutis
1731 3752 1865 3816 Dei.

496 3839 569 3921 Il,
604 3843 809 3904 {12%.
848 3845 955 3907 Isti
982 3855 1121 3908 sunt
1152 3848 1348 3924 fontes
1379 3863 1539 3925 aqua
1563 3851 1851 3918 carentes,
1884 3841 2071 3905 nebu-

413 3931 487 3993 la:
515 3951 649 4012 qua;
677 3955 714 3995 α
743 3937 1015 4014 procella
1068 3939 1376 4016 feruntur,
1430 3936 1649 4016 quibus
1675 3934 1871 4013 caligo
1900 3942 2067 3995 tene-

416 4021 667 4084 brarum
728 4030 792 4086 in
845 4026 1128 4088 saculum
1184 4032 1422 4089 serrata
1455 4032 1566 4089 est.
1613 4023 1935 4103 Siquidem
1966 4021 2071 4085 ubi

409 4108 680 4182 fastuosa
710 4116 1006 4176 vanitatis
1054 4114 1233 4177 verba
1279 4116 1624 4186 sonuerinl,
1669 4114 2069 4191 inescantper

414 4203 928 4280 concupiscenti/rs
952 4204 1162 4266 carnis
1189 4204 1250 4264 in
1273 4203 1664 4275 lusciriis,eos
1686 4201 1947 4281 quivere
1963 4217 2068 4261 au-

410 4289 841 4373 fugeranl,qui
869 4295 933 4355 in
981 4310 1189 4355 errore
1212 4291 1743 4369 conversabantur,
1775 4289 1915 4350 dum
1946 4288 2070 4350 illis

414 4379 759 4444 libertatem
779 4381 1163 4462 pollicentur,
1196 4399 1327 4443 cum
1360 4382 1476 4460 ipsi
1506 4386 1670 4441 servi
1696 4380 1824 4441 sint
1851 4396 2067 4441 corru-

2153 3574 2501 3650 ἔπιστάμενον
2543 3578 2576 3633 ἃ
2632 3575 2800 3655 λέγει.
2847 3578 2919 3635 Οὑ
2960 3576 3059 3654 γὰρ
3116 3571 3176 3630 ἂν
3230 3571 3284 3628 ἐν
3341 3570 3540 3649 ἐκλογῇ
3607 3569 3795 3649 γέγονε

2152 3671 2257 3721 τῶν
2286 3665 2623 3744 κρειττόνων,
2660 3665 2863 3744 ἀγνοῶν
2894 3666 2927 3722 ἃ
2955 3665 3257 3746 φθέγγεται.
3294 3664 3366 3721 Οὑ
3406 3665 3504 3728 τῆς
3548 3658 3798 3735 μαντείας

2151 3753 2320 3812 τοίνυν
2348 3756 2381 3822 ἦ
2415 3754 2646 3835 εὐλογία,
2681 3753 2817 3811 ἀλλά
2843 3757 2941 3821 τῆς
2973 3752 3242 3827 δυνάμεως
3274 3756 3366 3807 τοῦ
3403 3757 3558 3810 Θεοῦ.

2238 3866 2266 3899 α
2326 3844 2480 3901 Οὗτοί
2521 3834 2637 3900 εἰσιν
2676 3839 2846 3923 πηγαὶ
2902 3841 3134 3921 ἄνυδροι,
3193 3838 3403 3919 νεφέλαι
3444 3839 3547 3895 ὑπὸ
3603 3834 3798 3893 λαίλα-

2149 3954 2249 3996 πος
2313 3930 2678 4007 ἐλαυνόμεναι,
2754 3936 2838 3998 οἷς
2921 3935 2951 3990 ὁ
3019 3929 3177 4008 ζόφος
3245 3933 3338 3985 τοῦ
3420 3926 3640 3991 σκότους
3723 3926 3797 3990 εἷς

2151 4021 2316 4077 αίῶνα
2414 4022 2723 4101 τετήρηται,
2832 4007 3127 4100 ’Υπέρογκα
3229 4016 3329 4095 γὰρ
3439 4007 3796 4090 ματαιότητος

2149 4108 2515 4190 φθεγξάμενοι,
2616 4108 2943 4182 δελεάζουσιν
3040 4107 3096 4164 ἐν
3178 4103 3474 4180 ἐπιθυμίαις
3575 4105 3793 4182 σαρκὸς,

2149 4200 2202 4256 ὲν
2254 4197 2549 4278 ἀσελγείαις
2624 4201 2742 4263 τοὺς
2829 4200 2991 4262 ὄντως
3085 4193 3454 4276 ἀποφυγόντας
3536 4192 3657 4257 τοὺς
3738 4191 3794 4249 ἐν

2151 4288 2325 4365 πλάνῃ
2407 4288 2910 4370 ἀναστρεφομένους,
2997 4286 3290 4365 ἐλευθερίαν
3374 4286 3558 4346 αὐτοῖς
3617 4281 3794 4360 ἑπαγ-

2150 4377 2484 4457 γελλόμενοι,
2550 4380 2694 4435 αὐτοὶ
2749 4377 2921 4439 δοῦλοι
2999 4376 3328 4455 ὑπάρχοντες
3405 4373 3506 4439 τῆς
3574 4373 3790 4452 φθορᾶς.

407 4470 655 4546 plionis.
693 4459 1003 4551 Siquidem
1036 4489 1073 4534 α
1103 4489 1220 4552 quo
1250 4459 1391 4550 quis,
1418 4478 1740 4550 superatus
1769 4476 1876 4542 est,
1914 4468 2054 4529 huic

2150 4469 2200 4551 1.2
2256 4468 2357 4546 γάρ
2425 4489 2506 4530 τις
2577 4471 2821 4540 ἥττηται,
2898 4468 3070 4542 τούτῷ
3139 4466 3228 4522 καὶ
3305 4459 3656 4552 δεδούλωται..
3735 4460 3795 4518 Εἰ

409 4561 592 4621 etiam
623 4564 689 4622 in
719 4564 1069 4624 servitutem
1096 4570 1181 4623 est
1211 4560 1493 4622 addictus
1544 4558 1696 4623 Nam
1731 4560 1786 4619 si
1812 4563 2054 4637 postea-

409 4666 592 4728 quam
650 4652 999 4729 refugerant
1048 4651 1124 4711 ab
1180 4650 1656 4728 inquinamentis
1712 4645 1927 4708 mundi
1953 4663 2061 4725 per

408 4744 809 4817 cognitionem
875 4740 1120 4803 Domini
1148 4747 1206 4801 et
1254 4737 1600 4801 Salvatoris
1627 4735 1772 4797 Jesu
1804 4735 2054 4807 Christi,

409 4826 503 4888 his
525 4834 723 4891 tamen
746 4848 986 4891 rursum
1016 4828 1271 4890 involuti
1298 4833 1687 4906 superantur.
1713 4823 1880 4901 facta
1917 4828 2060 4884 sunt

410 4914 536 4976 illis
559 4925 865 4997 postrema
896 4921 1108 4998 peiora
1149 4916 1387 4996 primis.
1421 4914 1632 4977 Salius
1663 4918 1818 4974 enim
1852 4911 2067 4988 fuisset

403 4999 538 5068 illis
567 5025 689 5070 non
740 5008 1085 5088 cognovisse
1126 5009 1289 5067 viam
1330 5005 1803 5084 justitiw,quam
1835 5000 1940 5061 ubi
1969 5016 2068 5063 co-

402 5096 1044 5171 gnoverunt,converti
1066 5095 1139 5157 ab
1167 5093 1431 5175 eo,quod
1454 5092 1579 5154 illis
1599 5091 1901 5153 traditum
1918 5088 2059 5166 fuit,

402 5193 610 5248 sancto
638 5193 959 5266 praecepto.
1009 5183 1130 5247 Sed
1171 5184 1390 5247 accidit
1422 5181 1547 5243 illis
1565 5181 1722 5262 quod
1749 5195 1892 5242 vero
1920 5194 2057 5256 pro-

402 5276 605 5338 verbio
634 5277 760 5338 dici
786 5275 931 5338 solet
963 5297 976 5334 :
1014 5273 1201 5336 Canis
1239 5288 1516 5334 reuersus
1546 5269 1625 5331 ad
1652 5286 1828 5331 suum
1864 5267 2057 5346 ipsius

402 5367 713 5438 romitum,
745 5372 800 5427 et
827 5382 931 5426 sus
962 5365 1086 5424 lota
1109 5364 1187 5422 ad
1214 5359 1599 5423 volutabrum
1631 5357 1806 5418 rwni.

469 5452 710 5513 Interim
727 5452 865 5514 dum
886 5452 1068 5513 multa
1086 5448 1333 5510 dixisset
1352 5447 1646 5528 interquze
1659 5445 1835 5507 etiam
1850 5460 2053 5503 exem-

2139 4547 2239 4639 γάρ
2290 4556 2647 4636 ἀποφυγόντες
2691 4559 2757 4617 τὰ
2799 4552 3079 4633 μιάσματα
3138 4563 3230 4612 τοῦ
3295 4551 3499 4639 κόσμου
3541 4548 3597 4604 ἐν
3639 4547 3795 4626 ἐπιγ-

2138 4638 2293 4705 νώσει
2375 4655 2468 4705 τοῦ
2554 4646 2738 4726 Κυρίου
2810 4647 2899 4704 καὶ
2970 4648 3221 4723 Σωτῆρος
3309 4638 3484 4707 Ἰησοῦ
3544 4643 3790 4726 Χριστοῦ,

2139 4737 2342 4798 τούτοις
2399 4731 2474 4804 δὲ,
2554 4734 2713 4792 πάλιν
2785 4735 3147 4812 ἐμπλακέντες
3218 4732 3508 4801 ἡττῶνται,
3579 4725 3794 4805 γέγονεν

2153 4827 2332 4888 αὑτοῖς
2402 4825 2468 4881 τὰ
2536 4822 2742 4905 ἔσχατα
2799 4827 3016 4906 χείρονα
3058 4829 3160 4879 τῶν
3217 4818 3462 4906 πρώτωγ.
3539 4824 3792 4906 Κρξτττον

2150 4915 2250 4993 γὰρ
2292 4913 2359 4981 ἦν
2400 4901 2637 4985 αὐτοῖς*
2674 4915 2752 4991 μὴ
2802 4901 3173 4994 ’ἐπεγνωκέναι
3231 4908 3328 4976 τὴν
3378 4902 3500 4994 ῥδδν
3569 4903 3664 4970 τῆς
3707 4901 3793 4959 δι·

2149 4992 2454 5074 καιοσύνης,
2516 5001 2552 5070 ἢ
2601 4992 2952 5082 ὲπιγνοοῦσιν,
3020 4998 3329 5078 ἐπιστρέψαι
3350 4992 3433 5082 ﬁt
3614 5013 3793 5071 παρα-

2146 5088 2385 5157 δοθείσης
2430 5091 2612 5153 αὗτοτς
2651 5078 2802 5171 ἁγίας
2858 5078 3099 5159 ἐντολῆς,
3159 5079 3468 5160 Συμόέϐηκε
3511 5078 3567 5171 δὲ
3609 5083 3793 5171 αὐτοῖς

2142 5179 2206 5234 τὸ
2259 5182 2358 5246 τῆς
2410 5176 2635 5246 ἀληθοῦς
2702 5168 2997 5261 *παροιμίας
3032 5195 3045 5210 ⁸
3106 5177 3258 5237 Κύων
3328 5169 3649 5261 ἐπιστρέψας
3699 5168 3793 5261 ἐπὶ

2139 5267 2199 5323 τὸ
2230 5264 2369 5324 ἴδιον
2392 5264 2639 5347 ἐξέραμα,
2684 5272 2771 5329 καὶ
2793 5254 2861 5335 ’ῦς
2889 5267 3192 5345 λουσαμέκη
3220 5265 3294 5326 εἰς
3323 5259 3554 5336 κύλισμα
3593 5254 3791 5338 βορϐό-

2168 5378 2247 5418 ου.
2294 5379 2324 5413 ι

2137 5379 2661 5525 ροςῖίεέαξυλογήσας
2691 5444 2886 5528 πολλὰ,
2921 5446 2976 5505 ἐν
3007 5450 3093 5510 οἷς
3124 5445 3183 5501 τὸ
3209 5446 3303 5499 τοῦ
3347 5435 3572 5514 Βαλαὰμ
3612 5435 3791 5528 προη-

402 5540 560 5620 plum
590 5543 816 5604 Balaam
839 5540 1101 5611 adduxit,
1124 5556 1362 5599 rursum
1399 5525 1739 5598 sermonem
1757 5535 1829 5595 de
1848 5532 1925 5593 im
1936 5550 2049 5611 pu-

2150 5553 2293 5611 ταγεν
2374 5533 2690 5617 ὑπόδειγμα,
2776 5525 3068 5594 ἐπανέλαϐε
3136 5530 3297 5620 πάλιν
3348 5528 3461 5620 τὸν-
3511 5528 3649 5620 περὶ,
3679 5525 3785 5620 τῷν

401 5611 484 5693 ris
514 5630 811 5693 Gnosticis
857 5629 1203 5711 resumpsit,
1243 5625 1381 5687 547
1443 5634 1501 5687 et
1550 5630 1859 5704 comparat
1887 5623 2052 5704 ipsos

2150 5621 2437 5700 ἱκαθάρτων
2493 5611 2797 5699 γνωστίκῶν
2853 5622 3036 5707 λόγον.
3101 5623 3200 5684 Καὶ
3271 5616 3543 5689 ἀπεικάζει
3598 5611 3788 5707 αὑτοὺς
