4192 6212
461 351 576 414 607

1594 355 2003 416 OECUMENII
2047 355 2341 416 TRICCJE
2385 355 2718 419 EPISCOPI

3718 355 3838 422 608

461 484 717 558 litteras,
749 487 816 548 in
846 485 1066 566 quibus
1097 486 1416 549 exstimulo
1457 494 1712 550 vestram
1747 494 1810 548 in
1850 507 2095 552 commo-

2185 489 2492 571 ἐπιστολὴν,
2578 495 2632 549 ἐν
2701 497 2793 557 αἷς
2864 492 3100 574 διεγείρω
3168 497 3316 571 ὑμῶν
3402 495 3458 552 ἐν
3535 496 3833 570 ὑπομνήσει

455 577 691 637 nitione
745 579 1045 638 sinceram
1102 581 1365 638 mentem
1425 593 1440 636 :
1514 583 1581 639 ut
1627 595 1917 641 memores
1964 581 2102 642 sitis

460 663 778 726 verborum
814 683 948 746 quae
967 665 1262 744 praedicta
1297 672 1442 728 sunt
1460 683 1498 726 α
1519 671 1745 728 sanctis
1772 669 2098 748 prophetis,

460 757 518 814 et
544 759 822 832 prlecepti
849 754 1040 814 nostri
1092 758 1197 830 qui
1231 771 1440 815 sumus
1484 754 1740 833 apostoli
1775 756 2021 818 Domini
2047 765 2104 820 et

460 839 802 903 Saluatoris
841 844 982 903 Jesu
1017 859 1030 903 :
1067 841 1222 903 illud
1252 844 1518 920 primum
1549 845 1805 908 scientes
1826 855 2104 910 venturos

459 930 525 990 in
553 932 844 992 extremis
897 929 1110 992 diebus
1158 929 1438 993 illusores
1487 935 1592 1011 qui
1609 934 1793 1012 juxta
1823 939 2104 1016 proprias

458 1019 972 1098 concupiscentias
1000 1019 1314 1081 ambulent
1341 1029 1396 1081 et
1435 1021 1640 1084 dicunt
1676 1040 1688 1081 :
1729 1022 1843 1085 Ubi
1862 1027 2102 1105 estpol-

457 1105 713 1168 licitatio
740 1108 1038 1170 adven/us
1079 1109 1250 1187 ejus?
1274 1109 1576 1187 siquidem
1607 1129 1681 1174 ex
1709 1131 1826 1192 quo
1858 1116 1961 1177 die
1985 1135 2100 1196 pa-

457 1201 575 1257 tres
602 1196 1077 1278 obdormierunt,
1133 1203 1337 1259 omnia
1380 1200 1468 1260 sic
1496 1212 1849 1278 permanent
1879 1205 1954 1266 ab
1985 1206 2106 1267 ini-

455 1286 535 1346 tio
568 1289 922 1350 creationis.

537 1372 616 1434 Ex
644 1375 735 1436 his
757 1375 901 1436 duas
924 1393 1056 1437 esse
1073 1375 1360 1436 discimus
1384 1377 1686 1439 universas
1710 1379 1861 1442 Petri
1885 1381 2104 1462 episto-

463 1461 759 1524 las.Porro
781 1464 938 1544 quod
986 1464 1086 1536 ait,
1129 1464 1226 1526 «In
1259 1465 1474 1546 quibus
1505 1467 1816 1530 exstimulo
1849 1461 2100 1532 veStram

457 1552 515 1610 in
553 1553 1015 1615 commonitioue
1058 1554 1352 1616 sinceram
1388 1566 1710 1627 mentem,»
1750 1579 1855 1640 per
1882 1561 2102 1642 hyper-

2183 581 2281 648 τὴν
2338 581 2588 662 εἰλικρινῆ
2663 581 2918 664 διάνοιαν,
3019 587 3312 660 μνησθῆναι
3399 592 3504 642 τῶν
3572 607 3831 665 προειρη-

2185 670 2357 745 μένων
2410 671 2660 748 ῥημάτων
2720 674 2818 728 δπὶι
2861 681 2968 729 τῶν
3011 674 3172 752 ἁγίων
3229 682 3537 756 προφητῶν,
3595 675 3684 730 καὶ
3731 679 3830 741 τῆς

2184 761 2287 815 τῶν
2358 759 2667 817 ἀποστόλων
2756 764 2910 836 ἡμῶν
2993 761 3207 830 ἐντολῆς
3293 785 3386 820 του
3470 765 3662 842 Κυρίου
3744 765 3830 819 καὶ

2187 852 2436 926 Σωτῆρος
2471 864 2486 880 ⁶
2522 847 2699 916 Ἰησοῦ
2729 858 2882 908 τοῦτο
2922 873 3130 929 πρωτον
3161 853 3532 933 γινώωιοντες,
3563 850 3643 908 ὅτι
3678 850 3829 908 ἐλεύ-

2185 958 2369 992 πονται
2399 936 2484 993 ἐπ’
2515 937 2744 1017 ἐσχάτου
2795 947 2901 996 τῶν
2943 942 3155 1018 ἡμερῶν
3213 940 3504 1017 ἐμπαῖκται
3543 942 3679 999 κατά
3735 942 3826 1004 τὰς

2184 1022 2314 1086 ἰδίας
2349 1029 2518 1084 αὖτῶν
2549 1027 2820 1102 ἐπιθυμίας
2876 1030 3238 1110 πορευόμενοι,
3285 1032 3373 1086 καὶ
3420 1029 3688 1108 λέγοντες.
3724 1037 3828 1086 [Ion

2185 1111 2325 1168 ἔστιν
2352 1115 2386 1182 ἡ
2419 1113 2706 1192 ἐπαγγελία
2751 1121 2850 1182 τῆς
2905 1117 3188 1195 παρουσίας
3216 1117 3372 1174 αὒτοῦ
3406 1136 3422 1197 ς
3455 1115 3575 1195 Ἀφ’
3626 1117 3695 1182 ἧς
3728 1116 3827 1193 γὰρ

2185 1202 2232 1256 οἱ
2262 1201 2483 1280 πατέρες
2527 1202 2909 1278 ἐκοιμήθησαν,
2984 1206 3153 1262 πάντα
3211 1205 3376 1268 οὕτως
3445 1203 3674 1280 διαμένει
3734 1200 3826 1260 ἀπ’

2186 1290 2359 1369 ἀρχῆς
2401 1292 2646 1354 κτίσεως.
2686 1317 2712 1347 ι

2264 1379 2360 1437 Ἐκ
2404 1381 2605 1437 τούτων
2651 1383 2979 1458 μανθάνομεν
3035 1381 3124 1441 δύο
3187 1385 3282 1447 τὰς
3324 1385 3495 1447 πάσας
3553 1381 3694 1438 εἶναι
3737 1385 3830 1436 τοῦ

2184 1470 2380 1548 Πέτρου
2408 1469 2714 1537 ἐπιστολάς,
2776 1475 2847 1530 Τὸ
2901 1471 2980 1547 δὲ,
3046 1497 3074 1528 ι
3134 1473 3223 1530 Ἐν
3281 1477 3370 1538 αῖς
3425 1471 3659 1551 διεγείρω
3697 1471 3827 1544 ὑμῖν

2183 1557 2238 1612 ἐν
2262 1561 2556 1634 ὑπομνήσει
2588 1562 2684 1628 τὴν
2733 1560 2986 1640 εἰλικρινῆ
3045 1561 3294 1636 διάνοιαν,
3363 1586 3388 1616 α
3449 1560 3502 1617 ἐν
3552 1556 3829 1638 ὑπερϐατῷ

455 1638 633 1702 haton
654 1641 1102 1722 intelligendum
1137 1653 1225 1705 est
1255 1646 1367 1706 hoc
1401 1644 1574 1706 modo
1605 1667 1618 1707 :
1657 1647 1719 1708 In
1745 1638 2095 1729 quibus—epi-

2183 1647 2460 1706 ἀκουστέον
2535 1649 2699 1712 οὕτως
2735 1665 2748 1679 ⁸
2838 1649 2926 1708 Ἐν
3011 1655 3100 1713 αἷς
3173 1650 3504 1721 ἐπιστολαῖς,
3562 1647 3827 1726 τουτέστι,

455 1729 646 1811 stolis,
679 1731 738 1792 id
775 1742 864 1794 est
912 1753 1018 1814 per
1071 1753 1216 1814 quas
1267 1735 1569 1814 epistolas,
1625 1737 1936 1798 exstimulo
1969 1741 2095 1800 sin-

2182 1731 2248 1789 δι’
2305 1737 2378 1790 ὧν
2459 1735 2778 1812 ἐπιστολῶν,
2851 1738 3034 1817 ἐγείρω
3113 1741 3212 1807 τὴν
3282 1740 3335 1795 ἐν
3389 1741 3516 1814 ὑμῖν
3572 1734 3826 1815 εἰλικρινῆ

455 1837 650 1880 ceram
685 1839 819 1896 qua)
874 1822 932 1881 in
987 1822 1154 1883 vobis
1203 1832 1290 1884 est
1323 1833 1604 1886 mentem.
1655 1824 1916 1888 Sincera:
1938 1829 2095 1890 enim

2183 1823 2435 1882 διάνοιαν.
2540 1825 2858 1904 Εἰλικρινοῦς
2941 1829 3040 1904 γάρ
3123 1826 3348 1890 διανοίας
3431 1829 3518 1883 καὶ
3597 1829 3828 1900 καθαρᾶς

453 1926 520 1968 ac
553 1927 712 1986 pura:
747 1910 960 1971 mentis
992 1920 1301 1972 esteorum
1326 1931 1455 1992 quae
1487 1913 1686 1974 audita
1716 1924 1851 1976 sunt
1879 1927 1978 1977 aut
2006 1936 2095 1979 sa-

2180 1917 2285 1968 τῶν
2317 1911 2418 1980 ἤδη
2473 1914 2830 1971 ἀκουσθέντων
2873 1917 2908 1984 ἢ
2953 1917 3309 1974 ἀποτεθέντων
3366 1916 3641 1994 σωτηρίων
3691 1936 3828 1990 μνη-

452 1997 727 2059 lutarium
762 2019 891 2080 qua:
920 1999 1190 2080 deposita
1207 2015 1336 2060 sunt
1369 2003 1709 2065 meminisse
1728 2014 1784 2066 et
1805 2007 2095 2069 exstimu-

2182 2001 2365 2068 σθῆναι
2434 2005 2521 2059 καὶ
2575 2001 2922 2082 διεγερθῆναι,
2983 2007 3113 2084 πρὸς
3169 2005 3503 2080 ἐπανάληψιν
3544 2009 3642 2070 τῆς
3698 2003 3828 2058 τού-

451 2085 562 2177 lari
593 2087 733 2150 559
778 2089 939 2150 omni
985 2089 1196 2150 virtute
1246 2090 1546 2172 animique
1605 2094 2094 2177 promptitudine,

2181 2112 2285 2146 των
2313 2092 2558 2170 ἐργασίας
2602 2094 2746 2170 πέσῃ
2777 2090 2990 2169 δυνάμει
3046 2096 3133 2150 καὶ
3170 2096 3448 2174 προθυμίᾳ,
3483 2091 3740 2157 Ἀπετέθη
3768 2087 3827 2145 δὲ

451 2175 522 2236 ad
558 2178 946 2257 repetendam
977 2178 1183 2240 horum
1212 2180 1638 2259 operationem.
1668 2183 1940 2262 Deposita
1961 2175 2095 2248 sunt

2177 2177 2262 2236 διὰ
2303 2186 2408 2235 τῶν
2466 2188 2802 2259 προφητικῶν
2859 2181 3054 2264 λόγων,
3115 2180 3182 2238 δι’
3228 2181 3591 2239 ἀποστολικῶν
3621 2201 3827 2258 κηρυγ-

454 2272 650 2325 autem
707 2285 812 2346 per
856 2267 1231 2348 propheticos
1287 2286 1594 2330 sermones
1651 2280 1708 2330 et
1743 2273 2096 2351 apostolicas
2178 2263 2382 2342 μάτων,

455 2353 931 2433 praedicationes.

535 2443 782 2523 Propter
839 2446 994 2526 quod
1053 2453 1111 2506 et
1154 2445 1370 2507 l’aulus
1399 2446 1542 2506 dicit
1578 2468 1590 2506 :
1633 2473 1652 2500 ι
1695 2445 2094 2528 Superstructi

453 2550 633 2611 super
681 2533 1135 2597 fundamentum
1193 2535 1598 2611 apostolorum
1663 2544 1721 2597 et
1779 2539 2094 2617 propheta-

2179 2541 2255 2608 τῷ
2285 2533 2510 2608 θεμελίῳ
2539 2541 2642 2590 τῶν
2690 2536 2998 2593 ἀποστόλων
3053 2540 3139 2595 καὶ
3187 2541 3495 2619 προφητῶν.
3533 2561 3561 2593 ι
3626 2534 3822 2598 Πάντες

453 2638 582 2680 rnm
605 2619 664 2662 9⁵
690 2620 974 2685 :nOmnes
991 2623 1147 2683 enim
1168 2622 1250 2683 illi
1269 2623 1504 2684 Domini
1525 2625 1836 2685 adventum
1861 2645 2095 2686 annun-

2181 2623 2280 2700 γὰρ
2323 2624 2465 2680 οὗτοι
2530 2625 2628 2691 τὴν
2685 2633 2778 2682 τοῦ
2837 2627 3020 2706 Κυρίου
3084 2628 3371 2708 παρουσίαν
3437 2623 3818 2705 κατήγγειλαν,

455 2708 767 2790 ιίειιειιιῐιι,
831 2720 886 2771 ει
946 2710 1200 2791 primum
1251 2721 1308 2772 et
1338 2713 1694 2791 secundum,
1728 2733 1836 2773 nec
1869 2724 2095 2794 oportet

2180 2715 2268 2767 καὶ
2339 2712 2436 2779 τὴν
2490 2713 2705 2792 πρώτην
2759 2717 2847 2771 καὶ
2903 2717 3002 2783 τὴν
3053 2714 3317 2796 δευτέραν,
3388 2717 3476 2772 καὶ
3533 2719 3628 2776 οὸκ
3683 2714 3823 2771 ’ἐστιν

453 2795 727 2858 difﬁdere
787 2800 965 2860 tantis
995 2819 1064 2860 ac
1097 2800 1310 2862 talibus
1351 2801 1627 2864 testibus.
1665 2803 1734 2863 Et
1765 2802 1901 2884 quid
1939 2804 2095 2879 dico,

2183 2798 2428 2856 ἀπιστεῖν
2493 2803 2760 2866 τοσούτοις
2832 2803 3053 2881 μάρτυσι
3125 2807 3217 2861 παὶ
3281 2803 3376 2872 τη)
3389 2806 3635 2869 ικούντοις.
3724 2803 3824 2860 Καὶ

457 2887 998 2969 inquitprophetas
1031 2897 1087 2948 et
1120 2890 1603 2970 apostolos,quod
1625 2895 2095 2956 annuntiaverint

2181 2892 2251 2964 τί,
2305 2894 2454 2970 φησὶ,
2506 2892 2648 2971 λέγω
2690 2898 2964 2975 προφήτας
3007 2900 3094 2954 καὶ
3150 2896 3496 2971 ἀποστόλους,
3550 2894 3630 2953 ὅτι
3686 2915 3820 2951 κατ-

457 2984 515 3035 ει
542 2975 796 3055 primum
833 2987 894 3040 et
926 2979 1250 3038 secundum
1285 2978 1518 3040 Domini
1545 2981 1901 3041 adventum?
1925 2986 1993 3044 Et
2016 2991 2095 3044 est

2182 2980 2438 3058 ἤγγειλαν
2505 2984 2591 3038 καὶ
2638 2985 2737 3048 τὴν
2794 2986 3012 3065 πρώτην
3064 2989 3150 3043 καὶ
3201 2987 3301 3054 τὴν
3370 2984 3611 3065 δευτέραν
3666 2985 3822 3041 αὐτοῦ

458 3064 570 3125 hoc
592 3067 763 3126 modo
778 3070 1068 3129 sumenda
1082 3067 1375 3128 ordinatio
1399 3087 1411 3130 :
1443 3073 1730 3130 tte-mores
1751 3071 1879 3132 sitis
1898 3072 2095 3134 verbo-

2184 3074 2275 3124 τοῦ
2307 3071 2488 3148 Κυρίου
2517 3072 2604 3127 καὶ
2632 3072 2876 3152 Σωτῆρος
2935 3076 3090 3150 ἡμῶν
3132 3075 3417 3141 παρουσίαν
3450 3093 3467 3154 ς
3528 3074 3624 3132 Καὶ
3679 3071 3818 3129 ἔστιν

449 3171 578 3214 rum
601 3175 730 3236 qua:
756 3157 1036 3238 prmdicta
1059 3165 1195 3218 sunt
1212 3177 1245 3218 a
1262 3157 1481 3218 sanctis
1505 3159 1811 3239 prophetis
1829 3170 1886 3222 et
1903 3180 1933 3222 a
1959 3181 2095 3241 prie-

2183 3158 2218 3224 ἡ
2274 3157 2510 3224 συνταξις
2540 3159 2732 3236 ξοῦτως
2766 3173 2781 3194 ⁸
2855 3167 3162 3231 Μνησθῆναι
3243 3170 3349 3220 τῶν
3432 3161 3822 3242 προειρημένων

448 3256 624 3322 cepto
657 3255 854 3309 nostro
915 3251 1014 3327 qui
1063 3265 1271 3309 sumus
1317 3247 1601 3326 apostoli,
1647 3257 1703 3309 et
1735 3268 1767 3310 a
1801 3261 2095 3332 praecepto

2183 3246 2434 3322 ῥημάτων
2501 3250 2602 3306 ὑπὸ
2658 3257 2763 3306 τῶν
2820 3253 2983 3332 ἁγίων
3031 3253 3337 3333 προφητῶν,
3391 3253 3494 3308 ὑπὸ
3549 3255 3651 3318 τῆς
3720 3256 3825 3308 τῶν

450 3331 684 3396 Domini
716 3346 772 3398 et
803 3338 1143 3404 Salutoris.
1201 3335 1280 3396 Ex
1325 3338 1623 3397 communi
1659 3338 1815 3399 enim
1849 3331 2095 3404 sumitur

2184 3336 2496 3392 ἀποστόλων
2525 3341 2675 3414 ἡμῶν
2725 3340 2968 3414 ἐντολῆς,
3029 3331 3264 3408 ὑπὸίτῆς
3308 3331 3525 3407 ἐντολῆς
3579 3349 3674 3398 τοῦ
3717 3349 3824 3398 Ku-

2263 2443 2342 2501 Δι’
2373 2447 2401 2502 ὃ
2431 2448 2517 2503 καὶ
2555 2447 2760 2512 Παῦλός
2811 2450 2969 2528 φησίν
3000 2467 3018 2485 ⁸
3085 2473 3112 2504 α
3160 2447 3694 2526 Ἐποικοδομοόμενοι
3738 2447 3828 2506 ἐπὶ

451 3426 785 3505 praepositio
811 3433 910 3487 ὑπὸ
961 3432 1016 3491 id
1053 3438 1140 3491 est
1173 3445 1231 3489 (ι.
1268 3425 1336 3486 Ει
1359 3444 1538 3506 quare
1578 3428 1726 3488 hanc
1751 3429 2095 3490 memoriam

2187 3425 2296 3502 ρίου
2325 3429 2412 3483 δαὶ
2439 3433 2712 3508 Σωτῆρος.
2763 3429 2910 3489 Κατὰ
2958 3438 3138 3488 κοινοῦ
3190 3432 3290 3509 γὰρ
3337 3432 3372 3497 ἡ
3413 3429 3537 3492 ὑπό.
3586 3429 3685 3486 Καὶ
3742 3424 3825 3483 διὰ

447 3514 1233 3600 meitarijubeatsubjungit
1267 3535 1279 3578 :
1317 3515 1608 3588 Quoniam
1643 3517 2095 3597 hiquiaﬂ’ectio-

2181 3513 2232 3568 τί
2298 3517 2396 3583 τὴν
2467 3519 2686 3592 μντζμην
2754 3519 3157 3598 ἀναζωπυρῆσαι
3207 3519 3404 3586 ταύτην
3461 3515 3822 3596 παρακελεύειῳ

450 3601 849 3669 nibusaddicti
873 3599 1244 3688 vivuntjuxta
1269 3606 1538 3687 :vrolirias
1557 3607 2094 3689 cancupiscentias,

2178 3625 2287 3677 ται,
2319 3606 2526 3684 ἐπάγει.
2579 3599 2710 3667 υΟτι
2767 3612 2814 3666 οἱ
2855 3609 3104 3685 ἐμπαθῶς
3155 3615 3345 3680 ζῶντες
3393 3609 3530 3664 κατά
3575 3607 3668 3670 τὰς
3699 3605 3812 3662 ἐπι-

447 3691 716 3756 vdentes
737 3699 1020 3776 quosdam
1047 3698 1483 3759 Deiadveutum
1503 3695 2092 3778 formidantes,quem

451 3799 564 3840 una
589 3802 719 3844 cum
744 3785 874 3846 aliis
905 3787 1181 3847 divinitus
1218 3784 1515 3864 inspiratis
1551 3784 1677 3864 ipse
1709 3804 1945 3866 quoque
1973 3787 2091 3848 Du-

450 3867 646 3930 minus
671 3873 1172 3948 praanuntiaviget
1190 3884 1498 3954 propterea
1526 3891 1688 3933 suam
1714 3872 2089 3936 inhonestam

446 3957 623 4016 vitam
651 3960 1174 4039 parvipendentvs:
1203 3963 1421 4022 deinde
1441 3961 1616 4021 etiam
1643 3961 1911 4024 videntes
1932 3964 2090 4043 quod

445 4062 755 4106 sermones
813 4068 928 4109 non
991 4051 1188 4110 statim
1239 4049 1596 4110 sortirentur
1624 4051 1924 4125 effectum,
1984 4053 2089 4114 sed

449 4141 689 4212 propter
710 4137 1028 4198 multorum
1049 4139 1296 4199 salutem
1319 4139 1937 4216 dilferrenturﬁdeles
1954 4141 2093 4202 ado-

445 4222 683 4284 riuntur
737 4237 1010 4307 tanquam
1065 4228 1358 4296 iliusores,
1412 4235 1471 4287 et
1519 4227 1774 4290 dicunt:
1834 4227 1942 4292 Ubi
1999 4238 2093 4291 est

2176 3696 2359 3769 θυμίας
2432 3698 2526 3762 τὰς
2595 3695 2748 3768 ἰδίας,
2807 3700 3030 3777 ὁρῶντές
3085 3723 3230 3765 τινας
3275 3698 3506 3763 δεδιότας
3571 3696 3672 3763 τὴν
3727 3693 3820 3751 τοῦ

2179 3783 2362 3841 Κυδίου
2413 3786 2723 3866 παρουσίαν,
2779 3788 2844 3854 ἣν
2923 3790 3056 3864 μετά
3126 3788 3303 3846 ἄλλων
3387 3787 3648 3868 θεοφόρων
3733 3784 3822 3840 καὶ

2175 3872 2327 3936 αὐτὸς
2354 3875 2383 3929 ὁ
2435 3875 2618 3952 Κύριος
2666 3877 3109 3958 προκατήγγειλε,
3159 3881 3246 3936 καὶ
3301 3877 3385 3934 διὰ
3435 3876 3633 3942 ταύτην
3688 3873 3817 3930 ἀθε-

2172 3965 2389 4023 τοῠντας
2447 3966 2546 4029 τὴν
2596 3962 2822 4038 ἄσεμνον
2877 3965 3047 4022 αὐτῶν
3089 3967 3299 4046 βιοτὴν,
3353 3966 3479 4023 ε’ίτα
3535 3965 3613 4039 μὴ
3683 3961 3820 4018 κατά

2173 4044 2334 4110 πόδας
2378 4054 2485 4105 τῶν
2514 4048 2701 4130 δλόγων
2758 4054 2856 4120 τὴν
2906 4068 3095 4131 πεῖραν
3152 4044 3442 4135 φθάνουσαν
3484 4051 3622 4110 ἀλλά
3677 4072 3817 4130 παρ-

2171 4133 2466 4212 ελκομένην
2536 4137 2619 4196 διὰ
2675 4141 2773 4209 τὴν
2815 4151 2922 4199 τῶν
2980 4133 3196 4201 πολλῶν
3245 4143 3531 4222 σωτηρίαν,
3578 4141 3823 4221 ἐπιφύον-

2173 4245 2258 4280 ται
2298 4239 2415 4289 τοῖς
2472 4243 2684 4294 πιστοῖς
2747 4231 3153 4304 ἐπιτωθάζοντες
3209 4234 3302 4290 ἅτε
3375 4233 3670 4308 ἐμπαῖκται
3733 4229 3820 4284 καὶ

447 4314 764 4389 promissio
791 4316 1075 4377 adventus
1094 4319 1230 4393 ejus
1255 4315 1444 4377 ‘lNam
1479 4314 1553 4376 ob
1588 4316 1746 4377 hunc
1772 4337 1954 4377 tinum
1974 4318 2092 4400 ,qui

2177 4311 2421 4392 λέγοντες
2457 4331 2471 4346 ⁸
2562 4321 2666 4374 Ποῦ
2735 4319 2876 4376 ἔστιν
2925 4323 2960 4389 ἡ
3031 4321 3318 4401 ἐπαγγελία
3379 4327 3476 4389 τῆς
3529 4317 3818 4417 παρουσίας

444 4399 884 4479 dispensatione
896 4405 1144 4486 quadam
1164 4405 1419 4466 nondum
1433 4405 1760 4485 completus
1774 4414 2094 4476 est,ca3tera

2177 4406 2381 4483 55100;
2432 4407 2529 4464 Διά
2577 4413 2700 4480 μιᾶς
2759 4410 2949 4476 ταύτης
3008 4415 3107 4477 τῆς
3381 4407 3678 4490 ἀφιγμένης
3735 4404 3820 4461 διὰ

443 4508 676 4572 quoque
708 4494 984 4555 salutaria
1017 4495 1249 4556 Domini
1285 4502 1579 4574 praecepta
1633 4494 1976 4575 depravant,
2014 4517 2092 4558 ne

2177 4512 2312 4556 τινος
2372 4495 2697 4571 οἰκονομίας,
2772 4499 2861 4555 καί
2903 4513 3025 4563 ταῖς
3067 4499 3260 4562 ἄλλαις
3317 4494 3674 4578 σωτηριώδεσι
3729 4503 3822 4553 τοῦ

448 4580 594 4640 lides
631 4581 777 4662 ipsis
811 4583 1117 4646 habeatur.
1154 4585 1289 4647 Haec
1321 4598 1520 4644 autem
1575 4583 1689 4644 illis
1723 4585 2091 4661 temporibus

2177 4582 2360 4658 Κυρίου
2419 4582 2664 4650 ἐντολαῖς
2721 4587 2961 4644 ἀπειθεῖν
3016 4595 3450 4668 κακουργοῦντες.
3523 4590 3696 4644 Ταῦτα
3764 4579 3819 4638 δὲ

444 4672 1094 4747 ιιιιειιξιιιηιιιτϐιιοειίι·ἱ
1125 4683 1225 4735 aut
1248 4672 1496 4734 Naaseui
1518 4673 1614 4751 qui
1634 4683 1691 4732 et
1709 4674 1820 4752 ipsi
1840 4675 2086 4753 Lampe-

2177 4671 2217 4724 οἱ
2245 4669 2362 4726 κατ’
2395 4671 2620 4739 ἐκείνους
2671 4676 2790 4739 τοὺς
2853 4677 3066 4755 καιροὺς
3107 4677 3391 4733 Γνωστικοὶ
3445 4675 3480 4744 ἢ
3526 4674 3816 4747 Ναασηνυὶ,

446 4759 586 4819 tiani
612 4769 672 4822 et
689 4760 950 4823 Euchitze
968 4772 1157 4825 erant.
1179 4763 1286 4836 Qui
1309 4780 1539 4836 omnes,
1572 4761 1786 4842 inquit,
1821 4763 2093 4828 volentes

2177 4761 2219 4814 οἱ
2263 4757 2307 4814 δ’
2365 4763 2508 4820 αὐτοὶ
2563 4765 2652 4820 καὶ
2695 4767 3054 4840 Λαμπετιανοὶ
3107 4767 3195 4823 καὶ
3240 4767 3467 4845 Εὖχῖται
3498 4759 3816 4842 ἐληρῴδουν.

447 4845 912 4914 ιιρειξὶυιιιέυΙιιο
936 4853 1093 4914 enim
1111 4856 1315 4915 oculos
1340 4851 1624 4914 claudunt
1654 4851 1725 4912 ad
1751 4852 2085 4928 veritatem,

444 4938 596 4999 sicut
629 4939 801 5002 etiam
825 4951 998 5002 antea
1023 4942 1305 5004 diximus.

523 5116 667 5188 111,5
697 5120 754 5182 9.
767 5119 917 5182 Nam
933 5121 1348 5184 illudrolentes
1363 5121 1637 5184 nesciunt
1655 5119 1808 5198 quod
1817 5121 1954 5180 caeli
1953 5123 2088 5198 jam

443 5206 584 5267 olim
598 5207 855 5285 fuerint,
890 5217 944 5271 et
978 5217 1145 5272 terra
1172 5229 1248 5271 ea;
1267 5229 1426 5286 aqua
1440 5217 1495 5270 et
1504 5228 1610 5289 per
1621 5227 1846 5286 aquam
1860 5212 2086 5271 consis-

443 5299 682 5358 tens/)ei
694 5316 1248 5379 sermonemerquw
1260 5302 1308 5359 is
1319 5301 1422 5378 qui
1435 5306 1576 5361 tunc
1587 5307 1722 5360 erat
1736 5299 2090 5371 mundus,a-

443 5404 562 5465 qua
594 5388 924 5450 inundatos
957 5389 2085 5468 periit.Atquinuncsimtcwtiacterra,

440 5475 702 5554 ejusdem
717 5493 997 5539 sermone
1011 5478 1259 5559 repositi
1275 5484 1436 5553 sunt,
1445 5479 1668 5540 servati
1694 5477 1824 5556 igni
1843 5479 1908 5541 in
1925 5477 2089 5539 diem

525 5642 587 5695 35
615 5645 837 5729 Ephes.
875 5664 936 5721 ιι,
966 5645 1067 5709 20.

2171 4849 2268 4912 Οὒς
2317 4847 2552 4914 ἅπαντας
2604 4849 2867 4926 λανθάνει,
2913 4855 3094 4936 φησὶν,
3155 4855 3395 4919 ἑκόντας.
3429 4850 3692 4910 Ἐθελοντὶ
3720 4851 3818 4930 γὰρ

2169 4937 2353 5011 μύουσι
2386 4939 2514 5016 πρὸς
2545 4939 2644 5007 τὴν
2674 4939 2947 5018 ἀλήθειαν,
2991 4944 3064 5006 ὡς
3121 4944 3207 4999 καὶ
3263 4945 3362 5020 πρὸ
3418 4943 3606 4998 τούτου
3664 4940 3815 5019 εὶρήο

2173 5047 2340 5101 καμεν
2350 5075 2364 5088 ,

2256 5138 2282 5170 α
2354 5117 2605 5173 Δανθάνει
2660 5120 2759 5198 γὰρ
2814 5123 2999 5187 αὖτοὺς
3054 5125 3206 5180 τοῦτο
3269 5119 3540 5192 θέλοντας,
3607 5117 3689 5175 ὅτι
3769 5129 3819 5183 οἱ

2171 5207 2376 5283 οὒρανοὶ
2449 5205 2585 5274 ἦσαν
2669 5207 2916 5270 ἔκπαλαι.
3007 5214 3105 5270 Καὶ
3173 5217 3246 5290 γῆ
3319 5210 3370 5276 ἐξ
3434 5208 3643 5289 ὕδατος,
3730 5208 3819 5265 καὶ

2171 5289 2239 5348 δι’
2282 5291 2468 5357 ὕδατος
2527 5303 2825 5354 συνεστῶσα
2881 5302 2958 5376 τῷ
3010 5307 3103 5358 τοῦ
3157 5303 3288 5357 Θεοῦ
3338 5299 3508 5379 λόγῳ,
3592 5295 3659 5354 δι’
3743 5299 3818 5353 ὧν

2171 5383 2200 5438 ὁ
2275 5381 2397 5438 τότε
2477 5385 2676 5458 κόσμος
2757 5385 2902 5445 ὕδατι
2984 5388 3355 5454 κατακλυσθεὶς
3428 5385 3699 5448 ἀπώλετο.
3757 5387 3820 5444 Οἱ

2173 5470 2227 5532 δὲ
2300 5476 2387 5526 νῦν
2454 5468 2660 5552 οὖρανοὶ
2741 5477 2828 5534 καὶ
2882 5479 2918 5547 ἡ
2973 5479 3046 5558 γῆ
3099 5477 3241 5554 αὒτῷ
3309 5476 3456 5556 λόγῳ
3505 5479 3822 5554 τεθησαυρι-
