  <div class='ocr_page' id='page_1' title='image "/cluster/home/n/w/nwhite01/storage/ocr_20150623/119/hvd.32044073502494/312.png"; bbox 0 0 4192 6212; ppageno 0'>
   <div class='ocr_carea' id='block_1_1' title="bbox 335 315 453 381">
    <p class='ocr_par' dir='ltr' id='par_1_1' title="bbox 335 315 453 381">
     <span class='ocr_line' id='line_1_1' title="bbox 335 315 453 381; baseline 0 0"><span class='ocrx_word' id='word_1_1' title='bbox 335 315 453 381; x_wconf 79' lang='grc' dir='ltr'>6θ9</span> 
     </span>
    </p>
   </div>
   <div class='ocr_carea' id='block_1_2' title="bbox 1417 314 2747 384">
    <p class='ocr_par' dir='ltr' id='par_1_2' title="bbox 1417 314 2747 384">
     <span class='ocr_line' id='line_1_2' title="bbox 1417 314 2747 384; baseline -0.005 0"><span class='ocrx_word' id='word_1_2' title='bbox 1417 318 1815 384; x_wconf 75' lang='grc' dir='ltr'>ΟΟΜΠΕΝΤ.</span> <span class='ocrx_word' id='word_1_3' title='bbox 1867 317 1950 379; x_wconf 84' lang='lat' dir='ltr'>IN</span> <span class='ocrx_word' id='word_1_4' title='bbox 1994 314 2239 379; x_wconf 78' lang='lat' dir='ltr'>EPIST.</span> <span class='ocrx_word' id='word_1_5' title='bbox 2283 315 2342 377; x_wconf 79' lang='grc' dir='ltr'>Ιί</span> <span class='ocrx_word' id='word_1_6' title='bbox 2385 316 2446 379; x_wconf 88' lang='lat' dir='ltr'>S.</span> <span class='ocrx_word' id='word_1_7' title='bbox 2492 314 2747 379; x_wconf 76' lang='lat' dir='ltr'>PETRI.</span> 
     </span>
    </p>
   </div>
   <div class='ocr_carea' id='block_1_3' title="bbox 3590 316 3711 383">
    <p class='ocr_par' dir='ltr' id='par_1_3' title="bbox 3590 316 3711 383">
     <span class='ocr_line' id='line_1_3' title="bbox 3590 316 3711 383; baseline 0 -1"><span class='ocrx_word' id='word_1_8' title='bbox 3590 316 3711 383; x_wconf 85' lang='grc'>610</span> 
     </span>
    </p>
   </div>
   <div class='ocr_carea' id='block_1_4' title="bbox 337 449 1975 533">
    <p class='ocr_par' dir='ltr' id='par_1_4' title="bbox 337 449 1975 531">
     <span class='ocr_line' id='line_1_4' title="bbox 337 449 1975 531; baseline 0.002 -24"><span class='ocrx_word' id='word_1_9' title='bbox 337 449 516 527; x_wconf 82' lang='grc' dir='ltr'>σμένοι</span> <span class='ocrx_word' id='word_1_10' title='bbox 571 450 667 507; x_wconf 80' lang='grc' dir='ltr'>εἶσὶ</span> <span class='ocrx_word' id='word_1_11' title='bbox 741 451 862 529; x_wconf 86' lang='grc' dir='ltr'>πυρὶ</span> <span class='ocrx_word' id='word_1_12' title='bbox 943 450 1258 531; x_wconf 80' lang='grc' dir='ltr'>τηρούμενοι</span> <span class='ocrx_word' id='word_1_13' title='bbox 1340 453 1414 517; x_wconf 75' lang='grc' dir='ltr'>εἰς</span> <span class='ocrx_word' id='word_1_14' title='bbox 1485 450 1687 530; x_wconf 72' lang='grc' dir='ltr'>ἡμέραν</span> <span class='ocrx_word' id='word_1_15' title='bbox 1756 452 1975 525; x_wconf 74' lang='grc' dir='ltr'>κρίσεως</span> 
     </span>
    </p>
   </div>
   <div class='ocr_carea' id='block_1_5' title="bbox 2058 449 3709 533">
    <p class='ocr_par' dir='ltr' id='par_1_5' title="bbox 2058 450 3709 533">
     <span class='ocr_line' id='line_1_5' title="bbox 2058 450 3709 533; baseline 0.005 -22"><span class='ocrx_word' id='word_1_16' title='bbox 2058 452 2274 530; x_wconf 74' lang='lat' dir='ltr'><strong><em>indicii</em></strong></span> <span class='ocrx_word' id='word_1_17' title='bbox 2298 459 2356 515; x_wconf 83' lang='lat' dir='ltr'><strong><em>et</em></strong></span> <span class='ocrx_word' id='word_1_18' title='bbox 2378 452 2749 533; x_wconf 71' lang='lat' dir='ltr'>perditionis</span> <span class='ocrx_word' id='word_1_19' title='bbox 2778 451 3113 531; x_wconf 79' lang='lat' dir='ltr'><strong><em>impiorum</em></strong></span> <span class='ocrx_word' id='word_1_20' title='bbox 3132 450 3470 516; x_wconf 76' lang='lat' dir='ltr'>hominum.</span> <span class='ocrx_word' id='word_1_21' title='bbox 3511 452 3709 519; x_wconf 82' lang='lat' dir='ltr'><strong><em>Unum</em></strong></span> 
     </span>
    </p>
   </div>
   <div class='ocr_carea' id='block_1_6' title="bbox 333 537 1980 619">
    <p class='ocr_par' dir='ltr' id='par_1_6' title="bbox 333 537 1980 619">
     <span class='ocr_line' id='line_1_6' title="bbox 333 537 1980 619; baseline -0.001 -22"><span class='ocrx_word' id='word_1_22' title='bbox 333 541 421 597; x_wconf 79' lang='grc' dir='ltr'>καὶ</span> <span class='ocrx_word' id='word_1_23' title='bbox 510 538 775 604; x_wconf 75' lang='grc' dir='ltr'>ἀπωλείας</span> <span class='ocrx_word' id='word_1_24' title='bbox 865 545 972 596; x_wconf 84' lang='grc' dir='ltr'>τῶν</span> <span class='ocrx_word' id='word_1_25' title='bbox 1062 537 1267 597; x_wconf 81' lang='grc' dir='ltr'>ἀσεϐῶν</span> <span class='ocrx_word' id='word_1_26' title='bbox 1353 540 1662 619; x_wconf 81' lang='grc' dir='ltr'>ἀνθρώπων.</span> <span class='ocrx_word' id='word_1_27' title='bbox 1776 549 1845 598; x_wconf 86' lang='grc' dir='ltr'>Εν</span> <span class='ocrx_word' id='word_1_28' title='bbox 1927 539 1980 597; x_wconf 75' lang='grc' dir='ltr'><strong>δέ</strong></span> 
     </span>
    </p>
   </div>
   <div class='ocr_carea' id='block_1_7' title="bbox 336 626 1980 709">
    <p class='ocr_par' dir='ltr' id='par_1_7' title="bbox 336 626 1980 709">
     <span class='ocr_line' id='line_1_7' title="bbox 336 626 1980 709; baseline 0.001 -25"><span class='ocrx_word' id='word_1_29' title='bbox 336 635 487 685; x_wconf 82' lang='grc' dir='ltr'>τοῦτο</span> <span class='ocrx_word' id='word_1_30' title='bbox 542 628 620 705; x_wconf 76' lang='grc' dir='ltr'>μὴ</span> <span class='ocrx_word' id='word_1_31' title='bbox 687 626 987 686; x_wconf 79' lang='grc' dir='ltr'>λανθανέτω</span> <span class='ocrx_word' id='word_1_32' title='bbox 1028 630 1186 709; x_wconf 79' lang='grc' dir='ltr'>ὑμᾶς,</span> <span class='ocrx_word' id='word_1_33' title='bbox 1243 629 1532 709; x_wconf 78' lang='grc' dir='ltr'>ἀγαπητοὶ,</span> <span class='ocrx_word' id='word_1_34' title='bbox 1579 627 1660 685; x_wconf 82' lang='grc' dir='ltr'>ὅτι</span> <span class='ocrx_word' id='word_1_35' title='bbox 1700 630 1798 704; x_wconf 80' lang='grc' dir='ltr'>μία</span> <span class='ocrx_word' id='word_1_36' title='bbox 1837 630 1980 705; x_wconf 80' lang='grc' dir='ltr'>ἡμέ-</span> 
     </span>
    </p>
   </div>
   <div class='ocr_carea' id='block_1_8' title="bbox 338 715 1980 798">
    <p class='ocr_par' dir='ltr' id='par_1_8' title="bbox 338 715 1980 798">
     <span class='ocr_line' id='line_1_8' title="bbox 338 715 1980 798; baseline 0.003 -27"><span class='ocrx_word' id='word_1_37' title='bbox 338 739 403 797; x_wconf 87' lang='grc' dir='ltr'>ρα</span> <span class='ocrx_word' id='word_1_38' title='bbox 454 719 599 797; x_wconf 71' lang='grc' dir='ltr'>παρὰ</span> <span class='ocrx_word' id='word_1_39' title='bbox 657 719 827 797; x_wconf 74' lang='grc' dir='ltr'>Κυρίῳ</span> <span class='ocrx_word' id='word_1_40' title='bbox 880 720 954 783; x_wconf 82' lang='grc' dir='ltr'>ὡς</span> <span class='ocrx_word' id='word_1_41' title='bbox 1011 717 1163 798; x_wconf 85' lang='grc' dir='ltr'>χίλια</span> <span class='ocrx_word' id='word_1_42' title='bbox 1218 715 1335 789; x_wconf 76' lang='grc' dir='ltr'>ἔτη,</span> <span class='ocrx_word' id='word_1_43' title='bbox 1393 720 1479 775; x_wconf 84' lang='grc' dir='ltr'>καὶ</span> <span class='ocrx_word' id='word_1_44' title='bbox 1549 717 1700 798; x_wconf 81' lang='grc' dir='ltr'>χίλια</span> <span class='ocrx_word' id='word_1_45' title='bbox 1755 717 1850 786; x_wconf 77' lang='grc' dir='ltr'>ἔτη</span> <span class='ocrx_word' id='word_1_46' title='bbox 1907 722 1980 783; x_wconf 80' lang='grc' dir='ltr'>ὣς</span> 
     </span>
    </p>
   </div>
   <div class='ocr_carea' id='block_1_9' title="bbox 337 804 1981 887">
    <p class='ocr_par' dir='ltr' id='par_1_9' title="bbox 337 804 1981 887">
     <span class='ocr_line' id='line_1_9' title="bbox 337 804 1981 887; baseline 0.003 -27"><span class='ocrx_word' id='word_1_47' title='bbox 337 804 507 885; x_wconf 75' lang='grc' dir='ltr'>ἡμέρα</span> <span class='ocrx_word' id='word_1_48' title='bbox 548 806 668 882; x_wconf 92' lang='grc' dir='ltr'>μία.</span> <span class='ocrx_word' id='word_1_49' title='bbox 702 805 1032 885; x_wconf 77' lang='grc' dir='ltr'>Οὑβραδύνει</span> <span class='ocrx_word' id='word_1_50' title='bbox 1075 809 1104 863; x_wconf 98' lang='lat'>6</span> <span class='ocrx_word' id='word_1_51' title='bbox 1137 807 1320 883; x_wconf 81' lang='grc' dir='ltr'>Κύριος</span> <span class='ocrx_word' id='word_1_52' title='bbox 1368 808 1466 873; x_wconf 70' lang='grc' dir='ltr'>τῆς</span> <span class='ocrx_word' id='word_1_53' title='bbox 1512 805 1853 887; x_wconf 72' lang='grc' dir='ltr'>ἐπαγγελίας,</span> <span class='ocrx_word' id='word_1_54' title='bbox 1910 810 1981 874; x_wconf 83' lang='grc' dir='ltr'>ὡς</span> 
     </span>
    </p>
   </div>
   <div class='ocr_carea' id='block_1_10' title="bbox 336 892 1976 975">
    <p class='ocr_par' dir='ltr' id='par_1_10' title="bbox 336 892 1976 975">
     <span class='ocr_line' id='line_1_10' title="bbox 336 892 1976 975; baseline 0.001 -25"><span class='ocrx_word' id='word_1_55' title='bbox 336 914 473 957; x_wconf 83' lang='grc' dir='ltr'>τινες</span> <span class='ocrx_word' id='word_1_56' title='bbox 502 892 799 974; x_wconf 72' lang='grc' dir='ltr'>βραδυτῆτα</span> <span class='ocrx_word' id='word_1_57' title='bbox 846 898 1122 975; x_wconf 77' lang='grc' dir='ltr'>ἡγοῦνται,</span> <span class='ocrx_word' id='word_1_58' title='bbox 1156 894 1291 953; x_wconf 76' lang='grc' dir='ltr'>ἀλλὰ</span> <span class='ocrx_word' id='word_1_59' title='bbox 1347 899 1677 974; x_wconf 71' lang='grc' dir='ltr'>μακροθυμεῖ</span> <span class='ocrx_word' id='word_1_60' title='bbox 1707 897 1779 959; x_wconf 78' lang='grc' dir='ltr'>είς</span> <span class='ocrx_word' id='word_1_61' title='bbox 1810 897 1976 972; x_wconf 67' lang='grc' dir='ltr'>ἡμᾶς,</span> 
     </span>
    </p>
   </div>
   <div class='ocr_carea' id='block_1_11' title="bbox 335 981 1981 1065">
    <p class='ocr_par' dir='ltr' id='par_1_11' title="bbox 335 981 1981 1065">
     <span class='ocr_line' id='line_1_11' title="bbox 335 981 1981 1065; baseline 0.002 -26"><span class='ocrx_word' id='word_1_62' title='bbox 335 982 414 1058; x_wconf 64' lang='grc' dir='ltr'>μὴ</span> <span class='ocrx_word' id='word_1_63' title='bbox 436 981 763 1059; x_wconf 74' lang='grc' dir='ltr'>βουλόμενος</span> <span class='ocrx_word' id='word_1_64' title='bbox 793 1006 936 1048; x_wconf 85' lang='grc' dir='ltr'>τινας</span> <span class='ocrx_word' id='word_1_65' title='bbox 964 983 1447 1065; x_wconf 58' lang='grc' dir='ltr'>ἀπολέσθαι,ξῦλὰ</span> <span class='ocrx_word' id='word_1_66' title='bbox 1474 984 1675 1048; x_wconf 86' lang='grc' dir='ltr'>πάντας</span> <span class='ocrx_word' id='word_1_67' title='bbox 1706 986 1779 1050; x_wconf 83' lang='grc' dir='ltr'>εἰς</span> <span class='ocrx_word' id='word_1_68' title='bbox 1810 986 1981 1062; x_wconf 82' lang='grc' dir='ltr'>μετά-</span> 
     </span>
    </p>
   </div>
   <div class='ocr_carea' id='block_1_12' title="bbox 333 1077 1471 1152">
    <p class='ocr_par' dir='ltr' id='par_1_12' title="bbox 333 1077 1471 1152">
     <span class='ocr_line' id='line_1_12' title="bbox 333 1077 1471 1152; baseline 0.002 -23"><span class='ocrx_word' id='word_1_69' title='bbox 333 1092 478 1129; x_wconf 87' lang='grc' dir='ltr'>νοιαν</span> <span class='ocrx_word' id='word_1_70' title='bbox 506 1077 782 1152; x_wconf 79' lang='grc' dir='ltr'>χωρῆσαι.</span> <span class='ocrx_word' id='word_1_71' title='bbox 818 1098 845 1129; x_wconf 73' lang='grc' dir='ltr'><strong>ι</strong></span> <span class='ocrx_word' id='word_1_72' title='bbox 1464 1079 1471 1084; x_wconf 84' lang='grc'><em>’</em></span> 
     </span>
    </p>
   </div>
   <div class='ocr_carea' id='block_1_13' title="bbox 414 1249 1979 1332">
    <p class='ocr_par' dir='ltr' id='par_1_13' title="bbox 414 1249 1979 1332">
     <span class='ocr_line' id='line_1_13' title="bbox 414 1249 1979 1332; baseline 0 -25"><span class='ocrx_word' id='word_1_73' title='bbox 414 1249 512 1307; x_wconf 72' lang='grc' dir='ltr'>Καὶ</span> <span class='ocrx_word' id='word_1_74' title='bbox 572 1250 625 1306; x_wconf 89' lang='grc' dir='ltr'>τί</span> <span class='ocrx_word' id='word_1_75' title='bbox 691 1252 754 1308; x_wconf 87' lang='lat'>16</span> <span class='ocrx_word' id='word_1_76' title='bbox 809 1249 1062 1307; x_wconf 80' lang='grc' dir='ltr'>λανθάνον</span> <span class='ocrx_word' id='word_1_77' title='bbox 1119 1252 1355 1332; x_wconf 66' lang='grc' dir='ltr'>αὒτούςς</span> <span class='ocrx_word' id='word_1_78' title='bbox 1415 1251 1496 1308; x_wconf 78' lang='grc' dir='ltr'>ὅτι</span> <span class='ocrx_word' id='word_1_79' title='bbox 1565 1250 1743 1330; x_wconf 81' lang='grc' dir='ltr'>ὥσπερ</span> <span class='ocrx_word' id='word_1_80' title='bbox 1796 1251 1850 1308; x_wconf 79' lang='grc' dir='ltr'>ἒν</span> <span class='ocrx_word' id='word_1_81' title='bbox 1901 1258 1979 1326; x_wconf 84' lang='grc' dir='ltr'>τῷ</span> 
     </span>
    </p>
   </div>
   <div class='ocr_carea' id='block_1_14' title="bbox 330 1336 1980 1419">
    <p class='ocr_par' dir='ltr' id='par_1_14' title="bbox 330 1336 1980 1419">
     <span class='ocr_line' id='line_1_14' title="bbox 330 1336 1980 1419; baseline 0.002 -25"><span class='ocrx_word' id='word_1_82' title='bbox 330 1336 690 1415; x_wconf 84' lang='grc' dir='ltr'>κατακλυσμῷ</span> <span class='ocrx_word' id='word_1_83' title='bbox 744 1340 879 1408; x_wconf 79' lang='grc' dir='ltr'>ἦσαν</span> <span class='ocrx_word' id='word_1_84' title='bbox 928 1340 1152 1419; x_wconf 74' lang='grc' dir='ltr'>οὐρανοὶ,</span> <span class='ocrx_word' id='word_1_85' title='bbox 1213 1343 1349 1398; x_wconf 71' lang='grc' dir='ltr'>κατὰ</span> <span class='ocrx_word' id='word_1_86' title='bbox 1407 1342 1506 1409; x_wconf 78' lang='grc' dir='ltr'>τὴν</span> <span class='ocrx_word' id='word_1_87' title='bbox 1577 1341 1811 1405; x_wconf 78' lang='grc' dir='ltr'>Μωσέως</span> <span class='ocrx_word' id='word_1_88' title='bbox 1882 1363 1980 1397; x_wconf 90' lang='grc' dir='ltr'>κο-</span> 
     </span>
    </p>
   </div>
   <div class='ocr_carea' id='block_1_15' title="bbox 331 1426 1980 1510">
    <p class='ocr_par' dir='ltr' id='par_1_15' title="bbox 331 1426 1980 1510">
     <span class='ocr_line' id='line_1_15' title="bbox 331 1426 1980 1510; baseline 0.001 -28"><span class='ocrx_word' id='word_1_89' title='bbox 331 1426 668 1503; x_wconf 79' lang='grc' dir='ltr'>σμογένειαν,</span> <span class='ocrx_word' id='word_1_90' title='bbox 741 1428 794 1495; x_wconf 79' lang='grc' dir='ltr'>ἐξ</span> <span class='ocrx_word' id='word_1_91' title='bbox 862 1428 1047 1495; x_wconf 73' lang='grc' dir='ltr'>ὕδατος</span> <span class='ocrx_word' id='word_1_92' title='bbox 1081 1445 1096 1460; x_wconf 82' lang='grc'><strong><em>⁸</em></strong></span> <span class='ocrx_word' id='word_1_93' title='bbox 1158 1430 1313 1496; x_wconf 75' lang='grc' dir='ltr'>αὑτὸς</span> <span class='ocrx_word' id='word_1_94' title='bbox 1375 1431 1476 1509; x_wconf 85' lang='grc' dir='ltr'>γάρ</span> <span class='ocrx_word' id='word_1_95' title='bbox 1523 1452 1653 1510; x_wconf 79' lang='grc' dir='ltr'>φησι</span> <span class='ocrx_word' id='word_1_96' title='bbox 1711 1431 1802 1485; x_wconf 82' lang='grc' dir='ltr'>τὸν</span> <span class='ocrx_word' id='word_1_97' title='bbox 1848 1429 1980 1486; x_wconf 78' lang='grc' dir='ltr'>Θεὸν</span> 
     </span>
    </p>
   </div>
   <div class='ocr_carea' id='block_1_16' title="bbox 335 1513 1975 1599">
    <p class='ocr_par' dir='ltr' id='par_1_16' title="bbox 335 1513 1975 1599">
     <span class='ocr_line' id='line_1_16' title="bbox 335 1513 1975 1599; baseline 0.002 -28"><span class='ocrx_word' id='word_1_98' title='bbox 335 1513 654 1573; x_wconf 73' lang='grc' dir='ltr'>ἐντείλασθαι</span> <span class='ocrx_word' id='word_1_99' title='bbox 711 1519 948 1596; x_wconf 77' lang='grc' dir='ltr'>γενέσθαι</span> <span class='ocrx_word' id='word_1_100' title='bbox 1021 1519 1292 1599; x_wconf 79' lang='grc' dir='ltr'>στερέωμα</span> <span class='ocrx_word' id='word_1_101' title='bbox 1323 1518 1378 1574; x_wconf 81' lang='grc' dir='ltr'>ἐν</span> <span class='ocrx_word' id='word_1_102' title='bbox 1421 1519 1568 1593; x_wconf 75' lang='grc' dir='ltr'>μὲσςρ</span> <span class='ocrx_word' id='word_1_103' title='bbox 1621 1526 1712 1576; x_wconf 77' lang='grc' dir='ltr'>τοῦ</span> <span class='ocrx_word' id='word_1_104' title='bbox 1769 1516 1975 1589; x_wconf 78' lang='grc' dir='ltr'>ὕδατος,</span> 
     </span>
    </p>
   </div>
   <div class='ocr_carea' id='block_1_17' title="bbox 333 1603 1982 1688">
    <p class='ocr_par' dir='ltr' id='par_1_17' title="bbox 333 1603 1982 1688">
     <span class='ocr_line' id='line_1_17' title="bbox 333 1603 1982 1688; baseline 0.001 -27"><span class='ocrx_word' id='word_1_105' title='bbox 333 1603 591 1673; x_wconf 73' lang='grc' dir='ltr'>τουτὲστι,</span> <span class='ocrx_word' id='word_1_106' title='bbox 667 1608 1018 1688; x_wconf 78' lang='grc' dir='ltr'>στερεωτέραν</span> <span class='ocrx_word' id='word_1_107' title='bbox 1076 1615 1183 1665; x_wconf 80' lang='grc' dir='ltr'>τῶν</span> <span class='ocrx_word' id='word_1_108' title='bbox 1238 1605 1439 1664; x_wconf 81' lang='grc' dir='ltr'>ὑδάτων</span> <span class='ocrx_word' id='word_1_109' title='bbox 1490 1606 1827 1688; x_wconf 78' lang='grc' dir='ltr'>ἰπόστασιν),</span> <span class='ocrx_word' id='word_1_110' title='bbox 1895 1608 1982 1663; x_wconf 82' lang='grc' dir='ltr'>καὶ</span> 
     </span>
    </p>
   </div>
   <div class='ocr_carea' id='block_1_18' title="bbox 2062 538 3709 624">
    <p class='ocr_par' dir='ltr' id='par_1_18' title="bbox 2062 538 3709 624">
     <span class='ocr_line' id='line_1_18' title="bbox 2062 538 3709 624; baseline 0.005 -25"><span class='ocrx_word' id='word_1_111' title='bbox 2062 547 2260 603; x_wconf 85' lang='lat' dir='ltr'><strong><em>autem</em></strong></span> <span class='ocrx_word' id='word_1_112' title='bbox 2283 542 2392 602; x_wconf 83' lang='lat' dir='ltr'><strong><em>hoc</em></strong></span> <span class='ocrx_word' id='word_1_113' title='bbox 2408 559 2484 603; x_wconf 87' lang='lat' dir='ltr'>ne</span> <span class='ocrx_word' id='word_1_114' title='bbox 2500 542 2683 603; x_wconf 86' lang='lat' dir='ltr'><strong><em>lateat</em></strong></span> <span class='ocrx_word' id='word_1_115' title='bbox 2703 538 3215 620; x_wconf 72' lang='lat' dir='ltr'><strong><em>vos,dzlecti,qnod</em></strong></span> <span class='ocrx_word' id='word_1_116' title='bbox 3225 559 3385 605; x_wconf 78' lang='lat' dir='ltr'><strong><em>unus</em></strong></span> <span class='ocrx_word' id='word_1_117' title='bbox 3404 543 3532 606; x_wconf 82' lang='lat' dir='ltr'><strong><em>dies</em></strong></span> <span class='ocrx_word' id='word_1_118' title='bbox 3544 545 3709 624; x_wconf 80' lang='lat' dir='ltr'><strong><em>apud</em></strong></span> 
     </span>
    </p>
   </div>
   <div class='ocr_carea' id='block_1_19' title="bbox 2071 629 3711 710">
    <p class='ocr_par' dir='ltr' id='par_1_19' title="bbox 2071 629 3711 710">
     <span class='ocr_line' id='line_1_19' title="bbox 2071 629 3711 710; baseline 0.005 -22"><span class='ocrx_word' id='word_1_119' title='bbox 2071 630 2391 691; x_wconf 71' lang='lat' dir='ltr'><strong><em>hominum</em></strong></span> <span class='ocrx_word' id='word_1_120' title='bbox 2413 630 2668 710; x_wconf 76' lang='lat' dir='ltr'><strong><em>perinde</em></strong></span> <span class='ocrx_word' id='word_1_121' title='bbox 2687 637 2863 692; x_wconf 83' lang='lat' dir='ltr'><strong><em>estut</em></strong></span> <span class='ocrx_word' id='word_1_122' title='bbox 2905 629 3073 691; x_wconf 81' lang='lat' dir='ltr'><strong>mille</strong></span> <span class='ocrx_word' id='word_1_123' title='bbox 3091 636 3263 703; x_wconf 78' lang='lat' dir='ltr'><strong><em>anni,</em></strong></span> <span class='ocrx_word' id='word_1_124' title='bbox 3291 638 3347 695; x_wconf 84' lang='lat' dir='ltr'>et</span> <span class='ocrx_word' id='word_1_125' title='bbox 3367 632 3532 695; x_wconf 79' lang='lat' dir='ltr'><strong>mille</strong></span> <span class='ocrx_word' id='word_1_126' title='bbox 3557 636 3711 696; x_wconf 83' lang='lat' dir='ltr'><strong><em>anni</em></strong></span> 
     </span>
    </p>
   </div>
   <div class='ocr_carea' id='block_1_20' title="bbox 2064 717 3703 803">
    <p class='ocr_par' dir='ltr' id='par_1_20' title="bbox 2064 717 3703 803">
     <span class='ocr_line' id='line_1_20' title="bbox 2064 717 3703 803; baseline 0.004 -25"><span class='ocrx_word' id='word_1_127' title='bbox 2064 723 2130 779; x_wconf 86' lang='lat' dir='ltr'>ut</span> <span class='ocrx_word' id='word_1_128' title='bbox 2150 718 2275 780; x_wconf 63' lang='lat' dir='ltr'><strong>dies</strong></span> <span class='ocrx_word' id='word_1_129' title='bbox 2298 737 2475 780; x_wconf 81' lang='lat' dir='ltr'><strong>unus.</strong></span> <span class='ocrx_word' id='word_1_130' title='bbox 2520 717 2656 781; x_wconf 70' lang='lat' dir='ltr'><strong><em>Non</em></strong></span> <span class='ocrx_word' id='word_1_131' title='bbox 2701 718 2904 780; x_wconf 79' lang='lat' dir='ltr'><strong><em>tardat</em></strong></span> <span class='ocrx_word' id='word_1_132' title='bbox 2945 720 3235 781; x_wconf 78' lang='lat' dir='ltr'>Dominus</span> <span class='ocrx_word' id='word_1_133' title='bbox 3276 727 3380 799; x_wconf 73' lang='lat' dir='ltr'><strong><em>qui</em></strong></span> <span class='ocrx_word' id='word_1_134' title='bbox 3393 724 3703 803; x_wconf 77' lang='lat' dir='ltr'><strong><em>promisit,</em></strong></span> 
     </span>
    </p>
   </div>
   <div class='ocr_carea' id='block_1_21' title="bbox 2062 805 3707 886">
    <p class='ocr_par' dir='ltr' id='par_1_21' title="bbox 2062 805 3707 886">
     <span class='ocr_line' id='line_1_21' title="bbox 2062 805 3707 886; baseline 0.007 -21"><span class='ocrx_word' id='word_1_135' title='bbox 2062 805 2206 867; x_wconf 69' lang='lat'>550</span> <span class='ocrx_word' id='word_1_136' title='bbox 2242 807 2740 886; x_wconf 79' lang='lat' dir='ltr'>quemadmodum</span> <span class='ocrx_word' id='word_1_137' title='bbox 2780 806 3059 869; x_wconf 74' lang='lat' dir='ltr'>nonnulli</span> <span class='ocrx_word' id='word_1_138' title='bbox 3103 812 3451 873; x_wconf 59' lang='lat' dir='ltr'><strong><em>tarditatem</em></strong></span> <span class='ocrx_word' id='word_1_139' title='bbox 3496 814 3707 876; x_wconf 71' lang='lat' dir='ltr'><strong><em>existi-</em></strong></span> 
     </span>
    </p>
   </div>
   <div class='ocr_carea' id='block_1_22' title="bbox 2065 895 3707 976">
    <p class='ocr_par' dir='ltr' id='par_1_22' title="bbox 2065 895 3707 976">
     <span class='ocr_line' id='line_1_22' title="bbox 2065 895 3707 976; baseline 0.003 -21"><span class='ocrx_word' id='word_1_140' title='bbox 2065 895 2748 972; x_wconf 71' lang='lat' dir='ltr'><strong><em>inant.sedtongan£1ms</em></strong></span> <span class='ocrx_word' id='word_1_141' title='bbox 2765 902 2851 956; x_wconf 85' lang='lat' dir='ltr'>est</span> <span class='ocrx_word' id='word_1_142' title='bbox 2873 912 3015 976; x_wconf 82' lang='lat' dir='ltr'><strong><em>erga</em></strong></span> <span class='ocrx_word' id='word_1_143' title='bbox 3037 897 3447 963; x_wconf 82' lang='lat' dir='ltr'><strong><em>nos.dumnon</em></strong></span> <span class='ocrx_word' id='word_1_144' title='bbox 3467 900 3596 963; x_wconf 78' lang='lat' dir='ltr'><strong><em>vult</em></strong></span> <span class='ocrx_word' id='word_1_145' title='bbox 3617 906 3707 964; x_wconf 76' lang='lat' dir='ltr'>ut-</span> 
     </span>
    </p>
   </div>
   <div class='ocr_carea' id='block_1_23' title="bbox 2064 983 3616 1064">
    <p class='ocr_par' dir='ltr' id='par_1_23' title="bbox 2064 983 3616 1064">
     <span class='ocr_line' id='line_1_23' title="bbox 2064 983 3616 1064; baseline 0.002 -19"><span class='ocrx_word' id='word_1_146' title='bbox 2064 983 2149 1046; x_wconf 88' lang='lat' dir='ltr'>los</span> <span class='ocrx_word' id='word_1_147' title='bbox 2176 988 2398 1064; x_wconf 81' lang='lat' dir='ltr'><strong><em>perire,</em></strong></span> <span class='ocrx_word' id='word_1_148' title='bbox 2420 985 2520 1046; x_wconf 85' lang='lat' dir='ltr'>sed</span> <span class='ocrx_word' id='word_1_149' title='bbox 2550 1002 2752 1046; x_wconf 82' lang='lat' dir='ltr'><strong><em>omnes</em></strong></span> <span class='ocrx_word' id='word_1_150' title='bbox 2772 984 2851 1045; x_wconf 88' lang='lat' dir='ltr'><strong><em>ad</em></strong></span> <span class='ocrx_word' id='word_1_151' title='bbox 2876 985 3290 1063; x_wconf 76' lang='lat' dir='ltr'><strong><em>paenitentiam</em></strong></span> <span class='ocrx_word' id='word_1_152' title='bbox 3317 989 3616 1054; x_wconf 77' lang='lat' dir='ltr'>accedere.</span> 
     </span>
    </p>
   </div>
   <div class='ocr_carea' id='block_1_24' title="bbox 2144 1071 3702 1156">
    <p class='ocr_par' dir='ltr' id='par_1_24' title="bbox 2144 1071 3702 1156">
     <span class='ocr_line' id='line_1_24' title="bbox 2144 1071 3702 1156; baseline 0.004 -22"><span class='ocrx_word' id='word_1_153' title='bbox 2144 1072 2211 1134; x_wconf 90' lang='lat' dir='ltr'><strong><em>Et</em></strong></span> <span class='ocrx_word' id='word_1_154' title='bbox 2229 1072 2371 1154; x_wconf 86' lang='lat' dir='ltr'><strong><em>quid</em></strong></span> <span class='ocrx_word' id='word_1_155' title='bbox 2389 1073 2657 1153; x_wconf 67' lang='lat' dir='ltr'><strong><em>estzquod</em></strong></span> <span class='ocrx_word' id='word_1_156' title='bbox 2681 1071 2999 1133; x_wconf 86' lang='lat' dir='ltr'><strong><em>nesciunt?</em></strong></span> <span class='ocrx_word' id='word_1_157' title='bbox 3014 1074 3173 1153; x_wconf 91' lang='lat' dir='ltr'><strong><em>quod</em></strong></span> <span class='ocrx_word' id='word_1_158' title='bbox 3205 1077 3702 1156; x_wconf 81' lang='lat' dir='ltr'>quemadmodum</span> 
     </span>
    </p>
   </div>
   <div class='ocr_carea' id='block_1_25' title="bbox 2061 1160 3703 1241">
    <p class='ocr_par' dir='ltr' id='par_1_25' title="bbox 2061 1160 3703 1241">
     <span class='ocr_line' id='line_1_25' title="bbox 2061 1160 3703 1241; baseline 0.002 -16"><span class='ocrx_word' id='word_1_159' title='bbox 2061 1164 2121 1225; x_wconf 91' lang='lat' dir='ltr'><strong><em>in</em></strong></span> <span class='ocrx_word' id='word_1_160' title='bbox 2153 1161 2372 1223; x_wconf 83' lang='lat' dir='ltr'><strong><em>diluvio</em></strong></span> <span class='ocrx_word' id='word_1_161' title='bbox 2398 1170 2570 1223; x_wconf 84' lang='lat' dir='ltr'><strong><em>erant</em></strong></span> <span class='ocrx_word' id='word_1_162' title='bbox 2599 1160 2735 1223; x_wconf 65' lang='lat' dir='ltr'><strong><em>caeli</em></strong></span> <span class='ocrx_word' id='word_1_163' title='bbox 2769 1179 2837 1222; x_wconf 86' lang='lat' dir='ltr'><strong>ex</strong></span> <span class='ocrx_word' id='word_1_164' title='bbox 2859 1179 3009 1241; x_wconf 83' lang='lat' dir='ltr'><strong><em>aqua</em></strong></span> <span class='ocrx_word' id='word_1_165' title='bbox 3021 1161 3190 1240; x_wconf 83' lang='lat' dir='ltr'><strong><em>juxta</em></strong></span> <span class='ocrx_word' id='word_1_166' title='bbox 3212 1164 3415 1226; x_wconf 86' lang='lat' dir='ltr'><strong>mundi</strong></span> <span class='ocrx_word' id='word_1_167' title='bbox 3440 1167 3703 1229; x_wconf 84' lang='lat' dir='ltr'><strong><em>creatio-</em></strong></span> 
     </span>
    </p>
   </div>
   <div class='ocr_carea' id='block_1_26' title="bbox 2063 1249 3701 1335">
    <p class='ocr_par' dir='ltr' id='par_1_26' title="bbox 2063 1249 3701 1335">
     <span class='ocr_line' id='line_1_26' title="bbox 2063 1249 3701 1335; baseline 0.003 -22"><span class='ocrx_word' id='word_1_168' title='bbox 2063 1270 2195 1313; x_wconf 87' lang='lat' dir='ltr'><strong>nem</strong></span> <span class='ocrx_word' id='word_1_169' title='bbox 2219 1269 2251 1310; x_wconf 90' lang='lat' dir='ltr'>a</span> <span class='ocrx_word' id='word_1_170' title='bbox 2267 1249 2425 1312; x_wconf 76' lang='lat' dir='ltr'><strong><em>Mose</em></strong></span> <span class='ocrx_word' id='word_1_171' title='bbox 2449 1259 2744 1311; x_wconf 77' lang='lat' dir='ltr'><strong><em>narratam</em></strong></span> <span class='ocrx_word' id='word_1_172' title='bbox 2771 1267 2785 1311; x_wconf 91' lang='lat'><strong>:</strong></span> <span class='ocrx_word' id='word_1_173' title='bbox 2816 1249 2968 1330; x_wconf 91' lang='lat' dir='ltr'><strong><em>(ipse</em></strong></span> <span class='ocrx_word' id='word_1_174' title='bbox 2996 1250 3153 1311; x_wconf 91' lang='lat' dir='ltr'><strong><em>enim</em></strong></span> <span class='ocrx_word' id='word_1_175' title='bbox 3177 1251 3362 1314; x_wconf 89' lang='lat' dir='ltr'><strong><em>Deum</em></strong></span> <span class='ocrx_word' id='word_1_176' title='bbox 3377 1254 3701 1335; x_wconf 67' lang='lat' dir='ltr'><strong><em>aitpraace-</em></strong></span> 
     </span>
    </p>
   </div>
   <div class='ocr_carea' id='block_1_27' title="bbox 2067 1338 3707 1423">
    <p class='ocr_par' dir='ltr' id='par_1_27' title="bbox 2067 1338 3707 1423">
     <span class='ocr_line' id='line_1_27' title="bbox 2067 1338 3707 1423; baseline 0.004 -22"><span class='ocrx_word' id='word_1_177' title='bbox 2067 1341 2222 1421; x_wconf 82' lang='lat' dir='ltr'>pisse</span> <span class='ocrx_word' id='word_1_178' title='bbox 2254 1348 2319 1400; x_wconf 91' lang='lat' dir='ltr'>ut</span> <span class='ocrx_word' id='word_1_179' title='bbox 2354 1340 2522 1400; x_wconf 81' lang='lat' dir='ltr'><strong><em>ﬁeret</em></strong></span> <span class='ocrx_word' id='word_1_180' title='bbox 2552 1340 2991 1399; x_wconf 84' lang='lat' dir='ltr'><strong>ﬁrmamentum</strong></span> <span class='ocrx_word' id='word_1_181' title='bbox 3012 1338 3070 1399; x_wconf 94' lang='lat' dir='ltr'><strong><em>in</em></strong></span> <span class='ocrx_word' id='word_1_182' title='bbox 3096 1341 3294 1402; x_wconf 89' lang='lat' dir='ltr'><strong><em>medio</em></strong></span> <span class='ocrx_word' id='word_1_183' title='bbox 3314 1359 3484 1423; x_wconf 71' lang='lat' dir='ltr'><strong><em>aqum</em></strong></span> <span class='ocrx_word' id='word_1_184' title='bbox 3501 1343 3707 1423; x_wconf 50' lang='grc' dir='ltr'>ξολιοο</span> 
     </span>
    </p>
   </div>
   <div class='ocr_carea' id='block_1_28' title="bbox 2066 1424 3705 1513">
    <p class='ocr_par' dir='ltr' id='par_1_28' title="bbox 2066 1424 3705 1513">
     <span class='ocr_line' id='line_1_28' title="bbox 2066 1424 3705 1513; baseline 0.002 -24"><span class='ocrx_word' id='word_1_185' title='bbox 2066 1426 2689 1506; x_wconf 77' lang='lat' dir='ltr'><strong><em>estﬁrmioraquarum</em></strong></span> <span class='ocrx_word' id='word_1_186' title='bbox 2704 1424 3031 1486; x_wconf 89' lang='lat' dir='ltr'><strong><em>substantia</em></strong></span> <span class='ocrx_word' id='word_1_187' title='bbox 3042 1444 3053 1500; x_wconf 69' lang='grc' dir='ltr'>ι</span> <span class='ocrx_word' id='word_1_188' title='bbox 3071 1445 3084 1486; x_wconf 92' lang='lat'>:</span> <span class='ocrx_word' id='word_1_189' title='bbox 3104 1426 3182 1487; x_wconf 91' lang='lat' dir='ltr'>ita</span> <span class='ocrx_word' id='word_1_190' title='bbox 3195 1434 3254 1489; x_wconf 91' lang='lat' dir='ltr'><strong><em>et</em></strong></span> <span class='ocrx_word' id='word_1_191' title='bbox 3286 1437 3440 1491; x_wconf 90' lang='lat' dir='ltr'><strong><em>terra</em></strong></span> <span class='ocrx_word' id='word_1_192' title='bbox 3457 1449 3526 1492; x_wconf 82' lang='lat' dir='ltr'><strong>ex</strong></span> <span class='ocrx_word' id='word_1_193' title='bbox 3537 1432 3705 1513; x_wconf 81' lang='lat' dir='ltr'><strong>aquis</strong></span> 
     </span>
    </p>
   </div>
   <div class='ocr_carea' id='block_1_29' title="bbox 2060 1513 3703 1600">
    <p class='ocr_par' dir='ltr' id='par_1_29' title="bbox 2060 1513 3703 1600">
     <span class='ocr_line' id='line_1_29' title="bbox 2060 1513 3703 1600; baseline 0.003 -23"><span class='ocrx_word' id='word_1_194' title='bbox 2060 1516 2331 1597; x_wconf 89' lang='lat' dir='ltr'><strong><em>apparuit</em></strong></span> <span class='ocrx_word' id='word_1_195' title='bbox 2340 1513 3023 1596; x_wconf 65' lang='lat' dir='ltr'><strong><em>jussulionditoris,qute</em></strong></span> <span class='ocrx_word' id='word_1_196' title='bbox 3041 1514 3216 1576; x_wconf 90' lang='lat' dir='ltr'><strong><em>etiam</em></strong></span> <span class='ocrx_word' id='word_1_197' title='bbox 3235 1516 3293 1577; x_wconf 90' lang='lat' dir='ltr'>in</span> <span class='ocrx_word' id='word_1_198' title='bbox 3312 1517 3430 1579; x_wconf 87' lang='lat' dir='ltr'>illis</span> <span class='ocrx_word' id='word_1_199' title='bbox 3445 1520 3703 1600; x_wconf 89' lang='lat' dir='ltr'><strong><em>primum</em></strong></span> 
     </span>
    </p>
   </div>
   <div class='ocr_carea' id='block_1_30' title="bbox 2063 1602 3705 1682">
    <p class='ocr_par' dir='ltr' id='par_1_30' title="bbox 2063 1602 3705 1682">
     <span class='ocr_line' id='line_1_30' title="bbox 2063 1602 3705 1682; baseline 0.004 -16"><span class='ocrx_word' id='word_1_200' title='bbox 2063 1604 2337 1667; x_wconf 87' lang='lat' dir='ltr'><strong><em>demersa</em></strong></span> <span class='ocrx_word' id='word_1_201' title='bbox 2365 1615 2509 1666; x_wconf 86' lang='lat' dir='ltr'><strong><em>erat.</em></strong></span> <span class='ocrx_word' id='word_1_202' title='bbox 2542 1602 2612 1664; x_wconf 88' lang='lat' dir='ltr'><strong><em>Et</em></strong></span> <span class='ocrx_word' id='word_1_203' title='bbox 2643 1603 3142 1682; x_wconf 82' lang='lat' dir='ltr'><strong>quemadmodum</strong></span> <span class='ocrx_word' id='word_1_204' title='bbox 3183 1606 3327 1667; x_wconf 60' lang='lat' dir='ltr'><strong><em>caelo</em></strong></span> <span class='ocrx_word' id='word_1_205' title='bbox 3348 1625 3417 1669; x_wconf 86' lang='lat' dir='ltr'>ac</span> <span class='ocrx_word' id='word_1_206' title='bbox 3449 1617 3606 1670; x_wconf 88' lang='lat' dir='ltr'><strong><em>terra</em></strong></span> <span class='ocrx_word' id='word_1_207' title='bbox 3634 1628 3705 1673; x_wconf 81' lang='lat' dir='ltr'><strong>ex</strong></span> 
     </span>
    </p>
   </div>
   <div class='ocr_carea' id='block_1_31' title="bbox 334 1691 1975 1782">
    <p class='ocr_par' dir='ltr' id='par_1_31' title="bbox 334 1692 1975 1777">
     <span class='ocr_line' id='line_1_31' title="bbox 334 1692 1975 1777; baseline 0.002 -28"><span class='ocrx_word' id='word_1_208' title='bbox 334 1693 369 1759; x_wconf 78' lang='grc' dir='ltr'>ἡ</span> <span class='ocrx_word' id='word_1_209' title='bbox 411 1697 484 1771; x_wconf 74' lang='grc' dir='ltr'><strong>γῆ</strong></span> <span class='ocrx_word' id='word_1_210' title='bbox 538 1692 598 1750; x_wconf 78' lang='grc' dir='ltr'>δὲ</span> <span class='ocrx_word' id='word_1_211' title='bbox 663 1696 913 1761; x_wconf 77' lang='grc' dir='ltr'>ὡσαύτως</span> <span class='ocrx_word' id='word_1_212' title='bbox 956 1696 1016 1752; x_wconf 82' lang='grc' dir='ltr'>ἐκ</span> <span class='ocrx_word' id='word_1_213' title='bbox 1055 1699 1161 1753; x_wconf 75' lang='grc' dir='ltr'>τῶν</span> <span class='ocrx_word' id='word_1_214' title='bbox 1202 1694 1401 1753; x_wconf 82' lang='grc' dir='ltr'>ὑδάτων</span> <span class='ocrx_word' id='word_1_215' title='bbox 1459 1696 1692 1777; x_wconf 67' lang='grc' dir='ltr'>ἀνεφάνη</span> <span class='ocrx_word' id='word_1_216' title='bbox 1745 1703 1824 1771; x_wconf 80' lang='grc' dir='ltr'>τῷ</span> <span class='ocrx_word' id='word_1_217' title='bbox 1891 1704 1975 1753; x_wconf 72' lang='grc' dir='ltr'>τοῦ</span> 
     </span>
    </p>
   </div>
   <div class='ocr_carea' id='block_1_32' title="bbox 2058 1691 3704 1782">
    <p class='ocr_par' dir='ltr' id='par_1_32' title="bbox 2064 1691 3704 1776">
     <span class='ocr_line' id='line_1_32' title="bbox 2064 1691 3704 1776; baseline 0.003 -21"><span class='ocrx_word' id='word_1_218' title='bbox 2064 1713 2214 1775; x_wconf 86' lang='lat' dir='ltr'><strong><em>aqua</em></strong></span> <span class='ocrx_word' id='word_1_219' title='bbox 2243 1693 2577 1756; x_wconf 82' lang='lat' dir='ltr'>constitutis</span> <span class='ocrx_word' id='word_1_220' title='bbox 2607 1692 2890 1752; x_wconf 86' lang='lat' dir='ltr'><strong>diluvium</strong></span> <span class='ocrx_word' id='word_1_221' title='bbox 2923 1691 3225 1773; x_wconf 89' lang='lat' dir='ltr'><strong><em>inopinato</em></strong></span> <span class='ocrx_word' id='word_1_222' title='bbox 3254 1698 3704 1776; x_wconf 82' lang='lat' dir='ltr'><strong><em>supervenit,ita</em></strong></span> 
     </span>
    </p>
   </div>
   <div class='ocr_carea' id='block_1_33' title="bbox 334 1780 1980 1865">
    <p class='ocr_par' dir='ltr' id='par_1_33' title="bbox 334 1780 1980 1865">
     <span class='ocr_line' id='line_1_33' title="bbox 334 1780 1980 1865; baseline 0.001 -30"><span class='ocrx_word' id='word_1_223' title='bbox 334 1780 544 1838; x_wconf 75' lang='grc' dir='ltr'>κτίστου</span> <span class='ocrx_word' id='word_1_224' title='bbox 591 1784 983 1862; x_wconf 79' lang='grc' dir='ltr'>προστάγματι,</span> <span class='ocrx_word' id='word_1_225' title='bbox 1040 1786 1129 1842; x_wconf 85' lang='grc' dir='ltr'>καὶ</span> <span class='ocrx_word' id='word_1_226' title='bbox 1183 1781 1504 1865; x_wconf 82' lang='grc' dir='ltr'>ὑποϐρύχιος</span> <span class='ocrx_word' id='word_1_227' title='bbox 1548 1787 1732 1849; x_wconf 75' lang='grc' dir='ltr'>αὑτοῖς</span> <span class='ocrx_word' id='word_1_228' title='bbox 1792 1784 1980 1862; x_wconf 84' lang='grc' dir='ltr'>πρῴην</span> 
     </span>
    </p>
   </div>
   <div class='ocr_carea' id='block_1_34' title="bbox 328 1868 1981 1951">
    <p class='ocr_par' dir='ltr' id='par_1_34' title="bbox 328 1868 1981 1951">
     <span class='ocr_line' id='line_1_34' title="bbox 328 1868 1981 1951; baseline 0.001 -26"><span class='ocrx_word' id='word_1_229' title='bbox 328 1868 485 1931; x_wconf 70' lang='grc' dir='ltr'>οὖσα.</span> <span class='ocrx_word' id='word_1_230' title='bbox 542 1873 645 1929; x_wconf 78' lang='grc' dir='ltr'>Καὶ</span> <span class='ocrx_word' id='word_1_231' title='bbox 699 1874 774 1937; x_wconf 84' lang='grc' dir='ltr'>ὡς</span> <span class='ocrx_word' id='word_1_232' title='bbox 828 1872 881 1938; x_wconf 71' lang='grc' dir='ltr'>ἒξ</span> <span class='ocrx_word' id='word_1_233' title='bbox 950 1872 1149 1931; x_wconf 79' lang='grc' dir='ltr'>ὑδάτων</span> <span class='ocrx_word' id='word_1_234' title='bbox 1217 1877 1555 1934; x_wconf 83' lang='grc' dir='ltr'>συνεστώτων</span> <span class='ocrx_word' id='word_1_235' title='bbox 1610 1876 1826 1951; x_wconf 72' lang='grc' dir='ltr'>οὑρανου</span> <span class='ocrx_word' id='word_1_236' title='bbox 1894 1872 1981 1930; x_wconf 84' lang='grc' dir='ltr'>καὶ</span> 
     </span>
    </p>
   </div>
   <div class='ocr_carea' id='block_1_35' title="bbox 335 1960 1982 2041">
    <p class='ocr_par' dir='ltr' id='par_1_35' title="bbox 335 1960 1982 2041">
     <span class='ocr_line' id='line_1_35' title="bbox 335 1960 1982 2041; baseline 0.002 -25"><span class='ocrx_word' id='word_1_237' title='bbox 335 1964 461 2037; x_wconf 81' lang='grc' dir='ltr'>γῆς,</span> <span class='ocrx_word' id='word_1_238' title='bbox 536 1962 565 2016; x_wconf 87' lang='lat'>6</span> <span class='ocrx_word' id='word_1_239' title='bbox 620 1960 990 2039; x_wconf 78' lang='grc' dir='ltr'>κατακλυσμὸς</span> <span class='ocrx_word' id='word_1_240' title='bbox 1048 1961 1273 2030; x_wconf 77' lang='grc' dir='ltr'>ἐπῆλθεν</span> <span class='ocrx_word' id='word_1_241' title='bbox 1316 1961 1753 2041; x_wconf 79' lang='grc' dir='ltr'>ἀπροσδοκήτως,</span> <span class='ocrx_word' id='word_1_242' title='bbox 1812 1964 1982 2020; x_wconf 76' lang='grc' dir='ltr'>ὡσαύ-</span> 
     </span>
    </p>
   </div>
   <div class='ocr_carea' id='block_1_36' title="bbox 335 2049 1981 2133">
    <p class='ocr_par' dir='ltr' id='par_1_36' title="bbox 335 2049 1981 2133">
     <span class='ocr_line' id='line_1_36' title="bbox 335 2049 1981 2133; baseline 0.004 -29"><span class='ocrx_word' id='word_1_243' title='bbox 335 2070 439 2113; x_wconf 85' lang='grc' dir='ltr'>τως</span> <span class='ocrx_word' id='word_1_244' title='bbox 495 2049 585 2106; x_wconf 81' lang='grc' dir='ltr'>καὶ</span> <span class='ocrx_word' id='word_1_245' title='bbox 657 2052 744 2107; x_wconf 79' lang='grc' dir='ltr'>νῦν</span> <span class='ocrx_word' id='word_1_246' title='bbox 813 2049 904 2108; x_wconf 82' lang='grc' dir='ltr'>διὰ</span> <span class='ocrx_word' id='word_1_247' title='bbox 944 2055 1107 2133; x_wconf 81' lang='grc' dir='ltr'>πυρὸς</span> <span class='ocrx_word' id='word_1_248' title='bbox 1151 2053 1428 2110; x_wconf 80' lang='grc' dir='ltr'>ἀπόκειται</span> <span class='ocrx_word' id='word_1_249' title='bbox 1488 2054 1586 2120; x_wconf 76' lang='grc' dir='ltr'>τὴν</span> <span class='ocrx_word' id='word_1_250' title='bbox 1643 2053 1834 2132; x_wconf 70' lang='grc' dir='ltr'>φθορὰν</span> <span class='ocrx_word' id='word_1_251' title='bbox 1890 2061 1981 2110; x_wconf 83' lang='grc' dir='ltr'>τοὺ</span> 
     </span>
    </p>
   </div>
   <div class='ocr_carea' id='block_1_37' title="bbox 334 2138 1970 2217">
    <p class='ocr_par' dir='ltr' id='par_1_37' title="bbox 334 2138 1970 2217">
     <span class='ocr_line' id='line_1_37' title="bbox 334 2138 1970 2217; baseline 0.004 -24"><span class='ocrx_word' id='word_1_252' title='bbox 334 2138 530 2201; x_wconf 81' lang='grc' dir='ltr'>παντὸς</span> <span class='ocrx_word' id='word_1_253' title='bbox 561 2138 823 2217; x_wconf 77' lang='grc' dir='ltr'>γενέσθαι,</span> <span class='ocrx_word' id='word_1_254' title='bbox 870 2141 986 2215; x_wconf 81' lang='grc' dir='ltr'>μεθ’</span> <span class='ocrx_word' id='word_1_255' title='bbox 1038 2144 1099 2198; x_wconf 75' lang='grc' dir='ltr'>οὗ</span> <span class='ocrx_word' id='word_1_256' title='bbox 1137 2143 1225 2199; x_wconf 85' lang='grc' dir='ltr'>καὶ</span> <span class='ocrx_word' id='word_1_257' title='bbox 1281 2143 1328 2199; x_wconf 77' lang='grc' dir='ltr'>οἱ</span> <span class='ocrx_word' id='word_1_258' title='bbox 1356 2140 1570 2206; x_wconf 75' lang='grc' dir='ltr'>ἀσεϐεῖς</span> <span class='ocrx_word' id='word_1_259' title='bbox 1626 2140 1970 2200; x_wconf 76' lang='grc' dir='ltr'>ἀπολοῦνται.</span> 
     </span>
    </p>
   </div>
   <div class='ocr_carea' id='block_1_38' title="bbox 341 2226 1977 2309">
    <p class='ocr_par' dir='ltr' id='par_1_38' title="bbox 341 2226 1977 2309">
     <span class='ocr_line' id='line_1_38' title="bbox 341 2226 1977 2309; baseline 0.003 -29"><span class='ocrx_word' id='word_1_260' title='bbox 341 2226 440 2282; x_wconf 82' lang='grc' dir='ltr'>Δύο</span> <span class='ocrx_word' id='word_1_261' title='bbox 481 2228 583 2306; x_wconf 78' lang='grc' dir='ltr'>γὰρ</span> <span class='ocrx_word' id='word_1_262' title='bbox 652 2227 817 2285; x_wconf 73' lang='grc' dir='ltr'>ὄντων</span> <span class='ocrx_word' id='word_1_263' title='bbox 880 2237 985 2287; x_wconf 78' lang='grc' dir='ltr'>τῶν</span> <span class='ocrx_word' id='word_1_264' title='bbox 1038 2230 1499 2288; x_wconf 78' lang='grc' dir='ltr'>συνεκτικωτάτων</span> <span class='ocrx_word' id='word_1_265' title='bbox 1554 2231 1835 2309; x_wconf 77' lang='grc' dir='ltr'>στοιχείων</span> <span class='ocrx_word' id='word_1_266' title='bbox 1884 2235 1977 2285; x_wconf 80' lang='grc' dir='ltr'>τοῦ</span> 
     </span>
    </p>
   </div>
   <div class='ocr_carea' id='block_1_39' title="bbox 332 2313 1977 2401">
    <p class='ocr_par' dir='ltr' id='par_1_39' title="bbox 332 2313 1977 2401">
     <span class='ocr_line' id='line_1_39' title="bbox 332 2313 1977 2401; baseline 0.003 -31"><span class='ocrx_word' id='word_1_267' title='bbox 332 2316 550 2387; x_wconf 81' lang='grc' dir='ltr'>παντὸς,</span> <span class='ocrx_word' id='word_1_268' title='bbox 583 2313 771 2380; x_wconf 71' lang='grc' dir='ltr'>ὕδατος</span> <span class='ocrx_word' id='word_1_269' title='bbox 816 2320 905 2375; x_wconf 85' lang='grc' dir='ltr'>καὶ</span> <span class='ocrx_word' id='word_1_270' title='bbox 951 2322 1135 2399; x_wconf 77' lang='grc' dir='ltr'>πυρὸς,</span> <span class='ocrx_word' id='word_1_271' title='bbox 1193 2318 1285 2401; x_wconf 70' lang='grc' dir='ltr'>ἀφ’</span> <span class='ocrx_word' id='word_1_272' title='bbox 1326 2323 1400 2377; x_wconf 83' lang='grc' dir='ltr'>ὧν</span> <span class='ocrx_word' id='word_1_273' title='bbox 1455 2321 1541 2375; x_wconf 87' lang='grc' dir='ltr'>καὶ</span> <span class='ocrx_word' id='word_1_274' title='bbox 1580 2320 1648 2375; x_wconf 73' lang='grc' dir='ltr'>τὰ</span> <span class='ocrx_word' id='word_1_275' title='bbox 1686 2317 1848 2377; x_wconf 80' lang='grc' dir='ltr'>λοιπὰ</span> <span class='ocrx_word' id='word_1_276' title='bbox 1888 2315 1977 2375; x_wconf 75' lang='grc' dir='ltr'>δύο</span> 
     </span>
    </p>
   </div>
   <div class='ocr_carea' id='block_1_40' title="bbox 333 2406 1975 2488">
    <p class='ocr_par' dir='ltr' id='par_1_40' title="bbox 333 2406 1975 2488">
     <span class='ocr_line' id='line_1_40' title="bbox 333 2406 1975 2488; baseline 0.004 -30"><span class='ocrx_word' id='word_1_277' title='bbox 333 2417 580 2484; x_wconf 78' lang='grc' dir='ltr'>στοιχεῖα</span> <span class='ocrx_word' id='word_1_278' title='bbox 640 2407 701 2462; x_wconf 86' lang='lat'>16</span> <span class='ocrx_word' id='word_1_279' title='bbox 765 2407 907 2464; x_wconf 77' lang='grc' dir='ltr'>εἶναι</span> <span class='ocrx_word' id='word_1_280' title='bbox 977 2406 1325 2488; x_wconf 78' lang='grc' dir='ltr'>λαμϐάνουσι,</span> <span class='ocrx_word' id='word_1_281' title='bbox 1392 2409 1497 2486; x_wconf 69' lang='grc' dir='ltr'>ἀὴρ</span> <span class='ocrx_word' id='word_1_282' title='bbox 1539 2410 1638 2483; x_wconf 78' lang='grc' dir='ltr'>μὲν</span> <span class='ocrx_word' id='word_1_283' title='bbox 1693 2406 1975 2482; x_wconf 77' lang='grc' dir='ltr'>ἐξατμιζο-</span> 
     </span>
    </p>
   </div>
   <div class='ocr_carea' id='block_1_41' title="bbox 333 2492 1971 2576">
    <p class='ocr_par' dir='ltr' id='par_1_41' title="bbox 333 2492 1971 2576">
     <span class='ocr_line' id='line_1_41' title="bbox 333 2492 1971 2576; baseline 0.001 -27"><span class='ocrx_word' id='word_1_284' title='bbox 333 2492 504 2567; x_wconf 81' lang='grc' dir='ltr'>μένων</span> <span class='ocrx_word' id='word_1_285' title='bbox 545 2501 654 2551; x_wconf 78' lang='grc' dir='ltr'>τῶν</span> <span class='ocrx_word' id='word_1_286' title='bbox 680 2493 902 2573; x_wconf 77' lang='grc' dir='ltr'>ὑδάτων,</span> <span class='ocrx_word' id='word_1_287' title='bbox 947 2502 1020 2574; x_wconf 78' lang='grc' dir='ltr'>γῆ</span> <span class='ocrx_word' id='word_1_288' title='bbox 1067 2495 1123 2554; x_wconf 80' lang='grc' dir='ltr'>δὲ</span> <span class='ocrx_word' id='word_1_289' title='bbox 1166 2499 1585 2576; x_wconf 70' lang='grc' dir='ltr'>συγκρινομὲνων</span> <span class='ocrx_word' id='word_1_290' title='bbox 1633 2504 1739 2553; x_wconf 85' lang='grc' dir='ltr'>τῶν</span> <span class='ocrx_word' id='word_1_291' title='bbox 1781 2497 1971 2575; x_wconf 69' lang='grc' dir='ltr'>αὑτων,</span> 
     </span>
    </p>
   </div>
   <div class='ocr_carea' id='block_1_42' title="bbox 334 2582 1972 2668">
    <p class='ocr_par' dir='ltr' id='par_1_42' title="bbox 334 2582 1972 2668">
     <span class='ocr_line' id='line_1_42' title="bbox 334 2582 1972 2668; baseline 0.005 -30"><span class='ocrx_word' id='word_1_292' title='bbox 334 2585 430 2668; x_wconf 80' lang='grc' dir='ltr'>τῆς</span> <span class='ocrx_word' id='word_1_293' title='bbox 488 2582 805 2658; x_wconf 68' lang='grc' dir='ltr'>ἐξατμίσεως</span> <span class='ocrx_word' id='word_1_294' title='bbox 885 2589 960 2650; x_wconf 84' lang='grc' dir='ltr'>ὡς</span> <span class='ocrx_word' id='word_1_295' title='bbox 1016 2587 1078 2643; x_wconf 79' lang='grc' dir='ltr'>ἐκ</span> <span class='ocrx_word' id='word_1_296' title='bbox 1133 2589 1293 2668; x_wconf 84' lang='grc' dir='ltr'>πυρὸς</span> <span class='ocrx_word' id='word_1_297' title='bbox 1335 2590 1423 2645; x_wconf 75' lang='grc' dir='ltr'>καὶ</span> <span class='ocrx_word' id='word_1_298' title='bbox 1479 2589 1576 2654; x_wconf 80' lang='grc' dir='ltr'>τῆς</span> <span class='ocrx_word' id='word_1_299' title='bbox 1634 2585 1972 2666; x_wconf 77' lang='grc' dir='ltr'>συγκρίσεως,</span> 
     </span>
    </p>
   </div>
   <div class='ocr_carea' id='block_1_43' title="bbox 333 2667 1976 2756">
    <p class='ocr_par' dir='ltr' id='par_1_43' title="bbox 333 2667 1976 2756">
     <span class='ocr_line' id='line_1_43' title="bbox 333 2667 1976 2756; baseline -0.001 -27"><span class='ocrx_word' id='word_1_300' title='bbox 333 2667 537 2756; x_wconf 67' lang='grc' dir='ltr'>οὐδενὸς</span> <span class='ocrx_word' id='word_1_301' title='bbox 595 2678 702 2728; x_wconf 78' lang='grc' dir='ltr'>τῶν</span> <span class='ocrx_word' id='word_1_302' title='bbox 762 2680 883 2731; x_wconf 82' lang='grc' dir='ltr'>νοῦν</span> <span class='ocrx_word' id='word_1_303' title='bbox 921 2674 1158 2756; x_wconf 74' lang='grc' dir='ltr'>ἐχόντων</span> <span class='ocrx_word' id='word_1_304' title='bbox 1208 2667 1549 2742; x_wconf 69' lang='grc' dir='ltr'>ἀπιστοῦντος</span> <span class='ocrx_word' id='word_1_305' title='bbox 1596 2677 1809 2749; x_wconf 84' lang='grc' dir='ltr'>(ταύτην</span> <span class='ocrx_word' id='word_1_306' title='bbox 1877 2674 1976 2753; x_wconf 80' lang='grc' dir='ltr'>γὰρ</span> 
     </span>
    </p>
   </div>
   <div class='ocr_carea' id='block_1_44' title="bbox 334 2755 1975 2843">
    <p class='ocr_par' dir='ltr' id='par_1_44' title="bbox 334 2755 1975 2843">
     <span class='ocr_line' id='line_1_44' title="bbox 334 2755 1975 2843; baseline 0.002 -28"><span class='ocrx_word' id='word_1_307' title='bbox 334 2755 547 2834; x_wconf 78' lang='grc' dir='ltr'>δύναμιν</span> <span class='ocrx_word' id='word_1_308' title='bbox 576 2762 680 2817; x_wconf 79' lang='grc' dir='ltr'>ὑπὸ</span> <span class='ocrx_word' id='word_1_309' title='bbox 708 2772 801 2821; x_wconf 78' lang='grc' dir='ltr'>τοῦ</span> <span class='ocrx_word' id='word_1_310' title='bbox 827 2755 1154 2835; x_wconf 69' lang='grc' dir='ltr'>ποιήσαντος</span> <span class='ocrx_word' id='word_1_311' title='bbox 1186 2773 1316 2823; x_wconf 80' lang='grc' dir='ltr'>Θεοῦ</span> <span class='ocrx_word' id='word_1_312' title='bbox 1360 2767 1395 2835; x_wconf 77' lang='grc' dir='ltr'><strong>ἡ</strong></span> <span class='ocrx_word' id='word_1_313' title='bbox 1445 2772 1539 2822; x_wconf 82' lang='grc' dir='ltr'>τοῦ</span> <span class='ocrx_word' id='word_1_314' title='bbox 1593 2766 1754 2843; x_wconf 78' lang='grc' dir='ltr'>πυρὸς</span> <span class='ocrx_word' id='word_1_315' title='bbox 1809 2761 1975 2842; x_wconf 76' lang='grc' dir='ltr'>ἔλαχε</span> 
     </span>
    </p>
   </div>
   <div class='ocr_carea' id='block_1_45' title="bbox 335 2848 1974 2934">
    <p class='ocr_par' dir='ltr' id='par_1_45' title="bbox 335 2848 1974 2934">
     <span class='ocr_line' id='line_1_45' title="bbox 335 2848 1974 2934; baseline -0.002 -23"><span class='ocrx_word' id='word_1_316' title='bbox 335 2848 507 2934; x_wconf 62' lang='grc' dir='ltr'>φύσις)</span> <span class='ocrx_word' id='word_1_317' title='bbox 547 2867 564 2885; x_wconf 90' lang='grc'><strong>·</strong></span> <span class='ocrx_word' id='word_1_318' title='bbox 649 2848 737 2907; x_wconf 80' lang='grc' dir='ltr'>δύο</span> <span class='ocrx_word' id='word_1_319' title='bbox 796 2853 965 2908; x_wconf 86' lang='grc' dir='ltr'>τοίνυν</span> <span class='ocrx_word' id='word_1_320' title='bbox 1018 2853 1206 2934; x_wconf 78' lang='grc' dir='ltr'>ὄντων,</span> <span class='ocrx_word' id='word_1_321' title='bbox 1253 2856 1341 2911; x_wconf 85' lang='grc' dir='ltr'>καὶ</span> <span class='ocrx_word' id='word_1_322' title='bbox 1392 2855 1644 2933; x_wconf 88' lang='grc' dir='ltr'>πρότερον</span> <span class='ocrx_word' id='word_1_323' title='bbox 1698 2858 1798 2920; x_wconf 78' lang='grc' dir='ltr'>τῆς</span> <span class='ocrx_word' id='word_1_324' title='bbox 1869 2858 1974 2908; x_wconf 85' lang='grc' dir='ltr'>τῶν</span> 
     </span>
    </p>
   </div>
   <div class='ocr_carea' id='block_1_46' title="bbox 331 2933 1976 3022">
    <p class='ocr_par' dir='ltr' id='par_1_46' title="bbox 331 2933 1976 3022">
     <span class='ocr_line' id='line_1_46' title="bbox 331 2933 1976 3022; baseline 0.011 -33"><span class='ocrx_word' id='word_1_325' title='bbox 331 2933 532 2992; x_wconf 75' lang='grc' dir='ltr'>ἀσεϐῶν</span> <span class='ocrx_word' id='word_1_326' title='bbox 588 2941 776 3019; x_wconf 68' lang='grc' dir='ltr'>φθορᾶς</span> <span class='ocrx_word' id='word_1_327' title='bbox 846 2937 931 2997; x_wconf 80' lang='grc' dir='ltr'>διὰ</span> <span class='ocrx_word' id='word_1_328' title='bbox 1001 2951 1094 3001; x_wconf 76' lang='grc' dir='ltr'>τοῦ</span> <span class='ocrx_word' id='word_1_329' title='bbox 1158 2933 1342 3008; x_wconf 75' lang='grc' dir='ltr'>ὕδατος</span> <span class='ocrx_word' id='word_1_330' title='bbox 1398 2942 1712 3022; x_wconf 80' lang='grc' dir='ltr'>γενομένης,</span> <span class='ocrx_word' id='word_1_331' title='bbox 1772 2940 1976 3019; x_wconf 76' lang='grc' dir='ltr'>ἀνάγκη</span> 
     </span>
    </p>
   </div>
   <div class='ocr_carea' id='block_1_47' title="bbox 334 3022 1980 3110">
    <p class='ocr_par' dir='ltr' id='par_1_47' title="bbox 334 3022 1980 3110">
     <span class='ocr_line' id='line_1_47' title="bbox 334 3022 1980 3110; baseline 0.002 -30"><span class='ocrx_word' id='word_1_332' title='bbox 334 3022 513 3104; x_wconf 79' lang='grc' dir='ltr'>πάλιν,</span> <span class='ocrx_word' id='word_1_333' title='bbox 563 3030 740 3107; x_wconf 73' lang='grc' dir='ltr'>φησὶν,</span> <span class='ocrx_word' id='word_1_334' title='bbox 785 3029 881 3097; x_wconf 80' lang='grc' dir='ltr'>τὴν</span> <span class='ocrx_word' id='word_1_335' title='bbox 950 3036 1058 3087; x_wconf 83' lang='grc' dir='ltr'>τῶν</span> <span class='ocrx_word' id='word_1_336' title='bbox 1128 3029 1455 3088; x_wconf 77' lang='grc' dir='ltr'>ἀσεϐούντων</span> <span class='ocrx_word' id='word_1_337' title='bbox 1508 3032 1701 3110; x_wconf 70' lang='grc' dir='ltr'>φθορὰν</span> <span class='ocrx_word' id='word_1_338' title='bbox 1748 3028 1833 3088; x_wconf 78' lang='grc' dir='ltr'>διὰ</span> <span class='ocrx_word' id='word_1_339' title='bbox 1887 3036 1980 3085; x_wconf 79' lang='grc' dir='ltr'>τοῦ</span> 
     </span>
    </p>
   </div>
   <div class='ocr_carea' id='block_1_48' title="bbox 336 3100 2035 3197">
    <p class='ocr_par' dir='ltr' id='par_1_48' title="bbox 336 3100 2035 3197">
     <span class='ocr_line' id='line_1_48' title="bbox 336 3100 2035 3197; baseline 0.002 -27"><span class='ocrx_word' id='word_1_340' title='bbox 336 3100 785 3193; x_wconf 39' lang='grc' dir='ltr'>πυρὸς-γενέσθαι.</span> <span class='ocrx_word' id='word_1_341' title='bbox 816 3119 887 3175; x_wconf 82' lang='lat' dir='ltr'>T6</span> <span class='ocrx_word' id='word_1_342' title='bbox 941 3115 996 3175; x_wconf 76' lang='grc' dir='ltr'>δὲ</span> <span class='ocrx_word' id='word_1_343' title='bbox 1057 3119 1294 3197; x_wconf 75' lang='grc' dir='ltr'>γενέσθαι</span> <span class='ocrx_word' id='word_1_344' title='bbox 1347 3120 1446 3184; x_wconf 72' lang='grc' dir='ltr'>τὴν</span> <span class='ocrx_word' id='word_1_345' title='bbox 1487 3100 1635 3179; x_wconf 65' lang='grc' dir='ltr'>τὸῡδὶ</span> <span class='ocrx_word' id='word_1_346' title='bbox 1686 3127 1780 3178; x_wconf 79' lang='grc' dir='ltr'>τοῦ</span> <span class='ocrx_word' id='word_1_347' title='bbox 1832 3139 1974 3175; x_wconf 76' lang='grc' dir='ltr'>παν-</span> <span class='ocrx_word' id='word_1_348' title='bbox 1996 3100 2035 3151; x_wconf 82' lang='lat' dir='ltr'>C</span> 
     </span>
    </p>
   </div>
   <div class='ocr_carea' id='block_1_49' title="bbox 331 3203 1976 3288">
    <p class='ocr_par' dir='ltr' id='par_1_49' title="bbox 331 3203 1976 3288">
     <span class='ocr_line' id='line_1_49' title="bbox 331 3203 1976 3288; baseline 0.004 -31"><span class='ocrx_word' id='word_1_349' title='bbox 331 3203 419 3288; x_wconf 73' lang='grc' dir='ltr'>τὸς</span> <span class='ocrx_word' id='word_1_350' title='bbox 464 3205 680 3284; x_wconf 74' lang='grc' dir='ltr'>φθορὰν,</span> <span class='ocrx_word' id='word_1_351' title='bbox 713 3206 774 3263; x_wconf 82' lang='grc' dir='ltr'>οὑ</span> <span class='ocrx_word' id='word_1_352' title='bbox 816 3206 977 3283; x_wconf 87' lang='grc' dir='ltr'>μόνον</span> <span class='ocrx_word' id='word_1_353' title='bbox 1006 3216 1374 3288; x_wconf 81' lang='grc' dir='ltr'>Χριστιανοϊς,</span> <span class='ocrx_word' id='word_1_354' title='bbox 1425 3208 1562 3267; x_wconf 81' lang='grc' dir='ltr'>ἀλλὰ</span> <span class='ocrx_word' id='word_1_355' title='bbox 1598 3210 1685 3266; x_wconf 86' lang='grc' dir='ltr'>καὶ</span> <span class='ocrx_word' id='word_1_356' title='bbox 1725 3221 1843 3271; x_wconf 78' lang='grc' dir='ltr'>τοῖς</span> <span class='ocrx_word' id='word_1_357' title='bbox 1871 3213 1976 3265; x_wconf 81' lang='grc' dir='ltr'>τῶν</span> 
     </span>
    </p>
   </div>
   <div class='ocr_carea' id='block_1_50' title="bbox 341 3281 1975 3378">
    <p class='ocr_par' dir='ltr' id='par_1_50' title="bbox 341 3281 1975 3378">
     <span class='ocr_line' id='line_1_50' title="bbox 341 3281 1975 3378; baseline 0.017 -31"><span class='ocrx_word' id='word_1_358' title='bbox 341 3281 616 3363; x_wconf 47' lang='lat' dir='ltr'>iniqvo»</span> <span class='ocrx_word' id='word_1_359' title='bbox 646 3281 830 3374; x_wconf 75' lang='grc' dir='ltr'>σοφοῖς</span> <span class='ocrx_word' id='word_1_360' title='bbox 860 3295 1010 3355; x_wconf 80' lang='grc' dir='ltr'>δοκεῖ</span> <span class='ocrx_word' id='word_1_361' title='bbox 1035 3281 1066 3335; x_wconf 37' lang='grc'>’1</span> <span class='ocrx_word' id='word_1_362' title='bbox 1111 3300 1186 3363; x_wconf 77' lang='grc' dir='ltr'>ὣς</span> <span class='ocrx_word' id='word_1_363' title='bbox 1220 3290 1539 3378; x_wconf 76' lang='grc' dir='ltr'>Ἡρακλείτῳ</span> <span class='ocrx_word' id='word_1_364' title='bbox 1591 3305 1668 3373; x_wconf 64' lang='grc' dir='ltr'>τῷ</span> <span class='ocrx_word' id='word_1_365' title='bbox 1726 3294 1975 3378; x_wconf 65' lang='grc' dir='ltr'>Ἐφεσίῳ)</span> 
     </span>
    </p>
   </div>
   <div class='ocr_carea' id='block_1_51' title="bbox 334 3379 1971 3469">
    <p class='ocr_par' dir='ltr' id='par_1_51' title="bbox 334 3379 1971 3469">
     <span class='ocr_line' id='line_1_51' title="bbox 334 3379 1971 3469; baseline 0.001 -29"><span class='ocrx_word' id='word_1_366' title='bbox 334 3379 794 3469; x_wconf 14' lang='grc' dir='ltr'>ὥςνἚμπεδνκλετ</span> <span class='ocrx_word' id='word_1_367' title='bbox 833 3393 912 3461; x_wconf 81' lang='grc' dir='ltr'>τῷ</span> <span class='ocrx_word' id='word_1_368' title='bbox 940 3389 1185 3462; x_wconf 77' lang='grc' dir='ltr'>Αἰτναίῳ.</span> <span class='ocrx_word' id='word_1_369' title='bbox 1242 3387 1392 3445; x_wconf 84' lang='grc' dir='ltr'>Ἀλλ’</span> <span class='ocrx_word' id='word_1_370' title='bbox 1447 3388 1559 3469; x_wconf 75' lang='grc' dir='ltr'>ἐρεῖ</span> <span class='ocrx_word' id='word_1_371' title='bbox 1600 3409 1680 3451; x_wconf 84' lang='grc' dir='ltr'>τις</span> <span class='ocrx_word' id='word_1_372' title='bbox 1723 3385 1827 3459; x_wconf 77' lang='grc' dir='ltr'>ὅτι,</span> <span class='ocrx_word' id='word_1_373' title='bbox 1876 3384 1971 3443; x_wconf 49' lang='grc' dir='ltr'>Καὶ</span> 
     </span>
    </p>
   </div>
   <div class='ocr_carea' id='block_1_52' title="bbox 333 3468 1975 3556">
    <p class='ocr_par' dir='ltr' id='par_1_52' title="bbox 333 3468 1975 3556">
     <span class='ocr_line' id='line_1_52' title="bbox 333 3468 1975 3556; baseline 0.003 -31"><span class='ocrx_word' id='word_1_374' title='bbox 333 3468 425 3533; x_wconf 77' lang='grc' dir='ltr'>τίς</span> <span class='ocrx_word' id='word_1_375' title='bbox 451 3472 481 3526; x_wconf 89' lang='lat'>6</span> <span class='ocrx_word' id='word_1_376' title='bbox 508 3470 671 3550; x_wconf 84' lang='grc' dir='ltr'>λόγος</span> <span class='ocrx_word' id='word_1_377' title='bbox 698 3477 792 3531; x_wconf 78' lang='grc' dir='ltr'>τοῦ</span> <span class='ocrx_word' id='word_1_378' title='bbox 817 3477 1129 3550; x_wconf 81' lang='grc' dir='ltr'>ὑποστῆναι,</span> <span class='ocrx_word' id='word_1_379' title='bbox 1179 3480 1223 3535; x_wconf 82' lang='grc' dir='ltr'>εἰ</span> <span class='ocrx_word' id='word_1_380' title='bbox 1274 3477 1356 3534; x_wconf 78' lang='grc' dir='ltr'>δεῖ</span> <span class='ocrx_word' id='word_1_381' title='bbox 1410 3468 1570 3535; x_wconf 78' lang='grc' dir='ltr'>πάλιν</span> <span class='ocrx_word' id='word_1_382' title='bbox 1626 3477 1755 3555; x_wconf 80' lang='grc' dir='ltr'>πρὸς</span> <span class='ocrx_word' id='word_1_383' title='bbox 1783 3474 1975 3556; x_wconf 75' lang='grc' dir='ltr'>φθορὰν</span> 
     </span>
    </p>
   </div>
   <div class='ocr_carea' id='block_1_53' title="bbox 335 3564 1975 3646">
    <p class='ocr_par' dir='ltr' id='par_1_53' title="bbox 335 3564 1975 3646">
     <span class='ocr_line' id='line_1_53' title="bbox 335 3564 1975 3646; baseline -0.009 -22"><span class='ocrx_word' id='word_1_384' title='bbox 335 3565 581 3646; x_wconf 78' lang='grc' dir='ltr'>χωρῆσαι</span> <span class='ocrx_word' id='word_1_385' title='bbox 621 3564 712 3620; x_wconf 83' lang='grc' dir='ltr'>τὸν</span> <span class='ocrx_word' id='word_1_386' title='bbox 763 3565 1010 3646; x_wconf 71' lang='grc' dir='ltr'>κόσμονς</span> <span class='ocrx_word' id='word_1_387' title='bbox 1073 3568 1170 3626; x_wconf 84' lang='grc' dir='ltr'>Καὶ</span> <span class='ocrx_word' id='word_1_388' title='bbox 1212 3566 1446 3646; x_wconf 76' lang='grc' dir='ltr'>ἐροῦμεν,</span> <span class='ocrx_word' id='word_1_389' title='bbox 1507 3568 1580 3631; x_wconf 83' lang='grc' dir='ltr'>ὡς</span> <span class='ocrx_word' id='word_1_390' title='bbox 1649 3567 1710 3623; x_wconf 69' lang='grc' dir='ltr'>οὗ</span> <span class='ocrx_word' id='word_1_391' title='bbox 1772 3586 1975 3621; x_wconf 78' lang='grc' dir='ltr'>παντε-</span> 
     </span>
    </p>
   </div>
   <div class='ocr_carea' id='block_1_54' title="bbox 337 3645 1973 3736">
    <p class='ocr_par' dir='ltr' id='par_1_54' title="bbox 337 3645 1973 3736">
     <span class='ocr_line' id='line_1_54' title="bbox 337 3645 1973 3736; baseline 0.008 -33"><span class='ocrx_word' id='word_1_392' title='bbox 337 3645 442 3711; x_wconf 83' lang='grc' dir='ltr'>λῶς</span> <span class='ocrx_word' id='word_1_393' title='bbox 514 3651 645 3729; x_wconf 83' lang='grc' dir='ltr'>πρὸς</span> <span class='ocrx_word' id='word_1_394' title='bbox 945 3645 1002 3711; x_wconf 16' lang='grc' dir='ltr'>ὁν</span> <span class='ocrx_word' id='word_1_395' title='bbox 1044 3645 1248 3730; x_wconf 84' lang='grc' dir='ltr'>κόσμος</span> <span class='ocrx_word' id='word_1_396' title='bbox 1301 3657 1564 3736; x_wconf 76' lang='grc' dir='ltr'>χωρήσει,</span> <span class='ocrx_word' id='word_1_397' title='bbox 1637 3653 1774 3712; x_wconf 80' lang='grc' dir='ltr'>ἀλλὰ</span> <span class='ocrx_word' id='word_1_398' title='bbox 1843 3655 1973 3733; x_wconf 78' lang='grc' dir='ltr'>πρὸς</span> 
     </span>
    </p>
   </div>
   <div class='ocr_carea' id='block_1_55' title="bbox 332 3736 1974 3825">
    <p class='ocr_par' dir='ltr' id='par_1_55' title="bbox 332 3736 1974 3825">
     <span class='ocr_line' id='line_1_55' title="bbox 332 3736 1974 3825; baseline 0.003 -31"><span class='ocrx_word' id='word_1_399' title='bbox 332 3736 729 3816; x_wconf 79' lang='grc' dir='ltr'>ἆνακαινισμόν.</span> <span class='ocrx_word' id='word_1_400' title='bbox 768 3740 849 3798; x_wconf 86' lang='grc' dir='ltr'>Δι’</span> <span class='ocrx_word' id='word_1_401' title='bbox 877 3744 905 3799; x_wconf 84' lang='grc' dir='ltr'><strong>ὃ</strong></span> <span class='ocrx_word' id='word_1_402' title='bbox 929 3745 1016 3800; x_wconf 83' lang='grc' dir='ltr'>καὶ</span> <span class='ocrx_word' id='word_1_403' title='bbox 1044 3746 1073 3801; x_wconf 88' lang='lat'>6</span> <span class='ocrx_word' id='word_1_404' title='bbox 1102 3745 1386 3825; x_wconf 72' lang='grc' dir='ltr'>Προφήτης</span> <span class='ocrx_word' id='word_1_405' title='bbox 1444 3747 1595 3823; x_wconf 80' lang='grc' dir='ltr'>φησὶ,</span> <span class='ocrx_word' id='word_1_406' title='bbox 1652 3768 1679 3799; x_wconf 73' lang='grc' dir='ltr'>ι</span> <span class='ocrx_word' id='word_1_407' title='bbox 1714 3745 1813 3802; x_wconf 80' lang='grc' dir='ltr'>Καὶ</span> <span class='ocrx_word' id='word_1_408' title='bbox 1841 3743 1974 3799; x_wconf 74' lang='grc' dir='ltr'>ἀναο</span> 
     </span>
    </p>
   </div>
   <div class='ocr_carea' id='block_1_56' title="bbox 335 3824 1975 3914">
    <p class='ocr_par' dir='ltr' id='par_1_56' title="bbox 335 3824 1975 3914">
     <span class='ocr_line' id='line_1_56' title="bbox 335 3824 1975 3914; baseline 0.004 -32"><span class='ocrx_word' id='word_1_409' title='bbox 335 3841 562 3891; x_wconf 78' lang='grc' dir='ltr'>καινιετς</span> <span class='ocrx_word' id='word_1_410' title='bbox 589 3831 652 3887; x_wconf 83' lang='grc' dir='ltr'>τὸ</span> <span class='ocrx_word' id='word_1_411' title='bbox 699 3832 982 3912; x_wconf 84' lang='grc' dir='ltr'>πρόσωπον</span> <span class='ocrx_word' id='word_1_412' title='bbox 1036 3838 1135 3900; x_wconf 74' lang='grc' dir='ltr'>τῆς</span> <span class='ocrx_word' id='word_1_413' title='bbox 1190 3824 1317 3914; x_wconf 70' lang='grc' dir='ltr'>γῆς.</span> <span class='ocrx_word' id='word_1_414' title='bbox 1369 3858 1397 3889; x_wconf 70' lang='grc' dir='ltr'><strong><em>ι</em></strong></span> <span class='ocrx_word' id='word_1_415' title='bbox 1460 3824 1676 3913; x_wconf 62' lang='grc' dir='ltr'>’Ὠσπερ</span> <span class='ocrx_word' id='word_1_416' title='bbox 1717 3834 1819 3913; x_wconf 82' lang='grc' dir='ltr'>γὰρ</span> <span class='ocrx_word' id='word_1_417' title='bbox 1873 3833 1975 3890; x_wconf 82' lang='grc' dir='ltr'>ὑπὸ</span> 
     </span>
    </p>
   </div>
   <div class='ocr_carea' id='block_1_57' title="bbox 337 3918 1971 4000">
    <p class='ocr_par' dir='ltr' id='par_1_57' title="bbox 337 3918 1971 4000">
     <span class='ocr_line' id='line_1_57' title="bbox 337 3918 1971 4000; baseline 0.001 -23"><span class='ocrx_word' id='word_1_418' title='bbox 337 3921 465 3977; x_wconf 75' lang='grc' dir='ltr'>Θεοῦ</span> <span class='ocrx_word' id='word_1_419' title='bbox 491 3918 615 3975; x_wconf 80' lang='grc' dir='ltr'>κατ’</span> <span class='ocrx_word' id='word_1_420' title='bbox 639 3919 813 4000; x_wconf 77' lang='grc' dir='ltr'>ἀρχὰς</span> <span class='ocrx_word' id='word_1_421' title='bbox 840 3923 1109 3979; x_wconf 85' lang='grc' dir='ltr'>ὑποστᾶσα</span> <span class='ocrx_word' id='word_1_422' title='bbox 1155 3924 1190 3991; x_wconf 77' lang='grc' dir='ltr'>ἦ</span> <span class='ocrx_word' id='word_1_423' title='bbox 1255 3923 1481 3991; x_wconf 72' lang='grc' dir='ltr'>αἰσθητὴ</span> <span class='ocrx_word' id='word_1_424' title='bbox 1533 3925 1725 3995; x_wconf 84' lang='grc' dir='ltr'>κτίσις,</span> <span class='ocrx_word' id='word_1_425' title='bbox 1786 3921 1926 3993; x_wconf 78' lang='grc' dir='ltr'>καλή</span> <span class='ocrx_word' id='word_1_426' title='bbox 1956 3942 1971 3958; x_wconf 76' lang='grc' dir='ltr'><strong>ο</strong></span> 
     </span>
    </p>
   </div>
   <div class='ocr_carea' id='block_1_58' title="bbox 334 4007 1973 4090">
    <p class='ocr_par' dir='ltr' id='par_1_58' title="bbox 334 4007 1973 4090">
     <span class='ocr_line' id='line_1_58' title="bbox 334 4007 1973 4090; baseline 0.005 -29"><span class='ocrx_word' id='word_1_427' title='bbox 334 4007 419 4062; x_wconf 84' lang='grc' dir='ltr'>καὶ</span> <span class='ocrx_word' id='word_1_428' title='bbox 447 4008 520 4072; x_wconf 77' lang='grc' dir='ltr'>ὣς</span> <span class='ocrx_word' id='word_1_429' title='bbox 552 4008 648 4065; x_wconf 75' lang='grc' dir='ltr'>οὑκ</span> <span class='ocrx_word' id='word_1_430' title='bbox 675 4007 738 4064; x_wconf 80' lang='grc' dir='ltr'>ἂν</span> <span class='ocrx_word' id='word_1_431' title='bbox 780 4008 955 4076; x_wconf 77' lang='grc' dir='ltr'>ἄλλως</span> <span class='ocrx_word' id='word_1_432' title='bbox 996 4010 1162 4081; x_wconf 85' lang='grc' dir='ltr'>καλή,</span> <span class='ocrx_word' id='word_1_433' title='bbox 1220 4013 1318 4068; x_wconf 81' lang='grc' dir='ltr'>Διὰ</span> <span class='ocrx_word' id='word_1_434' title='bbox 1373 4010 1428 4068; x_wconf 78' lang='grc' dir='ltr'>δὲ</span> <span class='ocrx_word' id='word_1_435' title='bbox 1482 4014 1580 4081; x_wconf 71' lang='grc' dir='ltr'>τὴν</span> <span class='ocrx_word' id='word_1_436' title='bbox 1621 4020 1715 4069; x_wconf 83' lang='grc' dir='ltr'>τοῦ</span> <span class='ocrx_word' id='word_1_437' title='bbox 1768 4012 1973 4090; x_wconf 78' lang='grc' dir='ltr'>ἀνθρώ-</span> 
     </span>
    </p>
   </div>
   <div class='ocr_carea' id='block_1_59' title="bbox 331 4094 1975 4179">
    <p class='ocr_par' dir='ltr' id='par_1_59' title="bbox 331 4094 1975 4179">
     <span class='ocr_line' id='line_1_59' title="bbox 331 4094 1975 4179; baseline 0.004 -27"><span class='ocrx_word' id='word_1_438' title='bbox 331 4116 429 4152; x_wconf 82' lang='grc' dir='ltr'>που</span> <span class='ocrx_word' id='word_1_439' title='bbox 481 4094 779 4177; x_wconf 80' lang='grc' dir='ltr'>παράϐασιν</span> <span class='ocrx_word' id='word_1_440' title='bbox 835 4103 924 4157; x_wconf 85' lang='grc' dir='ltr'>καὶ</span> <span class='ocrx_word' id='word_1_441' title='bbox 994 4100 1128 4168; x_wconf 70' lang='grc' dir='ltr'>αὕτη</span> <span class='ocrx_word' id='word_1_442' title='bbox 1198 4102 1233 4170; x_wconf 77' lang='grc' dir='ltr'>ἡ</span> <span class='ocrx_word' id='word_1_443' title='bbox 1301 4102 1467 4165; x_wconf 87' lang='grc' dir='ltr'>κτίσις</span> <span class='ocrx_word' id='word_1_444' title='bbox 1522 4107 1591 4179; x_wconf 77' lang='grc' dir='ltr'>τῇ</span> <span class='ocrx_word' id='word_1_445' title='bbox 1658 4103 1975 4178; x_wconf 82' lang='grc' dir='ltr'>ματαιότητι</span> 
     </span>
    </p>
   </div>
   <div class='ocr_carea' id='block_1_60' title="bbox 334 4184 1969 4271">
    <p class='ocr_par' dir='ltr' id='par_1_60' title="bbox 334 4184 1969 4271">
     <span class='ocr_line' id='line_1_60' title="bbox 334 4184 1969 4271; baseline 0.004 -31"><span class='ocrx_word' id='word_1_446' title='bbox 334 4184 594 4266; x_wconf 79' lang='grc' dir='ltr'>ὑπετάγη,</span> <span class='ocrx_word' id='word_1_447' title='bbox 654 4188 912 4264; x_wconf 80' lang='grc' dir='ltr'>τουτέστι,</span> <span class='ocrx_word' id='word_1_448' title='bbox 968 4197 1046 4266; x_wconf 81' lang='grc' dir='ltr'>τῷ</span> <span class='ocrx_word' id='word_1_449' title='bbox 1088 4190 1166 4266; x_wconf 72' lang='grc' dir='ltr'>μὴ</span> <span class='ocrx_word' id='word_1_450' title='bbox 1221 4187 1433 4267; x_wconf 79' lang='grc' dir='ltr'>βέϐαιον</span> <span class='ocrx_word' id='word_1_451' title='bbox 1483 4190 1632 4271; x_wconf 84' lang='grc' dir='ltr'>’ἐχειν</span> <span class='ocrx_word' id='word_1_452' title='bbox 1672 4192 1736 4247; x_wconf 89' lang='lat'>16</span> <span class='ocrx_word' id='word_1_453' title='bbox 1805 4191 1969 4265; x_wconf 80' lang='grc' dir='ltr'>εἶναι,</span> 
     </span>
    </p>
   </div>
   <div class='ocr_carea' id='block_1_61' title="bbox 336 4273 1971 4359">
    <p class='ocr_par' dir='ltr' id='par_1_61' title="bbox 336 4273 1971 4359">
     <span class='ocr_line' id='line_1_61' title="bbox 336 4273 1971 4359; baseline 0.004 -26"><span class='ocrx_word' id='word_1_454' title='bbox 336 4273 448 4334; x_wconf 74' lang='grc' dir='ltr'>ἀλλ’</span> <span class='ocrx_word' id='word_1_455' title='bbox 483 4276 540 4333; x_wconf 81' lang='grc' dir='ltr'>ἐν</span> <span class='ocrx_word' id='word_1_456' title='bbox 564 4278 662 4357; x_wconf 79' lang='grc' dir='ltr'>ῥοῇ</span> <span class='ocrx_word' id='word_1_457' title='bbox 689 4280 778 4336; x_wconf 83' lang='grc' dir='ltr'>καὶ</span> <span class='ocrx_word' id='word_1_458' title='bbox 824 4278 1055 4359; x_wconf 75' lang='grc' dir='ltr'>ἆποῤῥοῃ</span> <span class='ocrx_word' id='word_1_459' title='bbox 1099 4282 1241 4339; x_wconf 72' lang='grc' dir='ltr'>εἶναι</span> <span class='ocrx_word' id='word_1_460' title='bbox 1277 4298 1290 4313; x_wconf 83' lang='grc'><strong><em>⁸</em></strong></span> <span class='ocrx_word' id='word_1_461' title='bbox 1339 4282 1463 4339; x_wconf 79' lang='grc' dir='ltr'>εἶτα</span> <span class='ocrx_word' id='word_1_462' title='bbox 1532 4281 1616 4338; x_wconf 81' lang='grc' dir='ltr'>διὰ</span> <span class='ocrx_word' id='word_1_463' title='bbox 1657 4289 1748 4339; x_wconf 81' lang='grc' dir='ltr'>τοῦ</span> <span class='ocrx_word' id='word_1_464' title='bbox 1803 4304 1971 4339; x_wconf 82' lang='grc' dir='ltr'>κατα-</span> 
     </span>
    </p>
   </div>
   <div class='ocr_carea' id='block_1_62' title="bbox 336 4366 1969 4452">
    <p class='ocr_par' dir='ltr' id='par_1_62' title="bbox 336 4366 1969 4452">
     <span class='ocr_line' id='line_1_62' title="bbox 336 4366 1969 4452; baseline 0.004 -27"><span class='ocrx_word' id='word_1_465' title='bbox 336 4366 567 4446; x_wconf 80' lang='grc' dir='ltr'>κλυσμοῦ</span> <span class='ocrx_word' id='word_1_466' title='bbox 593 4372 781 4450; x_wconf 77' lang='grc' dir='ltr'>μικρὸν</span> <span class='ocrx_word' id='word_1_467' title='bbox 821 4371 1222 4441; x_wconf 68' lang='grc' dir='ltr'>ἂπιστησάντων</span> <span class='ocrx_word' id='word_1_468' title='bbox 1260 4380 1329 4452; x_wconf 74' lang='grc' dir='ltr'>τῇ</span> <span class='ocrx_word' id='word_1_469' title='bbox 1381 4370 1645 4447; x_wconf 72' lang='grc' dir='ltr'>θεοσεϐείᾳ</span> <span class='ocrx_word' id='word_1_470' title='bbox 1702 4377 1804 4431; x_wconf 76' lang='grc' dir='ltr'>τῶν</span> <span class='ocrx_word' id='word_1_471' title='bbox 1870 4375 1969 4431; x_wconf 81' lang='grc' dir='ltr'>ἀν-</span> 
     </span>
    </p>
   </div>
   <div class='ocr_carea' id='block_1_63' title="bbox 334 4545 1973 4629">
    <p class='ocr_par' dir='ltr' id='par_1_63' title="bbox 334 4545 1973 4629">
     <span class='ocr_line' id='line_1_63' title="bbox 334 4545 1973 4629; baseline 0.004 -24"><span class='ocrx_word' id='word_1_472' title='bbox 334 4545 534 4623; x_wconf 76' lang='grc' dir='ltr'>κόσμου</span> <span class='ocrx_word' id='word_1_473' title='bbox 563 4545 818 4613; x_wconf 86' lang='grc' dir='ltr'>λαϐόντος</span> <span class='ocrx_word' id='word_1_474' title='bbox 874 4547 958 4607; x_wconf 75' lang='grc' dir='ltr'>διὰ</span> <span class='ocrx_word' id='word_1_475' title='bbox 1020 4558 1115 4608; x_wconf 79' lang='grc' dir='ltr'>τοῦ</span> <span class='ocrx_word' id='word_1_476' title='bbox 1155 4557 1272 4611; x_wconf 67' lang='grc' dir='ltr'>Νῶε</span> <span class='ocrx_word' id='word_1_477' title='bbox 1299 4554 1389 4609; x_wconf 84' lang='grc' dir='ltr'>καὶ</span> <span class='ocrx_word' id='word_1_478' title='bbox 1430 4558 1535 4608; x_wconf 82' lang='grc' dir='ltr'>τῶν</span> <span class='ocrx_word' id='word_1_479' title='bbox 1569 4553 1624 4606; x_wconf 78' lang='grc' dir='ltr'>ἐν</span> <span class='ocrx_word' id='word_1_480' title='bbox 1665 4557 1733 4629; x_wconf 79' lang='grc' dir='ltr'>τῇ</span> <span class='ocrx_word' id='word_1_481' title='bbox 1759 4549 1973 4629; x_wconf 79' lang='grc' dir='ltr'>κιϐωτῷ</span> 
     </span>
    </p>
   </div>
   <div class='ocr_carea' id='block_1_64' title="bbox 333 4635 1971 4719">
    <p class='ocr_par' dir='ltr' id='par_1_64' title="bbox 333 4635 1971 4719">
     <span class='ocr_line' id='line_1_64' title="bbox 333 4635 1971 4719; baseline 0.004 -28"><span class='ocrx_word' id='word_1_482' title='bbox 333 4648 447 4701; x_wconf 76' lang='grc' dir='ltr'>τοῖς</span> <span class='ocrx_word' id='word_1_483' title='bbox 506 4635 665 4708; x_wconf 74' lang='grc' dir='ltr'>ζώοις</span> <span class='ocrx_word' id='word_1_484' title='bbox 719 4635 1179 4719; x_wconf 65' lang='grc' dir='ltr'>ἆαφυλαχθέντων</span> <span class='ocrx_word' id='word_1_485' title='bbox 1246 4641 1320 4705; x_wconf 78' lang='grc' dir='ltr'>είς</span> <span class='ocrx_word' id='word_1_486' title='bbox 1388 4641 1450 4698; x_wconf 82' lang='grc' dir='ltr'>τὸ</span> <span class='ocrx_word' id='word_1_487' title='bbox 1504 4639 1661 4698; x_wconf 79' lang='grc' dir='ltr'>πάλιν</span> <span class='ocrx_word' id='word_1_488' title='bbox 1720 4647 1971 4710; x_wconf 70' lang='grc' dir='ltr'>συστῆναι</span> 
     </span>
    </p>
   </div>
   <div class='ocr_carea' id='block_1_65' title="bbox 335 4724 1971 4810">
    <p class='ocr_par' dir='ltr' id='par_1_65' title="bbox 335 4724 1971 4810">
     <span class='ocr_line' id='line_1_65' title="bbox 335 4724 1971 4810; baseline 0.003 -28"><span class='ocrx_word' id='word_1_489' title='bbox 335 4725 669 4805; x_wconf 59' lang='grc' dir='ltr'>σπερμάτων,</span> <span class='ocrx_word' id='word_1_490' title='bbox 714 4724 861 4801; x_wconf 77' lang='grc' dir='ltr'>ὅμως</span> <span class='ocrx_word' id='word_1_491' title='bbox 889 4726 1005 4785; x_wconf 74' lang='grc' dir='ltr'>οὐδὲ</span> <span class='ocrx_word' id='word_1_492' title='bbox 1046 4730 1164 4787; x_wconf 86' lang='grc' dir='ltr'>τότε</span> <span class='ocrx_word' id='word_1_493' title='bbox 1215 4734 1316 4798; x_wconf 80' lang='grc' dir='ltr'>τῆς</span> <span class='ocrx_word' id='word_1_494' title='bbox 1370 4735 1477 4786; x_wconf 78' lang='grc' dir='ltr'>τῶν</span> <span class='ocrx_word' id='word_1_495' title='bbox 1530 4729 1814 4809; x_wconf 74' lang='grc' dir='ltr'>ἀνθρώπων</span> <span class='ocrx_word' id='word_1_496' title='bbox 1842 4751 1971 4810; x_wconf 76' lang='grc' dir='ltr'>προ-</span> 
     </span>
    </p>
   </div>
   <div class='ocr_carea' id='block_1_66' title="bbox 334 4815 1971 4899">
    <p class='ocr_par' dir='ltr' id='par_1_66' title="bbox 334 4815 1971 4899">
     <span class='ocr_line' id='line_1_66' title="bbox 334 4815 1971 4899; baseline -0.004 -18"><span class='ocrx_word' id='word_1_497' title='bbox 334 4816 629 4894; x_wconf 75' lang='grc' dir='ltr'>τερησάσης</span> <span class='ocrx_word' id='word_1_498' title='bbox 670 4816 894 4895; x_wconf 74' lang='grc' dir='ltr'>φύσεως,</span> <span class='ocrx_word' id='word_1_499' title='bbox 965 4815 1087 4875; x_wconf 80' lang='grc' dir='ltr'>ἀλλ’</span> <span class='ocrx_word' id='word_1_500' title='bbox 1143 4817 1229 4875; x_wconf 68' lang='grc' dir='ltr'>ἐπὶ</span> <span class='ocrx_word' id='word_1_501' title='bbox 1283 4818 1486 4899; x_wconf 85' lang='grc' dir='ltr'>χείροσι</span> <span class='ocrx_word' id='word_1_502' title='bbox 1527 4825 1634 4876; x_wconf 73' lang='grc' dir='ltr'>τῶν</span> <span class='ocrx_word' id='word_1_503' title='bbox 1699 4818 1971 4898; x_wconf 74' lang='grc' dir='ltr'>προτέρων</span> 
     </span>
    </p>
   </div>
   <div class='ocr_carea' id='block_1_67' title="bbox 334 4902 1969 4987">
    <p class='ocr_par' dir='ltr' id='par_1_67' title="bbox 334 4902 1969 4987">
     <span class='ocr_line' id='line_1_67' title="bbox 334 4902 1969 4987; baseline 0.003 -27"><span class='ocrx_word' id='word_1_504' title='bbox 334 4902 751 4987; x_wconf 67' lang='grc' dir='ltr'>ἆποῤῥευσέσης,</span> <span class='ocrx_word' id='word_1_505' title='bbox 782 4908 856 4963; x_wconf 72' lang='grc' dir='ltr'>ὧν</span> <span class='ocrx_word' id='word_1_506' title='bbox 886 4905 1145 4986; x_wconf 76' lang='grc' dir='ltr'>χειρόνων</span> <span class='ocrx_word' id='word_1_507' title='bbox 1174 4909 1235 4964; x_wconf 85' lang='grc' dir='ltr'>οὗ</span> <span class='ocrx_word' id='word_1_508' title='bbox 1274 4906 1437 4984; x_wconf 84' lang='grc' dir='ltr'>νόμος</span> <span class='ocrx_word' id='word_1_509' title='bbox 1494 4909 1523 4964; x_wconf 86' lang='lat'>6</span> <span class='ocrx_word' id='word_1_510' title='bbox 1577 4905 1662 4964; x_wconf 81' lang='grc' dir='ltr'>διὰ</span> <span class='ocrx_word' id='word_1_511' title='bbox 1705 4908 1969 4972; x_wconf 79' lang='grc' dir='ltr'>Μωϋσέως</span> 
     </span>
    </p>
   </div>
   <div class='ocr_carea' id='block_1_68' title="bbox 337 4991 1970 5076">
    <p class='ocr_par' dir='ltr' id='par_1_68' title="bbox 337 4991 1970 5076">
     <span class='ocr_line' id='line_1_68' title="bbox 337 4991 1970 5076; baseline 0.004 -28"><span class='ocrx_word' id='word_1_512' title='bbox 337 4991 681 5074; x_wconf 73' lang='grc' dir='ltr'>ἀπέστρεψεν,</span> <span class='ocrx_word' id='word_1_513' title='bbox 726 4995 830 5075; x_wconf 76' lang='grc' dir='ltr'>οὑχ</span> <span class='ocrx_word' id='word_1_514' title='bbox 882 4997 918 5063; x_wconf 77' lang='grc' dir='ltr'><strong>ἡ</strong></span> <span class='ocrx_word' id='word_1_515' title='bbox 962 5004 1054 5055; x_wconf 81' lang='grc' dir='ltr'>τοῦ</span> <span class='ocrx_word' id='word_1_516' title='bbox 1112 4996 1298 5076; x_wconf 81' lang='grc' dir='ltr'>Κυρίου</span> <span class='ocrx_word' id='word_1_517' title='bbox 1348 4997 1628 5075; x_wconf 80' lang='grc' dir='ltr'>παρουσία,</span> <span class='ocrx_word' id='word_1_518' title='bbox 1676 4996 1721 5052; x_wconf 80' lang='grc' dir='ltr'>εἰ</span> <span class='ocrx_word' id='word_1_519' title='bbox 1761 5002 1841 5072; x_wconf 74' lang='grc' dir='ltr'>μή</span> <span class='ocrx_word' id='word_1_520' title='bbox 1884 4996 1970 5054; x_wconf 76' lang='grc' dir='ltr'>ἐπὶ</span> 
     </span>
    </p>
   </div>
   <div class='ocr_carea' id='block_1_69' title="bbox 322 5080 1968 5165">
    <p class='ocr_par' dir='ltr' id='par_1_69' title="bbox 322 5080 1968 5165">
     <span class='ocr_line' id='line_1_69' title="bbox 322 5080 1968 5165; baseline 0.002 -25"><span class='ocrx_word' id='word_1_521' title='bbox 322 5081 555 5164; x_wconf 64' lang='grc' dir='ltr'>,ϐραχέσι</span> <span class='ocrx_word' id='word_1_522' title='bbox 582 5080 877 5163; x_wconf 68' lang='grc' dir='ltr'>προϐἑϐηκε</span> <span class='ocrx_word' id='word_1_523' title='bbox 901 5083 971 5140; x_wconf 77' lang='grc' dir='ltr'>τὰ</span> <span class='ocrx_word' id='word_1_524' title='bbox 996 5088 1097 5151; x_wconf 82' lang='grc' dir='ltr'>τῆς</span> <span class='ocrx_word' id='word_1_525' title='bbox 1151 5086 1413 5165; x_wconf 79' lang='grc' dir='ltr'>σωτηρίας</span> <span class='ocrx_word' id='word_1_526' title='bbox 1446 5103 1462 5121; x_wconf 80' lang='grc'><strong><em>⁸</em></strong></span> <span class='ocrx_word' id='word_1_527' title='bbox 1532 5083 1726 5163; x_wconf 83' lang='grc' dir='ltr'>(πόσος</span> <span class='ocrx_word' id='word_1_528' title='bbox 1788 5086 1891 5165; x_wconf 74' lang='grc' dir='ltr'>γὰρ</span> <span class='ocrx_word' id='word_1_529' title='bbox 1939 5088 1968 5143; x_wconf 88' lang='lat'>6</span> 
     </span>
    </p>
   </div>
   <div class='ocr_carea' id='block_1_70' title="bbox 336 5170 1977 5253">
    <p class='ocr_par' dir='ltr' id='par_1_70' title="bbox 336 5170 1977 5253">
     <span class='ocr_line' id='line_1_70' title="bbox 336 5170 1977 5253; baseline 0.003 -28"><span class='ocrx_word' id='word_1_530' title='bbox 336 5175 437 5226; x_wconf 84' lang='grc' dir='ltr'>τῶν</span> <span class='ocrx_word' id='word_1_531' title='bbox 501 5171 816 5249; x_wconf 79' lang='grc' dir='ltr'>σωζομένων</span> <span class='ocrx_word' id='word_1_532' title='bbox 885 5172 1046 5249; x_wconf 77' lang='grc' dir='ltr'>ἐσμὸς</span> <span class='ocrx_word' id='word_1_533' title='bbox 1098 5175 1230 5253; x_wconf 79' lang='grc' dir='ltr'>πρὸς</span> <span class='ocrx_word' id='word_1_534' title='bbox 1284 5174 1387 5243; x_wconf 65' lang='grc' dir='ltr'>τὴν</span> <span class='ocrx_word' id='word_1_535' title='bbox 1427 5178 1531 5230; x_wconf 83' lang='grc' dir='ltr'>τῶν</span> <span class='ocrx_word' id='word_1_536' title='bbox 1598 5170 1977 5249; x_wconf 71' lang='grc' dir='ltr'>ἀπολλυμένων</span> 
     </span>
    </p>
   </div>
   <div class='ocr_carea' id='block_1_71' title="bbox 336 5257 1971 5340">
    <p class='ocr_par' dir='ltr' id='par_1_71' title="bbox 336 5257 1971 5340">
     <span class='ocr_line' id='line_1_71' title="bbox 336 5257 1971 5340; baseline 0.004 -27"><span class='ocrx_word' id='word_1_537' title='bbox 336 5257 445 5316; x_wconf 83' lang='grc' dir='ltr'>καθ’</span> <span class='ocrx_word' id='word_1_538' title='bbox 477 5260 707 5328; x_wconf 70' lang='grc' dir='ltr'>ἑκάστην</span> <span class='ocrx_word' id='word_1_539' title='bbox 734 5261 917 5340; x_wconf 77' lang='grc' dir='ltr'>γενεὰν</span> <span class='ocrx_word' id='word_1_540' title='bbox 958 5260 1162 5330; x_wconf 74' lang='grc' dir='ltr'>πληθύν</span> <span class='ocrx_word' id='word_1_541' title='bbox 1196 5281 1212 5338; x_wconf 86' lang='grc'><strong>;</strong></span> <span class='ocrx_word' id='word_1_542' title='bbox 1273 5261 1353 5320; x_wconf 86' lang='grc' dir='ltr'>Δι’</span> <span class='ocrx_word' id='word_1_543' title='bbox 1398 5260 1427 5318; x_wconf 84' lang='lat'>6&#39;</span> <span class='ocrx_word' id='word_1_544' title='bbox 1456 5284 1546 5339; x_wconf 89' lang='grc' dir='ltr'>μοι</span> <span class='ocrx_word' id='word_1_545' title='bbox 1570 5258 1724 5319; x_wconf 76' lang='grc' dir='ltr'>δοκεῖ</span> <span class='ocrx_word' id='word_1_546' title='bbox 1749 5262 1839 5318; x_wconf 83' lang='grc' dir='ltr'>καὶ</span> <span class='ocrx_word' id='word_1_547' title='bbox 1863 5284 1971 5319; x_wconf 80' lang='grc' dir='ltr'>πα-</span> 
     </span>
    </p>
   </div>
   <div class='ocr_carea' id='block_1_72' title="bbox 336 5350 1969 5431">
    <p class='ocr_par' dir='ltr' id='par_1_72' title="bbox 336 5350 1969 5431">
     <span class='ocr_line' id='line_1_72' title="bbox 336 5350 1969 5431; baseline 0.001 -26"><span class='ocrx_word' id='word_1_548' title='bbox 336 5350 644 5425; x_wconf 79' lang='grc' dir='ltr'>ρατείνεσθαι</span> <span class='ocrx_word' id='word_1_549' title='bbox 668 5351 763 5406; x_wconf 83' lang='grc' dir='ltr'>τὸν</span> <span class='ocrx_word' id='word_1_550' title='bbox 810 5351 1003 5431; x_wconf 73' lang='grc' dir='ltr'>χρόνον</span> <span class='ocrx_word' id='word_1_551' title='bbox 1057 5356 1156 5419; x_wconf 76' lang='grc' dir='ltr'>τῆς</span> <span class='ocrx_word' id='word_1_552' title='bbox 1211 5350 1507 5415; x_wconf 83' lang='grc' dir='ltr'>συντελείας</span> <span class='ocrx_word' id='word_1_553' title='bbox 1554 5351 1627 5415; x_wconf 76' lang='grc' dir='ltr'>εἷς</span> <span class='ocrx_word' id='word_1_554' title='bbox 1667 5351 1729 5406; x_wconf 81' lang='grc' dir='ltr'>τὸ</span> <span class='ocrx_word' id='word_1_555' title='bbox 1782 5372 1969 5407; x_wconf 85' lang='grc' dir='ltr'>συντε-</span> 
     </span>
    </p>
   </div>
   <div class='ocr_carea' id='block_1_73' title="bbox 341 5432 1970 5519">
    <p class='ocr_par' dir='ltr' id='par_1_73' title="bbox 341 5432 1970 5519">
     <span class='ocr_line' id='line_1_73' title="bbox 341 5432 1970 5519; baseline 0.002 -27"><span class='ocrx_word' id='word_1_556' title='bbox 341 5432 581 5506; x_wconf 72' lang='grc' dir='ltr'>λεσθῆναι</span> <span class='ocrx_word' id='word_1_557' title='bbox 637 5439 699 5495; x_wconf 84' lang='lat'>16</span> <span class='ocrx_word' id='word_1_558' title='bbox 752 5437 1023 5519; x_wconf 57' lang='grc' dir='ltr'>πλήρωμα</span> <span class='ocrx_word' id='word_1_559' title='bbox 1076 5444 1185 5498; x_wconf 69' lang='grc' dir='ltr'>τῶν</span> <span class='ocrx_word' id='word_1_560' title='bbox 1238 5438 1665 5519; x_wconf 72' lang='grc' dir='ltr'>σωθησομένων),</span> <span class='ocrx_word' id='word_1_561' title='bbox 1723 5437 1838 5496; x_wconf 69' lang='grc' dir='ltr'>ἰπεὶ</span> <span class='ocrx_word' id='word_1_562' title='bbox 1880 5442 1970 5498; x_wconf 81' lang='grc' dir='ltr'>οὖν</span> 
     </span>
    </p>
   </div>
   <div class='ocr_carea' id='block_1_74' title="bbox 336 5523 1971 5612">
    <p class='ocr_par' dir='ltr' id='par_1_74' title="bbox 336 5523 1971 5612">
     <span class='ocr_line' id='line_1_74' title="bbox 336 5523 1971 5612; baseline 0.002 -30"><span class='ocrx_word' id='word_1_563' title='bbox 336 5523 659 5607; x_wconf 78' lang='grc' dir='ltr'>πολύτροπος</span> <span class='ocrx_word' id='word_1_564' title='bbox 690 5528 788 5605; x_wconf 75' lang='grc' dir='ltr'>μὲν</span> <span class='ocrx_word' id='word_1_565' title='bbox 840 5530 878 5598; x_wconf 78' lang='grc' dir='ltr'><strong>ἡ</strong></span> <span class='ocrx_word' id='word_1_566' title='bbox 919 5530 1052 5609; x_wconf 81' lang='grc' dir='ltr'>πρὸς</span> <span class='ocrx_word' id='word_1_567' title='bbox 1106 5530 1207 5598; x_wconf 77' lang='grc' dir='ltr'>τὴν</span> <span class='ocrx_word' id='word_1_568' title='bbox 1248 5530 1510 5612; x_wconf 79' lang='grc' dir='ltr'>σωτηρίαν</span> <span class='ocrx_word' id='word_1_569' title='bbox 1564 5526 1778 5607; x_wconf 73' lang='grc' dir='ltr'>κλῆσις,</span> <span class='ocrx_word' id='word_1_570' title='bbox 1807 5527 1971 5586; x_wconf 84' lang='grc' dir='ltr'>πολυ-</span> 
     </span>
    </p>
   </div>
   <div class='ocr_carea' id='block_1_75' title="bbox 412 5691 1394 5781">
    <p class='ocr_par' dir='ltr' id='par_1_75' title="bbox 412 5691 1394 5781">
     <span class='ocr_line' id='line_1_75' title="bbox 412 5691 1394 5781; baseline 0.003 -24"><span class='ocrx_word' id='word_1_571' title='bbox 412 5691 474 5743; x_wconf 61' lang='grc' dir='ltr'>υ</span> <span class='ocrx_word' id='word_1_572' title='bbox 520 5691 668 5758; x_wconf 74' lang='lat' dir='ltr'>Gen.</span> <span class='ocrx_word' id='word_1_573' title='bbox 706 5711 749 5769; x_wconf 85' lang='grc' dir='ltr'>ι,</span> <span class='ocrx_word' id='word_1_574' title='bbox 780 5695 946 5765; x_wconf 78' lang='grc' dir='ltr'>6..¹τ</span> <span class='ocrx_word' id='word_1_575' title='bbox 974 5696 1107 5761; x_wconf 78' lang='lat' dir='ltr'><strong><em>Psal</em></strong></span> <span class='ocrx_word' id='word_1_576' title='bbox 1132 5715 1254 5781; x_wconf 79' lang='lat' dir='ltr'><strong><em>ciu,</em></strong></span> <span class='ocrx_word' id='word_1_577' title='bbox 1295 5699 1394 5761; x_wconf 72' lang='lat'>82.</span> 
     </span>
    </p>
   </div>
   <div class='ocr_carea' id='block_1_76' title="bbox 2066 1782 3704 1861">
    <p class='ocr_par' dir='ltr' id='par_1_76' title="bbox 2066 1782 3704 1861">
     <span class='ocr_line' id='line_1_76' title="bbox 2066 1782 3704 1861; baseline 0.004 -17"><span class='ocrx_word' id='word_1_578' title='bbox 2066 1795 2124 1845; x_wconf 88' lang='lat' dir='ltr'><strong><em>et</em></strong></span> <span class='ocrx_word' id='word_1_579' title='bbox 2155 1803 2311 1844; x_wconf 91' lang='lat' dir='ltr'><strong><em>nunc</em></strong></span> <span class='ocrx_word' id='word_1_580' title='bbox 2359 1790 2638 1845; x_wconf 91' lang='lat' dir='ltr'><strong><em>slatutum</em></strong></span> <span class='ocrx_word' id='word_1_581' title='bbox 2700 1789 2789 1843; x_wconf 89' lang='lat' dir='ltr'>est</span> <span class='ocrx_word' id='word_1_582' title='bbox 2837 1789 2901 1842; x_wconf 91' lang='lat' dir='ltr'><strong><em>ut</em></strong></span> <span class='ocrx_word' id='word_1_583' title='bbox 2952 1800 3058 1861; x_wconf 90' lang='lat' dir='ltr'>per</span> <span class='ocrx_word' id='word_1_584' title='bbox 3096 1782 3291 1860; x_wconf 79' lang='lat' dir='ltr'><strong>ignem</strong></span> <span class='ocrx_word' id='word_1_585' title='bbox 3316 1786 3414 1846; x_wconf 83' lang='lat' dir='ltr'><strong><em>tiat</em></strong></span> <span class='ocrx_word' id='word_1_586' title='bbox 3445 1786 3704 1850; x_wconf 89' lang='lat' dir='ltr'><strong>universi</strong></span> 
     </span>
    </p>
   </div>
   <div class='ocr_carea' id='block_1_77' title="bbox 2064 1869 3701 1953">
    <p class='ocr_par' dir='ltr' id='par_1_77' title="bbox 2064 1869 3701 1953">
     <span class='ocr_line' id='line_1_77' title="bbox 2064 1869 3701 1953; baseline 0.003 -20"><span class='ocrx_word' id='word_1_587' title='bbox 2064 1873 2387 1953; x_wconf 83' lang='lat' dir='ltr'>corruptio,</span> <span class='ocrx_word' id='word_1_588' title='bbox 2442 1890 2573 1933; x_wconf 89' lang='lat' dir='ltr'>cum</span> <span class='ocrx_word' id='word_1_589' title='bbox 2605 1889 2719 1951; x_wconf 92' lang='lat' dir='ltr'>quo</span> <span class='ocrx_word' id='word_1_590' title='bbox 2751 1869 2916 1951; x_wconf 89' lang='lat' dir='ltr'><strong>impii</strong></span> <span class='ocrx_word' id='word_1_591' title='bbox 2956 1887 3191 1951; x_wconf 87' lang='lat' dir='ltr'><strong><em>quoque</em></strong></span> <span class='ocrx_word' id='word_1_592' title='bbox 3222 1872 3521 1949; x_wconf 82' lang='lat' dir='ltr'><strong><em>peribunt.</em></strong></span> <span class='ocrx_word' id='word_1_593' title='bbox 3554 1876 3701 1938; x_wconf 87' lang='lat' dir='ltr'>Cum</span> 
     </span>
    </p>
   </div>
   <div class='ocr_carea' id='block_1_78' title="bbox 2065 1959 3705 2039">
    <p class='ocr_par' dir='ltr' id='par_1_78' title="bbox 2065 1959 3705 2039">
     <span class='ocr_line' id='line_1_78' title="bbox 2065 1959 3705 2039; baseline 0.004 -17"><span class='ocrx_word' id='word_1_594' title='bbox 2065 1962 2221 2023; x_wconf 88' lang='lat' dir='ltr'><strong><em>enim</em></strong></span> <span class='ocrx_word' id='word_1_595' title='bbox 2256 1962 2371 2021; x_wconf 83' lang='lat' dir='ltr'><strong><em>duo</em></strong></span> <span class='ocrx_word' id='word_1_596' title='bbox 2392 1962 2513 2022; x_wconf 74' lang='lat' dir='ltr'><strong><em>haec</em></strong></span> <span class='ocrx_word' id='word_1_597' title='bbox 2538 1959 2833 2022; x_wconf 84' lang='lat' dir='ltr'><strong><em>elementa</em></strong></span> <span class='ocrx_word' id='word_1_598' title='bbox 2861 1977 3014 2039; x_wconf 88' lang='lat' dir='ltr'><strong><em>aqua</em></strong></span> <span class='ocrx_word' id='word_1_599' title='bbox 3034 1972 3092 2021; x_wconf 87' lang='lat' dir='ltr'>et</span> <span class='ocrx_word' id='word_1_600' title='bbox 3121 1961 3274 2039; x_wconf 81' lang='lat' dir='ltr'><strong>ignis</strong></span> <span class='ocrx_word' id='word_1_601' title='bbox 3299 1964 3534 2025; x_wconf 89' lang='lat' dir='ltr'><strong><em>condita</em></strong></span> <span class='ocrx_word' id='word_1_602' title='bbox 3563 1975 3705 2028; x_wconf 90' lang='lat' dir='ltr'><strong><em>sunt</em></strong></span> 
     </span>
    </p>
   </div>
   <div class='ocr_carea' id='block_1_79' title="bbox 2066 2046 3705 2128">
    <p class='ocr_par' dir='ltr' id='par_1_79' title="bbox 2066 2046 3705 2128">
     <span class='ocr_line' id='line_1_79' title="bbox 2066 2046 3705 2128; baseline 0.003 -16"><span class='ocrx_word' id='word_1_603' title='bbox 2066 2071 2183 2112; x_wconf 88' lang='lat' dir='ltr'><strong>una</strong></span> <span class='ocrx_word' id='word_1_604' title='bbox 2217 2070 2348 2112; x_wconf 89' lang='lat' dir='ltr'><strong>cum</strong></span> <span class='ocrx_word' id='word_1_605' title='bbox 2385 2048 2687 2121; x_wconf 65' lang='lat' dir='ltr'><strong><em>universo,</em></strong></span> <span class='ocrx_word' id='word_1_606' title='bbox 2723 2066 2754 2108; x_wconf 92' lang='lat' dir='ltr'>a</span> <span class='ocrx_word' id='word_1_607' title='bbox 2783 2046 2997 2128; x_wconf 88' lang='lat' dir='ltr'><strong><em>quibus</em></strong></span> <span class='ocrx_word' id='word_1_608' title='bbox 3028 2056 3085 2109; x_wconf 90' lang='lat' dir='ltr'>et</span> <span class='ocrx_word' id='word_1_609' title='bbox 3112 2050 3225 2111; x_wconf 84' lang='lat' dir='ltr'><strong><em>alia</em></strong></span> <span class='ocrx_word' id='word_1_610' title='bbox 3261 2052 3377 2114; x_wconf 90' lang='lat' dir='ltr'><strong>duo</strong></span> <span class='ocrx_word' id='word_1_611' title='bbox 3410 2053 3705 2117; x_wconf 84' lang='lat' dir='ltr'><strong><em>elementa</em></strong></span> 
     </span>
    </p>
   </div>
   <div class='ocr_carea' id='block_1_80' title="bbox 2060 2135 3697 2221">
    <p class='ocr_par' dir='ltr' id='par_1_80' title="bbox 2060 2135 3697 2221">
     <span class='ocr_line' id='line_1_80' title="bbox 2060 2135 3697 2221; baseline 0.004 -20"><span class='ocrx_word' id='word_1_612' title='bbox 2060 2158 2193 2201; x_wconf 88' lang='lat' dir='ltr'><strong><em>esse</em></strong></span> <span class='ocrx_word' id='word_1_613' title='bbox 2223 2138 2518 2218; x_wconf 58' lang='lat' dir='ltr'><strong><em>accipiunt</em></strong></span> <span class='ocrx_word' id='word_1_614' title='bbox 2544 2154 2556 2196; x_wconf 89' lang='lat'>:</span> <span class='ocrx_word' id='word_1_615' title='bbox 2585 2156 2692 2215; x_wconf 89' lang='lat' dir='ltr'>per</span> <span class='ocrx_word' id='word_1_616' title='bbox 2715 2135 2954 2216; x_wconf 86' lang='lat' dir='ltr'><strong><em>quidem</em></strong></span> <span class='ocrx_word' id='word_1_617' title='bbox 2977 2139 3306 2218; x_wconf 86' lang='lat' dir='ltr'><strong><em>evaporatis</em></strong></span> <span class='ocrx_word' id='word_1_618' title='bbox 3326 2142 3515 2221; x_wconf 84' lang='lat' dir='ltr'><strong><em>aquis,</em></strong></span> <span class='ocrx_word' id='word_1_619' title='bbox 3538 2153 3697 2207; x_wconf 75' lang='lat' dir='ltr'><strong><em>terra</em></strong></span> 
     </span>
    </p>
   </div>
   <div class='ocr_carea' id='block_1_81' title="bbox 2060 2224 3695 2312">
    <p class='ocr_par' dir='ltr' id='par_1_81' title="bbox 2060 2224 3695 2312">
     <span class='ocr_line' id='line_1_81' title="bbox 2060 2224 3695 2312; baseline 0.004 -24"><span class='ocrx_word' id='word_1_620' title='bbox 2060 2245 2198 2288; x_wconf 82' lang='lat' dir='ltr'><strong><em>vero</em></strong></span> <span class='ocrx_word' id='word_1_621' title='bbox 2224 2225 2366 2307; x_wconf 89' lang='lat' dir='ltr'><strong><em>ipsis</em></strong></span> <span class='ocrx_word' id='word_1_622' title='bbox 2409 2224 2729 2306; x_wconf 80' lang='lat' dir='ltr'><strong><em>compactis</em></strong></span> <span class='ocrx_word' id='word_1_623' title='bbox 2760 2243 2774 2283; x_wconf 89' lang='lat'><strong>:</strong></span> <span class='ocrx_word' id='word_1_624' title='bbox 2811 2243 3029 2305; x_wconf 84' lang='lat' dir='ltr'><strong>nempe</strong></span> <span class='ocrx_word' id='word_1_625' title='bbox 3073 2225 3252 2287; x_wconf 82' lang='lat' dir='ltr'><strong><em>veluti</em></strong></span> <span class='ocrx_word' id='word_1_626' title='bbox 3280 2227 3431 2290; x_wconf 85' lang='lat' dir='ltr'><strong><em>facta</em></strong></span> <span class='ocrx_word' id='word_1_627' title='bbox 3459 2249 3530 2293; x_wconf 83' lang='lat' dir='ltr'><strong>ex</strong></span> <span class='ocrx_word' id='word_1_628' title='bbox 3560 2232 3695 2312; x_wconf 81' lang='lat' dir='ltr'><strong><em>igne</em></strong></span> 
     </span>
    </p>
   </div>
   <div class='ocr_carea' id='block_1_82' title="bbox 2060 2313 3810 2396">
    <p class='ocr_par' dir='ltr' id='par_1_82' title="bbox 2060 2313 3810 2396">
     <span class='ocr_line' id='line_1_82' title="bbox 2060 2313 3810 2396; baseline 0.003 -18"><span class='ocrx_word' id='word_1_629' title='bbox 2060 2315 2472 2396; x_wconf 79' lang='lat' dir='ltr'><strong><em>evaporatione</em></strong></span> <span class='ocrx_word' id='word_1_630' title='bbox 2523 2323 2579 2374; x_wconf 85' lang='lat' dir='ltr'>et</span> <span class='ocrx_word' id='word_1_631' title='bbox 2630 2313 3060 2394; x_wconf 85' lang='lat' dir='ltr'>compactione,</span> <span class='ocrx_word' id='word_1_632' title='bbox 3108 2317 3266 2378; x_wconf 91' lang='lat' dir='ltr'><strong><em>nullo</em></strong></span> <span class='ocrx_word' id='word_1_633' title='bbox 3297 2318 3398 2396; x_wconf 84' lang='lat' dir='ltr'><strong><em>qui</em></strong></span> <span class='ocrx_word' id='word_1_634' title='bbox 3433 2330 3689 2385; x_wconf 84' lang='lat' dir='ltr'><strong>mentem</strong></span> <span class='ocrx_word' id='word_1_635' title='bbox 3771 2332 3810 2371; x_wconf 78' lang='grc' dir='ltr'><strong><em>ο</em></strong></span> 
     </span>
    </p>
   </div>
   <div class='ocr_carea' id='block_1_83' title="bbox 2059 2404 3696 2482">
    <p class='ocr_par' dir='ltr' id='par_1_83' title="bbox 2059 2404 3696 2482">
     <span class='ocr_line' id='line_1_83' title="bbox 2059 2404 3696 2482; baseline 0.004 -15"><span class='ocrx_word' id='word_1_636' title='bbox 2059 2406 2273 2468; x_wconf 85' lang='lat' dir='ltr'><strong><em>habeat</em></strong></span> <span class='ocrx_word' id='word_1_637' title='bbox 2297 2405 2659 2467; x_wconf 85' lang='lat' dir='ltr'><strong><em>reclamante</em></strong></span> <span class='ocrx_word' id='word_1_638' title='bbox 2693 2404 2851 2482; x_wconf 88' lang='lat' dir='ltr'><strong><em>(nam</em></strong></span> <span class='ocrx_word' id='word_1_639' title='bbox 2874 2404 3029 2465; x_wconf 85' lang='lat' dir='ltr'><strong><em>hanc</em></strong></span> <span class='ocrx_word' id='word_1_640' title='bbox 3049 2404 3320 2467; x_wconf 90' lang='lat' dir='ltr'><strong><em>virtutem</em></strong></span> <span class='ocrx_word' id='word_1_641' title='bbox 3358 2426 3393 2467; x_wconf 92' lang='lat' dir='ltr'>a</span> <span class='ocrx_word' id='word_1_642' title='bbox 3422 2407 3541 2471; x_wconf 92' lang='lat' dir='ltr'><strong><em>Deo</em></strong></span> <span class='ocrx_word' id='word_1_643' title='bbox 3555 2431 3696 2473; x_wconf 81' lang='lat' dir='ltr'><strong><em>con-</em></strong></span> 
     </span>
    </p>
   </div>
   <div class='ocr_carea' id='block_1_84' title="bbox 2058 2492 3691 2575">
    <p class='ocr_par' dir='ltr' id='par_1_84' title="bbox 2058 2492 3691 2575">
     <span class='ocr_line' id='line_1_84' title="bbox 2058 2492 3691 2575; baseline 0.005 -20"><span class='ocrx_word' id='word_1_644' title='bbox 2058 2494 2250 2555; x_wconf 86' lang='lat' dir='ltr'><strong><em>ditore</em></strong></span> <span class='ocrx_word' id='word_1_645' title='bbox 2300 2494 2450 2570; x_wconf 85' lang='lat' dir='ltr'><strong><em>ignis</em></strong></span> <span class='ocrx_word' id='word_1_646' title='bbox 2508 2501 2716 2553; x_wconf 88' lang='lat' dir='ltr'><strong><em>natura</em></strong></span> <span class='ocrx_word' id='word_1_647' title='bbox 2769 2492 2972 2552; x_wconf 90' lang='lat' dir='ltr'><strong><em>sortita</em></strong></span> <span class='ocrx_word' id='word_1_648' title='bbox 3021 2500 3154 2572; x_wconf 84' lang='lat' dir='ltr'><strong><em>est),</em></strong></span> <span class='ocrx_word' id='word_1_649' title='bbox 3210 2512 3344 2557; x_wconf 87' lang='lat' dir='ltr'><strong><em>cum</em></strong></span> <span class='ocrx_word' id='word_1_650' title='bbox 3395 2497 3521 2560; x_wconf 65' lang='lat' dir='ltr'><strong><em>haec</em></strong></span> <span class='ocrx_word' id='word_1_651' title='bbox 3549 2499 3691 2575; x_wconf 90' lang='lat' dir='ltr'><strong><em>duo,</em></strong></span> 
     </span>
    </p>
   </div>
   <div class='ocr_carea' id='block_1_85' title="bbox 2058 2580 3691 2669">
    <p class='ocr_par' dir='ltr' id='par_1_85' title="bbox 2058 2580 3691 2669">
     <span class='ocr_line' id='line_1_85' title="bbox 2058 2580 3691 2669; baseline 0.004 -24"><span class='ocrx_word' id='word_1_652' title='bbox 2058 2584 2410 2664; x_wconf 79' lang='lat' dir='ltr'><strong><em>inquam,ita</em></strong></span> <span class='ocrx_word' id='word_1_653' title='bbox 2435 2598 2674 2662; x_wconf 90' lang='lat' dir='ltr'><strong><em>semper</em></strong></span> <span class='ocrx_word' id='word_1_654' title='bbox 2694 2580 3155 2663; x_wconf 88' lang='lat' dir='ltr'><strong><em>substiterint,et</em></strong></span> <span class='ocrx_word' id='word_1_655' title='bbox 3185 2584 3345 2663; x_wconf 85' lang='lat' dir='ltr'><strong><em>prius</em></strong></span> <span class='ocrx_word' id='word_1_656' title='bbox 3361 2605 3468 2666; x_wconf 86' lang='lat' dir='ltr'><strong><em>per</em></strong></span> <span class='ocrx_word' id='word_1_657' title='bbox 3480 2606 3691 2669; x_wconf 88' lang='lat' dir='ltr'><strong><em>aquam</em></strong></span> 
     </span>
    </p>
   </div>
   <div class='ocr_carea' id='block_1_86' title="bbox 2056 2670 3695 2758">
    <p class='ocr_par' dir='ltr' id='par_1_86' title="bbox 2056 2670 3695 2758">
     <span class='ocr_line' id='line_1_86' title="bbox 2056 2670 3695 2758; baseline 0.006 -26"><span class='ocrx_word' id='word_1_658' title='bbox 2056 2672 2273 2734; x_wconf 79' lang='lat' dir='ltr'><strong><em>factum</em></strong></span> <span class='ocrx_word' id='word_1_659' title='bbox 2292 2671 2467 2733; x_wconf 88' lang='lat' dir='ltr'><strong><em>fuerit</em></strong></span> <span class='ocrx_word' id='word_1_660' title='bbox 2488 2670 2804 2751; x_wconf 88' lang='lat' dir='ltr'><strong><em>impiorum</em></strong></span> <span class='ocrx_word' id='word_1_661' title='bbox 2835 2670 3102 2747; x_wconf 81' lang='lat' dir='ltr'><strong><em>exitium,</em></strong></span> <span class='ocrx_word' id='word_1_662' title='bbox 3130 2692 3375 2737; x_wconf 87' lang='lat' dir='ltr'><strong><em>necesse</em></strong></span> <span class='ocrx_word' id='word_1_663' title='bbox 3391 2685 3554 2739; x_wconf 89' lang='lat' dir='ltr'><strong><em>estut</em></strong></span> <span class='ocrx_word' id='word_1_664' title='bbox 3585 2699 3695 2758; x_wconf 88' lang='lat' dir='ltr'>per</span> 
     </span>
    </p>
   </div>
   <div class='ocr_carea' id='block_1_87' title="bbox 2058 2759 3692 2844">
    <p class='ocr_par' dir='ltr' id='par_1_87' title="bbox 2058 2759 3692 2844">
     <span class='ocr_line' id='line_1_87' title="bbox 2058 2759 3692 2844; baseline 0.006 -21"><span class='ocrx_word' id='word_1_665' title='bbox 2058 2762 2255 2841; x_wconf 83' lang='lat' dir='ltr'><strong><em>ignem</em></strong></span> <span class='ocrx_word' id='word_1_666' title='bbox 2281 2778 2516 2822; x_wconf 88' lang='lat' dir='ltr'><strong><em>rursum</em></strong></span> <span class='ocrx_word' id='word_1_667' title='bbox 2539 2759 2636 2821; x_wconf 84' lang='lat' dir='ltr'><strong><em>ﬁat</em></strong></span> <span class='ocrx_word' id='word_1_668' title='bbox 2657 2759 2927 2821; x_wconf 85' lang='lat' dir='ltr'><strong><em>interitus</em></strong></span> <span class='ocrx_word' id='word_1_669' title='bbox 2947 2778 3154 2822; x_wconf 86' lang='lat' dir='ltr'><strong><em>eorum</em></strong></span> <span class='ocrx_word' id='word_1_670' title='bbox 3167 2763 3267 2843; x_wconf 90' lang='lat' dir='ltr'><strong><em>qui</em></strong></span> <span class='ocrx_word' id='word_1_671' title='bbox 3288 2763 3475 2844; x_wconf 88' lang='lat' dir='ltr'><strong><em>impie</em></strong></span> <span class='ocrx_word' id='word_1_672' title='bbox 3489 2778 3692 2844; x_wconf 80' lang='lat' dir='ltr'><strong><em>agunt.</em></strong></span> 
     </span>
    </p>
   </div>
   <div class='ocr_carea' id='block_1_88' title="bbox 2060 2849 3692 2933">
    <p class='ocr_par' dir='ltr' id='par_1_88' title="bbox 2060 2849 3692 2933">
     <span class='ocr_line' id='line_1_88' title="bbox 2060 2849 3692 2933; baseline 0.005 -21"><span class='ocrx_word' id='word_1_673' title='bbox 2060 2853 2244 2914; x_wconf 81' lang='lat' dir='ltr'><strong><em>Porro</em></strong></span> <span class='ocrx_word' id='word_1_674' title='bbox 2268 2850 2423 2930; x_wconf 91' lang='lat' dir='ltr'><strong><em>quod</em></strong></span> <span class='ocrx_word' id='word_1_675' title='bbox 2445 2849 2622 2929; x_wconf 88' lang='lat' dir='ltr'><strong>hujus</strong></span> <span class='ocrx_word' id='word_1_676' title='bbox 2643 2849 3019 2911; x_wconf 76' lang='lat' dir='ltr'><strong><em>universities</em></strong></span> <span class='ocrx_word' id='word_1_677' title='bbox 3034 2852 3480 2933; x_wconf 86' lang='lat' dir='ltr'><strong><em>corruptio,non</em></strong></span> <span class='ocrx_word' id='word_1_678' title='bbox 3503 2858 3692 2920; x_wconf 90' lang='lat' dir='ltr'><strong><em>solum</em></strong></span> 
     </span>
    </p>
   </div>
   <div class='ocr_carea' id='block_1_89' title="bbox 2060 2938 3697 3023">
    <p class='ocr_par' dir='ltr' id='par_1_89' title="bbox 2060 2938 3697 3023">
     <span class='ocr_line' id='line_1_89' title="bbox 2060 2938 3697 3023; baseline 0.006 -25"><span class='ocrx_word' id='word_1_679' title='bbox 2060 2938 2432 3016; x_wconf 71' lang='lat' dir='ltr'><strong><em>Christianis,</em></strong></span> <span class='ocrx_word' id='word_1_680' title='bbox 2488 2939 2870 2999; x_wconf 84' lang='lat' dir='ltr'><strong><em>verumetiam</em></strong></span> <span class='ocrx_word' id='word_1_681' title='bbox 2933 2938 3278 3003; x_wconf 57' lang='lat' dir='ltr'><strong><em>Graecorum</em></strong></span> <span class='ocrx_word' id='word_1_682' title='bbox 3329 2942 3697 3023; x_wconf 79' lang='lat' dir='ltr'><strong><em>sapientibUs</em></strong></span> 
     </span>
    </p>
   </div>
   <div class='ocr_carea' id='block_1_90' title="bbox 2060 3026 3695 3110">
    <p class='ocr_par' dir='ltr' id='par_1_90' title="bbox 2060 3026 3695 3110">
     <span class='ocr_line' id='line_1_90' title="bbox 2060 3026 3695 3110; baseline 0.005 -21"><span class='ocrx_word' id='word_1_683' title='bbox 2060 3030 2292 3091; x_wconf 87' lang='lat' dir='ltr'><strong><em>videtur</em></strong></span> <span class='ocrx_word' id='word_1_684' title='bbox 2318 3050 2330 3087; x_wconf 92' lang='lat'><strong>:</strong></span> <span class='ocrx_word' id='word_1_685' title='bbox 2358 3026 2854 3109; x_wconf 86' lang='lat' dir='ltr'><strong>quemadmodum</strong></span> <span class='ocrx_word' id='word_1_686' title='bbox 2876 3027 3173 3090; x_wconf 84' lang='lat' dir='ltr'><strong>Heraclito</strong></span> <span class='ocrx_word' id='word_1_687' title='bbox 3200 3030 3452 3110; x_wconf 84' lang='lat' dir='ltr'><strong><em>Ephesio</em></strong></span> <span class='ocrx_word' id='word_1_688' title='bbox 3478 3042 3534 3094; x_wconf 88' lang='lat' dir='ltr'>et</span> <span class='ocrx_word' id='word_1_689' title='bbox 3556 3036 3695 3097; x_wconf 83' lang='lat' dir='ltr'>Em-</span> 
     </span>
    </p>
   </div>
   <div class='ocr_carea' id='block_1_91' title="bbox 2060 3113 3696 3200">
    <p class='ocr_par' dir='ltr' id='par_1_91' title="bbox 2060 3113 3696 3200">
     <span class='ocr_line' id='line_1_91' title="bbox 2060 3113 3696 3200; baseline 0.005 -21"><span class='ocrx_word' id='word_1_690' title='bbox 2060 3113 2690 3200; x_wconf 64' lang='lat' dir='ltr'><strong><em>pedocliEtnzeoSed</em></strong></span> <span class='ocrx_word' id='word_1_691' title='bbox 2712 3115 2871 3177; x_wconf 89' lang='lat' dir='ltr'><strong><em>dicet</em></strong></span> <span class='ocrx_word' id='word_1_692' title='bbox 2903 3117 3116 3198; x_wconf 90' lang='lat' dir='ltr'><strong><em>aliquis</em></strong></span> <span class='ocrx_word' id='word_1_693' title='bbox 3151 3121 3257 3181; x_wconf 83' lang='lat' dir='ltr'>:Et</span> <span class='ocrx_word' id='word_1_694' title='bbox 3277 3138 3406 3200; x_wconf 76' lang='lat' dir='ltr'><strong><em>quae</em></strong></span> <span class='ocrx_word' id='word_1_695' title='bbox 3427 3121 3696 3187; x_wconf 87' lang='lat' dir='ltr'><strong><em>luitratio</em></strong></span> 
     </span>
    </p>
   </div>
   <div class='ocr_carea' id='block_1_92' title="bbox 2060 3205 3695 3287">
    <p class='ocr_par' dir='ltr' id='par_1_92' title="bbox 2060 3205 3695 3287">
     <span class='ocr_line' id='line_1_92' title="bbox 2060 3205 3695 3287; baseline 0.004 -17"><span class='ocrx_word' id='word_1_696' title='bbox 2060 3217 2124 3270; x_wconf 88' lang='lat' dir='ltr'><strong><em>ut</em></strong></span> <span class='ocrx_word' id='word_1_697' title='bbox 2151 3209 2537 3278; x_wconf 86' lang='lat' dir='ltr'><strong><em>conderetur,</em></strong></span> <span class='ocrx_word' id='word_1_698' title='bbox 2600 3205 2651 3265; x_wconf 91' lang='lat' dir='ltr'><strong><em>si</em></strong></span> <span class='ocrx_word' id='word_1_699' title='bbox 2699 3222 2937 3266; x_wconf 86' lang='lat' dir='ltr'><strong>rursum</strong></span> <span class='ocrx_word' id='word_1_700' title='bbox 2975 3207 3290 3287; x_wconf 90' lang='lat' dir='ltr'><strong><em>oportebat</em></strong></span> <span class='ocrx_word' id='word_1_701' title='bbox 3318 3210 3391 3271; x_wconf 90' lang='lat' dir='ltr'><strong><em>ad</em></strong></span> <span class='ocrx_word' id='word_1_702' title='bbox 3444 3211 3695 3276; x_wconf 84' lang='lat' dir='ltr'><strong>nihilum</strong></span> 
     </span>
    </p>
   </div>
   <div class='ocr_carea' id='block_1_93' title="bbox 2056 3292 3693 3379">
    <p class='ocr_par' dir='ltr' id='par_1_93' title="bbox 2056 3292 3693 3379">
     <span class='ocr_line' id='line_1_93' title="bbox 2056 3292 3693 3379; baseline 0.003 -20"><span class='ocrx_word' id='word_1_703' title='bbox 2056 3296 2249 3376; x_wconf 79' lang='lat' dir='ltr'><strong>redigi</strong></span> <span class='ocrx_word' id='word_1_704' title='bbox 2281 3296 2571 3357; x_wconf 88' lang='lat' dir='ltr'><strong><em>mundum</em></strong></span> <span class='ocrx_word' id='word_1_705' title='bbox 2598 3294 2622 3353; x_wconf 72' lang='grc' dir='ltr'>Υ</span> <span class='ocrx_word' id='word_1_706' title='bbox 2645 3292 2715 3354; x_wconf 87' lang='grc' dir='ltr'>Ει</span> <span class='ocrx_word' id='word_1_707' title='bbox 2734 3294 3003 3356; x_wconf 88' lang='lat' dir='ltr'><strong>dicemus</strong></span> <span class='ocrx_word' id='word_1_708' title='bbox 3033 3296 3190 3373; x_wconf 90' lang='lat' dir='ltr'><strong><em>quod</em></strong></span> <span class='ocrx_word' id='word_1_709' title='bbox 3223 3316 3339 3358; x_wconf 90' lang='lat' dir='ltr'><strong><em>non</em></strong></span> <span class='ocrx_word' id='word_1_710' title='bbox 3368 3299 3602 3379; x_wconf 89' lang='lat' dir='ltr'><strong><em>penitus</em></strong></span> <span class='ocrx_word' id='word_1_711' title='bbox 3620 3303 3693 3366; x_wconf 89' lang='lat' dir='ltr'><strong><em>ad</em></strong></span> 
     </span>
    </p>
   </div>
   <div class='ocr_carea' id='block_1_94' title="bbox 2057 3381 3694 3468">
    <p class='ocr_par' dir='ltr' id='par_1_94' title="bbox 2057 3381 3694 3468">
     <span class='ocr_line' id='line_1_94' title="bbox 2057 3381 3694 3468; baseline 0.002 -20"><span class='ocrx_word' id='word_1_712' title='bbox 2057 3385 2499 3465; x_wconf 86' lang='lat' dir='ltr'><strong><em>corruptionem</em></strong></span> <span class='ocrx_word' id='word_1_713' title='bbox 2525 3381 3123 3456; x_wconf 87' lang='lat' dir='ltr'><strong><em>tendetmundus,sed</em></strong></span> <span class='ocrx_word' id='word_1_714' title='bbox 3138 3384 3208 3444; x_wconf 92' lang='lat' dir='ltr'>ad</span> <span class='ocrx_word' id='word_1_715' title='bbox 3226 3389 3694 3468; x_wconf 75' lang='lat' dir='ltr'><strong><em>renovationem;</em></strong></span> 
     </span>
    </p>
   </div>
   <div class='ocr_carea' id='block_1_95' title="bbox 2060 3471 3696 3556">
    <p class='ocr_par' dir='ltr' id='par_1_95' title="bbox 2060 3471 3696 3556">
     <span class='ocr_line' id='line_1_95' title="bbox 2060 3471 3696 3556; baseline 0.003 -19"><span class='ocrx_word' id='word_1_716' title='bbox 2060 3487 2376 3556; x_wconf 87' lang='lat' dir='ltr'><strong><em>propterea</em></strong></span> <span class='ocrx_word' id='word_1_717' title='bbox 2407 3472 2699 3551; x_wconf 77' lang='lat' dir='ltr'><strong><em>Propheta</em></strong></span> <span class='ocrx_word' id='word_1_718' title='bbox 2724 3489 2959 3551; x_wconf 90' lang='lat' dir='ltr'><strong><em>quoque</em></strong></span> <span class='ocrx_word' id='word_1_719' title='bbox 2993 3471 3140 3535; x_wconf 90' lang='lat' dir='ltr'><strong><em>dicit</em></strong></span> <span class='ocrx_word' id='word_1_720' title='bbox 3172 3491 3186 3531; x_wconf 91' lang='lat'><strong>:</strong></span> <span class='ocrx_word' id='word_1_721' title='bbox 3227 3494 3253 3531; x_wconf 78' lang='grc' dir='ltr'>ι</span> <span class='ocrx_word' id='word_1_722' title='bbox 3281 3474 3355 3535; x_wconf 88' lang='lat' dir='ltr'><strong><em>Et</em></strong></span> <span class='ocrx_word' id='word_1_723' title='bbox 3385 3479 3696 3542; x_wconf 87' lang='lat' dir='ltr'><strong><em>renovabis</em></strong></span> 
     </span>
    </p>
   </div>
   <div class='ocr_carea' id='block_1_96' title="bbox 2057 3559 3694 3633">
    <p class='ocr_par' dir='ltr' id='par_1_96' title="bbox 2057 3559 3694 3633">
     <span class='ocr_line' id='line_1_96' title="bbox 2057 3559 3694 3633; baseline 0.002 -7"><span class='ocrx_word' id='word_1_724' title='bbox 2057 3565 2267 3626; x_wconf 81' lang='lat' dir='ltr'><strong><em>faciem</em></strong></span> <span class='ocrx_word' id='word_1_725' title='bbox 2293 3573 2472 3626; x_wconf 73' lang='lat' dir='ltr'><strong><em>terrae</em></strong></span> <span class='ocrx_word' id='word_1_726' title='bbox 2488 3560 2571 3624; x_wconf 70' lang='grc'>27.</span> <span class='ocrx_word' id='word_1_727' title='bbox 2590 3559 3130 3633; x_wconf 73' lang='grc' dir='ltr'>υΟιιθῐηειίιιηοάυτη</span> <span class='ocrx_word' id='word_1_728' title='bbox 3149 3561 3307 3622; x_wconf 89' lang='lat' dir='ltr'><strong><em>enim</em></strong></span> <span class='ocrx_word' id='word_1_729' title='bbox 3331 3581 3365 3622; x_wconf 89' lang='lat' dir='ltr'>a</span> <span class='ocrx_word' id='word_1_730' title='bbox 3395 3563 3517 3625; x_wconf 88' lang='lat' dir='ltr'>Deo</span> <span class='ocrx_word' id='word_1_731' title='bbox 3546 3568 3694 3630; x_wconf 91' lang='lat' dir='ltr'><strong><em>sub-</em></strong></span> 
     </span>
    </p>
   </div>
   <div class='ocr_carea' id='block_1_97' title="bbox 2058 3647 3696 3737">
    <p class='ocr_par' dir='ltr' id='par_1_97' title="bbox 2058 3647 3696 3737">
     <span class='ocr_line' id='line_1_97' title="bbox 2058 3647 3696 3737; baseline 0.004 -23"><span class='ocrx_word' id='word_1_732' title='bbox 2058 3653 2275 3715; x_wconf 90' lang='lat' dir='ltr'><strong><em>sistens</em></strong></span> <span class='ocrx_word' id='word_1_733' title='bbox 2296 3649 2553 3715; x_wconf 89' lang='lat' dir='ltr'><strong><em>abinitio</em></strong></span> <span class='ocrx_word' id='word_1_734' title='bbox 2573 3657 2845 3711; x_wconf 87' lang='lat' dir='ltr'><strong><em>creatura</em></strong></span> <span class='ocrx_word' id='word_1_735' title='bbox 2860 3647 3016 3711; x_wconf 88' lang='lat' dir='ltr'><strong><em>bona</em></strong></span> <span class='ocrx_word' id='word_1_736' title='bbox 3032 3664 3158 3711; x_wconf 84' lang='lat' dir='ltr'><strong><em>erat</em></strong></span> <span class='ocrx_word' id='word_1_737' title='bbox 3173 3659 3255 3726; x_wconf 92' lang='lat' dir='ltr'>,et</span> <span class='ocrx_word' id='word_1_738' title='bbox 3267 3669 3383 3712; x_wconf 90' lang='lat' dir='ltr'><strong>non</strong></span> <span class='ocrx_word' id='word_1_739' title='bbox 3398 3662 3696 3737; x_wconf 87' lang='lat' dir='ltr'><strong><em>utcunque</em></strong></span> 
     </span>
    </p>
   </div>
   <div class='ocr_carea' id='block_1_98' title="bbox 2057 3739 3695 3821">
    <p class='ocr_par' dir='ltr' id='par_1_98' title="bbox 2057 3739 3695 3821">
     <span class='ocr_line' id='line_1_98' title="bbox 2057 3739 3695 3821; baseline 0.001 -18"><span class='ocrx_word' id='word_1_740' title='bbox 2057 3751 2156 3803; x_wconf 89' lang='lat' dir='ltr'>aut</span> <span class='ocrx_word' id='word_1_741' title='bbox 2187 3744 2337 3805; x_wconf 81' lang='lat' dir='ltr'><strong><em>forte</em></strong></span> <span class='ocrx_word' id='word_1_742' title='bbox 2366 3740 2604 3801; x_wconf 77' lang='lat' dir='ltr'><strong><em>fortuna</em></strong></span> <span class='ocrx_word' id='word_1_743' title='bbox 2630 3739 2782 3800; x_wconf 83' lang='lat' dir='ltr'><strong><em>bona</em></strong></span> <span class='ocrx_word' id='word_1_744' title='bbox 2816 3755 2829 3800; x_wconf 90' lang='lat'>:</span> <span class='ocrx_word' id='word_1_745' title='bbox 2890 3739 3148 3800; x_wconf 84' lang='lat' dir='ltr'><strong><em>hominis</em></strong></span> <span class='ocrx_word' id='word_1_746' title='bbox 3178 3756 3313 3801; x_wconf 86' lang='lat' dir='ltr'><strong><em>vero</em></strong></span> <span class='ocrx_word' id='word_1_747' title='bbox 3357 3747 3695 3821; x_wconf 80' lang='lat' dir='ltr'><strong><em>transgres-</em></strong></span> 
     </span>
    </p>
   </div>
   <div class='ocr_carea' id='block_1_99' title="bbox 2057 3826 3696 3911">
    <p class='ocr_par' dir='ltr' id='par_1_99' title="bbox 2057 3826 3696 3911">
     <span class='ocr_line' id='line_1_99' title="bbox 2057 3826 3696 3911; baseline 0.004 -19"><span class='ocrx_word' id='word_1_748' title='bbox 2057 3830 2225 3892; x_wconf 88' lang='lat' dir='ltr'><strong><em>sione</em></strong></span> <span class='ocrx_word' id='word_1_749' title='bbox 2240 3838 2299 3892; x_wconf 91' lang='lat' dir='ltr'>et</span> <span class='ocrx_word' id='word_1_750' title='bbox 2318 3830 2447 3911; x_wconf 89' lang='lat' dir='ltr'><strong><em>ipsa</em></strong></span> <span class='ocrx_word' id='word_1_751' title='bbox 2466 3839 2741 3889; x_wconf 88' lang='lat' dir='ltr'><strong><em>creatura</em></strong></span> <span class='ocrx_word' id='word_1_752' title='bbox 2759 3826 2999 3888; x_wconf 77' lang='lat' dir='ltr'><strong><em>vanitati</em></strong></span> <span class='ocrx_word' id='word_1_753' title='bbox 3016 3827 3271 3889; x_wconf 81' lang='lat' dir='ltr'><strong><em>obnoxia</em></strong></span> <span class='ocrx_word' id='word_1_754' title='bbox 3289 3828 3437 3891; x_wconf 85' lang='lat' dir='ltr'><strong><em>tacta</em></strong></span> <span class='ocrx_word' id='word_1_755' title='bbox 3454 3840 3562 3906; x_wconf 91' lang='lat' dir='ltr'><strong><em>est,</em></strong></span> <span class='ocrx_word' id='word_1_756' title='bbox 3583 3833 3696 3899; x_wconf 82' lang='lat' dir='ltr'>hoc</span> 
     </span>
    </p>
   </div>
   <div class='ocr_carea' id='block_1_100' title="bbox 2057 3917 3697 3998">
    <p class='ocr_par' dir='ltr' id='par_1_100' title="bbox 2057 3917 3697 3998">
     <span class='ocr_line' id='line_1_100' title="bbox 2057 3917 3697 3998; baseline 0.002 -16"><span class='ocrx_word' id='word_1_757' title='bbox 2057 3930 2148 3982; x_wconf 89' lang='lat' dir='ltr'><strong><em>est</em></strong></span> <span class='ocrx_word' id='word_1_758' title='bbox 2176 3938 2294 3981; x_wconf 88' lang='lat' dir='ltr'><strong><em>non</em></strong></span> <span class='ocrx_word' id='word_1_759' title='bbox 2324 3917 2551 3981; x_wconf 84' lang='lat' dir='ltr'><strong><em>habens</em></strong></span> <span class='ocrx_word' id='word_1_760' title='bbox 2584 3920 2819 3978; x_wconf 88' lang='lat' dir='ltr'><strong><em>tirmum</em></strong></span> <span class='ocrx_word' id='word_1_761' title='bbox 2849 3934 3008 3991; x_wconf 83' lang='lat' dir='ltr'><strong><em>esse,</em></strong></span> <span class='ocrx_word' id='word_1_762' title='bbox 3018 3917 3125 3998; x_wconf 77' lang='lat' dir='ltr'>sed</span> <span class='ocrx_word' id='word_1_763' title='bbox 3158 3917 3313 3997; x_wconf 88' lang='lat' dir='ltr'><strong><em>quod</em></strong></span> <span class='ocrx_word' id='word_1_764' title='bbox 3341 3929 3431 3980; x_wconf 90' lang='lat' dir='ltr'><strong><em>est</em></strong></span> <span class='ocrx_word' id='word_1_765' title='bbox 3454 3920 3513 3981; x_wconf 92' lang='lat' dir='ltr'>in</span> <span class='ocrx_word' id='word_1_766' title='bbox 3535 3923 3697 3986; x_wconf 84' lang='lat' dir='ltr'>ﬂuxu</span> 
     </span>
    </p>
   </div>
   <div class='ocr_carea' id='block_1_101' title="bbox 2056 4004 3697 4087">
    <p class='ocr_par' dir='ltr' id='par_1_101' title="bbox 2056 4004 3697 4087">
     <span class='ocr_line' id='line_1_101' title="bbox 2056 4004 3697 4087; baseline 0.003 -17"><span class='ocrx_word' id='word_1_767' title='bbox 2056 4010 2402 4087; x_wconf 63' lang='lat' dir='ltr'><strong><em>acretluxu.</em></strong></span> <span class='ocrx_word' id='word_1_768' title='bbox 2435 4006 2663 4068; x_wconf 90' lang='lat' dir='ltr'><strong><em>Deinde</em></strong></span> <span class='ocrx_word' id='word_1_769' title='bbox 2693 4005 2754 4066; x_wconf 90' lang='lat' dir='ltr'>in</span> <span class='ocrx_word' id='word_1_770' title='bbox 2796 4004 3016 4068; x_wconf 81' lang='lat' dir='ltr'><strong><em>diluvio</em></strong></span> <span class='ocrx_word' id='word_1_771' title='bbox 3051 4023 3187 4067; x_wconf 89' lang='lat' dir='ltr'>cum</span> <span class='ocrx_word' id='word_1_772' title='bbox 3220 4010 3390 4086; x_wconf 89' lang='lat' dir='ltr'><strong><em>pauci</em></strong></span> <span class='ocrx_word' id='word_1_773' title='bbox 3419 4010 3697 4077; x_wconf 85' lang='lat' dir='ltr'><strong><em>homines</em></strong></span> 
     </span>
    </p>
   </div>
   <div class='ocr_carea' id='block_1_102' title="bbox 2059 4094 3697 4178">
    <p class='ocr_par' dir='ltr' id='par_1_102' title="bbox 2059 4094 3697 4178">
     <span class='ocr_line' id='line_1_102' title="bbox 2059 4094 3697 4178; baseline 0.002 -18"><span class='ocrx_word' id='word_1_774' title='bbox 2059 4097 2458 4178; x_wconf 88' lang='lat' dir='ltr'><strong><em>perstitissent</em></strong></span> <span class='ocrx_word' id='word_1_775' title='bbox 2478 4096 2537 4157; x_wconf 91' lang='lat' dir='ltr'><strong><em>in</em></strong></span> <span class='ocrx_word' id='word_1_776' title='bbox 2556 4094 2754 4157; x_wconf 86' lang='lat' dir='ltr'><strong><em>divino</em></strong></span> <span class='ocrx_word' id='word_1_777' title='bbox 2774 4094 2951 4169; x_wconf 90' lang='lat' dir='ltr'><strong><em>cultu,</em></strong></span> <span class='ocrx_word' id='word_1_778' title='bbox 2978 4094 3233 4156; x_wconf 89' lang='lat' dir='ltr'><strong><em>mundus</em></strong></span> <span class='ocrx_word' id='word_1_779' title='bbox 3246 4113 3485 4160; x_wconf 79' lang='lat' dir='ltr'><strong>rursum</strong></span> <span class='ocrx_word' id='word_1_780' title='bbox 3515 4103 3697 4164; x_wconf 86' lang='lat' dir='ltr'><strong>veluti</strong></span> 
     </span>
    </p>
   </div>
   <div class='ocr_carea' id='block_1_103' title="bbox 2056 4182 3695 4270">
    <p class='ocr_par' dir='ltr' id='par_1_103' title="bbox 2056 4182 3695 4270">
     <span class='ocr_line' id='line_1_103' title="bbox 2056 4182 3695 4270; baseline 0.002 -21"><span class='ocrx_word' id='word_1_781' title='bbox 2056 4187 2309 4269; x_wconf 88' lang='lat' dir='ltr'><strong><em>sumpsit</em></strong></span> <span class='ocrx_word' id='word_1_782' title='bbox 2336 4182 2766 4267; x_wconf 81' lang='lat' dir='ltr'><strong><em>compactiouis</em></strong></span> <span class='ocrx_word' id='word_1_783' title='bbox 2787 4183 3021 4244; x_wconf 90' lang='lat' dir='ltr'><strong><em>initium</em></strong></span> <span class='ocrx_word' id='word_1_784' title='bbox 3045 4201 3151 4264; x_wconf 88' lang='lat' dir='ltr'><strong><em>per</em></strong></span> <span class='ocrx_word' id='word_1_785' title='bbox 3165 4183 3288 4246; x_wconf 89' lang='lat' dir='ltr'>Noe</span> <span class='ocrx_word' id='word_1_786' title='bbox 3314 4198 3374 4247; x_wconf 85' lang='lat' dir='ltr'>et</span> <span class='ocrx_word' id='word_1_787' title='bbox 3393 4206 3497 4251; x_wconf 91' lang='lat' dir='ltr'><strong><em>eos</em></strong></span> <span class='ocrx_word' id='word_1_788' title='bbox 3509 4190 3610 4270; x_wconf 89' lang='lat' dir='ltr'><strong><em>qui</em></strong></span> <span class='ocrx_word' id='word_1_789' title='bbox 3632 4191 3695 4253; x_wconf 90' lang='lat' dir='ltr'>in</span> 
     </span>
    </p>
   </div>
   <div class='ocr_carea' id='block_1_104' title="bbox 2054 4271 3694 4342">
    <p class='ocr_par' dir='ltr' id='par_1_104' title="bbox 2054 4271 3694 4342">
     <span class='ocr_line' id='line_1_104' title="bbox 2054 4271 3694 4342; baseline 0.002 -4"><span class='ocrx_word' id='word_1_790' title='bbox 2054 4295 2192 4339; x_wconf 83' lang='lat' dir='ltr'><strong><em>arca</em></strong></span> <span class='ocrx_word' id='word_1_791' title='bbox 2220 4294 2337 4337; x_wconf 91' lang='lat' dir='ltr'><strong><em>una</em></strong></span> <span class='ocrx_word' id='word_1_792' title='bbox 2367 4293 2499 4336; x_wconf 88' lang='lat' dir='ltr'><strong><em>cum</em></strong></span> <span class='ocrx_word' id='word_1_793' title='bbox 2522 4271 2879 4334; x_wconf 84' lang='lat' dir='ltr'><strong><em>animalibus</em></strong></span> <span class='ocrx_word' id='word_1_794' title='bbox 2907 4272 3124 4333; x_wconf 84' lang='lat' dir='ltr'><strong><em>servati</em></strong></span> <span class='ocrx_word' id='word_1_795' title='bbox 3153 4274 3474 4338; x_wconf 82' lang='lat' dir='ltr'><strong><em>iuerantad</em></strong></span> <span class='ocrx_word' id='word_1_796' title='bbox 3506 4280 3694 4342; x_wconf 60' lang='lat' dir='ltr'><strong><em>sami-</em></strong></span> 
     </span>
    </p>
   </div>
   <div class='ocr_carea' id='block_1_105' title="bbox 2055 4362 3696 4444">
    <p class='ocr_par' dir='ltr' id='par_1_105' title="bbox 2055 4362 3696 4444">
     <span class='ocr_line' id='line_1_105' title="bbox 2055 4362 3696 4444; baseline 0.001 -17"><span class='ocrx_word' id='word_1_797' title='bbox 2055 4385 2194 4427; x_wconf 88' lang='lat' dir='ltr'><strong><em>num</em></strong></span> <span class='ocrx_word' id='word_1_798' title='bbox 2226 4362 2705 4427; x_wconf 90' lang='lat' dir='ltr'><strong><em>constitutionem</em></strong></span> <span class='ocrx_word' id='word_1_799' title='bbox 2739 4380 2752 4422; x_wconf 93' lang='lat'>:</span> <span class='ocrx_word' id='word_1_800' title='bbox 2797 4369 3058 4423; x_wconf 87' lang='lat' dir='ltr'><strong><em>attamen</em></strong></span> <span class='ocrx_word' id='word_1_801' title='bbox 3088 4380 3163 4423; x_wconf 88' lang='lat' dir='ltr'><strong><em>ne</em></strong></span> <span class='ocrx_word' id='word_1_802' title='bbox 3194 4370 3332 4424; x_wconf 90' lang='lat' dir='ltr'><strong><em>tunc</em></strong></span> <span class='ocrx_word' id='word_1_803' title='bbox 3362 4365 3602 4444; x_wconf 90' lang='lat' dir='ltr'><strong><em>quidem</em></strong></span> <span class='ocrx_word' id='word_1_804' title='bbox 3635 4368 3696 4430; x_wconf 91' lang='lat' dir='ltr'>in</span> 
     </span>
    </p>
   </div>
   <div class='ocr_carea' id='block_1_106' title="bbox 222 4450 1975 4543">
    <p class='ocr_par' dir='ltr' id='par_1_106' title="bbox 222 4450 1973 4543">
     <span class='ocr_line' id='line_1_106' title="bbox 222 4450 1973 4543; baseline 0.005 -30"><span class='ocrx_word' id='word_1_805' title='bbox 222 4502 233 4519; x_wconf 87' lang='lat'><em>.</em></span> <span class='ocrx_word' id='word_1_806' title='bbox 333 4458 573 4536; x_wconf 81' lang='grc' dir='ltr'>θρώπων,</span> <span class='ocrx_word' id='word_1_807' title='bbox 631 4461 721 4517; x_wconf 85' lang='grc' dir='ltr'>καὶ</span> <span class='ocrx_word' id='word_1_808' title='bbox 768 4464 889 4518; x_wconf 86' lang='grc' dir='ltr'>οἷον</span> <span class='ocrx_word' id='word_1_809' title='bbox 956 4459 1192 4540; x_wconf 77' lang='grc' dir='ltr'>δευτέρου</span> <span class='ocrx_word' id='word_1_810' title='bbox 1246 4450 1423 4543; x_wconf 75' lang='grc' dir='ltr'>ἁρχὴν</span> <span class='ocrx_word' id='word_1_811' title='bbox 1483 4463 1833 4542; x_wconf 75' lang='grc' dir='ltr'>συγκρίματος</span> <span class='ocrx_word' id='word_1_812' title='bbox 1882 4472 1973 4521; x_wconf 83' lang='grc' dir='ltr'>τοῦ</span> 
     </span>
    </p>
   </div>
   <div class='ocr_carea' id='block_1_107' title="bbox 2058 4450 3692 4543">
    <p class='ocr_par' dir='ltr' id='par_1_107' title="bbox 2058 4450 3692 4543">
     <span class='ocr_line' id='line_1_107' title="bbox 2058 4450 3692 4543; baseline 0.001 -27"><span class='ocrx_word' id='word_1_813' title='bbox 2058 4453 2358 4543; x_wconf 86' lang='lat' dir='ltr'><strong><em>prioribus</em></strong></span> <span class='ocrx_word' id='word_1_814' title='bbox 2405 4450 2658 4543; x_wconf 86' lang='lat' dir='ltr'><strong><em>perstitit</em></strong></span> <span class='ocrx_word' id='word_1_815' title='bbox 2714 4450 2975 4543; x_wconf 78' lang='lat' dir='ltr'><strong><em>humana</em></strong></span> <span class='ocrx_word' id='word_1_816' title='bbox 3028 4459 3256 4543; x_wconf 81' lang='lat' dir='ltr'><strong><em>natura,</em></strong></span> <span class='ocrx_word' id='word_1_817' title='bbox 3308 4453 3584 4543; x_wconf 28' lang='lat' dir='ltr'><strong>55lﬂsed</strong></span> <span class='ocrx_word' id='word_1_818' title='bbox 3617 4459 3692 4518; x_wconf 90' lang='lat' dir='ltr'>ad</span> 
     </span>
    </p>
   </div>
   <div class='ocr_carea' id='block_1_108' title="bbox 2055 4538 3695 4624">
    <p class='ocr_par' dir='ltr' id='par_1_108' title="bbox 2055 4538 3695 4624">
     <span class='ocr_line' id='line_1_108' title="bbox 2055 4538 3695 4624; baseline 0.002 -19"><span class='ocrx_word' id='word_1_819' title='bbox 2055 4544 2258 4624; x_wconf 87' lang='lat' dir='ltr'><strong><em>pejora</em></strong></span> <span class='ocrx_word' id='word_1_820' title='bbox 2287 4541 2531 4604; x_wconf 83' lang='lat' dir='ltr'><strong><em>deﬂuxit</em></strong></span> <span class='ocrx_word' id='word_1_821' title='bbox 2556 4557 2731 4620; x_wconf 90' lang='lat' dir='ltr'><strong><em>quam</em></strong></span> <span class='ocrx_word' id='word_1_822' title='bbox 2774 4540 3008 4600; x_wconf 81' lang='lat' dir='ltr'><strong><em>fuerant</em></strong></span> <span class='ocrx_word' id='word_1_823' title='bbox 3036 4538 3253 4618; x_wconf 86' lang='lat' dir='ltr'><strong><em>priora,</em></strong></span> <span class='ocrx_word' id='word_1_824' title='bbox 3287 4559 3319 4601; x_wconf 90' lang='lat' dir='ltr'>a</span> <span class='ocrx_word' id='word_1_825' title='bbox 3350 4540 3564 4620; x_wconf 88' lang='lat' dir='ltr'><strong><em>quibus</em></strong></span> <span class='ocrx_word' id='word_1_826' title='bbox 3584 4562 3695 4608; x_wconf 88' lang='lat' dir='ltr'>nec</span> 
     </span>
    </p>
   </div>
   <div class='ocr_carea' id='block_1_109' title="bbox 2054 4626 3689 4710">
    <p class='ocr_par' dir='ltr' id='par_1_109' title="bbox 2054 4626 3689 4710">
     <span class='ocr_line' id='line_1_109' title="bbox 2054 4626 3689 4710; baseline 0.001 -17"><span class='ocrx_word' id='word_1_827' title='bbox 2054 4633 2147 4695; x_wconf 82' lang='lat' dir='ltr'>lex</span> <span class='ocrx_word' id='word_1_828' title='bbox 2168 4650 2202 4694; x_wconf 83' lang='lat' dir='ltr'><strong><em>a</em></strong></span> <span class='ocrx_word' id='word_1_829' title='bbox 2221 4633 2386 4696; x_wconf 77' lang='lat' dir='ltr'><strong><em>Mosa</em></strong></span> <span class='ocrx_word' id='word_1_830' title='bbox 2422 4631 2557 4692; x_wconf 81' lang='lat' dir='ltr'><strong><em>data</em></strong></span> <span class='ocrx_word' id='word_1_831' title='bbox 2573 4647 2675 4691; x_wconf 83' lang='lat' dir='ltr'>eos</span> <span class='ocrx_word' id='word_1_832' title='bbox 2693 4629 2921 4703; x_wconf 73' lang='lat' dir='ltr'><strong><em>th’rlll,</em></strong></span> <span class='ocrx_word' id='word_1_833' title='bbox 2956 4645 3067 4688; x_wconf 85' lang='lat' dir='ltr'>ncc</span> <span class='ocrx_word' id='word_1_834' title='bbox 3088 4626 3325 4688; x_wconf 91' lang='lat' dir='ltr'><strong><em>Domini</em></strong></span> <span class='ocrx_word' id='word_1_835' title='bbox 3354 4634 3689 4710; x_wconf 60' lang='lat' dir='ltr'><strong><em>praesentia,</em></strong></span> 
     </span>
    </p>
   </div>
   <div class='ocr_carea' id='block_1_110' title="bbox 2054 4717 3696 4803">
    <p class='ocr_par' dir='ltr' id='par_1_110' title="bbox 2054 4717 3696 4803">
     <span class='ocr_line' id='line_1_110' title="bbox 2054 4717 3696 4803; baseline 0 -19"><span class='ocrx_word' id='word_1_836' title='bbox 2054 4721 2169 4783; x_wconf 88' lang='lat' dir='ltr'><strong>nisi</strong></span> <span class='ocrx_word' id='word_1_837' title='bbox 2198 4722 2354 4803; x_wconf 84' lang='lat' dir='ltr'><strong><em>quod</em></strong></span> <span class='ocrx_word' id='word_1_838' title='bbox 2385 4720 2457 4781; x_wconf 89' lang='lat' dir='ltr'><strong>ad</strong></span> <span class='ocrx_word' id='word_1_839' title='bbox 2491 4735 2709 4802; x_wconf 92' lang='lat' dir='ltr'><strong><em>paucos</em></strong></span> <span class='ocrx_word' id='word_1_840' title='bbox 2747 4717 3116 4778; x_wconf 82' lang='lat' dir='ltr'><strong><em>deﬂexerunt</em></strong></span> <span class='ocrx_word' id='word_1_841' title='bbox 3146 4734 3216 4778; x_wconf 87' lang='lat' dir='ltr'><strong><em>ea</em></strong></span> <span class='ocrx_word' id='word_1_842' title='bbox 3246 4735 3378 4796; x_wconf 66' lang='lat' dir='ltr'><strong><em>quae</em></strong></span> <span class='ocrx_word' id='word_1_843' title='bbox 3411 4719 3696 4784; x_wconf 87' lang='lat' dir='ltr'><strong><em>salutaria</em></strong></span> 
     </span>
    </p>
   </div>
   <div class='ocr_carea' id='block_1_111' title="bbox 2052 4803 3695 4888">
    <p class='ocr_par' dir='ltr' id='par_1_111' title="bbox 2052 4803 3695 4888">
     <span class='ocr_line' id='line_1_111' title="bbox 2052 4803 3695 4888; baseline 0.001 -16"><span class='ocrx_word' id='word_1_844' title='bbox 2052 4820 2242 4873; x_wconf 86' lang='lat' dir='ltr'><strong><em>erant.</em></strong></span> <span class='ocrx_word' id='word_1_845' title='bbox 2275 4808 2542 4882; x_wconf 87' lang='lat' dir='ltr'><strong><em>Quantus</em></strong></span> <span class='ocrx_word' id='word_1_846' title='bbox 2569 4814 2660 4869; x_wconf 88' lang='lat' dir='ltr'>est</span> <span class='ocrx_word' id='word_1_847' title='bbox 2710 4806 2871 4868; x_wconf 90' lang='lat' dir='ltr'><strong><em>enim</em></strong></span> <span class='ocrx_word' id='word_1_848' title='bbox 2898 4803 3168 4866; x_wconf 90' lang='lat' dir='ltr'><strong><em>cumulus</em></strong></span> <span class='ocrx_word' id='word_1_849' title='bbox 3207 4822 3411 4867; x_wconf 89' lang='lat' dir='ltr'><strong><em>eorum</em></strong></span> <span class='ocrx_word' id='word_1_850' title='bbox 3428 4809 3530 4888; x_wconf 89' lang='lat' dir='ltr'>qui</span> <span class='ocrx_word' id='word_1_851' title='bbox 3551 4810 3695 4873; x_wconf 79' lang='lat' dir='ltr'><strong>salvi</strong></span> 
     </span>
    </p>
   </div>
   <div class='ocr_carea' id='block_1_112' title="bbox 2049 4892 3695 4980">
    <p class='ocr_par' dir='ltr' id='par_1_112' title="bbox 2049 4892 3695 4980">
     <span class='ocr_line' id='line_1_112' title="bbox 2049 4892 3695 4980; baseline 0 -20"><span class='ocrx_word' id='word_1_852' title='bbox 2049 4900 2198 4960; x_wconf 82' lang='lat' dir='ltr'><strong><em>ﬁunt</em></strong></span> <span class='ocrx_word' id='word_1_853' title='bbox 2222 4898 2273 4961; x_wconf 87' lang='lat' dir='ltr'><strong><em>si</em></strong></span> <span class='ocrx_word' id='word_1_854' title='bbox 2292 4900 2365 4961; x_wconf 86' lang='lat' dir='ltr'>ad</span> <span class='ocrx_word' id='word_1_855' title='bbox 2397 4896 2773 4980; x_wconf 88' lang='lat' dir='ltr'><strong><em>pereuntium</em></strong></span> <span class='ocrx_word' id='word_1_856' title='bbox 2821 4892 3258 4955; x_wconf 86' lang='lat' dir='ltr'><strong><em>multitudinem</em></strong></span> <span class='ocrx_word' id='word_1_857' title='bbox 3289 4896 3565 4960; x_wconf 84' lang='lat' dir='ltr'><strong><em>conferas</em></strong></span> <span class='ocrx_word' id='word_1_858' title='bbox 3592 4899 3695 4979; x_wconf 83' lang='lat' dir='ltr'>qui</span> 
     </span>
    </p>
   </div>
   <div class='ocr_carea' id='block_1_113' title="bbox 2050 4982 3694 5069">
    <p class='ocr_par' dir='ltr' id='par_1_113' title="bbox 2050 4982 3694 5069">
     <span class='ocr_line' id='line_1_113' title="bbox 2050 4982 3694 5069; baseline -0.001 -18"><span class='ocrx_word' id='word_1_859' title='bbox 2050 4988 2318 5069; x_wconf 87' lang='lat' dir='ltr'><strong><em>quotidie</em></strong></span> <span class='ocrx_word' id='word_1_860' title='bbox 2344 4983 2753 5066; x_wconf 85' lang='lat' dir='ltr'><strong><em>generantur?</em></strong></span> <span class='ocrx_word' id='word_1_861' title='bbox 2785 4991 3029 5063; x_wconf 87' lang='lat' dir='ltr'><strong><em>propter</em></strong></span> <span class='ocrx_word' id='word_1_862' title='bbox 3077 4982 3234 5062; x_wconf 89' lang='lat' dir='ltr'><strong><em>quod</em></strong></span> <span class='ocrx_word' id='word_1_863' title='bbox 3285 4985 3429 5046; x_wconf 77' lang='lat' dir='ltr'><strong>mihi</strong></span> <span class='ocrx_word' id='word_1_864' title='bbox 3460 4987 3694 5050; x_wconf 84' lang='lat' dir='ltr'><strong><em>videtur</em></strong></span> 
     </span>
    </p>
   </div>
   <div class='ocr_carea' id='block_1_114' title="bbox 2048 5070 3695 5153">
    <p class='ocr_par' dir='ltr' id='par_1_114' title="bbox 2048 5070 3695 5153">
     <span class='ocr_line' id='line_1_114' title="bbox 2048 5070 3695 5153; baseline -0.001 -15"><span class='ocrx_word' id='word_1_865' title='bbox 2048 5074 2575 5138; x_wconf 87' lang='lat' dir='ltr'><strong><em>consummationis</em></strong></span> <span class='ocrx_word' id='word_1_866' title='bbox 2597 5081 2829 5153; x_wconf 90' lang='lat' dir='ltr'><strong><em>tempus</em></strong></span> <span class='ocrx_word' id='word_1_867' title='bbox 2845 5070 3072 5133; x_wconf 74' lang='lat' dir='ltr'><strong><em>differri</em></strong></span> <span class='ocrx_word' id='word_1_868' title='bbox 3100 5080 3164 5132; x_wconf 91' lang='lat' dir='ltr'>ut</span> <span class='ocrx_word' id='word_1_869' title='bbox 3193 5073 3560 5152; x_wconf 88' lang='lat' dir='ltr'><strong><em>compleatur</em></strong></span> <span class='ocrx_word' id='word_1_870' title='bbox 3588 5093 3695 5138; x_wconf 84' lang='lat' dir='ltr'>nu-</span> 
     </span>
    </p>
   </div>
   <div class='ocr_carea' id='block_1_115' title="bbox 2059 5159 3694 5238">
    <p class='ocr_par' dir='ltr' id='par_1_115' title="bbox 2059 5159 3694 5238">
     <span class='ocr_line' id='line_1_115' title="bbox 2059 5159 3694 5238; baseline -0.001 -12"><span class='ocrx_word' id='word_1_871' title='bbox 2059 5183 2261 5227; x_wconf 88' lang='lat' dir='ltr'><strong><em>merus</em></strong></span> <span class='ocrx_word' id='word_1_872' title='bbox 2304 5163 2743 5226; x_wconf 86' lang='lat' dir='ltr'><strong><em>salvandorum.</em></strong></span> <span class='ocrx_word' id='word_1_873' title='bbox 2793 5159 3082 5233; x_wconf 89' lang='lat' dir='ltr'><strong>Quoniam</strong></span> <span class='ocrx_word' id='word_1_874' title='bbox 3111 5178 3253 5238; x_wconf 76' lang='lat' dir='ltr'><strong><em>ergo</em></strong></span> <span class='ocrx_word' id='word_1_875' title='bbox 3295 5163 3472 5224; x_wconf 80' lang='lat' dir='ltr'><strong><em>variis</em></strong></span> <span class='ocrx_word' id='word_1_876' title='bbox 3500 5164 3694 5226; x_wconf 88' lang='lat' dir='ltr'><strong><em>modis</em></strong></span> 
     </span>
    </p>
   </div>
   <div class='ocr_carea' id='block_1_116' title="bbox 2055 5248 3691 5329">
    <p class='ocr_par' dir='ltr' id='par_1_116' title="bbox 2055 5248 3691 5329">
     <span class='ocr_line' id='line_1_116' title="bbox 2055 5248 3691 5329; baseline -0.001 -14"><span class='ocrx_word' id='word_1_877' title='bbox 2055 5252 2205 5315; x_wconf 80' lang='lat' dir='ltr'><strong><em>facta</em></strong></span> <span class='ocrx_word' id='word_1_878' title='bbox 2234 5253 2406 5315; x_wconf 87' lang='lat' dir='ltr'><strong><em>estad</em></strong></span> <span class='ocrx_word' id='word_1_879' title='bbox 2425 5252 2673 5313; x_wconf 82' lang='lat' dir='ltr'><strong><em>salutem</em></strong></span> <span class='ocrx_word' id='word_1_880' title='bbox 2691 5255 2941 5323; x_wconf 85' lang='lat' dir='ltr'><strong><em>vocatio,</em></strong></span> <span class='ocrx_word' id='word_1_881' title='bbox 2975 5266 3045 5310; x_wconf 89' lang='lat' dir='ltr'>ac</span> <span class='ocrx_word' id='word_1_882' title='bbox 3060 5248 3365 5329; x_wconf 84' lang='lat' dir='ltr'><strong><em>multiplex</em></strong></span> <span class='ocrx_word' id='word_1_883' title='bbox 3386 5250 3460 5312; x_wconf 90' lang='lat' dir='ltr'>ab</span> <span class='ocrx_word' id='word_1_884' title='bbox 3488 5253 3691 5314; x_wconf 87' lang='lat' dir='ltr'><strong><em>incre-</em></strong></span> 
     </span>
    </p>
   </div>
   <div class='ocr_carea' id='block_1_117' title="bbox 2053 5338 3695 5424">
    <p class='ocr_par' dir='ltr' id='par_1_117' title="bbox 2053 5338 3695 5424">
     <span class='ocr_line' id='line_1_117' title="bbox 2053 5338 3695 5424; baseline 0 -20"><span class='ocrx_word' id='word_1_885' title='bbox 2053 5342 2298 5404; x_wconf 85' lang='lat' dir='ltr'><strong><em>dulitate</em></strong></span> <span class='ocrx_word' id='word_1_886' title='bbox 2322 5340 2572 5424; x_wconf 90' lang='lat' dir='ltr'><strong><em>perditio</em></strong></span> <span class='ocrx_word' id='word_1_887' title='bbox 2603 5359 2616 5400; x_wconf 92' lang='lat'><strong>:</strong></span> <span class='ocrx_word' id='word_1_888' title='bbox 2649 5347 2966 5420; x_wconf 85' lang='lat' dir='ltr'><strong><em>propterea</em></strong></span> <span class='ocrx_word' id='word_1_889' title='bbox 3023 5338 3401 5401; x_wconf 86' lang='lat' dir='ltr'><strong><em>necessarius</em></strong></span> <span class='ocrx_word' id='word_1_890' title='bbox 3431 5349 3521 5402; x_wconf 90' lang='lat' dir='ltr'>est</span> <span class='ocrx_word' id='word_1_891' title='bbox 3539 5341 3695 5420; x_wconf 74' lang='lat' dir='ltr'><strong><em>ignis</em></strong></span> 
     </span>
    </p>
   </div>
   <div class='ocr_carea' id='block_1_118' title="bbox 2052 5425 3694 5513">
    <p class='ocr_par' dir='ltr' id='par_1_118' title="bbox 2052 5425 3694 5513">
     <span class='ocr_line' id='line_1_118' title="bbox 2052 5425 3694 5513; baseline -0.001 -18"><span class='ocrx_word' id='word_1_892' title='bbox 2052 5433 2466 5513; x_wconf 69' lang='lat' dir='ltr'><strong><em>cataclysmus,</em></strong></span> <span class='ocrx_word' id='word_1_893' title='bbox 2498 5428 2774 5491; x_wconf 87' lang='lat' dir='ltr'><strong><em>interitus</em></strong></span> <span class='ocrx_word' id='word_1_894' title='bbox 2829 5426 3099 5509; x_wconf 88' lang='lat' dir='ltr'><strong><em>quidem,</em></strong></span> <span class='ocrx_word' id='word_1_895' title='bbox 3134 5425 3271 5488; x_wconf 87' lang='lat' dir='ltr'><strong><em>licet</em></strong></span> <span class='ocrx_word' id='word_1_896' title='bbox 3297 5445 3416 5489; x_wconf 87' lang='lat' dir='ltr'><strong><em>non</em></strong></span> <span class='ocrx_word' id='word_1_897' title='bbox 3449 5431 3694 5496; x_wconf 89' lang='lat' dir='ltr'><strong><em>omnino</em></strong></span> 
     </span>
    </p>
   </div>
   <div class='ocr_carea' id='block_1_119' title="bbox 2050 5515 3694 5605">
    <p class='ocr_par' dir='ltr' id='par_1_119' title="bbox 2050 5515 3694 5605">
     <span class='ocr_line' id='line_1_119' title="bbox 2050 5515 3694 5605; baseline -0.009 -18"><span class='ocrx_word' id='word_1_898' title='bbox 2050 5521 2352 5605; x_wconf 77' lang='lat' dir='ltr'><strong><em>perfectus</em></strong></span> <span class='ocrx_word' id='word_1_899' title='bbox 2373 5537 2389 5584; x_wconf 88' lang='lat'>:</span> <span class='ocrx_word' id='word_1_900' title='bbox 2413 5538 2534 5583; x_wconf 91' lang='lat' dir='ltr'><strong><em>non</em></strong></span> <span class='ocrx_word' id='word_1_901' title='bbox 2574 5535 2718 5582; x_wconf 87' lang='lat' dir='ltr'><strong><em>sane</em></strong></span> <span class='ocrx_word' id='word_1_902' title='bbox 2738 5516 3097 5593; x_wconf 84' lang='lat' dir='ltr'><strong><em>animarum,</em></strong></span> <span class='ocrx_word' id='word_1_903' title='bbox 3128 5515 3236 5577; x_wconf 79' lang='lat' dir='ltr'><strong><em>sed</em></strong></span> <span class='ocrx_word' id='word_1_904' title='bbox 3256 5534 3453 5598; x_wconf 76' lang='lat' dir='ltr'><strong><em>neque</em></strong></span> <span class='ocrx_word' id='word_1_905' title='bbox 3475 5537 3694 5603; x_wconf 84' lang='lat' dir='ltr'><strong><em>carpo.</em></strong></span> 
     </span>
    </p>
   </div>
   <div class='ocr_carea' id='block_1_120' title="bbox 3642 5795 3684 5810">
    <p class='ocr_par' dir='ltr' id='par_1_120' title="bbox 3642 5795 3684 5810">
     <span class='ocr_line' id='line_1_120' title="bbox 3642 5795 3684 5810; baseline 0 -4"><span class='ocrx_word' id='word_1_906' title='bbox 3642 5795 3684 5810; x_wconf 63' lang='grc' dir='ltr'><strong>ε.</strong></span> 
     </span>
    </p>
   </div>
  </div>
