4192 6212
433 328 555 396 613

1482 322 1870 391 COMMENT.
1918 322 2002 386 IN
2044 319 2290 385 EPIST.
2339 320 2488 384 IIS.
2538 323 2793 385 PETRI.

3703 327 3820 391 614

428 469 503 532 ὡς
561 466 617 523 ἰν
668 466 1055 544 καταρράκταις
1111 463 1535 542 κατεπειγόντων
1593 463 1653 517 τὸ
1707 458 1865 540 ὕδωρ.
1930 481 1954 516 ι
2036 466 2076 515 0

2166 452 2221 514 in
2253 457 2767 516 consummatione
2814 473 2956 517 vero
3002 454 3267 517 facturus
3318 464 3410 519 est
3461 474 3566 536 per
3596 457 3816 536 ignem.

425 557 550 613 τότε
615 555 814 631 κόσμος
898 553 1043 612 ὕδατι
1127 553 1524 622 κατακλυσθεὶς,
1594 550 1860 609 ἀπώλετο.
1928 572 1951 605 ε
2012 550 2083 607 Τὸ

427 642 726 720 Ἀπώλετο,
791 644 869 719 μὴ
927 647 1059 722 πρὸς
1119 644 1289 700 πάντα
1347 644 1437 699 τὸν
1505 642 1705 715 κόσμον
1775 638 2079 710 ἀκουστέον,

426 732 566 789 ἀλλά
594 736 724 812 πρὸς
757 733 894 807 μόνα
923 735 989 789 τά
1030 738 1162 811 ζῶα,
1223 732 1256 788 ἆ
1298 733 1388 787 τὸν
1441 730 1648 787 ἅπαντα
1698 728 1896 802 κόσμον
1930 727 2083 783 οἱονεὶ

425 810 703 882 εἰδοποιετ.
769 810 1017 900 ’Ἔρημος
1085 810 1186 900 γὰρ
1227 822 1336 878 τῶν
1394 820 1544 888 ζώων
1599 818 1784 890 τόπος,
1836 814 1951 873 οὒδὲ
1981 838 2081 871 χι.-

424 933 561 987 σμος
592 909 655 968 ἂν
684 909 991 986 νομισθείη.
1026 914 1098 968 Τὸ
1150 908 1229 984 δὲ,
1282 933 1309 964 ε
1344 911 1468 987 [Ιυρὶ
1496 907 1807 986 τηρούμενοι
1840 906 1911 968 εἷς
1941 903 2079 978 ἡμέ-

426 1021 522 1079 ραν
552 1000 769 1079 κρίσεως
801 1001 888 1056 καὶ
921 997 1210 1074 ἀπωλείας,
1258 1018 1288 1058 )
1351 996 1516 1053 οὖτωτ
1557 1019 1567 1030 ·
1631 994 1953 1074 Τηρούμενοι
2009 994 2081 1057 εἰς

424 1088 632 1166 ἡμέραν
698 1087 919 1168 κρίσεως
974 1088 1063 1144 καὶ
1106 1089 1179 1151 εἷς
1222 1085 1425 1163 ἡμέραν
1482 1082 1769 1147 ἀπωλείας.
1830 1084 1902 1141 Τὸ
1958 1082 2077 1160 γὰρ.

434 1200 458 1232 ε
522 1178 608 1239 Εἰς
651 1177 880 1255 ἡμέραν,
919 1201 944 1231 ι
1007 1177 1144 1235 κατά
1187 1175 1367 1233 κοινοῖ»
1430 1173 1663 1252 λέγεται,
1726 1174 1798 1231 Τὸ
1839 1169 1916 1245 δὲ,
1955 1171 2081 1249 Κρί-

426 1287 590 1337 σεως,
622 1264 737 1321 ἀντὶ
765 1268 879 1339 τοῦ,
934 1265 1327 1344 Κατακρίσεως,
1378 1276 1574 1319 κεῖται.
1633 1286 1660 1316 ιι
1721 1260 1793 1318 Οὔ
1849 1258 2083 1339 βραδύνει

394 1356 457 1410 ’ὁ
545 1354 752 1434 Κύριος,
822 1377 850 1409 ι
927 1354 1406 1433 Συμπερανάμενος
1458 1354 1551 1407 τὸν
1609 1351 1726 1430 περὶ
1781 1347 2082 1413 συντελαίας

424 1440 612 1521 λόγον,
657 1441 738 1499 ὅτι
783 1442 954 1514 ἔσται,
1013 1444 1103 1499 καὶ
1144 1441 1198 1508 ἒξ
1240 1442 1546 1521 ἀναγκαίου,
1594 1441 1680 1496 καὶ
1722 1436 1806 1495 διά
1835 1439 2020 1517 πυρὸς,
2053 1439 2085 1494 ἃ

422 1532 601 1589 πέντα
629 1534 718 1589 καὶ
773 1534 936 1608 ἡμεῖς
994 1529 1414 1611 διεξοδικώτεροι
1463 1528 1826 1605 διεξήλθομεν,
1886 1526 2082 1604 μετέϐη

385 1622 515 1693 ’καὶ
560 1620 645 1676 ἐπὶ
686 1623 784 1682 τὴν
839 1622 1134 1700 παράτασιν
1188 1642 1281 1677 του
1341 1620 1536 1699 χρόνου
1593 1624 1691 1685 τῆς
1748 1625 1840 1674 τοῦ
1881 1618 2083 1676 κόσμου

425 1708 749 1803 συντελείας,
773 1711 900 1803 Δκαί
957 1731 1137 1803 φησιν,
1199 1708 1318 1803 ὅτι-
1366 1711 1438 1803 0Σὸ
1494 1705 1731 1803 βραδύνει
1803 1709 1831 1763 ὁ
1894 1707 2081 1803 Κύριος
2106 1754 2142 1803 Β

423 1797 524 1865 τῆς
571 1797 910 1876 ἐπαγγελίας,
971 1798 1043 1861 ὥς
1100 1820 1239 1864 τινες
1294 1794 1591 1875 βραδυτῆτα
1638 1798 1913 1874 ἡγοῦνται,
1946 1794 2083 1851 ἀλλά

384 1890 763 1965 ’μακροθυμεῖ
791 1888 890 1954 τὴν
935 1889 1202 1966 σωτηρίαν
1243 1890 1402 1963 ἡμῶν
1451 1883 1824 1965 ἐκδεχόμενος,
1878 1886 1967 1941 καὶ
2002 1886 2080 1959 μὴ

428 1974 755 2051 βουλόμενος
786 1977 930 2050 ἡμᾶς
988 1974 1297 2047 ἀπολέσθαι,
1344 1972 1463 2031 ἀλλ’
1510 1974 1908 2049 εἰςτ“μετάνοιαν
1950 1974 2083 2030 πάν.

428 2085 526 2126 τας
570 2068 842 2142 χωρῆσαι.
880 2083 904 2119 ι
934 2062 1065 2121 "Ars
1095 2062 1160 2132 δὴ
1196 2064 1394 2143 ἀπείρῳ
1451 2066 1560 2120 ὁντι
1616 2064 1703 2119 καὶ
1757 2060 1976 2140 πελάγει
2021 2065 2081 2119 οὐ

431 2153 549 2214 σίας
615 2152 963 2231 ἀπεριορίστῳ
1019 2150 1164 2210 οὐδὲν
1221 2152 1363 2228 αύτῷ
1425 2150 1876 2233 παρατετααὲνον,
1949 2150 2085 2206 ἀλλά

432 2240 589 2320 χίλια
620 2240 715 2308 ἔτη
748 2242 821 2305 ὡς
853 2244 948 2316 μία
974 2242 1147 2320 ἡμέρα
1176 2239 1302 2321 παρ’
1346 2244 1507 2316 αὐτῷ.
1570 2239 1782 2297 Μᾶλλον
1842 2239 1894 2295 δὲ
1952 2240 2085 2296 κατά

432 2332 524 2385 τὸν
558 2326 749 2401 Δαυ“ιδ,
781 2329 899 2387 οὒδὲ
945 2332 1007 2387 τὸ
1060 2328 1353 2388 πολλοστὸν
1407 2329 1633 2408 ἡμέρας.
1680 2330 1820 2396 Φησὶ
1849 2330 1947 2407 γὰρ
1989 2327 2083 2385 0'3-

442 2440 548 2481 τως
584 2434 597 2448 ⁸
638 2440 659 2472 α
697 2417 819 2476 ’Ὅτι
863 2417 1015 2499 χίλια
1045 2419 1138 2486 ἔτη
1173 2420 1227 2476 ἐν
1256 2418 1552 2499 ὀφθαλμοῖς
1583 2440 1698 2486 σου,
1735 2428 1911 2497 Κυριε,
1947 2420 2020 2480 ὡς
2050 2420 2083 2485 ἠ

443 2506 615 2585 ἡμέρα
656 2508 691 2575 ἡ
734 2509 863 2587 χθὲς
914 2506 1027 2574 ἥτις
1072 2506 1273 2579 διῆλθε,
1321 2512 1408 2563 καὶ
1438 2506 1648 2587 φυλακὴ
1707 2506 1760 2563 ἐν
1824 2507 1965 2565 νυκτί
1997 2524 2011 2539 ·
2050 2531 2078 2561 ι

434 2593 521 2652 διὰ
560 2602 659 2664 τῆς
704 2596 966 2677 φυλακῆς,
1028 2600 1088 2653 τὸ
1131 2599 1463 2677 βραχύτατον
1519 2597 1611 2653 τοῦ
1653 2603 1947 2676 νυκτερινοῦ
1976 2618 2081 2652 κα-

430 2686 775 2761 ταστήματος
818 2684 1016 2753 δηλῶν.
1066 2689 1154 2749 Εἰς
1187 2688 1441 2765 τέσσαρας
1471 2687 1569 2765 γὰρ
1625 2684 1858 2766 φυλακὰς
1915 2688 1950 2753 ἡ
1997 2684 2081 2750 νὺξ

431 2771 745 2851 διαιρεῖται,
777 2773 920 2852 εἴγε
960 2776 1049 2831 καὶ
1104 2777 1132 2831 ὁ
1178 2780 1361 2854 Κύριος
1417 2774 1642 2853 τετάρτῃ
1698 2773 1907 2855 φυλακῇ
1951 2776 2080 2854 πρὸς

431 2862 554 2925 τοὺς
584 2863 751 2938 ἱεροὺς
781 2862 1497 2941 παραγίνεταιξάποστόλους,

2167 540 2683 615 Quemadmodum
2702 551 2759 605 et
2780 563 2887 605 nos
2906 562 3005 606 res
3021 544 3305 624 quasdam
3341 545 3677 607 materiales
3693 567 3823 609 rur-

2166 651 2294 693 sum
2316 632 2729 710 solemusigne
2750 632 3149 709 fundere,non
3175 632 3245 692 ad
3271 633 3715 709 interitum,sed
3749 637 3818 698 ad

2169 721 2668 800 puriﬁcationem.
2708 724 2857 783 «Per
2885 741 3078 802 quam
3118 740 3338 800 nempe
3369 723 3581 784 cmlum
3608 733 3667 787 et
3697 734 3821 787 ter-

2166 827 2312 877 ram,
2352 810 2463 870 hac
2494 809 2729 890 quidem
2762 811 2931 889 aquis
2960 811 3257 893 demersa,
3293 812 3459 871 castis
3484 820 3681 875 autem
3715 832 3820 876 ca-

2167 906 2417 958 taractas
2444 917 2581 960 suas
2614 898 3087 972 demittenlibus,
3141 900 3253 961 hoc
3284 907 3372 961 est
3406 909 3684 983 tanquam
3718 924 3824 985 per

2164 994 2486 1048 cataractas
2510 1005 2719 1067 aquam
2736 986 2805 1048 ad
2828 989 3182 1049 descensum
3205 989 3568 1067 urgentibus.
3585 1016 3605 1047 ι
3631 990 3688 1054 Is
3717 998 3821 1075 qui

2166 1084 2304 1136 tunc
2337 1083 2464 1137 erat
2489 1076 2748 1137 mundus
2777 1094 2928 1156 aqua
2967 1076 3291 1138 inundatus
3318 1078 3510 1157 periut.
3549 1104 3576 1134 ι
3610 1078 3815 1159 Periit,

2165 1182 2281 1225 non
2304 1164 2374 1225 ad
2408 1183 2647 1226 omnem
2684 1166 2965 1225 niundum
3001 1178 3112 1237 est,
3151 1166 3256 1227 sed
3289 1166 3360 1227 ad
3397 1166 3522 1227 sola
3550 1169 3822 1233 animan-

2167 1253 2269 1326 tia,
2299 1273 2429 1334 quae
2448 1254 2727 1317 videlicet
2751 1254 3129 1316 referendum
3150 1257 3438 1317 mundum
3457 1274 3694 1322 omnem
3717 1279 3821 1323 re-

2169 1351 2550 1422 praesentant.
2580 1344 2637 1405 Si
2660 1343 2902 1424 quidem
2928 1345 3093 1406 lacus
3112 1343 3384 1406 desertus
3398 1345 3819 1427 animantibus,

2170 1450 2244 1493 ne
2261 1433 2516 1493 mundus
2528 1434 2770 1513 quidem
2791 1433 3234 1495 existimaretur
3266 1435 3449 1497 Porro
3461 1437 3615 1516 quod
3630 1439 3828 1502 subdi

2168 1528 2282 1593 tur,
2323 1543 2349 1578 ε
2385 1522 2606 1583 Servati
2638 1521 2760 1600 igni
2790 1522 2845 1582 in
2900 1521 3059 1582 diem
3087 1521 3302 1600 judicii
3328 1524 3680 1603 perditionis
3708 1528 3825 1589 im-

2167 1609 2425 1689 piorum,
2460 1638 2479 1663 υ
2514 1608 2597 1671 sic
2631 1609 2939 1672 ordinatur
2966 1628 2980 1673 :
3007 1608 3230 1672 Servati
3252 1610 3311 1671 in
3345 1612 3506 1674 diem
3532 1614 3746 1694 judicii
3769 1626 3828 1679 et

2165 1698 2224 1759 in
2258 1699 2413 1759 diem
2450 1699 2840 1779 perditionis:
2871 1718 3031 1774 nam,
3066 1722 3085 1751 α
3125 1698 3189 1760 In
3220 1697 3377 1761 diem
3411 1724 3435 1759 ›
3464 1720 3496 1762 a
3527 1694 3825 1773 communi

2165 1805 2344 1847 sensu
2368 1786 2713 1849 resumitur.
2738 1788 2971 1849 Judicii
2991 1804 3129 1847 vero
3155 1794 3395 1866 ponitur
3414 1807 3519 1870 pro
3541 1795 3825 1856 condem-

2164 1878 2442 1937 nationis
2510 1901 2530 1929 ιι
2594 1873 2722 1936 Non
2788 1877 2977 1937 tardat
3034 1876 3344 1939 Dominus.
3407 1901 3426 1933 ι
3472 1878 3713 1961 EXpleto
3745 1884 3821 1945 de

2163 1964 2678 2025 consummatione
2755 1982 3052 2037 sermone,
3166 1966 3322 2044 quod
3421 1967 3557 2048 erit,
3643 1968 3823 2051 idque

2164 2057 2498 2118 necessario
2549 2066 2607 2119 et
2680 2076 2785 2138 per
2859 2057 3078 2137 ignem,
3154 2076 3285 2137 quin
3360 2061 3559 2122 omnia
3634 2062 3823 2127 fusius

2168 2146 2637 2225 explanavimus,
2699 2147 2913 2208 transit
2969 2155 3027 2207 et
3082 2146 3157 2208 ad
3210 2148 3658 2227 productionem
3694 2155 3816 2215 sive

2167 2235 2510 2297 dilationem
2573 2235 2859 2316 temporis
2944 2256 3060 2317 quo
3123 2238 3380 2299 mundus
3435 2258 3817 2304 consumme-

2173 2331 2290 2398 tur,
2325 2334 2383 2385 et
2439 2325 2519 2385 ait
2553 2342 2567 2386 :
2601 2327 2731 2387 Non
2786 2325 2973 2386 tardat
3032 2326 3320 2387 Dominus
3372 2333 3470 2407 qui
3522 2332 3817 2413 promisit,

2168 2413 2311 2473 555
2363 2413 2864 2494 quemadmodum
2909 2413 3178 2474 nonnulli
3222 2414 3553 2479 tarditatem
3613 2418 3819 2481 existi-

2167 2502 2462 2576 mant,sed
2488 2501 2843 2581 longanimis
2861 2514 2975 2576 est,
3008 2512 3265 2563 nostram
3292 2515 3639 2585 exspectans
3656 2510 3817 2570 salu-

2167 2602 2309 2663 tem,
2338 2611 2448 2653 nec
2490 2592 2702 2652 volens
2734 2586 2842 2653 nos
2893 2592 3111 2673 perire,
3147 2592 3251 2654 sed
3282 2612 3490 2661 omnes
3519 2597 3589 2657 ad
3624 2600 3820 2679 paeni-

2162 2682 2407 2743 tentiam
2458 2682 2743 2742 accedere
2777 2699 2791 2743 :
2823 2699 2957 2742 cum
3020 2700 3163 2742 sane
3218 2682 3272 2743 ei
3304 2684 3406 2763 qui
3437 2685 3701 2749 inﬁnitus
3734 2697 3824 2750 est

2163 2778 2221 2833 et
2240 2770 2511 2831 essentia;
2532 2770 2772 2850 pelagus
2803 2770 3384 2851 incircumscriptum
3410 2774 3558 2835 nihil
3586 2786 3823 2856 proten-

2162 2860 2466 2935 datur,sed
2503 2859 2665 2919 mille
2696 2858 2836 2920 anni
2867 2858 3116 2939 perinde
3148 2877 3328 2940 atque
3358 2860 3487 2926 dies
3535 2881 3688 2925 unus
3705 2866 3823 2928 sint

436 2948 598 3029 apud
631 2949 850 3029 ipsum.
884 2951 1000 3012 Aut
1033 2950 1225 3032 potius
1248 2950 1417 3031 juxta
1444 2950 1624 3013 David
1663 2968 1858 3032 neque
1882 2950 2003 3012 diei
2035 2948 2443 3029 multiplicatio
2487 2956 2577 3009 est
2635 2968 2649 3008 :
2686 2949 2771 3008 ait
2798 2949 2957 3011 enim
2993 2949 3105 3009 hoc
3133 2950 3306 3010 modo
3342 2967 3355 3012 :
3399 2975 3425 3005 α
3475 2951 3637 3015 Mille
3678 2958 3821 3019 anni

432 3039 498 3099 in
529 3036 718 3100 oculis
746 3038 885 3113 tuis,
918 3037 1192 3116 Domine,
1224 3049 1505 3121 tanquam
1536 3038 1665 3101 dies
1697 3040 1976 3102 hesterna
2007 3058 2141 3121 qua;
2172 3038 2459 3119 prasteriit
2489 3046 2546 3097 et
2577 3038 2772 3116 vigilia
2806 3038 2863 3097 iu
2918 3046 3092 3100 nocte
3136 3039 3198 3090 50
3232 3059 3244 3101 ε
3288 3064 3310 3096 υ
3379 3058 3483 3120 per
3541 3042 3821 3120 vigiliamt

434 3125 776 3205 signiﬁcans
824 3126 1240 3190 brevissimum
1293 3128 1484 3191 noctis
1546 3128 1825 3209 spatium.
1884 3128 2011 3191 Nox
2050 3129 2209 3191 enim
2268 3128 2329 3189 in
2359 3136 2608 3207 quatuor
2639 3127 2864 3205 vigilias
2895 3126 3214 3191 divxditur:
3249 3130 3730 3212 quandoquidem
3762 3144 3825 3198 et

438 3214 731 3278 Dominus
757 3224 967 3297 quarta
994 3218 1191 3296 vigilia
1221 3221 1383 3281 venit
1409 3218 1482 3280 ad
1517 3236 1721 3280 sacros
1749 3218 2052 3299 apostolos
2081 3217 2158 3283 ³¹.

527 3328 551 3362 ε
600 3303 749 3371 ’Ἥξει
792 3305 846 3362 δὲ
885 3309 920 3375 ἡ
978 3310 1152 3387 ἣμερα
1198 3308 1382 3388 Κυρίου
1433 3309 1506 3374 ὡς
1556 3307 1790 3376 κλέπτης
1823 3308 1876 3364 ἐν
1919 3309 2085 3389 νυκτὶ,

2252 3304 2350 3378 ΙΙΙ,
2422 3305 2627 3368 10-14.
2706 3305 2898 3367 Veniet
2954 3316 3156 3369 autem
3197 3309 3325 3369 dies
3380 3308 3643 3372 Dom-ini
3669 3318 3823 3380 sicut

437 3394 495 3451 ἑν
549 3396 585 3462 ἦ
661 3397 708 3451 οἱ
773 3398 975 3474 οὐρανοὶ
1048 3396 1286 3475 ῥοιζηδὸν
1347 3398 1777 3477 παρελεύσονται,
1836 3410 2087 3478 στοιχεῖα

2170 3396 2274 3473 fur
2301 3397 2365 3456 in
2415 3401 2611 3466 nocte,
2647 3413 2769 3474 quo
2798 3393 2927 3456 cali
2974 3395 3312 3458 vehementi
3335 3401 3536 3460 sonitu
3583 3404 3817 3463 transi—

440 3481 498 3539 δὲ
595 3485 927 3560 καυσούμενα
1006 3485 1341 3561 λυθήσονται,
1426 3488 1636 3564 καὶγῆ
1718 3488 1805 3542 καὶ
1885 3487 1952 3542 τὰ
2034 3487 2089 3542 ὲν

2175 3486 2320 3547 bunt
2356 3506 2369 3548 :
2400 3484 2693 3547 elementa
2730 3501 2867 3545 vero
2897 3487 3225 3547 wstuantia
3253 3487 3587 3562 solventur,
3620 3497 3819 3554 terra-

441 3572 579 3649 ᾗαῦτ
664 3572 791 3651 ἔργα
890 3576 1310 3644 κατακαήσεται,
1417 3576 1627 3632 Τούτων
1710 3574 1797 3630 οὖν
1880 3575 2089 3631 πάντων

2174 3590 2289 3652 que
2317 3582 2376 3635 et
2432 3591 2564 3651 quae
2600 3574 2679 3633 in
2736 3590 2809 3634 ea
2838 3580 2981 3635 sunt
3037 3592 3223 3653 opera
3271 3585 3629 3638 errarentur.
3672 3582 3821 3641 Cum

438 3659 734 3736 λυομένων,
797 3663 1065 3727 ποταποὺς
1110 3660 1194 3719 δεῖ
1253 3664 1511 3743 ὑπάρχειν
1579 3664 1714 3738 ὑμᾶς
1783 3662 1838 3718 ἐν
1920 3664 2089 3740 ἁγίαις

2177 3662 2367 3741 igitur
2396 3661 2517 3723 haec
2558 3661 2767 3721 omnia
2813 3662 3150 3727 solvantur.
3203 3665 3415 3743 quales
3442 3673 3668 3744 oportet
3696 3685 3823 3731 esse

439 3748 800 3831 ἀναστροφαῖς
896 3753 985 3808 καὶ
1078 3748 1415 3831 εὐσεϐείαις,;
1482 3750 1899 3830 προσδοκοῦντας
2008 3751 2089 3807 καὶ

2177 3769 2281 3811 vos
2304 3752 2369 3811 in
2398 3750 2626 3811 sanctis
2652 3751 3207 3814 conversationibus
3230 3770 3301 3814 ac
3322 3753 3671 3835 pietatibus,
3705 3775 3822 3818 ea:-

439 3837 763 3902 σπεύδοντας
846 3840 945 3906 τὴν
1030 3841 1313 3920 παρουσίαν
1396 3846 1494 3908 τῆς
1576 3848 1668 3897 τοῦ
1752 3847 1882 3897 Θεοῦ
1961 3839 2089 3916 ἡμέ-

2172 3847 2513 3918 spectantes
2533 3846 2585 3900 et
2634 3838 3026 3902 accelerantes
3055 3841 3373 3904 adventum
3398 3842 3520 3904 diei
3551 3844 3682 3922 Dei,
3715 3863 3825 3926 per

440 3947 558 4005 ρας,
633 3924 700 3982 δι’
798 3928 866 3994 ἢν
939 3931 986 3984 οἱ
1071 3931 1274 4008 οὗρανοὶ
1354 3931 1666 4007 πλρούμενοι
1749 3928 1869 3985 λυθτ
1882 3950 2085 4002 σονται,

2170 3944 2343 4006 quem
2369 3927 2503 3989 caeli
2534 3927 2762 3990 incensi
2789 3932 3127 4003 solventur,
3161 3940 3216 3992 et
3247 3932 3534 3996 elementa
3550 3924 3818 3997 aestuan-

436 4016 527 4070 καὶ
610 4029 863 4095 στοιχεῖα
945 4019 1276 4092 καυσούμενα
1359 4020 1625 4089 τήκεται·
1741 4019 1949 4082 καινοὺς
2034 4016 2088 4074 δὲ

2169 4018 2256 4077 tia
2286 4014 2634 4095 liquescat.
2670 4015 2794 4079 Sed
2824 4017 2997 4079 caelos
3028 4038 3203 4082 novos
3247 4038 3316 4082 ac
3346 4030 3569 4084 terram
3601 4041 3822 4086 novam

436 4104 685 4182 οὐρανοὺς
768 4105 855 4161 καὶ
938 4110 1041 4183 γῆν
1123 4108 1311 4173 καινὴν
1420 4108 1553 4163 κατὰ
1635 4109 1696 4163 τὸ
1779 4106 2087 4185 ἐπάγγελμα

2166 4106 2342 4185 jus-ta
2391 4108 2685 4183 promissa
2747 4110 2937 4187 ipsius
2986 4116 3434 4190 exspectamus,
3488 4112 3553 4173 in
3604 4114 3823 4192 quibus

435 4191 596 4251 αὐτοῦ
663 4190 1064 4274 προσδοκῶμεν,
1141 4215 1197 4249 εν
1277 4197 1363 4257 οἷς
1433 4193 1736 4262 δικαιοσύνη
1820 4208 2083 4254 κατοικεῖ.

2166 4197 2403 4272 iustitia
2435 4194 2760 4257 inhabitat.
2831 4198 3228 4278 Quapropter,
3281 4200 3506 4269 dilecti.
3542 4190 3669 4265 haec
3710 4220 3821 4265 ex-

440 4277 524 4336 Δι⁹
605 4281 658 4356 ὃ,
737 4281 1028 4360 ἀγαπητοὶ,
1115 4290 1276 4339 ταῦτα
1357 4280 1768 4362 προσδοκῶντες,
1854 4281 2087 4341 σπουδά-

2170 4290 2502 4361 spectantes
2531 4286 2669 4347 date
2719 4277 2971 4366 operam
3023 4297 3088 4348 ut
3120 4290 3500 4351 immacututi
3520 4297 3577 4352 et
3609 4293 3821 4354 incon-

433 4390 564 4425 σατε
662 4368 882 4427 ἄσπιλοι
952 4372 1039 4427 καὶ
1108 4371 1394 4448 ἀμώμητοι
1476 4371 1619 4446 αὐτῷ
1688 4372 1952 4451 εὑρεθῆναι
2036 4371 2089 4428 ἐν

2174 4375 2462 4434 taminati
2491 4372 2567 4435 ab
2598 4373 2707 4435 illo
2739 4376 3140 4453 reperiamini
3173 4379 3238 4438 in
3258 4395 3431 4457 pace,
3464 4379 3823 4459 Dominique

435 4458 643 4537 εἰρήνῃ,
702 4460 790 4516 καὶ
861 4460 961 4526 την
1038 4469 1131 4518 τοῦ
1216 4461 1403 4540 Κυρίου
1471 4461 1626 4536 ἡμῶν
1707 4462 2086 4539 μακροθυμίαν,

2172 4463 2372 4522 nostri
2404 4463 2956 4544 longanimitatem,
2991 4465 3248 4527 Salutem
3280 4465 3697 4530 arbitremini.

431 4548 694 4655 σωτηρίῗὲ
725 4548 1038 4655 57““?
1097 4635 1141 4655 ,..
1290 4637 1316 4650 -
1669 4638 1681 4655 .
2008 4639 2019 4655 .
2108 4605 2151 4655 υ

512 4637 584 4693 Τὸ
623 4634 818 4725 ἄδηλον
844 4642 959 4725 *τῆς
1255 4637 1354 4706 τῆς
1406 4648 1499 4697 τοῦ
1556 4638 1743 4717 Κυρίου
1798 4639 2081 4717 παρουσίας

2251 4636 2742 4702 Iucertitudinem
2769 4642 3055 4704 adventus
3077 4642 3312 4705 Domini
3338 4651 3614 4725 tanquam
3637 4645 3821 4707 insul-

432 4725 520 4780 καὶ
574 4724 637 4780 τὸ
667 4723 1086 4805 ἀπροσδόκητον,
1120 4724 1205 4782 διὰ
1246 4733 1339 4784 τοῦ
1368 4725 1598 4784 κλέπτου
1624 4728 1712 4784 καὶ
1758 4731 1858 4794 τῆς
1902 4730 2084 4792 νυκτὸς

2169 4733 2426 4803 tus,cum
2448 4728 2692 4791 minime
2715 4731 3289 4814 exspectabitur,per
3307 4723 3494 4794 furem
3515 4742 3820 4796 etnoctem

438 4809 676 4903 ἔδηλωσε
708 4831 727 4851 ο
756 4812 841 4903 διὰ
871 4815 969 4891 μὲν
998 4816 1097 4903 τῆς
1135 4817 1320 4903 νυκτὸς
1377 4818 1441 4873 τὸ
1474 4813 1690 4903 ,ἄδηλον
1723 4832 1737 4847 ⁹
1792 4814 1961 4884 ἄδηλα
1990 4818 2089 4897 γὰρ

2173 4815 2556 4893 signiﬁcavit:
2587 4837 2693 4899 per
2714 4809 2947 4882 noctem
2971 4809 3488 4903 quidem,pr0pter
3506 4821 3819 4884 incertitu-

432 4901 609 4958 πάντα
651 4903 719 4959 τὰ
749 4902 802 4959 ἓν
835 4904 979 4961 νυκτί
1011 4920 1026 4935 ·
1075 4902 1159 4960 διὰ
1200 4901 1254 4960 δὲ
1296 4903 1389 4962 τοῦ
1436 4902 1689 4977 κλέπτου,
1742 4907 1803 4961 τὸ
1832 4904 2089 4984 ἀπροσδό-

2179 4905 2381 4968 dinem
2418 4923 2432 4967 :
2468 4907 2692 4969 incerta
2749 4917 2885 4969 sunt
2916 4909 3074 4970 enim
3133 4901 3498 4991 quiscunque
3555 4909 3615 4973 in
3650 4920 3821 4974 nocte

430 5011 595 5083 κητον
630 5009 645 5025 ⁶
711 4990 873 5057 οιῦδεῖς
927 4993 1035 5083 γαρ
1096 4991 1333 5083 κλέπτην
1376 4990 1682 5083 προσδοκῶν
1735 4991 2089 5083 γλαπήσεται,

2178 5003 2315 5083 sunt
2350 5011 2362 5055 :
2399 5013 2505 5074 per
2534 4996 2724 5057 furem
2758 5014 2918 5072 vero,
2965 5017 3035 5059 eo
3067 4990 3225 5078 quod
3254 5018 3373 5061 non
3397 4990 3769 5080 exspectetur
3803 5018 3817 5064 :

429 5076 553 5136 ἀλλ’
612 5082 660 5137 οἱ
749 5079 1137 5159 ἀπροσδόκητοι
1208 5082 1393 5139 τούτου
1450 5081 1645 5139 ἐκεῖνοι
1698 5076 2089 5153 κλαπήσονταιξ

2171 5082 2369 5171 nullus
2390 5083 2549 5171 enim
2564 5103 2630 5146 ex
2641 5083 2918 5164 pilabitur
2945 5085 3048 5166 qui
3069 5076 3258 5149 forem
3274 5076 3707 5169 exspectet,sed
3721 5089 3823 5171 qui

433 5171 528 5224 Διὸ
563 5171 652 5225 καὶ
778 5170 997 5259 Κύριόςᾷ
1024 5191 1209 5251 φησιν,
1269 5169 1351 5228 ὅτι
1406 5170 1584 5249 ὥσπερ
1615 5170 1669 5227 ἐν
1697 5183 1821 5237 ταῖς
1860 5171 2085 5252 ἡμέραις

2169 5169 2328 5231 hunc
2347 5170 2594 5259 minime
2608 5181 2945 5253 exspectant
2962 5174 3668 5256 illi,expilabuntur.ldeo
3681 5169 3823 5259 quo-

427 5263 521 5314 τοῦ
551 5260 667 5315 Νῶε
708 5258 845 5327 ἦσαν
889 5259 937 5314 οἱ
979 5257 1261 5337 ἄνθρωποι,
1324 5260 1691 5335 εὖθυμούμενοι
1748 5260 1938 5338 γάμοις
1995 5263 2082 5318 καὶ

2166 5278 2281 5339 que
2311 5258 2391 5320 ait
2413 5260 2703 5321 Dominus
2760 5261 2919 5342 quod
2977 5264 3131 5325 sicut
3176 5267 3236 5325 in
3264 5264 3477 5327 diebus
3497 5264 3622 5328 Noe
3653 5257 3823 5331 erant

428 5346 638 5421 πότοις,
685 5347 902 5413 καὶτῆς
961 5345 1259 5422 μελλούσης
1303 5349 1486 5413 αὐτοὺς
1540 5345 1826 5405 ἀπολαϐεῖν
1882 5371 2056 5430 συμφο

2166 5348 2443 5410 homines
2500 5350 2765 5412 laetantes
2795 5350 2855 5410 in
2916 5353 3136 5433 nuptiis
3172 5372 3241 5414 ac
3271 5353 3522 5434 poculis,
3555 5356 3821 5437 nihilque

428 5439 524 5516 ρᾷς
593 5433 919 5512 ἀνεννόητοι,
964 5433 1066 5501 ἕως
1124 5437 1153 5493 δ
1195 5434 1570 5513 κατακλυσμὸς
1619 5435 1802 5503 αὒτοτς
1858 5436 2080 5520 ἐπέστη,

2166 5437 2494 5516 cogitantes
2524 5440 2599 5503 de
2621 5441 2819 5501 futura
2847 5440 3181 5505 calamitate
3202 5433 3332 5524 quia;
3362 5442 3526 5524 ipsos
3540 5433 3820 5526 compre-

509 5603 576 5654 ³ο
602 5602 738 5667 Psal
769 5620 999 5680 uxxrx,
1030 5603 1092 5667 4.
1175 5602 1227 5648 ³¹
1254 5602 1458 5667 Matth.
1490 5619 1611 5680 xxv,
1660 5604 1760 5672 95.
