4192 6212
471 300 591 364 615

1596 296 2007 361 (ECUMENII
2051 293 2348 358 TRICCﬁ
2385 292 2719 361 EPISOOPl

3734 293 3857 359 616

478 431 706 507 hendit,
733 432 926 495 donec
946 430 1243 512 oppressit
1260 447 1362 491 eos
1379 427 1660 489 diluvium
1686 447 1698 491 :
1728 428 1807 490 ita
1824 435 1883 515 et
1903 429 2116 495 adven-

2212 431 2350 490 οὕτω
2376 435 2464 490 καὶ
2509 435 2544 503 ἡ
2596 434 2851 515 παρουσία
2892 442 2991 515 τοῦ
3043 435 3228 513 Κυρίου
3280 432 3689 515 ἀπροσδοκήτως
3747 434 3873 492 ἕπον

474 531 566 583 tus
599 521 833 586 Domini
883 511 1130 600 repente
1162 516 1540 598 superveniet
1573 516 1790 597 impiis.
1857 511 2120 593 Ῥοιζηδὸν

472 629 610 674 vero
627 611 924 690 signiﬁcat
942 627 1075 670 cum
1101 607 1316 669 sonitu.
1340 605 1689 684 Huiusmodi
1714 616 1908 669 autem
1941 628 2121 673 sonus

474 699 747 779 proprius
807 707 893 759 est
954 696 1106 775 ignis
1154 695 1213 756 in
1266 696 1357 755 his
1387 712 1517 773 quae
1547 694 1663 772 igni
1696 694 2115 775 depascuntur.

467 789 611 848 5:54
633 786 1045 850 Animadverte
1061 793 1254 845 autem
1308 782 1462 863 quod
1494 795 1710 844 terram
1729 794 1786 844 et
1810 788 2016 865 quain
2048 808 2117 851 ea

467 876 830 938 suntdixerit
858 873 1189 955 \exurenda,
1220 882 1277 933 at
1310 891 1425 933 non
1465 871 1757 946 homines,
1792 876 1894 936 sed
1923 878 2113 939 solum

467 964 864 1046 perditionem
895 961 1041 1023 dixit
1073 962 1131 1023 in
1162 960 1363 1041 impiis
1384 959 1507 1021 sive
1529 959 1930 1039 impietatibus
1951 964 2113 1046 ipso-

465 1072 621 1116 rum.
653 1051 761 1113 Via
793 1069 1054 1131 namque
1086 1048 1405 1129 impiorum
1440 1048 1746 1127 peribit”,
1778 1069 1895 1113 non
1917 1070 2113 1118 autem

467 1143 597 1222 ipse
637 1157 875 1222 quoque
930 1138 1170 1219 impius.
1210 1163 1235 1193 ιι
1268 1137 1440 1200 Juxta
1498 1141 1785 1217 promissa
1843 1139 2047 1220 ipsius.
2085 1169 2113 1206 ι

464 1229 745 1296 Promisit
779 1246 1035 1309 namque
1086 1225 1385 1300 ﬁdelibus,
1435 1226 1641 1288 dicens
1675 1249 1688 1286 :
1724 1254 1740 1281 ι
1784 1228 2032 1295 Veniam
2063 1242 2129 1296 et

465 1337 761 1382 assumam
817 1335 920 1379 vos
974 1317 1062 1396 33,
1124 1325 1292 1378 elc.:
1360 1337 1386 1373 ι
1442 1317 1500 1378 ln
1553 1317 1728 1376 domo
1791 1316 1976 1382 Patris
2009 1328 2125 1389 mei

467 1408 805 1471 mansiones
828 1405 1029 1468 multae
1062 1416 1200 1467 sunt
1222 1405 1347 1467 δι.»
1383 1402 1702 1484 Propterea
1729 1415 1786 1468 et
1808 1406 2122 1474 Paulusait

461 1497 645 1580 quod,
672 1495 882 1575 angelo
909 1493 1046 1556 tuba
1074 1493 1150 1555 de
1176 1494 1326 1555 ccelo
1357 1502 1606 1582 canente
1637 1496 1720 1568 δῦ,
1751 1500 2119 1582 mortuisque

461 1583 919 1665 resurgentibus
939 1581 1520 1662 immortalibusipsi
1550 1603 1784 1664 quoque
1806 1581 2120 1653 occurrent

461 1674 710 1737 Domino
740 1673 800 1734 in
834 1671 1562 1770 gloria_,immortalitatem
1596 1673 1868 1770 videlicet
1889 1677 2118 1756 signiﬁ—
2143 1721 2183 1770 Β

458 1783 602 1826 cans
624 1781 730 1845 per
752 1764 862 1825 hoc
885 1760 1045 1842 quod
1067 1760 1148 1823 ait
1170 1762 1232 1822 in
1259 1760 1487 1840 gloria.
1509 1759 1675 1832 Quod
1691 1762 2121 1830 siimmortales

459 1861 561 1916 aut
587 1849 1107 1927 incorruptibiles,
1145 1849 1347 1930 utique
1403 1858 1460 1911 et
1494 1850 1622 1910 novi
1655 1849 1833 1913 futuri
1866 1864 2025 1917 sunt.
2060 1856 2123 1932 Si

458 1961 596 2005 vero
643 1941 701 2002 hi
726 1940 860 2001 navi
892 1938 1032 2013 sint,
1063 1937 1442 1999 manifestum
1475 1943 1740 2019 estquod
1779 1961 1924 2003 nova
1948 1963 2123 2007 crea-

458 2043 587 2095 tura
619 2039 752 2092 nata
808 2029 886 2090 sit
943 2031 1296 2089 commutari
1353 2045 1468 2089 una
1518 2047 1649 2089 cum
1704 2031 2124 2097 constitutione

457 2119 768 2183 hominum
807 2135 821 2180 :
858 2126 917 2179 et
953 2116 1368 2197 corruptibilis
1392 2115 1632 2195 quidem
1661 2130 1902 2199 propter
1921 2140 2124 2185 corru.

458 2208 721 2291 ptibilem
756 2206 1068 2268 hominum
1133 2204 1608 2277 subvorsionem,
1659 2210 2128 2290 incorruptibilis

454 2308 652 2362 autem
684 2298 785 2359 fiat
816 2306 1058 2377 propter
1087 2296 1407 2356 hominum
1434 2296 2123 2363 renovationem.Consi-

350 2434 355 2441 .
465 2388 609 2450 dera
637 2405 779 2448 vero
812 2384 974 2465 quod
997 2394 1056 2446 et
1083 2384 1368 2461 temporis
1396 2402 1621 2445 moram
1655 2385 1726 2446 ad
1756 2384 1989 2449 Domini
2012 2390 2123 2451 ad-

460 2486 725 2549 ventum,
760 2487 820 2537 et
849 2472 1043 2555 ipsins
1077 2473 1473 2552 longanimem
1522 2475 2020 2554 exspectationem
2051 2477 2124 2541 ad

455 2573 713 2629 nostram
746 2562 902 2624 dicat
934 2562 1090 2623 efﬁci
1119 2563 1403 2623 salutem.

535 2651 889 2726 lI[,15-18.
950 2651 1469 2725 Quemadmodum
1520 2660 1585 2713 et
1643 2652 1896 2716 dilectus
1923 2656 2121 2733 frater

2205 519 2469 579 ελεόσεται
2498 536 2616 604 τοῖς
2654 514 2925 584 ἀσεϐοῦσι.
2983 514 3246 595 Ῥοιζηδὸν
3303 514 3368 581 δὲγ
3414 526 3475 582 τὸ
3532 520 3650 599 μετ’
3711 522 3858 604 ἤχου

2202 612 2471 686 σημαίνει.
2534 600 2702 676 ’Ὶδιος
2760 610 2814 668 δὲ
2871 615 2900 670 ὂ
2953 621 3188 677 τοιοῦτος
3245 613 3385 693 ἦχος
3442 614 3603 693 πυρὸς
3653 611 3708 668 ἐν
3732 600 3854 676 τοῖς

2200 701 2300 756 ὑπὸ
2330 703 2491 780 πυρὸς
2519 698 3023 777 καταὸοσκομένοις,
3082 701 3279 759 Σκόπει
3322 700 3376 756 δὲ
3418 700 3498 758 ὅτι
3562 706 3666 779 γῆν
3724 700 3854 757 εἷπε

2198 790 2285 844 καὶ
2314 789 2410 846 τάν
2452 789 2506 846 ἓν
2536 792 2667 867 αὐτῇ
2695 791 3149 864 κατακαήσεσθαι,
3208 788 3328 846 ἀλλ’
3367 791 3489 870 οὐχὶ
3520 789 3846 868 ἀνθρώπους,

2196 878 2241 932 εί
2271 878 2349 951 μὴ
2410 879 2569 954 μόνον
2621 878 2890 936 ἀπώλειαν
2933 878 3017 935 ἐπὶ
3071 883 3180 934 τῶν
3236 875 3439 934 ἀσεϐῶν
3494 878 3674 958 εἶπεν,
3727 877 3851 945 ἤτοι

2195 966 2301 1022 τῶν
2356 964 2708 1042 ἀσεϐημάτων
2750 971 2944 1030 αὐτῶν.
2994 959 3141 1032 Ὁδὸς
3200 969 3300 1047 γάρ
3364 964 3569 1026 ἀσεϐῶν
3613 965 3848 1024 ἀπολεῖ-

2196 1078 2308 1120 ται,
2344 1055 2466 1112 ἀλλ’
2499 1059 2620 1138 οῦχὶ
2648 1058 2736 1114 καὶ
2778 1058 2806 1114 ὁ
2861 1054 3081 1127 ἀσεϐής.
3149 1079 3173 1113 ι
3211 1057 3358 1115 Κατά
3410 1059 3477 1114 τὰ
3532 1055 3851 1136 ἐπάγγελμα

2208 1146 2387 1205 αὺτοῦ.
2429 1169 2453 1202 υ
2518 1143 2909 1225 Ἐπηγγείλατο
2957 1158 3075 1209 τοῖς
3108 1158 3321 1210 πιστοῖς
3364 1144 3557 1224 λέγων,
3595 1169 3622 1200 ι
3659 1143 3851 1203 Ἐλεύ-

2208 1254 2369 1307 σομαι
2401 1235 2488 1289 καὶ
2515 1232 2904 1313 παραλήψομαι
2931 1235 3068 1308 ὑμᾶς
3092 1248 3105 1262 ⁶
3144 1255 3165 1289 ι
3192 1235 3303 1304 καὶ,
3344 1252 3368 1289 ι
3408 1234 3554 1311 Παρά
3577 1240 3655 1308 τῷ
3686 1232 3851 1312 Πατρί

2210 1343 2309 1395 μου
2339 1322 2493 1397 μοναὶ
2520 1321 2712 1379 πολλαί
2727 1323 2825 1379 εἱσι
2847 1338 2861 1351 ⁶
2888 1345 2917 1377 ι
2944 1320 3025 1378 διὸ
3054 1322 3141 1378 καὶ
3158 1320 3362 1388 Παῦλός
3394 1344 3524 1402 φησι
3553 1337 3569 1352 ⁸
3599 1342 3624 1378 ι
3650 1320 3851 1378 Σαλπί-

2207 1416 2387 1481 ζοντος
2452 1409 2542 1467 τοῦ
2596 1409 2825 1489 ἀγγέλου
2885 1409 2977 1467 ἀπ’
3047 1410 3285 1490 οὒρανοῦ,
3359 1412 3447 1467 καὶ
3486 1416 3594 1467 τῶν
3651 1412 3849 1489 νεκρῶν

2200 1499 2472 1579 ἀφθάρτων
2552 1498 2935 1576 ἀνισταμένων,
3027 1499 3122 1556 καί
3193 1501 3380 1558 αὖτοὺς
3450 1498 3841 1570 ἀπαντήσεσθαι

2198 1595 2275 1662 τῷ
2306 1590 2476 1667 Κυρίῳ
2501 1590 2556 1645 εν
2585 1586 2732 1666 δόξῃ,
2782 1607 2809 1648 ι
2844 1588 2961 1668 τοῦ,
2995 1585 3081 1645 Ἐν
3109 1585 3256 1664 δόξῃ,
3290 1590 3351 1645 τὸ
3370 1587 3630 1669 ἄφθαρτον
3658 1584 3851 1654 δηλον-

2204 1677 2284 1734 ότι
2316 1678 2685 1752 σημαίνοντος.
2746 1679 2804 1735 Εἰ
2858 1675 2912 1733 δὲ
2958 1675 3228 1757 ἄφθαρτοι,
3274 1677 3486 1742 πάντως
3540 1677 3732 1739 καινοί,
3786 1676 3848 1733 Εἰ

2207 1764 2261 1822 δὲ
2304 1768 2474 1823 καινοὶ
2502 1768 2668 1843 οὗτοι,
2714 1764 2934 1834 εὔδηλον
2973 1767 3052 1822 ὃτι
3108 1768 3196 1822 καὶ
3245 1767 3280 1834 ἡ
3331 1767 3497 1829 κτίσις
3538 1765 3696 1834 καινῆ
3739 1785 3845 1821 πε-

2206 1868 2403 1935 φυκυῖα
2459 1860 2527 1932 τῇ
2575 1860 2681 1911 τῶν
2751 1855 3037 1934 ἀνθρώπων
3092 1852 3616 1929 συμμεταϐάλλεσθαι
3684 1874 3853 1910 κατα·-

2206 1945 2409 2024 στάσει,
2467 1946 2556 2002 καὶ
2610 1947 2811 2025 φθαρτή
2868 1945 2972 2019 μὲκ
3038 1941 3122 2000 διὰ
3176 1945 3274 2012 τὴν
3356 1945 3431 2006 εἷς
3495 1943 3685 2022 φθοράν
3737 1943 3843 1999 τῶν

2205 2033 2490 2112 ἀνθρώπων
2540 2034 2904 2115 παρατροπὴν,
2964 2034 3219 2114 ἄφθαρτος
3281 2029 3337 2089 δὲ
3414 2031 3499 2090 διὰ
3579 2034 3669 2090 τὸν
3736 2037 3847 2089 τῶν

2207 2121 2493 2200 ἀνθρώπων
2541 2123 2939 2198 ἀνακαινισμὸν,
3000 2125 3253 2200 γίνεσθαι.
3300 2121 3497 2178 Σκόπει
3554 2117 3608 2178 δὲ
3649 2119 3730 2177 ὅτι
3756 2122 3851 2177 καὶ

2206 2211 2305 2279 τὴν
2333 2210 2605 2291 παρολκὴν
2634 2233 2726 2268 του
2782 2212 2976 2291 χρόνου
3026 2211 3122 2278 τῆς
3180 2212 3272 2267 τοῦ
3328 2210 3510 2288 Κυρίου
3561 2211 3841 2288 παρουσίας

2206 2302 2293 2357 καὶ
2321 2301 2421 2368 τὴν
2450 2301 2805 2380 μακροθυμίαν
2848 2306 3025 2374 αυτοῦ,
3085 2299 3170 2356 ἐπὶ
3225 2300 3459 2377 σωτηρίᾳ
3505 2300 3658 2375 ἡμῶν
3686 2318 3843 2379 φησιν

2206 2388 2552 2452 ἐκτελεῖσθαι.

2288 2677 2312 2712 α
2368 2657 2537 2720 Καθὸς
2582 2658 2670 2714 καὶ
2726 2658 2754 2712 ὁ
2826 2654 3103 2733 ἀγαπητὸς
3158 2656 3313 2731 ἡμῶν
3354 2652 3575 2735 ἀδελφὸς
3638 2650 3841 2716 Παῦλος

458 2750 658 2806 noster
681 2741 917 2803 Paulus
938 2741 1121 2820 juxta
1162 2740 1368 2803 datam
1408 2739 1524 2803 sibi.
1560 2742 1928 2821 sapientium
1956 2748 2115 2808 scri-

2198 2746 2335 2802 κατά
2402 2745 2502 2812 τὴν
2579 2746 2720 2818 αῦτῷ
2796 2741 3036 2800 δοθεῖσαν
3112 2745 3297 2822 σοφίαν
3380 2742 3606 2823 ἔγραψεν
3688 2743 3837 2817 ὑμῖν,

450 2834 571 2912 psit
602 2830 791 2904 vobis,
826 2836 1013 2893 etiam
1040 2830 1106 2891 in
1128 2831 1407 2891 omnibus
1432 2832 1562 2908 fere
1581 2831 1850 2910 epistolis
1871 2831 2116 2912 loquens

2198 2836 2271 2897 ὡς
2337 2835 2426 2891 καὶ
2481 2833 2535 2890 ἐν
2594 2835 2788 2895 πάσαις
2831 2846 2953 2896 ταῖς
3006 2831 3313 2896 ἐπιστολαῖς
3390 2831 3566 2891 λαλῶν
3631 2831 3686 2886 ἐν
3743 2833 3841 2888 αῦ-

457 2921 529 2983 de
563 2919 660 2982 his
691 2936 709 2981 :
736 2921 901 2981 inter
929 2935 1062 2997 quae
1102 2925 1244 2980 sunt
1295 2918 1595 2981 nonnullo
1628 2919 1899 2997 difﬁcilia
1930 2923 2114 2986 intel-

2198 2939 2317 2992 ταῖς
2374 2927 2493 3005 περὶ
2546 2926 2767 2987 τούτων.
2837 2922 2926 2983 Ἐν
2983 2928 3067 2990 οἷς
3110 2924 3219 2981 ἐστι
3275 2921 3533 2991 δυσνὸητά
3586 2944 3724 2997 τινα,
3809 2922 3843 2979 ἃ

457 3009 634 3082 lectu,
683 3025 816 3087 quae
847 3007 1083 3070 indocti
1114 3014 1172 3068 et
1210 3007 1536 3070 instabiles
1561 3008 1927 3089 detorquent
1955 3017 2117 3075 sicut

454 3106 511 3161 et
547 3105 793 3160 caeteras
841 3095 1209 3177 Seripturas
1272 3097 1354 3158 ad
1383 3114 1559 3159 suam
1610 3100 1875 3178 ipsorum
1908 3103 2116 3179 perni-

457 3193 630 3251 ciem.
668 3189 792 3248 Mos
838 3186 1054 3266 igitur,
1088 3187 1322 3260 dilecti,
1392 3194 1779 3265 posteaquam
1813 3189 1876 3250 id
1900 3206 2119 3268 praeco.

452 3277 770 3356 gnovistis,
798 3282 992 3339 carete
1041 3292 1116 3337 ne
1144 3274 1331 3336 simul
1363 3274 1750 3351 nefariorum
1782 3293 1990 3340 errore
2012 3280 2123 3343 ab-

459 3367 626 3428 ducti
650 3364 945 3428 excidatis
976 3381 1013 3425 ιι
1056 3366 1306 3443 propria
1349 3362 1716 3435 stabilitate,
1746 3366 1850 3428 sed
1877 3371 2124 3433 crescite

457 3460 525 3517 in
551 3454 757 3534 gratia
787 3462 845 3516 et
870 3454 1210 3530 cognitione
1239 3453 1492 3516 Domini
1512 3456 1708 3515 nostri
1737 3462 1797 3515 et
1829 3454 2119 3521 Salvato-

456 3545 543 3606 ris
585 3545 728 3606 Iesu
784 3540 1037 3605 Christi.
1071 3542 1195 3623 Ipsi
1215 3545 1414 3623 gloria
1444 3548 1504 3605 et
1554 3560 1718 3605 nunc
1755 3551 1811 3605 et
1847 3549 1912 3606 in
1956 3547 2118 3611 diem

463 3631 853 3695 wtemitutis.
889 3633 1096 3692 Amen.

559 3745 587 3777 α
623 3718 1137 3793 Quemadmodum
1170 3726 1227 3779 et
1253 3717 1506 3781 dilectus
1531 3717 1709 3780 frater
1731 3730 1933 3784 noster
1960 3722 2114 3785 Pau-

464 3810 577 3874 lus.
611 3834 635 3866 ν
672 3808 741 3870 Ει
774 3807 872 3869 ubi
901 3806 1123 3889 aliquid
1175 3806 1513 3887 hujusmodi
1561 3806 1707 3870 dixit
1755 3808 2010 3875 Paulus?
2051 3814 2115 3876 In

458 3898 553 3961 his
581 3897 776 3959 verbis
805 3914 937 3957 cum
964 3897 1081 3956 ait:
1118 3895 1393 3958 «Bonitas
1416 3895 1521 3958 Dei
1542 3896 1614 3958 ad
1640 3897 2110 3977 resipiscentiam

457 3995 514 4049 te
543 3986 750 4048 invitat
794 3984 882 4047 33.
926 4009 947 4042 η
985 3984 1150 4057 Quod
1212 3983 1260 4044 si
1303 3984 1380 4046 ad
1413 3986 1878 4066 resipiscentiam
1910 3989 2116 4054 invitat

456 4075 564 4138 Dei
595 4073 1221 4154 longanimitas,porro
1253 4073 1667 4153 resipiscentia
1691 4075 1863 4138 nobis
1895 4087 1984 4139 est
2013 4073 2113 4141 sa-

456 4163 685 4237 lutaris,
709 4161 914 4243 utique
930 4162 999 4223 all
1027 4172 1287 4223 nostram
1311 4161 1616 4224 utilitatem
1641 4182 1708 4224 ac
1729 4165 1977 4228 salutem
2024 4173 2114 4231 est

455 4252 567 4316 Dei
593 4251 1026 4331 longanimitas.
1062 4249 1336 4312 Difﬁcilis
1380 4260 1574 4312 autem
1612 4250 1913 4316 intellectu
1942 4256 2109 4337 dicit,

456 4359 585 4418 quas
605 4340 782 4403 etiam
807 4339 1025 4420 impios
1047 4338 1130 4402 ait
1153 4339 1546 4421 pervertendo
1565 4339 2110 4421 interpretariznam

453 4431 565 4491 hoc
590 4428 708 4491 sibi
763 4427 899 4491 vult
951 4426 1319 4509 στρεϐλοῦσθαι
1377 4428 1731 4507 signiﬁcare.
1772 4439 1952 4512 utque
1982 4451 2109 4495 rem

453 4536 691 4581 omnem
714 4537 783 4579 ex
800 4536 915 4579 uno
935 4517 1507 4580 demonstrem.cum
1540 4519 1751 4581 l’aulus
1770 4520 1849 4581 ita
1870 4522 2106 4604 dixerit,

452 4607 595 4669 i555
629 4606 776 4670 «Ubi
803 4606 1148 4670 exuberavit
1194 4617 1530 4687 peccatum,
1566 4607 1649 4669 ibi
1681 4610 1865 4687 magis
1886 4611 2110 4674 exube-

440 4697 596 4759 ravit
626 4696 815 4777 gratia
838 4697 967 4767 37,»
1006 4696 1122 4778 ipsi
1148 4696 1544 4770 pervertendo
1568 4696 1849 4758 dixerunt
1870 4701 2110 4762 Paulum

445 4787 559 4848 hoc
578 4787 803 4850 dicere.
832 4789 1160 4849 Peccemus
1183 4784 1584 4847 abundantius
1621 4794 1684 4847 ut
1713 4785 2112 4854 abundantius

449 4873 624 4936 nobis
682 4873 1043 4954 ignoscatur.
1104 4873 1227 4936 Hoc
1280 4879 1476 4934 autem
1511 4871 1753 4953 faciunt,
1788 4873 1996 4955 inquit.
2034 4878 2105 4938 ad

450 4982 616 5025 suam
651 4966 909 5043 ipsorum
940 4960 1812 5043 perniciem.Quemadmodum
1838 4966 1997 5026 enim
2018 4964 2103 5026 illi

448 5049 548 5131 qui
582 5052 899 5131 pr0phetas
955 5059 1014 5114 et
1041 5050 1337 5126 apostolos
1388 5049 1756 5125 occiderunt,
1812 5050 1890 5112 ita
1920 5061 1978 5114 et
2007 5052 2106 5134 qui

447 5157 758 5201 sermones
782 5139 1048 5220 ipsorum
1080 5138 1480 5220 pervertendo
1511 5140 2103 5215 sustulerunt,eidem

441 5226 672 5307 judicio
696 5237 834 5290 sunt
861 5226 1104 5291 obnoxii
1138 5246 1152 5291 :
1180 5226 1658 5309 quandoquidem
1685 5236 1740 5289 et
1765 5228 1851 5289 illi
1871 5228 2104 5293 occide-

452 5325 590 5377 runt
620 5335 743 5391 eos,
778 5336 854 5380 ne
883 5317 928 5379 ii
955 5318 1057 5399 qui
1088 5317 1162 5379 ab
1212 5317 1360 5397 ipsis
1389 5316 1669 5379 salutaria
1710 5316 2099 5397 docebantur,

450 5415 693 5486 possent
721 5404 793 5468 ab
825 5407 914 5469 eis
935 5406 1127 5487 juvari
1167 5424 1181 5469 :
1229 5416 1288 5470 et
1318 5405 1414 5467 isti
1447 5406 1725 5468 similiter
1748 5407 2104 5488 detorquent

2198 3017 2247 3071 οἱ
2318 3015 2543 3090 ἀμαθεῖς
2621 3015 2710 3072 καὶ
2794 3012 3101 3089 ἀστήρικτοι
3175 3011 3530 3093 στρεϐλοῦσιν,
3612 3013 3688 3075 ὥς
3756 3011 3844 3067 καὶ

2201 3105 2295 3169 τὰς
2341 3103 2529 3168 λοιπὰς
2574 3104 2806 3183 Γραφάς,
2882 3105 3014 3183 πρὸς
3086 3105 3184 3171 τὴν
3251 3100 3379 3159 ἰδίαν
3449 3101 3619 3160 αὐτῶν
3687 3099 3842 3157 ἀπώ-

2202 3192 2369 3251 λειαν.
2436 3184 2622 3268 ’Υμεῖς
2679 3191 2791 3273 οὖν,
2863 3191 3151 3269 ἀγαπητοὶ,
3223 3191 3671 3271 προγινώσκοντες
3739 3210 3842 3269 φυ-

2203 3280 2480 3362 λάσσεσθε,
2537 3279 2630 3337 ἵνα
2709 3281 2788 3356 μη
2870 3286 2975 3336 τῶν
3048 3280 3292 3356 ἀθέσμων
3369 3278 3545 3355 πλάνῃ
3602 3299 3842 3337 συναπα-

2204 3372 2446 3451 χθέντες,
2503 3369 2763 3437 ἐκπέσητε
2844 3375 2936 3426 τοῦ
3004 3367 3130 3425 ἰδίου
3207 3374 3499 3448 στηριγμοῦ
3532 3382 3547 3398 ⁸
3603 3368 3846 3434 αὐξάνετε

2202 3457 2257 3516 δὲ
2300 3460 2355 3517 ἐν
2383 3461 2566 3541 χάριτι
2612 3460 2700 3517 καὶ
2752 3459 2944 3537 γνώσει
2990 3464 3083 3515 τοῦ
3127 3458 3312 3538 Κυρίου
3362 3459 3517 3533 ἡμῶν
3574 3458 3663 3514 καὶ
3717 3463 3842 3513 Σω-

2198 3549 2357 3627 τῆρος
2428 3547 2606 3616 ἰησοδ
2673 3553 2919 3626 Χριστοῡ.
2981 3546 3133 3622 Αὐτῷ
3184 3548 3220 3615 ἡ
3270 3543 3392 3611 δόξα
3458 3547 3545 3604 καὶ
3606 3553 3692 3603 νῦν
3754 3555 3844 3609 καὶ

2198 3640 2272 3703 εἷς
2314 3636 2518 3717 ἡμέραν
2546 3637 2756 3701 αἰῶνος.
2785 3634 2983 3713 Ἀμήν,
3022 3657 3045 3690 υ

2288 3751 2311 3783 ιι
2351 3728 2535 3792 Καθὼς
2562 3727 2653 3784 καὶ
2673 3729 2702 3783 ὃ
2742 3726 3020 3804 ἀγαπητὸς
3060 3726 3216 3800 ἡμῶν
3266 3720 3486 3803 ἀδελφὸς
3538 3722 3764 3789 Παῦλος.
3802 3747 3832 3780 ι

2198 3819 2300 3878 Καὶ
2329 3824 2429 3874 ποῦ
2458 3822 2694 3873 τοιοῦτον
2727 3813 2928 3879 Παῦλος
2975 3813 3160 3893 εἴρηκε
3192 3832 3208 3892 ;
3259 3811 3340 3868 Δι’
3366 3815 3445 3868 ὧν
3475 3811 3577 3892 ἔφη
3613 3829 3626 3843 ⁸
3691 3836 3720 3868 α
3768 3815 3839 3873 Τὸ

2194 3907 2434 3987 χρηστὸν
2461 3911 2554 3961 τοῦ
2583 3910 2712 3962 Θεοῦ
2753 3904 2827 3967 εἷς
2857 3900 3138 3978 μενανοιάν
3167 3921 3225 3956 σε
3277 3899 3417 3978 ἄγει,
3455 3923 3483 3955 ι
3540 3902 3606 3958 Ἐἴ
3655 3899 3711 3957 δὲ
3765 3903 3839 3964 εἰς

2195 3995 2476 4069 μετάνοιαν
2526 3994 2561 4061 ἠ
2630 3999 2724 4049 τοῦ
2779 3997 2908 4048 Θεοῦ
2977 3988 3305 4068 μακροθυμία
3364 3988 3504 4067 ἄγει,
3575 3991 3837 4068 σωτήριος

2196 4079 2251 4137 δὲ
2307 4082 2443 4156 ἡμῖν
2500 4081 2536 4147 ἡ
2594 4079 2868 4158 μετάνοια,
2912 4078 3122 4141 πάντως
3179 4075 3264 4133 ἐπὶ
3319 4078 3630 4156 συμφέροντι
3685 4079 3838 4153 ἡμῶν

2197 4171 2285 4227 καὶ
2329 4172 2403 4233 εἷς
2448 4168 2711 4248 σωτηρίαν
2763 4170 2798 4236 ἡ
2840 4177 2933 4227 τοῦ
2987 4173 3120 4223 Θεοῦ
3161 4167 3503 4245 μακροθυμία.
3568 4168 3841 4234 Δυονόητα

2194 4256 2251 4315 δὲ
2280 4257 2445 4336 λέγει,
2492 4258 2526 4313 ἃ
2553 4258 2640 4314 καὶ
2689 4258 2792 4313 ⁸δπὸ
2845 4262 2950 4313 τῶν
2981 4252 3185 4312 ἀσεϐῶν
3250 4276 3409 4333 φησιν
3458 4252 3838 4336 ἔνδιαστρόιρως

2193 4345 2619 4425 ἐξαγγέλλεσθαι,
2710 4351 2878 4403 Τοῦτο
2959 4344 3058 4422 γὰρ
3127 4343 3189 4398 τὸ
3257 4340 3627 4421 στρεϐλοῦσθαι
3709 4342 3837 4418 βού-

2194 4434 2342 4491 λεται
2397 4436 2672 4509 σημαίνειν
2729 4436 2894 4508 αὐτῷ,
2944 4432 3041 4492 Καὶ
3083 4430 3177 4488 ’ίνα
3233 4429 3286 4495 ἐξ
3334 4431 3449 4496 ἑνὸς
3491 4430 3674 4487 τούτου
3728 4452 3839 4487 πα-

2194 4524 2441 4602 ραστήσω
2467 4524 2529 4580 τὸ
2571 4528 2675 4579 πᾶν
2711 4521 2850 4579 οὕτω
2875 4522 2967 4578 toi
2998 4518 3204 4579 Παύλου
3256 4520 3552 4598 εἰρηκότος,
3614 4542 3641 4574 ι
3676 4518 3840 4577 Ὀπου

2194 4611 2510 4670 ἐπλεόνασεν
2540 4613 2574 4680 ἡ
2626 4611 2874 4690 ἁμαρτία,
2919 4608 3412 4687 ὑπερεπερίσσευσεν
3474 4610 3509 4676 ἡ
3571 4610 3755 4689 χάρις,
3809 4629 3833 4667 ιι

2193 4701 2340 4759 αὐτοὶ
2412 4698 2814 4780 διαστρέψαντες
2900 4698 3118 4778 ἔφασαν,
3211 4695 3292 4754 ὅτι
3370 4698 3524 4757 τοῦτό
3595 4719 3754 4775 φησιν
3809 4699 3839 4754 ὁ

2194 4788 2400 4851 Παῦλος
2440 4812 2453 4825 ο
2489 4780 2904 4868 Ἀμορτήσωμεν
2947 4786 3132 4857 πλέον,
3193 4786 3285 4844 ’ίνα
3332 4786 3494 4847 πλέον
3542 4808 3838 4866 συγχωρη-

2191 4881 2389 4955 θῶμεν.
2448 4886 2614 4937 Τοῦτο
2664 4875 2742 4957 δὲ,
2802 4877 2953 4958 φησὶ,
3011 4884 3246 4935 ποιοῦσιν
3288 4875 3373 4932 ἐπ’
3417 4873 3654 4933 ἀπωλεία
3720 4875 3840 4931 ἑαυ-

2189 4976 2317 5027 τῶν.
2370 4959 2461 5032 Ὠς
2523 4968 2623 5047 γὰρ
2665 4969 2712 5024 οἱ
2765 4968 2888 5029 τοὺς
2956 4966 3231 5044 προφήτας
3288 4964 3691 5029 ἀποκτείναντες
3745 4964 3834 5020 καὶ

2189 5059 2311 5122 τοὺς
2340 5055 2691 5128 ἀποστόλους,
2727 5053 2865 5113 οὕτω
2917 5055 3004 5111 καὶ
3046 5055 3092 5110 οἱ
3133 5054 3255 5116 τοὺς
3312 5052 3502 5133 λόγους
3547 5055 3718 5110 αὐτῶν
3746 5049 3776 5107 δ
3786 5052 3835 5107 ιά

2187 5152 2286 5214 τῆς
2340 5144 2656 5224 διαστροφῆς
2734 5144 3096 5223 ἀναιροῦντες,
3188 5148 3265 5215 τῷ
3339 5146 3482 5217 αὐτῷ
3537 5141 3837 5198 ὑπόκεινται

2187 5237 2424 5314 κρίματι,
2496 5234 2610 5290 ἐπεὶ
2666 5234 2753 5289 καὶ
2796 5232 3024 5294 ἐκείνους
3078 5230 3416 5305 ἀπέκτειναν,
3474 5230 3836 5292 ἀποπαύοντες

2186 5329 2279 5378 τοῦ
2309 5321 2386 5392 μὴ
2417 5320 2537 5382 τοὺς
2582 5318 2673 5376 ὑπ’
2730 5321 2899 5377 αὐτῶν
2952 5318 3408 5395 μαθητευομένους
3466 5317 3533 5377 τὰ
3602 5317 3837 5395 σωτήρια

2183 5407 2273 5468 ὑπ’
2355 5407 2528 5465 αὐτῶν
2600 5404 2939 5487 ὠφελεῖσθαι,
3014 5407 3103 5462 καὶ
3182 5408 3307 5470 τοὺς
3372 5405 3559 5485 λόγους
3641 5404 3838 5481 ὁμοίως

509 5573 589 5631 ,89
620 5573 751 5636 Psal
779 5592 821 5650 ι,
854 5575 914 5641 6.
946 5572 1001 5618 ³³
1023 5575 1194 5639 Joan.
1222 5568 1566 5655 1111,33.“
1592 5571 1774 5636 Joan.
1806 5592 1925 5650 xxv,
1960 5577 2018 5639 9.
2050 5583 2106 5628 35

2198 5577 2395 5640 l‘hess.
2427 5575 2633 5640 tv.15.
2662 5574 2719 5621 ³ο
2746 5573 2922 5649 Rom,
2952 5589 3016 5649 ιι,
3044 5574 3106 5636 4.
3141 5581 3195 5625 ³7
3220 5577 3399 5640 Rom.
3432 5589 3493 5655 ν,
3526 5571 3628 5636 20.
