4192 6212
327 305 447 367 617

1393 303 1788 366 COMMENT.
1836 298 1916 361 IN
1965 299 2204 360 EPIST.
2254 299 2275 358 Ι
2321 298 2663 362 JOANNIS.

3585 296 3700 359 618

319 433 625 514 στρεϐλοῦσι
656 444 745 494 τοῦ
775 437 852 511 μή
898 457 1043 498 τινας
1092 433 1177 490 διὰ.
1223 435 1424 490 τούτων
1454 432 1758 512 δράττεσθαι
1791 454 1976 499 σωτη-

2064 447 2393 502 sermones,
2418 447 2492 490 ne
2522 427 2701 508 aliqui
2722 447 2827 508 per
2843 428 3002 509 ipsos
3019 430 3265 490 salutem
3289 439 3700 509 operarentur.

328 513 464 602 ρίας.
504 513 673 582 ’Ἰδιον
700 522 756 580 δὲ
786 525 1080 602 στηριγμὸν
1109 523 1206 590 τὴν
1238 525 1310 588 εἰς
1354 524 1445 580 τὸν
1478 522 1664 600 Κύριόν
1693 544 1822 600 φησι
1852 522 1978 578 πίσ-

323 634 430 674 τιν,
490 612 699 692 ’Ὥσπερ
743 611 796 668 δέ
840 615 895 669 ἓν
951 625 1074 674 ταῖς
1119 609 1305 676 ἄλλαις
1363 610 1672 674 ἐπιστολαῖς
1705 612 1778 675 εἷς
1809 612 1973 690 εὐχὰς

327 699 677 774 ἆπστελευτᾷ,
713 702 850 758 οὕτω
891 702 988 758 κᾶν
1019 701 1208 777 ταύτῃ,
1235 702 1334 768 τὴν
1366 701 1420 756 ἐν
1449 706 1517 776 τῇ
1545 700 1714 756 πίστει
1745 710 1835 760 τοῦ
1867 709 1974 757 Κυ-

327 791 440 868 ρίου
468 789 683 858 αὔξησιν
712 794 891 854 αὐτοῖς
923 790 1308 869 επευχόμενος.

335 902 361 934 α
391 877 576 954 Τέλος,
609 881 703 936 σὺν
745 888 884 956 Θεῷ,
915 885 1014 947 τῆς
1043 879 1327 946 ηθολικῆς
1377 877 1614 958 δευτέρας
1647 881 1740 936 τοῦ
1784 878 1978 958 Πέτρου

951 959 1291 1029 Ἐπιστολῆς.
1331 981 1361 1014 ι

2063 518 2371 598 Propriam
2424 537 2561 580 vero
2593 517 2972 578 stabilitatem
3005 518 3179 580 ﬁdem
3227 517 3370 578 dicit
3399 517 3458 577 in
3496 517 3702 580 Domi-

2061 626 2223 668 num.
2258 605 2769 678 Quemadmodum
2810 616 3001 668 autem
3037 607 3094 666 in
3126 607 3256 668 aliis
3286 605 3562 685 Epistolis
3579 605 3707 667 ﬁnit

2059 695 2120 755 in
2156 699 2473 774 preces,ita
2496 703 2552 755 et
2574 695 2634 754 in
2660 695 2791 770 hac,
2817 703 3195 774 augmentum
3229 695 3287 756 in
3321 695 3436 756 ﬁde
3471 693 3706 756 Domini

1983 828 1986 830 η
2058 783 2204 863 ipsis
2238 783 2552 865 precando.

2065 881 2264 957 Finis,
2299 884 2504 945 divino
2559 883 2802 962 favente
2829 884 3088 958 auxilio,
3120 884 3477 962 posterioris
3507 881 3706 945 catho-

2540 965 2673 1024 ticae
2705 963 2876 1025 Petri
2904 963 3219 1045 Eptstolaz.

332 1136 3646 1168 Μ

1586 1285 2473 1417 ΥΠΟΘΕΣΙΣ

639 1557 852 1642 ΤΗΣ
928 1559 1436 1645 ΙΩΑΝΝΟΥ
1503 1556 2153 1643 ΚΑΘΟΛΙΚΗΣ

2254 1561 2700 1646 ΠΡΩΤΗΣ
2777 1560 3413 1651 ΕΠΙΣΤΟΛΗΣ

1399 1928 2619 2058 ARGUMENTUM

716 2183 1140 2281 ΡΒΙΜλἘ
1221 2186 1739 2285 JOANNIS
1819 2185 2459 2282 EPISTOLZE
2548 2188 3290 2288 CATHOLlC/E

415 2523 620 2617 Ταύτην
664 2530 692 2584 ὸ
756 2532 911 2594 αὐτὸς
971 2529 1219 2599 Ἰωάννης
1267 2533 1296 2587 δ
1350 2532 1412 2586 τὸ
1472 2529 1789 2609 Εὐαγγέλιον
1857 2527 1978 2607 γρά“

2141 2523 2284 2617 ξΰϐ
2312 2525 2480 2617 Hanc
2529 2531 2887 2612 conscripsit
2915 2531 3073 2594 idem
3095 2532 3355 2597 Joannes
3381 2536 3481 2617 qni
3505 2535 3701 2600 Evan-

334 2612 466 2682 ψας,
531 2612 848 2693 ἐπιστέλλει,
908 2621 1326 2697 ὑπομιμνήσκων
1383 2620 1502 2684 τοὺς
1572 2617 1675 2686 ἤδη
1759 2618 1977 2675 πιστεύ-

333 2717 529 2762 σαντας
573 2705 646 2766 εἰς
689 2709 780 2762 τὸν
841 2709 1046 2786 Κύριον.
1099 2710 1194 2766 Καὶ
1253 2715 1460 2786 πρῶτον
1514 2707 1608 2782 μὲν
1665 2707 1841 2785 ὥσπερ
1924 2706 1978 2762 ἐν

333 2792 413 2859 τῷ
445 2790 767 2869 Εὖαγγελίῳ,
823 2795 958 2851 οῧτω
1005 2798 1090 2852 καὶ
1138 2797 1190 2852 ἐν
1233 2797 1400 2871 ταύτῃ
1444 2801 1510 2872 τῇ
1539 2795 1828 2870 Ἐπιστολῇ
1855 2799 1976 2851 θεο-

334 2872 491 2952 λογεῖ
533 2883 650 2959 περὶ
677 2890 769 2939 τοῦ
828 2885 1021 2964 Λόγου,
1081 2885 1386 2950 ἀποδεικνὺς
1429 2887 1581 2942 αὖτὸν
1629 2884 1710 2940 ἀεὶ
1753 2885 1893 2940 εἶναι
1923 2885 1976 2940 ἐν

335 2971 414 3037 τῷ
456 2973 588 3042 Θεῷ,
656 2973 742 3027 καὶ
798 2971 1053 3030 διδάσκων
1093 2977 1182 3031 τὸν
1243 2975 1448 3053 Πατέρα
1517 2980 1628 3054 φῶς
1673 2974 1836 3044 εἶναι,
1887 2972 1978 3028 ἵνα

331 3055 424 3110 καὶ
453 3056 616 3121 οὕτως
672 3069 880 3139 γνῶμεν
930 3066 1020 3120 τὸν
1067 3065 1233 3141 Λόγον
1289 3067 1362 3127 ὡς
1421 3064 1741 3142 ἀπαύγασμα
1785 3062 1836 3128 ἐξ
1879 3064 1976 3120 αὖ·

331 3147 426 3199 τοῦ
458 3146 622 3208 εἶναι.
683 3151 958 3230 Θεολογῶν
987 3151 1041 3208 δὲ
1085 3151 1354 3230 ἔξηγεϊται
1402 3153 1480 3227 μὴ
1528 3153 1778 3232 νεώτερον
1835 3152 1977 3208 εἶναι

331 3235 396 3289 τὸ
438 3235 552 3293 καθ’
583 3240 726 3314 ἡμᾶς
757 3245 1064 3322 μυστήριον,
1113 3240 1260 3299 Ἀλλ’
1305 3241 1356 3306 ἐξ
1409 3242 1584 3320 ἀρχῆς
1642 3243 1738 3316 μὲν
1780 3243 1867 3298 καὶ
1897 3241 1977 3296 ἀεὶ

333 3327 616 3412 τυγχάνειν
671 3329 818 3409 αὑτὸ,
879 3339 963 3387 νῦν
1008 3330 1062 3387 δὲ
1104 3335 1498 3412 πεφανερῶσθαι
1553 3330 1606 3386 ἐν
1663 3338 1739 3404 τῷ
1785 3330 1971 3408 Κυρίῳ,

331 3410 473 3479 ὅστις
521 3414 627 3472 ἐστὶ
670 3419 781 3488 ζωὴ
827 3421 1034 3483 αἰώνιος
1092 3410 1198 3476 καὶ-
1236 3422 1364 3482 Θεὸς
1431 3418 1696 3485 ἀληθινός.
1767 3420 1863 3476 Καὶ
1920 3418 1980 3472 τὸ

331 3501 510 3560 αἶ’τιον
555 3503 610 3560 δὲ
659 3506 755 3574 τῆς
811 3515 904 3564 τοῦ
959 3509 1235 3588 παρουσίας
1291 3509 1378 3564 καὶ
1431 3508 1731 3587 ἐπιφανείας
1783 3507 1976 3577 τίθησι,

333 3589 505 3668 λέγων
535 3593 674 3649 εἶναι
731 3603 908 3675 τοῦτο,
967 3597 1051 3652 ἐπὶ
1103 3605 1180 3671 τῷ
1233 3595 1521 3653 καταλῦσαι
1576 3597 1640 3652 τὰ
1695 3595 1821 3674 ἔργα
1889 3602 1981 3652 τοῦ

333 3677 603 3758 διαϐόλου,
663 3686 751 3740 καὶ
807 3687 951 3760 ἡμᾶς
1009 3685 1412 3766 ἐλευθερωθῆναι
1482 3685 1586 3742 ἀπὸ
1655 3685 1747 3741 τοῦ
1814 3686 1978 3740 θανά-

330 3791 447 3849 του,
493 3773 579 3828 καὶ
627 3775 904 3851 γινώσκειν
962 3777 1106 3850 ἡμᾶς
1147 3777 1239 3830 τὸν
1290 3774 1496 3853 Πατέρα
1549 3775 1636 3830 καὶ
1691 3775 1844 3829 αὑτὸν
1886 3775 1975 3828 τὸν

336 3861 457 3914 mw
539 3863 724 3940 Κύριον

333 3949 464 4026 πρὸς
501 3955 673 4005 πᾶσαν
728 3949 963 4027 ἡλικίαν,
1021 3955 1151 4031 πρὸς
1195 3949 1402 4024 παιδία,
1464 3954 1597 4031 πρὸς
1655 3953 1976 4030 νεανίσκους,

331 4038 464 4112 πρὸς
494 4037 760 4120 γέροντας,
794 4039 874 4095 ὅτι
906 4043 934 4096 ὁ
976 4041 1075 4117 μὲν
1125 4043 1255 4103 Θεὸς
1299 4039 1564 4118 ἐγνώσθη,
1609 4041 1644 4108 ἡ
1700 4037 1754 4095 δὲ
1797 4037 1980 4096 διαϐο-

333 4125 462 4194 λικὴ
535 4127 764 4208 ἐνέργεια
820 4129 1006 4188 λοιπὸν
1078 4132 1344 4198 νενίκηται
1397 4129 1822 4209 καταργηθέντος
1891 4130 1984 4185 τοῦ

330 4217 576 4279 θανάτου,
615 4217 748 4274 Εἶτα
779 4217 965 4276 λοιπὸν
1020 4219 1086 4276 δι’
1142 4219 1273 4287 ὅλης
1329 4224 1426 4285 τῆς
1483 4215 1804 4283 Ἐπιστολῆς
1831 4225 1834 4228 ’
1863 4225 1984 4295 περὶ

338 4306 556 4382 ἀγάπης
586 4304 837 4384 διδάσκει,
894 4307 1060 4365 θέλων
1102 4311 1245 4385 ἡμᾶς
1291 4307 1556 4377 ἀλλήλους
1614 4307 1847 4384 ἀγαπᾷν,
1898 4307 1984 4362 καὶ

336 4393 644 4461 ἀποδεικνὺς
693 4396 772 4452 ὅτι
823 4395 906 4454 δεῖ
961 4397 1224 4468 ἀλλήλους
1281 4398 1510 4476 ἀγαπᾷν,
1569 4392 1751 4461 ἐπειδὴ
1812 4397 1899 4450 καὶ
1955 4397 1982 4450 ὁ

336 4487 562 4565 Χριστὸς
624 4487 903 4565 ἠγάπησεν
972 4489 1137 4563 ἡμᾶς.
1183 4487 1489 4565 Ἐξηγετται
1548 4484 1636 4541 οὖν
1690 4485 1805 4564 περὶ
1861 4481 1980 4541 δια-

336 4581 501 4654 φορᾶς
544 4572 704 4655 φόϐου
748 4576 837 4633 ἀαὶ
891 4577 1124 4656 ἀγάπης,
1187 4581 1274 4634 καὶ
1331 4574 1530 4632 τέκνων
1571 4582 1703 4631 Θεοῦ
1759 4576 1845 4631 καὶ
1885 4573 1980 4632 τέ-

333 4686 473 4722 κνων
506 4662 772 4740 διαϐόλου,
817 4667 904 4723 καὶ
944 4667 1062 4746 περὶ
1111 4666 1365 4743 ἁμαρτίας
1421 4668 1728 4743 θανατικῆς,
1775 4666 1860 4720 καὶ
1906 4665 1982 4740 μὴ

334 4757 641 4830 θανατικῆς,
714 4757 802 4812 καὶ
873 4754 1119 4837 διαφορᾶς
1189 4756 1524 4831 πνευμάτων.
1613 4757 1714 4812 Καὶ
1797 4754 1981 4812 λοιπὸν

335 4845 553 4925 διαιρεῖ,
598 4859 758 4903 ποῖον
815 4847 910 4917 μὲν
966 4853 1173 4922 πνεῦμα
1215 4844 1275 4900 ἐκ
1327 4851 1420 4900 τοῦ
1463 4851 1593 4900 Θεοῦ
1632 4844 1766 4924 ἐστι,
1826 4857 1984 4900 ποῖον

335 4937 390 4994 δὲ
450 4940 548 5002 τῆς
615 4933 844 5006 πλάνης,
904 4936 992 4991 καὶ
1041 4935 1170 4991 πότε
1229 4935 1325 5010 μὲν
1381 4935 1743 5010 γινωκόμεθα
1825 4932 1981 4990 τέκνα

336 5034 494 5099 Θεοῦ,
527 5023 655 5081 πότε
715 5021 768 5078 δὲ
820 5029 912 5079 τοῦ
964 5020 1229 5098 διαϐόλου,
1275 5023 1363 5079 καὶ
1418 5023 1535 5102 περὶ
1605 5023 1758 5087 ποίας
1802 5022 1978 5100 ἁμαρ-

333 5117 448 5180 τίας
503 5111 780 5193 ὀφείλομεν
866 5114 1114 5191 εὔχεσθαι
1186 5111 1314 5190 ὑπὲρ
1369 5113 1475 5168 τῶν
1546 5112 1974 5190 ἁμαρτανόντων,

333 5206 423 5262 καὶ
465 5204 581 5283 περὶ
624 5203 776 5267 ποίας
819 5200 878 5256 οὗ
921 5199 1004 5256 δεῖ
1053 5201 1324 5281 εὔχεσθαι,
1385 5202 1473 5257 καὶ
1514 5199 1594 5257 ὅτι
1638 5203 1666 5257 ὁ
1725 5201 1802 5276 μὴ
1846 5200 1976 5278 ἀγα-

334 5299 451 5350 πῶν
492 5294 583 5348 τὸν
611 5289 838 5358 πλησίον
869 5289 962 5346 οὒκ
1017 5289 1157 5346 ἔστιν
1213 5288 1353 5354 ἄξιος
1409 5290 1504 5358 τῆς
1561 5289 1828 5370 κλήσεως,
1861 5289 1976 5350 οὐδὲ

335 5382 546 5438 δύναται
603 5379 844 5459 λέγεσθαι
887 5382 978 5436 τοῦ
1035 5384 1283 5459 Χριστοῦ.
1343 5381 1441 5436 Καὶ
1482 5379 1580 5447 τὴν
1645 5379 1868 5446 ἑνότητα
1924 5377 1977 5437 δὲ

335 5481 430 5530 τοῦ
480 5469 600 5526 Υἱοῦ
640 5469 770 5547 πρὸς
830 5471 920 5524 τὸν
965 5469 1170 5548 Πατέρα
1224 5465 1466 5544 δείκνυσι,
1527 5469 1615 5525 καὶ
1657 5467 1738 5524 ὅτι
1796 5470 1824 5524 ὃ
1880 5469 1979 5548 ἆρ-

336 5561 584 5637 νούμενος
634 5559 724 5614 τὸν
783 5559 902 5614 Υἱὸν
958 5555 1074 5614 οὐδὲ
1128 5558 1217 5614 τὸν
1259 5557 1465 5636 Πατέρα
1522 5557 1658 5638 ἔχει.
1723 5559 1980 5637 Διακρίνει

813 5693 1074 5755 ΡΑτιιοι.
1123 5692 1234 5753 Gn.
1283 5692 1491 5754 CXIX.

2061 2613 2284 2704 gelium
2314 2615 2572 2697 scripsit,
2608 2638 2929 2699 suggerens
2946 2622 3070 2685 haec
3090 2623 3212 2684 illis
3233 2629 3333 2704 qui
3343 2613 3466 2704 jam
3497 2625 3558 2688 in
3590 2625 3703 2689 Do-

2065 2703 2287 2792 minum
2327 2707 2726 2771 crediderant.
2785 2708 2856 2770 Et
2889 2714 3140 2791 primum
3199 2703 3436 2792 quidem
3471 2715 3702 2777 sicntin

2059 2789 2402 2872 Evangelia,
2430 2795 2510 2857 ita
2533 2805 2592 2858 et
2620 2798 2678 2858 in
2713 2799 2821 2859 hac
2854 2789 3118 2880 Epistula
3149 2789 3478 2882 theologiee
3499 2813 3704 2866 tractat

2061 2882 2134 2972 de
2171 2883 2385 2962 Verbo,
2414 2887 2741 2949 ostendens
2773 2888 2964 2968 ipsum
3018 2891 3075 2951 in
3113 2890 3230 2952 Deo
3279 2910 3517 2972 semper
3544 2912 3700 2970 esse,

2061 2969 2405 3052 docensque
2435 2979 2660 3036 l'atrem
2699 2995 2830 3038 esse
2862 2979 3146 3054 lucem,ut
3177 2981 3286 3041 hoc
3315 2969 3491 3042 etiam
3529 2969 3702 3045 modo

2061 3064 2754 3139 cognoscamusVerbum
2782 3076 3060 3148 tanquam
3083 3069 3461 3148 splendorem
3485 3088 3553 3131 ex
3576 3074 3702 3151 ipso

2062 3167 2215 3211 esse.
2245 3151 2601 3232 Theologice
2632 3163 2828 3216 autem
2852 3156 3202 3217 disserendo
3233 3157 3406 3218 docet
3430 3177 3546 3218 non
3574 3178 3705 3221 esse

2059 3255 2270 3300 recens
2301 3241 2456 3320 quod
2507 3243 2664 3322 apud
2716 3263 2822 3305 nos
2849 3253 2936 3304 est
2969 3245 3306 3324 mysterium
3337 3246 3480 3308 :sed
3509 3245 3702 3326 ipsum

2061 3328 2300 3406 quidem
2359 3331 2430 3391 ab
2471 3331 2638 3393 initio
2687 3351 3041 3412 semperque
3071 3333 3270 3403 fuisse,
3321 3353 3480 3396 nunc
3502 3343 3700 3398 autem

2065 3434 2170 3494 per
2222 3416 2537 3478 Dominum
2585 3420 2766 3480 fuisse
2820 3420 3280 3493 manifestatum,
3336 3421 3436 3501 qui
3468 3422 3704 3484 estvita

2065 3513 2282 3565 aeterna
2307 3516 2361 3566 et
2391 3510 2542 3569 lleus
2564 3527 2758 3570 verus.
2795 3507 2858 3569 Et
2882 3527 3114 3569 causam
3137 3509 3302 3588 ponit
3321 3510 3606 3571 adventus
3634 3529 3702 3572 ac

2067 3595 2559 3657 manifestationis
2594 3597 2963 3677 ipsius.hanc
2985 3615 3116 3659 esse
3148 3597 3448 3672 (licens,ut
3478 3598 3702 3659 dissol-

2065 3693 2230 3744 veret
2259 3703 2438 3764 opera
2475 3685 2717 3757 diaboli,
2743 3703 2968 3765 nosque
2998 3704 3031 3746 a
3063 3695 3252 3748 morte
3283 3686 3698 3768 liberaremur,

2061 3781 2117 3832 et
2144 3792 2637 3852 cognosceremus
2666 3773 2897 3835 Patrem
2951 3792 3018 3835 ac
3040 3774 3230 3854 ipsum
3254 3773 3466 3835 Filium
3495 3774 3703 3836 Domi-

815 3865 970 3939 ἡμῶν
1041 3863 1245 3931 Ἰησοῦν
1324 3870 1568 3942 Χριστόν,
1642 3863 1831 3941 Γράφει
1887 3862 1975 3917 οὖν

2064 3880 2203 3922 num
2233 3872 2496 3924 nostrum
2520 3863 2722 3926 Jesum
2758 3862 3307 3926 Christum.Scribit
3327 3883 3463 3943 ergo
3487 3866 3556 3926 ad
3582 3883 3708 3926 om-

2065 3969 2200 4011 nem
2232 3961 2460 4014 aetatem
2491 3972 2504 4012 :
2535 3953 2606 4012 ad
2640 3970 2880 4033 pueros,
2931 3953 3000 4012 ad
3033 3953 3470 4028 adolescentes,
3497 3955 3567 4014 ad
3603 3972 3703 4014 se-

2067 4042 2356 4120 nes,quod
2381 4043 2537 4102 Deus
2558 4041 2794 4121 quidem
2821 4041 3096 4121 cognitus
3127 4045 3224 4116 sit,
3251 4041 3543 4104 diabolica
3569 4061 3707 4106 vero

2066 4129 2304 4207 energia
2334 4132 2575 4210 posthac
2607 4129 2836 4191 devicta
2866 4131 2962 4193 sit.
2997 4129 3220 4192 abolita
3247 4141 3456 4194 morte.
3480 4132 3709 4194 Deinde

2069 4225 2185 4277 tota
2210 4219 2582 4298 postmodum
2615 4219 2882 4299 Epistola
2906 4219 2980 4280 de
3009 4219 3330 4282 dilectione
3350 4229 3406 4281 et
3424 4222 3709 4284 charitate

2065 4304 2260 4380 docet,
2296 4307 2496 4368 volens
2527 4316 2588 4367 ut
2616 4326 2722 4368 nos
2751 4307 3002 4368 invicem
3035 4307 3347 4387 diligamus
3378 4331 3390 4368 :
3426 4320 3482 4370 et
3505 4319 3708 4373 osten-

2065 4396 2213 4456 dens
2243 4396 2394 4476 quod
2431 4405 2697 4476 oporteat
2714 4414 2822 4456 nos
2843 4408 3046 4457 mutuo
3064 4396 3712 4479 diligere,quandoqui—

2065 4485 2199 4546 dem
2259 4495 2316 4545 et
2341 4485 2607 4547 Christus
2637 4485 2844 4546 dilexit
2899 4505 3028 4546 nos.
3085 4486 3221 4545 557
3255 4486 3439 4547 Docet
3470 4505 3610 4565 ergo
3634 4488 3709 4549 de

2067 4573 2406 4635 diversitate
2438 4574 2589 4634 inter
2617 4574 2888 4636 timorem
2921 4593 2989 4635 ac
3021 4573 3384 4636 dilectionen
3414 4624 3428 4655 ,
3471 4583 3526 4635 et
3557 4574 3709 4636 ﬁlios

2069 4663 2172 4725 Dei
2203 4680 2270 4722 ac
2295 4662 2448 4722 ﬁlios
2476 4661 2784 4738 diaboli,et
2807 4662 2878 4722 de
2903 4671 3141 4742 peccato
3172 4661 3243 4723 ad
3284 4673 3533 4722 mortem
3559 4671 3616 4723 et
3635 4681 3707 4724 eo

2069 4752 2222 4832 quod
2257 4768 2372 4811 non
2408 4760 2497 4812 est
2524 4750 2594 4811 ad
2629 4758 2904 4824 mortem,
2942 4759 3001 4812 et
3051 4751 3126 4811 de
3157 4750 3496 4811 diversitate
3522 4750 3706 4831 spiri-

2069 4851 2257 4921 tuum,
2293 4859 2359 4901 ac
2390 4849 2589 4920 postea
2631 4839 2938 4918 distinguit
2977 4841 3108 4920 quis
3129 4838 3372 4918 Spiritus
3394 4857 3461 4900 ex
3483 4839 3603 4900 Deo
3634 4840 3710 4900 sit

2066 4938 2123 4990 et
2154 4930 2284 5009 quis
2308 4928 2547 5006 spiritus
2570 4928 2793 4989 erroris
2821 4943 2833 4984 :
2865 4937 2922 4989 et
2951 4948 3065 5008 quo
3095 4936 3264 5007 pacto
3296 4929 3711 5006 cognoscimus

2065 5019 2218 5080 ﬁlios
2243 5017 2349 5081 Dei
2381 5035 2448 5078 ac
2475 5017 2623 5077 ﬁlios
2651 5017 2892 5090 diaboli,
2917 5024 2973 5079 et
2997 5016 3199 5096 dequo
3219 5025 3460 5097 peccato
3481 5017 3710 5098 precari

2064 5106 2387 5169 debeamus
2419 5125 2523 5186 pro
2555 5107 2645 5167 his
2675 5105 2774 5185 qui
2804 5114 3142 5186 peccant,et
3162 5106 3237 5166 de
3255 5124 3371 5184 quo
3393 5123 3508 5166 non
3527 5124 3708 5185 opor-

2063 5205 2182 5264 teat
2199 5195 2429 5277 precari
2448 5213 2460 5256 :
2477 5195 2754 5275 quodque
2770 5195 2862 5255 his
2880 5194 2981 5274 qui
3007 5193 3338 5275 proximum
3359 5213 3473 5255 non
3494 5195 3706 5274 diligit,

2063 5306 2179 5348 non
2214 5285 2289 5346 sit
2319 5284 2532 5362 dignus
2583 5283 2911 5357 vocatione,
2946 5301 3056 5345 nec
3106 5282 3287 5364 possit
3317 5283 3435 5344 dici
3465 5283 3706 5348 Christi.

2064 5375 2363 5440 Unitatem
2387 5391 2621 5453 quoque
2644 5371 2777 5434 Filii
2799 5371 2870 5432 ad
2897 5371 3130 5432 Patrem
3157 5371 3447 5433 ostendit:
3479 5373 3708 5452 etquod

2065 5467 2117 5529 is
2144 5463 2245 5545 qui
2269 5462 2482 5524 Filium
2517 5468 2709 5540 negat,
2745 5480 2940 5541 neque
2975 5461 3204 5523 Patrem
3232 5461 3466 5524 habeat.
3503 5463 3708 5522 Disce-

2069 5563 2189 5637 ptat
2209 5561 2404 5616 autem
2428 5551 2486 5612 in
2507 5550 2880 5632 hacEpistola
2892 5549 3242 5626 dicens,boc
3259 5567 3392 5612 esse
3406 5549 3708 5631 proprium

3112 5681 3192 5746 90
