4192 6212
517 363 631 427 6'27

1630 372 1867 433 (ECI'M
1881 373 1974 432 EN
1990 373 2037 432 ll
2085 366 2380 431 TRICCXE
2419 365 2750 427 EPISGOPI

3776 356 3891 421 698

517 520 626 563 nos
648 500 955 563 reddimus
989 501 1372 582 peccato.Sed
1403 503 1699 584 quomodo
1732 504 1789 565 id
1825 506 1994 567 nobis
2017 524 2155 568 con-

2244 499 2523 580 ἁμαρτίας.
2555 497 2723 556 Ἀλλὰ
2764 504 2878 562 πῶς
2923 498 3068 555 ἔσται
3123 498 3301 571 τοῦτο,
3347 499 3531 577 φησὶν,
3588 498 3727 571 ἡμῖν
3772 508 3890 584 τοῖς

520 589 943 670 tinget,inquit,
980 590 1079 669 qui
1111 590 1272 670 prius
1304 590 1360 650 in
1413 590 1611 652 multis
1638 592 1998 654 offendimus
2030 612 2168 674 pec-

521 678 721 743 catis?
766 698 941 740 nemo
974 679 1267 760 siquidem
1302 699 1468 741 verax
1507 689 1566 742 et
1613 682 1714 761 qui
1747 700 1884 744 vero
1910 683 2163 745 dicendo

522 767 799 842 assuevit,
835 767 1039 829 dicere
1067 769 1308 830 audebit
1337 769 1491 850 quod
1547 770 1769 851 absque
1795 780 2035 852 peccato
2062 772 2158 833 sit.

518 856 580 918 Si
603 858 736 937 quis
759 856 937 935 igitur
952 858 1063 918 hoc
1088 859 1297 919 timore
1319 859 1715 920 circumfusus
1727 860 1803 921 sit
1820 869 1876 921 et
1902 880 2161 940 occupa-

522 954 635 1019 tus,
668 944 822 1005 bono
873 945 948 1007 sit
998 947 1218 1022 animo,
1279 947 1490 1029 inquit,
1546 967 1680 1010 nam
1712 949 2001 1028 sanguine
2031 950 2164 1011 Filii

518 1035 651 1114 ejus
674 1032 817 1097 Jesu
848 1034 1067 1097 Christi
1120 1054 1227 1116 pro
1260 1036 1434 1099 nobis
1465 1039 1649 1101 effuso
1683 1039 2024 1118 puriﬁcatus
2049 1047 2159 1115 est,

522 1130 821 1184 contracta
851 1142 986 1184 cum
1041 1126 1166 1205 ipso
1199 1126 1498 1189 societate.
1537 1127 1956 1189 Animadverte
1987 1128 2167 1207 igitur

517 1210 671 1292 quod
688 1219 928 1292 propter
949 1230 1238 1274 summam
1253 1214 1973 1295 unionem,Filiumt’atris
1989 1217 2161 1278 etiam

515 1308 1058 1381 vocetassumptam
1083 1322 1151 1363 ex
1186 1302 1356 1364 nobis
1393 1313 1682 1385 naturam,
1717 1306 1887 1384 cujus
1920 1306 2161 1387 procul-

523 1387 705 1450 dubio
758 1399 1076 1471 assumptze
1106 1399 1332 1454 naturae
1380 1393 1618 1472 sanguis
1676 1394 1918 1456 omnino
1963 1403 2075 1468 est,
2107 1405 2166 1457 et

474 1518 495 1538 .
520 1496 645 1565 non
663 1476 788 1565 Dei.
827 1476 1134 1549 Quomodo
1164 1499 1329 1559 ergo,
1378 1500 1574 1542 annon
1610 1483 1834 1544 delirus
1857 1493 1915 1545 et
1947 1485 2163 1565 impius

522 1574 610 1627 est
639 1564 974 1643 Nestorius,
1000 1570 1099 1649 qui
1131 1569 1265 1631 Filii
1297 1588 1539 1632 carnem
1573 1590 1876 1652 separans,
1914 1564 2159 1636 matrem

522 1654 708 1735 ipsius
741 1673 859 1715 non
911 1657 1129 1736 patitur
1160 1660 1529 1733 θεοτόχον,“ἰι1
1564 1671 1672 1738 est,
1709 1660 2019 1742 Deipatam
2055 1682 2157 1744 ap-

2246 586 2498 668 πρότερον
2578 586 2812 652 πολλαῖς
2882 585 3256 667 ἐνισχημένοις
3324 587 3652 666 ἁμαρτίαις,
3716 581 3889 649 Οὒδεὶς

2245 678 2345 756 γὰρ
2393 674 2456 733 ἂν
2499 674 2702 744 ἀληθὴς
2754 677 2842 732 καὶ
2887 673 3159 743 ἀληθεύειν
3202 674 3608 754 ἐπανῃρημένος
3675 672 3887 749 τολμή-

2246 785 2326 820 σει
2382 764 2523 845 ἐρεῖν
2593 767 2667 827 ὡς
2724 764 3092 844 ἀναμάρτητός
3147 763 3313 820 ἐστιν.
3376 763 3442 821 Εἴ
3509 786 3589 830 τις
3658 763 3747 820 οὗν
3814 763 3891 836 τῷ

2245 850 2394 933 φόϐῳ
2443 855 2612 927 τούτῳ
2671 851 3166 932 περικατείληπται,
3236 849 3507 930 θαρῤείτω,
3582 852 3733 932 φησί.
3806 857 3892 926 Γῷ

2244 943 2342 1021 γὰρ
2396 941 2587 1018 αἵματι
2665 944 2757 999 τοῦ
2830 944 2951 999 Υἳοῦ
3034 944 3192 1000 αὐτοῦ
3264 940 3440 1008 Ἰησοῦ
3511 946 3735 1019 Χριστοῦ
3813 947 3892 1014 τῷ

2245 1030 2517 1111 ἐκχυθέντι
2599 1029 2728 1109 ὑπὲρ
2780 1031 2937 1105 ἡμῶν
2991 1029 3306 1109 κεκὶθαρται
3377 1031 3406 1086 ὃ
3460 1029 3560 1096 τὴν
3613 1030 3892 1086 κοινωνίαν

2246 1120 2402 1175 αὐτοῦ
2451 1119 2848 1194 ἀσπασάμενος,
2910 1118 3107 1175 Σκόπει
3150 1116 3205 1174 δὲ
3248 1117 3395 1182 ὅπως
3452 1115 3536 1174 διὰ
3583 1120 3684 1186 τὴν
3725 1116 3889 1197 ἄκραν

2245 1206 2453 1282 ἕνωσιν,
2524 1209 2644 1264 ι’ἱοῦ
2703 1217 2798 1266 τοῦ
2856 1209 3059 1286 Πατρὸς
3130 1208 3219 1263 καὶ
3271 1208 3333 1263 τὸ
3402 1206 3454 1273 ἐξ
3522 1209 3675 1283 ἡμῶν
3726 1206 3891 1264 καλεῖ

2245 1295 2598 1373 πρόσλημμα,
2652 1299 2713 1351 οῦ
2754 1296 2966 1359 πάντως
3009 1293 3384 1376 ἀναμφιϐόλως
3443 1298 3504 1353 τὸ
3546 1300 3712 1372 αἷμα,
3772 1293 3891 1351 ἀλλ’

2245 1386 2366 1465 οὐχὶ
2393 1391 2487 1442 τοῦ
2528 1391 2681 1444 Θεοῦ.
2717 1392 2837 1448 Πῶς
2882 1384 2970 1441 οὖν
3013 1386 3073 1441 οὒ
3112 1383 3275 1463 λῆρος
3317 1385 3405 1441 καὶ
3459 1381 3654 1452 ἀσεϐὴς
3683 1385 3890 1442 Νεστό-

2244 1495 2378 1555 ριος,
2416 1472 2629 1554 διαιρῶν
2658 1482 2749 1531 τοῦ
2793 1476 2913 1531 Υἱοῦ
2969 1473 3069 1541 τὴν
3129 1474 3320 1553 σάρκα,
3365 1474 3456 1529 καὶ
3499 1472 3754 1530 Θεοτόκον
3810 1473 3892 1548 μὴ

2242 1562 2569 1644 ἀνεχόμενος
2600 1563 2699 1630 τὴν
2748 1562 2904 1620 αὔτοῦ
2946 1561 3151 1641 μητέρα
3194 1559 3381 1619 καλεῖν
3415 1581 3432 1643 ς
3500 1582 3525 1618 ι
3581 1561 3709 1619 Ἐὰν
3751 1559 3807 1617 δὲ
3837 1562 3893 1618 έν

2240 1656 2319 1725 τῷ
2346 1653 2480 1732 φωτὶ
2510 1658 2887 1730 περιπατῶμεν
2945 1653 3018 1713 ὡς
3078 1650 3232 1713 αὐτός
3276 1649 3437 1712 ἐστιν.
3470 1669 3501 1709 )
3565 1648 3758 1709 Ἰστέον
3809 1648 3892 1706 ὅτι

522 1743 779 1833 ρθΙΙειτὶᾹῖ
817 1743 1015 1817 «Quod
1067 1745 1116 1807 si
1176 1746 1232 1808 in
1266 1736 1836 1826 Ιυςθιοιηὺυιοιιιυεξ
1857 1750 2009 1814 sicut
2039 1736 2162 1833 ipse

2247 1739 2384 1805 ὅλως
2414 1741 2442 1795 ὃ
2471 1739 2589 1798 νοῦς
2631 1747 2723 1797 τοῦ
2750 1740 2933 1818 ῥητοῦ,
2967 1738 3240 1819 ἀνατροπὴ
3268 1739 3366 1804 τῆς
3413 1736 3675 1795 Ἰουδαίων
3715 1738 3891 1815 βλασ-

518 1840 632 1904 est,
662 1857 689 1888 ι
721 1831 1043 1895 Sciendum
1073 1837 1226 1916 quod
1262 1838 1440 1899 totius
1488 1840 1799 1901 sententiae
1829 1831 2165 1904 intellectus

522 1930 610 2011 est
641 1922 868 1983 eversio
926 1921 1310 2005 blasphemia
1336 1924 1674 1990 Judmorum
1711 1947 1724 1992 :
1774 1929 1885 2011 ipsi
1910 1949 2164 2011 namque

522 2010 799 2071 dixerunt
844 2011 919 2073 de
941 2012 1175 2075 Christo
1203 2033 1215 2076 :
1248 2038 1270 2069 (ι
1307 2014 1423 2077 Nos
1454 2016 1675 2078 scimus
1705 2018 1860 2099 quod
1890 2010 2166 2100 peccator

516 2099 591 2160 sit
622 2099 744 2161 48.»
776 2099 874 2162 Ait
896 2119 1034 2181 ergo
1063 2122 1077 2162 :
1102 2102 1162 2165 Si
1182 2103 1331 2165 lucis
1352 2123 1533 2186 opera
1552 2106 1823 2187 f..cimus,
1856 2099 2164 2171 consortes

522 2189 651 2269 ejus
680 2207 888 2279 sumus
922 2207 935 2253 :
970 2190 1019 2252 si
1049 2201 1245 2255 autem
1271 2213 1386 2254 non
1419 2195 1687 2269 facimus,
1720 2196 1902 2259 alieni
1931 2196 2003 2259 ab
2036 2197 2164 2279 ipso

516 2296 740 2339 sumus.
811 2277 1118 2351 Quomodo
1166 2300 1329 2362 ergo,
1366 2301 1563 2346 annon
1597 2304 1768 2347 verax
1801 2295 1912 2362 est,
1942 2277 2158 2367 inquit,

520 2385 631 2428 nec
658 2375 965 2447 peccatum
999 2370 1185 2431 ullum
1216 2371 1351 2432 fecit
1372 2373 1455 2453 49,
1478 2392 1813 2456 quanquam
1839 2375 1993 2437 inter
2026 2393 2163 2457 pec-

521 2462 755 2546 c‘atores
806 2476 839 2517 a
896 2457 1072 2546 nobis
1132 2470 1436 2540 repulatus
1495 2465 1635 2525 est?
1665 2464 1727 2526 Si
1758 2483 1897 2541 ergo
1930 2483 2034 2526 nos
2061 2465 2161 2546 qui

526 2543 782 2635 diximus
815 2562 827 2635 ς
869 2571 895 2601 α
931 2545 1181 2627 Sanguis
1222 2550 1351 2630 ejus
1374 2570 1557 2633 super
1586 2572 1692 2613 nos
1721 2562 1780 2614 et
1809 2572 1988 2635 super
2010 2543 2163 2617 ﬁlios

520 2640 754 2724 nostros
771 2634 892 2710 50,»
930 2636 1311 2717 impudenter
1339 2638 1666 2703 dixerimus
1693 2642 1847 2722 quod
1880 2634 1997 2704 non
2030 2660 2164 2724 pec-

522 2721 812 2812 cavimus,
844 2724 1114 2804 nosipsos
1167 2725 1425 2790 fallimus
1455 2728 1577 2791 sive
1607 2721 1961 2811 decipimus,
1996 2721 2164 2812 quasi

2246 1829 2449 1910 φημίας
2493 1828 2625 1910 έστί.
2685 1830 2841 1888 Αὐτοὶ
2910 1829 3010 1907 γὰρ
3068 1827 3265 1906 ἔφασαν
3333 1828 3450 1906 περὶ
3489 1837 3582 1886 τοῦ
3635 1835 3888 1907 Χριστοῦ,

2247 1909 2328 1974 ότι
2362 1933 2377 1949 ⁸
2432 1939 2459 1972 α
2503 1909 2691 1993 Ἠμεῖς
2721 1915 2963 1993 οἴδαμεν,
3028 1916 3109 1973 ὅτι
3137 1914 3451 1995 ἁμαρτωλός
3494 1916 3626 1974 ἐστι.
3655 1936 3685 1975 ι
3719 1919 3891 1983 Φησὶν

2248 2006 2361 2086 οὗν,
2397 2004 2475 2062 ὅτι
2535 2008 2579 2063 εἰ
2621 2009 2795 2086 φωτὸς
2848 2006 2972 2086 ἔργα
3024 2006 3347 2086 πράττομεν,
3421 2006 3661 2062 κοινωνοὶ
3731 2007 3895 2062 αὺτοῦ

2246 2098 2429 2171 ἔσμεν,
2488 2096 2532 2151 εί
2580 2093 2634 2150 δὲ
2692 2096 2770 2171 μὴ
2832 2096 3153 2176 πράττομεν,
3228 2092 3640 2173 ἀλλοτριούμεθα
3704 2098 3887 2153 αὐτοῦ.

2246 2186 2368 2249 Πῶς
2398 2184 2485 2241 οῦν
2513 2188 2608 2243 οῦκ
2648 2182 2865 2260 ἀληθὲς,
2923 2185 3108 2265 φησὶν,
3169 2181 3276 2239 ἐστὶ
3331 2184 3418 2257 τὸ,
3481 2183 3576 2240 Καὶ
3632 2181 3893 2259 ἁμαρτίαν

2246 2270 2486 2349 οὐδεμίαν
2528 2275 2623 2330 οῦκ
2669 2271 2935 2347 ἐποίησεν,
2998 2273 3042 2329 εἰ
3083 2272 3171 2328 καὶ
3226 2270 3281 2327 ἐν
3339 2284 3456 2334 τοῖς
3526 2271 3743 2346 ἀνόμοις
3802 2269 3891 2350 ὑφ’

2243 2362 2397 2437 ἡμῶν
2424 2358 2709 2442 ὲλογίσθης
2760 2359 2883 2418 Ἐὰν
2938 2361 3052 2436 οὖν,
3084 2364 3264 2441 φησὶν,
3310 2361 3477 2435 ἡμεῖς
3507 2362 3553 2415 οἱ
3597 2359 3833 2423 εἰπόντες
3866 2376 3884 2392 ’

2248 2451 2353 2507 «Τὸ
2382 2448 2525 2526 αἷμα
2552 2451 2710 2507 αὖτοῦ
2735 2446 2816 2529 ἐφ’
2845 2452 2988 2525 ἡμᾶς
3015 2450 3104 2505 καὶ
3132 2448 3219 2504 ἐπὶ
3259 2448 3324 2504 τά
3352 2448 3508 2505 τέκνα
3529 2450 3705 2523 ἡμῶν,
3749 2468 3775 2506 ι
3806 2445 3894 2503 εἴ-

2243 2559 2429 2614 πωμεν
2485 2536 2735 2618 ἀναιδῶς,
2781 2537 2862 2595 ὅτι
2919 2539 3022 2618 οὐχ
3072 2538 3407 2617 ἡμάρτομεν,
3471 2538 3683 2600 ἑαυτοὺς
3752 2535 3887 2593 πλα-

2244 2633 2439 2702 νῶμεν,
2497 2626 2787 2700 τουτέστιν,
2848 2626 3160 2706 ἀπατῶμεν,
3210 2628 3283 2689 ὡς
3342 2627 3458 2706 μὴῌ
3486 2623 3646 2692 οῦσης
3707 2626 3886 2703 ἀμαρ-

2243 2717 2359 2779 τίας
2425 2736 2518 2772 του
2586 2722 2884 2795 σταυρῶσαι
2940 2718 3031 2772 τὸν
3087 2704 3332 2795 Χριστόν.
3423 2704 3584 2773 ’Ἐστι
3647 2716 3746 2793 γὰρ
3801 2715 3889 2770 καὶ

521 2827 638 2870 non
661 2800 1062 2905 sit_peccatum
1088 2814 1452 2878 cruciﬁxisse
1494 2800 1817 2883 Christum.
1851 2800 1958 2881 Est
1977 2800 2160 2895 enim,

2247 2802 2459 2883 μεγάλη
2491 2819 2505 2835 ⁶
2552 2802 2632 2860 διὸ
2660 2807 2756 2905 ρῦκ
2784 2817 2930 2880 εῖπε,
2981 2801 3314 2880 Ψευδόμεθα,
3361 2800 3480 2859 ἀλλ’
3546 2826 3573 2857 ι
3636 2800 3883 2865 Ἑαυτοὺς

526 2898 918 2995 etmaximum
947 2920 961 2965 :
988 2902 1122 2965 ideo
1153 2922 1269 2965 non
1298 2904 1467 2977 dixit,
1491 2907 1939 2983 Mentimur,sed
1969 2927 1982 2972 :
2016 2890 2162 2970 «Nos

2248 2893 2558 2969 ἀπαιτῶμεν.
2593 2917 2622 2949 ι
2660 2890 2790 2951 "Ott
2831 2895 2867 2962 ἡ
2909 2890 3086 2959 πλάνη
3131 2894 3282 2957 εκτὸς
3314 2896 3410 2959 τῆς
3446 2890 3692 2959 ἀληθείας
3724 2891 3882 2953 ἐστίν.

524 2986 687 3067 ipsos
709 2988 991 3065 fallimus,
1024 2999 1082 3054 et
1130 2993 1344 3056 veritas
1375 2994 1431 3056 in
1466 2996 1637 3057 nobis
1667 3016 1782 3058 non
1815 2979 1924 3067 est,
1966 3021 1989 3055 ι
2029 2998 2162 3079 quia

2250 2982 2309 3038 Εἰ
2364 2979 2418 3036 δὲ
2488 2980 2788 3061 ἐπιγνῶμεν
2842 2983 2941 3049 τὴν
2998 2982 3256 3079 ἁμαρτίαν
3309 2982 3398 3037 καὶ
3452 2979 3884 3079 ὁμολογήσομεν,

526 3093 696 3136 error
747 3087 909 3140 extra
973 3081 1275 3144 veritatem
1350 3094 1461 3149 est.
1541 3085 1602 3148 Si
1662 3104 1796 3148 vero
1857 3067 2162 3168 peccatum

2248 3070 2441 3150 ἀφήσει
2508 3073 2666 3148 ἡμῖν.
2728 3078 2808 3149 Τῇ
2859 3072 3130 3139 καινότητι
3197 3068 3405 3168 8%.‘1306
3472 3067 3633 3168 λόγου
3706 3068 3887 3168 ἑλεανε

518 3182 915 3242 agnoscamus
944 3179 1003 3231 et
1026 3172 1436 3247 confiteamur,
1470 3174 1731 3237 remittet
1759 3174 1954 3237 nobis.
1986 3178 2166 3239 Com-

522 3251 879 3317 municando
902 3266 1099 3321 autem
1129 3261 1189 3323 in
1220 3280 1497 3326 sermone
1524 3284 1653 3325 cum
1686 3263 2167 3353 aliis,auste£i_t_a_-_

521 3347 1177 3495 gerat-reprehensionis
1209 3351 1536 3433 plurimum
1552 3353 1720 3433 mitig
1763 3354 1901 3435 avit,
1932 3344 2159 3416 ᾶίἷῖιῖἓῖ

566 3450 584 3491 ι
657 3451 965 3495 ixerimus.

566 3450 584 3491 ι
615 3450 965 3500 αιιθνιιῐιιιε.

601 3509 650 3604 Ι,
681 3515 854 3579 8-16.
890 3517 961 3581 Si
985 3519 1680 3593 dixerimus.Peccatum
1699 3542 1821 3588 non
1852 3527 2155 3604 Imbemus,

519 3599 661 3662 ὅθι
689 3606 962 3685 nosipsos
1006 3608 1307 3686 fallimus,
1368 3619 1424 3675 et
1470 3615 1696 3677 veritas
1746 3617 1811 3678 in
1842 3618 2011 3681 nobis
2037 3599 2163 3683 non

512 3699 618 3786 est.
649 3692 724 3755 Si
751 3695 1148 3773 conﬁteamur
1182 3708 1428 3780 peccata
1474 3711 1708 3778 nostra,
1746 3705 1944 3786 ﬁdelis
1990 3717 2075 3771 est
2106 3718 2163 3773 et

439 3823 442 3826 ~
502 3783 734 3872 jftstm,
771 3791 842 3845 ιιι
870 3791 1139 3849 remittat
1169 3789 1341 3853 nobis
1360 3800 1599 3872 peccata
1627 3783 1917 3865 nostra.et
1946 3815 2158 3859 cmun-

518 3870 613 3931 det
642 3887 748 3932 nos
777 3873 854 3933 ab
911 3874 1075 3937 omni
1133 3870 1477 3959 iniquitate.
1537 3884 1611 3945 Si.
1640 3884 1977 3947 dixerimus
2009 3885 2165 3964 quod

519 3975 645 4020 non
674 3964 1072 4051 peccavimus,
1104 3968 1735 4051 mendacemj/acimus
1762 3991 1923 4048 eum,
1956 3983 2011 4035 et
2029 3991 2162 4036 ser-

516 4065 613 4109 mo
639 4050 768 4125 ejus
798 4067 926 4111 non
955 4060 1042 4114 est
1070 4055 1138 4116 in
1165 4055 1356 4120 nobis.

610 4155 639 4195 ι
671 4134 733 4230 Si
761 4138 1150 4230 conﬁteamur
1176 4155 1435 4223 peccata.
1473 4173 1493 4205 ι
1528 4149 1762 4230 Repetit
1795 4168 2163 4226 sermonem,

519 4224 925 4320 abundantius
967 4240 1287 4320 eo‘utens,
1352 4245 1411 4297 ut
1476 4224 1808 4320 frequentia
1868 4224 2167 4320 productae

2247 3161 2308 3216 τὸ
2363 3158 2498 3238 ἄγαν
2539 3162 2798 3240 αὐστηρὸν
2849 3171 2942 3220 τοῦ
3005 3158 3233 3240 ἐλέγχου
3288 3156 3481 3235 λέγων,
3540 3157 3666 3216 Ἐὰν
3723 3157 3887 3214 εἴπω-

2248 3269 2376 3325 μιν.

2334 3539 2353 3570 ι
2398 3513 2521 3573 Ἐὰν
2549 3513 2814 3595 εἴπωμεν,
2877 3507 3160 3593 Ἀμαρτίαν
3217 3514 3313 3571 οῦκ
3363 3512 3586 3596 ἔχομεν,
3644 3513 3882 3591 ἑαυτοὺς,

2245 3601 2552 3681 πλανῶμεν,
2611 3607 2701 3661 καὶ
2783 3604 3001 3675 ἀλήθεια
3077 3603 3135 3661 οῦ
3218 3602 3362 3661 ἔστιν
3412 3604 3466 3658 ἐν
3533 3605 3691 3678 ἡμῖν.
3764 3599 3886 3658 Ἐἀν

2244 3691 2593 3770 ὁμολογῶμεν
2621 3695 2715 3757 τὰς
2737 3695 2993 3774 ἁμαρτίας
3012 3694 3189 3769 ἡμῶν,
3214 3694 3400 3757 πιστός
3423 3692 3534 3748 ἐστι
3554 3695 3642 3748 καὶ
3661 3689 3883 3769 δίκαιος,

2243 3781 2336 3838 ’ἕνα
2364 3783 2474 3862 ἀφῇ
2515 3785 2627 3863 ἡφῆ
2656 3784 2790 3858 ἡμῖν
2841 3784 2934 3847 τὰς
2992 3782 3273 3862 ἁμαρτίας,
3323 3782 3411 3838 καὶ
3460 3780 3715 3860 καθαρίσῃ
3744 3781 3886 3855 ἡμᾶς

2245 3870 2352 3928 ἀπὸ
2381 3872 2559 3939 πάσης
2588 3869 2813 3934 ἀδικίας.
2851 3869 2976 3928 Ἐὰν
3019 3869 3283 3951 εἴπωμεν,
3339 3869 3420 3927 ὅτι
3451 3869 3545 3926 οῦκ
3572 3870 3885 3948 ἡμαρτήκα-

2246 3981 2365 4034 μεν,
2400 3960 2633 4036 ψεύστην
2660 3970 2911 4037 ποιοῦμεν
2941 3962 3096 4019 αὗτὸν
3143 3961 3170 4015 ὁ
3221 3958 3381 4038 λόγος
3439 3959 3597 4018 αὐτοῦ
3625 3957 3721 4015 οῦκ
3746 3956 3885 4013 ἔστιν

2248 4050 2301 4107 ἐν
2330 4051 2489 4127 ἡμῖν.
2532 4072 2559 4105 ι

2333 4163 2361 4195 α
2395 4138 2521 4197 Ἐὰν
2568 4135 2918 4217 ὁμολογῶμεν
2975 4138 3068 4202 τὰς
3111 4137 3390 4218 ἁμαρτίας.
3450 4160 3472 4194 ι
3536 4134 3886 4212 Ἐπαναλαμ-

2247 4229 2393 4287 ϐάνει
2439 4230 2530 4285 τὸν
2581 4226 2742 4306 λόγον
2798 4225 3198 4307 φιλοτιμότερον
3240 4227 3546 4307 χρώμενος,
3605 4229 3679 4291 ὡς
3710 4227 3771 4282 ἂν
3811 4233 3889 4300 τῷ

524 4314 959 4406 redargutionis
976 4331 1031 4379 et
1057 4318 1220 4401 ipsos
1236 4326 1458 4403 peccati
1473 4314 1884 4406 magnitudine
1898 4335 2162 4390 coerceat

2250 4317 2529 4397 κατακόρῳ
2584 4322 2681 4382 τῆς
2736 4324 2829 4372 τοῦ
2899 4314 3128 4396 ἐλέγχου
3199 4337 3546 4396 προαγωγης,
3608 4316 3787 4380 αὐτούς
3828 4336 3888 4371 τε

522 4413 581 4464 et
603 4405 673 4465 ad
698 4405 1135 4471 confessionem
1159 4410 1383 4477 invitet.
1401 4405 1692 4488 Quantum
1715 4423 1910 4479 autem
1938 4415 2156 4479 bonum

518 4513 551 4556 τι
572 4496 948 4587 confessione
977 4498 1222 4575 oriatur,
1247 4501 1601 4583 signiﬁcavit
1630 4506 1730 4587 qui
1761 4505 1907 4568 dixit
1936 4526 1954 4567 :
1994 4527 2022 4566 ‹
2054 4505 2161 4568 Dic

520 4593 576 4645 tu
623 4585 877 4666 primum
930 4597 1175 4668 peccata
1235 4598 1352 4669 tua,
1410 4606 1474 4655 ut
1511 4585 1861 4675 justificeris
1890 4594 1936 4636 ⁵¹
1980 4621 1997 4650 ο
2036 4594 2161 4657 Hoc

519 4682 717 4739 autem
739 4676 920 4740 moris
936 4677 1111 4740 etiam
1135 4679 1246 4743 fuit
1284 4683 1635 4764 praeceptori
1652 4685 1828 4764 hujus
1848 4683 2048 4746 dilecti
2065 4683 2160 4744 di-

520 4764 829 4844 scipuli,ut
849 4767 1055 4828 eadem
1080 4767 1448 4850 frequentius
1466 4771 2162 4853 repeteret,moderatius

520 4855 1029 4935 primum,deinde
1061 4858 1612 4937 perfectius,volens
1645 4860 2162 4924 efﬁcaciorem‘di-

520 4951 748 5005 ctorum
779 4945 1019 5008 efﬁcere
1051 4946 1472 5026 cognitionem,
1524 4967 1591 5010 ac
1623 4949 1868 5011 studens
1896 4949 2160 5028 ipsorum

520 5030 783 5094 habitum
806 5034 1176 5097 auditoribus
1200 5035 1485 5098 inserere.
1520 5037 1816 5100 «Fidelem
1848 5056 1985 5099 vero
2016 5037 2164 5098 dixit

522 5115 767 5175 Deum.»
799 5114 923 5177 Hoc
952 5122 1043 5177 est
1092 5134 1385 5180 veracem.
1454 5121 1644 5183 Πιστὸς
1677 5136 1955 5199 namque,
1992 5117 2045 5177 id
2072 5123 2165 5181 est

514 5200 957 5277 fidelis,dicitur
975 5222 1091 5265 non
1115 5203 1304 5265 solum
1329 5203 1421 5266 de'
1451 5222 1526 5267 eo
1547 5206 1642 5267 cui
1663 5205 1886 5288 aliquid
1909 5223 2162 5267 concre-

519 5289 705 5352 ditum
733 5300 844 5373 est,
878 5293 1262 5355 verumetiam
1296 5293 1370 5354 de
1417 5312 1486 5356 eo
1517 5295 1615 5376 qui
1649 5296 1708 5356 in
1735 5313 1824 5356 ve:
1844 5295 1986 5356 itate
2016 5312 2162 5357 con-

518 5379 784 5442 firmatus
833 5389 944 5458 est,
978 5382 1080 5463 qui
1112 5401 1180 5444 ex
1247 5401 1354 5445 suo
1384 5383 1580 5446 veraci
1612 5403 1775 5446 more
1807 5383 1985 5445 habet
2013 5383 2163 5446 alios

514 5485 755 5550 quoque
807 5469 983 5552 hujus
1015 5471 1330 5553 participes
1379 5472 1640 5535 efﬁcere.
1702 5472 1918 5534 Fidelis
1969 5473 2164 5555 itaque

596 5637 659 5688 ⁸⁸
687 5637 857 5702 Joan.
893 5655 973 5703 Ix.
1008 5641 1108 5704 34.

1198 5640 1260 5691 49
1291 5642 1405 5703 lsa.
1439 5656 1566 5720 Lm,
1601 5642 1699 5701 1‘2.
1786 5641 1849 5691 50
1878 5640 2087 5705 Matth.
2119 5656 2308 5722 xxv",
2339 5639 2442 5704 ‘24.

2242 4407 2505 4481 ἐπιστήσῃ
2588 4411 2663 4479 τῷ
2734 4412 2826 4462 τοῦ
2908 4403 3244 4482 ἐγκλήματος
3315 4405 3546 4483 μεγέθει,
3635 4404 3722 4460 καὶ
3802 4403 3887 4460 ἐπὶ

2241 4495 2529 4577 ὁμολογίαν
2557 4492 2926 4571 παρακαλέσῃ.
2976 4483 3146 4551 ’Ὅσον
3204 4491 3258 4549 δὲ
3316 4497 3377 4549 τὸ
3408 4493 3513 4550 ἀπὸ
3551 4498 3650 4561 τῆς
3682 4491 3886 4568 ὁμολο-

2240 4589 2358 4667 γίας
2419 4585 2650 4640 τίκτεται
2710 4582 2927 4662 ἀγαθὸν,
2975 4579 3240 4652 ἐδήλωσεν
3291 4582 3452 4639 εἰπών
3486 4601 3502 4617 '
3563 4606 3591 4637 ι
3654 4582 3787 4660 Λέγε
3826 4583 3887 4637 σὺ

2242 4681 2448 4757 πρῶτος
2506 4673 2599 4736 τὰς
2657 4671 2914 4750 ἁμαρτίας
2962 4693 3076 4741 σου,
3152 4670 3244 4726 ἵνα
3301 4668 3608 4747 δικαιωθῇς.
3645 4694 3673 4726 ιι
3726 4680 3890 4731 Τοῦτο

2243 4763 2298 4821 δὲ
2340 4764 2427 4820 καὶ
2482 4760 2596 4824 ἔθος
2657 4762 2718 4816 τὸ
2776 4767 2867 4816 τοῦ
2922 4761 3178 4839 παρόντος
3243 4759 3591 4837 ἠγαπημένον
3656 4764 3890 4836 μαθητοῦ

2242 4849 2557 4926 διδασκάλῳ,
2612 4850 2680 4906 τὰ
2755 4848 2887 4906 αὐτὰ
2941 4847 3200 4912 πολλάκις
3253 4848 3594 4931 ἀνακυκλεῖν,
3653 4849 3889 4928 μετριώ-

2243 4964 2393 5021 τερον
2500 4945 2736 5017 πρῶτον,
2842 4938 2965 4995 εἶτα
3066 4937 3407 5019 τελεώτερον,
3510 4938 3888 5019 ἐναργεστέραν

2244 5040 2343 5099 την
2400 5034 2592 5108 γνῶσιν
2650 5032 2755 5083 τῶν
2811 5025 3114 5105 λεγομένων
3169 5041 3347 5085 ποιεῖν
3400 5027 3726 5108 βουλομένῳ,
3800 5030 3891 5083 καὶ

2245 5117 2349 5185 ἕξιν
2419 5118 2591 5174 αὐτῶν
2649 5128 2766 5179 τοῖς
2838 5116 3130 5194 ἀκροαταῖς
3216 5116 3505 5192 ἐμποιῆσαι
3590 5116 3886 5178 σπεύδοντι.

2251 5230 2279 5262 α
2342 5207 2533 5262 Πιστὸν
2590 5201 2645 5259 δὲ
2708 5208 2796 5261 τὸν
2856 5205 3007 5277 Θεὸν,
3060 5226 3087 5259 ιι
3148 5204 3262 5261 ἀντὶ
3316 5215 3408 5265 τοῦ
3448 5204 3622 5273 ἀληθῆ
3679 5206 3886 5282 εἴρηκε.

2247 5297 2438 5358 Πιστὸς
2489 5294 2589 5371 γὰρ
2649 5293 2709 5350 οὒ
2761 5292 2921 5369 μόνον
2977 5292 3063 5349 ἐπὶ
3112 5303 3205 5353 τοῦ
3254 5296 3696 5376 πεπιστευμένου,
3752 5293 3890 5351 ἀλλά

2244 5386 2331 5440 καὶ
2365 5382 2450 5439 ἐπὶ
2478 5389 2572 5438 τοῦ
2629 5391 2950 5441 πιστωτικοῦ
3007 5379 3241 5461 εἴρηται,
3299 5384 3355 5448 ὃς
3411 5384 3517 5441 ἀπὸ
3559 5393 3654 5442 τοῦ
3707 5387 3890 5442 ἑαυτοῦ

2245 5471 2474 5540 ἀληθοῦς
2503 5471 2697 5551 τρόπου
2720 5471 2838 5551 ἔχει
2870 5472 2957 5527 καὶ
2998 5473 3060 5528 τὸ
3116 5485 3236 5535 τοῖς
3294 5471 3473 5538 ἄλλοις
3503 5477 3687 5533 τούτου
3717 5495 3888 5550 μετα-

2527 5639 2579 5690 ὃί
2614 5636 2727 5702 lsa.
2760 5654 2925 5716 mu,
2960 5638 3062 5703 26.
