4192 6212
475 373 581 437 631
1596 367 1996 432 QECUMENII
2043 363 2337 428 TRIGlLE
2384 365 2718 426 EPISCOPI
2800 447 2810 456 .
3740 356 3856 422 632

477 513 749 568 testatem
777 505 1126 568 remittendi
1187 512 1426 585 peccata
1485 501 1827 564 ostenderat
1859 501 1918 562 in
1950 521 2115 583 para-

2211 505 2478 576 μαθηταῖς
2539 509 2694 560 τοῦτο
2749 498 2867 566 δοὺς
2901 503 2964 558 τὸ
3019 500 3224 580 ἀφιέναι
3267 500 3522 577 ἁμαρτίας
3577 496 3853 577 ἐνέφηνεν,

477 595 650 676 lytico
668 593 865 658 56.sed
892 602 950 656 et
969 593 1278 674 discipulis
1300 591 1495 653 dando
1515 599 1578 652 ut
1599 593 2118 671 peccalaremitte-

474 692 632 764 rent,
658 683 913 745 ostendit
945 682 1100 763 quod
1128 700 1233 742 sua
1265 689 1556 759 potestate
1578 679 1689 741 hoc
1720 679 2006 742 tribueret
2032 682 2116 743 57.

475 773 698 836 Verum
720 781 784 834 ut
803 771 1059 833 diximus
1083 779 1180 831 aut
1201 769 1634 850 dispensatorie
1654 769 1767 830 hoc
1796 769 1938 832 dicit
1967 789 2122 832 nunc

474 860 816 943 Apostolus,
850 868 949 922 aut
981 859 1303 921 ostendens
1332 857 1603 920 eamdem
1635 856 1767 919 Filii
1789 876 1922 918 cum
1953 860 2123 920 Patre

474 959 742 1012 naturam
774 949 1164 1028 eamdemque
1197 947 1541 1028 potentiam,
1571 954 1628 1007 et
1656 945 1808 1026 quod
1836 947 2122 1027 quidquid

473 1040 693 1101 faceret
749 1056 863 1099 una
927 1037 1104 1100 trium
1159 1043 1496 1098 sanctarum
1541 1037 2124 1115 personarum,56(l

475 1145 791 1191 commune
815 1135 974 1189 esset
994 1135 1051 1187 et
1070 1125 1339 1202 reliquis.
1379 1150 1405 1179 α
1436 1123 1504 1184 Et
1536 1142 1641 1204 per
1667 1125 1777 1184 hoc
1809 1127 2124 1203 cognosci-

475 1236 625 1278 mus.
641 1215 822 1278 »Cum
846 1216 905 1275 in
924 1213 1335 1296 superioribus
1353 1212 1592 1274 dixisset
1611 1230 1712 1272 eos
1733 1213 1830 1292 qui
1854 1213 1911 1273 in
1927 1213 2124 1276 Domi—

475 1325 615 1367 num
650 1304 1033 1368 crediderunt
1069 1303 1414 1364 societatem
1449 1299 1668 1362 habere
1697 1304 1771 1363 ad
1804 1301 2020 1383 ipsum,
2054 1324 2122 1365 ea

2203 592 2276 653 ὡς
2321 589 2717 654 αὖτοδεσπότως
2760 597 2914 648 τοῦτο
2956 590 3208 669 παρέχει.
3283 584 3432 644 Ἀλλ’
3491 589 3563 650 ὼς
3623 585 3851 666 ἔφημεν,

2202 679 2237 747 ἢ
2300 681 2648 755 οἰκονομικῶς
2705 686 2862 736 τοῦτο
2931 686 3018 735 νῦν
3090 681 3117 734 6
3176 674 3500 741 Ἀπόστολός
3552 697 3735 754 φησιν,
3810 674 3846 741 ἢ

2203 775 2471 848 παριστῶν
2500 771 2560 826 τὸ
2602 771 2732 848 πρὸς
2770 771 2862 825 τὸν
2905 769 3110 848 Πατέρα
3162 775 3254 824 τοῦ
3299 769 3420 826 ι’ίοῦ
3493 765 3723 846 ὁμοφυές
3790 785 3849 820 τε

2205 859 2291 915 καὶ
2322 856 2677 938 ὁμοδύναμον,
2734 859 2823 914 καὶ
2881 857 2961 914 ὅτι
3020 859 3047 914 ὃ
3079 857 3140 914 ἂν
3199 862 3328 932 ποιῇ
3385 858 3446 912 τὸ
3476 855 3531 912 ὲυ
3559 860 3664 910 τῶν
3694 859 3850 931 τριῶν

2205 947 2525 1024 ἁγιαστικῶν
2589 949 2949 1021 ὑποστάσεων,
3033 947 3206 1004 κοινόν
3261 945 3372 1001 ἐστι
3422 943 3657 1000 καὶτῶν
3726 941 3847 999 λοι-

2205 1035 2342 1096 πῶν,
2383 1059 2410 1091 ιι
2462 1037 2556 1093 Καὶ
2588 1035 2639 1092 ἐν
2698 1037 2866 1110 τούτῳ
2921 1036 3274 1114 γινώσκομεν.
3326 1056 3350 1089 ι
3407 1034 3643 1113 Εἶρηκὼς
3700 1031 3847 1087 ἀνω-

2204 1123 2338 1202 τέρω
2397 1126 2516 1187 τοὺς
2561 1127 2634 1190 εἷς
2692 1127 2782 1181 τὸν
2841 1125 3026 1204 Κύριον
3087 1122 3502 1186 πεπιστευκότας
3574 1120 3848 1179 κοινωνίαν

2207 1212 2353 1293 ἔχειν
2424 1216 2555 1293 πρὸς
2630 1213 2807 1287 αὐτὸν,
2894 1216 3210 1289 πιστωτικὰ,
3270 1218 3366 1279 τῆς
3419 1211 3689 1273 κοινωνίας
3747 1211 3846 1276 τῆς

2205 1304 2334 1380 πρὸς
2404 1304 2559 1359 αὐτὸν
2617 1305 2951 1382 παρατίθεται
3007 1310 3116 1376 νῦν,
3187 1304 3276 1360 καί
3346 1322 3531 1380 φησιν,
3593 1297 3673 1354 ὅτι
3747 1300 3848 1356 Καὶ

475 1413 633 1456 nunc
665 1392 940 1474 proponit
979 1410 1110 1473 qua;
1153 1393 1496 1454 societatem
1531 1407 1668 1468 erga
1701 1377 1864 1451 illum
1897 1377 2114 1454 confir-

2203 1377 2256 1446 ἐν
2302 1392 2470 1465 τούτῳ
2523 1377 2876 1470 γινώσκομεν,
2935 1391 3018 1448 ὅτι
3075 1377 3379 1472 ἐγνώκαμεν
3437 1389 3615 1450 αῦτόν.
3678 1377 3845 1450 ’Ἐθος

476 1489 724 1556 mant,et
745 1482 856 1542 ait:
884 1481 952 1542 Et
971 1499 1077 1562 per
1096 1481 1210 1542 hoc
1233 1478 1645 1558 cognoscimus
1665 1480 1820 1559 quod
1846 1499 1978 1540 eum
2003 1499 2115 1544 no-

2200 1480 2298 1557 γάρ
2396 1487 2474 1554 τῷ
2558 1481 2800 1557 μακαρίῳ
2882 1482 3051 1553 τούτῳ
3120 1478 3260 1558 ἀνδρὶ
3331 1490 3452 1540 ταῖς
3523 1475 3846 1550 ὁμωνυμίαις

477 1569 927 1634 verimus.Solet
949 1571 1046 1631 hic
1067 1569 1308 1631 divinus
1339 1567 1740 1649 vigsimilibus
1760 1569 2115 1635 dictionibus

2203 1573 2430 1648 χρῆσθαι
2491 1572 2627 1626 κατὰ
2681 1573 2892 1644 ταυτὸν,
2949 1571 3126 1650 ὥσπερ
3196 1571 3284 1626 καὶ
3327 1568 3381 1624 ἐν
3422 1573 3523 1640 τῷ,
3585 1585 3610 1621 ι
3674 1563 3727 1618 ὲν
3767 1569 3848 1636 τῷ

478 1659 690 1722 eodem
715 1659 890 1721 modo
916 1659 1260 1739 frequenter
1275 1658 1356 1718 uti
1380 1679 1393 1718 :
1421 1657 1916 1737 quemadmodum
1943 1660 2115 1721 etiam

2202 1657 2389 1732 κόσμῳ
2430 1659 2518 1729 ἧν,
2567 1660 2654 1715 καὶ
2713 1661 2741 1714 6
2782 1659 2981 1734 κόσμος
3039 1656 3105 1713 δι’
3167 1659 3320 1714 αὐτοῦ
3380 1654 3609 1733 ἐγένετο,
3672 1654 3758 1708 καὶ
3816 1653 3845 1705 6

477 1750 615 1841 dum
649 1749 727 1811 ait
763 1771 774 1808 :
817 1775 838 1802 «ι
866 1747 931 1809 In
965 1747 1183 1841 mundo
1231 1754 1375 1820 erat,
1412 1752 1472 1808 et
1501 1745 1758 1806 mundus
1788 1765 1895 1841 per
1925 1748 2115 1828 ipsum

2203 1746 2403 1820 κόσμος
2437 1747 2592 1803 αὐτὸν
2623 1749 2715 1804 οῦκ
2742 1746 2896 1826 ἔγνω,
2939 1770 2961 1804 ι
3027 1746 3204 1811 Οὕτως
3261 1745 3349 1800 οῦν
3396 1745 3483 1800 καὶ
3512 1752 3599 1800 νῦν
3641 1745 3843 1820 χρῆται

2335 1823 2370 1841 Ἰ
2625 1838 2632 1841 .
2686 1833 2721 1841 Α.
2819 1835 2842 1841 -.
3001 1835 3014 1841 -
3113 1836 3122 1841 .
3394 1835 3408 1841 Α
3451 1834 3463 1841 ι
3599 1831 3612 1841 ε
3686 1831 3698 1841 ι
3817 1837 3840 1841 --

473 1838 666 1900 factus
691 1844 801 1911 est,
861 1844 917 1897 et
949 1836 1206 1896 mundus
1239 1853 1372 1896 eum
1408 1852 1523 1894 non
1557 1823 1827 1912 cognovit
1852 1823 2000 1896 ὅθί.
2035 1836 2115 1898 Ita

2203 1842 2300 1909 τῷ,
2335 1823 2546 1913 Ἔγνω.
2579 1838 2650 1893 Τὸ
2681 1833 2759 1909 δὲ,
2819 1835 2940 1894 ’Ότι
2999 1835 3303 1912 ἐγνώκαμεν
3355 1834 3533 1903 αὐτὸν,
3591 1831 3702 1886 ἀντὶ
3754 1837 3847 1885 τοῦ

475 1945 615 2006 ergo
647 1934 704 1986 et
737 1944 894 1986 nunc
921 1925 1108 1986 utitur
1147 1923 1326 1984 verbo
1360 1927 1755 2002 Cognoscere.
1792 1923 1954 1996 Quod
1983 1945 2115 1987 eum

2205 1922 2286 1980 ὅτι
2343 1924 2796 2003 συνανεκρέθημεν
2852 1927 2993 2000 αῦτῷ
3061 1925 3114 1980 ἐν
3187 1924 3358 1995 τούτῳ
3412 1920 3732 1993 ἐπιστάμεθα
3789 1916 3845 1972 ἐν

476 2014 839 2089 noverimus,
874 2014 987 2075 hoc
1019 2021 1128 2085 est,
1190 2013 1346 2093 quod
1405 2030 1521 2072 una
1550 2031 1681 2072 cum
1730 2030 1799 2073 eo
1830 2014 2123 2075 commisti

477 2104 682 2166 simus.
699 2121 766 2164 ex
790 2104 900 2164 hoc
921 2102 1333 2181 cognoscimus
1358 2100 1406 2162 si
1429 2109 1722 2181 praecepla
1745 2101 1906 2162 illius
1920 2102 2125 2164 obser-

475 2211 700 2255 vamus.
729 2193 854 2254 [tuo
879 2189 1169 2269 signiﬁcat
1213 2188 1456 2250 verbum
1491 2191 1787 2267 γινώσκειν,
1817 2189 1876 2250 id
1899 2201 1986 2252 est
2009 2211 2115 2253 co-

478 2299 789 2363 gnoscere,
803 2281 1170 2360 potissimum
1186 2279 1339 2359 apud
1356 2277 1974 2358 sacramScripturam,
1986 2291 2123 2362 puta

478 2371 633 2433 scire
658 2369 879 2450 aliquid
916 2389 930 2429 :
965 2367 1462 2448 quemadmodum
1495 2366 1594 2427 ubi
1636 2367 1853 2428 dicitur
1885 2389 1900 2429 :
1942 2395 1965 2423 ιι
2001 2372 2118 2430 Co-

479 2459 652 2538 gnovi
682 2458 836 2539 quod
870 2457 1044 2518 faciet
1065 2455 1660 2534 Dominusjudicium
1694 2475 2013 2536 pauperum
2035 2459 2116 2521 59,

486 2552 776 2610 Praeterea
805 2546 1095 2626 significat
1124 2543 1524 2606 omnimodam
1559 2545 2041 2622 conjunctionem
2069 2557 2126 2610 et

477 2635 985 2699 confirmationem
1011 2653 1150 2713 erga
1171 2633 1451 2714 aliquem,
1488 2650 1618 2712 qua:
1639 2633 1895 2710 cognitio
1914 2637 2120 2716 appel-

477 2727 629 2788 latur
655 2745 668 2786 :
693 2725 845 2787 sicut
866 2743 998 2786 cum
1026 2724 1261 2800 dicitur,
1301 2720 1472 2783 Novit
1503 2720 1791 2782 Dominus
1808 2723 2121 2787 viasinno-

476 2816 737 2880 centium
760 2813 846 2888 ϐο,
881 2822 942 2874 et
970 2813 1122 2873 sicut
1153 2810 1234 2872 ait
1261 2809 1498 2882 Paulus,
1538 2833 1565 2864 ιι
1592 2807 1667 2871 Ut
1701 2829 2124 2889 cognoscamus

474 2906 660 2969 Deum
674 2901 859 2966 veluti
881 2901 1058 2963 etiam
1079 2901 1150 2962 ab
1171 2918 1240 2960 eo
1258 2897 1696 2978 cognitisumus
1707 2897 1760 2946 61
1775 2946 1786 2959 .
1803 2901 2125 2964 uSimiliter

474 3001 676 3056 autem
699 2992 843 3057 etde
861 2991 1156 3052 contrario
1183 2997 1319 3069 puta
1342 2987 1672 3070 ignorantia
1695 2989 2012 3052 dicendum
2035 3002 2120 3054 est

474 3082 630 3164 quod
663 3081 986 3162 dupliciter
1017 3078 1396 3157 intelligatur.
1420 3075 1928 3149 Quemadmodum
1963 3081 2119 3142 enim

474 3171 732 3234 externis
750 3189 983 3252 quoque
997 3167 1383 3249 scriptoribus
1399 3166 1633 3228 videtur
1653 3169 2119 3248 unalesllconlra-

478 3261 704 3322 riorum
739 3259 1013 3322 scientia.
1061 3259 1229 3320 Juxta
1284 3257 1396 3318 hoc
1430 3273 1568 3334 ergo
1597 3257 1972 3334 Cognoscere
2005 3261 2118 3323 hoc

471 3348 606 3411 loco
637 3348 868 3410 duobus
898 3347 1093 3410 modis
1146 3353 1452 3424 acceptum
1503 3352 1612 3409 est.
1648 3346 1950 3426 Siquidem
1981 3369 2116 3412 cum

469 3437 572 3514 ait,
613 3437 760 3500 «Per
787 3439 902 3500 hoc
945 3435 1382 3516 cognoscimus,
1425 3460 1447 3492 υ
1496 3452 1600 3514 pro
1632 3434 1786 3497 scire
1820 3439 2111 3520 sumitur;

471 3546 604 3590 cum
639 3535 833 3589 autem
865 3526 1082 3588 dicitur
1109 3524 1314 3600 ;Quod
1339 3542 1473 3586 eum
1495 3524 1856 3598 noverimus,
1889 3528 2000 3590 hoc
2031 3538 2118 3590 est

469 3617 624 3698 quod
659 3617 908 3679 firmiter
929 3634 1065 3678 cum
1118 3633 1188 3676 eo
1240 3614 1543 3693 conjuncti
1576 3612 1784 3675 simus.
1812 3613 1923 3687 Qui
1954 3617 2112 3678 enim

469 3706 832 3768 consortium
862 3704 1041 3766 habet
1069 3722 1202 3766 cum
1234 3699 1457 3783 aliquo,
1479 3701 1652 3763 etiam
1676 3709 2020 3766 commistus
2049 3723 2116 3768 ac

468 3795 821 3874 conjunctus
850 3801 938 3855 est
971 3793 1056 3854 illi
1088 3793 1147 3854 in
1180 3811 1249 3853 eo
1273 3791 1428 3872 quod
1453 3790 2116 3874 participatJ’ropterea

466 3882 643 3944 etiam
705 3881 1008 3961 subjungit
1053 3880 1354 3958 Praacepta
1411 3879 1541 3958 ejus
1591 3878 1997 3943 observamus.
2034 3882 2112 3943 Ex

467 3971 580 4034 hoc
610 3970 786 4033 etiam
833 3971 1160 4032 solveretur
1207 3968 1353 4029 illud
1384 3988 1398 4028 :
1433 3988 1458 4026 ι
1495 3966 1666 4028 Novit
1698 3967 1985 4032 Dominus
2013 3971 2113 4052 qui

465 4066 603 4120 sunt
625 4059 717 4122 sui
740 4059 861 4134 ϐξ»
903 4069 961 4121 et
983 4058 1127 4120 illud
1156 4077 1172 4119 :
1200 4082 1226 4112 ‹ι
1253 4055 1399 4117 Eum
1424 4058 1521 4137 qui
1548 4074 1662 4116 non
1694 4067 1935 4120 noverat
1969 4079 2111 4139 pec-

465 4155 686 4224 catum,
721 4169 826 4230 pro
859 4147 1031 4209 nobis
1056 4152 1364 4227 peccatum
1400 4144 1624 4206 fecit33
1673 4165 1687 4206 :
1743 4171 1770 4202 ιι
1805 4155 1861 4208 et
1890 4148 1938 4208 si
1971 4149 2110 4229 quid

463 4235 620 4299 aliud
645 4237 799 4318 apud
847 4235 1106 4298 divinam
1149 4233 1516 4314 Scripturam
1549 4233 1624 4295 de
1655 4235 1991 4314 cognitione
2024 4239 2111 4298 vel

461 4327 792 4407 ignorantia
815 4331 1118 4388 tractatur.
1149 4324 1380 4388 Deinde
1405 4343 1439 4385 a
1459 4325 1755 4386 contrario
1775 4325 1928 4388 idem
1962 4346 2112 4390 con-

2206 2019 2282 2087 τῷ
2324 2014 2417 2076 τὰς
2462 2012 2672 2079 ἐντολὰς
2724 2014 2882 2071 16106
2923 2027 3125 2093 τηρεῖν.
3179 2014 3280 2068 Δύο
3340 2013 3438 2090 γὰρ
3494 2011 3846 2084 σημαίνοντος

2211 2100 2440 2177 μάλιστα
2508 2102 2647 2180 παρὰ
2715 2109 2782 2174 τῇ
2851 2102 2959 2174 θείᾳ
3030 2102 3357 2181 Γραφῇτοῦ
3410 2099 3708 2178 γινώσκειν,
3781 2096 3844 2149 τό

2203 2211 2261 2246 τε
2317 2190 2617 2246 ἐπίστασθαί
2659 2214 2729 2264 τι,
2794 2193 2865 2254 ὡς
2910 2191 2964 2247 ἐν
3007 2180 3107 2266 τῷ,
3155 2180 3182 2244 γι
3221 2180 3440 2267 ’Ἐγνων
3495 2186 3574 2242 ὅτι
3629 2185 3842 2253 ποιήσει

2208 2279 2392 2357 Κύριος
2451 2280 2549 2345 τήν
2603 2281 2769 2357 κρίσιν
2841 2287 2946 2336 τῶν
3027 2287 3286 2360 πτωχῶν.
3339 2301 3365 2332 ι
3445 2277 3539 2333 Καὶ
3621 2272 3686 2340 δὴ
3755 2273 3844 2328 καὶ

2203 2373 2303 2434 τῇς
2382 2366 2670 2432 παντελοῦς
2740 2369 2869 2446 πρός
2953 2391 3069 2425 τινα
3140 2367 3500 2447 ἀνακράσεως,
3583 2361 3830 2441 γνώσεως

2206 2454 2524 2532 λεγομένης,
2585 2457 2656 2520 ὡς
2717 2457 2772 2512 ἐν
2814 2459 2911 2532 τῷ,
2974 2458 3224 2514 Γινώσκει
3289 2456 3472 2532 Κύριος
3531 2453 3624 2515 τὰς
3694 2447 3838 2510 ὸδοὺς

2205 2552 2311 2602 τῶν
2395 2544 2655 2621 ἂμώμων,
2727 2550 2814 2602 καὶ
2889 2549 2960 2610 ὡς
3032 2546 3237 2609 Παῦλος
3271 2565 3286 2579 ⁸
3353 2568 3380 2598 ιι
3441 2540 3840 2618 Ἐπιγινώσκειν

2205 2638 2345 2710 ἡμᾶς
2417 2637 2545 2715 φησὶ
2600 2637 2691 2691 τὸν
2753 2639 2905 2718 Θεὸν,
2979 2639 3149 2700 καθὼς
3207 2639 3293 2694 καὶ
3357 2631 3444 2690 ὑπ’
3517 2635 3671 2688 αὐτοῦ
3737 2630 3839 2685 ἐπ-

2207 2725 2532 2802 εγνώσμεθα-
2572 2747 2599 2780 ³
2667 2717 2933 2790 Ὠσαῦτως
2977 2725 3031 2782 δὲ
3088 2728 3174 2783 καὶ
3227 2736 3319 2784 τοῦ
3363 2722 3592 2780 ἐναντίου
3648 2719 3836 2791 τοῦτ-ρ,

2204 2813 2440 2871 τουτέστι
2492 2823 2585 2872 τοῦ
2661 2815 2897 2893 ἀγνοεῖν,
2968 2814 3134 2895 διχῶς
3208 2813 3508 2890 νοουμένο),
3567 2809 3690 2889 (μία
3742 2809 3840 2885 γὰρ

2205 2904 2278 2966 ὡς
2309 2903 2394 2958 καὶ
2434 2915 2551 2966 τοῖς
2582 2901 2680 2968 ἔξω
2731 2901 2900 2978 δοκεῖ,
2948 2904 2984 2972 ἢ
3040 2909 3145 2960 τῶν
3202 2901 3571 2977 ἀντικειμένων
3601 2901 3839 2976 γνῶσιςς)

2203 2992 2340 3048 κατὰ
2407 3001 2560 3050 τοῦτο
2628 2998 2714 3046 νῦν
2770 2994 2855 3048 καὶ
2907 2993 2970 3049 τὸ
3023 2994 3303 3048 Γινώσκειν
3359 2989 3527 3069 διχῶς
3585 2985 3836 3052 εἴληπται

2205 3079 2442 3153 ἐνταῦθα,
2485 3102 2511 3134 α
2546 3081 2617 3138 Τὸ
2661 3081 2759 3155 μὲν
2814 3081 2936 3159 γὰρ,
2990 3103 3013 3137 ιι
3050 3081 3138 3138 Ἐν
3193 3081 3361 3152 τούτῳ
3415 3076 3764 3156 γινώσκομεν,
3805 3096 3827 3130 ι

2202 3167 2338 3222 κατὰ
2366 3168 2426 3222 τὸ
2473 3168 2775 3224 ἐπίστασθαι
2809 3185 2820 3198 '
2867 3171 2929 3226 16
2983 3167 3060 3242 δὲ,
3096 3167 3436 3247 Ἐγνώκαμεν
3493 3165 3669 3235 αῦτὸν,
3704 3163 3837 3219 κατᾶ

2201 3260 2283 3333 τὸ,
2348 3258 2736 3335 Ἀνεκράθημεν
2794 3260 2952 3335 αὒτῷ.
3020 3253 3076 3320 Ὀ
3119 3263 3218 3340 γὰρ
3273 3264 3539 3317 κοινωνῶν
3581 3279 3704 3330 τινι,
3750 3255 3838 3310 καὶ

2201 3347 2550 3427 ἀνακέκραται
2594 3349 2735 3422 αὒτῷ
2790 3352 2918 3406 καθὸ
2973 3363 3241 3408 κοινωνεῖ.
3325 3350 3416 3404 Διὸ
3469 3349 3558 3405 καὶ
3624 3345 3834 3423 ἐπάγει,

2204 3438 2306 3501 Τὰς
2351 3436 2564 3503 ἐντολὰς
2626 3438 2782 3497 αὺτοῦ
2822 3453 2998 3519 τηρεῖ.
3063 3437 3156 3497 Ἐκ
3199 3440 3386 3496 τούτου
3439 3437 3616 3502 λυθείη
3660 3434 3720 3489 ἂν
3749 3434 3836 3488 καὶ

2199 3528 2282 3601 τὸ,
2351 3548 2374 3583 ι
2409 3517 2596 3606 ’Ἔγνω
2656 3530 2836 3607 Κύριος
2892 3531 3011 3593 τοὺς
3073 3528 3224 3592 ὄντας
3282 3531 3438 3585 αὐτοῦ
3471 3542 3486 3558 ⁸
3525 3548 3549 3584 ι
3608 3525 3695 3582 καὶ
3748 3524 3832 3595 τὸ,

2207 3637 2230 3671 α
2279 3621 2378 3674 Τὸν
2429 3616 2546 3696 γάρὶ
2577 3617 2653 3692 μὴ
2709 3618 2900 3695 γνόντα
2958 3619 3235 3698 ἁμαρτίαν,
3279 3617 3408 3697 ὑπὲρ
3447 3618 3604 3691 ἡμῶν
3661 3615 3834 3690 ἀμαρ-

2198 3704 2320 3762 τίαν
2391 3704 2606 3773 ἐποίησε
2640 3727 2652 3738 ⁸
2731 3728 2753 3762 ι
2846 3709 2933 3763 καὶ
2988 3706 3092 3764 εἴτι
3162 3707 3338 3786 ἕτερον
3407 3706 3548 3784 παρά
3603 3710 3671 3779 τῇ
3726 3702 3834 3773 θεὲᾳ

2199 3800 2379 3874 Γραφῇ
2449 3797 2566 3874 περὶ
2647 3797 2708 3852 τὸ
2793 3794 3074 3873 ἐγνωκέναι
3155 3797 3190 3864 ἢ
3265 3797 3479 3874 ἀγνοεῖν
3535 3792 3836 3872 στρέφεται,

2198 3883 2336 3940 Εἶτα
2391 3883 2495 3940 ἀπὸ
2565 3884 2658 3941 τοῦ
2713 3885 2944 3940 ἐναντίου
3023 3893 3178 3942 τοῦτο
3254 3887 3379 3943 αὐτὸ
3432 3881 3834 3956 κατασκευίζει,

2196 3973 2783 4053 περιουσιαστικώτερον
2876 3976 3154 4052 χρώμενος
3241 3981 3308 4050 εῇ
3392 3971 3672 4049 ἀποδείξει,
3746 3968 3834 4024 καί

2197 4084 2356 4140 φησιν
2389 4081 2406 4098 ·
2458 4054 2514 4121 Ὀ
2544 4061 2598 4119 δὲ
2629 4062 2820 4143 λέγων,
2861 4054 3116 4142 ’Ἐγνωκα
3172 4065 3350 4136 αὐτὸν,
3403 4060 3519 4129 ἤτοι
3560 4058 3834 4117 κοινωνίαν

2197 4149 2313 4230 ἔχω
2343 4149 2460 4227 μετ’
2489 4155 2666 4228 αὐτοῦ,
2719 4155 2806 4210 καὶ
2863 4155 2954 4217 τὰς
3013 4152 3224 4215 ἐντολὰς
3285 4152 3438 4212 αὒτοῦ
3493 4151 3570 4226 μὴ
3631 4154 3832 4227 τηρῶν,

2197 4240 2430 4314 ψεύστης
2497 4240 2626 4300 ἐστί.
2684 4247 2802 4306 Πῶς
2860 4244 2959 4322 γὰρ
3019 4243 3134 4299 οἶόν
3191 4263 3248 4297 τε
3303 4242 3389 4297 καὶ
3451 4240 3830 4316 ἀνακεκρᾶσθαι

2266 4330 2280 4357 3
2313 4331 2382 4357 --.ξ
2462 4333 2554 4357 -λ..
2599 4331 2747 4357 ..ἱ-1-.
2782 4350 2795 4357 -
2848 4331 3009 4357 ηὲῌ.--
3047 4333 3096 4357 _\_
3137 4331 3230 4357 .-κη
3265 4343 3439 4357 ----η,.
3469 4329 3558 4357 ..Συ
3590 4327 3759 4357 2..--Ὶ2

2195 4330 2282 4384 καὶ
2312 4331 2413 4403 μὴ,
2461 4333 2554 4386 τὸν
2595 4331 2748 4386 αῦτόν
2782 4350 2797 4410 ;
2848 4331 3014 4409 Εἴπερ
3045 4333 3104 4386 τὸ
3135 4331 3231 4405 μῖν
3264 4343 3440 4385 ποιεῖν
3469 4329 3560 4394 τὰς
3590 4325 3827 4396 ἐντολὰς,

462 4417 680 4496 ﬁrmat,
713 4414 1132 4478 abundantiori
1157 4421 1328 4474 utens
1352 4412 1724 4493 probatione,
1764 4423 1821 4476 et
1842 4416 1926 4476 ait
1959 4435 1972 4479 :
2000 4415 2108 4490 Qui

2200 4416 2291 4484 τὴν
2336 4417 2616 4496 ἀνάκρασιν
2660 4420 2972 4500 ὑποφαίνει·
3033 4421 3094 4476 τὸ
3136 4418 3190 4474 δὲ
3221 4422 3297 4494 μη
3341 4418 3553 4497 τηρεῖν,
3597 4417 3657 4472 τὸ
3717 4438 3831 4488 μη-

463 4505 630 4587 dicit,
663 4504 810 4567 Novi
855 4523 1016 4580 eum,
1049 4503 1172 4564 sive
1201 4502 1548 4563 societatem
1574 4501 1764 4564 habeo
1789 4523 1920 4565 cum
1957 4507 2105 4586 ipso,

465 4602 524 4656 et
551 4602 852 4675 pracepta
883 4594 1012 4674 ejus
1043 4611 1159 4653 non
1186 4590 1486 4666 observat,
1521 4591 1774 4654 mendax
1801 4601 1910 4654 est.
1945 4592 2108 4666 Quo-

463 4683 640 4744 modo
663 4683 822 4744 enim
845 4681 974 4743 fieri
999 4688 1189 4761 potest
1207 4678 1438 4739 utidem
1463 4679 1816 4758 conjunctus
1839 4681 1892 4742 ei
1913 4681 2111 4744 adhae-

459 4790 600 4834 rens
621 4770 918 4846 sit,etnon
938 4771 1252 4832 adhaerens
1274 4767 1304 4826 ?
1327 4767 1498 4831 Certe
1521 4786 1758 4829 servare
1786 4780 2104 4851 praacepla,

457 4860 860 4923 adhaesionem
918 4859 1213 4938 designat,
1245 4875 1362 4918 non
1395 4855 1710 4918 observare
1742 4865 1961 4938 autem,
1998 4879 2108 4921 ue-

457 4969 752 5033 quaquam
782 4967 914 5012 esse
945 4948 1320 5011 familiarem.
1355 4945 1558 5026 Itaque
1581 4947 1681 5028 qui
1713 4947 1873 5008 novit
1893 4949 2105 5022 Deum,

455 5039 634 5103 etiam
688 5038 760 5101 ab
808 5057 877 5099 eo
932 5035 1202 5116 cognitus
1225 5045 1335 5109 est,
1369 5033 1492 5096 sive
1523 5053 1774 5096 consors
1806 5035 1996 5097 factus
2021 5047 2111 5099 est

454 5148 587 5192 cum
615 5130 738 5192 Deo
786 5135 843 5189 et
892 5126 1012 5188 Deo
1038 5124 1347 5204 colligatus
1378 5132 1471 5185 :et
1500 5124 1559 5185 in
1593 5125 1703 5186 hoc
1727 5124 1968 5186 dilectio
2001 5125 2108 5187 Dei

453 5216 837 5299 conspicitur,
901 5232 1008 5296 per
1055 5231 1228 5295 quam
1285 5211 1663 5274 dilectionem
1698 5212 1938 5274 habebit
1965 5232 2104 5293 per-

450 5306 769 5369 fectionem
795 5323 927 5385 quae
970 5313 1056 5365 est
1097 5304 1154 5364 in
1185 5301 1328 5377 Deo,
1362 5301 1498 5362 567
1533 5311 1588 5364 et
1611 5302 2102 5381 hujusjudicium

450 5396 626 5459 faciet
671 5393 1130 5457 familiaritatem
1164 5409 1328 5453 suam
1376 5409 1512 5470 erga
1543 5391 1748 5454 Deum.
1781 5391 1895 5454 Per
1923 5410 2103 5472 opera

449 5503 708 5566 namque
761 5483 1075 5545 exhibetur
1109 5479 1370 5561 perfecta
1407 5481 1672 5542 dilectio.
1706 5483 1925 5543 Verum
1963 5501 2016 5562 qi
2046 5482 2100 5543 ia

2193 4503 2371 4580 δαμῶς
2413 4508 2731 4580 ᾠκειῶσθαι,
2789 4509 2954 4565 ’Ὥστε
3010 4511 3037 4564 6
3088 4509 3332 4587 ἐγνωκὼς
3389 4510 3479 4563 τὸν
3539 4507 3690 4579 Θεὸν,
3746 4506 3833 4560 καὶ

2191 4595 2292 4650 ὑπὸ
2363 4605 2454 4655 τοῦ
2519 4604 2648 4656 Θεοῦ
2702 4597 2979 4677 ἔγνωσται,
3053 4596 3169 4664 ἤτοι
3220 4598 3478 4672 ᾠκείωται
3543 4602 3677 4669 Θεῷ,
3744 4595 3835 4649 καὶ

2191 4683 2502 4751 ἀνείληπται
2550 4687 2648 4742 δπὸ
2719 4693 2869 4748 Θεοῦ.
2931 4688 3024 4744 Καὶ
3081 4687 3134 4743 ἐν
3206 4688 3374 4760 τούτῳ
3422 4687 3456 4752 ἡ
3513 4685 3696 4762 ἀγάπη
3741 4693 3834 4740 106

2195 4780 2326 4830 Θεοῦ
2398 4773 2726 4854 ἓνθεωρεῐται
2762 4792 2775 4804 ⁶
2835 4773 2902 4831 δι’
2955 4777 3022 4841 ἧς
3077 4775 3290 4854 ἀγάπης
3347 4777 3435 4831 καὶ
3489 4776 3550 4830 τὸ
3609 4773 3660 4829 ἑν
3719 4779 3835 4846 Θεῷ

2192 4860 2391 4919 τέλειον
2439 4862 2562 4938 ἕξει,
2614 4866 2702 4920 καὶ
2761 4866 3034 4944 γνώρισμα
3087 4872 3241 4921 τοῦτο
3296 4865 3510 4934 ποιήσει
3555 4868 3651 4929 τῆς
3698 4863 3832 4939 πρὸς

2193 4953 2321 5007 Θεὸν
2376 4953 2688 5010 οἷκειώσεωε
2747 4957 2923 5015 αὐτοῦ.
2990 4955 3086 5010 Διὰ
3138 4955 3236 5032 γὰρ
3287 4956 3392 5008 τεὸν
3450 4953 3616 5032 ἔργων
3659 4951 3694 5017 ἡ
3729 4972 3824 5005 τε-

2191 5039 2304 5096 λεία
2357 5038 2698 5097 διαὸείκηυται
2776 5043 2982 5121 ἀγάπη.
3064 5041 3208 5110 Πλὴν
3285 5040 3466 5108 ἐπειδὴ
3539 5039 3646 5096 ἔστι
3718 5038 3835 5094 τι.νά

2191 5130 2342 5203 ὁρθὰς
2401 5129 2495 5204 μὲν
2567 5133 2652 5186 καὶ
2717 5129 2959 5210 ἀκριϐεῖς
3031 5145 3205 5188 ποιεῖν
3248 5131 3488 5202 ἒντολάς,
3562 5129 3718 5185 αὒτὸν
3777 5125 3832 5182 δὲ

2189 5217 2504 5296 νωθρότερον
2587 5217 2901 5295 διακεῖσθαι,
3006 5220 3135 5300 ὅπερ
3238 5221 3344 5277 ἀπὸ
3445 5227 3576 5277 Θεοῦ
3657 5215 3833 5294 πόῤῥω

2189 5304 2316 5382 ἐστὶ,
2348 5304 2430 5363 διὰ
2455 5329 2606 5364 τουτο
2634 5310 2814 5389 φησὶν,
2851 5307 2930 5364 ὅτι
2991 5311 3019 5365 ὁ
3062 5308 3115 5365 ἐν
3171 5317 3307 5388 Θεῷ,
3341 5307 3684 5384 ᾠκειωμένος
3715 5302 3836 5361 κατ’

2185 5394 2390 5452 ἐκεῖνον
2435 5395 2628 5476 ὀφείλει
2683 5399 2772 5454 καὶ
2802 5399 2956 5464 αὐτὸς
2988 5398 3083 5460 τὰς
3114 5399 3300 5455 ἑαυτοῦ
3330 5399 3542 5477 πορείας
3574 5394 3827 5454 7.111005-

2184 5506 2288 5540 νειν
2320 5492 2408 5541 τοῦ
2439 5486 2572 5562 βίου,

447 5572 737 5653 contingit
764 5580 930 5634 recta
957 5579 1016 5633 et
1051 5580 1256 5634 exacta
1284 5572 1519 5636 tradere
1549 5573 1806 5656 aliquem
1836 5582 2154 5657 praecepta,
2181 5594 2312 5638 cum
2338 5584 2533 5639 tamen
2568 5576 2698 5660 ipse
2735 5579 2976 5659 segnius
3021 5579 3102 5640 sit
3137 5579 3424 5642 aﬂ‘ectus:
3455 5577 3615 5661 quod
3647 5576 3829 5654 longe

525 5741 590 5796 56
616 5740 822 5806 Matth.
854 5757 936 5816 ιι,
971 5739 1010 5801 9
1039 5748 1099 5802 et
1125 5758 1255 5823 seq.
1339 5743 1400 5795 57
1429 5743 1595 5805 Joan.
1628 5760 1728 5818 xx,
1755 5743 1856 5806 23.
1940 5743 2004 5794 58
2032 5745 2115 5806 Jo:

525 5843 581 5888 ir.
617 5839 742 5890 xui.
775 5820 814 5886 6
845 5840 862 5890 ξ
894 5820 1025 5886 Gal.
1059 5838 1139 5890 tv.
1171 5823 1234 5886 9.
1317 5821 1455 5886 6911
1485 5821 1643 5884 Tim.
1680 5839 1746 5890 ιι,
1781 5823 1880 5884 11.
1965 5822 2100 5886 3311

2237 5761 2282 5820 ι,
2327 5745 2422 5809 10.
2508 5746 2572 5798 ⁸9
2599 5745 2756 5810 Psal.
2787 5764 3030 5824 cxxxux,
3073 5749 3125 5812 l.

2200 5842 2267 5888 ll‘.
2297 5843 2358 5890 v.
2389 5827 2489 5890 ει.

2253 5874 2267 5888 ο
2307 5869 2358 5903 V,
2393 5869 2489 5890 ΩΙ.

446 5823 581 5890 Cor.
617 5839 742 5902 xui,
775 5820 814 5886 6
845 5840 862 5904 ;
894 5820 1025 5886 Gal.
1059 5838 1139 5902 ιν,
1171 5820 1234 5886 9'.
1317 5821 1455 5886 6911
1485 5821 1643 5884 Tim.
1680 5839 1746 5898 ιι,
1781 5823 1880 5884 tl.

3211 5748 3275 5800 60
3304 5747 3460 5812 Psal.
3496 5765 3536 5817 ι,
3571 5749 3631 5813 6.
3718 5745 3773 5796 δί
3807 5747 3832 5810 Ι
