4192 6212
437 295 552 356 613
1568 289 1912 352 (ECUMEN
1928 291 1976 350 il
2025 289 2319 353 TRICC.'E
2365 291 2695 356 EPISCOPI
3685 299 3801 362 644

433 431 674 492 dierunt
704 427 762 488 hi
791 425 1144 493 antichristi.
1181 434 1242 486 ut
1264 444 1460 486 sermo
1490 426 1586 486 ﬁat
1605 422 1888 504 apertior.
1921 421 2043 484 «εει

2126 426 2329 498 ιῆμῶν,
2385 450 2409 480 n
2475 427 2742 508 Τουτὲστι,
2790 434 2886 495 τῆς
2954 436 3060 485 τῶν
3117 432 3424 506 σωζομένων
3483 455 3692 510 μοιρας,
3745 435 3801 489 El

433 541 550 582 non
584 527 750 580 erant
780 536 846 578 ex
880 515 1110 576 nobis.»
1139 513 1260 575 Hoc
1292 523 1400 588 est,
1426 512 1500 574 de
1532 522 1686 573 sorte
1721 529 1924 575 eorum
1967 531 2043 594 qu

2154 515 2254 592 γὰρ
2284 522 2435 572 τοῦτο
2504 517 2592 590 ἧν,
2654 518 2788 592 μετά
2843 519 2947 572 τῶν
2990 516 3129 574 ἱδίων
3199 518 3258 575 ἄν
3317 521 3530 596 έμενον,
3588 523 3689 579 Νῦν
3744 520 3798 576 δὲ

431 609 570 672 salvi
606 610 792 668 liunt:
831 623 962 666 nam
997 603 1045 663 si
1075 602 1214 662 inde
1246 602 1517 681 fuissent,
1553 622 1683 662 cum
1719 602 1841 662 suis
1874 601 2043 682 utiqut

2153 605 2304 659 τοῦτο
2347 605 2686 686 πεπόνθασιν,
2743 605 2833 679 ἵνα
2877 611 3239 687 φανερωθῶσι,
3311 609 3569 690 τουτέστι,
3625 610 3794 666 κατᾶ-

431 696 922 780 permnneissent.
959 691 1120 752 Nunc
1169 699 1364 751 autem
1426 691 1536 780 hoc
1569 690 1683 750 illis
1735 690 1977 780 contigit
2006 709 2042 750 u

2153 689 2302 758 δηλοι
2362 693 2636 772 γένωνται,
2725 692 2805 750 ὅτι
2859 695 3032 763 πάντη
3084 689 3562 776 ἀπηλλοτρίωνταιν
3611 699 3792 773 ἡμῶν,

426 779 720 850 manifesti
749 783 983 854 tierent,
1017 781 1128 841 hoc
1159 787 1247 841 est
1269 779 1629 839 utomnibus
1660 797 1862 840 no:um
1895 779 2067 841 lieret

425 877 580 958 quod
599 873 830 954 penitus
854 868 1166 930 abalienati
1191 877 1390 958 es~ent
1407 867 2061 958 an_obirs,etagglu.inati

425 954 518 1027 his
545 963 644 1044 qui
665 959 852 1022 nostri
877 978 989 1018 non
1016 965 1203 1018 erant.
1226 955 1373 1018 Sunt
1403 956 1560 1017 enim
1587 957 1740 1018 inter
1764 959 1920 1035 ipsos
1941 954 2067 1036 qui-

422 1055 556 1116 dam
584 1051 682 1133 qui
707 1070 776 1113 ex
809 1047 978 1110 nobis
1029 1066 1331 1126 nunquam
1361 1046 1612 1119 fuerunt,
1649 1046 1864 1125 quibus
1894 1046 2063 1106 vide-

422 1142 557 1203 licet
618 1143 846 1220 seipsos
903 1137 1343 1216 conjumerunt
1373 1134 1474 1214 qui
1506 1153 1576 1196 ex
1615 1134 1786 1194 nobis
1839 1134 2060 1213 egressi

419 1241 578 1294 sunt.
616 1231 860 1309 Propter
888 1247 1059 1308 quos,
1096 1225 1310 1306 inquit,
1345 1225 1505 1286 dixi:
1548 1251 1572 1279 ιι
1605 1223 1730 1285 Νοιι
1777 1234 2058 1284 suntom-

420 1340 526 1382 nes
557 1340 627 1383 ex
649 1318 940 1380 nobis.»A
966 1315 1136 1377 nobis
1157 1313 1778 1394 enim,qui,domostici
1804 1333 1870 1374 ac
1899 1313 2061 1374 fami-

417 1409 591 1470 liares
622 1425 879 1478 eramus,
911 1405 1008 1465 alii
1041 1403 1438 1476 adhazserunt,
1489 1402 1589 1482 qui
1621 1421 1653 1462 a
1685 1400 1857 1462 nobis
1893 1411 2061 1462 erant

415 1497 616 1559 alieni:
635 1495 923 1573 eligente=
949 1493 1139 1572 potius
1164 1492 1533 1553 ethnicorum
1569 1490 2056 1569 morelintempe-

416 1595 618 1646 ranter
647 1584 866 1654 vivere,
892 1600 1064 1662 quam
1095 1579 1823 1658 nobiscum'temperanter
1855 1589 1910 1640 et
1941 1580 2054 1639 ho-

2148 783 2233 837 καὶ
2259 783 2392 855 μετά
2452 788 2556 837 τῶν
2611 786 2714 862 οὐχ
2785 783 3057 859 ἡμετέρων
3113 785 3636 864 προσεκολλήθησαν,
3688 789 3795 848 Εἰσὶ

2146 871 2246 948 γάρ
2287 892 2425 935 τινες
2458 871 2511 927 ἐν
2569 872 2794 951 τούτοις,
2857 875 2944 930 καὶ
3015 875 3109 931 οὒκ
3150 873 3202 940 ἐξ
3256 876 3409 949 ἡμῶν
3464 876 3632 947 ὄντες,
3701 880 3786 938 οἷς

2146 956 2348 1027 δηλαδὴ
2403 963 2644 1035 συνῆψαν
2690 961 2901 1028 ἑαυτοὺς
2944 965 2990 1018 οἱ
3034 960 3087 1028 ἕξ
3141 965 3294 1038 ἡμῶν
3349 963 3661 1030 ἐξελθόντες.
3713 963 3790 1021 Δι’

2146 1050 2257 1120 οῦς,
2304 1051 2482 1128 φησὶν,
2547 1047 2738 1128 εἴρηκα
2801 1051 2889 1106 καὶ
2938 1052 3020 1124 τὸ,
3100 1071 3124 1106 ι
3175 1051 3279 1109 Οῦκ
3329 1053 3424 1108 εἶσὶ
3480 1053 3670 1118 πάντες
3741 1053 3789 1120 ἐξ

2143 1137 2320 1210 ἡμῶν,
2357 1160 2382 1192 ι
2421 1128 2602 1212 Ἠμιῦν
2659 1140 2756 1217 γὰρ
2788 1137 3193 1217 ,ἀποῤῥαγέντες
3252 1147 3358 1196 τῶν
3405 1143 3630 1216 οἰκείων,
3681 1143 3778 1198 ἅλ-

2143 1223 2256 1288 λοις
2288 1225 2650 1296 ὲιεο).λήθησαν
2701 1241 2818 1292 τοῖς
2878 1227 3169 1309 ἀλλοτρίοις
3212 1231 3387 1304 ἡμῶν,
3445 1229 3646 1305 μᾶλλον
3677 1231 3788 1288 ἐλὸ·

2143 1335 2290 1389 μενοι
2363 1313 2576 1378 ἐθνικῶς
2647 1323 2742 1393 ζῇν
2840 1317 3265 1396 ἀσωφρονίττως,
3354 1320 3390 1386 ἢ
3448 1318 3566 1394 μεθ’
3635 1321 3787 1396 ἡμῶν

2143 1403 2450 1483 σωφρόνως.
2485 1411 2658 1461 Ταῦτα
2712 1406 2894 1480 εἰπὼν,
2955 1405 3048 1462 ’ίνα
3105 1407 3182 1481 μὴ
3239 1405 3362 1483 δόξῃ
3420 1409 3588 1482 ἑαυτῷ
3643 1409 3788 1484 μόνῳ

2139 1495 2238 1558 τὴν
2279 1493 2478 1550 τούτων
2545 1497 2738 1572 γνῶσιν
2781 1494 3097 1570 ἀνατιθέναι,
3143 1496 3230 1552 καὶ
3286 1495 3783 1567 καταλαζονεύεσθαι

2139 1578 2224 1636 διὰ
2261 1581 2460 1638 τούτων
2489 1585 2623 1638 κατὰ
2665 1589 2774 1640 τῶν
2806 1589 3034 1657 πιστῶν,
3089 1584 3163 1646 ὡς
3208 1586 3366 1659 μόνος
3411 1583 3559 1648 εἰδὼς
3596 1589 3780 1658 ταῦτα,

415 1689 606 1734 neste.
642 1671 744 1734 His
773 1669 969 1743 dictis,
1003 1687 1077 1728 ne
1108 1667 1409 1728 videretur
1440 1667 1551 1727 sibi
1582 1666 1692 1728 soli
1720 1669 1926 1727 horum
1960 1685 2043 1727 co-

2136 1669 2368 1750 ἐπιφέρει
2397 1673 2480 1744 τὸ,
2521 1692 2544 1726 α
2586 1673 2681 1728 Καὶ
2710 1674 2864 1747 ὑμεῖς
2909 1673 3112 1752 χρίσμα
3139 1672 3315 1754 ἔχετε,
3355 1697 3382 1728 ι
3411 1676 3637 1754 ὡσπερεὶ
3657 1674 3780 1731 ἔλε-

409 1763 734 1840 gnitionem
773 1758 1119 1830 attribuere,
1149 1767 1204 1818 et
1237 1777 1326 1836 pe:
1374 1758 1484 1818 hoc
1515 1757 1794 1817 adversus
1846 1756 2043 1817 fideles

2133 1779 2224 1835 γεν
2257 1775 2272 1789 ⁸
2310 1756 2475 1814 Ἀλλά
2502 1759 2552 1814 τί
2605 1771 2767 1820 ταῦτα
2809 1762 2938 1839 πρὸς
3001 1763 3136 1836 ὑμᾶς
3180 1762 3286 1841 ἐγὼ
3341 1760 3678 1844 διεξέρχομαι
3708 1767 3780 1828 ὡς

410 1852 800 1918 insolescere,
829 1849 990 1927 quasi
1025 1847 1184 1906 solus
1217 1847 1340 1907 hzec
1375 1847 1656 1917 novisset,
1693 1844 1995 1923 subjungit
2031 1867 2044 1908 :

415 1965 437 1996 «
468 1939 582 2003 Sed
617 1957 716 1998 vos
749 1937 1086 1998 unctionem
1122 1935 1368 1996 habetis.
1397 1960 1416 1990 It
1457 1934 1759 2015 Tanquam
1796 1934 2044 1995 diceret:

408 2027 522 2090 Sed
556 2027 693 2108 quid
727 2045 833 2102 ego
855 2025 978 2086 [nec
1015 2025 1175 2084 Vobis
1204 2043 1374 2084 narro
1408 2023 1574 2103 quasi
1605 2023 2048 2101 ignorantibus?

406 2117 530 2179 Non
566 2127 654 2179 est
683 2115 832 2196 apud
868 2133 967 2174 vos
998 2115 1204 2174 horum
1240 2112 1588 2191 ignorantia.
1613 2111 1852 2174 Saturam
1886 2112 2042 2173 enim

401 2207 741 2268 unctionem
779 2222 882 2283 per
903 2214 1170 2263 sanctum
1199 2202 1486 2281 baptisma
1517 2201 1918 2279 accepistis,et
1941 2219 2046 2280 per

402 2295 556 2356 hanc
589 2293 849 2355 divinum
908 2291 1216 2370 Spiritum,
1261 2291 1359 2370 qui
1393 2309 1493 2349 vos
1525 2289 1684 2350 ducit
1719 2290 1776 2349 in
1804 2307 2038 2350 omnem

398 2381 1018 2452 veritatem.Quoniam
1051 2390 1244 2440 autem
1288 2381 1397 2439 hoc
1428 2379 1505 2438 ita
1535 2387 1642 2449 est,
1679 2377 1841 2437 scitis
1883 2378 2034 2457 quod

399 2491 514 2532 non
545 2469 800 2532 scribam
833 2468 996 2529 \obis
1025 2471 1146 2530 hinc
1179 2477 1450 2548 tanquam
1478 2465 1902 2544 ignorantibus,
1931 2466 2032 2526 sed

398 2568 672 2640 tanquam
732 2557 1082 2618 scientibus.
1116 2555 1394 2627 Quaenam
1457 2555 1620 2614 haec?
1653 2553 2032 2613 novissimum

399 2658 652 2727 tempus,
685 2645 1036 2726 Antichristi
1071 2648 1409 2718 adventum,
1445 2644 1644 2704 omnia
1693 2661 1822 2702 esse
1865 2641 2038 2721 plena

397 2736 727 2798 mendacio.
764 2734 1048 2814 Poptcrea
1077 2733 1252 2811 igitur
1282 2732 1437 2812 quod
1485 2730 1741 2792 abundet
1772 2732 2030 2803 ,menda-

394 2825 576 2896 cium,
611 2827 694 2885 ait
725 2841 738 2885 :
778 2823 918 2886 Dico
967 2822 1143 2883 etiam
1200 2820 1578 2882 antichristus
1611 2821 1821 2880 multos
1849 2820 2031 2880 factos

395 2932 549 2976 esse.
587 2915 731 2974 Nam
762 2912 811 2972 si
839 2911 1104 2974 Christus
1135 2911 1346 2971 veritas
1378 2919 1488 2985 est,
1513 2927 1686 2989 quem
1722 2917 1780 2969 et
1808 2927 1908 2969 vos
1937 2927 2032 2969 co-

2129 1849 2258 1926 πρὸς
2334 1848 2699 1925 ἀγνοοῦντις;
2753 1851 2860 1907 Οὔκ
2916 1849 3024 1906 ἔστι
3068 1847 3191 1929 παρ’
3255 1853 3381 1926 ὑμῖν
3426 1852 3610 1930 ἄγνοια
3654 1855 3777 1910 τού-

2130 1957 2256 1997 των.
2335 1934 2583 1995 Ἐλάϐετε
2627 1939 2725 2016 γὰρ
2796 1936 2879 1992 διὰ
2947 1945 3037 1994 τοῦ
3095 1939 3244 2015 ἁγίου
3304 1937 3664 2015 ϐαπτίσματος
3716 1944 3778 1998 τὸ

2130 2025 2331 2104 χρίσμα
2374 2026 2434 2080 τὸ
2478 2027 2635 2104 ἱερὸν,
2697 2027 2783 2082 καὶ
2853 2023 2936 2082 διὰ
2989 2028 3168 2083 τούτου
3219 2031 3275 2084 τὸ
3332 2030 3404 2092 εἷς
3465 2035 3636 2085 πᾶσαν
3676 2032 3775 2098 τὴν

2127 2113 2376 2182 ἀλήθειαν
2403 2111 2624 2192 ὁδηγοῦν
2667 2117 2800 2190 ῦμᾶς
2859 2119 3004 2172 θετον
3038 2122 3272 2196 Πνεῦμα,
3320 2115 3468 2174 Ἐπεὶ
3499 2115 3549 2172 δὲ
3599 2119 3769 2191 τοῦτο,

2128 2200 2244 2258 ἴστε
2307 2201 2387 2258 ὅτι
2431 2207 2534 2282 οὔχ
2576 2205 2650 2266 ὡς
2694 2203 2970 2282 ἀγνοοῦσιν
3013 2205 3140 2279 ὑμῖν
3193 2207 3377 2285 γράφω
3407 2213 3591 2278 ταῦτα,
3651 2207 3767 2263 ἀλλ’

2123 2292 2196 2355 ὡς
2225 2289 2402 2352 εἰδόσι.
2451 2293 2574 2349 Τίνα
2604 2302 2765 2352 ταῦτα
2801 2312 2817 2372 ς
2853 2295 2952 2350 Τὸν
2984 2291 3212 2372 ἔσχατον
3270 2297 3474 2375 καιρὸν,
3533 2297 3633 2358 τὴν
3662 2303 3765 2352 τῶν

2125 2379 2504 2458 Ἀντιχρίστων
2552 2382 2739 2460 φορὰν,
2793 2382 2853 2436 τὸ
2909 2382 3080 2437 πάνεα
3125 2380 3340 2456 ψεύδους
3398 2384 3537 2440 εἶναι
3609 2388 3761 2459 μετά,

2127 2468 2224 2525 Διά
2250 2470 2310 2523 τὸ
2341 2466 2625 2526 πλεονάσαι
2658 2469 2744 2526 οῦν
2775 2471 2834 2525 τὸ
2857 2467 3068 2544 ψεῦδος,
3119 2469 3202 2526 διὰ
3231 2478 3405 2548 τοῦτο,
3441 2474 3592 2552 φησὶ,
3622 2472 3763 2551 λέγω

2121 2559 2206 2612 καὶ
2266 2557 2383 2621 τοὺς
2452 2557 2816 2637 ἀντιχρίστους
2873 2557 3102 2621 πολλοὺς
3171 2561 3431 2638 γενέσθαι.
3481 2563 3538 2618 Εἰ
3578 2564 3676 2640 γὰρ
3733 2567 3759 2620 6

2119 2647 2336 2722 Χρὶστὸς
2389 2645 2607 2715 ἀλήθειά
2651 2645 2813 2722 ἔστιν,
2848 2648 2905 2703 ὃν
2935 2648 3022 2706 καὶ
3076 2649 3230 2723 ὑμεῖς
3290 2650 3604 2730 ἔγνωκότες,
3661 2655 3756 2719 την

2117 2733 2364 2803 ἀλήθειαν
2418 2733 2572 2814 ἔχετε
2623 2735 2675 2790 ὲν
2709 2736 2944 2816 ἑαῦτοτς,
3001 2737 3212 2800 πάντως
3270 2739 3297 2794 6
3341 2739 3570 2813 ψεύστης
3601 2737 3752 2797 ἐνανο

2113 2823 2221 2886 τίος
2251 2820 2325 2878 ὥν
2391 2827 2459 2898 τῇ
2512 2821 2750 2895 ἀληθείᾳ,
2811 2823 2936 2880 ὣτοι
2993 2828 3071 2899 τῷ
3139 2831 3364 2904 Χριστῷ,
3424 2826 3752 2906 ἀντίχριστος

2118 2909 2280 2972 ἔστιν,

391 3011 765 3082 gnoscentes,
813 3000 953 3060 575
1003 2999 1233 3061 habetis
1285 2999 1587 3062 veritatem
1641 2997 1699 3058 in
1750 2997 1912 3059 vobis
1963 2997 2127 3076 ipsis,
2182 2997 2383 3078 utique
2430 3017 2567 3060 cum
2600 2999 2852 3063 mendax
2898 3000 2972 3062 sit
3003 3001 3334 3065 contrarius
3365 3002 3591 3064 veritati
3622 3005 3746 3067 sive

391 3090 643 3163 Christo,
677 3089 1076 3152 Antichristus
1109 3098 1217 3151 est.

469 3179 542 3260 II,
573 3178 778 3241 22-?7.
814 3179 958 3252 Quis
1003 3185 1091 3240 est
1140 3180 1425 3249 mendax,
1469 3179 1592 3240 nisi
1621 3179 1672 3239 is
1703 3179 1808 3256 qui
1851 3183 2081 3255 negato

385 3268 591 3332 Jesum
639 3285 765 3330 esse
794 3266 1156 3328 Christum?
1190 3266 1306 3329 Hic
1353 3274 1437 3328 est
1485 3265 1894 3329 Ant-icltristus
1923 3267 2028 3344 qui

385 3365 568 3440 negat
596 3360 836 3420 Patrem
868 3365 925 3418 et
955 3355 1011 3417 F
1015 3357 1211 3418 ilium.
1249 3357 1528 3436 Quisquis
1557 3362 1738 3437 negat
1767 3353 2021 3429 Filium,

385 3450 437 3511 is
459 3465 537 3509 ne
564 3448 806 3509 Patrem
835 3445 1071 3525 quidem
1105 3443 1303 3506 habet.
1356 3445 1525 3519 Quod
1574 3447 1767 3526 igitur
1794 3459 1892 3504 vos
1923 3461 2027 3504 au-

383 3537 556 3600 distis
583 3534 659 3597 ab
681 3536 884 3600 initio.
921 3535 986 3595 in
1020 3533 1184 3595 vobis
1209 3540 1586 3613 permaneat.
1639 3532 1711 3595 Si
1755 3538 1817 3593 in
1857 3531 2025 3594 robis

377 3626 788 3705 permanserit
840 3623 1000 3703 quod
1049 3623 1306 3685 audistis
1364 3623 1441 3685 ab
1490 3622 1691 3699 initio,
1726 3629 1780 3682 et
1828 3639 1929 3682 vos
1960 3623 2024 3683 in

380 3713 549 3776 Fit-io
579 3721 636 3774 et
669 3710 852 3773 Patre
878 3711 1215 3773 manebitis.
1251 3711 1328 3774 Et
1349 3710 1472 3773 hwc
1499 3719 1583 3772 est
1631 3710 2024 3790 repromissio

2191 3201 2214 3233 ιι
2293 3179 2380 3242 Τίς
2434 3180 2575 3235 ἔστιν
2619 3183 2646 3236 ὁ
2705 3180 2957 3255 ψεύστης,
2991 3183 3034 3238 εἰ
3078 3182 3156 3257 μὴ
3213 3184 3241 3238 6
3296 3182 3608 3260 ἀρνούμενος
3665 3181 3744 3240 ὅτι

2111 3266 2314 3333 Ἰησοῦς
2413 3271 2506 3326 οῦκ
2600 3268 2738 3325 ἔστιν
2810 3272 2838 3326 6
2923 3271 3195 3351 Χριστός;
3284 3272 3431 3336 οὗτός
3493 3270 3634 3328 ’ἐστιν
3719 3275 3745 3329 6

2109 3351 2499 3434 Ἀντίχριστος,
2561 3359 2588 3414 6
2643 3359 2959 3437 ἀρνούμενος
3041 3361 3132 3415 τὸν
3231 3360 3437 3439 Πατέρα
3515 3361 3602 3417 καὶ
3655 3364 3745 3418 τὸν

2109 3445 2252 3508 Γὶόν,
2316 3451 2424 3507 Πᾶς
2553 3446 2867 3525 ἀρνούμενος
2942 3449 3034 3504 τὸν
3105 3451 3244 3520 Υῐὸν,
3320 3447 3435 3506 οὐδὲ
3493 3450 3585 3505 τὸν
3632 3456 3744 3507 Πα-

2105 3532 2228 3612 τέρα
2273 3531 2414 3613 ἔχει.
2477 3524 2660 3610 Ὑμεῖς
2733 3535 2820 3592 οὖν
2871 3537 2900 3591 ὃ
2952 3537 3212 3604 ἠκούσατε
3268 3537 3359 3594 ἀπ’
3419 3538 3617 3618 ἀρχῆς,
3689 3538 3744 3594 ἐν

2104 3622 2232 3698 ὑμῖν
2289 3621 2514 3698 μενέτω.
2581 3622 2706 3680 Ἐὰν
2763 3623 2816 3678 ἐν
2871 3625 2998 3700 ὑμῖν
3069 3626 3223 3703 μείνῃ
3314 3627 3342 3680 ὃ
3407 3625 3500 3682 ἀπ’
3565 3627 3741 3707 ἀρχῆς

2105 3712 2386 3786 ἠκούσατε,
2432 3713 2521 3768 καὶ
2548 3713 2704 3786 ὑμεῖς
2760 3712 2813 3768 ἐν
2881 3721 2958 3788 τῷ
3017 3717 3121 3788 Υἱῷ
3177 3715 3263 3770 καὶ
3323 3713 3377 3769 ἐν
3459 3721 3536 3788 τῷ
3582 3720 3742 3794 Πατρί

2107 3813 2340 3872 μενεῖτε.
2423 3801 2519 3858 Καὶ
2575 3799 2708 3867 αὕτη
2764 3801 2909 3857 ἀστὶν
2991 3803 3025 3870 ἡ
3100 3801 3388 3882 ἐπαγγελία
3461 3803 3524 3870 ἢν
3590 3804 3741 3869 αὐτὸς

378 3819 497 3880 qua
529 3803 654 3880 ipse
679 3798 994 3879 pollicitus
1027 3807 1112 3860 est
1141 3800 1313 3860 nobis
1334 3804 1518 3861 vitam
1541 3806 1854 3861 wlernam.
1880 3796 2025 3861 Hau:

373 3893 588 3970 scripsi
613 3887 781 3951 vobis
823 3888 894 3950 de
950 3887 1048 3948 his
1095 3889 1200 3966 qui
1227 3889 1519 3950 seducunt
1551 3905 1674 3948 vos.
1709 3887 1788 3948 Et
1818 3890 2022 3950 unctio

2126 3887 2459 3968 ,πηγγείλατο
2550 3891 2709 3969 ἡμῖν,
2795 3912 2892 3957 την
2987 3891 3130 3962 ζωὴν
3227 3893 3457 3950 αἰώνιον.
3573 3900 3742 3950 Ταῦτα

375 3995 559 4058 quam
592 3995 692 4039 vos
721 3977 1042 4056 accepistis
1073 3978 1146 4036 ab
1165 3996 1251 4051 eo,
1285 3982 1489 4038 manet
1511 3977 1575 4037 in
1597 3974 1874 4038 vobis.Et
1896 3994 2018 4038 non

2128 3981 2307 4056 γραψα
2388 3979 2516 4053 ὑμῖν
2570 3979 2686 4057 περὶ
2766 3984 2872 4034 τῶν
2967 3978 3287 4037 πλανώντων
3396 3981 3556 4056 ὑμᾶς.
3644 3984 3741 4040 Καὶ

371 4082 610 4128 necesse
633 4063 871 4126 habetis
905 4070 972 4125 ut
1003 4063 1326 4143 quisquam
1346 4065 1545 4126 doceat
1575 4081 1702 4144 vos,
1732 4065 1836 4126 sed
1864 4065 2017 4127 sicut

2127 4079 2251 4141 μετς
2299 4067 2360 4122 τὸ
2417 4067 2618 4146 χρίσμα
2673 4067 2701 4123 ὃ
2771 4064 2982 4126 ἐλάϐετε
3075 4068 3168 4125 ἀπ’
3248 4069 3423 4142 αὐτοῦ,
3481 4072 3538 4124 εν
3611 4071 3737 4146 ὑμῖν

371 4154 506 4234 ipsa
559 4154 764 4214 unctio
803 4153 967 4214 docet
1019 4169 1120 4214 vos
1169 4153 1240 4214 de
1285 4153 1585 4227 omnibus,
1620 4171 1808 4216 verax
1848 4162 1933 4216 est
1962 4161 2017 4216 ct

2126 4153 2266 4233 μένει,
2315 4156 2413 4211 Καὶ
2441 4154 2500 4211 οῦ
2570 4155 2754 4235 χρείαν
2808 4153 2962 4235 ἔχετε
3003 4155 3096 4212 ἵνα
3161 4179 3240 4221 τις
3297 4154 3515 4234 διδάσκῃ
3575 4159 3731 4233 ὑμᾶς,

367 4259 492 4305 non
517 4250 608 4305 est
637 4241 1038 4316 mentita-ium.
1081 4241 1156 4304 Et
1185 4244 1338 4306 sicut
1382 4242 1585 4304 docuit
1617 4261 1739 4323 vos,
1772 4251 2014 4305 manete

2126 4241 2242 4299 Αλλ’
2271 4245 2345 4305 ὡς
2377 4244 2440 4299 τὸ
2468 4246 2594 4302 αὐτὸ
2624 4245 2826 4324 χρίομα
2855 4242 3082 4302 διδάσκει
3129 4247 3264 4321 ὑμᾶς
3325 4249 3441 4325 περὶ
3499 4246 3731 4308 πάντων.

366 4332 434 4394 in
478 4349 575 4408 ea,
2092 4334 2180 4388 καὶ
2222 4330 2412 4398 ἀληθές
2471 4331 2604 4408 ἐστι,
2661 4333 2750 4389 καὶ
2804 4335 2898 4390 οῦκ
2967 4332 3075 4388 ’ἐστι
3133 4333 3342 4414 ψεῦδος,
3403 4334 3498 4389 καὶ
3561 4337 3731 4399 καθὼς

2091 4419 2314 4486 ἑδῖδαξεν
2341 4422 2503 4498 ὑμᾶς,
2534 4421 2750 4497 μεςεῖτε
2781 4421 2836 4478 ὲν
2866 4425 3028 4496 αὐτῷ,
3065 4446 3092 4477 ι

447 4507 635 4570 Etiam
668 4507 765 4570 hic
794 4507 1113 4569 subaudire
1143 4515 1376 4588 oportet
1407 4509 1887 4590 conjunctionem
1917 4512 2004 4567 καὶ
2030 4505 2043 4554 1

2171 4510 2437 4568 Κάνταῦθα
2492 4511 2984 4589 προσυπακουστέον
3050 4514 3165 4584 τὸν,

362 4598 424 4660 id
453 4607 566 4678 est,
599 4609 676 4672 et,
711 4595 978 4659 clarioris
1010 4596 1416 4676 intelligentiae
1443 4598 1652 4678 gratia,
1687 4607 1750 4658 ut
1803 4597 1880 4660 sit
1908 4598 2004 4660 hic

2126 4598 2371 4678 αφηνείας
2402 4599 2586 4679 χάριν,
2615 4599 2690 4655 ἶν’
2721 4600 2758 4669 ἦ
2789 4600 2953 4664 οὕτως
2988 4616 3002 4630 ⁶
3071 4601 3168 4658 Καὶ
3219 4601 3295 4665 τίς
3352 4601 3491 4657 ἐστιν
3536 4605 3563 4658 6
3595 4602 3727 4677 ψεύ-

362 4705 622 4749 sensns:
661 4687 730 4748 Et
758 4685 892 4768 quis
940 4696 1035 4750 est
1094 4687 1375 4762 mendax,
1411 4687 1526 4749 nisi
1575 4687 1625 4750 is
1672 4687 1774 4768 qui
1831 4695 2006 4767 negat

2126 4709 2244 4768 της,
2302 4689 2345 4744 εἰ
2418 4689 2496 4764 μὴ
2541 4690 2570 4745 6
2627 4688 2940 4767 ἀρνούμενος
2990 4688 3070 4746 ὅτι
3116 4686 3321 4756 Ἰησοῦς
3374 4692 3468 4746 οῦκ
3509 4689 3648 4746 ἔστιν
3695 4693 3722 4747 6

358 4774 560 4838 Jesum
592 4795 726 4838 esse
777 4773 1283 4838 Christum‘hHoc
1324 4785 1515 4838 autem
1550 4777 1768 4856 impius
1798 4773 2002 4838 Simon

2126 4777 2358 4857 ,ριστόςς
2429 4785 2593 4835 Τοῦτο
2643 4775 2696 4833 δὲ
2754 4780 2933 4854 Σίμων
2988 4781 3016 4835 6
3076 4777 3283 4841 ἀνόσιος
3326 4777 3524 4859 ἐλήρει,
3571 4776 3727 4837 ἄλλον

361 4863 623 4926 delirans
680 4865 1006 4943 nugabatur
1051 4865 1232 4926 alium
1285 4882 1416 4926 esse
1469 4862 1671 4926 Jesum
1718 4871 1776 4926 et
1821 4863 1999 4926 alium

2126 4878 2223 4922 [ναι
2252 4868 2342 4922 τὸν
2372 4863 2602 4939 Ἰησοῦν,
2651 4869 2739 4924 καὶ
2809 4866 2969 4924 ἄλλον
3025 4868 3114 4924 τὸν
3169 4867 3411 4945 Χριστόν,
3476 4869 3576 4926 Τὸν
3631 4870 3728 4945 μὲν

361 4952 701 5015 Christum:
735 4954 932 5016 Jesum
965 4951 1206 5033 quidem
1239 4970 1375 5014 eum
1407 4952 1507 5033 qui
1543 4960 1670 5014 erat
1715 4971 1750 5013 a
1801 4961 2003 5015 sancta

2127 4957 2311 5034 ησοῦν,
2339 4958 2430 5014 τὸν
2471 4957 2578 5014 ἀπὸ
2606 4963 2702 5025 τῆς
2759 4960 2911 5039 ἁγίας
2960 4962 3184 5038 Μαρίας,
3241 4959 3330 5013 τὸν
3379 4957 3433 5014 δὲ
3477 4961 3722 5039 Χριστόν,

359 5042 566 5116 Maria;
601 5041 895 5104 Christum
919 5060 1055 5104 vero
1087 5060 1222 5103 eum
1255 5040 1356 5121 qui
1386 5044 1446 5102 in
1475 5041 1999 5104 .lordanemaccelo

2126 5047 2172 5102 iv
2242 5046 2326 5102 ἐπὶ
2395 5049 2489 5103 τοῦ
2557 5045 2815 5125 Ἰορδάνου
2883 5045 3183 5105 καταϐάντα
3233 5044 3326 5103 ἀπ’
3372 5049 3609 5126 οὒρανοῦ.
3667 5039 3724 5106 ιΟ

357 5126 884 5202 descenderat.Qui
916 5131 1092 5209 igitur
1121 5130 1260 5192 huic
1297 5131 1606 5212 applaudit
1663 5130 1994 5207 mendacio,

2126 5135 2156 5209 ᾗ
2199 5131 2375 5206 ψεύδει
2445 5134 2531 5191 οῦν
2582 5138 3079 5216 περικροτούμενος,
3135 5135 3289 5214 φησὶ,
3345 5136 3537 5212 τούτῳ,
3571 5138 3722 5201 οὗτος

357 5217 631 5306 inquit,is
659 5226 745 5280 est
775 5217 1266 5283 Antichristus.ld
1298 5228 1494 5281 autem
1523 5219 1669 5282 :Hic
1697 5227 1786 5282 est
1816 5220 1994 5282 Anti-

2126 5224 2443 5303 ιντίχριστός
2492 5221 2627 5284 ἐστι.
2663 5226 2759 5282 Καὶ
2814 5225 2898 5300 τὸ,
2960 5223 3123 5288 Οὗτός
3167 5221 3306 5278 ἐστιν
3365 5226 3392 5279 ὁ
3448 5223 3723 5306 Ἀντίχρι-

355 5305 633 5392 christus,
668 5307 986 5389 dupliciter
1014 5306 1426 5388 accipiendum
1460 5315 1568 5380 est,
1609 5317 1665 5370 et
1693 5309 1769 5371 de
1801 5310 1990 5391 coqui

2126 5334 2223 5381 τος,
2285 5309 2470 5376 διττῶς
2541 5311 2858 5388 ὲκληπτέον,
2915 5315 3002 5370 καὶ
3072 5312 3158 5368 ἐπὶ
3226 5316 3318 5366 τοῦ
3382 5305 3718 5392 ἀρνουμένου,

349 5391 555 5483 .lesum
588 5404 790 5483 negat
814 5412 946 5458 esse
1001 5394 1330 5483 Christum,
1361 5403 1418 5457 et
1447 5395 1522 5458 de
1555 5416 1625 5458 eo
1659 5397 1762 5478 qui
1814 5406 1992 5478 negat

2126 5422 2154 5456 τι
2185 5401 2390 5468 Ἰησοῦς
2420 5401 2515 5458 οῦκ
2567 5399 2707 5457 ἔστιν
2737 5404 2764 5458 6
2825 5401 3069 5483 Χριστὸς,
3101 5399 3190 5457 καὶ
3240 5397 3331 5456 ἐπὶ
3381 5391 3474 5456 τοῦ
3530 5401 3719 5480 ἀρνου-

351 5481 587 5543 Patrem
618 5492 677 5544 et
709 5480 1099 5545 Filium.Nam
1125 5491 1183 5544 et
1210 5481 1503 5566 is,inquit,
1539 5483 1641 5565 qui
1671 5493 1844 5566 negat
1875 5485 1987 5548 Pa-

2126 5489 2232 5547 Ξνου
2260 5490 2350 5546 τὸν
2381 5488 2586 5568 Πατέρα
2641 5493 2729 5548 καὶ
2759 5493 2846 5548 τὸν
2875 5480 3046 5550 Ύὶόν.
3099 5485 3268 5546 Ἀλλά
3296 5486 3384 5546 καὶ
3438 5489 3466 5544 ὃ
3524 5489 3715 5568 ἀρνού-

349 5575 499 5631 trem
533 5588 599 5630 ac
628 5569 1052 5650 Filium,etism
1089 5572 1337 5634 mendax
1367 5580 1451 5634 sst
1480 5584 1540 5636 et
1570 5573 1986 5641 Antichristus.

2126 5599 2255 5652 ινος,
2315 5579 2464 5659 φησὶ,
2538 5581 2628 5633 τὸν
2673 5581 2876 5662 Πατέρα
2933 5582 3017 5638 καὶ
3064 5579 3154 5636 τὸν
3203 5576 3346 5654 Υἷδν,
3419 5578 3512 5635 καὶ
3564 5577 3714 5644 οὗτος

3263 4513 3348 4568 καὶ
3419 4511 3724 4594 σύνδεσμον,
