4192 6212
1580 249 1989 313 (ECUMENII
2034 247 2329 312 TRICC/E
2375 244 2711 316 EPISCOPI
3732 248 3850 310 648

461 386 641 451 veluti
663 387 1006 448 charactere
1027 385 1279 466 quodam
1308 383 1648 445 manifestos
1671 401 1805 444 sese
1835 380 2106 446 reddide-

2195 383 2487 460 χαρακτῆρί
2543 403 2644 437 τινι
2699 378 2976 451 διαδήλους
3051 383 3234 446 αὖτοὺς
3291 385 3676 454 κατεστήσατο,
3755 386 3843 439 καὶ

462 485 634 539 runt:
661 496 729 538 ac
761 477 901 536 satis
930 475 1182 537 ﬁrmavit
1212 492 1336 539 eos.
1367 485 1429 535 ut
1462 473 1689 534 immoti
1724 471 2110 550 pen-sisterent

2195 471 2380 532 ἱκανῶς
2425 469 2670 549 στηρίξας
2722 470 3054 536 ἀμεταθέτως
3113 469 3259 550 ἔχειν
3317 475 3433 552 περὶ
3493 472 3524 527 ἃ
3576 475 3842 551 κατηχή-

461 254 571 316 M7

464 566 622 627 circa
647 584 715 625 ea
741 565 798 625 iu
833 565 1046 644 quibus
1078 561 1347 623 instructi
1382 560 1881 640 eraut,subjungit
1907 577 2107 622 conse-

464 669 716 732 quenter
731 652 1046 730 repositam
1071 668 1306 730 quoque
1337 659 1581 730 propter
1609 650 1718 708 ista
1744 647 2103 721 mercedem,

466 751 740 818 tanquam
761 741 1028 800 fortiores
1051 758 1119 798 eo
1134 739 1394 800 reddens
1415 739 1677 799 claritate
1701 737 2102 816 praemiorum,

465 840 522 891 et
552 830 632 891 ait
658 847 671 890 :
706 855 728 883 ι
757 829 982 890 Manete
1013 829 1071 888 in
1106 847 1236 888 eo.»
1265 826 1484 900 Quare?
1515 826 1585 889 Ut
1619 827 1937 886 habeamus
1963 826 2106 887 ﬁdu-

463 918 614 980 ciam
649 919 703 978 iu
732 917 860 996 ipso
908 935 1039 977 cum
1073 915 1439 994 apparuerit.
1488 914 1636 987 Quid
1695 915 1852 975 enim
1886 913 2107 976 clarius

462 1015 554 1068 aut
582 1003 1036 1067 desiderabilius
1087 1005 1303 1066 ﬁducia
1350 1024 1465 1085 qua
1521 1003 1840 1064 exhibituri
1900 1020 2104 1063 sumus

464 1095 694 1158 Christo
727 1102 957 1154 nostros
989 1092 1046 1153 in
1079 1095 1194 1154 vita
1222 1101 1490 1172 peractos
1520 1093 1779 1164 labores,
1824 1092 2105 1153 facientes

465 1186 574 1245 hoc
605 1202 735 1245 cum
769 1182 980 1242 ﬁducia
1010 1190 1067 1243 et
1098 1181 1155 1242 in
1193 1181 1354 1242 nullo
1417 1182 1702 1260 pudorem
1743 1181 2106 1242 sustinentes

465 1275 523 1334 in
557 1273 805 1334 adventu
837 1269 1000 1350 ejus?
1023 1269 1092 1331 Et
1122 1271 1399 1350 quoniam
1433 1270 1750 1331 verisimile
1783 1278 1905 1330 erat
1925 1287 2106 1349 quos-

2190 563 2378 636 θησαν,
2413 560 2599 638 ἐπάγει
2629 559 2816 617 λοιπὸν
2883 563 2969 618 καὶ
3021 565 3110 619 τὸν
3171 562 3517 636 ἀποκείμενον
3555 561 3640 618 διὰ
3683 572 3844 622 ταῦτα

2193 651 2400 728 μισθὸν,
2479 650 2658 728 ὥσπερ
2713 651 3070 728 ἰσχυροποιῶν
3156 651 3344 714 αὐτοὺς
3427 649 3510 707 διὰ
3565 656 3663 717 τῆς
3736 652 3840 708 τῶν

2189 737 2430 794 επέθλων
2487 737 2882 818 λαμπρότητος,
2981 740 3070 795 καί
3125 762 3306 819 φησιν,
3369 741 3448 796 ὃτι
3483 755 3497 769 ⁸
3567 761 3590 794 α
3649 739 3844 796 Μὲνετε

2189 825 2242 880 ἐν
2287 829 2450 902 αὐτῷ.
2489 851 2510 884 ι
2555 830 2652 883 Διὰ
2702 829 2798 908 τίς
2851 819 2974 886 Ἵνα
3022 826 3235 908 ἔχωμεν
3296 827 3588 906 παῤῥησίαν
3621 827 3671 884 ἐν
3703 829 3846 903 αὐτῷ

2188 913 2313 970 ὅταν
2367 920 2664 998 φανερωθῇ.
2735 919 2794 974 Τί
2849 919 2948 996 γὰρ
3004 917 3438 998 περιφανέστερον
3494 918 3529 986 ἢ
3588 917 3839 988 ζηλωτό-

2189 1025 2332 1082 τερον
2385 1004 2698 1083 παῤῥησίας,
2744 1005 2953 1062 επειδὰν
3009 1009 3055 1080 ᾧ
3111 1003 3485 1062 ἐπιδείκνυσθαι
3557 1006 3842 1082 μέλλωμεν

2188 1094 2308 1158 τοὺς
2355 1095 2409 1148 ἐν
2440 1101 2516 1168 τῷ
2684 1095 2874 1160 πόνους
2921 1097 3096 1170 ἡμῶν,
3157 1095 3291 1170 μετὰ
3339 1093 3631 1173 παρρησίας
3684 1102 3841 1151 τοῦτο

2189 1188 2442 1254 ποιοῦμεν
2509 1183 2597 1240 καὶ
2666 1181 2831 1257 μηδὲν
2893 1181 3264 1262 αἰσχυνόμενοι
3333 1183 3386 1240 ὲν
3443 1189 3512 1260 τῇ
3579 1185 3838 1262 παρουσίᾳ

2193 1275 2386 1351 αὐτοῦς
2451 1269 2634 1338 ἐπειδὴ
2678 1272 2814 1336 εἰκός
2870 1294 3017 1336 τινας
3077 1279 3280 1343 ζητεῖν.
3327 1283 3441 1329 τινα
3500 1272 3843 1350 κατορθωκό-

467 1364 601 1424 dam
631 1361 1126 1437 interrogaturos,
1159 1359 1377 1437 quibus
1411 1360 1691 1440 operibus
1721 1359 1868 1437 grati
1897 1359 1952 1420 ei
1981 1357 2111 1420 ﬁeri

2195 1380 2278 1426 τες
2348 1358 2612 1436 εὐάρεστοι
2678 1365 2819 1436 αὺιῷ
2900 1361 3160 1441 γένοιντο,
3220 1359 3446 1417 διδάσκει
3515 1363 3603 1418 καὶ
3684 1369 3843 1418 τοῦτό

469 1448 924 1531 possent,docet
947 1446 1123 1508 etiam
1156 1448 1538 1527 hoc,etait:Si
1569 1447 1957 1525 cegnosvistis
1977 1464 2110 1508 eum

2195 1448 2282 1505 καί
2307 1470 2490 1528 φησιν,
2526 1447 2631 1524 ὅτι,
2695 1451 2750 1506 Εἰ
2809 1449 3072 1528 ἐγνώκατε
3105 1450 3284 1524 αὐτὸν,
3330 1449 3410 1506 ὅτι
3455 1447 3648 1514 δίκαιός
3703 1449 3840 1525 ἐστι,

466 1538 621 1620 quod
667 1538 864 1616 justus
899 1535 996 1610 sit,
1032 1540 1230 1616 utique
1266 1546 1320 1596 et
1354 1537 1463 1596 hoc
1506 1537 1713 1597 scitote
1747 1536 1899 1615 quod
1935 1536 1984 1596 is
2013 1541 2111 1615 qui

2198 1538 2407 1601 πάντως
2439 1540 2525 1595 καὶ
2569 1546 2722 1596 τοῦτο
2751 1539 3060 1617 γινώσκετε,
3109 1539 3190 1594 ὅτι
3223 1542 3250 1595 0
3280 1540 3446 1596 ποιων
3500 1539 3600 1607 την
3631 1537 3839 1595 δικαιο-

468 1619 607 1690 facit
659 1623 951 1706 justitiam
1005 1642 1072 1683 ex
1121 1625 1246 1704 ipso
1281 1633 1449 1684 natus
1479 1625 1552 1684 sit
1589 1644 1601 1658 ·
1635 1623 1829 1703 justus
1859 1640 2111 1702 namque

2197 1627 2380 1701 σῦνην,
2535 1629 2692 1684 αὐτοῦ
2737 1627 3041 1706 γεγένηται,
3108 1619 3164 1685 Ὀ
3221 1626 3416 1692 δίκαιος
3485 1629 3584 1706 γὰρ
3612 1625 3842 1690 δικαίους

461 1704 1144 1797 ⁴ῇυδιοςίεεηοιέιι,Ριιῐ-ιη)
1168 1725 1449 1791 quantum
1476 1713 1551 1772 sit
1582 1711 1692 1772 hoc
1717 1713 1786 1772 ad
1811 1711 2111 1790 gloriatio-

2200 1720 2379 1792 γεννᾷ,
2414 1704 2587 1773 υΟσον
2635 1713 2689 1771 δὲ
2744 1704 2898 1772 τοῦτο
2953 1717 3026 1780 εἷς
3096 1715 3355 1795 καύχημα
3412 1716 3502 1772 καὶ
3551 1704 3843 1794 παῤῥησίιν

467 1823 605 1867 nem
641 1811 698 1864 et
728 1801 1008 1863 ﬁduciam
1053 1808 1314 1861 nostram
1369 1801 1583 1872 nullus.
1625 1801 1852 1878 ignorat
1906 1821 1920 1861 :
1967 1801 2124 1866 sicut

467 1911 661 1974 neque
695 1889 1090 1970 illud,nempe
1121 1898 1340 1968 quanta
1365 1899 1420 1950 et
1450 1889 1641 1968 qualis
1687 1888 2038 1966 sitgdilectio
2066 1903 2125 1956 et

467 1981 808 2060 benignitas
854 1997 1026 2058 quam
1062 1996 1201 2056 erga
1242 1997 1344 2039 vos
1375 1977 1662 2041 exhibuit.
1697 1976 1904 2040 Videte
1961 1976 2119 2038 enim

472 2072 626 2153 quod
662 2068 892 2130 dederit
943 2066 1115 2128 nobis
1141 2077 1204 2128 ut
1235 2067 1341 2130 ﬁlii
1367 2068 1456 2128 sui
1490 2086 1754 2128 essemus
1786 2075 1844 2127 et
1873 2084 2118 2130 vocare-

474 2157 802 2230 [ηυγ.ουοό
822 2156 869 2216 si
896 2175 997 2217 eos
1017 2156 1118 2234 qui
1139 2166 1275 2217 sunt
1293 2177 1347 2216 in
1378 2158 1595 2218 mundo
1619 2157 1728 2218 hoc
1756 2155 1954 2226 lateat,
1985 2165 2123 2236 puta

466 2268 575 2312 nos
606 2265 739 2310 esse
775 2245 880 2308 Dei
911 2245 1170 2313 ﬁlios.ne
1213 2247 1324 2307 hoc
1353 2245 1728 2306 admiremini
1759 2267 1772 2308 :
1809 2263 1940 2306 nam
1979 2262 2116 2325 pro-

464 2347 598 2420 pter
626 2337 738 2398 hoc
773 2333 1033 2396 mundus
1062 2353 1180 2395 non
1213 2335 1372 2394 novit
1421 2352 1549 2400 nos,
1585 2334 1861 2414 quoniam
1918 2349 2112 2412 neque

465 2445 606 2489 eum
640 2425 798 2486 novit
829 2423 928 2504 qui
963 2441 1070 2483 nos
1091 2423 1385 2503 adeptavit
1415 2422 1685 2496 in.ﬂlios.
1721 2421 1884 2494 Quod
1917 2430 2111 2483 autem

471 2514 756 2576 mundum
775 2512 932 2573 dicat
960 2511 1134 2573 vilem
1170 2520 1228 2572 et
1256 2511 1545 2590 abjectam
1580 2510 1907 2582 turbam,fr.
1929 2528 2114 2590 quen-

462 2613 554 2666 ter
588 2601 1210 2665 ostendimus.Deinde
1239 2609 1543 2682 postquam
1570 2599 1946 2680 adoptionem
1966 2619 2111 2660 con-

465 2696 738 2767 ﬁrmavit,
773 2690 989 2752 clarius
1023 2702 1148 2771 post
1186 2691 1310 2752 haec
1341 2690 1480 2751 dicit
1507 2702 1563 2750 et
1593 2689 1840 2767 gloriam
1874 2708 1940 2752 ac
1961 2689 2113 2750 ﬁdn-

464 2782 613 2844 ciam
643 2801 748 2842 seu
779 2780 1112 2841 libertatem
1138 2798 1266 2860 quae
1296 2779 1409 2856 his
1441 2779 1705 2858 reposita
1735 2787 1828 2840 est
1856 2779 1958 2858 qui
1999 2779 2111 2840 ad-

463 2871 645 2953 optati
670 2879 830 2945 sunt,
864 2881 917 2930 et
951 2867 1031 2928 ait
1059 2889 1070 2928 :
1105 2894 1126 2922 α
1157 2867 1528 2941 Charissimi,
1559 2886 1714 2929 nunc
1748 2867 1852 2929 ﬁlii
1883 2867 1986 2929 Dei
2017 2885 2111 2929 su—

2201 1805 2348 1878 ῦμῶν
2390 1801 2552 1869 οὐδεὶς
2581 1801 2788 1884 ἀγνοεῖ,
2820 1802 2937 1859 ἀλλ’
2969 1801 3083 1863 οὐδὲ
3146 1805 3244 1870 τὴν
3297 1810 3391 1861 τοῦ
3432 1803 3844 1883 παρασχομένου

2203 1894 2331 1971 πρὸς
2385 1894 2520 1966 ὑμᾶς
2565 1891 2777 1970 ἀγάπην
2835 1913 2891 1948 τε
2942 1895 3028 1949 καὶ
3069 1893 3436 1972 χρηστότητα,
3493 1891 3594 1960 ὅση
3645 1915 3724 1956 τις
3756 1894 3843 1948 καὶ

2203 1981 2296 2038 οἵα
2325 1980 2462 2038 ἐστίν
2497 1997 2510 2012 '
2544 1979 2712 2038 εἴδετε
2741 1983 2840 2060 γὰρ
2887 1980 2968 2038 ὅτι
3023 1980 3214 2038 ἔδωκεν
3285 1984 3420 2057 ἡμῖν
3489 1982 3646 2038 τέκνα
3686 1985 3843 2040 αὐτοῦ

2201 2069 2438 2148 γενέσθαι
2493 2091 2550 2127 τε
2590 2071 2678 2127 καὶ
2705 2069 2989 2138 κληθῆναι.
3043 2072 3101 2127 Εἰ
3145 2069 3200 2126 δὲ
3243 2084 3359 2134 τοῖς
3407 2070 3461 2126 ἐν
3519 2077 3595 2144 τῷ
3648 2073 3836 2143 κόσμῳ

2200 2159 2358 2239 φησὶν
2409 2156 2602 2226 ἂδηλον
2660 2165 2837 2233 τοῦτο,
2881 2157 3024 2237 λέγω
3065 2158 3121 2214 δὲ
3177 2161 3262 2234 τὸ,
3322 2161 3457 2224 olei);
3500 2160 3640 2234 ἡμᾶς
3697 2159 3836 2214 εἶναι

2200 2246 2350 2323 Θεοῦ,
2384 2246 2460 2322 μη
2503 2247 2787 2323 θαυμάζετε
2838 2257 3014 2308 τοῦτο.
3065 2249 3159 2304 Διά
3213 2250 3312 2327 γὰρ
3366 2258 3518 2308 τοῦτο
3562 2250 3624 2304 σὺ
3669 2248 3836 2326 γινώ-

2195 2358 2310 2393 σκει
2376 2338 2534 2413 ὑμᾶς,
2581 2334 2661 2392 ὅτι
2719 2334 2834 2394 οὐδὲ
2903 2339 2992 2392 τὸν
3061 2339 3432 2407 υἱοθετήσαντα
3498 2338 3633 2411 ὑμᾶς
3677 2335 3834 2413 ἔγνω,

2199 2415 2329 2482 υοτι
2359 2423 2414 2481 δὲ
2445 2427 2644 2500 κόσμον
2674 2426 2762 2482 τὸν
2793 2426 3043 2504 συρφετὸν
3114 2423 3281 2504 ὄχλον
3335 2422 3501 2501 λέγει,
3559 2421 3839 2502 πολλαχοῦ

2195 2516 2622 2593 παρεστήσαμεν.
2696 2514 2834 2571 Εἶτα
2885 2512 3070 2581 ἐπειδή
3112 2516 3172 2569 τὸ
3215 2518 3313 2580 τῆς
3367 2513 3617 2575 υἱοθεσίας
3676 2533 3838 2568 κατε-

2194 2607 2435 2682 σκεύασε,
2469 2605 2611 2683 λέγει
2655 2604 2740 2661 ἐπὶ
2796 2607 3001 2669 τούτοις
3051 2606 3358 2682 τρανότερον
3415 2605 3502 2661 καὶ
3558 2605 3652 2670 τὴν
3696 2603 3834 2658 ἀπο-

2191 2695 2443 2770 κειμένην
2501 2693 2650 2760 ὀόΞαν
2699 2695 2787 2752 καὶ
2867 2693 3158 2771 παρρησίαν
3233 2701 3339 2751 τῶν
3407 2691 3832 2770 υἱοθετηθέντων,

2192 2787 2279 2842 καί
2333 2807 2492 2864 φησιν
2528 2802 2541 2817 °
2608 2805 2637 2839 α
2688 2773 3002 2862 Ἂγαπητοὶ,
3067 2794 3152 2842 νῦν
3194 2781 3352 2838 τέκνα
3402 2789 3531 2838 εεοῦ
3588 2781 3766 2856 ἐσμεν.
3803 2804 3830 2834 ι

2215 2874 2438 2952 Ωσπερεὶ
2470 2871 2616 2950 ἔλεγε
2650 2888 2664 2903 ’
2714 2873 2955 2953 Πάντως,
3001 2871 3286 2950 ἀγαπητοὶ,
3335 2869 3420 2927 διὰ
3481 2877 3586 2928 τῶν
3630 2867 3829 2949 προλα-

467 2961 759 3023 111118..Αο
793 2958 842 3022 si
873 2957 1140 3020 diceret:
1176 2954 1820 3036 Omnino,charissimi,
1853 2975 1920 3017 ex
1955 2973 2110 3036 prai-

2196 2961 2394 3020 ϐόντων
2453 2960 2672 3040 ἔγνωτε,
2720 2959 2799 3016 ὅτι
2845 2963 2916 3026 εἷς
2959 2962 3099 3023 υἱοὺς
3168 2968 3298 3019 Θεοῦ
3352 2958 3744 3037 ἀνελήφθημεν,
3779 2959 3838 3016 Ei

474 3047 821 3111 cedentibus
850 3046 1015 3108 scitis
1044 3045 1271 3126 quodin
1294 3045 1443 3106 ﬁlios
1457 3044 1563 3106 Dei
1583 3044 1868 3124 assumpti
1888 3045 2108 3106 simus:

467 3137 625 3219 quod
652 3136 700 3198 si
724 3136 780 3197 id
803 3136 1064 3197 nondum
1088 3133 1520 3200 manifestatum)
1549 3141 1745 3205 est,ne
1768 3132 2108 3196 turbemini:

2195 3051 2248 3108 δὲ
2282 3052 2359 3128 μὴ
2389 3049 2491 3120 ἤδη
2523 3049 2824 3130 ἐφανερώθη
2895 3058 3070 3130 τοῦτο,
3131 3050 3208 3125 μὴ
3263 3047 3583 3126 θορυϐεῖσθε.
3649 3050 3719 3105 Τὸ
3740 3048 3838 3124 γὰρ

2197 3151 2283 3201 νῦν
2341 3138 2574 3220 ἄδηλον,
2636 3142 2856 3220 φανερὸν
2928 3140 3228 3217 γενήσεται,
3308 3138 3500 3195 ἐκείνου
3559 3135 3836 3193 ἀποκαλυ-

468 3225 624 3309 quod
659 3226 816 3286 enim
847 3241 1007 3283 nunc
1038 3223 1325 3283 incertum
1362 3221 1856 3298 est,manifestum
1890 3222 1989 3282 ﬁet
2009 3222 2111 3284 illo

2195 3228 2484 3304 πτομὲνου,
2540 3219 2764 3305 ’Ὅμοιοι
2835 3229 2934 3306 γὰρ
3003 3230 3145 3302 αὖτῷ
3212 3227 3578 3308 ἀναφανὲντες,
3638 3227 3698 3281 τὸ
3739 3231 3836 3293 της

465 3309 1054 3390 revelato.Siquidem
1073 3310 1796 3392 adoptionissplendorem
1812 3309 2111 3373 exhibebi-

2195 3318 2444 3382 υἱοθεσίας
2489 3316 2732 3397 λαμπρὸν
2789 3317 3220 3397 παραστήσομεν.
3282 3319 3340 3374 Οί
3401 3317 3500 3395 γὰρ
3552 3315 3652 3371 υἱοὶ
3700 3315 3836 3374 πάν-

467 3419 598 3463 mus
615 3408 968 3481 apparentes
991 3399 1102 3480 ipsi
1117 3399 1367 3475 similes;
1396 3399 1654 3476 uam,ﬁtii
1673 3400 1915 3460 omnino
1939 3399 2074 3461 simi
2099 3434 2111 3445 -

2195 3430 2297 3472 τως
2342 3407 2515 3482 ὅμοιοι
2560 3413 2637 3481 τῷ
2704 3407 2884 3484 πατρί.
2960 3403 3124 3461 Ἀλλὰ
3170 3405 3258 3461 καὶ
3324 3404 3424 3470 τὴν
3493 3407 3622 3479 πρὸς
3680 3402 3834 3459 αὐτὸν

466 3491 552 3552 les
582 3499 721 3551 sunt
749 3488 1048 3570 patri.Sed
1080 3487 1134 3549 ei
1165 3488 1381 3550 ﬁducia
1430 3505 1569 3567 erga
1597 3487 1789 3568 ipsum
1824 3487 2111 3554 habentes

2195 3495 2484 3575 παρῥησίαν
2554 3495 2770 3575 ἔχοντες
2835 3496 2908 3558 ὡς
2951 3496 3069 3569 υἱοὶ,
3150 3493 3386 3568 ὀψόμεθα
3440 3493 3595 3550 αὐτὸν
3665 3493 3836 3556 καθὼς

471 3589 748 3660 tanquam
781 3577 910 3652 ﬁlii,
947 3576 1282 3639 videbimus
1323 3595 1456 3638 eum
1479 3576 1650 3638 sicuti
1673 3585 1761 3638 est
1786 3593 1799 3638 :
1829 3595 1945 3637 non
1970 3595 2111 3638 sane

2197 3587 2360 3660 ἐστιν,
2394 3589 2454 3644 οὐ
2495 3585 2631 3640 κατὰ
2671 3584 2941 3664 τὴνφύσιν
2969 3581 3236 3650 δηλονότι.
3301 3581 3490 3662 (Τοετο
3533 3582 3632 3661 γὰρ
3691 3581 3835 3655 ἀμή-

467 3669 640 3748 juxta
663 3665 848 3747 ipsius
868 3674 1300 3741 uaturam;nam
1325 3666 1436 3726 hoc
1455 3663 1932 3744 impossibileest
1955 3683 2111 3728 crea.

2199 3697 2366 3754 χανον
2425 3681 2626 3753 γενητῇ
2708 3663 2907 3752 φύσει.)
2988 3671 3153 3731 Ἀλλὰ
3219 3673 3312 3746 τί;
3359 3671 3554 3727 δίκαιον
3625 3668 3834 3750 δίκαιοι,

469 3763 797 3844 ιωνηδιυεω·
823 3756 926 3844 sed
942 3754 1737 3844 quid?justumjusti,parum
1760 3753 2111 3835 puri.Simili

2202 3753 2359 3844 ᾶγνὸν
2417 3762 2588 3842 ἁγνοί.
2649 3767 2737 3835 Τῷ
2795 3762 2894 3840 γὰρ
2952 3760 3116 3836 ὁμοίῳ
3184 3761 3567 3840 προσφύσονται
3650 3761 3738 3816 καὶ
3791 3762 3838 3815 οἱ

469 3843 625 3906 enim
651 3841 1040 3931 adhaerebunt.
1069 3853 1126 3931 et
1148 3842 1652 3920 similes.Nam|ob
1683 3842 1742 3902 id
1776 3844 1946 3923 paulo
1979 3851 2111 3909 ante

2204 3841 2404 3929 ὅμοιοι.
2441 3841 2538 3910 Διὰ
2577 3852 2677 3931 γὰρ
2704 3857 2859 3908 τοῦτο
2926 3851 3012 3907 καὶ
3043 3857 3215 3928 μικρῷ
3271 3851 3491 3906 κατόπιν
3546 3848 3704 3905 εἷπον
3758 3847 3838 3904 ὅτι

469 3933 588 3995 dixi
618 3931 775 4012 quod
799 3930 1028 3994 similes
1060 3930 1115 3994 ei
1144 3933 1364 3993 erimus
1391 3953 1404 3990 :
1432 3950 1550 3992 non
1573 3931 1741 4010 juxta
1780 3943 2050 3993 naturam
2088 3950 2100 3995 :

2195 3941 2377 4018 ὅμοιοι·
2409 3945 2551 4016 αὐτῷ
2593 3930 2840 4014 ἐσόμεθα,
2887 3938 2946 3996 0-3
2993 3940 3130 3998 κατὰ
3185 3939 3284 4006 τὴν
3338 3939 3514 4018 φύσιν.
3572 3945 3708 3994 Ετπε
3739 3939 3838 4016 γὰρ

469 4022 610 4083 ὕ78
639 4019 884 4082 dixisset
902 4019 1060 4111 enim
1082 4021 1304 4102 alioqui
1327 4039 1442 4081 non
1466 4019 1728 4094 Similes,
1761 4021 1864 4082 sed
1896 4021 2104 4096 tidem,

2195 4032 2253 4088 ἂν
2295 4033 2396 4111 οὐχ
2421 4021 2435 4043 ι
2458 4025 2821 4111 Ομοιοι,-ἆλλ’
2850 4031 2910 4086 Oi
2941 4029 3103 4089 αὐτοί.
3137 4035 3238 4086 Νῦν
3267 4025 3320 4083 δὲ
3367 4026 3480 4083 ἐπεὶ
3534 4027 3612 4103 μὴ
3685 4027 3837 4084 τοῦτο

471 4128 630 4172 nunc
660 4116 854 4198 autem
874 4109 1024 4198 quia
1056 4111 1112 4169 id
1144 4127 1259 4170 non
1294 4112 1620 4198 continget,
1653 4110 1800 4172 dixit
1845 4110 2106 4184 Similes,

2195 4107 2519 4194 ἂταιξεῖπε
2561 4121 2622 4175 τὸ
2679 4107 3060 4198 Ὀμοιοι,κατᾶ
3087 4117 3185 4184 τὴν
3237 4119 3336 4183 τῆς
3376 4114 3530 4183 δόξης
3580 4116 3842 4184 ποιότητα

456 4195 2420 4306 juxtaglorizevidelicetqualitatemAnidmadvertepdumDanxaaﬁ.
2493 4195 2920 4282 Ἐπισημαντὲον
2987 4204 3042 4261 δὲ
3085 4209 3166 4264 ὃτι
3210 4208 3304 4265 οῦκ
3357 4205 3511 4264 εἶπεν
3570 4205 3836 4284 ἀνωτέρω,

465 4297 556 4352 est
584 4295 780 4350 autem
804 4287 959 4368 quod
991 4306 1110 4350 non
1131 4288 1349 4352 dixerit
1380 4288 1439 4352 in
1467 4286 2111 4368 superioribus,0mnis

2196 4307 2305 4363 Πᾶς
2336 4301 2364 4355 0
2393 4299 2624 4368 ποιήσας
2665 4296 2765 4364 τὴν
2795 4293 3152 4375 δικαιοσύνην,
3183 4295 3218 4363 ἢ
3253 4286 3309 4353 Ὀ
3339 4297 3607 4375 ποιήσων,
3637 4293 3756 4351 ἀλλ’
3783 4285 3850 4352 t0‘

467 4377 569 4460 qui
606 4375 745 4439 fecit
765 4384 870 4466 aut
900 4377 1000 4457 qui
1032 4377 1204 4439 faciet
1222 4378 1510 4460 justitiam
1541 4377 1644 4439 sed
1674 4377 1786 4450 Qui
1816 4377 2111 4441 lacit.Vir-

2195 4390 2385 4453 ποιῶν,
2415 4385 2700 4466 Πρακτικαὶ
2742 4385 2842 4464 γὰρ
2872 4387 2924 4442 αἱ
2985 4385 3186 4464 ἀρεταὶ,
3242 4385 3330 4440 καὶ
3389 4383 3442 4440 ἐν
3499 4390 3578 4457 τῷ
3606 4383 3837 4462 γίνεσθαι

470 4476 630 4558 tutes
680 4465 840 4527 enim
882 4483 1123 4547 semper
1163 4473 1598 4558 operanturzjet
1625 4468 1767 4528 dum
1796 4467 1964 4543 ﬁunt,
2000 4468 2109 4532 ha-

2195 4477 2380 4558 ἔχουσι
2409 4465 2470 4533 τδ
2500 4475 2663 4537 εἶναι.
2700 4476 3034 4550 Παυσάμεναι
3058 4477 3156 4554 γὰρ
3187 4473 3223 4542 ἣ
3266 4471 3577 4554 μέλλουσαι,
3635 4470 3750 4529 050E
3781 4474 3842 4529 τὸ

472 4555 613 4645 bent
645 4571 776 4645 esse
805 4573 836 4645 :_
860 4563 1160 4618 cessantes
1207 4572 1346 4618 vero
1404 4563 1502 4620 aut
1553 4555 1785 4631 futurae,
1841 4573 1918 4617 ne
1977 4573 2111 4618 esse

2195 4579 2334 4632 εἶναι
2364 4565 2573 4645 ἔχουσι,

472 4643 709 4728 quidem
746 4641 987 4708 habent.
2395 4632 2433 4645 ﬂ

551 4730 654 4807 Ill,
685 4732 821 4796 4-8.
847 4734 1060 4798 Omnis
1081 4735 1363 4818 quijfacit
1387 4742 1721 4816 peccatum,
1745 4739 1798 4796 et
1827 4733 2111 4814 iniquita-

2284 4765 2308 4801 ε
2346 4750 2456 4808 Πᾶς
2488 4745 2516 4800 0
2571 4747 2740 4800 ποιῶν
2795 4741 2894 4810 τὴν
2941 4742 3221 4820 ἁμαρτίαν,
3284 4741 3373 4798 καὶ
3458 4739 3556 4807 τὴν
3619 4737 3842 4814 ἀνομίαν

474 4828 592 4887 tem
619 4821 852 4911 facit,“
895 4832 1206 4902 peccatum
1235 4833 1319 4887 est
1349 4825 1733 4888 commissum
1787 4831 1992 4886 contra
2021 4821 2111 4886 le-

2197 4847 2366 4904 ποιετ,
2436 4834 2523 4890 καὶ
2596 4834 2631 4900 ἡ
2700 4832 2927 4911 ἁμαρτία
2983 4831 3120 4887 ἐστὶν
3187 4832 3222 4899 ἡ
3291 4828 3484 4906 ἀνομία
3523 4827 3611 4884 καὶ
3663 4825 3841 4885 οἴδατε

467 4909 710 5002 gem.E_t_
727 4911 897 4973 scitis
917 4913 1071 4991 quod
1090 4914 1196 4976 ille
1225 4912 1688 4994 apparuerit,ut
1711 4918 1959 5002 peccata
1978 4929 2111 4974 nos-

2199 4923 2280 4982 ὅτι
2358 4922 2562 4985 ἐκεῖνος
2630 4909 2954 5002 ἐφανερώθη,
3013 4919 3108 4978 τίνα
3176 4920 3270 4984 τὰς
3356 4917 3612 4997 ἁμαρτίας
3682 4918 3839 4992 ἡμῶν

473 5006 574 5092 tra
603 4997 842 5062 tolleret
867 5008 956 5063 εει
986 5009 1295 5092 peccatum
1325 5003 1392 5064 in
1421 5019 1487 5092 eo
1517 5019 1639 5063 non
1662 4999 1992 5064 est.0mm's
2012 5009 2111 5079 qui

2199 5012 2356 5092 αἴρῃ.
2385 5013 2482 5070 Καὶ
2538 4997 2763 5090 ἁμαρτία
2792 4997 2860 5067 ίὲν
2917 4997 3060 5085 αὐτῷ
3116 5013 3210 5070 οῦκ
3265 5007 3400 5070 ἔστι.
3460 5013 3569 5070 Πᾶς
3599 5008 3629 5064 0
3658 5008 3837 5085 ἁμαρ-

469 5089 536 5180 ἱῃ
560 5105 625 5151 eo
645 5095 994 5164 manet,non
1019 5091 1465 5171 peccatOmnis
1495 5095 1602 5170 qui
1625 5095 1851 5170 peccat,
1883 5106 2008 5151 non
2029 5095 2111 5152 vi-

2197 5089 2366 5162 τᾶινων
2449 5099 2554 5180 οὔχ
2611 5099 2840 5178 ἑώρακεν
2899 5099 3077 5156 αὐτὸν.
3159 5098 3278 5180 οῦδξ
3352 5096 3580 5174 ἔγνωκεν
3652 5096 3829 5152 αὐτόν.

469 5177 560 5240 dit
578 5193 718 5240 eum
748 5193 856 5238 nec
873 5169 1336 5258 cognoviteum.
1361 5169 1596 5260 Filioli,
1626 5169 1803 5241 uerno
1819 5195 1918 5241 vos
1931 5178 2111 5240 sed-u-

2197 5182 2407 5255 Τεκνία,
2467 5169 2650 5255 μηδεὶς
2685 5169 2958 5236 ’πλανάτω
3013 5181 3150 5254 ὑμᾶς
3184 5194 3198 5208 ’
3265 5169 3322 5235 Ὀ
3367 5169 3532 5233 ποιῶν
3597 5177 3697 5242 τὴν
3753 5173 3838 5232 δι-

471 5267 880 5342 cat.0ui/acit
897 5256 1440 5347 justitiamjuslus
1474 5275 1560 5331 est
1582 5256 1749 5338 ἐῖσαι
1778 5275 1833 5329 et
1864 5267 2111 5347 iltejus-

2198 5271 2483 5338 καισσόνην
2549 5267 2746 5333 δίκαιός
2803 5268 2935 5343 ἐστι,
3021 5269 3194 5334 καθὼς
3263 5266 3468 5329 ἐκεῖνός
3539 5265 3705 5344 ἐστιν,
3783 5256 3839 5323 Ὀ

472 5362 567 5417 tus
597 5363 706 5417 est.
744 5355 868 5434 Qui
890 5358 1036 5434 facit
1061 5367 1394 5438 peccatum,
1427 5374 1504 5420 ea:
1534 5355 1773 5419 diabolo
1819 5364 1929 5431 est,
1963 5373 2111 5436 quo-

2202 5367 2373 5417 ποιῶν
2440 5361 2540 5427 τὴν
2607 5359 2863 5437 ἁμαρτίαν
2906 5359 2967 5415 ὲκ
3035 5367 3127 5417 τοῦ
3216 5353 3462 5413 διαϐόλου
3515 5354 3685 5435 ἔστιν,
3759 5353 3839 5412 ὅτι

471 5449 640 5507 niam
672 5443 748 5506 ab
777 5445 957 5508 initio
987 5446 1262 5510 diabolus
1301 5454 1526 5528 peccat.
1559 5445 1647 5508 Ad
1673 5445 1782 5507 hoc
1825 5445 2111 5526 apparuit

2201 5445 2293 5506 ἀπ’
2342 5448 2520 5529 ἀρχῆς
2577 5450 2605 5504 0
2676 5444 2915 5510 διάϐολος
2971 5445 3282 5526 ἁμαρτάνει.
3354 5445 3442 5510 Εἰς
3483 5450 3636 5500 τοῦτο
3704 5441 3840 5523 ἔφα-

471 5530 664 5594 Fi'lt'us
693 5529 829 5606 Dei,
861 5541 926 5596 ut
954 5534 1237 5599 dissolvat
1266 5553 1447 5616 opera
1468 5533 1719 5598 diaboli.

2201 5538 2401 5616 νερὼθη
2437 5539 2465 5593 0
2522 5537 2640 5598 Γὶὸς
2703 5545 2796 5595 τοῦ
2863 5542 2995 5592 Θεοῦ
3050 5535 3141 5590 ’ίνα
3211 5533 3346 5609 λύσῃ
3416 5533 3481 5589 τὰ
3553 5531 3679 5612 ἔργα
3749 5541 3842 5590 τοῦ

2202 5624 2446 5683 διαϐόλου
2458 5672 2470 5686 .
2503 5649 2530 5681 ι
