4192 6212
291 333 414 399 649

1368 338 1762 405 COMMENT.
1810 337 1891 404 IN
1935 334 2175 402 EPIST.
2225 342 2251 401 Ι
2292 337 2641 404 JOANNIS.

3575 335 3695 402 650

372 472 779 535 Κατασκευάσας
825 474 913 529 τὸν
940 473 1058 552 περὶ
1088 470 1419 541 δικαιοσύνης
1477 473 1637 553 λόγον
1696 473 1780 530 διὰ
1835 483 1938 532 τῶν

2104 474 2459 538 Conﬁrmata
2490 476 2549 537 iu
2572 475 2981 556 superioribus
3002 492 3282 537 sermone
3298 475 3373 537 de
3384 473 3617 556 justitia
3648 492 3683 537 a

292 557 543 638 ἀνωτέρω
599 560 704 617 ἀπὸ
747 562 851 619 τῶν
907 562 1004 630 τῆς
1063 560 1405 630 δικαιοσύνης
1469 562 1669 642 καλῶν,
1715 587 1803 620 νυν
1861 566 1947 621 καὶ

292 648 398 703 ἀπὸ
441 656 534 704 106
582 648 816 707 ἐναντίου
858 653 946 707 καὶ
991 658 1096 707 τῶν
1153 651 1560 730 ἐνυπαρχόντων
1603 653 1746 725 αύτῷ
1790 653 1946 732 ἐφορ-

296 741 371 809 μᾷ
398 743 466 813 τῇ
498 736 780 819 ἀποδείξει,
814 741 901 795 καί
942 761 1072 820 φησι
1107 758 1121 773 ’
1157 762 1184 793 α
1219 746 1325 820 Πᾶς
1370 740 1399 795 6
1430 747 1599 796 ποιῶν
1640 742 1737 807 την
1767 742 1943 819 ἁμαρ-

290 823 431 886 τίαν,
469 849 495 879 ι
526 828 763 883 τοιοῦτόν
793 850 840 883 τι
873 827 1069 907 λέγων,
1102 827 1183 883 ὅτι
1245 819 1430 903 ’Υμεῖς
1463 832 1509 885 οἱ
1536 829 1939 903 υἱοθετηθέντες,

291 909 570 990 ἐργάζεσθε
630 918 730 983 τὴν
773 914 1133 996 δικαιοσύνην,
1189 918 1276 972 καὶ
1334 918 1411 991 μὴ
1482 917 1672 995 ἀργοὺς
1731 919 1942 981 ἑαυτοὺς

290 998 606 1079 ἀποφαίνετε
659 1004 879 1072 ταύτης.
936 996 1028 1069 Ὠς
1088 1006 1187 1083 γὰρ
1239 1004 1324 1061 ἐπὶ
1373 1012 1472 1073 τῆς
1516 1007 1771 1086 ἁμαρτίας
1841 1010 1945 1085 οὐχ

291 1088 320 1142 6
364 1090 594 1159 ποιήσας
622 1090 657 1159 ἢ
687 1094 715 1148 6
742 1094 1006 1173 ποιήσων,
1041 1093 1246 1155 ἐκεῖνός
1291 1093 1431 1150 ἐστιν
1488 1097 1516 1151 6
1584 1094 1782 1168 ἄνομος
1838 1094 1874 1162 ἢ
1918 1097 1946 1150 6

292 1176 629 1262 ἁμαρτωλὸς,
673 1179 792 1237 ἀλλ’
837 1184 864 1237 6
908 1182 1169 1260 ἐχόμενος
1210 1184 1305 1239 106
1343 1192 1508 1242 κακοῦ
1566 1184 1652 1239 καὶ
1709 1183 1940 1262 ἐνεργὸς,

291 1261 431 1349 οὕτω
487 1266 576 1321 καὶ
631 1265 825 1332 δίκαιος
872 1268 976 1349 οὐχ
1032 1272 1061 1326 6
1103 1270 1407 1349 ἀπρακτῶν,
1467 1269 1586 1327 ἀλλ’
1647 1273 1674 1328 6
1706 1261 1939 1349 ἐνεργός.

291 1348 490 1407 ’ἰστέον
514 1349 568 1407 δὲ
606 1355 680 1417 ὡς
735 1348 971 1435 ἁμαρτία
1016 1357 1113 1433 μὲν
1249 1357 1342 1414 106
1385 1359 1580 1436 ἀγαθοῦ
1640 1348 1943 1421 ἀπόπτωσίς

292 1436 460 1518 ἐστιν,
529 1440 742 1517 ἀνομία,
816 1441 872 1501 δὲ
944 1447 1061 1525 περὶ
1128 1448 1217 1503 τὸν
1272 1448 1420 1503 θετὸν
1476 1448 1637 1522 νόμον
1696 1446 1946 1522 πλημμέ-

289 1525 434 1588 λεια.
498 1531 596 1586 Καὶ
648 1533 846 1601 ταύτην
903 1532 1115 1613 ἔχουσιν
1176 1535 1354 1614 ἀρχὴν
1421 1534 1663 1613 ἕκάτερον
1718 1536 1941 1615 τούτων,

288 1617 353 1671 τὸ
407 1616 504 1691 μὲν
552 1618 650 1686 τὴν
698 1620 802 1677 ἀπὸ
844 1625 936 1679 τοῦ
992 1623 1190 1701 ἀγαθοῦ
1244 1623 1529 1701 ἔκπτωσιν,
1591 1626 1651 1680 τὸ
1720 1622 1776 1680 δὲ
1846 1625 1944 1691 τὴν

2034 561 2200 624 bonis
2221 565 2491 643 justitiaa,
2526 584 2681 625 nunc
2713 565 2889 626 etiam
2918 584 2951 625 a
2980 564 3297 626 contrariis
3348 574 3406 625 et
3427 564 3519 626 his
3549 582 3681 645 qum

2028 650 2139 730 ipsi
2173 653 2451 713 accidunt
2502 654 3073 715 demonstrationem
3129 652 3400 727 assumit,
3453 661 3511 713 et
3548 652 3675 714 ait:

2035 736 2274 801 «Omnis
2297 741 2394 821 qui
2417 741 2552 802 facit
2579 751 2950 821 penatum.»
2981 740 3123 801 Tale
3146 740 3427 820 quiddam
3447 740 3684 802 dicens:

2029 828 2147 887 Vos
2182 828 2280 908 qui
2312 828 2572 908 adoptati
2602 829 2763 900 estis,
2797 828 3461 910 Opereminijustitiam,
3492 847 3692 908 neque

2028 935 2130 976 vos
2152 918 2311 996 ipsus
2345 918 2763 980 exhibeatisin
2798 919 2906 979 hac
2929 915 3685 988 otiosos.Quemadmodum

2029 1004 2188 1065 enim
2223 1005 2282 1065 iu
2319 1016 2559 1083 peccato
2623 1026 2737 1067 non
2798 1012 2845 1067 is
2875 1006 2976 1086 qui
3004 1006 3144 1067 fecit
3173 1015 3275 1065 aut
3305 1008 3537 1067 futurus
3567 1014 3681 1079 est,

2027 1092 2128 1155 ille
2148 1091 2389 1173 iniquus
2416 1093 2634 1155 dicitur
2649 1102 2747 1155 aut
2772 1093 3177 1174 peccator,sed
3193 1093 3290 1173 qei
3315 1094 3465 1154 malo
3488 1093 3685 1155 adhae-

2028 1189 2119 1242 ret
2151 1182 2400 1261 ejusque
2431 1190 2705 1262 operator
2747 1191 2836 1244 est
2862 1204 2875 1241 :
2904 1183 2983 1243 ita
3013 1192 3069 1242 et
3092 1181 3288 1262 justus
3317 1200 3435 1242 non
3464 1181 3686 1243 dicitur

2029 1270 2078 1328 is
2105 1269 2203 1348 qui
2240 1269 2389 1330 nihil
2450 1271 2701 1349 proﬁcit,
2762 1278 2863 1330 aut
2921 1270 3189 1349 ignavus,
3225 1268 3330 1331 sed
3376 1276 3677 1330 strenuus.

2029 1355 2344 1419 Sciendum
2366 1366 2561 1419 autem
2588 1357 2745 1437 quod
2768 1359 2997 1437 αμαρτία
3020 1356 3261 1437 quidem
3282 1356 3342 1417 id
3368 1366 3456 1417 est
3473 1374 3685 1437 pecca-

2032 1456 2155 1506 tum
2176 1452 2265 1505 est
2288 1445 2486 1525 lapsus
2524 1445 2597 1507 ab
2622 1464 2691 1506 eo
2715 1446 2869 1526 quod
2897 1445 3116 1507 bonum
3142 1453 3232 1506 est
3258 1464 3271 1504 :
3294 1445 3483 1520 ἀνομία
3512 1464 3677 1522 vero,

2027 1531 2086 1592 id
2119 1541 2209 1593 est
2239 1533 2640 1614 iniquitas,est
2662 1534 2944 1596 delictum
2969 1536 3130 1595 circa
3153 1534 3346 1613 legem
3372 1533 3623 1613 positam
3661 1552 3676 1594 :

2029 1632 2086 1684 et
2110 1633 2422 1706 utrumque
2437 1626 2649 1687 horum
2672 1625 2728 1685 id
2752 1626 2933 1687 habet
2951 1624 3182 1685 initium
3204 1642 3453 1704 :nempe
3476 1643 3684 1705 pecca-

288 1706 409 1808 περὶ
449 1706 542 1761 τὸν
581 1710 728 1764 θετὸν
772 1709 934 1786 νόμον
986 1710 1385 1808 πλημμέλειαι.
1450 1713 1811 1792 Συμφέρονται
1885 1711 1938 1769 δὲ

2024 1712 2698 1791 tum,degenerationem
2731 1713 2803 1774 ab
2837 1732 2906 1775 eo
2950 1713 3105 1794 quod
3139 1711 3359 1775 bonum
3392 1720 3522 1775 est:
3556 1713 3678 1775 ini-

287 1795 508 1861 ταύταις
576 1799 662 1853 καὶ
715 1800 850 1854 κατὰ
901 1799 1112 1859 ταύτόν.
1172 1795 1235 1858 FO
1306 1823 1364 1858 τε
1435 1802 1535 1881 γὰρ
1594 1802 1931 1881 ἁμαρτάνων,

288 1892 383 1940 τοῦ
425 1887 562 1942 κατὰ
589 1887 688 1955 τὴν
728 1889 878 1967 φύσιν
936 1890 1024 1944 καὶ
1079 1888 1133 1946 ἐν
1187 1896 1257 1967 τῇ
1301 1890 1451 1970 φύσει
1509 1890 1746 1970 ἀπέτυχε
1804 1912 1935 1947 σκο-

288 1976 412 2035 1106.
466 1976 675 2038 Σκοπὸς
707 1978 805 2056 γὰρ
974 1977 1269 2056 ἀνθρωπεία
1324 1980 1496 2058 φύσει,
1554 1981 1615 2036 τὸ
1672 1979 1806 2035 κατὰ
1846 1980 1936 2034 τὸν

288 2060 454 2140 λόγον
495 2069 611 2140 ζῇν,
673 2067 771 2131 τῆς
815 2064 1032 2146 ἀλογίας
1103 2066 1282 2145 πόρρω
1315 2067 1688 2144 ἀπῳκισμένη.
1752 2059 1939 2123 ⁹Ωσαύ-

288 2173 396 2214 τως
428 2153 515 2207 καὶ
569 2155 596 2209 6
637 2154 874 2229 ἀνομῶν,
912 2153 1231 2230 πλημμελεῖ
1272 2157 1389 2234 περὶ
1432 2157 1523 2211 τὸν
1568 2154 1623 2209 ἐν
1679 2160 1747 2230 τῇ
1789 2156 1936 2235 φύσει

288 2237 568 2316 δεδομένον
596 2243 779 2318 νόμον,
840 2241 1205 2321 δια-γινόμενος
1263 2244 1526 2324 ἀκρατως.
1591 2242 1779 2308 Καλῶς
1851 2244 1937 2300 οὖν

287 2331 316 2384 6
360 2332 600 2404 μαθητὴς
640 2334 735 2388 106
765 2334 948 2412 Κυρίου
992 2335 1065 2396 εἷς
1108 2335 1296 2392 ταῦτὸν
1339 2334 1609 2413 ἀμφι-τερα
1659 2332 1941 2412 περιέστη-

288 2437 403 2479 σεν.
443 2441 471 2473 ι
506 2422 602 2476 Καὶ
631 2419 811 2477 οἴδατε
858 2420 937 2477 ὅτι
987 2421 1192 2488 ἐκεῖνος
1252 2422 1577 2502 ἐφανερώθη.
1619 2444 1641 2478 ο
1706 2422 1777 2479 03
1827 2437 1934 2495 μτν

289 2526 378 2584 γε,
418 2508 569 2585 φησὶ,
617 2509 799 2588 χώραν
830 2508 905 2567 ἔτι
951 2512 1173 2590 σχοίητε
1215 2520 1309 2589 τρῦ
1339 2511 1676 2591 ἁμαρτάνειν.
1712 2517 1935 2590 Χριστοῦ

2020 1800 2213 1881 quitas
2234 1809 2456 1881 autem,
2478 1801 2852 1862 committere
2872 1802 3155 1862 adversus
3177 1800 3425 1880 positam
3458 1800 3677 1882 legem.

2020 1891 2394 1950 Conveniunt
2417 1898 2612 1951 autem
2638 1890 2796 1951 inter
2813 1908 2878 1951 se
2896 1898 2954 1951 et
2977 1889 3131 1950 circa
3152 1888 3311 1950 idem
3333 1896 3493 1951 sunt.
3527 1891 3675 1952 Nam

2022 1986 2080 2038 et
2105 1980 2151 2038 is
2186 1982 2281 2057 qui
2316 1978 2799 2058 peccat,[aberrat
2828 1997 2862 2039 a
2890 1997 3070 2058 scopo
3103 1977 3204 2058 qui
3228 1984 3317 2039 est
3344 1977 3675 2040 secundum

2023 2074 2289 2126 naturam
2324 2074 2382 2127 et
2411 2067 2471 2127 in
2504 2068 2631 2147 ipsa
2661 2077 2871 2129 natura
2906 2088 2919 2127 :
2956 2085 3172 2145 scopus
3203 2066 3363 2126 enim
3398 2066 3674 2129 humanae

2023 2162 2246 2214 naturae
2278 2166 2363 2214 est
2395 2156 2586 2215 vivere
2627 2156 2958 2217 secundum
3019 2154 3335 2229 rationem,
3374 2161 3435 2214 ut
3470 2157 3676 2233 procul

2023 2241 2323 2320 disjuncta
2345 2242 2421 2302 sit
2441 2243 2513 2303 ab
2534 2243 3004 2305 irrationalitate.
3040 2242 3330 2305 Similiter
3360 2251 3417 2303 et
3439 2242 3677 2323 quiagit

2022 2329 2549 2411 inique,delinquit
2563 2332 2722 2392 circa
2735 2332 2926 2392 datam
2941 2331 3001 2391 in
3018 2340 3224 2392 natura
3240 2331 3677 2409 legem.intem-

2023 2428 2302 2498 peranter
2357 2420 2625 2481 affectus.
2679 2419 2863 2482 Recte
2893 2439 3030 2498 ergo
3071 2418 3405 2499 discipulus
3436 2418 3676 2483 Domini

2019 2516 2335 2587 ptrumque
2363 2507 2420 2568 in
2451 2509 2605 2569 idem
2632 2516 3032 2570 commutavnt.
3067 2507 3171 2569 «Et
3199 2508 3365 2569 scitis
3395 2508 3553 2587 quod
3572 2508 3674 2572 ille

433 2573 566 2651 ’ἐπ”
621 2573 918 2676 ἀνάαιρέσει
988 2573 1114 2668 ἰτ-ἦς-
1146 2573 1401 2679 ἁμαρτίας
1452 2573 1932 2679 ’παραγενομένοψ

2023 2573 2413 2676 Κρρειτυὸτίι.»
2443 2596 3281 2677 Nequaquam,inquit,locum
3298 2573 3429 2675 jani
3449 2596 3673 2661 habere

286 2681 409 2739 καθ’
452 2681 532 2739 ὅτι
592 2684 861 2765 ἀμέτοχος
918 2689 982 2757 ἧν
1041 2691 1324 2768 ἁμαρτίας,
1393 2686 1509 2745 οὒδὲ
1569 2690 1698 2764 ὑμῖν
1730 2687 1937 2745 ὑπολεί-

2023 2684 2268 2765 potestis
2309 2687 2616 2764 peccandi.
2646 2686 2786 2747 579
2820 2688 2963 2748 Cum
2999 2686 3158 2747 enim
3192 2684 3462 2747 Christus
3490 2684 3673 2747 adve-

288 2791 447 2828 πεται
494 2772 570 2829 ἔτι
629 2775 945 2854 ἁμαρτάνειν
1004 2791 1119 2840 τοῖς
1178 2777 1232 2834 ἐν
1276 2778 1418 2850 αὖτῷ
1474 2777 1775 2855 γευομένοις
1847 2780 1935 2833 γαὶ

2023 2774 2259 2837 neritad
2286 2773 2611 2833 tollendum
2640 2784 2972 2854 peccatum,
3001 2772 3281 2853 quoniam
3304 2791 3419 2833 non
3434 2772 3676 2836 eratille

287 2857 629 2935 βεϐαιωθεϊσι
684 2870 752 2940 τῇ
799 2866 873 2927 εἷς
931 2869 1087 2926 αὐτὸν
1144 2868 1341 2928 πίστει.
1387 2866 1551 2923 T0610
1592 2868 1692 2945 γὰρ
1740 2865 1932 2942 βουλε-

2023 2861 2313 2942 particeps
2339 2863 2584 2941 pet-cati,
2622 2882 2813 2943 neque
2837 2863 3001 2923 vobis
3032 2862 3307 2923 relictum
3342 2869 3432 2921 est
3456 2868 3669 2922 utam-

287 2971 378 3005 ται
408 2953 685 3025 σημαίνειν
715 2951 799 3009 διὰ
824 2956 939 3027 106,
989 2962 1095 3017 Πᾶς
1126 2957 1154 3011 ὁ
1183 2954 1237 3010 ἐν
1265 2958 1404 3029 αὐτῷ
1436 2955 1633 3030 μένων.

2023 2952 2168 3030 plius
2202 2950 2479 3027 peccetis,
2516 2950 2615 3029 qui
2645 2951 2716 3011 ad
2779 2970 2913 3011 eum
2949 2950 3309 3020 accessistis,
3348 2956 3405 3010 et
3436 2948 3499 3009 in
3547 2949 3670 3012 ﬁde

288 3034 481 3115 ipsius
523 3041 856 3104 confirmati
891 3042 1054 3105 estis.
1088 3042 1233 3104 Nam
1266 3043 1380 3104 hoc
1409 3041 1742 3122 siguificare
1767 3041 1894 3103 vult
1924 3060 2055 3103 cum
2091 3038 2170 3099 ait
2206 3058 2218 3099 ε
2270 3035 2475 3099 Omnis
2507 3039 2608 3118 qui
2642 3040 2700 3099 in
2734 3058 2804 3102 eo
2842 3048 3066 3100 manet.

375 3130 536 3192 Οὗτος
590 3128 647 3186 δέ
714 3130 856 3187 ἐστιν
910 3135 938 3189 6
1005 3132 1293 3195 ἀνενδότως
1336 3133 1431 3195 τᾶς
1474 3134 1663 3210 ἀρετᾶς
1710 3134 1925 3208 μετιὼν,

2096 3126 2204 3188 Hic
2223 3134 2418 3187 autem
2471 3137 2560 3187 est
2609 3127 2709 3207 qui
2742 3128 2902 3189 serio
2934 3136 2994 3187 et
3021 3126 3247 3207 absque
3276 3126 3409 3187 fuco
3439 3126 3670 3189 accedit

288 3216 383 3271 καὶ
426 3215 691 3292 μηδέποτε
733 3225 832 3287 τῆς
876 3221 1072 3277 τούτων
1113 3220 1402 3299 ἀπολήγων
1433 3221 1699 3301 ἐργασίας.
1776 3239 1806 3279 (
1841 3222 1936 3277 Καὶ

2023 3217 2086 3278 ad
2121 3216 2387 3288 virtutes,
2424 3223 2483 3275 et
2515 3234 2813 3295 nunquam
2849 3225 3038 3278 cessat
3084 3215 3157 3277 ab
3188 3216 3531 3295 operatione
3563 3233 3669 3277 ea-

288 3305 519 3385 ἁμαρτία
549 3306 603 3362 ἐν
643 3312 784 3383 αὖτῷ
831 3311 925 3366 οὒκ
976 3309 1109 3369 ἐστι.
1151 3334 1171 3365 ι
1240 3317 1349 3374 Πᾶς
1415 3312 1442 3366 6
1498 3309 1552 3365 ἐν
1594 3312 1735 3384 αὖτῷ
1765 3309 1935 3385 μένων

289 3394 733 3475 σδχάμαρτάνει.
792 3399 885 3473 Τὸ,
948 3401 1069 3473 Καί,
1116 3398 1229 3455 ἀντὶ
1281 3401 1389 3460 106.
1446 3408 1612 3458 Διοτι.
1666 3422 1689 3453 (ι
1741 3405 1848 3462 Πᾶς
1907 3401 1934 3454 6

289 3483 630 3566 ἁμαρτάνων,
696 3510 717 3541 σ
756 3490 843 3544 καὶ
901 3486 1046 3556 ἑξῆς.
1097 3490 1272 3546 Εἰπὼν
1328 3488 1407 3544 ὅτι
1450 3487 1773 3568 ἐφανερώθη,
1846 3488 1934 3543 καὶ

289 3572 391 3638 τὴν
424 3573 587 3629 αἰτίαν
632 3572 700 3631 δι’
742 3576 805 3643 ἦν
860 3575 1187 3657 ἐφανερώθη,
1232 3576 1311 3633 ὅτι
1354 3577 1447 3633 ’ἱνα
1487 3580 1559 3641 ὡς
1620 3577 1697 3653 μὴ
1755 3576 1932 3653 ἀμαρ-

289 3659 406 3714 τίαν
456 3663 684 3732 ποιήσας
754 3665 846 3727 τὰς
915 3666 1169 3744 ἁμαρτιας
1232 3665 1385 3741 ἡμῶν
1446 3664 1572 3743 ἄρῃ,
1642 3663 1931 3735 τουτέστιν,

291 3747 544 3827 ἀφανίσῃ,
589 3751 845 3832 ἐπιφέρει,
919 3753 1023 3829 ὅτι,
1108 3776 1131 3809 ι
1198 3761 1306 3819 Πᾶς
1378 3756 1405 3809 6
1464 3754 1776 3832 ἁμαρτάνων
1834 3755 1935 3832 οὐχ

291 3836 522 3913 ἑώρακεν
548 3840 725 3901 αὐτόν.
762 3865 790 3896 »
844 3844 903 3900 Εἰ
949 3844 1049 3921 γὰρ
1103 3843 1283 3917 ὑμεῖς,
1335 3843 1517 3922 φησὶν,
1575 3842 1769 3903 οἵτινες
1829 3864 1934 3921 φα-

291 3925 600 4003 νερωθέντος
656 3930 815 3989 αὐτοῦ
882 3932 1149 4008 ἑωράκατε
1191 3931 1371 4010 αὑτὸν,
1415 3931 1502 3985 καί
1555 3947 1785 4005 σημεῖον
1842 3937 1935 3985 106

292 4014 579 4091 ἑωρακέναι
624 4020 780 4077 αὐτὸν
810 4016 1047 4089 ἐλάϐετε,
1080 4020 1141 4074 τὸ
1190 4018 1267 4092 μὴ
1316 4018 1625 4097 εὐχείρωτοι
1668 4018 1809 4074 εἶναι
1868 4024 1936 4093 τῇ

292 4103 520 4181 ἁμαρτίᾳ
589 4103 678 4162 ἅτε
748 4105 943 4171 τελέως
1001 4107 1055 4163 ἐν
1112 4107 1254 4182 αὐτῷ
1327 4105 1664 4186 ἡδρασμένοι,
1724 4105 1934 4168 πάντως

2016 3325 2170 3367 rum.
2212 3328 2238 3358 α
2287 3302 2356 3364 Et
2395 3313 2699 3383 peccatum
2750 3305 2811 3365 in
2846 3325 2913 3365 eo
2948 3323 3065 3365 non
3098 3313 3208 3364 est.
3246 3327 3269 3362 υ
3313 3303 3667 3385 Conjunctio

2015 3396 2101 3449 καὶ
2132 3392 2189 3453 id
2225 3400 2313 3452 est
2355 3399 2431 3465 et,
2486 3391 2715 3471 capitur
2765 3410 2870 3472 pro
2906 3392 3226 3465 Quoniam.
3268 3415 3293 3445 ‹‹
3328 3390 3535 3453 Omnis
3566 3392 3668 3473 qui

2018 3490 2221 3561 peccat
2260 3506 2281 3536 υ
2322 3489 2379 3541 et
2411 3488 2641 3541 caztera.
2684 3479 2829 3543 Cum
2876 3481 3121 3541 dixisset
3167 3480 3323 3560 quod
3355 3482 3663 3560 apparuis-

2014 3578 2122 3643 set,
2165 3579 2223 3629 et
2272 3587 2507 3629 causam
2542 3578 2782 3648 propter
2814 3587 2986 3649 quam
3020 3568 3410 3649 apparuisset,
3449 3586 3668 3647 nempe

2017 3666 2077 3719 ut
2111 3665 2348 3738 peccata
2382 3667 2579 3718 nostra
2601 3658 2849 3726 tolleret.
2881 3658 2993 3719 hoc
3012 3666 3121 3729 est,
3150 3658 3224 3717 de
3247 3657 3442 3718 medio
3463 3656 3665 3718 aufer-

2015 3756 2104 3807 ret
2133 3766 2200 3807 ac
2235 3745 2480 3821 deleret,
2518 3756 2792 3826 tanquam
2824 3746 2873 3806 is
2896 3746 3000 3825 qui
3033 3754 3335 3825 peccatum
3360 3764 3475 3805 non
3499 3745 3666 3807 fece-

2016 3834 2435 3914 rat,subjungit
2463 3855 2476 3894 :
2504 3834 2743 3897 «Omnis
2764 3834 2863 3916 qui
2898 3843 3102 3914 peccat
3126 3853 3244 3894 non
3271 3834 3414 3895 vidit
3436 3853 3596 3897 eum.
3638 3857 3661 3890 ι

2017 3928 2166 3987 Nam
2217 3923 2268 3984 si
2310 3942 2429 3998 vos,
2485 3924 2699 4003 inquit,
2734 3924 2832 4004 qui
2866 3923 3093 3983 vidistis
3123 3942 3257 3983 eum
3292 3923 3432 3983 dum
3470 3923 3667 3983 mani-

2018 4015 2260 4073 festatus
2292 4013 2653 4084 esset,etiam
2682 4015 2915 4091 signum
2962 4011 3275 4092 accepistis
3294 4012 3449 4091 quod
3474 4013 3669 4091 ipsum

2018 4102 2305 4176 videritis,
2337 4121 2389 4160 n-
2417 4119 2552 4179 mpe
2587 4102 2744 4179 quod
2791 4119 2906 4162 non
2949 4100 3119 4162 facile
3142 4109 3434 4181 apeccato
3465 4102 3669 4180 capia-

290 4212 394 4248 που
451 4193 496 4247 οἱ
551 4194 938 4272 ἁμαρτάνοντες
1009 4194 1126 4252 οὔτε
1169 4193 1461 4273 ἑωράκασιν
1518 4197 1694 4255 αὐτόν,
1760 4191 1838 4249 Δι’
1909 4192 1937 4248 ὅ

2024 4190 2167 4250 mini
2193 4197 2470 4269 tauquam
2507 4190 2766 4268 perfeme
2793 4191 2853 4249 in
2881 4189 3008 4270 ipso
3039 4189 3396 4252 confirmati.
3420 4190 3665 4251 omnino

291 4277 405 4338 οὐδὲ
450 4278 703 4358 ἔγνωσαν,
762 4282 1049 4361 ἑωρακέναι
1105 4284 1192 4340 καὶ
1250 4281 1536 4361 ἐγνωκέναι
1593 4281 1652 4338 οὗ
1693 4284 1753 4338 τὸ
1798 4282 1934 4337 κατὰ

2023 4298 2154 4341 sane
2181 4281 2279 4359 qui
2314 4289 2582 4359 peccant,
2645 4280 2706 4341 hi
2762 4298 2880 4340 non
2917 4280 3189 4340 viderunt
3220 4279 3462 4359 quidem
3497 4298 3658 4359 eum,

292 4368 457 4444 ψιλὴν
498 4376 603 4427 τῶν
645 4369 820 4447 ἅψεων
863 4369 1033 4450 λέγων
1063 4371 1295 4451 ἐπαφὴν,
1346 4368 1461 4426 οὔδε
1489 4372 1551 4426 τὸ
1607 4370 1743 4427 κατά
1797 4392 1933 4446 προ-

2023 4378 2260 4447 propter
2276 4374 2432 4447 quod
2456 4387 2648 4449 neque
2663 4376 3065 4447 cognoverunt
3090 4385 3103 4429 :
3132 4369 3352 4429 vidisse
3373 4377 3432 4427 et
3456 4384 3670 4444 coyno-

293 4478 475 4536 χειρον
522 4461 807 4538 φαντασίαν
876 4459 1225 4541 ἐνηργηκέναι
1268 4460 1455 4523 αὖτοὺς
1498 4460 1616 4537 περὶ
1671 4460 1732 4514 τὸ
1787 4481 1932 4536 γνω-

2023 4459 2169 4519 uisse
2190 4456 2395 4518 dicens
2430 4478 2542 4517 non
2576 4460 2902 4519 secundum
2940 4458 3162 4519 nudum
3194 4457 3503 4518 oculorum
3536 4475 3673 4536 pro-

293 4547 442 4620 στὸν,
503 4547 640 4604 ἀλλὰ
699 4551 759 4605 τὸ
812 4551 946 4625 μετά
999 4572 1139 4614 τινος
1190 4549 1408 4629 κρίσεως
1454 4550 1539 4604 καὶ
1599 4547 1934 4616 ἐσπιστήμης

2023 4554 2513 4626 spectum,neque
2526 4549 2678 4627 quod
2699 4547 3025 4608 secundum
3049 4546 3281 4606 facilem
3305 4545 3674 4622 imaginatio-

292 4634 394 4701 τὴν
465 4638 594 4714 πρὸς
655 4638 813 4693 αὐτὸν
874 4637 1228 4705 πεποιηκέναι
1297 4636 1651 4717 προσαγωγὴν
1726 4636 1933 4707 αὐτοὺς,

2023 4652 2155 4694 nem
2176 4633 2438 4712 egissent
2466 4636 2537 4694 ad
2563 4635 3099 4713 roguituonemscd
3128 4634 3285 4712 quod
3310 4652 3445 4693 cum
3472 4633 3672 4712 aliquo

292 4725 366 4786 ὡς
410 4723 654 4803 ἀνωτέρω
715 4728 1020 4805 εἰρήκαμεν.
1082 4729 1319 4806 Εἰρηκὼς
1392 4725 1447 4782 δὲ
1503 4732 1687 4804 ταῦτα,
1734 4725 1937 4799 πρόεισι

2023 4722 2237 4801 iudicio
2260 4731 2318 4782 et
2341 4722 2591 4783 scientia
2604 4724 3045 4802 operatiesseut
3067 4738 3372 4781 accessum
3386 4719 3456 4779 ad
3476 4717 3672 4798 ipsum

290 4808 676 4887 βεϐαιωτικὼς,
724 4812 805 4870 ὅτι
888 4837 915 4869 α
976 4814 1170 4881 Μηδεὶς
1221 4813 1472 4871 πλανάτω
1542 4814 1699 4886 ὑμᾶς.
1767 4833 1791 4869 ο
1868 4813 1938 4868 Οὒ

2023 4810 2525 4889 quemadmodum
2585 4829 2767 4891 supra
2822 4810 3096 4872 diximus.
3134 4808 3239 4871 His
3264 4815 3460 4868 autem
3496 4806 3675 4868 dictis

288 4901 390 4978 γὰρ
421 4898 595 4966 ἄλλως
640 4900 756 4982 ἔχει
786 4901 822 4970 ἢ
877 4902 1042 4966 οὕτως
1078 4921 1091 4935 ⁸
1158 4894 1216 4962 ’0
1260 4908 1426 4959 ποιῶν
1455 4902 1560 4957 τὼν
1607 4898 1940 4967 δικαιοσύνην
2023 4900 2251 4960 firmius
2284 4900 2574 4980 procedit,
2611 4901 2819 4961 dicens
2878 4917 2890 4961 ζ
2935 4925 2952 4953 ι
2992 4896 3178 4959 Nemu
3210 4915 3310 4957 vos
3340 4896 3605 4958 seducet.
3638 4915 3668 4956 ι

289 4989 489 5068 ἔγνωκε
542 4994 636 5048 τὸν
677 4990 896 5074 δίκαιον,
945 4998 1030 5051 καὶ
1086 4990 1285 5056 δίκαιός
1338 4992 1479 5049 ἐστιν
1528 4993 1600 5057 ὡς
1655 4993 1743 5047 καὶ
1788 4990 1939 5046 ἐκεῖ-

288 5101 400 5151 νος,
434 5080 722 5155 τουτέστιν,
755 5084 784 5138 ὁ
827 5082 979 5146 Θεός.
1044 5085 1140 5140 Καὶ
1196 5081 1374 5160 ὥσπερ
1430 5086 1608 5155 τοῦτο,
1666 5078 1804 5136 οὕτω
1856 5076 1944 5135 καὶ

286 5169 350 5225 τὸ
406 5169 717 5233 ἁπεναντίας
778 5169 939 5227 πάλιν
972 5187 987 5202 ⁸
1065 5162 1122 5228 Ὀ
1166 5172 1262 5237 τὴν
1322 5170 1577 5248 ἁμαρτίαν
1632 5174 1822 5241 ποιῶν,
1885 5167 1943 5223 ἐκ

287 5268 382 5317 τοῦ
437 5258 754 5339 ἀμαρτωλοῦ
782 5258 942 5318 ἐστιν.
994 5261 1156 5322 Οὗτος
1212 5256 1266 5314 δέ
1309 5258 1449 5314 ἐστιν
1507 5260 1535 5314 6
1587 5253 1851 5325 διάϐολος,
1884 5256 1940 5319 ὃς

286 5344 381 5404 ἀπ’
437 5346 610 5428 ἀρχῆς
668 5349 979 5426 ἁμαρτάνει.
1031 5345 1109 5404 Δι’
1167 5348 1196 5404 ὃ
1251 5348 1339 5403 καὶ
1395 5345 1682 5422 κηδόμενος
1739 5347 1767 5400 6
1812 5346 1941 5407 Θεὸς

286 5442 381 5493 106
440 5437 624 5493 ἑαυτοῦ
705 5435 1040 5518 πλάσματος,
1124 5435 1427 5502 δικαιοσύνη
1509 5435 1597 5490 καὶ
1680 5434 1941 5511 ἁγιασμὸς

285 5525 568 5604 ὑπάρχων,
619 5526 947 5607 ἐφανερώθη,
1005 5524 1121 5594 ἤτοι
1182 5528 1255 5590 εἰς
1324 5526 1416 5583 τὸν
1484 5523 1684 5599 κόσμον
1743 5521 1937 5601 ἐφάνη,

285 5614 382 5670 ’ίνα
425 5614 652 5693 ἀφανίσῃ
680 5618 747 5673 τὰ
775 5615 903 5697 ἔργα
932 5618 1026 5674 106
1070 5612 1337 5692 διαϐόλου,
1388 5612 1424 5672 ἃ
1477 5613 1615 5669 ἐστιν
1671 5613 1707 5679 ἡ
1760 5611 1936 5691 ἆμαρ-

770 5765 1035 5827 ΡΑΤιιοιι.
1082 5765 1197 5827 Gn.
1244 5761 1453 5826 CXIX.

2023 4900 2251 4960 firmius
2284 4900 2574 4980 procedit,
2611 4901 2819 4961 dicens

2025 4984 2229 5067 Neque
2249 4989 2405 5048 enim
2429 4989 2544 5049 alio
2573 4988 2744 5048 modo
2786 4996 2976 5067 potest
3017 5003 3190 5065 quam
3216 4984 3327 5045 isto
3354 5001 3367 5046 :
3398 4982 3509 5055 Qui
3539 4982 3678 5044 facit

2016 5076 2335 5155 justitiam,
2365 5076 2766 5156 novitjustum
2796 5077 3072 5155 etjustus
3119 5083 3227 5148 est,
3276 5074 3431 5135 sicut
3461 5080 3520 5133 et
3547 5072 3674 5145 ille,

2026 5167 2138 5225 hoc
2170 5173 2258 5225 est
2306 5164 2479 5225 Deus.
2542 5164 2610 5225 Et
2659 5162 3160 5245 quemadmodum
3214 5164 3349 5235 hoc,
3383 5162 3464 5222 ita
3495 5161 3673 5222 etiam

2022 5273 2258 5316 rursum
2285 5255 2597 5315 ediverso:
2628 5255 2739 5325 Qui
2761 5254 2897 5315 facit
2932 5261 3265 5333 peccatum,
3300 5269 3334 5310 a
3365 5259 3676 5330 peccatore

2027 5344 2238 5423 est,hic
2263 5352 2464 5404 autem
2490 5352 2579 5403 est
2599 5342 2892 5417 diabolus,
2918 5350 2981 5400 ut
3007 5339 3108 5420 qui
3139 5339 3213 5401 ab
3245 5339 3414 5399 initio
3448 5347 3673 5419 peccat.

2025 5430 2271 5509 Propter
2299 5431 2455 5511 quod
2482 5430 2797 5511 providens
2831 5431 2987 5492 Deus
3010 5447 3132 5490 sua:
3153 5438 3463 5497 creaturas,
3494 5426 3678 5488 factus

2016 5518 2252 5597 justitia
2310 5527 2367 5579 et
2424 5518 2832 5595 sanctificatio,
2893 5517 3307 5579 manifestatus
3349 5524 3438 5577 est
3464 5514 3587 5575 sive
3618 5514 3680 5575 in

2025 5606 2247 5669 mundo
2272 5609 2565 5690 apparuit,
2594 5618 2659 5671 ut
2685 5626 2717 5669 e
2751 5608 2950 5671 medio
2983 5607 3217 5671 tolleret
3245 5625 3429 5688 opera
3455 5602 3681 5667 diabol.

3077 5758 3148 5821 21
