4192 6212
1680 202 1773 217 ’ῃ

548 311 658 377 651

1572 272 1611 361 Ῐ
1660 314 2069 426 (ECUMENIi
2114 313 2408 379 ΤΒΙΟΟιΕ
2452 316 2788 383 EPISCOPI

3787 332 3909 398 652

543 467 675 528 quae
697 457 835 512 sunt
861 459 1189 531 peccatum.
1229 476 1255 506 «
1289 448 1398 521 Qui
1425 446 1560 509 facit
1590 456 1896 528 peccatum
1929 467 1999 510 ex
2031 447 2167 509 Dia-

2258 449 2361 512 τία,
2417 473 2440 506 α
2481 443 2536 507 Ὀ
2566 459 2733 509 ποιῶν
2776 452 2873 520 τὴν
2904 453 3159 533 ἁμαρτίαν
3188 457 3247 514 ἐκ
3279 466 3371 516 τοῦ
3399 458 3643 523 διαϐόλου
3666 464 3833 529 ἐστίν,
3869 490 3903 522 ι

545 535 705 601 bolo.
739 563 766 595 »
792 538 1077 610 Quoniam
1114 547 1369 600 mutatus
1411 537 1520 597 fuit
1550 535 1821 598 diabolus
1851 537 2177 616 peccando,

537 644 605 687 ex
630 626 815 706 ipsius
845 626 1128 688 instinctu
1160 627 1280 705 agit
1306 625 1572 707 quisquis
1599 625 2014 705 peccaminose
2045 644 2184 706 ope-

533 722 697 775 ratur
750 734 763 777 :
822 716 983 795 prius
1033 717 1191 776 enim
1246 716 1304 776 in
1339 734 1682 795 peccantem
1712 714 2043 792 ingreditur
2074 734 2181 793 per

533 803 961 864 immissionem
993 823 1302 884 pravarum
1330 803 2173 883 cogitationum,quemadmo-

533 888 670 950 dum
703 890 763 951 in
795 892 965 955 Juda.
1014 892 1127 955 Sed
1162 894 1323 955 dicet
1347 892 1560 971 aliquis
1620 915 1632 955 :
1660 891 1965 964 Quomodo
1998 892 2177 952 intrat

534 976 876 1041 diabolusin
904 1001 1007 1043 eos
1027 983 1126 1062 qui
1160 991 1408 1062 peccant
1432 983 1513 1054 75,
1550 1000 1682 1042 cum
1714 980 1802 1041 illi
1826 990 1998 1042 antea
2029 999 2173 1061 pec-

530 1069 791 1130 iaverint
812 1070 1010 1132 dando
1031 1071 1145 1150 ipsi
1166 1071 1359 1131 locum
1384 1070 1412 1129 ‘?
1436 1071 1526 1133 Ad
1559 1069 1716 1150 quod
1748 1069 2065 1131 dicendum
2087 1077 2177 1131 est

530 1156 687 1218 idem
741 1177 871 1219 esse
906 1159 1100 1220 facere
1150 1172 1479 1240 peccatum,
1517 1159 1671 1229 quod
1707 1177 1957 1237 peccare
1983 1158 2177 1220 dando

531 1243 730 1306 locum
763 1246 1021 1310 diabolo.
1056 1248 1195 1308 580
1213 1248 1322 1310 Dat
1352 1248 1509 1309 enim
1542 1246 1651 1327 ipsi
1686 1246 1879 1307 locum
1913 1247 2009 1327 qui
2032 1266 2175 1327 pec-

530 1342 622 1394 cat
643 1336 1138 1415 concupiscentiae
1162 1337 1486 1416 subjectus,
1516 1342 1822 1415 postquam
1844 1354 1975 1396 eum
1993 1354 2172 1397 exce-

532 1422 616 1501 pit
635 1424 959 1486 efﬁcaciter
975 1427 1289 1506 perﬁciens
1314 1434 1616 1506 peccatum
1647 1442 1660 1486 :
1690 1443 1822 1485 nam
1849 1425 1961 1485 hoc
1984 1425 2172 1503 signi-

529 1510 666 1571 ﬁcat
684 1512 901 1575 Facere
925 1514 1139 1595 ipsum.
1175 1514 1336 1575 Bene
1378 1524 1575 1575 autem
1614 1522 1671 1576 et
1714 1512 1810 1573 hic
1841 1511 1987 1573 dixit
2024 1512 2173 1584 :Qui

528 1599 815 1671 iacit,n0n
864 1612 1057 1664 autem
1103 1605 1199 1683 qui
1250 1603 1429 1678 fecit;
1479 1621 1611 1664 cum
1645 1603 1693 1662 is
1748 1600 1847 1682 qui
1877 1601 2173 1681 resipiscit

2267 535 2511 617 Ἐπείπερ
2590 542 2800 621 τραπεὶς
2890 545 2918 598 6
2988 542 3230 611 διάϐολος
3309 548 3362 605 ἐν
3446 557 3523 625 τῷ
3590 553 3908 633 ἁμαρτάνειν

2263 626 2498 721 γέγονεν,
2557 628 2607 695 ἐξ
2660 635 2815 689 αὐτοῦ
2877 634 3193 712 χρηματίζει
3275 643 3379 701 πᾶς
3440 640 3469 694 ὃ
3532 626 3904 721 ἁμαρτητικῶς

2262 714 2506 795 ἐνεργῶν.
2570 721 2898 799 Προὰρχεται
2980 723 3079 800 γὰρ
3150 723 3204 779 ἐν
3272 733 3349 801 τῷ
3419 714 3765 803 ἁμαρτάνοντι
3836 730 3905 787 δι’

2258 803 2522 874 ὑποϐολῆς
2566 807 2837 887 λογισμῶν
2869 817 3114 889 πονηρῶν
3144 815 3218 878 ὡς
3258 813 3343 871 ἐπὶ
3372 824 3463 873 τοῦ
3519 817 3708 879 Ἰούδα.
3754 820 3902 878 Ἀλλ’

2260 892 2371 971 ἐρεῖ
2400 917 2478 959 τις
2510 895 2757 990 ὅτι-Πῶς
2791 900 2997 990 ,γίνεται
3044 903 3071 957 6
3113 899 3352 969 διάϐολος
3408 906 3462 962 ἒν
3514 920 3631 972 τοῖς
3660 911 3899 990 ἁμαριά-

2258 1002 2453 1063 νουσιν,
2502 987 2668 1043 αὐτῶν
2716 988 2817 1066 πρὸ
2860 990 3016 1045 αὐτοῦ
3073 992 3464 1070 ἡμαρτηκότων
3520 995 3574 1053 ἐν
3630 1006 3704 1073 τῷ
3758 987 3900 1056 διδό-

2257 1093 2339 1126 ναι
2370 1072 2512 1148 αῦτῷ
2550 1077 2763 1156 τόπον,
2826 1077 2960 1155 Πρὸς
3012 1078 3069 1133 ὃν
3126 1078 3362 1162 λεκτέον,
3421 1084 3607 1141 ταῦτὸν
3652 1088 3796 1144 εἶναι
3840 1090 3902 1144 τὸ

2260 1175 2437 1217 ποιεῖν
2477 1165 2576 1230 τὴν
2634 1164 2888 1243 ἁμαρτίαν
2945 1173 3021 1241 τῷ
3078 1168 3394 1247 ἁμαρτάνειν
3449 1174 3501 1228 ὲν
3572 1181 3649 1249 τῷ
3704 1172 3899 1231 διδόναι

2257 1249 2419 1307 τόπον
2462 1259 2538 1327 τῷ
2566 1251 2814 1328 διαϐόλῳ,
2875 1253 3050 1312 δίδωσι
3082 1258 3181 1335 γὰρ
3224 1262 3364 1334 αὐτῷ
3405 1261 3569 1318 τόπον
3610 1266 3639 1319 6
3668 1264 3904 1339 ἁμαρτὰ-

2258 1360 2358 1394 νων
2429 1339 2672 1416 ὲπιθυμίᾳ
2744 1344 2996 1423 ὑπαχθεὶς
3077 1346 3210 1420 μετὰ
3285 1348 3344 1403 τὸ
3400 1346 3637 1414 δέξασθαι
3719 1352 3897 1423 αὒτὸν,

2256 1431 2558 1505 πρακτικῶς
2604 1430 2859 1487 ἐπιτελῶν
2915 1433 3013 1500 τὴν
3077 1434 3355 1512 ἁμαρτίαν.
3415 1445 3581 1495 Τοῦτο
3637 1441 3737 1521 γὰρ
3792 1464 3901 1509 ση-

2256 1518 2426 1587 μαίνει
2484 1520 2543 1575 τὸ
2575 1532 2751 1576 ποιεῖν
2784 1521 2967 1590 αὐτήν.
3019 1522 3089 1577 Εὖ
3119 1520 3173 1578 δὲ
3217 1523 3343 1579 εἷπε
3371 1526 3459 1581 καὶ
3499 1530 3584 1606 τὸ,
3620 1518 3677 1586 Ὀ
3708 1518 3899 1607 ποιῶν,

2254 1603 2371 1661 ἀλλ’
2410 1608 2537 1687 οὐχ,
2588 1600 2644 1665 Ὀ
2675 1610 2928 1678 ποιήσας,
2973 1620 3065 1669 τοῦ
3091 1614 3513 1686 μετανοήσαντος
3548 1600 3640 1673 οὐκ
3683 1615 3759 1674 ἔτι
3801 1600 3901 1675 ὄνλ

523 1688 649 1768 jam
678 1708 794 1752 non
818 1691 893 1752 sit
929 1712 996 1753 ex
1028 1692 1260 1782 diabolo
1297 1712 1309 1752 :
1366 1693 1470 1782 sed
1512 1692 1563 1752 is
1599 1698 1819 1782 tantum
1847 1691 1947 1772 qui
1977 1690 2167 1752 adhuc

2252 1716 2342 1782 τος
2374 1694 2435 1750 ἐκ
2463 1703 2555 1751 τοῦ
2583 1694 2845 1776 διαϐόλου,
2881 1696 3016 1755 ἀλλὰ
3046 1699 3208 1769 μόνου
3249 1708 3339 1756 τοῦ
3368 1700 3697 1782 ἐνεργοῦντος
3732 1708 3902 1775 αὐτὴν

527 1786 833 1856 peccatum
866 1781 1203 1843 committit.
1230 1784 1313 1844 lta
1329 1781 1485 1841 enim
1512 1789 1569 1841 et
1596 1778 1823 1860 peccati
1846 1797 2052 1840 servus
2082 1787 2171 1840 est

525 1868 626 1947 qui
648 1868 784 1930 facit
822 1880 1222 1948 peccatum,et
1254 1890 1370 1932 non
1414 1870 1514 1950 qui
1543 1871 1703 1932 fecit.
1736 1868 1986 1948 Propter
2012 1868 2167 1948 quod

524 1954 605 2017 ait
631 1975 644 2019 :
673 1955 881 2021 Omnis
912 1961 1013 2041 qui
1042 1960 1178 2023 facit
1205 1968 1538 2040 peccatum,
1567 1964 1770 2020 servus
1802 1965 1891 2019 est
1916 1956 2165 2038 peccati.

1060 2068 1067 2073 ’
1137 2062 1376 2126 CAPUT
1427 2060 1527 2125 1V.

516 2163 624 2251 De_
636 2166 807 2251 chori
818 2175 934 2231 tate
962 2188 1110 2251 erga
1136 2175 1573 2250 proximum,et
1600 2168 1913 2251 affectione
1941 2167 2024 2228 ad
2034 2168 2168 2251 tri-

606 2245 904 2327 buendum
949 2245 1364 2327 ele'em'osynas
1411 2268 1424 2312 :
1462 2251 1525 2309 in
1586 2245 1701 2327 quo
1729 2249 1909 2327 etiam
1939 2247 2070 2327 agit
2097 2247 2168 2307 de

605 2325 757 2410 bona
779 2333 1145 2392 conscientia
1179 2324 1313 2410 qua:
1344 2340 1434 2391 est
1458 2346 1575 2408 per
1600 2324 1779 2410 ﬁdem
1807 2326 1949 2388 Jesu
1980 2324 2162 2387 Chri-

600 2408 679 2468 sti
709 2425 728 2468 :
761 2418 817 2470 et
873 2411 943 2471 de
973 2406 1387 2472 discernendis
1442 2406 1763 2488 spiritibus
1790 2423 1900 2485 per
1926 2410 2162 2483 confes-

599 2497 827 2558 sionem
858 2500 1307 2561 incarnationis
1332 2498 1602 2559 Domini.
2164 2566 2173 2575 ,

598 2600 878 2683 ΙΙΙ,9-18.
906 2606 1123 2669 Omnis
1142 2609 1245 2685 qui
1266 2615 1449 2668 natus
1484 2612 1570 2667 est
1592 2621 1666 2665 ex
1701 2603 1836 2671 Deo,
1858 2609 2165 2681 peccatum

519 2708 642 2752 non
654 2691 1126 2774 facit,quoniam
1141 2712 1343 2756 semen
1361 2696 1551 2773 ipsius
1570 2694 1634 2754 in
1651 2709 1719 2753 eo
1737 2696 2025 2763 manet,et
2044 2707 2165 2750 non

512 2788 711 2859 potest
721 2800 898 2861 pecco
906 2800 1071 2855 re,eo
1092 2784 1251 2863 quod
1267 2801 1341 2844 ex
1350 2784 1466 2843 Deo
1481 2790 1665 2842 natus
1680 2782 1757 2841 sit
1768 2827 1780 2839 .
1790 2783 1910 2840 Per
1923 2777 2028 2840 hoc
2038 2795 2165 2839 ma-

517 2869 727 2946 nifesti
747 2871 1022 2951 snntﬁlii
1038 2872 1154 2933 Dei
1177 2879 1233 2933 et
1269 2872 1384 2949 filii
1407 2869 1655 2932 diaboli.
1684 2868 1895 2932 Omnis
1926 2869 2027 2945 qui
2042 2885 2165 2928 non

520 2956 667 3032 facit
670 2960 984 3038 justitiam
997 2979 1138 3034 ,non
1155 2969 1240 3022 est
1259 2961 1537 3032 exDeo,et
1550 2960 1657 3038 qui
1672 2976 1789 3019 non
1800 2956 1887 3018 dit
1895 2958 2008 3034 igit
2029 2958 2164 3034 fra-

2252 1780 2352 1843 ἔτι.
2387 1783 2537 1841 Οὕτω
2564 1785 2662 1863 γὰρ
2711 1790 2809 1851 τῆς
2854 1786 3111 1865 ἁμαρτίας
3155 1785 3339 1851 δοῦλός
3393 1780 3504 1846 ἔστί
3560 1814 3663 1868 τις,
3701 1797 3895 1871 ποιῶν,

2253 1868 2370 1927 ἁλλ’
2415 1874 2474 1929 οὗ
2503 1875 2755 1942 ποιήσας,
2793 1872 2873 1929 Δι’
2913 1873 2942 1930 ὅ
2994 1898 3147 1955 φησι,
3197 1883 3303 1943 Πᾶς
3334 1880 3361 1934 6
3403 1885 3571 1935 ποιῶν
3599 1882 3699 1950 τὴν
3727 1868 3905 1964 ἁμαρξ

2249 1959 2360 2018 τίαν
2391 1959 2571 2026 δοῦλός
2603 1960 2712 2018 ἐστι
2742 1964 2841 2030 τῆς
2886 1965 3165 2044 ἁμαρτίας.

2882 2073 3133 2130 ΚΕΦΑΛ.
3183 2057 3263 2127 A'.

2255 2189 2283 2220 α
2330 2170 2452 2245 Περὶ
2478 2245 2482 2246 7
2508 2168 2721 2246 ἀγάπης
2776 2176 2874 2237 τῆς
2931 2172 3003 2234 είς
3052 2173 3141 2228 τὸν
3190 2170 3415 2239 πλησίον
3470 2176 3556 2231 καὶ
3610 2174 3896 2242 διαθέσεως

2330 2245 2704 2336 μεταδοτικῇ,
2780 2250 2900 2336 Ἐν-
2947 2254 2992 2324 ᾧ
3033 2253 3182 2336 μπερὶ
3261 2252 3605 2324 συνειδήσεως
3685 2256 3896 2336 ἀγαθῆς

2326 2333 2424 2394 τῆς
2509 2329 2563 2384 ἐν
2644 2329 2814 2415 πίστει
2887 2330 3068 2415 ’ίησοῦ-
3140 2338 3430 2415 lima-:06.“
3473 2336 3596 2413 Περί
3678 2329 3889 2415 διακρί-

2327 2428 2465 2493 σεως
2514 2410 2827 2493 πνευμάτων
2897 2407 2979 2489 ἐφ’
3049 2409 3304 2489 ὁμολογία
3370 2413 3466 2481 τῆς
3549 2407 3643 2471 τοῦ
3705 2407 3889 2493 Κυρίου

2327 2487 2380 2543 ἐν
2388 2491 2794 2566 ανθρωπήσεως,
2831 2512 2859 2544 ι

2332 2610 2356 2646 (ι
2405 2596 2515 2653 Πᾶς
2570 2594 2597 2647 6
2651 2590 3031 2669 γεγεννημένος
3080 2591 3141 2648 ἐκ
3180 2600 3271 2649 τοῦ
3330 2600 3481 2670 Θεοῦ,
3527 2596 3783 2673 ἁμαρτίαν
3826 2600 3889 2656 οῦ

2245 2692 2413 2753 ποιεῖ,
2475 2678 2554 2736 ὅτι
2624 2681 2833 2758 σπέρμα
2902 2682 3056 2737 αὐτοῦ
3138 2679 3192 2737 ἐν
3262 2682 3404 2757 αὐτῷ
3458 2683 3628 2760 μένει,
3686 2687 3772 2742 καὶ
3828 2687 3889 2742 οὗ

2247 2763 2456 2823 δύναται
2540 2769 2877 2847 ἁμαρτάνειν,
2958 2766 3038 2825 ὅτι
3094 2768 3154 2825 ἐκ
3209 2777 3302 2826 τοῦ
3356 2773 3487 2828 Θεοῦ
3548 2772 3885 2851 γεγέννηται.

2247 2852 2337 2913 Ἐν
2365 2857 2532 2931 τούτῳ
2588 2859 2783 2938 φανερὰ
2839 2856 2947 2914 ἐστι
3007 2858 3073 2914 τὰ
3118 2857 3277 2915 τέκνα
3331 2866 3424 2916 τοῦ
3480 2868 3611 2920 Θεοῦ
3664 2864 3753 2919 καὶ
3819 2865 3892 2921 τὰ

2244 2944 2400 3001 τέκνα
2443 2952 2534 3002 τοῦ
2602 2943 2861 3004 διαϐόλου.
2924 2952 3031 3008 Πᾶς
3088 2948 3116 3002 6
3170 2947 3249 3021 μὴ
3320 2950 3488 3005 ποιῶν
3544 2947 3888 3018 δικαιοσύνην

519 3033 1178 3129 tremvsuum:quoniam
1202 3049 1328 3111 haec
1344 3057 1429 3110 est
1451 3033 1838 3109 annuntiatio
1857 3033 2038 3124 quam
2057 3062 2164 3105 au-

2248 3037 2339 3093 οῦκ
2393 3033 2531 3092 ἔστιν
2574 3034 2633 3092 ἐκ
2688 3041 2780 3091 τοῦ
2824 3042 2978 3108 Θεοῦ,
3010 3036 3096 3091 καὶ
3139 3038 3166 3091 6
3221 3036 3300 3111 μὴ
3354 3037 3576 3117 ἀγαπῶν
3603 3040 3694 3097 τὸν
3723 3037 3881 3096 ἀδελ-

518 3135 691 3198 distis
712 3138 789 3198 ab
812 3122 1427 3217 initio,utdiligamus
1448 3155 1556 3199 nos
1577 3122 1994 3198 invicem.Non
2007 3136 2165 3194 sicut

2249 3125 2344 3203 φὸν
2389 3125 2566 3183 αὐτοῦ.
2618 3123 2738 3182 ’Ότι
2792 3122 2925 3191 αὕτη
2968 3123 3106 3179 ἐστὶν
3148 3125 3183 3192 ἠ
3228 3124 3540 3203 ἐπαγγελία.
3594 3127 3659 3194 ἢν
3715 3128 3886 3196 ἠκούσ-

524 3225 678 3285 Cain
703 3244 780 3287 ea:
800 3227 1065 3306 maligno
1085 3234 1237 3305 erat,
1273 3234 1333 3288 et
1356 3226 1573 3287 Occidit
1588 3226 1841 3303 fratrem
1863 3240 2058 3284 suum.
2084 3223 2165 3284 Et

512 3322 770 3394 propter
788 3317 935 3395 quid
952 3314 1647 3390 occiditeum?()uoniam
1669 3330 1849 3393 opera
1870 3329 1980 3373 sua
2002 3310 2165 3372 mala

519 3406 932 3479 erant,fratris
952 3413 1152 3467 autem
1173 3411 1268 3465 sui
1288 3402 1574 3478 justaJVe
1594 3402 1924 3479 miremini,
1938 3399 2165 3478 fratres

518 3494 721 3563 mei,si
740 3495 867 3555 odit
887 3511 990 3555 vos
1012 3493 1296 3555 mundus.
1323 3492 1445 3555 Nos
1465 3492 1687 3553 scimus
1708 3490 1866 3569 quod
1884 3486 2165 3548 translati

518 3582 709 3644 simus
736 3584 810 3643 de
833 3591 1024 3644 morte
1062 3584 1141 3644 ad
1162 3584 1369 3651 vitam,
1400 3583 1541 3661 quia
1581 3580 1891 3660 diligimus
1911 3578 2158 3654 fratres.

523 3668 641 3743 Qui
661 3689 784 3733 non
808 3670 1593 3749 diligit/ratrem,mauetin
1612 3677 1803 3729 morte
1834 3664 2045 3728 Omnis
2060 3670 2164 3743 qui

517 3758 643 3819 odit
664 3762 913 3837 fratrem
937 3758 1441 3833 suum,homicida
1462 3765 1635 3821 est:et
1659 3758 1826 3818 scitis
1847 3754 2007 3833 quod
2028 3771 2158 3814 om-

518 3848 617 3908 nis
636 3847 936 3909 homicida
961 3865 1079 3909 non
1097 3847 1172 3907 lia
1184 3848 1314 3909 beat
1336 3854 1523 3907 vitam
1543 3853 1835 3909 wternam
1857 3842 1985 3902 581
2015 3844 2081 3903 in
2101 3859 2161 3903 se

512 3944 881 3997 manentem.
912 3935 1031 3996 Per
1060 3936 1166 3997 hoc
1184 3938 1566 4011 cognovimus
1599 3934 1979 4005 charitatem,
2007 3949 2156 4011 quo-

512 4030 681 4085 niam
699 4024 803 4086 ille
824 4026 1093 4086 animum
1112 4042 1284 4085 suam
1301 4042 1410 4103 pro
1430 4023 1599 4085 nobis
1616 4024 1839 4102 posuit,
1854 4028 1907 4080 et
1927 4038 2035 4081 nos
2051 4020 2155 4081 de-

512 4112 716 4175 bemus
742 4130 853 4189 pro
874 4112 1170 4191 fratribus
1191 4119 1430 4175 animos
1467 4129 1714 4193 ponere.
1746 4111 1860 4184 Qui
1878 4127 2017 4170 vero
2040 4109 2155 4170 ha-

510 4199 706 4261 buerit
721 4201 1123 4262 substantiam
1146 4201 1443 4274 mundi,et
1464 4200 1673 4262 viderit
1693 4199 1950 4276 fratrem
1979 4214 2155 4259 suum

509 4295 800 4367 egentem,
828 4288 1222 4367 clauserilque
1269 4292 1497 4351 viscera
1515 4307 1625 4350 sua
1646 4288 1722 4350 ab
1739 4306 1825 4360 eo,
1859 4285 2151 4366 quomodo

2248 3233 2371 3268 σατε
2425 3211 2518 3270 ἀπ’
2573 3213 2775 3293 ἀρχῆς,
2816 3212 2909 3272 ἵνα
2949 3212 3238 3291 ἀγαπῶμεν
3289 3213 3575 3289 ἀλλήλους,
3626 3218 3687 3273 οὗ
3712 3218 3888 3283 καθὼς

2250 3302 2382 3358 Κάϊν
2440 3301 2500 3358 ὲκ
2539 3313 2631 3361 τοῦ
2698 3309 2931 3381 πονηροῦ
2985 3302 3075 3381 ἦν,
3133 3304 3219 3359 καὶ
3287 3300 3474 3383 ἔσφαξε
3522 3306 3610 3361 τὸν
3661 3302 3889 3387 ἀδελφὸν

2244 3393 2420 3450 αὐτοῦ.
2484 3392 2582 3449 Καὶ
2638 3391 2794 3471 χάριν
2862 3390 2996 3456 τίνος
3069 3388 3285 3470 ἔσφαξεν
3342 3392 3547 3473 αὐτόν,
3617 3393 3738 3451 ’Ὁτι
3820 3396 3889 3453 τὰ

2246 3476 2372 3558 ἔργα
2413 3479 2569 3539 αὒτοῦ
2610 3479 2815 3558 πονηρὰ
2885 3480 2972 3553 ἦν,
3047 3480 3113 3537 τὰ
3179 3477 3235 3535 δὲ
3287 3490 3378 3539 τοῦ
3434 3479 3660 3562 ἀδελφοῦ
3730 3484 3887 3540 αὺτοῦ

2245 3567 2435 3628 δίκαια.
2505 3569 2594 3635 Μὴ
2628 3568 2936 3649 ,θαυμάζετε
2996 3566 3209 3649 ἀδελφοί
3265 3590 3388 3644 μου,
3455 3571 3500 3625 εἰ
3556 3584 3707 3645 μισεῖ
3747 3573 3885 3647 ὑμᾶς

2244 3657 2272 3711 6
2341 3658 2566 3732 κόσμος.
2621 3648 2809 3732 Ἡμεῖς
2880 3648 3143 3735 οἴδαμεν,
3182 3656 3262 3712 ὅτι
3329 3655 3765 3735 μεταϐεϐήκαμεν
3823 3660 3886 3717 ἐκ

2241 3754 2334 3804 τοῦ
2383 3746 2603 3807 θανάτου
2689 3746 2761 3810 είς
2842 3745 2940 3812 τὴν
3025 3745 3190 3819 ζωὴν,
3266 3742 3346 3800 ὅτι
3403 3745 3692 3824 ἀγαπῶμεν
3762 3750 3882 3814 τοὺς

2242 3832 2517 3914 ἀδελφοὺς,
2591 3825 2647 3891 Ὀ
2707 3833 2785 3910 μὴ
2854 3833 3076 3912 ἀγαπῶν
3143 3835 3234 3890 τὸν
3303 3832 3525 3914 ἀδελφὸν
3598 3836 3745 3911 μένει
3828 3837 3884 3894 ἐν

2240 3934 2316 4001 τῷ
2396 3926 2625 4000 θανάτῳ.
2712 3930 2819 3988 Πᾶς
2916 3925 2944 3979 6
3055 3929 3225 3999 μισῶν
3307 3926 3395 3981 τὸν
3477 3921 3697 4006 ἀδελφὸν
3779 3928 3880 3985 αῦ-

2239 4024 2354 4088 τοῦ,
2451 4012 2877 4087 ἀνθρωποκτόνος
2965 4011 3095 4075 ἐστί.
3177 4013 3273 4071 Καὶ
3353 4011 3531 4069 οἴδατε
3614 4013 3694 4071 ὅτι
3776 4023 3881 4080 πᾶς

2239 4104 2661 4184 ἀνθρωποκτόνος
2733 4102 2827 4159 οῦκ
2894 4100 3010 4181 ἔχει
3079 4102 3222 4173 ζωὴν
3309 4102 3519 4160 αἰώνιον
3602 4102 3657 4159 ἐν
3741 4107 3882 4181 αῦτῷ

2238 4196 2518 4269 μένουσαν.
2603 4190 2693 4249 Ἐν
2787 4191 2956 4264 τούτῳ
3053 4191 3359 4270 ἐγνώκαμεν
3461 4194 3562 4257 τὴν
3642 4194 3878 4276 ἀγλπην,

2237 4282 2316 4341 ὅτι
2364 4286 2568 4344 ἐκεῖνος
2625 4281 2754 4360 ὑπὲρ
2807 4281 2963 4354 ἡμῶν
3044 4280 3143 4348 τὴν
3221 4282 3404 4360 ψυχὴν
3470 4286 3627 4341 αὐτοῦ
3697 4283 3873 4359 ἔθηκε,

507 4366 773 4440 Charitas
798 4377 912 4440 Dei
931 4366 1135 4440 manet
1153 4380 1218 4440 in
1236 4380 1362 4459 ipso
1385 4380 1407 4440 ‘.’
1430 4378 1635 4440 Filioli
1655 4382 1912 4449 mei,non
1934 4373 2149 4453 diliga-

2248 4373 2321 4426 ιαὶ
2374 4372 2536 4445 ἡμεῖς
2596 4368 2871 4461 ὀφείλομεν
2925 4368 3055 4461 ῦπὲρ
3123 4375 3229 4425 τῶν
3300 4366 3536 4449 ἀδελφῶν
3606 4372 3699 4437 τὰς
3769 4375 3877 4447 ψυ-

505 4486 640 4528 mus
666 4466 846 4528 verbo
877 4485 1069 4547 neque
1096 4467 1331 4546 lingua,
1365 4468 1467 4529 sed
1494 4483 1672 4546 opere
1701 4474 1752 4526 et
1776 4465 2047 4525 veritate.

2170 4444 2340 4540 Dxa;
2397 4444 2764 4520 τιθέναι.”“ος
2820 4455 2866 4512 δ’
2912 4455 2973 4513 ἂν
3029 4444 3139 4538 ἔχῃ
3193 4458 3284 4512 τὸν
3340 4444 3452 4534 βίον
3519 4465 3611 4515 τοῦ
3654 4444 3878 4541 κόσμου,

506 4558 592 4612 καὶ
620 4560 790 4635 θεωρῇ
814 4558 907 4612 τὸν
937 4544 1157 4636 ἀδελφὸν
1191 4544 1344 4615 αὐτοῦ
1388 4544 1570 4636 χρείαν
1600 4556 1814 4634 ἔχοντα,
1846 4554 1932 4609 καὶ
1983 4550 2168 4628 κλείσῃ
2213 4554 2278 4607 τα
2322 4547 2563 4627 σλὰγχνα
2608 4550 2764 4605 αὖτοῦ
2815 4544 2908 4602 ἀπ’
2966 4547 3153 4619 αῦτοῦ,
3188 4546 3303 4609 πὼς
3333 4548 3367 4614 ἡ
3399 4547 3581 4625 ἀγάπη
3625 4549 3717 4604 τοῦ
3748 4549 3880 4605 Θεοῦ

505 4646 648 4723 μένει
679 4634 760 4701 ἐπ’
795 4650 935 4719 αὐτῷ
967 4665 981 4724 ;
1029 4634 1213 4703 Τεκιία
1258 4634 1490 4724 μου,τμὴ
1534 4647 1821 4722 ἀγαπῶμεν
1866 4641 2029 4719 λόγῳ,
2066 4638 2471 4719 μηδξγλώσσῃ,
2506 4634 2626 4692 ἀλλ’
2660 4636 2795 4715 ἔργῳ
2823 4637 2911 4691 καὶ
2956 4634 3198 4702 ἀληθεία.
3248 4658 3277 4690 ι

589 4731 845 4795 «Omnes
869 4732 966 4812 qui
1011 4742 1184 4795 natus
1206 4744 1295 4795 est
1331 4753 1401 4794 ex
1433 4734 1552 4795 Deo
1592 4731 1918 4803 »Quoniam
1953 4728 2148 4791 omnis

2317 4752 2344 4783 α
2378 4733 2487 4789 Πᾶς
2532 4728 2560 4782 6
2604 4724 2987 4805 γεγεννημένος
3032 4724 3092 4781 ἐκ
3150 4734 3241 4783 τοῦ
3297 4731 3453 4784 Θεοῦ.
3512 4747 3536 4782 ι
3600 4722 3748 4782 Ἐπεὶ
3775 4731 3878 4790 πᾶς

504 4821 601 4901 qui
620 4822 757 4883 facit
775 4810 1079 4901 peccatum
1101 4842 1168 4881 ex
1194 4822 1434 4883 diabolo
1454 4829 1562 4895 est,
1592 4828 1648 4882 et
1681 4829 1969 4899 quatenus
2002 4838 2142 4898 pec-

2248 4845 2256 4873 ι
2298 4820 2398 4885 τὴν
2458 4815 2715 4894 ἁμαρτίαν
2784 4820 2952 4871 ποιῶν
2998 4814 3057 4871 ἐκ
3115 4823 3208 4872 τοῦ
3276 4810 3519 4871 διαϐόλου
3590 4813 3697 4870 ἐστὶ
3759 4813 3874 4871 κατ’

499 4919 595 4971 cat
629 4900 801 4973 etiam
827 4912 981 4973 filius
1009 4911 1229 4972 diaboli
1253 4911 1489 4991 dicitur,
1524 4910 1672 4972 sicut
1695 4910 1898 4970 beatus
1927 4907 2144 4968 Paulus

2248 4909 2352 4963 ιῦτό
2396 4907 2455 4962 16
2507 4904 2848 4981 ἁμαρτάνειν,
2900 4905 2986 4961 καὶ
3030 4905 3140 4968 υίὸς
3191 4904 3286 4959 τοῦ
3340 4900 3584 4991 διαϐόλου
3641 4902 3875 4984 λέγεται,

497 4998 568 5059 ad
593 4998 851 5080 Elymam
872 5001 985 5062 ait:
1012 4999 1093 5063 «Ο
1122 5001 1295 5080 plene
1318 4988 1485 5061 omni
1511 5000 1645 5061 dolo
1678 4998 1910 5060 etomni
1934 5016 2139 5059 versu-

2248 4999 2297 5059 s;
2316 4998 2379 5080 _6
2437 4994 2697 5071 μακάριος
2758 4991 2962 5080 Παῦλος
3024 4994 3155 5071 πρὸς
3223 4993 3315 5048 τὸν
3373 4988 3603 5080 Ἐλύμαν
3689 4993 3872 5073 φησὶν,

496 5073 1195 5161 ῑίεωὶίί(Ιίθὴοιίληίιιιίεε
1210 5090 1404 5149 omnis
1418 5088 1651 5165 iustitiae
1665 5087 2135 5164 76;manifestum

2248 5108 2255 5139 ι
2316 5073 2377 5139 Ὠ
2438 5081 2649 5157 πλήρης
2693 5084 2889 5146 παντὸς
2945 5079 3097 5138 δόλου
3154 5082 3241 5138 καὶ
3296 5081 3472 5148 πάσης
3516 5079 3873 5163 ῥᾳδιουργίας,

495 5185 586 5238 est
625 5178 788 5258 quod
828 5177 1003 5239 etiam
1058 5179 1108 5237 is
1139 5177 1238 5257 qui
1262 5196 1330 5237 ex
1355 5177 1474 5238 Deo
1508 5185 1677 5238 natus
1710 5184 1818 5249 est,
1856 5184 2132 5255 tanquam

2249 5174 2294 5229 ίὲ
2350 5169 2619 5246 διαϐόλου,
2694 5171 2850 5251 ἐχθρὲ
2908 5171 3086 5238 πάσης
3145 5167 3503 5251 δικαιοσύνης,
3570 5192 3594 5227 ι
3658 5168 3876 5238 εὔδηλον

492 5264 602 5326 Dei
632 5265 813 5327 Filius
844 5285 960 5327 non
987 5275 1274 5346 peccat,et
1296 5283 1472 5327 causa
1500 5270 1893 5347 est,quoniam
1927 5282 2133 5325 semeu

2250 5285 2296 5318 τι
2341 5262 2430 5318 καὶ
2467 5263 2494 5317 6
2538 5260 2599 5315 ἐκ
2656 5268 2749 5316 τοῦ
2808 5268 2939 5319 Θεοῦ
2982 5258 3384 5338 γεγεννημένος,
3446 5261 3519 5323 ὡς
3579 5258 3711 5315 Θεοῦ
3764 5261 3874 5324 υίὸς

485 5352 674 5434 ipsius
703 5363 811 5430 est,
826 5354 923 5415 Dei
944 5345 1367 5423 videlicel,sive
1390 5345 1653 5435 Spiritus
1676 5374 1852 5435 quem
1888 5372 1993 5434 per
2022 5353 2125 5413 do-

2248 5351 2321 5431 ὖχ
2365 5350 2674 5426 ἁμαρτάνει.
2722 5350 2821 5407 Καὶ
2861 5350 2897 5416 ἡ
2948 5348 3107 5422 αἰτία,
3169 5345 3249 5403 ὅτι
3305 5346 3514 5435 σπέρμα
3572 5349 3754 5423 αὐτοῦ,
3783 5356 3876 5406 τοῦ

488 5462 628 5506 num
662 5444 1185 5525 accepimus,quod
1219 5444 1277 5504 in
1310 5434 1483 5506 nobis
1507 5434 1755 5505 manens
1785 5444 1907 5505 sive
1929 5444 2121 5504 ﬁrma-

2251 5449 2337 5497 εοῦ
2366 5437 2610 5506 δηλονότι
2642 5436 2804 5508 ἐστὶν,
2850 5436 2968 5505 ἤτοι
3018 5439 3079 5493 τὸ
3124 5443 3335 5514 Πνεῦμα
3376 5438 3405 5492 6
3452 5434 3537 5494 διὰ
3589 5447 3682 5496 τοῦ
3730 5460 3873 5519 χα-,

491 5531 827 5609 ιυῐη,είῐίείι
855 5550 930 5594 ne
959 5524 1128 5594 mens
1160 5541 1358 5595 nostra
1390 5533 1637 5614 recipiat
1668 5532 2129 5615 peccatum.Aut_

2248 5531 2472 5606 ίσματος
2533 5525 2815 5605 ἐλάϐομεν.
2863 5526 3037 5605 ⁰οπερ
3075 5525 3131 5583 ὲν
3159 5528 3299 5604 ἡμῖν
3356 5524 3543 5608 μένον,
3604 5527 3874 5586 τουτέστιν

575 5691 637 5743 75
666 5690 809 5757 Luc.
844 5709 989 5770 xm,
1027 5692 1064 5755 3
1100 5711 1115 5770 ;
1146 5692 1318 5758 Joan.
1351 5710 1479 5775 xm,
1513 5698 1612 5758 27.
1645 5693 1708 5743 76
1734 5694 1866 5757 Act.
1898 5709 2026 5768 xm,
2062 5690 2163 5753 10.
