4192 6212
337 387 458 455 653

1380 394 1775 458 COMMENT.
1825 388 1909 454 IN
1954 386 2199 450 EPIST.
2247 387 2271 448 Ι
2315 387 2655 453 JOANNIS.

3600 385 3717 450 654

331 518 680 616 ἠδρασμένον,
701 613 712 616 Δ
771 522 1103 580 ἀνεπίδεκτον
1158 524 1412 616 ἁμαρτίας
1488 524 1580 616 ,τὸν
1822 525 1970 616 ἡμῶν

2060 517 2240 616 etiam
2272 518 2401 598 ipse
2433 516 3010 616 thistust-anquam
3034 496 3309 616 habitans
3331 517 3714 616 inﬁdelibus,

330 623 502 672 ποιεῖ.
547 611 602 668 Ἠ
631 613 720 669 καὶ
762 616 916 676 αὐτὸς
965 616 994 670 6
1048 615 1290 690 Χριστὸς,
1353 614 1427 678 ὡς
1483 613 1698 669 ἐνοικῶν
1746 612 1799 667 ἐν
1856 611 1972 678 τοῖς

330 714 570 777 πιστοῖς,
626 714 775 758 ποιεῖ
827 701 1012 764 αὖτοὺς
1066 703 1205 766 υἱοὺς
1250 709 1399 762 Θεοῦ.
1451 704 1589 759 Καθὸ
1632 703 1724 757 καὶ
1790 702 1844 757 ἐν
1900 710 1976 777 τῷ

331 787 600 865 σπέρματι
648 788 911 869 Ἀϐρααμ,
960 790 1018 855 ὅς
1074 790 1214 867 ἐστιν
1257 794 1285 847 6
1342 792 1584 869 Χριστὸς,
1642 790 1976 869 εὐλογοῦνται

332 876 508 933 πάντα
575 880 641 935 τά
683 878 831 946 ἔθνη,
878 877 1082 959 Προεϐη
1126 878 1181 935 δὲ
1224 879 1360 937 οὕτω
1402 886 1479 953 τῷ
1533 879 1678 957 λόγῳ
1737 888 1845 953 νῦν,
1918 883 1977 937 τὸ

334 963 587 1043 ἀνωτέρω
643 968 917 1047 εἰρημένον
987 970 1129 1043 αὐτῷ
1205 965 1453 1045 βεϐαιῶν,
1544 967 1685 1046 λέγω
1766 966 1820 1024 δὲ
1888 972 1972 1043 τὸ,

329 1054 491 1112 τέκνα
546 1057 690 1114 εἶναι
766 1058 896 1115 Θεοῦ
952 1058 1073 1124 τοὺς
1146 1059 1384 1121 πιστούς.
1447 1060 1544 1116 Καὶ
1610 1057 1975 1137 ἀναντίρρητον

332 1144 464 1201 αὐτὸ
519 1152 711 1224 ποιῶν,
777 1147 838 1205 ἔκ
896 1169 952 1205 τε
1001 1146 1095 1206 τοῦ
1146 1148 1454 1227 πράγματος
1511 1148 1664 1205 αὐτοῦ
1706 1151 1843 1228 φημὶ
1885 1153 1977 1206 τοῦ

329 1232 409 1305 μιὶ
483 1235 826 1318 ἁμαρτάνειν,
913 1237 1001 1292 καὶ
1078 1237 1141 1293 ἐκ
1208 1258 1298 1293 το)
1353 1235 1602 1309 ἐναντίου,
1660 1239 1733 1301 ὡς
1805 1245 1976 1318 μικρῷ

326 1322 557 1400 πρόσθει
613 1324 857 1401 εἴπομεν.
934 1328 992 1382 Εἰ
1034 1327 1157 1405 γὰρ,
1203 1332 1279 1400 τῷ
1334 1325 1552 1398 ἐναντίῳ
1605 1327 1665 1381 τὸ
1720 1325 1973 1400 ἐναντίον,

315 1418 410 1473 καὶ
465 1419 527 1473 τὸ
576 1415 806 1472 ἐναντίον
862 1422 940 1490 τῷ
997 1415 1234 1489 ἐναντίῳ,
1294 1414 1429 1470 κατά
1478 1415 1573 1479 τὰς
1645 1413 1973 1481 διαλεκτικὰς

319 1504 715 1584 ἐπιχειρήσεις.
773 1503 971 1560 Σκόπει
1028 1501 1084 1559 δὲ
1140 1504 1240 1571 τὴν
1310 1500 1570 1582 ἀκρίϐεια-ο
1642 1513 1731 1562 τοῦ
1788 1504 1969 1582 ῥητοῦ,

320 1593 398 1650 Οὔ
441 1595 539 1672 γὰρ
581 1593 831 1672 πρότερον
906 1591 1086 1666 εἶπεν,
1134 1592 1194 1648 ἐκ
1256 1598 1385 1648 Θεοῦ
1425 1596 1762 1671 γεγεννᾶσθαι
1808 1593 1843 1661 ἢ
1885 1603 1976 1652 τοῦ

321 1680 594 1753 διαϐόλου,
656 1683 699 1738 εἰ
761 1682 837 1756 μὴ
898 1683 965 1737 τὰ
1022 1680 1148 1760 ἔργα
1204 1680 1519 1761 προέλαϐον,
1576 1681 1693 1749 ἤτοι
1752 1684 1849 1749 τῆς
1893 1680 1973 1738 δι-

2057 605 2197 666 facit
2226 605 2390 686 ipsos
2448 606 2600 668 ﬁlios
2657 606 2788 680 Dei,
2852 617 3145 688 quatenus
3177 608 3354 669 etiam
3389 607 3450 667 in
3484 605 3713 668 semine

2056 694 2381 769 Abraham,
2417 696 2519 775 qui
2567 705 2655 757 est
2715 696 3007 772 Christus,
3045 696 3482 758 benedicuntur
3504 712 3714 756 omnes

2058 792 2265 862 gentes
2287 784 2372 846 77.
2397 783 2563 845 Nunc
2594 793 2795 846 autem
2828 785 2908 846 ita
2940 804 3219 847 sermone
3244 785 3710 863 processit,con-

2060 870 2306 932 firmans
2354 874 2509 953 quod
2558 873 2834 953 superius
2870 873 3120 948 dixerat,
3155 873 3288 934 dico
3322 892 3471 934 sane
3504 872 3711 934 ﬁdeles

2061 977 2196 1020 esse
2248 961 2353 1021 Dei
2391 961 2566 1041 ﬁlios,
2597 971 2653 1024 et
2684 960 3082 1025 indubitatum
3115 962 3261 1024 illud
3294 963 3543 1030 faciens,
3582 968 3704 1021 tum

2060 1064 2133 1109 ex
2154 1050 2361 1110 eadem
2386 1067 2473 1124 re,
2505 1057 2641 1129 puta
2676 1068 2793 1110 non
2829 1069 3109 1129 peccare:
3143 1061 3261 1111 tum
3296 1068 3366 1113 ex
3388 1049 3707 1125 contrario,

2061 1146 2123 1198 ut
2144 1137 2320 1216 paulo
2338 1144 2474 1197 ante
2496 1137 2775 1199 diximus.
2803 1138 2968 1200 Sicut
3006 1140 3163 1200 enim
3188 1140 3301 1201 hoc
3317 1139 3704 1217 contrarium,

2058 1242 2123 1285 se
2146 1225 2324 1286 habet
2348 1225 2417 1285 ad
2442 1225 2585 1286 illud
2615 1227 3091 1301 contrarium,ita
3113 1246 3349 1289 rursum
3382 1227 3524 1288 illud
3555 1244 3703 1289 cou-

2059 1312 2303 1373 trarium
2327 1314 2399 1374 ad
2428 1314 2540 1374 hoc
2562 1315 2931 1375 contrarium
2959 1317 3128 1395 juxta
3167 1315 3503 1377 dialecticas
3531 1334 3710 1395 argu-

2060 1404 2474 1465 mentationes.
2505 1404 2835 1465 Considera
2860 1424 3000 1466 vero
3030 1415 3290 1468 exactam
3327 1406 3707 1470 sententiam.

2056 1490 2262 1571 Neque
2279 1492 2435 1553 enim
2451 1492 2616 1573 prius
2629 1493 2775 1553 dixit
2794 1512 2859 1554 ex
2882 1496 3003 1557 Deo
3023 1504 3224 1557 natum
3238 1513 3369 1557 esse
3380 1496 3471 1557 vel
3487 1514 3556 1558 ex
3579 1495 3708 1557 dia-

2056 1577 2344 1657 bolo,nisi
2363 1584 2745 1662 praeacceptis
2761 1584 3044 1663 operibus
3057 1586 3177 1646 sive
3191 1585 3433 1665 justitiae
3444 1586 3566 1647 sive
3591 1586 3713 1648 ini-

2056 1669 2409 1748 quitatis.Ex
2436 1671 2527 1731 his
2553 1689 2809 1751 namque
2826 1673 3063 1754 adoptio
3090 1682 3177 1735 est
3198 1673 3433 1736 siveDei
3453 1676 3575 1737 sive
3592 1676 3712 1738 dia-

317 1772 630 1844 καιοσύνης,
657 1769 694 1837 ἢ
743 1755 840 1836 τῆς
883 1755 1129 1844 ἀνομίας.
1194 1755 1290 1827 Ἐκ
1349 1771 1548 1827 τούτων
1591 1771 1689 1850 γὰρ
1731 1773 1765 1839 ἡ
1795 1773 1969 1828 υἱοθε-

2055 1755 2737 1850 boli.Quanquameuim
2768 1761 2955 1850 gratia
2978 1761 3120 1823 salvi
3160 1762 3294 1823 facti
3318 1761 3526 1839 simus,
3557 1771 3709 1826 atta-

326 1860 439 1938 σία,
468 1858 505 1925 ἧ
536 1880 592 1915 τε
620 1858 711 1915 τοῦ
740 1866 897 1931 Θεοῦ,
936 1858 1052 1925 ἤτε
1102 1860 1194 1915 τοῦ
1231 1855 1495 1918 διαϐόλου.
1543 1859 1649 1917 Κάν
1703 1861 1802 1937 γὰρ
1857 1860 1971 1939 χέ-

324 1970 431 2027 ριτι
514 1949 841 2022 σεσώσμεθα,
901 1946 1038 2003 ἀλλὰ
1097 1946 1181 2003 διὰ
1249 1950 1309 2004 τὸ
1378 1945 1703 2027 ὑπερϐάλλον
1759 1948 1974 2027 λέγεται

322 2037 423 2105 τῆς
505 2047 599 2097 τοῦ
680 2043 810 2093 Θεοῦ
892 2036 1288 2117 χρηστότητος,
1375 2039 1454 2093 ὃτι
1526 2039 1695 2095 καίτοι
1750 2038 1974 2103 ἀνιάτως

321 2125 819 2207 προσκεκρουκότων
901 2127 1078 2198 ἡμῶν,
1163 2127 1317 2189 αὐτὸς
1402 2128 1496 2183 οὐκ
1577 2127 1973 2201 ἐμνησικάκησε

324 2222 397 2292 τῇ
427 2217 660 2293 σωτηρίᾳ
708 2216 910 2290 ἡμῶν·
972 2215 1087 2270 ἐπεὶ
1143 2213 1222 2270 ὅτι
1276 2214 1355 2289 μὴ
1409 2214 1594 2293 ἀργοῖς
1636 2213 1807 2272 δίδωσι
1876 2217 1975 2283 τὴν

326 2300 453 2383 παρ’
538 2306 708 2378 ἑαυτῴ
791 2304 1081 2381 σωτηρίαν,
1168 2302 1373 2368 Παῦλος
1458 2312 1728 2362 πιστοῦται
1783 2306 1923 2382 βοῶν
1958 2325 1969 2338 ·

323 2403 455 2455 Τοῖς
487 2393 621 2448 κατά
649 2394 895 2472 πρόθεσιν
956 2392 1182 2460 κλητοῖς
1244 2393 1410 2453 οὖσιν.
1487 2385 1752 2458 Ὡσαύτως
1799 2396 1886 2451 καὶ
1929 2398 1976 2452 οἱ

324 2489 404 2557 τῷ
500 2478 729 2556 διαϐόλῳ
801 2483 1213 2553 υἱοθετηθέντες,
1288 2482 1385 2540 κᾶν
1468 2482 1970 2561 ἀπηλλοτριώθησαν

322 2570 432 2626 ἀπὸ
488 2571 692 2647 μήτρας
762 2570 851 2626 καὶ
910 2572 1081 2645 μήπω
1139 2572 1238 2638 τὴν
1308 2572 1444 2629 κατὰ
1500 2572 1739 2650 πρόθεσιν
1793 2572 1970 2650 ἀμαρ-

320 2660 438 2714 τίαν
496 2658 876 2735 ἐνηργηκότες,
951 2657 1089 2715 ἀλλά
1150 2658 1233 2714 διὰ
1282 2661 1343 2716 τὸ
1415 2657 1547 2738 ἄγαν
1619 2659 1970 2740 φιλοπόνηρον

321 2749 496 2803 αὗτῶν
528 2746 736 2825 εἴρηται
780 2752 955 2808 τοῦτο.
1021 2752 1092 2806 Οὔ
1151 2749 1251 2826 γὰρ
1310 2747 1447 2805 ἔστιν
1495 2749 1840 2826 ἀνενὲργητον
1880 2756 1972 2805 τοῦ

317 2845 510 2915 κακοῦ,
567 2842 643 2909 τῷ
697 2832 924 2907 διαϐόλῳ
980 2838 1337 2903 οἱκειωθῆναι,
1386 2835 1536 2894 Ἀλλ’
1591 2840 1619 2893 6
1676 2844 1841 2894 ποιῶν
1869 2839 1972 2905 τὴν

317 2924 603 3002 ἁμαρτίαν,
656 2923 858 2988 ἐκεῖνος
918 2925 1005 2980 καὶ
1059 2931 1140 2996 τῷ
1191 2923 1421 2999 διαϐόλῳ
1462 2925 1801 2999 ἀνείληπται,
1857 2926 1974 2994 ἤτοι

318 3018 395 3078 εἱς
425 3014 559 3092 υἱὸν,
590 3019 665 3086 τῷ
696 3011 856 3068 πλέον
909 3013 1146 3092 ἐνεργεῖν
1206 3015 1293 3069 καὶ
1336 3014 1632 3093 αὐθαίρετον
1674 3018 1733 3073 τὸ
1789 3018 1970 3089 κακὸν,

2057 1864 2195 1907 men
2218 1859 2462 1928 propter
2485 1848 2876 1911 eximiamDei
2900 1849 3323 1929 benignitatem
3340 1851 3452 1912 hoc
3465 1851 3703 1929 dicitur,

2055 1935 2197 2014 quia
2218 1936 2356 1998 licet
2376 1936 2789 1998 incurabiliter
2808 1938 3402 2019 offenderamus,ipse
3421 1941 3708 2002 malorum

2058 2041 2177 2082 non
2237 2024 2510 2085 meminit
2572 2026 2648 2086 ob
2712 2026 2961 2088 salutem
2996 2035 3255 2089 nostram
3287 2027 3369 2092 76.
3404 2027 3707 2107 Siquidem

2058 2112 2212 2191 quod
2241 2113 2449 2175 otiosis
2476 2133 2592 2174 non
2620 2115 2722 2174 det
2744 2131 2871 2175 eam
2896 2134 3026 2195 quae
3050 2125 3140 2177 est
3158 2116 3313 2195 apud
3349 2137 3413 2179 se
3435 2119 3707 2182 salutem.

2060 2200 2277 2262 Paulus
2292 2203 2607 2264 conﬁrmat
2627 2203 2968 2265 clamando:
2994 2203 3097 2265 His
3119 2205 3219 2285 qui
3236 2208 3565 2267 secundum
3580 2226 3713 2288 pro-

2060 2289 2319 2368 positum
2346 2292 2535 2353 vocati
2569 2301 2739 2352 erant
2787 2291 2873 2354 79.
2929 2293 3219 2355 Similiter
3262 2306 3320 2355 et
3350 2296 3450 2376 qui
3479 2295 3715 2359 diabolo

2057 2377 2320 2457 adoptati
2354 2390 2491 2440 sunt
2514 2380 2579 2440 in
2605 2380 3125 2462 ﬁlios,quanquam
3149 2381 3469 2446 abalienati
3489 2385 3607 2446 sint
3637 2384 3711 2447 ab

2060 2472 2229 2526 utero
2285 2468 2372 2548 80,
2407 2487 2541 2529 cum
2605 2477 2799 2530 tamen
2862 2471 3125 2530 nondum
3149 2471 3317 2550 juxta
3347 2472 3711 2553 propositum

2054 2555 2291 2633 Operati
2326 2556 2446 2617 sint
2479 2557 2697 2617 malum
2734 2575 2748 2619 :
2778 2556 2919 2618 582
2949 2567 3210 2621 attamen
3261 2570 3504 2642 propter
3529 2563 3711 2624 vehe-

2053 2653 2319 2705 mentem
2375 2662 2585 2706 eorum
2631 2646 2914 2707 malitiam
2941 2648 3055 2709 hoc
3094 2647 3315 2709 dictum
3347 2657 3437 2710 est
3468 2667 3482 2712 :
3518 2668 3712 2731 neque

2054 2732 2213 2791 enim
2239 2733 2465 2813 absque
2484 2736 2621 2796 mali
2641 2738 2991 2816 operatione
3004 2737 3291 2817 contingit
3313 2738 3549 2800 diabolo
3573 2758 3711 2820 pro-

2058 2822 2251 2900 prium
2275 2842 2343 2883 ac
2357 2824 2746 2886 domesticum
2769 2826 2900 2887 ﬁeri
2928 2845 2941 2889 :
2967 2826 3069 2887 sed
3091 2827 3191 2906 qui
3208 2827 3344 2887 facit
3366 2836 3699 2907 peccatum,

2055 2908 2156 2970 ille
2177 2929 2211 2971 a
2231 2912 2467 2973 diabolo
2493 2924 2830 2994 assumptus
2853 2927 2962 2995 est,
2998 2916 3118 2976 sive
3150 2917 3211 2975 in
3243 2916 3451 2990 ﬁlium,
3481 2927 3545 2979 ut
3574 2937 3701 2978 am-

2060 2997 2216 3076 plius
2247 3010 2527 3077 operetur
2558 3002 2735 3062 etiam
2792 3022 2898 3063 sua
2952 3012 3162 3083 sponte
3195 3003 3414 3064 malum
3451 3022 3465 3067 :
3500 3007 3624 3067 sive
3646 3005 3707 3067 in

316 3103 358 3170 ἢ
418 3103 490 3165 εἰς
545 3091 758 3175 δοῦλον,
820 3108 899 3177 τῷ
941 3091 1431 3170 κάταπαλαισθῆναι
1486 3091 1563 3177 τῷ
1617 3107 1834 3183 πονῆρῷ
1891 3113 1970 3165 καὶ

2061 3104 2318 3168 servum,
2355 3109 2423 3149 eo
2442 3091 2596 3171 quod
2619 3109 2652 3150 a
2697 3092 2954 3169 maligno
2977 3100 3287 3171 superatus
3308 3092 3405 3166 sit,
3441 3101 3499 3152 rt
3527 3094 3600 3155 ab
3634 3113 3705 3157 eo

318 3193 647 3271 χειρωθῆναι
705 3188 794 3246 ὑπ’
842 3190 1021 3265 αὐτοῦ,
1067 3192 1156 3247 καὶ
1211 3191 1309 3258 τὴν
1366 3176 1607 3270 λατρείαν
1653 3176 1970 3272 κατακριθῆ-

2062 3176 2272 3237 ductus
2291 3179 2566 3276 captivus
2589 3198 2655 3239 ac
2691 3186 3122 3241 condemnatus
3138 3183 3211 3241 ad
3236 3180 3399 3242 illius
3421 3183 3703 3263 obsequi-

322 3268 435 3338 Jan;
468 3282 666 3335 Σκόπει
696 3277 750 3335 δὲ
782 3280 870 3335 καὶ
926 3286 1105 3352 τοῦτο,
1154 3278 1234 3335 ὅτι
1268 3282 1357 3336 τὸν
1399 3280 1459 3337 ἐκ
1490 3288 1618 3337 Θεοῦ
1649 3286 1970 3359 γεγεννημέ-

2059 3268 2654 3328 um.Anidmadverte
2694 3276 2890 3329 autem
2934 3278 2991 3329 et
3024 3269 3135 3330 hoc
3167 3269 3321 3348 quod
3361 3288 3478 3330 non
3496 3271 3711 3332 dixerit

317 3392 433 3440 νον,
466 3372 563 3426 οὒκ
589 3368 743 3423 εἶπεν
764 3365 843 3422 ὅτι
875 3367 978 3447 οὔχ
1008 3368 1319 3444 ἁμαρτάνει,
1352 3369 1445 3426 ἵνα
1491 3370 1568 3445 μὴ
1601 3372 1687 3425 καὶ
1716 3372 1781 3425 τὰ
1812 3371 1970 3451 βρέφη

2060 3368 2193 3411 eum
2217 3355 2319 3431 qui
2337 3372 2405 3413 ex
2426 3355 2547 3415 Deo
2564 3363 2734 3415 natus
2759 3367 2847 3417 est
2869 3375 2988 3417 non
3016 3375 3371 3436 peccare,ne
3385 3356 3711 3420 etinfantes

314 3454 685 3538 σδμπεριλάϐῃ
714 3455 765 3522 ἐξ
807 3442 1016 3523 mutii;
1048 3442 1247 3536 ἔχοντα
1278 3442 1338 3514 τὸ
1371 3462 1446 3534 μὴ
1477 3442 1821 3538 ἀμαρτάνειν,
1847 3442 1970 3518 ’ἀλλ’

2061 3442 2625 3520 comprehenderet,
2684 3445 2784 3524 qui
2825 3444 2898 3505 ab
2941 3454 3105 3505 utero
3152 3445 3379 3538 habent
3401 3448 3556 3538 quod
3590 3466 3708 3538 non

313 3546 473 3602 εἶπεν
497 3535 586 3600 γὸτι
608 3535 892 3622 Ἀμαρτίαν
917 3547 976 3600 οὗ
1006 3535 1179 3606 ποιεῖ,
1212 3548 1283 3603 Τὸ
1322 3555 1419 3622 μὲν
1441 3547 1565 3626 γὰρ,
1596 3550 1711 3626 Οὒχ
1730 3535 1971 3623 ἁμαρτά-

310 3655 416 3709 νει,
435 3634 696 3711 ἀποφάσει
727 3631 895 3688 ἔοικεν
924 3631 1107 3698 ἁπλῶς
1129 3649 1142 3662 ’
1178 3635 1239 3690 τὺ
1269 3632 1346 3708 δὲ,
1380 3637 1451 3694 Οὔ
1478 3648 1652 3714 ποιεῖ,
1673 3636 1733 3690 τὸ
1764 3636 1825 3690 ἐκ
1853 3634 1972 3692 δια-

309 3721 508 3783 θέσεως
536 3721 615 3795 μή
634 3721 895 3800 ὑπάρχειν
917 3719 1095 3787 δῆλοι.
1154 3720 1235 3778 Δι’
1255 3724 1283 3778 ὃ
1306 3726 1392 3779 καὶ
1412 3723 1745 3803 προστίθησι,
1778 3724 1865 3779 καὶ
1893 3721 1971 3780 ὅτι

314 3812 380 3867 οὔ
419 3808 630 3865 δύναται
685 3810 1027 3887 ἁμαρτάνειν,
1091 3815 1152 3870 οὐ
1223 3813 1358 3868 κατὰ
1400 3811 1627 3891 φυσικὴν
1685 3808 1970 3887 ἀδυναμίαν

313 3919 472 3955 τουτο
513 3896 705 3977 λέγων,
751 3900 826 3961 ὡς
874 3898 958 3955 ἐπὶ
1008 3902 1113 3955 τῶν
1155 3899 1368 3978 ἀλόγων
1426 3899 1622 3978 φαμὲν,
1678 3900 1756 3975 μὴ
1815 3898 1971 3958 δύνα-

319 3989 439 4043 σθαι
483 3986 789 4061 ἐπιστήμην
849 3985 1262 4067 ἀναλαμϐάνειν,
1340 3986 1477 4045 ἀλλά
1530 3991 1665 4046 κατά
1734 4012 1975 4071 προαιρε-

315 4097 476 4143 τικην
547 4080 645 4141 τῆς
706 4074 963 4154 ἀμαρτίας
1026 4076 1236 4155 ἀργίαν.
1305 4085 1478 4136 Ταῦτα
1536 4075 1827 4152 διεξελθὼν,
1887 4075 1974 4136 καὶ

313 4166 382 4220 τὸ
407 4164 681 4243 γνώρισμα
712 4169 819 4221 τῶν
879 4170 971 4221 τοῦ
1027 4172 1159 4222 Θεοῦ
1213 4166 1432 4240 τέκνων,
1478 4169 1539 4223 τὸ
1594 4168 1672 4243 μὴ
1716 4169 1970 4247 ἁμαρτίαν

312 4266 518 4329 ποιεῖν,
553 4253 699 4309 εἶναι
728 4256 928 4333 φήσας,
986 4256 1059 4318 ὼς
1116 4254 1369 4332 ἔμπαλιν,
1427 4260 1531 4311 τῶν
1594 4259 1686 4313 τοῦ
1729 4255 1972 4313 διαϐόλου

308 4344 462 4415 υἱῶν,
508 4343 569 4397 τὸ
608 4341 926 4420 ἁμαρτάνειν
961 4363 976 4377 ⁸
1029 4341 1305 4409 διεξελθὼν
1347 4344 1436 4401 οὗν
1493 4344 1678 4420 ταῦτα,
1724 4345 1969 4422 ἀναλαμ-

310 4426 462 4485 ϐάνει
516 4430 671 4487 πάλιν
723 4433 857 4506 μετά
914 4430 1120 4501 πολλὰΔ
1155 4434 1219 4488 τὰ
1292 4433 1483 4509 μεταξὺ
1553 4433 1652 4501 τὴν
1707 4436 1824 4513 περὶ
1879 4437 1967 4492 τὸν

2058 3538 2335 3608 peccent:
2366 3531 2470 3592 sed
2500 3533 2670 3609 dixit,
2696 3534 3007 3595 Peccatum
3035 3551 3152 3593 non
3175 3534 3333 3595 facit.
3356 3533 3505 3594 Illud
3530 3535 3712 3615 siqui-

2056 3618 2350 3681 demzNon
2374 3621 3279 3702 peccat,negationismpliciter
3295 3623 3708 3702 congruitzhoc

2055 3714 2250 3768 autem
2288 3726 2301 3770 :
2336 3708 2463 3769 Non
2518 3711 2660 3771 facit
2705 3720 3033 3791 peccatum,
3071 3710 3366 3789 signiﬁcat
3395 3730 3462 3772 ex
3493 3714 3707 3773 affectu

2055 3813 2173 3856 non
2190 3799 2556 3875 contingere.
2581 3800 2826 3880 Propter
2852 3799 3008 3880 quod
3036 3799 3210 3860 etiam
3235 3800 3400 3861 addit
3421 3802 3708 3881 quodnon

2056 3894 2248 3963 potest
2271 3905 2542 3968 peccare,
2579 3908 2696 3949 non
2732 3889 3060 3949 secundum
3101 3898 3331 3950 natura;
3357 3888 3705 3968 impossibi-

2055 3975 2277 4036 litatem
2312 3978 2423 4037 hoc
2453 3978 2684 4053 dicens,
2722 3977 3224 4057 quemadmodum
3253 3978 3327 4039 de
3359 3979 3712 4040 irrationali-

2057 4062 2165 4124 bus
2195 4066 2448 4126 dicimus
2479 4067 2631 4146 quod
2659 4085 2775 4126 non
2790 4075 3038 4145 possunt
3063 4067 3370 4127 scientiam
3398 4067 3701 4147 recipere:

2052 4153 2157 4213 sed
2190 4163 2431 4234 propter
2493 4154 2883 4216 voluntarium
2919 4154 3102 4214 otium
3137 4154 3258 4214 sive
3288 4154 3706 4218 abstinentiam

2052 4260 2086 4302 a
2115 4244 2419 4322 peccando
2453 4244 2577 4304 hinc
2601 4244 2991 4319 disserens,et
3012 4242 3295 4304 indicium
3320 4244 3577 4306 ﬁliorum
3598 4246 3707 4308 Dei

2054 4348 2186 4394 esse
2217 4332 2444 4406 dicens,
2469 4352 2585 4393 non
2622 4351 2863 4413 pect-are
2896 4355 2907 4392 :
2937 4334 3432 4413 quemadmodum
3465 4353 3701 4396 rursum

2054 4424 2308 4485 ﬁliorum
2332 4424 2573 4500 diaboli,
2609 4443 2875 4505 peccare.
2912 4424 3015 4485 His
3038 4444 3176 4502 ergo
3199 4428 3695 4506 enarratis,repev

313 4516 545 4584 πλησίον
572 4519 809 4597 ἀγάπην,
867 4518 1046 4599 ὥσπερ
1096 4522 1253 4601 χάριν
1313 4521 1519 4589 ἐκείνης
1562 4523 1735 4579 πάντα
1776 4524 1841 4580 τὰ
1884 4521 1967 4579 διὰ

2055 4515 2117 4580 tit
2143 4525 2270 4592 post
2307 4514 2488 4575 multa
2534 4515 2592 4574 in
2644 4514 2844 4575 medio
2900 4523 3112 4593 posnta,
3150 4514 3530 4575 dilectionem
3566 4532 3704 4591 erga

315 4605 483 4680 μέσου
539 4606 1100 4685 πραγματευσάμενος,
1177 4608 1288 4665 ἐπεὶ
1349 4612 1435 4665 καὶ
1504 4608 1775 4689 πλήρωμα
1825 4611 1965 4667 πάν-

316 4716 428 4751 των
482 4697 518 4762 ἡ
582 4696 787 4777 ἀγάπη,
860 4698 948 4753 καί
989 4720 1146 4778 φησιν
1182 4714 1196 4728 ’
1263 4719 1290 4752 ιι
1353 4690 1410 4755 Ὀ
1469 4699 1565 4774 μὲν
1625 4698 1845 4776 ἀγαπῶν
1875 4701 1967 4755 τὸν

320 4783 546 4865 ἀδελφὸν
585 4788 763 4861 αὑτοῦ,
818 4790 912 4845 οὐκ
967 4786 1105 4844 ἔστιν
1146 4791 1207 4844 ἐκ
1262 4797 1353 4846 τοῦ
1410 4788 1556 4846 Θεοῦ.
1603 4810 1627 4846 ti
1693 4792 1791 4847 Καί
1833 4791 1968 4849 κατὰ

319 4875 507 4932 τούτου
547 4876 646 4954 γὰρ
692 4874 783 4933 τοῦ
836 4875 1009 4933 κώλου
1064 4876 1330 4957 τέτακται,
1377 4878 1464 4957 τὸ,
1536 4882 1644 4937 Οὔκ
1699 4877 1837 4934 ἔστιν
1906 4878 1966 4935 ἐκ

316 4965 415 5018 τοῦ
444 4970 597 5037 Θεοῦ,
645 4974 799 5024 τοῦτο
846 4963 1015 5043 λέγων
1051 4984 1065 4999 ’
1119 4962 1265 5022 Ἐπεὶ
1309 4968 1337 5022 6
1407 4971 1573 5022 ποιῶν
1630 4964 1963 5035 δικαιοσύνην

316 5051 381 5109 ἐκ
420 5054 513 5109 τοῦ
554 5060 686 5113 Θεοῦ
712 5053 1050 5133 γεγέννηται,
1082 5052 1268 5112 ἕπεται
1328 5062 1405 5130 τῷ
1458 5054 1594 5112 οὕτω
1636 5056 1958 5132 γεννηθέντι,

313 5141 529 5219 ἀγαπᾷν
569 5143 690 5207 τοὺς
733 5141 1009 5224 ἀδελφοὺς,
1060 5134 1118 5201 ιΟ
1174 5142 1228 5199 δὲ
1280 5144 1355 5220 μὴ
1390 5150 1557 5201 ποιῶν
1600 5142 1959 5223 δικαιοσύνην,

316 5237 396 5304 τῷ
426 5231 503 5305 μὴ
545 5244 722 5288 ποιεῖν
772 5233 937 5299 αὐτὴν
997 5235 1171 5309 μισῶν
1223 5234 1341 5297 τοὺς
1392 5229 1653 5315 ἀδελφοὺς⁸
1691 5235 1866 5306 αὐτοῦ,
1903 5231 1961 5288 ἐκ

316 5328 411 5378 τοῦ
454 5329 584 5379 Θεοῦ
613 5328 707 5383 οὒκ
755 5322 895 5382 ἔστιν
948 5324 1007 5382 οὔ
1061 5326 1195 5381 κατά
1250 5323 1413 5382 ἄλλον
1470 5325 1664 5404 τρόπον
1706 5325 1741 5392 ἢ
1784 5330 1859 5397 τῷ
1889 5324 1967 5399 μὴ

319 5416 667 5488 γεγεννῆσθαι
738 5412 790 5479 ἐξ
837 5414 1014 5477 αὐτοῦ.
1077 5416 1175 5471 Καὶ
1231 5413 1345 5480 πῶς
1402 5418 1498 5474 οὐκ
1567 5413 1707 5470 ἔστιν
1766 5413 1825 5469 ἐκ
1877 5414 1971 5469 τοῦ

323 5498 458 5556 Θεοῦ
525 5497 747 5556 δείκνυσι
790 5500 985 5580 λέγων,
1031 5500 1112 5558 ὅτι
1163 5522 1186 5558 α
1235 5501 1380 5569 Αὕτη
1438 5502 1574 5560 ἐστὶν
1617 5505 1652 5571 ἡ
1712 5498 1963 5581 ἀγγελία,

2050 4603 2529 4684 proximum,qua
2548 4604 2581 4662 ~i
2601 4603 2759 4663 illius
2781 4602 2971 4679 gratia
2997 4604 3266 4662 universo
3284 4602 3487 4681 (λυθείη
3503 4603 3696 4662 medio

2050 4697 2288 4755 fuerunt
2341 4692 2672 4752 tractaverit
2750 4708 2764 4752 :
2849 4690 3331 4770 quandoquidem
3395 4690 3696 4770 plenitudo

2051 4797 2283 4859 quoque
2316 4799 2581 4840 omnium
2621 4789 2707 4840 est
2737 4779 2976 4840 dilectio
3007 4779 3091 4857 δι,
3124 4788 3184 4839 ει
3212 4778 3296 4840 ait
3331 4798 3344 4837 :
3380 4801 3408 4837 ι
3440 4779 3551 4849 Qui
3579 4798 3698 4840 non

2049 4867 2499 4946 diligitfratrem
2531 4888 2725 4941 suum,
2764 4887 2880 4929 non
2941 4877 3028 4929 est
3059 4887 3127 4928 ex
3158 4867 3339 4929 Deo.»
3376 4867 3518 4928 Nam
3547 4886 3697 4929 con-

2051 4970 2138 5022 tra
2168 4960 2279 5018 hoc
2309 4959 2482 5019 etiam
2516 4956 2848 5016 membrum
2883 4956 3141 5037 positum
3173 4964 3266 5018 est
3296 4977 3308 5015 :
3346 4956 3474 5018 Non
3507 4967 3593 5019 est
3627 4976 3698 5020 ex

2046 5047 2192 5123 Deo,
2247 5048 2358 5107 hoc
2388 5048 2592 5107 dicens
2628 5063 2640 5107 :
2675 5045 2961 5117 Quoniam
2996 5048 3047 5108 si
3098 5046 3191 5108 his
3221 5047 3321 5129 qui
3351 5046 3696 5126 facitjusti-

2046 5136 2208 5198 tiam.
2248 5155 2315 5195 ex
2348 5135 2468 5196 Deo
2492 5144 2661 5195 natus
2686 5142 2793 5209 est,
2829 5136 3172 5215 s‘oquiturut
3202 5137 3253 5197 is
3283 5141 3382 5218 qui
3414 5139 3494 5197 ita
3526 5145 3699 5198 natus

2046 5233 2137 5286 est
2167 5224 2371 5301 diligat
2401 5228 2610 5284 lratres
2648 5240 2661 5284 :
2695 5225 2792 5302 qui
2841 5243 2977 5285 vero
3036 5244 3150 5285 non
3207 5227 3347 5289 facit
3383 5224 3695 5306 justitiam,

2053 5331 2122 5374 eo
2170 5313 2325 5391 quod
2392 5331 2508 5371 non
2566 5311 2736 5372 faciat
2788 5332 2914 5374 eam
2971 5314 3224 5375 odieudo
3286 5315 3500 5376 fratres
3530 5332 3695 5390 suos,

2054 5422 2171 5465 non
2191 5409 2280 5461 est
2303 5419 2370 5461 ex
2392 5399 2538 5480 Deo,
2573 5420 2689 5461 non
2726 5400 2899 5480 juxta
2919 5403 3099 5463 alium
3126 5403 3366 5467 modum
3398 5403 3510 5464 nisi
3542 5404 3700 5485 quod

2051 5511 2169 5555 non
2193 5499 2367 5553 natus
2395 5490 2474 5551 sit
2501 5508 2570 5552 ex
2610 5511 2703 5554 ro.
2727 5490 2792 5551 Et
2814 5492 3108 5572 quomodo
3138 5512 3257 5554 non
3286 5493 3363 5554 sit
3396 5512 3469 5556 ex
3497 5513 3569 5556 eo
3599 5512 3700 5556 os-

403 5666 466 5715 77
497 5662 641 5732 Cen.
674 5684 822 5750 nu,
852 5668 929 5730 18
964 5691 980 5748 ;
1014 5667 1146 5736 Gal.
1176 5686 1269 5752 ut,
1300 5670 1361 5735 9.
1395 5670 1460 5721 78
1480 5668 1699 5752 Ephes.
1734 5688 1798 5737 ιι.
1830 5670 1893 5721 ’⁷9
1920 5675 1970 5736 Β

2055 5691 2101 5740 ι.
2129 5678 2252 5741 vut,
2285 5662 2386 5728 28.
2420 5661 2485 5714 80
2515 5661 2667 5726 Psal.
2703 5677 2837 5742 LVII,
2872 5663 2933 5728 4.
2978 5663 3031 5712 81
3065 5665 3241 5729 Rom.
3272 5679 3401 5740 xm,
3441 5670 3533 5727 10.
