4192 6212
528 352 648 420 655

1645 350 2059 415 CECUMENII
2102 344 2401 414 TRICGIE
2442 347 2780 412 EPISCOPI

3785 349 3905 415 656

534 488 750 571 tendit,
809 488 1067 550 dicens:
1117 507 1144 541 α
1184 483 1472 557 Quoniam
1520 483 1648 544 haec
1679 489 1767 545 est
1817 481 2186 544 annuntiatio

2269 481 2333 571 ἣν
2375 482 2635 550 ἠκούσατε
2678 480 2771 540 ἀπ’
2805 483 3026 571 ἀρχῆς.
3092 507 3120 541 ι
3182 486 3271 548 Τίς
3327 482 3383 540 δὲ
3509 480 3731 563 ἀγγελία
3773 480 3906 571 αὕτη

537 596 715 659 quam
746 576 997 639 audistis
1018 574 1090 636 ab
1136 573 1307 633 initio
1327 572 1406 634 89.
1423 597 1443 628 ι
1468 572 1611 644 Qum
1624 572 1699 632 sit
1719 580 1912 633 autem
1932 572 2054 633 haec
2072 591 2182 633 an-

536 666 847 739 nuntiatio,
870 666 991 744 jam
1017 660 1463 741 diximus,quod
1491 669 1547 721 et
1570 661 1916 721 naturaliter
1948 668 2187 740 accepta

534 763 593 817 et
614 772 718 835 per
734 753 1063 815 doctrinam
1093 768 1109 825 ;
1143 749 1245 810 sed
1279 758 1338 811 et
1369 748 1540 829 legali
1575 756 1868 829 praecepto
1921 748 1994 809 de
2043 748 2183 809 dili-

534 842 726 923 gendo
761 842 1051 921 proximo,
1086 838 1570 918 Dominiquoque
1594 846 1883 916 praecepto
1907 837 2141 898 dicente
2167 855 2181 899 :

540 934 937 1008 «Praeceptum
958 946 1169 989 novum
1194 926 1269 987 do
1293 925 1475 996 vobis,
1515 933 1578 986 ut
1608 925 1865 1004 diligatis
1894 944 1999 986 vos
2029 925 2184 986 invi-

537 1037 665 1081 cem
680 1019 764 1080 85.
777 1017 1104 1078 iiPrazterea
1116 1015 1296 1077 etiam
1314 1014 1579 1076 naturale
1593 1027 1953 1095 praeceptum
1967 1032 2104 1094 erga
2116 1030 2185 1076 ea

532 1125 664 1188 quae
719 1106 983 1187 ejusdem
1019 1105 1196 1165 sortis
1245 1112 1302 1165 et
1358 1102 1714 1164 conditionis
1738 1112 1895 1177 sunt,
1930 1102 2084 1181 cogit
2111 1101 2184 1163 ad

530 1195 645 1258 hoc
676 1194 1037 1256 faciendum.
1099 1191 1388 1263 Quoniam
1447 1191 1625 1268 igitur
1670 1199 1753 1251 tot
1783 1209 1850 1252 ac
1881 1191 2020 1252 talia
2050 1194 2190 1254 sunt

535 1293 829 1366 praecepta
858 1282 1170 1345 assertioni
1196 1280 1433 1342 Domini
1462 1279 1915 1360 conformia,qui
1952 1299 2184 1344 sermo-

533 1391 672 1435 nem
709 1374 839 1453 ejus
868 1379 1061 1432 servat
1081 1377 1140 1430 et
1170 1369 1306 1431 facit
1337 1369 1556 1448 ipsum,
1596 1368 1772 1429 habet
1799 1369 1973 1430 vitam
2007 1379 2183 1433 aeter-

532 1480 697 1536 nam,
722 1469 780 1522 et
810 1458 1079 1522 transivit
1107 1476 1177 1519 ex
1207 1466 1398 1518 morte
1428 1457 1497 1518 ad
1532 1457 1711 1518 vitam
1739 1458 1819 1520 84.

612 1549 754 1611 585
808 1551 1130 1629 Propterea
1177 1564 1315 1625 ergo
1375 1545 1688 1624 diligamus
1740 1545 1972 1620 fratres,
2034 1548 2183 1617 nihil

533 1643 869 1703 nocumenti
902 1644 1208 1698 sumentes
1238 1636 1306 1697 ad
1343 1635 1737 1697 aemulandum
1764 1655 1777 1695 :
1805 1637 2025 1716 puta,si
2049 1638 2183 1700 odio

535 1727 871 1791 babeamur
891 1746 925 1788 a
947 1725 1318 1797 mundo,non
1332 1743 1565 1805 quoque
1579 1724 1713 1785 odio
1729 1724 2182 1787 habeamuslra-

2265 568 2368 638 ἤδη
2428 572 2734 650 εἰρήκαμεν,
2782 570 2862 628 ὅτι
2905 576 2993 629 καὶ
3055 575 3248 654 φυσικὴ
3312 575 3401 629 καὶ
3443 570 3658 643 διδακτή
3694 593 3704 604 ·
3769 569 3908 627 ἀλλά

2266 660 2354 715 καὶ
2391 660 2524 735 μετὰ
2564 666 2662 727 τῆς
2708 667 2931 737 νομικῆς
2988 661 3205 731 ἐντολῆς
3261 663 3356 730 τῆς
3400 664 3517 740 περὶ
3573 662 3665 720 τοῦ
3694 661 3904 740 ἀγαπᾷν

2267 749 2357 803 τὸν
2385 746 2635 829 πλησίον,
2668 752 2755 806 καὶ
2785 756 2881 818 τῆς
2912 754 3002 808 τοῦ
3042 754 3223 830 Κυρίου
3252 757 3350 819 τῆς
3379 750 3661 829 λεγούσης,
3713 774 3741 805 ι
3780 748 3906 806 Ἐν-

2268 834 2430 903 τολῆν
2472 838 2660 904 καινὴν
2685 835 2868 914 δίδωμι
2901 840 3050 915 δμϊν,
3107 839 3197 896 ἵνα
3256 840 3493 919 ἀγαπᾶτε
3521 836 3786 908 ἀλλήλους
3818 855 3834 870 ’
3877 858 3900 891 ο

2268 923 2343 980 ἔτι
2373 927 2459 982 καὶ
2514 925 2550 993 ἢ
2592 929 2723 1007 πρὸς
2767 929 2828 983 τὸ
2874 928 3122 1008 ὁμογενὲς
3164 929 3382 1009 φυσικὴ,
3428 935 3583 986 τοῦτο
3636 948 3909 1005 καταναγ-

2266 1019 2538 1077 καστικῶς
2604 1016 2848 1094 πράττειν
2906 1015 3103 1095 ἐνάγει.
3160 1014 3307 1075 Ἐπεὶ
3375 1017 3463 1074 οὖν
3530 1022 3766 1073 τοιαῦται
3820 1016 3910 1071 καὶ

2268 1103 2516 1158 τοσαῦται
2559 1105 2610 1158 αἱ
2668 1102 2875 1161 ἐντολαὶ
2928 1107 3065 1162 κατά
3118 1106 3217 1173 τὴν
3257 1112 3350 1163 τοῦ
3410 1105 3592 1185 Κυρίου
3660 1104 3906 1183 ἀπόφαν-

2274 1212 2378 1266 σιν,
2411 1193 2439 1246 ὁ
2465 1193 2558 1246 τὸν
2600 1189 2759 1269 λόγον
2815 1193 2973 1253 αὐτοῦ
3013 1201 3188 1274 τηρῶν
3225 1195 3313 1251 καὶ
3368 1200 3537 1251 ποιῶν
3593 1195 3745 1252 αὐτὸν
3787 1190 3909 1272 ἔχει

2269 1278 2410 1347 ζωὴν
2440 1280 2645 1337 αἰώνιον
2673 1282 2760 1338 καὶ
2790 1281 3145 1359 μεταϐέϐηκεν
3175 1284 3236 1341 ἐκ
3276 1291 3368 1340 τοῦ
3408 1284 3630 1342 θανάτου
3678 1284 3748 1347 εἰς
3806 1283 3911 1349 τὴν

2266 1368 2410 1438 ζωήν
2424 1418 2431 1427 .

2350 1546 2447 1601 Διὰ
2491 1552 2651 1603 ταῦτα
2694 1548 2862 1604 τοίνυν
2917 1547 3207 1628 ἀγαπῶμεν
3250 1550 3371 1614 τοὺς
3415 1546 3688 1630 ἀδελφοὺς,
3736 1546 3908 1625 μηδὲν

2267 1631 2764 1711 παραϐλαπτόμενοι
2818 1639 2948 1717 πρὸς
2991 1638 3176 1719 ζῆλον,
3235 1641 3414 1720 φησὶν,
3462 1637 3523 1695 ἐκ
3575 1638 3667 1696 τοῧ
3701 1636 3911 1713 κόσμου

2269 1722 2580 1803 μισούμεθα,
2653 1723 2744 1779 ’ίνα
2812 1728 2900 1782 καὶ
2956 1728 3119 1801 ἡμεῖς
3171 1734 3410 1803 μισῶμεν
3450 1728 3572 1790 τοὺς
3627 1724 3904 1807 ἀδελφοὺς,

535 1824 658 1879 tres
692 1839 706 1881 :
729 1817 833 1878 sed
858 1814 1093 1877 Domini
1119 1833 1315 1875 sermo
1335 1816 1409 1874 sit
1429 1814 1490 1874 in
1511 1813 1681 1875 nobis
1698 1815 2012 1879 efﬁcacior.
2033 1819 2181 1879 Nam

2270 1810 2444 1903 @060
2473 1818 2572 1903 τοῦ.
2597 1814 2780 1903 Κυρίου
2829 1814 2986 1893 λόγος
3037 1816 3397 1895 ἐνεργέστερος
3452 1815 3590 1873 ἔστω
3631 1814 3684 1871 ἐν
3743 1817 3910 1903 ἡμῖν.

534 1909 632 1987 qui
667 1905 878 1968 fratres
930 1922 1068 1965 suos
1125 1903 1271 1977 odit,
1326 1922 1444 1964 non
1499 1902 1689 1964 solum
1720 1902 1793 1964 ab
1825 1913 2045 1967 aiterna
2074 1906 2189 1967 vita

2274 1892 2330 1957 Ὀ
2360 1900 2459 1979 γὰρ
2500 1901 2621 1964 τοὺς
2678 1892 2930 1982 ἀδελφοὺς
2980 1892 3138 1961 αἰ)τοῦ
3169 1892 3373 1984 μισῶν,
3434 1906 3564 1984 πρὸς
3611 1908 3695 1968 οἷς
3753 1900 3914 1959 ἐκϐέ-

536 1985 838 2076 projectus
868 2000 976 2067 est,
1012 1991 1115 2053 sed
1161 1990 1336 2053 etiam
1372 1991 1669 2052 homicida
1699 2001 1808 2053 est.
1840 1991 2186 2056 Necessario

2269 1985 2460 2055 ϐληται
2490 1988 2634 2076 ⁸,τῆς
2705 1992 2914 2049 αἰωνίου
2969 1994 3131 2065 ζωῆς,
3194 1992 3269 2050 ἔτι
3337 1995 3426 2049 καὶ
3482 1992 3911 2073 ἀνθρωποντόνος

536 2067 694 2145 enim
728 2080 1016 2162 sequitur,
1078 2080 1129 2140 si
1186 2079 1481 2140 homicida
1511 2093 1623 2155 est,
1660 2080 1815 2160 quod
1872 2099 1983 2142 nec
2010 2082 2185 2143 vitam

2270 2076 2428 2140 ἐστίν,
2490 2067 2724 2162 ’Ἐπεται
2766 2082 2864 2158 γὰρ
2906 2082 2983 2157 τῷ
3025 2082 3439 2162 ἀνθρωποκτόνῖρ
3478 2084 3540 2138 τὸ
3577 2067 3735 2158 ’μηδὲ
3763 2081 3910 2152 ζωὴν

538 2160 829 2234 aeternam
855 2168 1087 2231 habeat.
1121 2167 1334 2230 Videte
1366 2186 1623 2248 namque
1653 2168 2188 2251 Cain,inquit,quo—

2269 2165 2476 2223 αἰώνιον
2508 2165 2672 2247 ἔχειν.
2712 2160 2891 2249 εΟρὸιτε
2952 2173 3074 2252 γὰρ,
3143 2173 3293 2252 φησὶ,
3354 2173 3444 2228 τὸν
3490 2172 3649 2245 Κάϊν,
3697 2170 3777 2227 ὅτι
3823 2171 3917 2226 καὶ

535 2262 693 2324 niam
730 2269 789 2321 et
817 2260 945 2339 ipse
977 2278 1109 2319 cum
1145 2258 1281 2319 odio
1340 2257 1643 2318 habuisset
1674 2258 1940 2339 fratrem,
1974 2258 2189 2321 occidit

2271 2255 2448 2330 αὒτὸς,
2483 2258 2714 2331 μισήσας
2758 2260 2847 2315 τὸν
2884 2257 3128 2340 ἀδελφὸν,
3165 2259 3460 2317 ἐπέκτεινεν
3502 2261 3656 2317 αὒτὸν
3699 2260 3787 2316 καί
3827 2280 3915 2315 τοι

532 2351 1095 2431 ipsum,quanquam
1122 2347 1304 2409 frater
1325 2355 1504 2410 esset.
1531 2346 1646 2409 Sed
1687 2347 1825 2427 quia
1844 2366 2022 2426 opera
2038 2349 2189 2409 mala

2270 2365 2332 2422 γε
2360 2341 2582 2424 ἀδελφὸν
2612 2344 2757 2431 ὄντα.
2819 2347 2970 2405 Ἀλλ’
3026 2348 3143 2431 ἐπει
3196 2348 3320 2427 ἔργα
3361 2350 3571 2427 πονηρά
3614 2346 3757 2427 ἔχων
3798 2349 3916 2409 υἱὸς

535 2426 977 2511 Ηδὺθηεξῆίιὶυε
999 2447 1127 2497 erat
1148 2435 1366 2496 diaboli
1389 2453 1402 2497 :
1429 2434 1576 2496 Abel
1602 2426 1737 2495 vero
1753 2436 1914 2516 justa
1933 2455 2189 2516 operan-

2272 2432 2337 2499 ἦν
2388 2432 2480 2489 τοῦ
2546 2430 2814 2517 διαϐόλου,
2899 2439 2927 2492 ὁ
2979 2434 3034 2492 δὲ
3108 2426 3280 2493 ’Ἅϐελ
3339 2426 3515 2493 δίκαια
3561 2426 3913 2516 ἐργαζόμενος

536 2528 803 2600 do,ﬁlius
822 2525 926 2587 De?
946 2524 1356 2605 appellabatur
1380 2545 1393 2583 :
1419 2523 1737 2603 opponitur
1763 2533 1957 2587 autem
1973 2525 2188 2587 diabo-

2271 2522 2379 2584 υἱὸς
2410 2520 2737 2601 ἐχρημάτιζε
2768 2532 2918 2586 Θεοὺ.
2956 2522 3275 2582 Ἀντίκειται
3323 2522 3378 2580 δὲ
3434 2525 3522 2581 καὶ
3584 2527 3612 2581 ὁ
3664 2521 3913 2587 διάϐολος

537 2615 630 2676 lus
659 2614 805 2683 Deo,
863 2620 922 2674 et
951 2613 1102 2674 mala
1153 2630 1331 2693 opera
1364 2611 1537 2673 bonis
1567 2629 1580 2673 ε
1618 2622 1931 2691 propterea
1961 2622 2018 2675 et
2047 2616 2187 2678 Cain

538 2722 673 2765 cum
722 2701 1053 2764 contrarius
1112 2709 1270 2763 esset
1323 2700 1513 2777 fratri,
1572 2700 1788 2762 occidit
1831 2702 2047 2782 ipsum.
2106 2703 2188 2766 Ita

537 2790 776 2872 quidem
804 2800 929 2852 erat
945 2808 1318 2871 consequens
1342 2790 1636 2852 sermonis
1666 2790 2186 2867 decursus,verum

537 2880 747 2942 beatus
766 2882 1024 2940 Joannes
1053 2879 1325 2940 ordinem
1357 2879 1710 2947 immutavit.
1736 2879 2002 2942 serviens
2024 2900 2186 2944 sem-

538 2985 650 3048 per
672 2968 728 3029 ei
746 2968 901 3048 quod
917 2968 1101 3047 magis
1113 2966 1695 3047 urgebat.Siquidem
1708 2968 1953 3045 urgebat
1967 2969 2182 3049 ipsum,

543 3058 685 3138 quia
713 3056 931 3118 diaboli
959 3056 1318 3118 mentionem
1360 3057 1606 3130 fecerat,
1643 3069 1701 3118 et
1749 3075 1954 3119 eorum
1982 3058 2080 3139 qui
2113 3057 2187 3120 ob

2268 2616 2346 2683 τῷ
2376 2616 2491 2684 Θεῷ
2519 2611 2606 2667 καὶ
2646 2613 2712 2669 τὰ
2755 2614 2959 2692 πονηρὰ
2988 2611 3114 2693 ἔργα
3163 2627 3282 2677 τοῖς
3324 2613 3544 2691 ἀγαθοῖς
3581 2632 3594 2645 ·
3626 2610 3716 2669 διὰ
3757 2615 3916 2668 τοῦτο

2269 2699 2357 2753 καὶ
2399 2700 2427 2754 ὁ
2472 2699 2608 2756 Κάϊν
2666 2706 2744 2774 τῷ
2784 2700 2994 2783 ἀδελφῳ
3048 2703 3413 2777 ἀντικείμενσς
3470 2701 3775 2758 ἀπέκτεινεν
3808 2702 3913 2758 αὖ·-

2268 2786 2380 2868 τόν.
2439 2785 2590 2844 Οὕτω
2630 2790 2765 2849 κατά
2806 2792 2868 2846 τὸ
2921 2789 3202 2849 ἀκόλουθον
3260 2792 3294 2859 ἡ
3323 2797 3416 2848 τοῦ
3459 2788 3619 2868 λόγου
3660 2786 3906 2855 διέξοδος.

2273 2864 2330 2932 l0
2385 2873 2564 2949 μέντοι
2637 2878 2893 2957 μακάριος
2946 2878 3198 2945 Ἰωάννης
3254 2876 3506 2949 ἐνήλλαξε
3539 2864 3550 2868 ⁷
3573 2878 3672 2944 τὴν
3739 2875 3907 2951 τάξιν,

2267 2970 2359 3020 τοῦ
2443 2967 2843 3044 κατεπείγοντος
2918 2966 2998 3023 ἀεὶ
3064 2967 3363 3047 γινόμενος.
3426 2967 3729 3044 Κατήπειγε
3810 2967 3911 3045 γὰρ

2269 3054 2445 3127 αὐτὸν,
2493 3054 2605 3111 ἐπεὶ
2646 3062 2737 3110 του
2764 3052 3008 3112 διαϐόλου
3065 3055 3323 3131 ἐμνήσθη,
3371 3056 3458 3111 καὶ
3491 3061 3597 3112 τῶν
3657 3057 3798 3128 αὒτῷ
3826 3051 3912 3111 διὰ

543 3165 751 3227 pravas
781 3146 1047 3208 actiones
1101 3145 1173 3207 ab
1222 3145 1322 3207 illo
1382 3145 1643 3226 ad0ptati
1689 3156 1878 3222 erant,
1930 3157 1992 3209 ut
2020 3149 2184 3209 illum

2269 3149 2503 3221 πονηρᾶς
2571 3142 2806 3223 πράξεως
2861 3143 3290 3224 υἱοθετουμένων,
3351 3144 3442 3200 τὸν
3499 3142 3551 3208 ἐξ
3606 3143 3781 3223 ἀρχῆς
3822 3143 3918 3200 κό-

542 3209 605 3297 in
630 3236 963 3316 exemplum
1015 3242 1375 3315 proponeret
1421 3209 1519 3314 qui
1551 3234 1624 3295 ab
1653 3235 1822 3297 initio
1850 3237 2055 3298 mundi
2083 3257 2189 3318 per

2270 3253 2406 3306 σμου
2464 3229 2547 3291 διὰ
2601 3239 2707 3289 τῶν
2781 3239 3028 3312 πονηρῶν
3084 3232 3252 3313 ἔργων
3305 3234 3378 3296 είς
3435 3232 3617 3289 τέκνον
3684 3229 3921 3311 ἀποδρα-

544 3324 698 3385 mala
755 3342 936 3404 opera
993 3322 1233 3401 maligni
1282 3322 1439 3383 filius
1495 3323 1698 3385 evasit.
1730 3323 2050 3386 Absolutus
2077 3317 2186 3387 au-

2270 3321 2437 3395 μόντα
2479 3320 2569 3377 τοῦ
2609 3320 2863 3400 πονηροῦ,
2895 3319 3228 3400 παράδειγμα
3252 3317 3661 3400 παραϐαλέσθαι.
3696 3318 3915 3387 Ἀπηλ-

543 3421 660 3475 tem
714 3432 748 3475 a
808 3412 947 3476 Cain
1006 3420 1067 3474 et
1117 3412 1202 3473 eis
1253 3411 1350 3491 qui
1400 3413 1558 3473 hunc
1588 3412 1884 3474 imitantes
1915 3414 2185 3475 eamdem

2270 3407 2534 3487 λαγμένος
2559 3407 2614 3466 δὲ
2642 3411 2734 3467 τοῦ
2763 3411 2918 3490 Κάϊν,
2981 3412 3068 3467 καὶ
3119 3416 3226 3466 τῶν
3282 3412 3338 3467 οἳ
3393 3419 3575 3469 τοῦτον
3629 3407 3914 3480 ζηλοῦντας

540 3521 674 3563 cum
694 3501 824 3580 ipso
838 3500 1137 3581 accipiunt
1152 3500 1826 3574 hmreditatem,rursum
1840 3502 1909 3563 ad
1925 3503 2189 3565 dilectio-

2271 3496 2625 3577 κληρονομεῖν
2670 3498 2881 3579 ἔχουσι,
2939 3498 3097 3555 πάλιν
3157 3497 3442 3577 ἀνατρέχει
3498 3497 3585 3553 ἐπὶ
3640 3498 3736 3565 τὴν
3767 3496 3913 3575 ἀγα-

541 3608 675 3650 nem
699 3589 976 3661 recurrit,
1009 3589 1331 3650 ostendens
1347 3598 1562 3668 quanta
1587 3588 1740 3650 bona
1761 3609 1828 3651 ex
1850 3590 1978 3670 ipsa
1994 3592 2188 3654 conti-

2272 3608 2401 3661 πην,
2461 3588 2549 3643 καὶ
2618 3585 2718 3643 ὅσα
2798 3586 2859 3642 ἐκ
2924 3588 3120 3655 ταύτης
3174 3584 3504 3663 συμϐέϐηκεν
3561 3586 3751 3664 ἀγαθὰ,
3822 3587 3916 3642 καί

537 3677 773 3757 gerint:
815 3686 871 3738 et
901 3677 1221 3757 dicitquod
1254 3678 1500 3739 dilectio
1534 3679 1826 3758 persuasit
1853 3678 2102 3760 Domino
2128 3688 2189 3741 ut

2270 3696 2452 3753 φησιν,
2496 3673 2576 3730 ὅτι
2632 3677 2666 3743 ἡ
2723 3672 2906 3754 ἀγάπη
2956 3676 3086 3756 ὑπὲρ
3146 3677 3301 3751 ἡμῶν
3354 3675 3531 3732 ἔπεισε
3586 3676 3678 3730 τὸν
3723 3675 3915 3753 Κύριον

543 3784 647 3845 pro
672 3765 841 3826 nobis
862 3765 1118 3826 animam
1146 3784 1313 3827 suam
1340 3774 1674 3845 poneret,et
1693 3767 1850 3847 qnod
1870 3768 1982 3828 hoc
1995 3786 2189 3829 exem-

2269 3763 2366 3829 τὴν
2390 3762 2575 3843 ψυχὴν
2628 3768 2747 3827 ὒτεῦ
2776 3764 2974 3840 θεῖναι,
3009 3766 3098 3821 καὶ
3127 3763 3208 3821 ὅτι
3266 3764 3326 3821 ἐκ
3384 3765 3572 3821 τούτου
3630 3771 3723 3822 τοῦ
3776 3764 3913 3819 ὑπο-

542 3855 638 3932 ρΙο
671 3853 922 3933 permoti
974 3853 1261 3914 debemus
1311 3863 1367 3915 et
1418 3874 1525 3915 nos
1581 3874 1686 3935 pro
1743 3855 2025 3917 fratribus
2053 3857 2184 3918 ani-

2269 3847 2571 3929 δείγματος,
2630 3851 2908 3931 ὀφείλομεν
2965 3854 3052 3910 καὶ
3116 3854 3280 3929 ἡμεῖς
3336 3854 3465 3933 ὑπὲρ
3512 3854 3618 3908 τῶν
3673 3850 3915 3932 ἀδελφῶν

544 3959 697 4000 mam
725 3941 1047 4019 ponere.Et
1068 3942 1343 4020 quoniam
1366 3940 1423 4001 id
1442 3960 1641 4002 rarum
1662 3953 1747 4002 est
1773 3950 1833 4004 et
1857 3944 2007 4022 apud
2035 3962 2185 4023 pau-

2269 3939 2363 4006 τήν
2418 3940 2600 4020 ψυχὴν
2652 3941 2872 4005 τιθέναι,
2934 3942 3033 3998 Καὶ
3081 3939 3263 4009 ἐπειδὴ
3336 3939 3556 3998 σπάνιον
3610 3946 3763 3997 τοῦτο
3826 3942 3919 3996 καὶ

543 4048 666 4100 cos,
697 4029 877 4091 veluti
899 4030 1264 4090 exhortando
1296 4031 1477 4110 ipsos,
1512 4049 1545 4092 a
1577 4031 1979 4093 mediocribus
2010 4032 2187 4093 rebus

2269 4026 2392 4106 παρ’
2477 4027 2698 4109 ὀλίγοις,
2788 4031 2968 4108 ὡσπερ
3045 4028 3307 4106 ἐντρέπων
3376 4029 3561 4094 αὐτοὺς
3620 4028 3727 4084 ἀπὸ
3806 4030 3916 4084 τῶν

539 4116 1231 4197 incipitadinonitionem
1258 4117 1529 4180 fraternae
1554 4120 1858 4181 charitatis
1880 4120 2188 4201 facere,ita

2269 4117 2627 4196 μετριωτέρων
2689 4116 2912 4197 ἄρχεται
2967 4118 3065 4185 τὴν
3122 4116 3456 4197 παράκλησιν
3519 4122 3618 4185 τῆς
3660 4114 3916 4197 φιλαδελ-

542 4205 973 4285 quodammodo
1005 4225 1343 4268 sermonem
1361 4207 1686 4288 disponens
1713 4226 1726 4272 :
1752 4208 2049 4279 Quiddico
2083 4228 2188 4289 pro

2270 4204 2388 4282 φίας
2418 4209 2710 4276 ποιεῖσθαι,
2743 4207 2908 4272 οὕτως
2935 4227 3050 4269 πως
3106 4207 3198 4263 τὸν
3240 4205 3397 4285 λόγον
3453 4207 3745 4281 οἰκονομῶν
3776 4223 3794 4241 ·
3853 4206 3919 4263 Τί

536 4293 821 4357 fratribus
845 4295 1073 4356 animas
1098 4314 1319 4375 ponere
1344 4298 1367 4357 ἴ
1389 4297 1623 4377 quando
1648 4298 1915 4359 videmus
1937 4299 2189 4360 nonnul-

2273 4315 2411 4372 φημι
2453 4294 2552 4361 τὴν
2612 4295 2796 4375 ψυχὴν
2853 4296 2982 4375 ὑπὲρ
3036 4301 3142 4351 τῶν
3184 4293 3423 4375 ἀδελφῶν
3480 4294 3726 4375 τιθέναι,
3782 4292 3917 4351 ὅπου

540 4382 631 4444 los
645 4400 720 4443 ne
743 4383 1149 4445 necessarium
1184 4385 1423 4465 quidem
1448 4405 1617 4448 usum
1654 4386 1932 4448 fratribus
1960 4387 2189 4449 submi-

2277 4382 2503 4459 ὁρῶμεν,
2562 4381 2699 4457 μηδὲ
2739 4384 2839 4451 τὴν
2894 4390 3000 4440 τῶν
3067 4383 3365 4462 ἀναγκαίων
3424 4384 3607 4464 χρείαν
3663 4382 3916 4449 ἀναπλη-

540 4471 827 4547 nistrare;
892 4491 1087 4553 neque
1140 4492 1242 4534 eos
1299 4476 1431 4536 dico
1461 4476 1562 4556 qni
1614 4483 1672 4537 et
1711 4475 1823 4556 ipsi
1856 4485 2028 4555 egent
2061 4476 2189 4538 vitae

2273 4470 2487 4548 ρουντάς
2517 4491 2661 4535 τινας
2692 4479 2796 4529 τῶν
2827 4470 3065 4552 ἀδελφῶν
3099 4488 3113 4503 ’
3173 4474 3261 4530 καὶ
3327 4472 3387 4528 οὗ
3429 4474 3550 4535 τοὺς
3594 4471 3706 4548 βίου
3735 4472 3918 4528 σπανί-

542 4560 921 4635 necessariis,
956 4561 1059 4621 sed
1115 4563 1214 4642 qui
1244 4563 1418 4624 etiam
1460 4563 1677 4625 divitiis
1705 4565 2009 4626 abundant
2068 4575 2188 4626 toto

2271 4566 2455 4628 ζοντας
2498 4558 2660 4638 λέγω,
2706 4558 2843 4620 ἀλλά
2896 4564 2983 4617 καὶ
3024 4560 3146 4624 τοὺς
3190 4558 3314 4617 ὅλον
3344 4561 3437 4616 τὸν
3490 4560 3691 4624 κόσμον
3720 4556 3917 4639 σχεδὸν

541 4647 971 4728 propemodum
997 4650 1571 4732 mundoJ’ropterea
1593 4653 2186 4733 pudeﬁant,quoniam

2270 4645 2484 4726 ὕπαρξιν
2553 4646 2778 4727 ἔχοντας
2835 4647 3081 4729 πλούτου,
3146 4650 3245 4704 Διά
3296 4649 3482 4706 τούτου
3552 4648 3917 4727 αἰσχυνέσθω-

542 4738 591 4797 si
625 4736 684 4796 in
714 4736 807 4798 his
865 4736 1130 4799 minimis
1175 4737 1401 4801 viscera
1433 4740 1831 4809 occluserunt.
1872 4749 1929 4802 et
1960 4742 2189 4822 seipsos

2272 4757 2392 4815 σαν,
2453 4736 2534 4793 ὅτι
2591 4739 2636 4793 εί
2708 4739 2822 4816 περὶ
2876 4739 2942 4794 τὰ
3004 4739 3166 4817 μικρὰ
3249 4744 3436 4818 ταῦτα,
3510 4737 3575 4793 τὰ
3630 4735 3919 4816 σπλάγχνα

538 4823 818 4902 indignos
866 4826 1255 4887 ostenderunt
1306 4847 1375 4889 ac
1434 4847 1644 4889 vacuos
1696 4828 1801 4889 Dei
1844 4829 2185 4906 dilectione,

2270 4822 2612 4899 ἀπέκλεισαν,
2682 4827 2770 4882 καὶ
2848 4825 3083 4892 ἀναξίους
3170 4826 3384 4889 ἑαυτοὺς
3440 4824 3501 4881 ἐκ
3565 4826 3750 4882 τούτου
3804 4825 3919 4881 ἀπ-

542 4911 826 4993 quidnam
876 4913 937 4974 in
997 4932 1062 4975 re
1122 4916 1332 4995 majori
1394 4916 1768 4990 exhiberent,
1804 4936 2019 4999 nempe
2048 4937 2186 4980 cum

542 5000 919 5062 moriendum
954 5017 1111 5064 esset
1139 5023 1246 5084 pro
1304 5005 1635 5067 fratribus?
1693 5005 1920 5068 Deinde
1950 5015 2007 5067 et
2029 5006 2187 5068 aliud

542 5089 851 5169 subjungit
881 5110 997 5171 quo
1031 5110 1134 5152 eos
1190 5093 1554 5173 exhortetur,
1589 5092 1692 5173 qui
1739 5093 1919 5157 verb)
1947 5094 2187 5175 quidem

538 5178 924 5240 dilectionem
959 5179 1418 5263 susciperint,ac
1447 5184 1573 5244 sola
1596 5183 1793 5262 lingua
1819 5192 2185 5264 praestarent,

539 5274 599 5327 et
645 5267 765 5329 ait:
811 5292 832 5321 ια
870 5265 956 5328 Ne
989 5267 1305 5347 diligamus
1351 5270 1531 5333 verbo
1564 5271 1703 5332 584
1739 5280 1797 5335 et
1832 5273 2047 5353 lingua,
2084 5272 2188 5333 sed

537 5374 724 5437 opere
746 5373 816 5417 ac
846 5356 1095 5420 veritate

2272 4912 2492 4992 έφηναν,
2524 4915 2611 4970 καὶ
2659 4913 2925 4978 διακένους
2973 4917 3072 4982 τῆς
3131 4917 3224 4972 τοῦ
3278 4922 3408 4974 Θεοῦ
3457 4913 3690 4990 ἀγάπης,
3749 4912 3801 4970 τί
3854 4911 3918 4969 ἂν

2272 5003 2389 5080 περὶ
2418 5003 2478 5058 τὸ
2535 5010 2719 5079 μεῖζον
2775 5010 2869 5060 τοῦ
2925 5007 3318 5083 προαποθανεῖν
3373 5009 3480 5060 τῶν
3522 5000 3759 5082 ἀδελφῶν
3818 5001 3920 5058 ἐπ-

2272 5088 2575 5171 εδείξαντο;
2624 5092 2761 5149 Εἶτα
2816 5092 2903 5148 καὶ
2946 5090 3076 5149 ἄλλο
3126 5092 3458 5171 ἐντρεπτικὸν
3515 5095 3685 5150 αὐτῶν
3726 5089 3920 5171 ἐπιφέ-

2273 5199 2372 5255 ρει,
2433 5180 2537 5235 τῶν
2594 5178 3009 5260 ἀποδεχομένων
3066 5182 3164 5257 μὲν
3218 5180 3275 5237 ἑν
3336 5180 3483 5261 λόγῳ
3550 5181 3648 5246 τῆν
3706 5179 3921 5258 ἀγάπην

2272 5269 2358 5324 καὶ
2402 5266 2862 5343 ἐπιδεικνυμένων,
2932 5276 3002 5347 τῇ
3045 5269 3263 5349 γλώσσῃ
3307 5267 3362 5325 δὲ
3418 5269 3581 5346 μόνῃ,
3628 5269 3716 5324 καί
3761 5289 3919 5349 φησι,

2280 5380 2307 5412 α
2344 5358 2431 5425 Μὴ
2461 5357 2753 5436 ἀγαπῶμεν
2802 5357 2949 5437 λόγῳ
2991 5362 3077 5416 καὶ
3121 5358 3363 5439 γλώσσῃ,
3421 5356 3543 5415 ἀλλ’
3591 5357 3646 5414 ἐν
3675 5363 3754 5432 τῷ
3783 5355 3921 5437 ἔργῳ

2273 5449 2363 5505 καὶ
2403 5452 2472 5514 τῆ
2501 5446 2743 5521 ἀληθείᾳ.
2782 5471 2810 5502 ι)

615 5621 675 5670 8⁸
704 5620 889 5686 Lavit.
924 5639 1053 5702 nx,
1087 5626 1189 5692 24.
1222 5628 1473 5695 83.10am.
1504 5645 1629 5703 xm,
1665 5630 1765 5693 34.
1796 5629 1861 5678 8⁴
1886 5628 2058 5692 Joan.
2088 5643 2152 5704 ν,
2190 5625 2290 5691 34.
