4192 6212
293 362 413 428 657

1356 363 1754 428 COMMENT.
1799 366 1883 427 IN
1925 364 2169 426 EPIST.
2217 366 2244 426 Ι
2282 363 2631 430 JOANNIS.

3566 366 3686 430 658

382 515 407 552 ι
442 498 543 555 Καὶ
599 496 654 554 ὲν
710 498 880 573 τούτῳ
934 496 1267 578 γινώσκομεν
1306 496 1385 555 ὅτι
1430 498 1492 556 ἐκ
1557 498 1653 567 τῆς
1695 497 1941 566 ἀληθείας

2104 494 2204 570 ΙΠ,
2237 498 2326 560 16-
2340 497 2439 561 23.
2495 498 2619 561 Per
2645 499 2754 561 hoc
2795 500 3210 578 cognoscimus
3230 497 3392 579 quod
3421 514 3495 560 ex
3521 499 3687 559 veri-

299 583 483 665 ἑσμὲν,
555 587 643 643 καὶ
718 586 1009 668 ἔμπροσθεν
1080 590 1237 647 αὐτοῦ
1311 599 1560 665 πείσομεν
1628 590 1722 653 τὰς
1806 609 1939 667 καρ-

2028 584 2205 648 ritate
2233 586 2449 668 simus,
2504 593 2562 649 et
2616 588 2684 650 in
2732 596 3051 669 conspectu
3108 591 3238 666 ejus
3290 585 3686 649 suadebimus

300 672 411 739 δίας
466 676 644 752 ἡμῶν,
721 675 801 733 ὅτι
844 676 933 735 ἐὰν
975 677 1350 755 καταγινώσκῃ
1420 678 1573 753 ἡμῶν
1641 681 1675 746 ἡ
1734 675 1938 756 καρδία,

2025 673 2304 736 cordibus
2332 677 2588 738 nostris.
2627 675 2937 752 Quoniam
2966 679 3020 738 si
3067 684 3293 758 arguat
3321 694 3427 738 nos
3456 694 3556 739 cor
3584 693 3692 738 no-

295 764 490 838 μείζων
560 764 699 822 ἐστὶν
754 768 782 822 ὁ
855 768 984 832 Θεὸς
1057 772 1156 834 τῆς
1231 764 1440 846 καρδίας
1496 768 1674 847 ἡμῶν,
1733 768 1821 824 καὶ
1864 790 1944 845 γι-

2028 770 2244 843 strum,
2269 766 2470 844 major
2495 772 2579 828 est
2617 767 2775 827 Deus
2805 767 2982 829 corde
3009 775 3239 840 nostro,
3272 771 3329 828 et
3361 765 3533 827 novit
3554 783 3685 826 om-

299 854 492 907 νώσκει
548 854 746 918 πάντα,
807 854 1170 935 Ἀγαππητοὶ,
1203 854 1292 911 ἐὰν
1347 858 1382 923 ἡ
1438 855 1623 935 καρδία
1669 858 1823 931 ἡμῶν
1868 857 1945 930 μὴ

297 942 679 1021 καταγινώσκῃ
761 946 939 1026 ἡμῶν,
1010 943 1301 1024 παρῤησίαν
1384 944 1583 1025 ’ἔχομεν
1652 947 1783 1023 πρὸς
1856 946 1948 1000 τὸν

298 1031 455 1104 Θεὸν,
512 1033 601 1087 καὶ
672 1031 700 1088 ὅ
782 1033 872 1090 ἐὰν
929 1035 1183 1114 αἰτῶμεν,
1241 1031 1580 1110 λαμϐάνομεν
1649 1034 1774 1113 παρ’
1848 1033 1947 1088 αῦ-

296 1120 393 1174 τοῦ
424 1135 440 1150 ·
488 1118 568 1174 ὅτι
611 1121 702 1183 τὰς
762 1121 979 1185 ἐντολὰς
1023 1124 1182 1179 αὑτοῦ
1228 1131 1514 1203 τηροῦμεν,
1542 1124 1727 1180 καὶτὰ
1756 1123 1949 1202 ἀρεστὰ

297 1207 527 1264 ἐνώπιον
558 1210 715 1265 αὐτοῦ
741 1221 1019 1287 ποιοῦμεν.
1055 1213 1152 1269 Καὶ
1180 1211 1313 1279 αὕτη
1344 1212 1481 1269 ἐστὶν
1500 1215 1535 1280 ἡ
1558 1211 1747 1279 ἐντολὴ
1766 1211 1944 1287 αὐτοῦ,

296 1294 395 1352 ἵνα
418 1298 783 1375 πιστεύσωμεν
809 1307 887 1375 τῷ
928 1301 1147 1375 ὀνόματι
1203 1306 1295 1356 τοῦ
1349 1302 1505 1358 αὐτοῦ
1565 1291 1736 1368 Ἰησοῦ
1780 1309 1947 1381 Χρισ-

294 1406 416 1446 του.
466 1407 495 1440 ι

387 1497 416 1528 α
449 1470 542 1532 Ἐν
595 1475 766 1550 τούτῳ
808 1478 1161 1555 γινώσκομεν.
1202 1501 1231 1534 n
1267 1477 1356 1536 Ἐν
1386 1478 1484 1534 τίνι
1518 1496 1535 1558 ς
1595 1475 1684 1537 Ἐν
1734 1485 1812 1554 τῷ
1868 1480 1945 1555 μη

297 1560 446 1640 λόγῳ
475 1563 707 1642 ἀγαπᾷν,
755 1564 877 1622 ἀλλ’
919 1566 1056 1647 ἔργῳ
1111 1568 1198 1624 καὶ
1240 1566 1477 1640 ἀληθείᾳ.
1544 1568 1639 1625 Καὶ
1676 1568 1727 1624 τί
1779 1568 1946 1647 γινώ-

297 1672 498 1721 σκομεν
532 1672 548 1732 ς
580 1652 701 1711 ’Ότι
732 1653 794 1710 ἐκ
821 1659 917 1724 τῆς
952 1655 1197 1723 ἀληθείας
1254 1655 1432 1733 ἐσμέν.
1495 1663 1616 1720 Πῶς
1654 1675 1670 1736 ς
1735 1650 1792 1713 (Ο
1848 1659 1947 1736 γὰρ

294 1737 433 1798 ἄλλο
475 1743 574 1817 μὲν
614 1742 805 1824 λέγων,
840 1743 971 1804 ἄλλο
1014 1745 1068 1802 δὲ
1123 1752 1313 1826 ποιῶν,
1373 1756 1450 1821 μὴ
1495 1747 1773 1827 σύμφωνον
1805 1745 1947 1826 ἔχων

2028 852 2154 912 nia.
2190 853 2580 933 Charissimi,
2610 856 2663 915 si
2692 872 2794 917 cor
2847 863 3122 917 nostrum
3153 872 3275 917 non
3305 862 3520 933 arguat
3552 871 3687 926 nos,

2027 939 2315 1020 ﬁduciam
2342 941 2634 1005 habemus
2687 962 2829 1025 erga
2886 947 3076 1006 Deum
3114 962 3131 1005 :
3165 950 3222 1005 et
3252 943 3559 1023 quidquid
3576 961 3685 1023 pe—

2031 1029 2336 1103 tierimus,
2399 1031 2735 1111 accipimus
2789 1033 2865 1094 ab
2913 1050 3025 1095 eo:
3066 1035 3352 1113 quoniam
3379 1040 3687 1111 prcecepta

2030 1116 2157 1195 ejus
2211 1120 2613 1199 custodimus,
2673 1126 2727 1183 et
2786 1139 2851 1183 ea
2888 1139 3022 1201 qua:
3050 1126 3187 1182 sunt
3212 1123 3451 1201 placita
3481 1137 3685 1182 coram

2030 1223 2099 1266 eo
2127 1206 2407 1283 facimus.
2440 1208 2523 1270 Et
2549 1210 2660 1270 hoc
2688 1217 2777 1271 est
2793 1217 3160 1290 praeceptum
3206 1214 3431 1293 ipsius,
3451 1216 3519 1272 ut
3550 1226 3681 1271 cre-

2028 1294 2248 1356 damus
2279 1298 2517 1359 nomini
2546 1296 2703 1359 Fiiii
2732 1299 2861 1378 ejus
2888 1300 3035 1360 Jesu
3067 1298 3319 1362 Christi.

2114 1491 2143 1531 ‹
2165 1473 2282 1534 Per
2312 1473 2424 1534 hoc
2451 1474 2925 1552 cognoscimus.»
2962 1477 3077 1537 Per
3096 1474 3237 1555 quid
3259 1474 3285 1535 ’ἶ
3305 1476 3391 1536 Ex
3412 1491 3481 1535 eo
3514 1475 3675 1555 quod

2029 1576 2147 1619 non
2164 1559 2340 1621 verbo
2358 1560 2809 1640 diligamus,sed
2842 1582 3023 1643 opere
3055 1572 3112 1624 et
3144 1564 3410 1625 veritate.
3437 1566 3508 1625 Et
3540 1562 3683 1636 quid

2031 1649 2495 1727 cognoscimus?
2525 1650 2691 1722 Quod
2725 1671 2794 1713 ex
2826 1654 3068 1714 veritate
3097 1651 3306 1714 simus.
3340 1650 3684 1724 Quomodo?

2032 1734 2339 1816 Siquidem
2398 1740 2447 1800 is
2504 1741 2605 1820 qui
2662 1740 2821 1803 aliud
2881 1742 3025 1803 dicit
3075 1755 3135 1804 et
3190 1742 3352 1804 aliud
3382 1742 3539 1815 facit,
3566 1761 3681 1802 non

295 1836 379 1904 τῷ
408 1829 555 1909 λόγῳ
580 1832 680 1899 τὴν
735 1833 943 1912 πρᾶξιν,
1003 1835 1232 1910 ψεύστης
1290 1825 1398 1891 ἐστὶ
1469 1837 1556 1892 καὶ
1613 1825 1706 1892 οὐκ

2032 1825 2260 1886 habens
2290 1826 2657 1890 conformem
2692 1831 2954 1891 sermoni
2985 1829 3566 1902 actionem,mendax
3594 1837 3683 1890 est

304 1942 336 1972 α
386 1921 483 1976 Καὶ
516 1917 804 1999 ἔμπροσθεν
846 1924 1004 1979 αὗτοῦ
1033 1922 1281 1999 πείσομεν
1323 1925 1415 1989 τὰς
1459 1922 1671 2002 καρδίας
1698 1926 1874 1999 ἡμῶν.
1915 1948 1939 1979 n

2030 1921 2088 1972 et
2120 1932 2237 1974 non
2270 1932 2465 1978 verax.
2509 1939 2531 1973 α
2572 1919 2645 1978 Et
2677 1917 2738 1978 in
2789 1928 3108 1999 conspectu
3134 1920 3267 1999 ejus
3298 1918 3683 1979 suadebimus

300 2007 468 2063 Τοῦτό
498 2031 681 2087 φησιν,
711 2008 792 2065 ὅτι
826 2012 924 2067 Διὰ
952 2012 1155 2092 τούτου,
1217 2010 1302 2067 διὰ
1346 2034 1438 2069 του
1468 2011 1746 2079 ἀληθεύειν
1781 2010 1945 2091 (ἀλη-

296 2097 554 2170 θεύσομεν
605 2094 660 2154 δὲ
716 2097 841 2155 ὅταν
909 2101 1046 2157 κατὰ
1098 2102 1220 2163 τοὺς
1288 2099 1476 2178 λόγους
1550 2101 1637 2156 καὶ
1701 2101 1768 2156 τὰ
1823 2099 1947 2180 ἔργα

298 2181 562 2264 προϐαίνῃ
619 2188 814 2262 ἡμῶν),
901 2189 1152 2265 πείσομεν
1223 2191 1322 2256 τὴν
1394 2186 1685 2255 συνείδησιν
1765 2190 1942 2264 ἡμῶν,

300 2280 472 2331 Τοῦτο
514 2276 614 2355 γὰρ
655 2276 896 2353 βούλεται
954 2276 1044 2334 διὰ
1114 2278 1227 2350 τοῦ,
1300 2279 1405 2341 Τὰς
1448 2276 1679 2357 καρδίας,
1742 2280 1945 2354 σημαί-

300 2383 434 2422 νειν.
469 2366 566 2423 Καὶ
594 2372 708 2430 πῶς
749 2369 997 2442 πείσομεν
1031 2387 1047 2447 ;
1105 2375 1269 2425 Τοῦτο
1296 2366 1412 2425 καθ’
1455 2368 1669 2432 ἑαυτοὺς
1712 2366 1941 2449 θέμενοι,

297 2453 377 2515 ὡς
437 2453 536 2508 ὑπὸ
595 2457 711 2528 Θεῷ
782 2455 998 2535 μάρτυρι
1065 2457 1350 2530 ποιούμεθα
1424 2457 1544 2522 τοὺς
1601 2455 1812 2536 λόγους.
1875 2457 1946 2514 Τὸ

297 2542 405 2619 γὰρ
448 2539 737 2622 ἔμπροσθεν
767 2554 921 2602 τοῦτο
968 2546 1238 2621 σημαίνει,
1298 2544 1423 2602 Ἐὰν
1478 2547 1599 2625 γὰρ,
1657 2546 1808 2626 φησὶ,
1869 2546 1945 2620 μὴ

297 2629 442 2685 οὕτω
511 2637 768 2706 ποιῶμεν,
827 2631 948 2689 ἀλλ’
1017 2636 1047 2702 ἦ
1120 2631 1434 2711 συνείδησις,
1515 2633 1633 2696 ἦτοι
1686 2636 1721 2702 ἡ
1766 2631 1947 2712 καρδία

294 2718 479 2792 ἡμῶν,
537 2721 911 2802 καταγινώσκῃ
972 2724 1150 2798 ἡμῶν,
1220 2722 1279 2779 οὒ
1334 2722 1654 2799 λανθάνομεν
1708 2723 1947 2801 ἡμαρτά-

300 2828 503 2870 νοντες.
540 2810 597 2865 Εἰ
625 2810 724 2888 γὰρ
751 2810 850 2877 τὴν
903 2809 1193 2878 συνείδησιν
1248 2813 1402 2888 ἡμῶν
1454 2813 1718 2892 βραχεῖαν
1761 2811 1939 2883 οὖσαν,

298 2898 379 2960 ὡς
450 2895 509 2953 ἐκ
577 2897 805 2979 βραχέος
862 2900 1019 2977 ζώου,
1078 2900 1137 2956 οὗ
1191 2898 1448 2976 δυνάμεθα
1519 2900 1699 2957 λαθεῖν
1757 2899 1812 2955 ἐν
1869 2906 1946 2974 τῷ

2030 2002 2311 2063 cordibus
2344 2004 2625 2068 nostris.»
2658 2004 2720 2066 Id
2748 2015 2837 2069 est
2866 2007 3021 2087 quod
3054 2007 3382 2087 dicit,quod
3414 2024 3519 2086 per
3544 2007 3678 2079 hoc,

2029 2109 2243 2170 nempe
2275 2094 2433 2172 quod
2466 2112 2706 2156 veraces
2736 2094 2925 2156 simus
2956 2098 3154 2176 (porro
3182 2113 3426 2157 veraces
3458 2095 3683 2155 erimus

2029 2180 2262 2260 quando
2285 2181 2455 2260 juxta
2478 2201 2783 2244 sermones
2801 2184 3201 2265 processerint
3223 2193 3281 2245 et
3302 2184 3676 2264 opera),sua-

2030 2268 2306 2330 debimus
2331 2272 2710 2334 conscientiae
2735 2274 3139 2355 nostrm,hanc
3157 2272 3314 2335 enim
3344 2271 3682 2351 signiﬁcare

2029 2356 2149 2418 vult
2182 2360 2293 2418 Per
2349 2360 2550 2420 corda.
2615 2359 2688 2423 Et
2742 2362 3038 2441 quomodo
3095 2360 3528 2423 suadebimus?
3556 2359 3681 2421 Hoc

2027 2445 2183 2525 apud
2233 2447 2505 2528 nosipsos
2562 2457 2872 2530 ponentes,
2937 2451 3095 2531 quod
3154 2449 3340 2512 veluti
3377 2452 3497 2511 Deo
3533 2456 3680 2510 teste

2028 2552 2337 2596 sermones
2368 2537 2794 2617 depromimus.
2829 2540 2977 2602 Nam
3007 2538 3068 2600 id
3100 2539 3395 2617 signiﬁcat
3421 2540 3487 2600 In
3507 2554 3678 2597 cons-

2030 2631 2203 2702 pectu
2226 2623 2377 2703 ejus,
2411 2624 2533 2687 sive
2565 2645 2762 2688 coram
2797 2646 2890 2690 eo.
2923 2627 3152 2688 Etenim
3188 2628 3238 2688 si
3268 2627 3349 2688 ita
3380 2645 3497 2688 non
3529 2625 3676 2687 faci-

2029 2711 2522 2792 mus,inquit,sed
2544 2715 2909 2777 conscientia
2921 2716 3043 2777 sive
3064 2735 3168 2777 cor
3190 2725 3453 2776 nostrum
3476 2723 3681 2794 arguat

2027 2817 2283 2873 nos,non
2318 2802 2459 2863 latet
2491 2803 2649 2864 illam
2682 2823 2789 2865 nos
2812 2803 3258 2886 peccare.Quod
3291 2804 3341 2866 si
3372 2806 3678 2865 conscien-

2027 2888 2167 2948 tiam
2227 2901 2513 2965 nostram,
2576 2911 2706 2974 quae
2764 2894 2978 2974 pusilla
3009 2902 3098 2955 est
3126 2899 3329 2973 utpote
3359 2910 3429 2954 ex
3461 2892 3675 2972 pusillo

297 2976 647 3066 ἁμαρτάνειν,
681 2976 909 3062 Ηπολλῷ
989 2987 1191 3064 μᾶλλον
1257 2992 1346 3046 τὸν
1418 2989 1781 3069 ἀπεριόριστον
1856 2990 1944 3045 καὶ

2028 2976 2287 3053 animali,
2319 2980 2504 3042 latere
2535 3001 2654 3043 non
2698 2983 3064 3063 potest,dum
3126 3000 3460 3063 peccamus,
3491 2980 3674 3042 multo

294 3063 582 3155 πανταχοῦ
608 3063 844 3156 παρόντα
873 3078 1002 3135 Θεὸν
1045 3079 1139 3135 οὒκ
1168 3078 1231 3135 ἂν
1274 3078 1539 3155 λάθοιμεν.
1601 3077 1766 3144 ’Ὁλος
1797 3079 1886 3135 οὖν
1914 3081 1942 3135 ὁ

2032 3065 2214 3145 magis
2243 3066 2432 3130 Deum
2485 3071 2584 3151 qui
2633 3071 3184 3153 incircumscriptus
3215 3081 3273 3133 et
3301 3073 3522 3154 ubique
3552 3078 3668 3146 est,

296 3162 462 3238 λόγος
495 3165 603 3221 ἐστὶ
631 3176 865 3230 τοιοῦτος
894 3189 908 3203 ·
947 3167 1137 3225 Τεκιία
1162 3190 1284 3244 μου,
1310 3167 1387 3244 μὴ
1415 3166 1723 3245 ψευδώμεθα
1753 3169 1825 3230 εἰς
1856 3166 1948 3223 ἀλ-

294 3250 499 3320 λήλους
530 3253 583 3310 ἐν
614 3260 690 3329 τῷ
718 3262 784 3332 τῇ
840 3255 1056 3333 γλώσσῃ
1100 3258 1238 3333 μόνη
1264 3258 1496 3333 ἀγαπᾷν,
1530 3256 1664 3312 ἀλλὰ
1693 3257 1779 3313 καὶ
1809 3256 1947 3335 ἔργῳ

293 3340 399 3406 τὴν
442 3340 655 3418 ἀγάπην
712 3343 1142 3421 ἐπιδεικνύωμεν.
1203 3342 1290 3402 Ἐν
1352 3346 1520 3420 τούτῳ
1574 3346 1673 3425 γὰρ
1740 3345 1947 3424 γνωσό-

297 3431 438 3503 μεθα
479 3428 560 3486 ὅτι
604 3430 664 3487 ὲκ
703 3438 803 3499 τῆς
847 3431 1117 3508 ἀληθείας,
1178 3433 1467 3499 τουτέστιν,
1542 3433 1602 3489 ἐκ
1664 3442 1757 3493 τοῦ
1817 3440 1947 3490 Θεοῦ

292 3517 480 3593 ἐσμεν.
519 3521 617 3578 Καὶ
674 3522 703 3576 ὃ
762 3520 1013 3602 λέγομεν,
1070 3525 1144 3586 ὡς
1193 3529 1285 3580 τοῦ
1344 3522 1474 3580 Θεοῦ
1533 3523 1945 3587 ἐπισκοποῦντος

293 3605 564 3684 λέγωμεν.
612 3608 718 3666 Οὔκ
767 3608 829 3665 ἂν
885 3609 940 3666 δέ
996 3632 1076 3673 τις
1120 3612 1431 3691 ἀνάσχοιτο.
1490 3610 1587 3668 κᾶν
1618 3613 1660 3668 εἰ
1690 3617 1793 3669 τῶν
1826 3609 1946 3668 δαι-

294 3695 479 3769 μόνων
530 3695 887 3777 ἀναιδέστερος
928 3700 985 3774 ᾗ,
1031 3700 1133 3755 ὑπὸ
1189 3704 1305 3773 Θεῷ
1362 3700 1580 3779 μάρτυσι
1635 3700 1942 3775 ψεύσασθαι.

300 3785 363 3841 Εἰ
425 3785 526 3863 γὰρ
584 3785 661 3860 μὴ
718 3789 855 3844 οὕτω
911 3794 1171 3864 ποιῶμεν,
1244 3787 1380 3846 ἀλλὰ
1448 3787 1710 3867 λεγόντων
1791 3790 1946 3864 ἡμῶν

293 3873 533 3950 ἀγαπᾷν,
605 3876 641 3944 ἡ
718 3874 901 3956 καρδία
956 3879 1112 3953 ἡμῶν
1169 3879 1545 3957 καταγινώσκῃ
1601 3880 1754 3953 ἡμῶν
1809 3879 1943 3953 ψεύ-

293 3958 442 4041 δους,
499 3963 891 4044 ἁμαρτάνομεν.
958 3973 1125 4048 Πῶς,
1197 3967 1437 4042 Οἰόμενοι
1507 3966 1773 4025 λανθάνειν
1856 3969 1944 4024 τὸν

292 4059 578 4132 πανταχοῦ
628 4055 862 4130 παρόντα
927 4057 1080 4127 Εεὸν,
1140 4058 1227 4112 καὶ
1280 4054 1396 4113 οὐδὲ
1450 4064 1604 4113 τοῦτο
1659 4055 1940 4130 συνιέντες,

293 4136 382 4193 ὅτι
450 4141 494 4195 εἰ
555 4140 654 4208 τὴν
696 4140 907 4221 καρδίαν
949 4146 1106 4219 ἡμῶν
1148 4145 1411 4223 βραχεῖαν
1470 4144 1627 4201 οὖσαν
1670 4147 1763 4201 οὒκ
1831 4143 1941 4201 ἔστι

293 4226 481 4284 λαθεῖν
560 4230 727 4305 ἡμᾶς,
814 4235 927 4296 πῶς
1010 4234 1101 4288 τὸν
1158 4231 1463 4309 μηδαμόθεν
1518 4232 1940 4309 ἀπολειπόμενον

290 4315 556 4391 λήσομεν.
602 4318 782 4383 Οὕτως
812 4320 923 4393 οὖν,
957 4322 1137 4400 φησὶν,
1197 4321 1483 4399 ἀγαπητοὶ,
1543 4324 1939 4401 παρεσκευακό-

2029 3174 2406 3237 nequaquam
2431 3159 2616 3219 latere
2655 3167 2867 3237 potest.
2903 3159 3082 3220 Totus
3111 3161 3291 3239 igitur
3315 3180 3510 3223 sermo
3543 3161 3674 3223 talis

2030 3252 2116 3304 est
2145 3246 2371 3306 :Filioli
2412 3249 2552 3321 mei,
2586 3266 2661 3308 ne
2704 3248 3062 3308 mentiamur
3102 3250 3259 3309 inter
3282 3269 3389 3311 nos
3418 3249 3672 3311 invicem

2029 3332 2155 3393 sola
2175 3334 2374 3412 lingua
2395 3336 3271 3418 diligentes,sedoperequoque
3294 3339 3674 3400 ostendamus

2029 3419 2410 3482 dilectionem
2442 3444 2454 3479 :
2491 3441 2596 3503 per
2627 3425 2738 3486 hoc
2761 3425 2920 3485 enim
2953 3444 3385 3504 cognoscemur
3411 3426 3570 3506 quod
3602 3444 3673 3489 ex

2029 3509 2292 3584 veritate,
2330 3513 2440 3571 hoc
2489 3521 2578 3573 est
2603 3529 2671 3573 ex
2704 3512 2824 3574 Deo
2857 3514 3084 3587 simus;
3118 3524 3175 3574 et
3202 3514 3360 3594 quod
3391 3514 3665 3587 dicimus,

2029 3604 2307 3678 tanquam
2330 3599 2451 3660 Deo
2470 3601 3436 3682 inspectore,dicamus.Siquidem
3468 3621 3666 3677 nemo,

2029 3686 2261 3747 etiamsi
2290 3688 2663 3750 daemonibus
2694 3699 2849 3752 esset
2878 3692 3303 3772 impudentior,
3340 3692 3495 3752 ferre
3527 3708 3670 3771 pos-

2029 3785 2117 3836 set
2133 3785 2196 3837 ut
2216 3778 2337 3837 Deo
2352 3788 2642 3857 praisente
2660 3779 3399 3841 ettestementiretur.Nisi
3416 3779 3576 3841 enim
3593 3779 3672 3840 ita

2028 3864 2446 3939 faciamus,sed
2471 3866 2728 3931 dicendo
2750 3868 2905 3949 quod
2928 3869 3263 3949 diligamus,
3282 3887 3385 3930 cor
3402 3877 3670 3930 nostrum

2027 3962 2231 4033 arguat
2262 3973 2370 4015 nos
2402 3956 2717 4033 mendacii,
2745 3976 3034 4022 erramus.
3069 3957 3373 4031 Quomodo
3399 3958 3429 4019 ξ)
3448 3962 3671 4022 Putan-

2030 4051 2116 4103 tes
2131 4044 2188 4105 id
2216 4044 2398 4106 latere
2421 4044 2630 4127 Deum,
2663 4051 2761 4129 qui
2788 4048 3007 4128 ubique
3028 4066 3287 4129 praesens
3312 4047 3451 4110 est?
3479 4065 3674 4129 neque

2025 4130 2080 4191 iu
2117 4133 2562 4216 scientes,quod
2583 4137 2634 4197 si
2654 4137 2786 4199 ﬁeri
2808 4156 2924 4198 non
2944 4146 3137 4218 potest
3165 4145 3229 4198 ut
3250 4155 3353 4198 cor
3376 4146 3668 4211 nostrum,

2024 4239 2155 4281 cum
2192 4223 2467 4303 pusillum
2526 4226 2621 4300 sit,
2657 4226 2853 4303 lateat,
2909 4227 3090 4288 multo
3138 4226 3278 4287 585
3306 4226 3503 4287 minus
3536 4244 3670 4287 eum

2023 4310 2229 4373 latebit
2244 4313 2342 4394 qui
2357 4332 2649 4395 nu~qnam
2669 4316 3184 4396 deest.Postquam
3200 4315 3377 4395 igitur
3391 4316 3671 4396 nosipsos

291 4426 387 4467 τες
430 4405 664 4478 ἑαυτοὺς,
712 4397 1134 4488 ἀκαταγνώστως
1166 4397 1375 4476 ἑαυτοὺς
1404 4413 1538 4487 ἡμῖν
1571 4397 1754 4474 αύτοϊς
1784 4411 1837 4467 ἐν
1865 4419 1941 4487 τῷ

2028 4397 2672 4488 itaprasparaverimus,
2690 4405 3119 4479 charissimi,ut
3142 4424 3259 4465 non
3290 4422 3610 4484 arguamur
3637 4423 3670 4463 a

290 4498 430 4573 πρὸς
487 4496 750 4567 ἀλλήλους
821 4487 1067 4567 δηλονότι
1139 4500 1433 4576 ἀληθεύειν,
1479 4500 1768 4580 παῤῥησίαν
1823 4500 1943 4567 ἕξο-

2029 4487 2200 4549 nobis
2230 4491 2388 4571 ipsis,
2422 4491 2483 4551 in
2516 4511 2586 4553 eo
2617 4492 2887 4555 videlicet
2919 4495 3076 4574 quod
3105 4502 3192 4554 est
3213 4496 3368 4554 inter
3399 4511 3505 4555 nos
3533 4511 3664 4553 mu-

290 4606 396 4660 μεν
445 4588 573 4665 πρὸς
638 4590 731 4643 τὸν
776 4590 926 4665 Θεὸν,
989 4587 1079 4669 ἀφ’
1120 4592 1188 4657 ἧς
1239 4588 1528 4669 παρρησίας
1584 4592 1672 4646 καὶ
1728 4591 1786 4645 ὃν
1854 4592 1943 4647 εὰν

2030 4585 2126 4636 tuo
2154 4595 2285 4638 esse
2308 4582 2852 4654 veraces,ﬁduciam
2879 4582 3227 4643 habebimus
3251 4600 3391 4661 erga
3422 4581 3609 4644 Deum
3646 4601 3661 4641 :

292 4656 625 4750 αἰτήσώμεν,
670 4676 883 4743 πάντως
910 4656 923 4665 ’
954 4656 1234 4755 ληψόμεθα
1288 4656 1411 4757 παρ’
1457 4681 1634 4740 αὒτοῦ.
1703 4680 1800 4735 Διά
1842 4681 1892 4735 τί
1925 4699 1939 4761 ;

2028 4683 2133 4761 per
2154 4684 2325 4761 quam
2360 4670 2534 4730 etiam
2551 4671 2828 4761 ﬁduciam
2855 4671 3140 4761 quidquid
3167 4656 3661 4751 petierimus,om-

287 4763 417 4822 ’Ὅτι
485 4766 580 4828 τας
661 4766 875 4829 ἐντολὰς
949 4772 1105 4827 αὖτοῦ
1172 4777 1454 4848 τηροῦμεν,
1517 4768 1774 4847 Μέγιστον
1844 4771 1942 4848 γαρ

2029 4754 2166 4814 nino
2198 4756 2557 4837 accipiemus
2588 4761 2660 4821 ab
2712 4760 2863 4840 ipso.
2918 4760 3110 4832 Quare
3133 4760 3164 4820 ‘3
3194 4761 3342 4833 Quia
3372 4768 3667 4840 praecepta

286 4855 427 4932 πρὸς
496 4856 558 4910 τὸ
618 4857 691 4919 εἰς
746 4858 983 4925 ὑπακοὴν
1042 4857 1417 4914 ἐκκαλέσασθαι
1468 4859 1558 4913 τὸν
1613 4858 1936 4937 αἰτούμενον,

2028 4844 2153 4921 ejus
2180 4862 2483 4910 servamus
2520 4866 2533 4910 :
2568 4849 2626 4909 id
2677 4850 2837 4910 enim
2883 4850 3117 4910 maximi
3149 4848 3440 4911 momenti
3473 4857 3562 4909 est
3588 4849 3662 4910 ad

285 4946 326 5011 ἡ
373 4944 516 5021 παρὰ
556 4950 661 5001 τῶν
704 4946 983 5001 αἰτούντων
1041 4947 1319 5025 εὖπείθεια,
1367 4945 1491 5002 ὅταν
1538 4946 1939 5028 ἀναμφιλέκτως

2028 4931 2462 5028 impetrandum
2496 4939 2649 5015 quod
2686 4942 2922 5017 petitur,
2961 4937 3542 5028 nempeobedientia
3565 4955 3663 4999 eo-

288 5034 426 5112 πρὸς
454 5034 511 5088 ὃν
552 5034 585 5101 ἡ
630 5031 846 5100 αἴτησις
875 5035 1107 5113 γίνηται.
1153 5024 1314 5093 Ἐπεὶγ
1352 5036 1441 5092 οὖν
1484 5038 1570 5093 καὶ
1625 5024 1789 5111 ἡμεῖς
1846 5037 1936 5101 τὰς

2028 5037 2150 5113 rum
2201 5024 2299 5105 qui
2333 5034 2558 5105 petunt,
2593 5028 2828 5106 quando
2873 5029 3093 5108 absque
3141 5026 3259 5089 ulla
3292 5026 3661 5089 haesitatione

284 5110 509 5184 ἐντολὰς
541 5121 696 5178 αὒτοῦ
731 5130 1013 5202 τηροῦμεν,
1061 5126 1146 5181 καὶ
1188 5126 1253 5181 τὰ
1309 5125 1502 5205 ἀρεστὰ
1544 5127 1684 5200 αῦτῷ
1748 5124 1933 5182 ποιοῦ-

2028 5110 2360 5205 l'uerit,erga
2390 5117 2555 5178 illum
2589 5118 2660 5178 ad
2704 5137 2880 5198 quem
2924 5118 3126 5198 petitio
3158 5117 3452 5196 dirigitur.
3491 5115 3659 5189 Quo-

289 5231 417 5289 μιν,
502 5208 770 5288 θαρρῶμεν
838 5214 912 5276 ὡς
967 5216 1070 5293 οὐχ
1123 5204 1440 5293 ἀμάρτωμεν
1496 5215 1594 5281 τὴν
1650 5216 1931 5292 αἰτήσεων,

2028 5204 2177 5267 uiam
2205 5227 2342 5287 ergo
2365 5219 2423 5269 et
2448 5226 2556 5271 nos
2586 5208 2713 5287 ejus
2736 5217 3029 5288 praecepta
3046 5207 3496 5275 custodimus,el
3531 5225 3663 5287 qua:

290 5296 635 5354 ἀντιδίδοσθαι
705 5298 958 5379 φιλούσης
1027 5307 1126 5370 τῆς
1182 5300 1308 5381 παρ’
1385 5304 1587 5385 ἀμφοῖν
1656 5300 1934 5369 διαθέσεως

2028 5295 2232 5374 p‘acita
2261 5306 2397 5358 sunt
2426 5297 2535 5377 ipsi
2568 5295 2843 5371 facimus,
2868 5298 3239 5359 conﬁdamus
3266 5295 3422 5377 quod
3455 5295 3516 5356 in
3552 5313 3659 5376 pe-

291 5386 674 5468 ἀνυπερθέτως,
736 5395 813 5464 τῷ
874 5391 1005 5462 πρὸς
1064 5392 1162 5449 τὶιν
1209 5394 1391 5473 χρείαν
1442 5393 1656 5473 θατέρου
1730 5391 1929 5460 ἥκοντι,

2028 5385 2326 5447 titionibus
2356 5404 2473 5448 non
2503 5394 2688 5447 simus
2719 5387 2948 5466 passuri
2987 5386 3287 5468 repulsam
3315 5403 3327 5448 :
3354 5404 3490 5448 cum
3512 5385 3660 5447 aﬂ‘e-

292 5476 392 5533 Καὶ
421 5476 575 5533 ποίαν
602 5476 822 5545 ἐντολὴν
852 5477 1010 5539 αὒτοῦ
1061 5480 1383 5560 ἐφυλάξαμεν
1417 5502 1432 5562 ;
1494 5483 1603 5549 Τὴν
1651 5481 1926 5560 λέγουσαν,

2028 5484 2147 5535 ctus
2179 5475 2279 5555 qui
2318 5474 2379 5536 in
2407 5476 2673 5555 utrisque
2705 5483 3053 5550 est,summe
3093 5476 3294 5555 cupiat
3324 5473 3661 5555 rependore

285 5564 534 5654 ξΑγὰπην
565 5565 722 5647 ’ἔχετε
776 5568 831 5624 ἐν
881 5567 1164 5641 ἀλλήλοις,
1226 5570 1371 5630 Ἐπεὶ
1400 5573 1488 5630 οὖν
1517 5573 1734 5654 ἔχοντες
1777 5576 1930 5631 ἔντο-

2028 5566 2175 5626 vices
2198 5566 2327 5645 ejus
2358 5564 2514 5645 quod
2551 5564 2624 5628 ad
2682 5582 2852 5626 usum
2894 5567 3053 5628 venit
3094 5565 3362 5629 alterius.
3396 5567 3469 5629 Et
3498 5563 3659 5654 quod

286 5652 412 5735 λλν,
449 5653 541 5710 ’ἵνα
572 5662 638 5733 τῇ
666 5658 837 5713 πίστει
867 5664 934 5734 τῇ
990 5660 1043 5715 ἐν
1080 5668 1156 5736 τῷ
1198 5661 1413 5737 ὀνόματι
1459 5673 1550 5722 τοῦ
1595 5664 1714 5721 Υἰοῦ
1775 5664 1932 5720 αύτοῦ

2028 5668 2372 5740 fraaceptum
2400 5654 2560 5718 illius
2583 5655 2949 5719 custodimus
2970 5665 2997 5721 ?
3013 5656 3165 5720 Illud
3189 5656 3348 5739 quod
3367 5656 3465 5721 ait:
3489 5653 3659 5721 Dile-
