4192 6212
502 315 620 380 659

1630 309 2039 375 OECUMENII
2085 303 2378 365 TRICC/E
2424 300 2759 365 EPISGOPI

3779 303 3899 369 660

500 449 755 511 ctionem
774 449 987 512 habete
1010 449 1165 510 inter
1183 466 1285 509 vos
1298 454 1559 509 mutuam
1572 441 1951 516 85.Quoniam
1972 439 2144 518 igitur

2240 433 2415 502 Ἰησοῦ
2457 443 2679 515 Χριστοῦ
2739 437 3033 516 ἀγαπῶμεν
3115 437 3402 513 ἀλλήλους,
3462 448 3614 500 τοῦτο
3670 460 3897 506 πεποιη-

502 545 745 619 accepto
770 547 1066 618 praecepto
1082 544 1145 598 ut
1166 537 1426 616 ﬁdequae
1446 549 1529 595 est
1548 534 1605 594 in
1629 528 2006 594 nomineFilii
2031 529 2161 607 ejus

500 623 640 687 Jesu
665 625 1218 705 Christidiligamus
1252 640 1359 684 nos
1397 631 1625 701 mutuo,
1661 621 1719 681 id
1752 618 2028 686 fecimus,
2055 636 2162 696 per

502 715 614 775 hoc
646 715 1060 793 cognoscimus
1092 712 1248 794 quod
1283 712 1342 772 in
1390 711 1562 772 nobis
1603 714 1838 770 ﬁrmata
1868 706 1942 768 sit
1973 706 2158 784 gratia

502 820 674 881 quam
697 820 802 881 per
820 801 1106 881 Spiritum
1133 820 1303 861 suum
1335 799 1495 861 dedit
1522 795 2045 860 nobis.Sciendum
2071 804 2160 856 est

500 897 694 950 autem
716 889 869 968 quod
886 887 1857 969 frequenterinNovoTestamento
1880 884 2153 955 habetur,

502 976 762 1040 Credere
787 977 845 1038 in
868 970 1112 1040 nomine
1129 981 1265 1040 Jesu
1289 976 1526 1038 Domini
1546 974 1754 1036 nostri.
1774 976 1992 1033 Verum
2016 971 2153 1051 quid

498 1066 612 1127 hoc
652 1084 867 1126 nomen
920 1066 1035 1127 sibi
1078 1065 1242 1126 vult?
1276 1064 1427 1126 Nihil
1461 1063 1618 1125 aliud
1672 1081 1845 1142 quam
1879 1061 2150 1139 gloriam,

497 1153 810 1215 consilium
844 1163 945 1217 aut
968 1151 1665 1217 celebritatem.Gloriam
1700 1150 1939 1231 quidem
1973 1158 2031 1210 et
2062 1168 2156 1210 ce-

499 1242 859 1315 lebritatem,
897 1251 963 1305 ut
992 1262 1123 1303 cum
1158 1242 1411 1303 dicitur:
1476 1266 1499 1295 α
1535 1239 1901 1303 Admirabile
1931 1245 2153 1298 estno-

498 1350 635 1394 men
660 1345 825 1394 tuum
852 1334 911 1392 in
934 1333 1213 1393 universa
1236 1339 1392 1393 terra
1414 1330 1478 1381 86
1499 1350 1512 1405 ;
1544 1355 1568 1383 »
1592 1328 1907 1390 consilium
1930 1345 2069 1387 vero
2098 1336 2153 1388 et

497 1419 884 1500 voluntatem,
924 1430 990 1482 ut
1018 1422 1131 1482 hoc
1154 1420 1307 1495 loco,
1343 1428 1399 1481 et
1432 1438 1568 1482 cum
1605 1417 1822 1478 dicitur
1856 1436 1869 1478 :
1911 1441 1936 1471 (ι
1973 1415 2147 1477 Resi-

497 1509 727 1590 piscite.
770 1518 827 1570 et
857 1508 1185 1589 baptizetur
1213 1509 1622 1588 unusquisque
1654 1515 1908 1567 vestrum
1943 1505 2000 1565 in
2033 1524 2145 1565 no-

499 1597 658 1659 mine
680 1597 1073 1661 DominiJesu
1096 1599 1183 1661 87.
1222 1622 1243 1655 υ
1277 1597 1337 1659 Id
1374 1598 1533 1660 enim
1555 1603 1661 1667 est,
1696 1594 1759 1655 In
1790 1595 1918 1673 ejus
1936 1594 2145 1654 volun-

2244 544 2435 605 καμεν,
2480 525 2540 581 ἐκ
2581 525 2766 583 τούτου
2807 526 3161 604 γινώσκομεν,
3222 527 3303 585 ὅτι
3364 526 3611 607 ἥδρασται
3671 527 3726 583 ἐν
3753 529 3889 602 ἡμῖν

2241 615 2275 680 ἡ
2330 613 2389 671 ἐκ
2442 621 2536 672 τοῦ
2578 616 2874 690 πνεύματος
2941 620 3098 675 αὐτοῦ
3152 617 3312 696 χάρις
3356 619 3416 673 06
3470 615 3663 673 ἔδωκεν
3730 618 3891 692 ἡμῖν.

2243 698 2433 759 Ἰστὲον
2464 700 2518 758 δὲ
2548 701 2629 759 ὅτι
2682 701 2961 783 πολλαχοῦ
3003 710 3102 771 τῆς
3156 704 3291 769 Νὲας
3325 710 3556 786 Γραφῆς.
3590 707 3674 785 τὸ,
3708 702 3895 778 Ἐντῷ

2242 790 2459 864 ὀνόματι
2519 789 2695 858 Ἰησοῦ
2763 794 2854 847 106
2912 793 3098 872 Κυρίου
3152 794 3305 868 ἡμῶν
3347 795 3628 863 πιστεύειν,
3688 807 3888 856 κεῖται,

2241 881 2300 935 Τί
2330 877 2384 934 δὲ
2442 889 2594 938 τοῦτο
2644 881 2921 954 σημαίνειν
2978 880 3272 961 βούλεται,
3334 881 3492 939 Οὐδὲν
3533 880 3663 938 ἄλλο
3713 882 3749 947 ἢ
3788 883 3889 949 τὴν

2239 963 2409 1036 δόξαν,
2457 967 2553 1033 τὴν
2611 966 2886 1046 βούλησιν,
2958 970 3052 1037 τὴν
3098 967 3334 1026 εὔκλειαν
3370 985 3384 999 ⁸
3438 972 3536 1035 τὴν
3580 967 3732 1035 δόξαν
3788 970 3886 1045 μὲν

2237 1055 2323 1110 καὶ
2366 1055 2464 1121 τὴν
2509 1053 2769 1128 εὔκλειαν,
2828 1058 2900 1120 ὡς
2947 1055 3142 1136 ἐν’τῷ,
3185 1081 3205 1110 ιι
3244 1059 3557 1132 Θαυμαστὸν
3598 1058 3661 1113 τὸ
3717 1054 3885 1132 ὄνομά

2239 1166 2331 1199 σου
2361 1143 2412 1199 ἐν
2445 1143 2591 1212 πὶση
2635 1150 2702 1220 τῇ
2733 1151 2804 1223 γῇ
2829 1160 2842 1174 ⁸
2900 1167 2928 1199 ι
2979 1147 3079 1212 τὴν
3132 1145 3385 1222 βούλησιν
3414 1144 3490 1219 δὲ,
3522 1149 3595 1209 ὡς
3640 1145 3879 1225 ἐνταῦθα,

2236 1234 2323 1288 καὶ
2378 1232 2432 1288 ἐν
2475 1239 2572 1307 τῷ,
2640 1257 2666 1287 α
2702 1235 3072 1303 Μετανοήσατε
3129 1235 3217 1291 καὶ
3266 1236 3609 1311 βαπτισθήτω
3663 1234 3882 1298 ἕκαστος

2234 1321 2379 1394 ὑμῶν
2411 1320 2465 1376 ἐν
2507 1328 2585 1396 τῷ
2628 1323 2845 1396 ὀνόματι
2890 1329 2983 1379 τοῦ
3044 1325 3227 1400 Κυρίου
3268 1323 3447 1390 Ἰησοῦ
3480 1342 3492 1354 '
3553 1347 3581 1377 ι
3627 1324 3741 1380 ἀντὶ
3783 1324 3884 1401 γὰρ

2233 1416 2347 1481 τοῦ,
2409 1410 2500 1467 Ἐν
2556 1410 2825 1488 βουλήσει.
2901 1413 2989 1474 Τίς
3075 1409 3127 1467 δὲ
3191 1413 3226 1481 ἡ
3297 1419 3391 1468 τοῦ
3466 1412 3652 1491 Κυρίου
3709 1409 3886 1478 Ἰησοῦ

2230 1497 2527 1578 βούλησιςς
2605 1501 2878 1572 Βαπτίζειν
2925 1501 3096 1555 πάντα
3151 1500 3217 1555 τὰ
3274 1498 3396 1567 ἔθνη
3454 1502 3526 1565 εἷς
3582 1502 3644 1556 τὸ
3715 1498 3883 1574 ὄνομα

2228 1593 2318 1641 τοῦ
2376 1589 2575 1665 Πατρὸς
2631 1589 2720 1644 καὶ
2779 1592 2869 1645 τοῦ
2943 1592 3061 1644 Υἱοῦ
3118 1591 3204 1645 καὶ
3259 1595 3351 1645 τοῦ
3399 1589 3549 1667 ἁγίου
3631 1588 3880 1663 Πνεῦμα-

497 1694 636 1750 tate.
672 1686 813 1759 Quae
869 1694 958 1748 est
1020 1694 1215 1749 autem
1278 1686 1546 1747 voluntas
1606 1683 1839 1746 Domini
1868 1679 2346 1744 δεευῗΗιΒτος.

496 1775 874 1855 baptizentur
902 1792 1112 1836 omnes
1141 1782 1348 1854 gentes
1390 1774 1448 1834 in
1481 1771 1721 1835 nomine
1749 1770 1934 1832 Patris
1963 1779 2019 1831 et
2049 1770 2151 1832 Fi-

495 1861 557 1924 lii
592 1872 653 1925 et
682 1862 939 1943 Spiritus
968 1864 1157 1925 sancti
1185 1865 1271 1923 88.

576 1951 677 2027 ΙΙΙ,
709 1950 808 2014 24.
846 1952 932 2014 Et
984 1952 1320 2033 diligamus
1370 1967 1480 2013 nos
1538 1956 1773 2028 mutuo,
1804 1950 1957 2010 sicut
1988 1948 2152 2011 dedit

487 2049 857 2122 prwceptum
885 2063 910 2113 ;
968 2048 1025 2103 et
1055 2044 1160 2120 qui
1185 2047 1387 2102 servat
1434 2047 1730 2117 praecepta
1764 2040 1918 2112 eius,
1951 2040 2016 2097 in
2045 2037 2149 2100 illo

491 2137 718 2200 manet.
778 2135 832 2191 et
880 2131 1006 2210 ipse
1064 2136 1130 2191 in
1192 2148 1280 2192 eo.
1344 2128 1425 2190 Et
1453 2145 1562 2207 per
1591 2127 1701 2188 hoc
1727 2127 1952 2188 scimus
1983 2126 2149 2206 quod

495 2225 737 2281 maneat
767 2225 833 2279 in
861 2219 1051 2291 nobis,
1084 2237 1113 2281 e
1138 2220 1359 2297 spiritu
1388 2234 1553 2296 quem
1586 2216 1751 2277 dedit
1781 2217 1972 2277 nobis.

574 2396 695 2458 Hoc
721 2403 829 2471 est,
852 2397 1072 2471 veraci,
1104 2396 1315 2477 inquit,
1344 2394 1655 2456 affectione
1681 2391 1999 2469 diligamus
2035 2411 2141 2454 nos

488 2492 711 2547 mutuo.
745 2489 817 2548 Et
866 2486 967 2546 ubi
1010 2487 1121 2547 hoc
1178 2482 1514 2565 praecepit?
1544 2480 1607 2542 In
1635 2480 1727 2541 his
1752 2479 1969 2560 verbis,
2004 2500 2137 2543 cum

486 2575 568 2635 ait
602 2622 617 2648 ,
658 2573 1199 2647 «Quemadmodum
1233 2572 1410 2633 vultis
1440 2578 1500 2631 ut
1521 2569 1737 2631 faciant
1764 2569 1931 2631 vobis
1949 2571 2139 2631 homi-

488 2662 705 2737 nes,ita
733 2672 790 2724 et
812 2682 914 2723 vos
944 2663 1117 2724 facite
1142 2661 1286 2742 ipsis
1304 2661 1388 2721 89.
1413 2685 1438 2715 »
1487 2659 1547 2721 Si
1572 2677 1678 2719 nos
1711 2677 1848 2736 ergo
1868 2658 2139 2737 cupimus

486 2758 549 2812 ut
579 2750 830 2831 proximi
867 2751 1053 2814 nostri
1082 2769 1219 2811 vero
1255 2768 1323 2811 ac
1357 2752 1593 2811 sincero
1621 2748 1836 2808 atIectu
1867 2764 2006 2826 erga
2032 2766 2139 2808 nos

488 2839 682 2901 aﬂ‘ecti
711 2839 851 2913 sint,
885 2850 943 2900 et
972 2857 1081 2900 nos
1134 2841 1375 2900 omnino
1407 2836 1685 2898 similiter
1714 2836 2138 2903 affectisimus

490 2945 629 3006 erga
658 2928 842 3007 ipsos.
877 2920 1041 3000 Quod
1097 2927 1147 2991 si
1198 2929 1312 2989 hoc
1364 2925 1599 2987 Domini
1636 2932 1990 3005 praeceptum
2026 2933 2135 2998 est,

2319 1964 2345 1994 α
2394 1943 2491 1999 Καὶ
2558 1942 2848 2019 ἀγαπῶμεν
2904 1940 3192 2013 ἀλλήλους,
3236 1943 3408 2005 καθὼς
3459 1940 3650 1998 ἔδωκεν
3720 1945 3879 1998 ἔντο-

2232 2026 2353 2098 λήν.
2420 2032 2516 2088 Καὶ
2583 2033 2611 2086 ὁ
2690 2031 2866 2111 τῆρῶν
2942 2031 3035 2095 τὰς
3115 2030 3328 2094 ἐντολὰς
3401 2031 3558 2088 αὐτοῦ
3626 2030 3679 2087 ἐν
3737 2034 3882 2105 αὒτῴ

2230 2117 2398 2193 μένει,
2477 2121 2563 2176 καὶ
2618 2122 2773 2184 αὐτὸς
2830 2119 2884 2175 ἐν
2952 2123 3116 2194 αὖτῷ.
3190 2121 3286 2177 Καὶ
3357 2120 3410 2176 ἐν
3479 2142 3648 2194 τουτῳ
3713 2119 3884 2196 7m!)-

2230 2228 2450 2286 σκομεν,
2499 2206 2579 2264 ὅτι
2622 2208 2768 2284 μένει
2826 2210 2886 2266 ἐν
2937 2211 3099 2285 ἡμῖν,
3172 2209 3234 2266 ἐκ
3296 2216 3385 2265 τοῦ
3438 2209 3736 2284 πνεύματος
3822 2211 3887 2266 06

2227 2295 2362 2369 ἡμῖν
2410 2295 2602 2353 ἔδωκεν
2613 2346 2626 2359 ,
2670 2321 2691 2352 η

2303 2381 2444 2441 Ἀντὶ
2472 2393 2583 2459 τοῦ,
2618 2384 2904 2463 Ἀληθινῇ,
2929 2388 3083 2467 φησὶ,
3105 2385 3328 2444 διαθέσει
3349 2387 3558 2465 ἀγαπᾷν
3583 2384 3875 2455 ἀλλήλους.

2225 2475 2321 2531 Καὶ
2374 2473 2475 2530 ποῦ
2524 2484 2724 2553 τοῦτο,
2771 2472 2861 2531 Ἐν
2902 2479 2948 2549 ᾧ
3003 2474 3172 2553 ἔλεγε,
3228 2498 3255 2530 α
3306 2476 3488 2538 Καθὼς
3537 2472 3714 2531 Θέλετε
3783 2473 3878 2531 ἵνα

2222 2568 2444 2619 ποιῶσιν
2486 2564 2614 2638 ῦμϊν
2669 2565 2714 2620 οἱ
2759 2563 3039 2644 ἅνθρωποι,
3098 2566 3185 2621 καὶ
3224 2566 3380 2639 ὑμεῖς
3434 2564 3630 2639 ὁμοίως
3667 2576 3878 2619 ποιεῖτε

2221 2653 2426 2715 αὐτοῖς.
2469 2674 2491 2706 ο
2532 2652 2590 2708 Εἰ
2633 2651 2721 2707 οὖν
2776 2653 2894 2718 τοὺς
2937 2651 3163 2719 πλησίον
3210 2654 3365 2728 ἡμῶν
3408 2653 3699 2729 ἀγαπῶμεν
3743 2651 3880 2718 ἀληο

2219 2740 2372 2802 θινῶς
2442 2743 2529 2797 καὶ
2598 2739 2799 2804 ἀδόλως
2860 2743 2987 2820 πρὸς
3042 2743 3188 2818 ἡμᾶς
3244 2739 3559 2819 διακεῖσθαι,
3620 2741 3873 2803 ὡσαύτως

2221 2828 2430 2893 πάντως
2492 2833 2579 2885 καὶ
2633 2831 2797 2905 ἡμεῖς
2857 2828 3215 2905 διατεθείημεν
3276 2832 3404 2907 πρὸς
3462 2828 3670 2892 αὐτούς.
3719 2825 3874 2884 Ἀλλ’

2222 2918 2265 2972 εἷ
2294 2915 2480 2985 ἐντολὴ
2526 2917 2681 2974 τοῦτο
2745 2928 2836 2977 τοῦ
2895 2920 3079 2998 Κυρίου
3124 2918 3306 2994 πολλῴ
3349 2915 3549 2993 μᾶλλον
3605 2918 3757 2992 ἡμῶν
3814 2916 3872 2972 ἐν

490 3005 890 3094 multomagis
920 3017 970 3077 si
1022 3036 1129 3079 nos
1181 3018 1241 3078 in
1294 3017 1424 3096 ipso
1475 3032 1821 3075 maneamus
1850 3014 1989 3073 586
2018 3014 2139 3074 sive

2230 3010 2364 3080 αὒτῴ
2424 3007 2687 3082 μενόντων
2744 3005 2861 3074 ἤτοι
2903 3006 3270 3087 ἡδρασμένων,
3328 3008 3416 3063 καὶ
3471 3008 3627 3070 αὐτὸς
3684 3007 3869 3061 ἑαυτὸν

489 3104 708 3166 ﬁrmati
732 3093 938 3180 simus,
971 3104 1101 3187 ipse
1123 3093 1358 3186 quoque
1389 3102 1650 3182 seipsum
1687 3102 1857 3163 nobis
1888 3101 2135 3164 exhibe-

2230 3096 2357 3167 ἡμῖν
2427 3094 2660 3172 παρέξει.
2733 3094 3085 3173 Ἀρνήσασθαι
3128 3097 3227 3175 γὰρ
3274 3097 3458 3152 ἑαυτὸν
3514 3093 3575 3151 06
3629 3093 3869 3151 δύναται.

488 3191 573 3253 bit
596 3193 679 3252 90.
712 3192 988 3273 seipsum
1020 3191 1177 3255 enim
1214 3210 1430 3273 negare
1458 3210 1573 3254 non
1608 3198 1799 3272 potest
1838 3191 1984 3253 :hoc
2023 3197 2132 3265 est,

487 3299 606 3342 non
637 3272 895 3349 inaiiter
924 3281 1144 3343 assumi
1181 3272 1544 3362 potest.dum
1577 3288 1871 3360 praecepta
1899 3298 2003 3340 sua
2024 3298 2137 3340 no-

487 3368 580 3431 bis
613 3370 977 3452 suppeditat,
996 3370 1099 3432 sed
1130 3371 1256 3433 haec
1288 3370 1347 3431 in
1380 3369 1576 3449 seipso
1604 3368 1856 3449 primum
1890 3367 2135 3429 stabilit.

486 3456 546 3522 Si
599 3468 794 3520 autem
826 3461 935 3521 hoc
966 3459 1164 3531 fuerit,
1218 3459 1423 3540 utique
1452 3458 1501 3520 si
1534 3476 1660 3538 qua;
1694 3457 1961 3538 praecipit
1990 3457 2135 3518 faci-

487 3565 643 3621 mus,
702 3547 1055 3611 habebimus
1113 3556 1171 3610 et
1198 3547 1368 3610 illum
1401 3546 1573 3609 nobis
1614 3545 2042 3626 obsequentem
2075 3545 2135 3607 in

485 3635 760 3698 omnibus
785 3640 917 3719 quae
941 3638 1013 3699 ab
1046 3656 1115 3699 eo
1152 3637 1591 3716 petierimus,et
1617 3636 1837 3698 donum
1871 3637 1999 3713 ejus
2028 3636 2135 3698 ﬁr-

486 3743 645 3786 mum
678 3726 739 3787 in
770 3726 964 3788 nobis.
1018 3726 1165 3788 Tota
1222 3745 1361 3788 vero
1392 3725 1784 3787 ordinationis
1818 3726 2134 3802 sententia,

2220 3182 2520 3264 Τουτέστιν,
2583 3186 2674 3241 06x
2728 3184 2814 3242 ἐπὶ
2884 3183 3139 3249 διακένοις
3196 3183 3445 3264 ληφθείη,
3505 3184 3600 3245 τὰς
3657 3181 3871 3248 ἐντολὰς

2221 3273 2376 3331 αὒτοῦ
2403 3274 2538 3347 ἡμῖν
2569 3274 2937 3354 ἐπιχορηγῶν,
2989 3271 3107 3330 ἀλλ’
3162 3274 3216 3329 ἐν
3260 3275 3428 3347 ἑαυτῷ
3484 3273 3707 3351 πρώτως
3735 3271 3868 3327 ταύ-

2221 3382 2314 3424 τας
2360 3359 2732 3437 βεϐαιώσαιτο.
2781 3365 2837 3420 Εἰ
2867 3361 2920 3431 δὲ
2963 3370 3139 3442 10610,
3187 3362 3398 3425 πάντως
3456 3361 3501 3416 εἰ
3554 3360 3587 3415 ἃ
3635 3358 3870 3416 ἐντέλλε-

2218 3470 2304 3505 ται
2360 3461 2637 3526 ποιοῦμεν,
2697 3450 2878 3527 ἕξομεν
2924 3452 3078 3508 αὒτὸν
3131 3452 3366 3521 ὑπήκοον
3433 3449 3519 3504 καὶ
3594 3450 3758 3523 ἡμεῖς
3810 3450 3866 3505 ὶν

2219 3542 2304 3601 οἷς
2375 3540 2437 3594 ἂν
2482 3542 2733 3620 αἰτῶμεν,
2781 3541 2868 3597 καὶ
2918 3546 2978 3597 τὸ
3036 3541 3277 3620 χάρισμα
3335 3538 3495 3595 αὐτοῦ
3549 3534 3777 3620 βέϐαιον.
3812 3535 3869 3592 ἐν

2217 3629 2373 3703 ἡμῖν.
2425 3619 2482 3686 Ὀ
2518 3627 2571 3684 δὲ
2598 3627 2718 3694 ὅλος
2751 3636 2868 3693 νοῦς
2893 3636 2990 3697 τῆς
3047 3628 3359 3707 συντάξεως,
3406 3636 3641 3690 τοιοῦτος
3678 3645 3690 3657 ·
3741 3614 3865 3682 ΗΙνα

2217 3717 2577 3792 πιστεύσωμεν
2619 3724 2694 3793 τῷ
2749 3719 2967 3794 ὀνόματι
3008 3727 3100 3775 τοῦ
3145 3721 3264 3777 Υἱοῦ
3320 3718 3475 3773 αὒτοῦ
3532 3715 3709 3782 Ἰησοῦ
3738 3721 3856 3793 Χρι-

2220 3812 2364 3877 στοῦ,
2410 3808 2495 3862 καὶ
2560 3807 2852 3883 ἀγαπῶμεν
2893 3807 3154 3878 ἀλλήλους
3212 3804 3498 3879 ἀληθινῶς,
3550 3807 3623 3868 ὡς
3680 3805 3714 3871 ἦ
3773 3801 3867 3857 ἐν’

484 3826 574 3876 est
595 3815 940 3895 hujusmodi
970 3833 983 3877 :
1009 3814 1083 3879 Ut
1104 3816 1418 3878 credamus
1439 3814 1664 3876 nomini
1690 3813 1819 3874 Filii
1848 3815 1975 3893 ejus
1997 3818 2135 3877 Jesu

2218 3892 2351 3961 τολῆ
2384 3896 2561 3957 αὐτοῦ.
2611 3887 2668 3954 Ὀ
2699 3898 2798 3976 γὰρ
2826 3904 3002 3976 τηρῶν
3032 3898 3123 3960 τὰς
3164 3893 3375 3960 ἐντολὰς
3418 3892 3599 3972 αὐτοῦ,
3655 3893 3709 3949 ἐν
3765 3891 3864 3947 a6-

482 3902 793 3983 Christi,et
814 3903 1127 3983 diligamus
1147 3924 1257 3966 nos
1279 3914 1482 3965 mutuo
1508 3923 1666 3977 vere,
1696 3905 1848 3963 sicut
1868 3912 1957 3964 est
1981 3924 2136 3982 prae-

482 3979 721 4072 ceptum
742 3979 1051 4073 ejusNam
1078 3992 1177 4075 qui
1211 4004 1405 4055 servat
1438 4002 1735 4074 prmcepta
1761 3992 1912 4072 ejus,
1949 3979 2009 4053 in
2033 3993 2133 4055 illo

2230 3989 2293 4057 τῷ
2319 3982 2486 4064 μένει,
2533 3986 2619 4041 καὶ
2673 3986 2830 4048 αῦαὸς
2884 3986 2937 4042 ἐν
2982 3985 3146 4059 αὐτῷ.
3208 3982 3302 4041 Ἐκ
3348 3982 3533 4040 τούτου
3580 3979 3633 4037 δὲ
3664 3981 3865 4060 γινώσ-

484 4071 685 4142 manet
715 4071 788 4142 etv
811 4081 941 4162 ipse
971 4081 1032 4142 in
1063 4071 1159 4144 eo.
1197 4084 1313 4145 Per
1342 4071 1456 4142 hoc
1498 4071 1689 4142 autem
1724 4071 1944 4141 scimus
1974 4081 2131 4162 quod

2230 4095 2376 4147 ιομεν
2437 4074 2517 4132 ὅτι
2588 4075 2734 4151 μένει
2793 4076 2847 4133 ἐν
2891 4079 3048 4156 ἡμῖν,
3114 4076 3175 4133 ἐκ
3226 4085 3320 4134 106
3374 4074 3670 4148 πνεύματος
3742 4071 3864 4139 ἤτοι

482 4177 716 4230 maneat
745 4168 806 4229 in
838 4161 1034 4242 nobis,
1072 4188 1142 4230 ex
1192 4168 1406 4249 spiritu
1437 4169 1562 4232 sive
1593 4169 1748 4230 dono
1782 4169 1937 4249 quod
1971 4161 2135 4231 dedit

2230 4165 2308 4219 τοῦ
2362 4165 2714 4244 χαρίσματος,
2749 4168 2809 4221 o6
2860 4169 2994 4242 ἡμῖν
3039 4164 3255 4228 ἔδωκεν,
3316 4161 3538 4221 Ἀσύλου
3582 4163 3681 4242 γὰρ
3737 4162 3864 4218 106-

482 4254 989 4338 nobis.Siquidem
1018 4259 1214 4320 donec
1267 4271 1466 4319 manet
1498 4259 1609 4319 hoc
1644 4257 1891 4338 asylum,
1930 4258 2133 4339 procul

2230 4274 2305 4308 του
2376 4251 2646 4327 μένοντος,
2708 4254 3079 4335 ἀναντίρρητον
3137 4255 3336 4334 ἔχομεν
3388 4253 3448 4309 τὸ
3518 4250 3861 4331 ἀναφαίρετον

480 4344 660 4406 dubio
709 4325 997 4410 habemus
1044 4347 1426 4411 inauferibile
1458 4351 1679 4410 donum
1711 4325 1945 4428 'ipsiu's.’
1974 4346 2131 4420 Quo-

2230 4342 2313 4406 εῆς
2344 4325 2540 4404 δόσεως
2570 4346 2748 4404 αὖτοῦ.
2784 4325 2988 4407 Πῶξδέ
3020 4325 3208 4400 ἄσυλον
3237 4325 3383 4400 ἔσται
3419 4359 3434 4420 ;
3470 4339 3560 4397 Ἐν
3587 4325 3661 4414 τῷ
3693 4325 3859 4406 μηδὲν

480 4434 656 4496 modo
688 4444 883 4498 autem
918 4436 1031 4497 erit
1082 4437 1309 4518 asylum
1333 4436 1364 4497 ‘?
1393 4435 1454 4499 Si
1489 4436 1636 4498 nihil
1670 4454 1739 4497 ex
1760 4426 2136 4515 negligentia

2230 4431 2359 4505 ἡμᾶς
2396 4428 2789 4509 παραϐλάπτειν
2843 4432 2895 4498 ἐξ
2952 4432 3231 4512 ὀλιγωρίας
3281 4432 3354 4486 ῶν
3402 4426 3695 4486 ἐνετείλατο
3725 4430 3860 4503 ἡμῖν

478 4524 1001 4604 praetermittamus
1034 4515 1239 4587 eorum
1291 4545 1425 4607 qua;
1455 4525 1627 4588 nobis
1664 4525 1945 4607 praecepit
1977 4526 2136 4588 circa

2230 4517 2335 4595 περὶ
2366 4515 2577 4595 ἀγάπης
2589 4563 2600 4574 .

474 4609 881 4676 dilectionem.

555 4699 656 4778 IV,
673 4702 794 4767 1-6.
807 4702 1271 4779 Charissimi,ne
1290 4704 1459 4784 cujus
1480 4703 1732 4783 spiritui
1749 4702 2139 4768 credatis.sed

472 4792 733 4873 probate
749 4793 999 4873 spiritus
1024 4810 1107 4854 an
1145 4810 1227 4853 ex
1267 4791 1396 4855 Deo
1439 4794 1564 4854 sint
1597 4809 1609 4851 :
1646 4793 1936 4872 quoniam
1960 4786 2138 4854 multi

2230 4786 2527 4862 δοκιμάζετε
2585 4792 2651 4846 τὰ
2738 4792 3010 4866 πνεύματα
3092 4791 3134 4845 εἰ
3217 4788 3277 4845 ἐκ
3345 4795 3437 4845 τοῦ
3494 4795 3626 4844 Θεοῦ
3692 4784 3857 4857 ἐστιν,

470 4880 1004 4962 pseudoprophettz
1017 4882 1301 4943 exierunt
1323 4882 1387 4941 in
1412 4881 1725 4943 mundum.
1763 4882 1884 4941 Per
1899 4881 2008 4942 hoc
2032 4898 2131 4942 co-

2230 4873 2298 4932 ἶτι
2438 4876 2625 4936 πολλοὶ
2750 4878 3175 4959 ψευδοπροφῆται
3296 4874 3662 4943 ἐξεληλύθασιν
3787 4876 3862 4939 εἰς

476 4976 743 5050 gnoscite
754 4970 1043 5050 spiritum
1064 4969 1413 5034 Dei.0mm's
1423 4971 1674 5048 spiritus
1693 4970 1796 5048 qui
1809 4969 2135 5048 conﬁtetur

2230 4965 2306 5020 τὸν
2385 4964 2608 5042 κόσμον.
2724 4968 2812 5027 Ἐν
2895 4969 3064 5040 τούτῳ
3146 4966 3431 5044 γινώσκετε
3513 4965 3574 5020 τὸ
3657 4970 3863 5039 πνεῦμα

473 5057 993 5121 JesumChristum
1009 5058 1078 5119 in
1097 5075 1280 5120 carne
1300 5060 1645 5132 venisse,ea:
1669 5057 1794 5120 Deo
1817 5065 1989 5133 est;ct
2005 5076 2133 5118 om-

2230 5064 2312 5112 τοῦ
2365 5061 2518 5114 Θεοῦ.
2591 5063 2700 5115 Πᾶν
2771 5056 3060 5133 πνεῦμανὸ
3136 5054 3393 5135 ὁμολογεῖ
3462 5053 3666 5121 Ἰησοῦν
3724 5059 3856 5131 Χρι-

473 5149 572 5210 nis
593 5148 846 5228 spiritus
887 5149 991 5227 qui
1017 5164 1137 5209 non
1156 5147 1478 5227 conﬁtetur
1495 5150 1697 5209 Jesum
1734 5146 2047 5208 Christum
2076 5148 2141 5209 in

2230 5146 2345 5200 στὸν
2402 5144 2454 5201 ἐν
2517 5148 2667 5223 σαρκὶ
2724 5145 3035 5219 ἐληλυθότα,
3091 5144 3151 5201 ἐκ
3212 5148 3304 5201 106
3360 5152 3491 5202 Θεοῦ
3558 5141 3688 5204 ἐστι.
3764 5144 3862 5201 Καὶ

471 5253 652 5299 carne
680 5238 1149 5310 venisse,exDeo
1166 5253 1287 5299 non
1311 5245 1417 5299 est.
1441 5237 1520 5298 Et
1541 5237 1638 5298 hic
1660 5244 1744 5297 est
1764 5237 2015 5316 spiritus
2037 5234 2138 5297 ille

2230 5238 2324 5288 πᾶν
2407 5240 2612 5309 πνεῦμα
2683 5236 2710 5292 ὃ
2769 5236 2847 5309 μὴ
2904 5232 3160 5312 ὅμολογεϊ
3201 5235 3290 5289 τὸν
3362 5232 3569 5299 Ἰησοῦν
3638 5233 3860 5311 Χριστὸν

470 5324 865 5406 Antichristi,
898 5326 973 5388 de
1012 5344 1128 5402 quo
1177 5327 1439 5388 audistis
1467 5326 1629 5407 quod
1651 5328 1874 5399 veniat,
1895 5335 1951 5386 et
1976 5342 2137 5387 nunc

2230 5320 2273 5377 ἑν
2344 5324 2495 5399 σαρκὶ
2551 5322 2862 5397 ἐληλυθότα,
2937 5323 2990 5380 ἐν
3059 5324 3149 5378 τοῦ
3206 5329 3335 5379 Θεοῦ
3405 5322 3499 5378 οὒκ
3566 5319 3701 5381 ἔστι.
3762 5323 3862 5379 Καὶ

448 5415 589 5490 jam
612 5419 677 5476 in
701 5415 936 5477 mundo
952 5424 1056 5477 est.
1081 5414 1183 5476 Vos
1200 5414 1407 5478 ett-Deo
1427 5420 1590 5496 estis,
1595 5414 1776 5493 ﬁlioli
1788 5464 1801 5489 ,
1826 5423 1880 5476 et
1905 5414 2135 5477 risistis

2230 5412 2369 5469 τοῦτό
2426 5409 2533 5467 ἔστι
2602 5414 2663 5468 τὸ
2732 5414 2825 5469 τοῦ
2893 5411 3281 5490 Ἀντιχρίστου,
3342 5413 3369 5469 ὃ
3429 5409 3696 5478 ἀκηκόατε
3779 5408 3863 5467 ὅτι

2307 4718 2334 4749 α
2368 4693 2688 4774 Ἀγαπητοὶ,
2736 4701 2813 4776 μὴ
2871 4699 3028 4755 παντὶ
3082 4698 3335 4773 πνεύματι
3379 4694 3673 4767 πιστεύετε,
3725 4692 3862 4749 ἀλλᾶ

535 5588 949 5656 8510an.x1u.
983 5594 1083 5656 14.
1115 5592 1180 5644 86
1213 5592 1365 5655 Psal.
1398 5609 1525 5674 vm,
1556 5591 1617 5654 2.
1650 5591 1712 5642 87
1735 5590 1867 5661 Act.
1902 5609 1964 5668 ιι,
1991 5594 2093 5656 38.
2126 5592 2144 5642 ε

2230 5589 2618 5666 latth.xxvn,
2648 5588 2742 5653 19.
2770 5588 2835 5640 89
2862 5588 3067 5653 Matth.
3092 5605 3198 5670 v.1,
3232 5587 3328 5652 t2.
3358 5585 3642 5653 901Tim.
3669 5604 3734 5664 ιι,
3761 5590 3861 5653 15.
