4192 6212
289 305 401 370 661
1329 308 1726 372 COMMENT.
1774 307 1856 368 IN
1901 304 2141 367 EPIST.
2191 306 2216 365 Ι
2257 301 2601 366 JOANNIS.
3546 304 3664 368 662

286 440 530 521 ἔρχεται.
591 443 688 500 Καὶ
756 443 843 499 νῦν
887 441 940 500 ἔν
996 450 1074 517 τῷ
1125 442 1312 518 κόσμῳ
1381 442 1520 501 ἐστὶν
1574 441 1700 510 ἤδη.
1751 432 1928 516 ’Υμετι

2019 455 2140 511 eos,
2174 438 2457 516 quoniam
2482 438 2674 517 major
2712 443 2796 498 est
2839 437 3031 517 quiin
3051 436 3219 498 vobis
3238 442 3528 516 estquam
3551 438 3658 517 qui

286 528 347 585 ἐκ
391 532 486 586 τοῦ
542 537 673 590 Θεοῦ
748 531 864 587 ἐστε
921 534 1123 611 τεκνία,
1203 534 1290 589 καὶ
1363 534 1671 604 νενικήκατε
1727 529 1928 600 αὖτοὺς,

2023 526 2087 586 in
2116 526 2362 589 mundo.
2394 526 2522 606 Ipsi
2565 526 2640 588 de
2668 526 2888 587 mundo
2908 526 3215 604 sunt,ideo
3231 526 3301 586 de
3321 528 3545 588 mundo
3565 528 3661 588 lo-

284 617 371 674 ὅτι
419 619 611 692 μείζων
676 619 815 677 ἐστὶν
878 622 906 677 ὃ
962 620 1015 676 ἐν
1083 621 1239 699 ὑμῖν,
1298 623 1332 689 ἡ
1391 624 1418 678 ὁ
1460 621 1514 678 ἐν
1585 627 1660 694 τῷ
1729 619 1928 693 κόσμῳ.

2022 623 2316 695 quuntur,
2352 623 2411 677 et
2439 616 2698 677 mundus
2720 633 2814 676 eos
2829 614 3017 675 audit.
3044 614 3168 676 Nos
3191 632 3265 676 ex
3289 613 3414 675 Deo
3430 632 3663 677 sumus.

285 708 442 766 Αῦτοὶ
484 707 545 764 ἐκ
585 715 675 765 τοῦ
745 709 947 785 κόσμου
1014 710 1134 787 εἶσὶ,
1204 707 1288 765 διὰ
1356 710 1511 766 τοῦτο
1583 708 1642 765 ἐκ
1691 708 1782 765 τοῦ
1849 706 1928 762 κό-

2022 705 2145 779 Qui
2170 707 2339 766 novit
2366 704 2561 765 Deum
2586 702 2763 764 audit
2812 720 2922 763 nos
2955 723 2972 763 :
3003 704 3107 780 qui.
3138 720 3258 764 non
3289 711 3374 764 est
3404 721 3482 764 ea:
3516 702 3663 778 Deo,

286 819 423 877 σμου
506 795 747 877 λαλοῦσι,
859 799 947 854 καὶ
1045 800 1074 854 ὁ
1176 796 1377 873 κόσμος
1479 799 1647 855 αὐτῶν
1732 796 1928 856 ἀκούει.

2017 810 2139 854 non
2166 794 2337 855 audit
2367 811 2495 854 nos.
2535 792 2651 853 Per
2676 791 2783 853 hoc
2813 792 3225 872 cognoscimus
3253 794 3533 872 spiritum
3563 809 3668 854 ve-

287 876 482 959 Ἦμεῖς
525 885 586 941 ἐκ
613 876 739 963 τοῦ-⁷
761 888 893 943 Θεοῦ
946 885 1128 961 ἐσμεν.
1193 876 1249 943 εΟ
1305 886 1579 963 γινώσκων
1629 887 1720 942 τὸν
1778 885 1928 954 Θεὸν,

2015 883 2219 944 ritatis
2248 890 2301 943 ct
2321 883 2612 962 spiritum
2644 887 2894 943 erroris.

282 973 462 1029 ἀκούει
493 976 666 1049 ἡμῶν.
713 958 804 1040 “ος
832 979 928 1034 οὐκ
966 974 1108 1031 ἔστιν
1150 973 1211 1031 ἐκ
1252 977 1345 1032 τοῦ
1373 982 1525 1056 Θεοῦ,
1558 976 1651 1032 οὐκ
1680 974 1855 1031 ἀκούει
1881 975 2056 1049 ἡμῶν.
2092 970 2186 1028 Ἐκ
2215 973 2393 1027 τούτου
2420 972 2748 1049 γινώσκομεν
2778 974 2838 1027 τὸ
2881 972 3083 1047 πνεῦμα
3127 976 3222 1039 τῆς
3255 970 3526 1044 ἀληθείας,
3580 978 3667 1032 καὶ

280 1062 344 1117 τὸ
388 1068 594 1136 πνεῦμα
622 1067 721 1129 τῆς
750 1061 982 1130 πλάνης.
1016 1083 1046 1123 )
2200 1112 2203 1115 .

369 1149 600 1208 Διελθὼν
632 1152 727 1207 τὸν
765 1153 882 1231 περὶ
923 1157 1023 1220 τῆς
1060 1153 1273 1232 ἀγάπης
1329 1159 1428 1221 τῆς
1484 1155 1557 1218 εἰς
1614 1155 1733 1219 τοὺς
1791 1150 1928 1219 πλη-

2104 1146 2418 1230 Postquam
2451 1167 2790 1211 sermonem
2819 1148 3068 1209 absolvit
3090 1148 3164 1208 de
3190 1146 3509 1209 dilectione
3527 1164 3667 1226 erga

281 1240 395 1296 σίον
438 1238 621 1318 λόγον,
668 1241 756 1296 καὶ
798 1242 994 1309 ταύτην
1022 1242 1165 1299 εἶναι
1208 1245 1481 1323 γνώρισμα
1530 1242 1928 1323 ἀποφηνάμενος

2026 1236 2379 1319 proximum,
2439 1247 2496 1300 et
2552 1239 2706 1299 hanc
2752 1237 3037 1298 indicium
3076 1255 3208 1298 esse
3240 1238 3664 1298 demonstravit

280 1332 383 1394 τῆς
413 1328 507 1384 τοῦ
549 1330 850 1403 [ινεύματος
879 1327 1142 1406 διαμονῆς
1174 1334 1236 1387 οὗ
1263 1328 1545 1407 ἐλάϐομεν,
1578 1339 1667 1389 νῦν
1699 1331 1928 1411 ἐπιφέρει

2024 1326 2459 1406 permansionis
2488 1327 2745 1406 Spiritus
2778 1345 2955 1407 quem
2982 1326 3340 1405 accepimus,
3362 1325 3669 1405 subjungit

281 1418 369 1473 κοὶ
411 1413 662 1492 διάκρισιν
714 1423 821 1473 τῶν
876 1415 1041 1483 ὅντως
1092 1417 1352 1499 ἂδελιρῦν,
1388 1422 1475 1475 καὶ
1502 1424 1608 1476 τῶν
1640 1418 1928 1499 παραπλη-

2027 1433 2182 1475 nunc
2216 1434 2421 1476 eorum
2455 1433 2688 1496 quoque
2732 1414 3217 1494 dijudicationem
3252 1414 3350 1495 qui
3378 1432 3516 1475 vere
3545 1415 3668 1476 fra-

282 1507 435 1579 σίων,
468 1503 559 1560 ἵνα
592 1506 789 1573 ταύτην
819 1505 1062 1585 ἔχοντες,
1101 1509 1178 1583 μὴ
1209 1506 1292 1565 διὰ
1322 1509 1421 1576 τὴν
1453 1508 1673 1576 ἐντολὴν
1705 1510 1802 1576 τὴν
1827 1520 1928 1587 περ

2027 1511 2151 1564 tres
2183 1511 2322 1564 sunt
2354 1512 2408 1564 et
2440 1504 2709 1584 proximi,
2747 1513 2810 1563 ut
2857 1504 3011 1564 hanc
3059 1502 3365 1575 habentes,
3400 1522 3520 1563 non
3569 1503 3669 1564 in-

279 1593 379 1661 τῆς
436 1593 672 1674 ἀγάπης,
752 1596 1152 1674 περιπίπτωμεν
1218 1611 1338 1664 τοῖς
1415 1596 1795 1678 ψευδαδέλφοις
1855 1601 1928 1654 κα

2029 1590 2296 1654 cidamus
2349 1593 2663 1654 occasione
2722 1593 3001 1673 prmcepti
3086 1592 3161 1653 de
3242 1592 3561 1654 dilectione
3610 1592 3672 1653 in

282 1680 731 1758 ψευδαποστόλοις
787 1686 876 1741 καὶ
945 1686 1426 1766 ψευδοπροφήταις,
1494 1689 1750 1767 μεγίστην
1810 1688 1928 1743 ἑαυ-

2023 1679 2202 1743 falsos
2252 1682 2463 1743 fratres
2516 1682 2810 1762 falsosque
2866 1680 3167 1761 apostolos
3216 1688 3273 1741 et
3320 1681 3496 1741 falsos
3527 1699 3669 1761 pro-

281 1784 403 1835 τοῖς
429 1769 631 1848 βλάϐην
662 1773 722 1829 ἐκ
766 1775 951 1831 τούτου
980 1776 1298 1854 πορίζοντες.
1340 1767 1430 1839 Ὠς
1460 1778 1558 1855 γὰρ
1618 1775 1928 1856 ὁμοτρόποις

2022 1770 2253 1847 phetas,
2310 1771 2627 1831 maximum
2703 1770 2845 1831 inde
2929 1770 3211 1831 damnum
3294 1769 3464 1830 nobis
3521 1769 3668 1849 ipsis

282 1861 685 1942 περιφυόμενοι,
745 1869 956 1941 πρῶτον
1012 1864 1111 1940 μὲν
1169 1865 1384 1928 ἑαυτοὺς
1440 1864 1739 1941 βλάψομεν,
1803 1864 1930 1921 ἀσε-

281 1947 397 2006 ϐέσι
427 1956 520 2005 τοῦ
560 1949 721 2029 λόγου
776 1954 1221 2019 κεκοινωνηκότες
1265 1960 1361 2021 τῆς
1411 1955 1666 2033 πίστεως,
1725 1956 1812 2009 καὶ
1870 1954 1934 2011 τὰ

281 2036 415 2115 ἅγια
468 2051 581 2103 τοῖς
635 2041 753 2096 κυσὶ
804 2040 1179 2121 παραθέμενοι,
1242 2041 1426 2100 ἔπειτα
1478 2043 1567 2100 καὶ
1622 2043 1741 2104 τοὺς
1797 2043 1931 2117 ἡμῖν

281 2126 736 2208 προσανέχοντας.
800 2120 861 2186 Ἠ
934 2131 1033 2210 γὰρ
1091 2133 1219 2210 πρὸς
1275 2132 1458 2196 αὐτοὺς
1521 2134 1676 2207 ἡμῶν
1747 2130 1930 2209 ἀγάπη

282 2213 515 2279 πολλοὺς
582 2218 750 2274 πείσει
810 2215 1097 2293 λαμϐάνειν
1157 2220 1344 2283 αὐτοὺς
1397 2217 1758 2294 διδασκάλους,
1845 2213 1932 2275 καὶ

284 2304 548 2360 πιστεύειν
614 2319 732 2370 τοῖς
788 2304 877 2363 ὑπ’
928 2311 1097 2365 αῦτῶν
1139 2306 1446 2387 λεγομένοις
1503 2307 1815 2388 ἀφυλάκτως
1870 2309 1933 2363 ἔκ

283 2415 383 2461 της
467 2394 579 2468 μεθ’
651 2398 808 2471 ἡμῶν
864 2395 1250 2473 κλεπτομένους
1320 2400 1490 2454 αὒτῶν
1573 2418 1923 2475 συναναστρο-

2017 1858 2155 1918 587
2212 1869 2643 1939 comparantes.
2712 1858 3017 1939 Siquidem
3052 1857 3502 1938 complectendo
3536 1858 3669 1919 illos

2020 1956 2294 2028 tanquam
2326 1947 2609 2009 similium
2660 1958 2861 2009 essent
2912 1965 3169 2024 morum,
3204 1947 3461 2026 primum
3496 1946 3668 2008 nobis

2014 2036 2159 2116 ipsis
2174 2035 2689 2107 nocebimus,dum
2711 2054 2986 2096 sermone
3000 2036 3515 2095 communicamus
3528 2054 3662 2097 cum

2015 2125 2107 2187 his
2123 2128 2219 2207 qui
2242 2126 2356 2187 fide
2390 2125 2555 2205 impii
2602 2134 2759 2200 sunt,
2794 2134 2851 2186 et
2868 2132 3069 2186 sancta
3092 2124 3337 2185 canibus
3371 2123 3664 2204 proponi-

2016 2233 2148 2276 mus
2181 2235 2195 2274 :
2235 2214 2450 2275 deinde
2484 2224 2541 2276 et
2575 2214 2669 2276 his
2691 2213 2790 2294 qui
2842 2231 2959 2274 una
3014 2213 3324 2274 nobiscum
3357 2223 3671 2274 versantur

2015 2302 2223 2366 Nostra
2243 2322 2496 2383 namque
2524 2303 2811 2382 crgaillos
2835 2302 3075 2363 dilectio
3089 2301 3362 2363 suadebit
3380 2301 3580 2362 multis
3603 2309 3668 2363 ut

2011 2391 2036 2485 ξ
2047 2411 2180 2485 ps_os
2202 2402 2506 2454 assumant
2522 2391 3316 2485 praeceptoregcredantque
3332 2391 3424 2485 his
3447 2410 3576 2485 quae
3595 2391 3670 2453 ab

283 2486 415 2562 φῆς.
450 2484 546 2540 Καὶ
574 2485 625 2540 τί
665 2486 727 2541 τὸ
757 2485 1028 2564 γνώρισμα
1075 2488 1295 2563 τούτων,
1342 2485 1461 2543 ἀλλ’
1525 2486 1559 2554 ἢ
1615 2486 1768 2544 τοῦτό
1812 2507 1923 2565 φη-

2014 2481 2153 2561 ipsis
2182 2482 2481 2557 dicuntur,
2518 2484 2659 2543 dum
2697 2501 2816 2544 nou
2862 2481 3263 2556 observantes,
3302 2481 3479 2541 veluti
3513 2481 3665 2543 furto

283 2591 368 2625 σιν
400 2587 411 2603 ·
465 2591 492 2630 ι
522 2578 632 2629 Πᾶν
662 2582 867 2648 πνεῦμα
910 2575 938 2630 ὃ
968 2574 1248 2654 ὁμολογεῖ.
1289 2600 1314 2631 ι
1379 2583 1488 2632 Πᾶν
1546 2585 1773 2654 πνεῦμα,
1809 2573 1927 2641 ἤτοι

282 2661 605 2741 προσητείας
661 2663 697 2731 ἢ
770 2662 973 2737 ἀξίωμα
1031 2664 1357 2737 ἀποστολῆς,
1415 2666 1443 2721 ὃ
1507 2663 1765 2742 ὁμολογεῖ
1819 2663 1927 2721 Κύ-

283 2769 393 2834 ριον
424 2750 630 2818 Ἰησοῦν
673 2750 729 2806 ὲν
759 2753 909 2831 σαρκὶ
964 2752 1280 2834 ἐληλυθότα,
1340 2754 1400 2811 ἐκ
1438 2760 1531 2810 τοῦ
1581 2760 1711 2810 Θεοῦ
1766 2751 1927 2813 ἐστιν.

282 2830 348 2897 ”Ο
405 2838 459 2895 δὲ
514 2850 667 2899 τοῦτο
724 2842 801 2916 μὴ
830 2830 836 2831 ί
867 2839 1150 2919 ὁμολογεῖ,
1208 2830 1276 2898 ἐκ
1324 2849 1416 2899 τοῦ
1459 2851 1590 2900 Θεοῦ
1631 2842 1724 2897 οὒκ
1765 2840 1926 2911 ἔστιν,

179 3007 183 3010 ,
280 2931 420 2989 ἀλλὰ
446 2931 509 2986 τὸ
563 2928 770 3005 ἀξίωμα
810 2937 965 2986 τοῦτο
1009 2929 1069 2986 ἐκ
1124 2938 1215 2987 τοῦ
1260 2929 1626 3011 Ἀντιχριστου
1683 2929 1845 3004 ἐστὶν,
1906 2931 1933 2985 ὃ

793 3035 807 3049 .
856 3016 870 3037 9

2012 2569 2285 2632 subducti
2339 2578 2476 2632 sunt
2535 2580 2777 2652 propter
2835 2572 3071 2632 illorum
3124 2570 3656 2646 conversationem,

2012 2678 2187 2739 quam
2221 2659 2443 2722 habent
2473 2660 2807 2736 nobiscum,
2843 2668 2899 2721 et
2944 2659 3101 2741 quod
3146 2659 3220 2720 sit
3252 2659 3464 2720 horum
3498 2658 3661 2719 indi-

2015 2748 2348 2830 cium,dicit
2372 2751 2483 2811 hoc
2505 2768 2635 2810 esse
2658 2748 2814 2829 quod
2837 2753 3106 2829 sequitur
3127 2748 3396 2810 :aOmnis
3419 2748 3661 2828 Spiritus

2016 2839 2117 2920 qui
2146 2840 2521 2903 confitetur.»
2556 2838 2763 2901 Omnis
2799 2838 3040 2919 spiritus
3064 2838 3195 2899 sive
3222 2837 3544 2918 prophetiae
3566 2836 3659 2898 vel

2016 2928 2371 3009 apostolatus
2402 2928 2676 3008 dignitas,
2718 2947 2847 3008 quae
2877 2928 3191 2988 conﬁtetur
3210 2925 3523 2988 Dominum
3554 2924 3660 2988 Je-

279 3020 575 3087 ἀκηκόατε,
625 3018 757 3075 Πότε
793 3035 809 3093 ;
856 3016 943 3084 Ἐξ
975 3020 1036 3075 οὗ
1076 3021 1178 3098 πρὸ
1208 3022 1407 3099 μικρῶν
1438 3018 1637 3097 ἔλεγεν,
1670 3016 1750 3074 ὅτι
1785 3017 1928 3075 Πολ-

2018 3035 2147 3078 sum
2184 3016 2242 3077 in
2275 3035 2451 3078 carne
2480 3017 2735 3090 venisse,
2773 3036 2841 3078 ex
2864 3016 2985 3077 Deo
3008 3024 3131 3077 est:
3158 3034 3290 3096 qum
3320 3023 3512 3076 autem
3545 3014 3659 3077 hoc

282 3110 367 3167 λοὶ
411 3109 769 3189 Ἀντίχριστοι
811 3107 865 3163 ἐν
920 3113 998 3181 τῷ
1038 3108 1227 3181 κόσμῳ
1265 3129 1275 3141 ·
1341 3108 1633 3187 τουτέστιν,
1692 3110 1737 3163 0'1
1798 3106 1932 3182 npti-

2022 3124 2139 3165 non
2172 3106 2506 3181 conﬁtetur,
2542 3124 2608 3166 ex
2644 3107 2763 3167 Deo
2799 3124 2913 3165 non
2961 3113 3070 3180 est,
3105 3108 3210 3165 sed
3244 3105 3369 3165 haec
3399 3103 3658 3183 dignitas

279 3198 468 3279 δρομοι
527 3206 619 3256 τοῦ
679 3196 1069 3277 Ἀντιχρίστου,
1118 3198 1225 3264 Τὴν
1267 3194 1322 3252 δὲ
1377 3195 1668 3275 ὁμολογίαν
1711 3200 1811 3262 τῆς
1842 3213 1928 3261 τοῦ

2022 3212 2087 3254 ex
2115 3193 2479 3254 Antichrtsto
2534 3200 2643 3261 est,
2698 3193 2770 3254 de
2801 3213 2916 3273 quo
2948 3192 3216 3255 audistis.
3251 3192 3495 3264 Quando
3521 3192 3548 3251 ?
3577 3191 3658 3253 Ex

282 3290 471 3366 Κυρίου
513 3285 567 3342 iv
625 3288 776 3365 σαρκὶ
831 3286 1140 3366 παρουσίας,
1206 3289 1329 3365 οῦχὶ
1382 3286 1601 3365 γλώσσῃ
1659 3287 1789 3365 φησὶ
1845 3287 1935 3364 γί-

281 3379 484 3456 νεσθαι,
529 3373 667 3431 ἀλλὰ
696 3388 812 3439 τοῖς
845 3374 1041 3454 ἔργοις.
1078 3381 1198 3439 Πῶς
1236 3396 1251 3456 ς
1288 3369 1380 3439 Ὠς
1436 3378 1464 3432 ὁ
1495 3375 1751 3453 μακάρίος
1787 3375 1930 3430 [116-

276 3464 372 3529 λός
402 3486 531 3546 φησι
570 3483 586 3501 ⁶
638 3484 667 3523 ε
700 3464 931 3520 Πάντοτε
961 3466 1060 3532 τὴν
1107 3464 1358 3542 νέκρωσιν
1411 3472 1500 3521 τοῦ
1546 3464 1720 3531 Ἰησοῦ
1776 3484 1929 3542 περι-

277 3552 526 3633 φέροντες
571 3552 624 3609 έν
680 3556 758 3627 τῷ
814 3553 1041 3627 σώματι,
1102 3551 1196 3609 ’ίνα
1250 3555 1337 3609 καὶ
1379 3554 1412 3620 ἡ
1440 3552 1569 3633 ζωὴ
1606 3559 1698 3608 τοῦ
1758 3548 1931 3618 Ἰησοῦ

281 3626 457 3716 ένίτῷ
512 3626 739 3716 σώματι
786 3626 940 3708 ἡμῶν
997 3646 1294 3721 φανερωθῇ.
1359 3666 1385 3696 ι
1440 3626 1530 3706 ⁸’ος
1578 3640 1665 3697 οὖν
1721 3639 1928 3719 ἐνεργὸν

282 3730 402 3811 ἔχει
456 3731 549 3787 τὸν
607 3729 810 3797 Ἰησοῦν
880 3731 967 3786 καὶ
1009 3738 1086 3804 τῷ
1133 3731 1319 3806 κόσμῳ
1358 3729 1603 3803 ἀπέθανε,
1673 3731 1760 3785 καὶ
1836 3731 1930 3787 οὒκ

281 3818 359 3874 ἔτι
402 3820 480 3893 τῷ
521 3819 708 3893 κόσμῳ
762 3824 851 3894 ζῇ,
899 3816 1035 3874 ἀλλὰ
1106 3824 1182 3893 τῷ
1238 3825 1467 3898 Χριστῷ,
1524 3820 1612 3875 καὶ
1663 3817 1929 3897 περιφέρει

278 3914 487 3982 τοῦτον,
535 3911 629 3965 οῦκ
684 3906 738 3962 ἐν
795 3913 862 3983 τῇ
929 3917 1021 3966 τοῦ
1083 3915 1307 3987 Χριστοῦ
1359 3908 1520 3983 μόνον
1565 3908 1736 3986 σαρκὶ,
1794 3905 1931 3962 ἀλλὰ

276 3998 368 4052 καὶ
397 3996 450 4052 έν
592 3996 800 4066 ἑαυτοῦ,
863 3998 1013 4059 οὗτος
1068 3996 1127 4053 ἐκ
1168 4003 1261 4053 τοῦ
1305 4003 1438 4053 Θεοῦ
1492 3995 1656 4058 ἐστιν,
1735 3986 1927 4060 υΟστις

275 4083 336 4141 δὲ
366 4086 489 4166 οὗχὶ
520 4089 748 4164 Χριστῷ,
785 4082 921 4141 ἀλλὰ
976 4092 1052 4160 τῷ
1098 4086 1285 4161 κόσμῳ
1339 4087 1425 4161 ζῇ,
1487 4084 1746 4159 τουτέστι,
1807 4098 1928 4148 ταῖς

273 4177 372 4231 τοῦ
432 4175 634 4250 κόσμου
683 4172 1045 4247 ἡδυπαθείαις,
1110 4176 1138 4230 ὂ
1205 4183 1442 4237 τοιοῦτος
1522 4176 1614 4232 οῦκ
1670 4173 1812 4230 ’ἐστιν
1870 4173 1928 4228 ἐκ

2022 3281 2115 3343 his
2142 3281 2338 3342 verbis
2359 3300 2487 3362 qua:
2511 3281 2680 3360 paulo
2713 3289 2848 3342 ante
2896 3281 3063 3355 dixit,
3090 3281 3248 3362 quod
3286 3280 3447 3341 multi
3480 3280 3659 3342 Anti-

2021 3370 2225 3432 christi
2254 3370 2372 3430 sint
2402 3370 2461 3429 in
2524 3370 2760 3439 mundo,
2797 3371 2911 3430 hoc
2935 3381 3024 3431 est
3056 3386 3459 3449 praecursores
3490 3368 3664 3430 Anti-

2015 3457 2244 3520 christi.
2279 3458 2458 3519 Porro
2491 3457 2924 3520 confessionem
2976 3458 3262 3519 adventus
3284 3456 3519 3518 Domini
3544 3475 3663 3519 non

2014 3548 2214 3627 lingua
2244 3549 2375 3609 fieri
2404 3547 2571 3621 dicit,
2605 3548 2709 3609 sed
2761 3548 3064 3628 operibus.
3103 3546 3412 3619 Quomodo
3436 3545 3466 3605 ‘?
3497 3545 3663 3608 Sicut

2015 3635 2221 3700 beatus
2255 3638 2472 3699 Paulus
2520 3637 2709 3700 dicit:
2753 3662 2780 3692 κ
2833 3635 3084 3715 Semper
3134 3634 3658 3697 mortiﬁcationem

2010 3724 2150 3788 Jesu
2186 3726 2247 3786 in
2304 3744 2551 3806 corpore
2598 3725 3111 3795 circumferentes,
3172 3732 3237 3786 ut
3266 3733 3325 3787 et
3370 3724 3486 3786 vita
3514 3722 3661 3786 Jesu

2012 3814 2070 3875 in
2095 3833 2344 3895 corpore
2368 3823 2569 3876 nostro
2593 3823 2873 3895 appareat
2894 3814 2981 3873 9|.
3014 3838 3035 3871 ι
3074 3813 3187 3886 Qui
3210 3813 3386 3892 igitur
3414 3831 3662 3893 operan-

2013 3910 2133 3964 tem
2158 3902 2336 3965 habet
2365 3906 2592 3976 Jesum,
2630 3914 2686 3964 et
2722 3903 2943 3964 mundo
2975 3910 3245 3963 mortuus
3274 3910 3384 3982 est,
3406 3920 3515 3962 nec
3537 3902 3661 3981 jam

2014 3992 2237 4053 munito
2253 3991 2387 4053 vivit
2407 3992 2507 4053 sed
2538 3991 2797 4063 Christo,
2826 4003 2887 4055 et
2903 3992 3061 4054 hunc
3082 3990 3431 4052 circumfert
3450 4009 3569 4052 non
3599 3991 3661 4053 in

2011 4081 2136 4141 sola
2169 4080 2387 4143 Christi
2408 4099 2605 4155 carne,
2644 4099 2843 4141 verum
2868 4080 3047 4141 etiam
3072 4080 3133 4141 in
3150 4098 3277 4155 sua,
3306 4080 3401 4140 hic
3437 4097 3505 4141 ex
3537 4080 3661 4141 Deo

2012 4180 2124 4232 est.
2159 4169 2439 4251 Quisquis
2461 4178 2656 4231 autem
2689 4190 2803 4231 non
2829 4169 3088 4242 Christo,
3124 4170 3225 4230 sed
3248 4169 3467 4230 mundo
3500 4168 3656 4243 vivit,

274 4273 373 4322 τοῦ
416 4240 569 4322 Θεοῦ.
632 4240 724 4318 Διδ
780 4264 867 4319 καὶ
926 4240 1130 4326 Παῦλός
1190 4286 1350 4342 φησιν
1380 4278 1393 4292 ’
1449 4286 1476 4317 α
1540 4252 1722 4320 υΟπου
1755 4283 1815 4341 γε
1873 4261 1925 4317 ὲν

2014 4259 2124 4321 hoc
2158 4240 2244 4319 est
2275 4240 2481 4319 m'undi
2515 4258 2931 4339 voluptatibus,
2963 4240 3094 4319 talis
3145 4277 3260 4318 non
3290 4265 3378 4319 est
3408 4276 3478 4318 ex
3512 4240 3655 4319 Deo.

274 4355 407 4427 ὑμῖν
435 4350 596 4430 ἔριδες
625 4352 712 4407 καὶ
768 4350 1129 4431 διχαστασίαι,
1183 4351 1306 4430 οὐχὶ
1353 4352 1591 4430 σαρκικοί
1635 4351 1775 4424 ἐστε,
1842 4352 1928 4406 κιὶ

274 4442 417 4497 κατᾶ
474 4439 744 4519 ἄνθρωπον
801 4453 1168 4520 περιπατεῖτε.
1234 4464 1255 4495 ι
1322 4434 1379 4497 Ὀ
1438 4439 1491 4496 δὲ
1534 4441 1670 4497 κατὰ
1737 4437 1928 4517 ἅνθρω-

276 4552 379 4586 πον
434 4535 759 4606 περιπατῶν,
819 4536 1024 4603 πνεῦμα
1098 4537 1324 4609 Χριστοῦ
1393 4533 1486 4588 οὒκ
1544 4528 1684 4608 ἔχει.
1746 4520 1802 4586 Ὀ
1873 4527 1925 4584 δὲ

278 4626 506 4697 Χριστοῦ
559 4618 764 4693 πνεῦμα
824 4619 901 4693 μὴ
964 4617 1134 4699 ἔχων,
1204 4618 1497 4692 τουτέστιν,
1562 4621 1590 4674 ὁ
1658 4618 1736 4693 μὴ
1796 4619 1928 4674 κατὰ

275 4708 504 4784 Χριστὸν
558 4712 685 4785 ζῶν,
750 4713 825 4780 τῷ
867 4706 1054 4781 κόσμῳ
1098 4708 1361 4786 νεκρώσας
1416 4708 1600 4762 ἑαυτὸν
1657 4705 1922 4775 δηλονότι,

277 4798 433 4859 οὗτος
478 4797 571 4852 οὒκ
613 4794 722 4851 ἔστι
758 4802 1000 4868 Χριστοῦ.
1057 4815 1085 4853 ε
1120 4794 1207 4853 Ἐν
1239 4803 1316 4871 τῷ
1341 4796 1528 4872 κόσμῳ
1558 4795 1701 4852 εἶναι
1732 4792 1857 4874 ἤδη,
1903 4819 1922 4849 ι

276 4885 372 4939 τὸν
416 4881 782 4962 Ἀντίχριστόν
812 4905 997 4963 φησιν,
1028 4886 1088 4940 οῦ
1116 4891 1459 4964 σωματικῶς,
1512 4883 1648 4940 ἀλλὰ
1705 4881 1793 4938 διὰ
1824 4889 1927 4939 τῶν

279 4970 765 5042 προοδοποιούντων
838 4972 979 5047 αὒτῷ
1039 4976 1137 5040 τὴν
1194 4975 1503 5052 παρουσίαν,
1551 4971 1923 5050 ψευδοπροφη-

278 5069 388 5118 τῶν
451 5063 537 5118 καὶ
595 5059 1039 5136 ψευδαποστόλων
1104 5064 1194 5118 καὶ
1247 5065 1590 5142 αἱρεσιωτῶν.
1653 5063 1815 5126 Οὗτος
1874 5058 1927 5116 δὲ

280 5153 311 5206 ὃ
369 5149 755 5230 Ἀντίχριστος,
829 5149 1097 5229 ἅνθρωπος
1154 5154 1244 5207 τὸν
1328 5157 1569 5208 Σατανᾶν
1638 5150 1928 5231 περιφέρων

280 5238 453 5318 ἔσται,
514 5239 919 5318 ὑπεραιρόμενος
979 5239 1063 5296 ἐπὶ
1130 5241 1302 5297 πάντα
1354 5238 1638 5319 λεγόμενον
1707 5241 1836 5296 Θεὸν
1894 5238 1928 5305 ἢ

279 5325 545 5403 σέϐασμα.
610 5330 701 5383 Διὸ
755 5329 843 5384 καὶ
898 5329 963 5385 τὰ
1020 5327 1217 5386 εἴδωλα
1272 5326 1443 5385 σέϐειν
1501 5328 1763 5409 ἂϐετήσει,
1844 5328 1929 5391 οὒς

282 5417 447 5480 Θεοῦς
478 5415 795 5495 λεγομένους
851 5416 1136 5494 ὲσήμανεδ.
1200 5419 1297 5474 Διὰ
1355 5416 1408 5474 δὲ
1463 5426 1575 5491 τοῦ,
1632 5423 1736 5474 πᾶν
1767 5413 1929 5473 σέϐα-

2011 4346 2149 4407 Ideo
2174 4355 2231 4407 et
2254 4347 2465 4408 Paulus
2486 4348 2597 4407 ait.
2635 4348 2815 4409 «Cum
2840 4348 2899 4407 in
2919 4345 3082 4407 vobis
3106 4346 3223 4407 sint
3244 4346 3657 4407 contentiones

2013 4445 2070 4496 et
2103 4436 2412 4510 factiones,
2472 4454 2671 4498 nonne
2721 4436 2989 4497 carnales
3032 4435 3201 4510 eStis,
3240 4443 3297 4495 et
3328 4433 3654 4495 secundum

2010 4524 2315 4585 hominem
2341 4524 2656 4586 ambulatis
2673 4524 2777 4587 θεῖ
2811 4550 2836 4579 υ
2876 4524 2984 4597 Qui
3012 4543 3149 4584 vero
3184 4522 3508 4584 secundum
3544 4524 3655 4582 lio-

2015 4614 2235 4673 minem
2264 4614 2772 4687 ambulat,(lhristi
2792 4615 3064 4692 spiritum
3088 4633 3202 4673 non
3230 4611 3404 4673 habet
3423 4611 3506 4684 93,
3545 4612 3658 4671 hoc

2013 4713 2102 4762 est
2133 4702 2231 4782 qui
2265 4721 2383 4763 non
2412 4704 2742 4765 secundum
2775 4702 3071 4763 Christum
3105 4700 3351 4776 vivit,ita
3380 4699 3661 4762 videlicet

2013 4802 2074 4853 ut
2136 4792 2396 4872 seipsum
2449 4792 2668 4853 mundo
2728 4784 3191 4862 mortificaverit,
3252 4790 3347 4851 hic
3400 4807 3516 4849 non
3565 4797 3657 4850 est

2015 4878 2253 4942 Christi.
2293 4881 2400 4943 «Et
2433 4900 2588 4942 nunc
2610 4881 2733 4959 jam
2796 4879 2853 4940 in
2915 4879 3136 4939 mundo
3167 4884 3315 4938 est.»
3345 4875 3408 4938 In
3436 4876 3653 4938 mundo

2011 4969 2090 5029 ait
2114 4968 2237 5049 jam
2293 4988 2421 5029 csse
2475 4967 2924 5041 Antichristuui,
2959 4984 3073 5030 non
3105 4965 3515 5046 corporaliter,
3550 4965 3656 5027 sed

2012 5066 2253 5138 propter
2273 5076 2477 5118 eorum
2504 5057 2871 5137 praesentiam
2898 5057 2996 5136 qui
3021 5055 3169 5117 viam
3194 5055 3278 5115 illi
3300 5062 3651 5135 praeparant,

2016 5166 2227 5225 nempe
2251 5147 2813 5227 psendoprophetas,
2836 5144 3323 5226 pseudapostolos
3346 5152 3401 5205 et
3423 5144 3658 5205 haereti-

2016 5235 2259 5297 cos.llic
2280 5242 2475 5295 autem
2501 5233 2897 5296 Antichristus
2918 5234 3094 5295 homo
3115 5234 3228 5296 erit
3249 5233 3349 5315 qui
3374 5232 3652 5295 Satanam

2012 5324 2411 5397 circumferet,
2475 5324 2661 5384 elatus
2705 5323 2989 5385 adversus
3032 5342 3267 5386 omnem
3312 5321 3414 5405 qui
3440 5323 3656 5383 dicitur

2013 5412 2170 5474 Deus
2194 5411 2621 5474 autnumen“.
2636 5410 2775 5475 Ideo
2792 5431 3028 5493 quoque
3046 5412 3203 5474 idola
3222 5413 3419 5474 colere
3450 5430 3654 5492 asper-

361 5575 416 5627 9‘
454 5573 502 5639 ll
534 5573 667 5640 Cor.
704 5592 784 5651 Iv,
825 5576 920 5640 10.
962 5574 1023 5627 θ’
1055 5574 1076 5637 l
1106 5573 1242 5639 Cor.
1278 5577 1365 5654 iii,
1399 5576 1457 5637 3.
1504 5577 1570 5627 οὔ
1598 5577 1749 5640 Rom
1782 5592 1908 5652 vni,

2040 5575 2104 5625 9‘
2133 5573 2157 5636 Ι
2186 5572 2396 5637 Thess.
2430 5590 2494 5651 ιι,
2528 5574 2584 5634 4.
