4192 6212
351 366 472 432 665
1354 365 1749 429 COMMENT.
1794 366 1879 427 IN
1926 364 2002 426 EE

2087 364 2143 425 LT
2162 410 2175 424 .
2222 360 2244 423 Ζ
2303 359 2491 429 JOAN
2499 366 2549 429 N
2558 365 2647 426 IS.
3610 361 3726 426 666

349 499 514 577 ἡμῖν,
558 499 647 554 καὶ
673 499 921 572 ζήσωμεν
963 496 1030 554 δι’
1087 499 1265 555 αὐτοῦ.
1330 485 1546 574 υιὶσπερ
1601 496 1702 574 γὰρ
1732 495 1998 573 ἀγαθότης

2087 493 2246 576 dum,
2281 504 2562 559 utveram
2587 496 2762 558 vitam
2795 497 2968 561 nobis
3000 501 3380 571 tribueret,et
3399 498 3731 560 viveremus

352 586 592 665 λέγεται,
625 586 702 643 ὅτι
774 585 843 643 δι’
898 587 1200 663 ἀγαθότητα
1241 585 1500 663 οπέοτησε
1528 584 1617 641 τὸν
1659 585 1849 651 νοητὸν
1902 585 2002 643 κό-

2089 602 2196 665 per
2224 585 2958 665 ipsum.Quemadmodum
2980 589 3139 652 enim
3172 586 3733 656 bonitasdicitur,eo

349 696 489 751 σμον
530 677 618 732 καὶ
688 678 781 732 τὸν
850 677 1119 748 αἰσθητὸν,
1188 674 1281 731 ’ἕνα
1323 672 1431 754 ἔχη
1497 680 1589 731 τοῦ
1659 672 1823 739 ὅντως
1852 672 2002 738 ὄντος

2087 674 2246 754 quod
2281 686 2518 756 propter
2545 676 3356 751 bonitatem,intellectualem
3387 697 3455 740 ac
3485 670 3737 737 sensibi-

354 765 544 823 ἑαυτοῦ
582 766 885 834 κοινωνοὺς,
935 764 1072 821 οὕτω
1112 765 1201 821 καὶ
1232 762 1298 819 δι’
1356 764 1571 841 ἀγάπην
1627 765 1725 830 τὴν
1756 764 1829 826 εἷς
1859 766 2003 838 ἡμᾶς

351 851 472 916 δοὺς
500 855 597 909 τὸν
625 859 888 932 μονογενῆ
935 856 1092 912 αὐτοῦ
1151 853 1271 909 Υἶὸν
1313 854 1385 917 εἷς
1414 854 1504 908 τὸν
1557 852 1781 931 κόσμον,
1846 851 2002 918 ἔδειξε

349 942 440 998 καὶ
470 938 559 999 διὰ
616 942 801 999 τούτου
857 941 938 997 ὅτι
998 942 1179 1019 ἀγάπη
1236 941 1366 1012 ἐστὶ,
1413 938 1493 996 διὰ
1551 943 1636 997 καὶ
1669 943 1823 1006 αὒτὸς
1881 941 2002 998 ἐπι-

351 1033 523 1114 φέρει.
578 1057 606 1089 ι
639 1032 727 1092 Ἐν
774 1036 943 1108 τούτῳ
1002 1034 1140 1090 ἐστὶν
1167 1036 1202 1101 ἡ
1260 1033 1466 1112 ἀγπὶπη⁹
1511 1056 1533 1089 ι
1594 1034 1706 1090 ἀντὶ
1761 1042 1874 1112 τοῦ,
1935 1043 2003 1091 Εν

350 1123 527 1195 τούτῳ
556 1121 809 1180 δείκνυται
840 1123 921 1180 ὅτι
966 1123 1150 1201 ἀγάπη
1180 1121 1315 1179 ἐστὶν
1368 1124 1396 1178 ὸ
1447 1121 1596 1186 Θεός,
1667 1123 1803 1179 Εἶτα
1860 1123 2001 1189 ἐξαί-

350 1233 460 1277 ρων
488 1213 552 1268 τὸ
594 1216 692 1278 τῆς
723 1231 814 1279 τος
858 1220 990 1271 Θεοῦ
1044 1211 1255 1289 ἀγάπης
1297 1208 1484 1289 καλὸν,
1539 1212 1719 1290 φησὶν²
1778 1210 1894 1290 Οὒχ
1925 1210 2004 1269 ὅτι

350 1298 405 1356 δὲ
438 1302 607 1375 ἡμεῖς
676 1302 972 1379 ἦγαπῶμεν
1041 1301 1218 1379 αὒτὸν,
1275 1305 1431 1356 τοῦτο
1486 1298 1732 1365 ἐποίησεν
1788 1302 1816 1356 ὁ
1848 1300 2000 1379 Θεὸς,

348 1391 442 1445 τὸν
488 1390 677 1447 ἑαυτοῦ
723 1391 864 1463 Υἷὸν,
917 1390 1047 1468 ὑπὲρ
1100 1391 1254 1463 ἡμῶν
1304 1386 1420 1453 δούς
1470 1408 1482 1424 ⁸
1543 1387 1670 1467 ὅπερ
1725 1388 2005 1467 ὲποφείλε-

351 1500 439 1534 ται
497 1492 620 1542 τοῖς
718 1479 1114 1558 ἀγαπωμένοις,
1200 1474 1513 1534 ἀντιδιδόναι
1568 1477 1811 1554 ἀγαπῶσι
1906 1480 2005 1545 τὴν

350 1565 483 1635 ἴσην
525 1565 773 1648 διάθεσιν,
833 1568 969 1625 ἀλὶά
1023 1567 1412 1646 προκατάρχων
1471 1565 1563 1632 τῆς
1609 1567 1681 1630 εἷς
1741 1568 1881 1640 ἡμᾶς
1913 1567 2005 1622 εὗ-

350 1659 592 1736 εργεσίσς
622 1655 687 1712 δι’
717 1658 954 1736 ἀγάπης,
986 1657 1259 1714 ἀπέστειλε
1317 1656 1404 1711 τὰν
1436 1657 1553 1712 Υἱὸν
1585 1660 1765 1718 αὐτοῦ,
1815 1658 1912 1713 Καί
1942 1661 2001 1715 οὔ

350 1746 518 1819 μόνον
550 1746 854 1802 ἀπεστειλεν
888 1763 902 1777 ⁸
948 1746 1083 1804 ἀλλά
1112 1748 1198 1803 καὶ
1250 1746 1377 1824 ὑπὲρ
1403 1750 1508 1801 τῶν
1551 1745 1820 1822 ἁμαρτιῶν
1847 1747 2000 1820 ἡμῶν

349 1832 436 1892 διὰ
508 1834 603 1890 τοῦ
671 1834 797 1891 ἰδίου
855 1835 1083 1910 αῗματος
1143 1833 1498 1900 ἐξιλάσασθαι.
1549 1834 1604 1889 Εἰ
1661 1833 1750 1889 οὖν
1807 1833 1994 1904 οὕτως,

351 1924 540 2003 φησὶν³
572 1924 852 2002 ἠγάπησεν
882 1928 1021 2001 ἡμᾶς
1065 1927 1093 1980 ὸ
1128 1926 1276 1993 Θεὸς,
1326 1924 1493 1979 καίτοι
1550 1920 1716 1996 μηδὲν
1745 1924 1817 1986 εἷς
1849 1924 1997 2003 φύσιν

351 2011 496 2085 αὐτῷ
539 2023 936 2077 κοινωνοῦντας.
969 2012 1154 2088 πολλῷ
1207 2011 1366 2068 πλέον
1395 2010 1675 2092 ὀφείλομεν
1718 2013 1807 2068 καὶ
1834 2014 1998 2088 ἡμετς

349 2100 472 2162 τοὺς
503 2100 765 2180 ἀμοφυεϊς
797 2103 932 2176 ἡμῖν
980 2102 1189 2179 ἀγαπᾷν
1232 2102 1319 2157 καὶ
1372 2101 1585 2179 γνόντες
1640 2101 1701 2180 τὸ
1752 2100 1857 2156 ἀπὸ
1903 2106 2001 2167 τῆς

350 2187 571 2266 ἀγάπης
619 2178 803 2263 καλὸν,
840 2178 1095 2259 ἀλλήλοις
1126 2200 1279 2249 τοῦτο
1320 2187 1607 2249 διακονεῖν,
1648 2178 1875 2244 ’ᾏὶσπεπ
1904 2190 2003 2267 γὰρ

351 2274 602 2354 ἔγκλημα
660 2284 739 2352 τῷ
781 2279 859 2354 μή
904 2278 1193 2358 αἱρουμένῳ
1233 2281 1293 2334 τὸ
1373 2279 1599 2357 αἱρετὸν,
1646 2278 1734 2333 καὶ
1792 2282 1869 2351 τῷ
1926 2279 2002 2352 μὴ

352 2364 593 2444 φιλοῦντι
635 2368 697 2425 τὰ
752 2366 1000 2448 φιλητὸν,
1061 2367 1226 2430 οὸτως
1283 2366 1496 2423 ἔπαινον
1539 2380 1836 2445 περιποιεῖν
1886 2379 2003 2430 τοῖς

350 2453 604 2533 ἀγαπῶσι
654 2457 775 2520 τοὺς
836 2456 1004 2522 ἀξίους
1061 2456 1296 2534 ἀγάπης,
1353 2452 1437 2510 διὰ
1482 2456 1542 2510 τὸ
1602 2455 1743 2510 εἶναι
1786 2454 2004 2531 ἀγαπη-

348 2544 469 2608 τούς
533 2543 684 2602 Οὕτω
726 2543 778 2601 δέ
829 2544 1146 2607 διατεθέντες
1202 2543 1404 2624 ἔχομεν
1471 2542 1764 2620 ἀμφότερα,
1827 2543 1913 2596 καὶ
1944 2542 2004 2597 τὸ

350 2632 641 2710 ἀγαπητοὶ,
702 2632 786 2689 διὰ
831 2636 891 2690 τὸ
921 2635 1023 2690 ὑπὸ
1097 2641 1227 2690 Θεοῦ
1262 2634 1569 2709 ἠγαπῆσθαι
1611 2633 1698 2687 καὶ
1755 2627 2002 2709 προσλη-

351 2723 548 2799 φθῆναι
577 2721 665 2778 ὑπ’
717 2722 899 2794 ασῦτοῦ,
960 2724 1046 2779 καὶ
1102 2725 1163 2778 τὸ
1214 2722 1556 2799 ἀγαπητικοὶ,
1614 2718 1696 2776 διὰ
1729 2725 1826 2786 τῆς
1873 2720 2002 2797 πρὸς

352 2810 475 2872 τοὺς
552 2809 775 2877 πλησῖον
822 2811 1037 2888 ἀγάπης
1085 2832 1099 2847 ο
1168 2811 1382 2888 ἀγάπης
1440 2808 1495 2864 δὲ
1538 2813 1635 2875 τῆς
1694 2807 2000 2887 εἰλικρινοῦς

348 2898 436 2953 καὶ
477 2902 734 2977 καθαρᾶς,
784 2897 903 2955 ἀλλ’
953 2901 1012 2956 οὗ
1066 2899 1161 2967 τῆς
1215 2899 1476 2973 ἐμπαθοῦς
1520 2918 1575 2952 τε
1613 2897 1699 2951 καὶ
1769 2896 2000 2975 ρυπαρᾶς

2088 761 2201 823 Ιοιη
2236 764 2521 825 mundum
2556 763 2996 846 produxerit,ut
3025 768 3076 828 is
3097 769 3198 849 qui
3229 787 3368 831 vere
3389 763 3735 843 est,aliquos

2085 850 2334 913 haberet
2354 854 2445 913 sui
2477 853 2824 934 participes:
2872 854 2958 917 ita
3003 877 3238 938 quoque
3268 866 3510 939 propter
3538 853 3729 914 dilec-

2088 940 2307 1003 tionem
2358 961 2476 1020 qua
2523 962 2626 1020 pro
2662 943 2833 1004 nobis
2865 944 3028 1006 dedit
3059 945 3434 1026 Unigenitum
3466 960 3637 1004 suum
3668 939 3730 1000 in

2089 1030 2868 1111 mundum,ostendit,etiam
2906 1052 3011 1113 per
3029 1035 3138 1096 hoc
3169 1036 3321 1116 quod
3353 1033 3611 1097 charitas
3627 1028 3726 1089 sit.

2086 1117 2225 1179 Ideo
2258 1118 2462 1198 etipse
2484 1120 2823 1200 subjungit:
2857 1148 2882 1177 c
2910 1126 2974 1185 In
3001 1125 3112 1185 hoc
3134 1134 3222 1185 est
3267 1123 3580 1201 Charitas,»
3618 1119 3731 1179 hoc

2088 1209 2266 1280 est,ln
2287 1208 2398 1269 hoc
2411 1211 2743 1272 ostenditur
2762 1210 2917 1291 quod
2948 1212 3105 1275 Deus
3123 1216 3196 1274 sit
3219 1207 3729 1275 cbaritas.Deinde

2089 1296 2379 1358 extollens
2413 1297 2733 1359 bonitatem
2778 1301 3083 1362 charitatis
3117 1302 3245 1377 Dei,
3276 1301 3539 1363 aitzNon
3570 1294 3727 1377 qdod

2090 1403 2198 1446 nos
2229 1384 2611 1447 dilexerimus
2643 1387 2832 1467 ipsum
2869 1389 2980 1450 hoc
3003 1390 3143 1451 fecit
3162 1389 3493 1463 Deus,dans
3516 1386 3727 1447 Filium

2086 1492 2259 1535 suum
2293 1493 2399 1554 pro
2430 1474 2625 1549 nobis,
2650 1477 2814 1555 quasi
2847 1476 3078 1540 dilectis
3129 1478 3454 1551 debuisset,
3485 1486 3547 1537 ut
3589 1474 3724 1536 dili—

2086 1561 2363 1640 gentibus
2394 1563 2753 1643 rependeret
2784 1564 3071 1645 aequalem
3123 1567 3396 1629 affectum
3429 1585 3441 1626 :
3469 1564 3573 1625 sed
3625 1580 3732 1642 per

2086 1651 2433 1712 charitatem
2467 1652 2629 1732 prior
2657 1654 2971 1733 auspicans
3021 1654 3378 1717 beneﬁcium
3427 1673 3564 1734 erga
3596 1670 3724 1726 nos,

2084 1740 2242 1800 misit
2274 1741 2482 1802 Filium
2515 1761 2726 1803 suum:
2764 1762 2871 1804 nec
2904 1744 3095 1805 solum
3122 1745 3300 1818 misit,
3327 1762 3525 1806 verum
3547 1742 3728 1805 etiam

2085 1848 2187 1909 pro
2221 1831 2473 1909 peccatis
2505 1831 2721 1893 nostris
2736 1834 2970 1913 proprio
2988 1834 3145 1895 illius
3162 1835 3448 1913 sanguine
3471 1834 3731 1915 placatus

2083 1918 2261 1981 est.Si
2293 1920 2377 1980 sic
2400 1938 2544 1997 ergo
2567 1921 2773 1983 dilexit
2806 1941 2909 1983 nos
2944 1925 3123 2001 Deus,
3152 1923 3361 2004 inquit,
3393 1940 3730 2004 quanquam

2081 2008 2141 2068 in
2174 2016 2379 2069 natura
2412 2009 2557 2069 nihil
2612 2009 2781 2070 nobis
2833 2030 3150 2073 commune
3201 2020 3358 2072 esset
3408 2030 3541 2071 cum
3599 2010 3724 2084 illo,

2088 2098 2270 2155 multo
2298 2095 2482 2174 magis
2512 2096 2800 2157 debemus
2825 2108 2884 2159 et
2906 2118 3012 2160 nos
3037 2099 3284 2179 diligere
3313 2118 3414 2160 eos
3445 2099 3545 2180 qui
3575 2099 3733 2179 ejus-

2085 2183 2220 2245 dem
2253 2185 2563 2246 nobiscum
2591 2196 2725 2247 sunt
2757 2194 2979 2248 natura:
3003 2209 3017 2248 :
3045 2197 3103 2250 et
3133 2187 3366 2267 cognito
3402 2189 3555 2248 bono
3572 2184 3726 2267 quod

2085 2292 2117 2334 a
2147 2274 2427 2334 charitatv
2460 2275 2749 2354 procedit,
2796 2276 3047 2338 invicem
3096 2277 3241 2339 illud
3287 2276 3727 2337 administrare.

2085 2361 2595 2435 Quemadmodum
2638 2363 2798 2425 enim
2822 2365 2994 2444 culpa
3043 2375 3132 2427 est
3181 2366 3266 2426 illi
3293 2365 3392 2445 qui
3422 2384 3537 2427 non
3570 2362 3734 2444 eligit

2088 2450 2242 2531 quod
2279 2451 2614 2530 eligendum
2647 2461 2756 2524 est,
2792 2472 2900 2513 nec
2931 2461 3090 2515 amat
3119 2453 3273 2535 quod
3303 2452 3553 2514 amabile
3588 2461 3676 2514 est
3711 2474 3725 2511 :

2088 2539 2166 2601 ita
2198 2549 2256 2600 et
2287 2539 2443 2601 laudi
2477 2540 2846 2621 daturiisqui
2875 2541 3353 2622 diliguntdignos
3381 2541 3725 2616 dilectione,

2087 2646 2157 2690 eo
2186 2630 2344 2708 quod
2376 2628 2539 2690 chari
2571 2630 2802 2692 sint.lta
2825 2641 3023 2692 autem
3050 2632 3597 2711 aﬂ'ecti,utrumque
3628 2631 3728 2691 ba-

2087 2715 2292 2778 bcmus
2316 2738 2329 2777 :
2351 2716 2493 2780 590
2516 2730 2573 2778 et
2597 2720 2891 2799 ἀγαπητοὶ,
2925 2720 2983 2780 id
3014 2729 3127 2797 est,
3181 2720 3347 2782 cbari
3398 2737 3627 2791 sumus,
3662 2738 3732 2779 eo

2085 2808 2241 2886 quod
2273 2829 2303 2867 ει
2328 2807 2448 2869 Deo
2479 2810 2655 2871 amati
2679 2820 2735 2872 ct
2756 2808 3046 2886 assumpti
3078 2809 3356 2874 simus.et
3384 2809 3729 2888 ἀγαπητικοί,

2088 2898 2196 2957 hoc
2228 2906 2338 2971 est,
2371 2916 2573 2959 amore
2606 2907 3030 2978 persequentes
3063 2918 3168 2978 per
3188 2898 3567 2960 dilectionem
3595 2914 3734 2975 erga

350 2983 469 3052 ἥτις
520 2986 749 3063 λῃσταῖς
808 2986 870 3043 ἂν
925 2989 1012 3044 καὶ
1057 3001 1172 3052 τοτς
1228 2986 1406 3051 ἄλλοις
1476 2986 1785 3064 κακούργοις
1842 2984 1999 3063 ἐγγέο

2087 2984 2384 3065 proximos
2408 3005 2426 3045 :
2447 2985 2851 3050 dilectionem.
2884 2987 3150 3067 inquam,
3177 2986 3473 3048 sinceram
3505 3004 3573 3046 ac
3615 3004 3731 3065 pu-

351 3098 494 3132 νοιτο
508 3123 517 3132 .

431 3255 566 3309 Θεὸν
637 3252 801 3317 οὒδεὶς
871 3255 1087 3329 πώποτε
1172 3252 1431 3313 τεθέαται.
1500 3251 1623 3308 Ἐὰν
1709 3252 1999 3330 ἀγαπῶμεν

350 3341 643 3416 ἀλλήλους,
701 3344 730 3399 ὁ
801 3346 929 3407 Θεὸς
989 3344 1042 3400 ἐν
1112 3345 1249 3418 ἡμῖν
1305 3341 1473 3417 μένει⁹
1567 3343 1653 3396 καὶ
1712 3343 1746 3409 ἡ
1819 3341 2000 3419 ἀγάπη

352 3434 512 3490 αὒτοῦ
615 3432 1000 3508 τετελειωμένη
1083 3431 1222 3488 ἐστὶν
1277 3430 1330 3486 ὲν
1428 3431 1583 3504 ἡμῖν.
1673 3429 1764 3485 Ἐν
1832 3431 2004 3486 τούτω

352 3521 689 3597 γινώσκομεν
766 3521 846 3577 ὅτι
915 3521 969 3577 ἐν
1025 3521 1167 3596 αὗτῷ
1240 3520 1489 3595 μένομεν,
1571 3521 1659 3575 καὶ
1727 3518 1882 3582 αὒτὸς
1951 3517 2003 3574 ἐν

348 3611 512 3687 ἡμῖν,
574 3608 654 3665 ὅτι
702 3610 763 3665 ἑκ
817 3618 910 3666 τοῦ
994 3611 1289 3686 πνεύματος
1359 3612 1518 3667 αὒτοῦ
1575 3607 1797 3664 δέδωκεν
1844 3609 2002 3682 ἡμῖν,

356 3698 454 3754 Καὶ
526 3699 693 3772 ἡμεῖς
777 3703 1065 3775 τεθεαμεθα
1151 3700 1243 3756 καὶ
1327 3704 1714 3777 μαρτυροῦμεν,
1815 3695 1895 3751 ὅτι
1981 3699 2008 3751 ὁ

355 3785 543 3865 Πατὴρ
651 3786 950 3845 ἀπέσταλκε
1045 3790 1138 3844 τὸν
1229 3788 1348 3843 Υἰὸν
1439 3785 1667 3864 Σωτῆρα
1747 3791 1837 3841 τοῦ
1906 3783 2006 3840 κό-

351 3895 511 3949 σμου,
554 3898 579 3928 ι

434 4048 678 4126 Εἴπομεν
735 4053 821 4107 καὶ
891 4054 993 4133 πρὸ
1047 4055 1252 4133 τούτου,
1332 4055 1404 4115 ὡς
1464 4051 1575 4114 ἔθος
1634 4058 1712 4125 τῷ
1768 4052 2009 4131 μακαρίρ

2083 3091 2234 3153 ram,
2267 3093 2383 3134 non
2411 3084 2607 3135 autem
2633 3076 2940 3136 affectibus
2961 3075 3273 3137 obnoxiam
3296 3094 3363 3135 ac
3393 3073 3725 3144 sordidam.

2084 3180 2213 3242 qua;
2244 3162 2471 3223 sicariis
2500 3164 2749 3245 aliisque
2780 3163 3130 3224 facinorosis
3145 3165 3494 3240 contingere
3516 3170 3729 3243 potest.

2166 3250 2261 3325 IV,
2285 3252 2488 3316 12—14.
2516 3257 2701 3316 Deum
2726 3272 2901 3316 nemo
2927 3255 3078 3313 vidit
3104 3272 3394 3334 unquam.
3421 3254 3490 3313 Si
3511 3252 3732 3330 diliga-

2085 3359 2220 3403 mus
2252 3360 2357 3403 nos
2383 3344 2661 3423 invicem,
2703 3343 2855 3404 Deus
2901 3343 2965 3402 in
2989 3343 3403 3412 nobismanet,
3429 3348 3489 3403 et
3533 3341 3733 3402 chari-

2087 3438 2180 3493 tus
2203 3433 2330 3509 eius
2348 3440 2433 3495 est
2450 3433 2728 3512 perfecta
2755 3434 2819 3493 in
2841 3431 3139 3495 nobis.E.z:
3175 3431 3286 3494 hoc
3323 3431 3735 3508 cognoscimus

2088 3522 2152 3581 in
2173 3538 2237 3581 eo
2258 3538 2367 3583 nos
2388 3539 2637 3583 manere
2657 3528 2713 3582 et
2734 3522 2931 3600 ipsum
2949 3526 3014 3582 in
3036 3520 3228 3594 nobis,
3249 3519 3403 3598 quod
3423 3519 3496 3579 de
3512 3519 3732 3597 spiritu

2090 3626 2198 3671 suo
2230 3611 2462 3673 dederit
2479 3610 2758 3672 nobis.Et
2778 3628 2882 3671 nos
2908 3610 3163 3673 vidimus
3183 3616 3549 3672 et-testamur
3571 3606 3735 3686 quod

2094 3700 2280 3760 Pater
2300 3702 2529 3761 miserit
2561 3698 2789 3760 Filium
2822 3716 2999 3761 suum
3031 3698 3405 3763 Salvatorem
3436 3695 3672 3756 mundi.

2171 4044 2438 4107 Diximus
2488 4048 2660 4108 etiam
2707 4047 2953 4108 antehac
3007 4044 3162 4126 quod
3215 4043 3351 4105 huic
3402 4043 3575 4106 beato
3609 4042 3732 4104 viro

351 4142 542 4218 τούτῳ,
577 4141 641 4196 τά
684 4141 816 4197 αὐτὰ
844 4144 961 4221 περὶ
1002 4144 1108 4199 τῶν
1157 4145 1329 4200 αὐτῶν
1385 4140 1796 4217 ἀναλαμϐάνειν,
1828 4148 1921 4198 τοῦ
1950 4164 2002 4198 τε

2091 4134 2273 4195 moris
2303 4136 2377 4195 sit
2406 4135 2611 4196 eadem
2663 4135 2737 4196 de
2783 4134 3009 4196 eisdem
3041 4140 3338 4213 repetere,
3370 4153 3437 4194 ac
3467 4132 3731 4194 habitum

354 4228 459 4294 ἐξιν
516 4227 792 4305 βούλεσθαι
861 4237 967 4287 τῶν
1025 4229 1327 4311 λεγομένων
1375 4244 1492 4295 τοῖς
1551 4231 2002 4307 μαθητευομένοις

2090 4242 2292 4284 eorum
2316 4243 2446 4303 qua;
2467 4225 2744 4285 dicuntur
2768 4224 2917 4285 velle
2940 4223 3188 4301 inﬁgere
3208 4222 3281 4283 iis
3298 4223 3397 4302 qui
3421 4222 3729 4295 docentur,

351 4331 671 4397 περιποιεῖν.
740 4320 827 4375 καὶ
884 4318 968 4375 ἐπὶ
1021 4309 1458 4400 τὸγτρανώτερον
1492 4323 1583 4376 τὸν
1645 4321 1803 4396 Λόγον
1864 4319 2002 4397 ἄγειη

2104 4319 2159 4371 ct
2189 4328 2525 4372 sermonem
2559 4312 2778 4374 ducere
2806 4312 2878 4371 ad
2910 4312 2965 4372 id
2999 4312 3155 4393 quod
3181 4311 3398 4372 clarius
3426 4329 3493 4372 ac
3535 4309 3731 4390 perfe—

352 4406 821 4486 xai.1slsd>1t~:pov.
886 4400 1108 4487 Ἑτέρως
1156 4398 1254 4487 γὰρ
1312 4411 1396 4465 καὶ
1467 4409 1657 4488 ἑτέρως
1725 4408 2002 4487 ἐπιχειρώη

2101 4399 2253 4488 ctius
2311 4408 2419 4460 est.
2455 4400 2586 4461 Alio
2640 4400 2800 4462 enim
2869 4410 2927 4462 et
2983 4402 3101 4462 alio
3135 4400 3309 4461 modo
3341 4398 3732 4488 aggredienda

354 4495 461 4553 ἀπὸ
503 4498 610 4551 τῶν
657 4495 710 4551 ἐν
766 4504 844 4566 τῷ
913 4498 1186 4577 πράγματι
1244 4497 1691 4576 ἐνθεωρουμένων,
1765 4498 1850 4551 καὶ
1894 4499 2002 4551 οἷον

2098 4487 2171 4547 ab
2216 4488 2307 4548 his
2354 4507 2484 4569 qua;
2533 4490 2591 4549 in
2650 4508 2715 4550 re
2770 4490 3242 4570 conspiciuntur,
3274 4496 3331 4549 et
3358 4487 3533 4548 veluti
3563 4505 3732 4546 com-

352 4587 412 4640 τὸ
464 4583 680 4648 ἐλλιπὲς
735 4593 828 4642 τοῦ
880 4569 1069 4664 λόγουγ
1110 4569 1450 4665 ἀναπληρὶυν,
1499 4569 1843 4649 *τελεωτάτην
1903 4584 2002 4648 τὴν

2092 4576 2259 4656 plens
2288 4577 2439 4656 quod
2465 4576 2523 4637 in
2557 4596 2840 4639 sermone
2867 4569 3057 4651 deest,
3083 4575 3571 4656 perfectissimam
3597 4573 3734 4635 facit

353 4679 460 4729 τῶν
519 4671 821 4751 λεγομένων
892 4688 1123 4732 ποιεῖται
1209 4674 1497 4740 ἀπόδειξιν.
1594 4675 1738 4732 Κατᾶ
1804 4672 2002 4739 ταύτην

2087 4663 2648 4729 demonstrationem
2672 4686 2877 4729 eorum
2908 4684 3039 4747 quae
3067 4666 3367 4726 dicuntur.
3399 4662 3563 4725 Juxta
3586 4662 3733 4722 banc

354 4764 441 4818 καὶ
486 4769 574 4817 νῦν
617 4763 717 4829 τὴν
746 4762 965 4840 ἀγωγὴν
993 4764 1274 4843 χρώμενος
1305 4768 1381 4837 τῷ
1422 4762 1566 4840 λόγῳ
1593 4764 1722 4842 φησί
1757 4780 1767 4793 ⁸
1811 4784 1836 4813 (ι
1875 4762 2001 4816 Θεὸν

2087 4753 2517 4817 institutionem
2566 4756 2746 4816 t-tiam
2799 4775 2955 4816 nunc
3006 4773 3281 4815 sermone
3335 4760 3506 4814 utens
3586 4752 3664 4812 ait
3716 4768 3730 4813 :

358 4849 520 4914 οὒδεὶς
564 4852 780 4907 πώποτε
809 4853 1069 4915 τεθέαται,
1109 4880 1131 4909 ι
1200 4851 1345 4909 Ἐπεὶ
1394 4853 1493 4929 γὰρ
1536 4852 1652 4928 περὶ
1707 4856 1803 4917 τῆς
1863 4847 2001 4927 ἀγά-

2092 4867 2120 4899 α
2146 4845 2334 4906 Deum
2368 4863 2543 4906 nemo
2566 4844 2709 4905 vidit
2733 4864 3049 4925 unquam.»
3087 4842 3373 4914 Qu-vuiam
3410 4841 3565 4903 enim
3598 4859 3729 4901 ser-

356 4963 463 5007 πης
507 4945 603 5007 τῆς
638 4942 710 5005 εἷς
784 4942 904 5005 τοὺς
972 4939 1225 5022 ἀδελφοὺς
1285 4943 1594 5013 ποιούμενος
1649 4940 1767 5001 τοὺς
1814 4937 2004 5015 λόγους

355 5031 443 5084 τὸν
476 5029 604 5085 Θεόν
640 5031 713 5092 εἰς
769 5028 1064 5109 ὑπόδειγμα
1114 5036 1343 5110 προῆγε,
1403 5026 1556 5085 δόντα
1612 5032 1701 5084 τὸν
1756 5029 1874 5083 Υἰὸν
1906 5025 2003 5082 αὖ·

354 5125 445 5172 τοὺ
476 5118 563 5174 τὸν
606 5124 871 5197 μονογενῆ
901 5117 984 5174 διὰ
1007 5120 1105 5187 τὴν
1162 5121 1279 5195 περὶ
1335 5120 1478 5194 ἡμᾶς
1536 5118 1751 5196 ἀγάπην
1808 5118 1879 5180 εἷς
1909 5115 2006 5171 θα·-

358 5228 536 5268 νατον,
572 5205 884 5265 Ἀκόλουθον
927 5206 981 5264 δὲ
1012 5208 1077 5277 ἧν
1127 5211 1297 5265 εἰπεῖν
1338 5229 1481 5284 τινα,
1531 5208 1627 5265 Καὶ
1655 5207 1814 5264 πόθεν
1854 5206 2008 5260 τοῦτο

356 5292 527 5371 λέγεις
613 5298 729 5375 περὶ
811 5298 1138 5376 πραγμάτων
1222 5298 1454 5355 ἀθεάτων
1551 5298 1638 5355 καὶ
1693 5294 2002 5374 ἀνε-ρίκτων,

359 5386 443 5440 καὶ
471 5381 792 5448 διαϐεϐαιοῒς
836 5389 976 5461 ἡμᾶς
1006 5391 1091 5451 οἷς
1120 5389 1288 5460 μήπω
1332 5409 1412 5450 τις
1473 5386 1671 5464 ἔγνωκε
1706 5404 1723 5463 ς
1784 5382 2000 5461 συντρέ-

357 5494 475 5551 χων
517 5475 604 5529 οὖν
631 5486 749 5536 τοῖς
795 5475 932 5531 οὕτω
959 5474 1169 5553 λέγουσι
1214 5499 1323 5556 φησ
1392 5478 1480 5533 καὶ
1523 5475 1703 5546 αὐτὸς,
1761 5472 1840 5529 ὅτι
1876 5473 2003 5528 Θεὸν

360 5561 454 5635 μὲν
515 5560 683 5627 οωεϊς
740 5562 942 5641 ἑώρακε
1024 5565 1265 5625 πώποτε.
1341 5565 1594 5644 Σύμφημι
1663 5563 1754 5618 καὶ
1825 5559 2003 5620 αὐτός.

357 5646 504 5705 Ἀλλ’
538 5649 597 5707 ἐκ
624 5656 720 5717 τῆς
749 5653 821 5716 εἰς
853 5651 1115 5725 ἀλλήλους
1146 5654 1389 5732 ἀγάπης,
1441 5653 1591 5733 φησὶ,
1653 5650 2006 5731 γινώσκομεν,

358 5736 437 5794 ὅτι
490 5741 519 5797 ὁ
573 5739 703 5806 Θεός
749 5740 804 5798 ἐν
861 5756 997 5821 ημῖν
1052 5742 1183 5803 ἐστι.
1251 5746 1372 5823 Καὶ⁴
1396 5739 1572 5808 καλῶς
1628 5746 1779 5798 τοῦτο
1834 5737 2001 5819 λέγει,

2089 4955 2325 4997 nionem
2356 4936 2575 4997 faciens
2605 4938 2679 4996 de
2712 4936 2997 4997 t'flal'ilalé
3023 4953 3160 5013 erga
3189 4934 3421 5014 fratres,
3456 4932 3638 4995 Deum
3670 4932 3731 4992 in

2089 5025 2421 5105 exemplum
2439 5024 2921 5105 produxerat,qui
2954 5024 3162 5085 Filium
3182 5043 3352 5084 suum
3367 5023 3728 5106 unigenitum

2091 5114 2257 5175 dedit
2286 5117 2342 5175 in
2375 5122 2649 5193 mortem,
2688 5120 2933 5194 propter
2986 5113 3335 5174 charitatem
3387 5130 3561 5192 quam
3596 5128 3734 5188 erga

2093 5220 2200 5265 nos
2231 5203 2467 5263 habuit:
2491 5220 2867 5282 consequens
2889 5211 3087 5265 autem
3114 5211 3237 5262 erat
3262 5211 3321 5262 ut
3341 5200 3554 5282 aliquis
3574 5199 3735 5260 dice-

2092 5300 2182 5353 ret
2204 5314 2215 5349 :
2237 5290 2305 5351 Et
2342 5291 2502 5352 unde
2522 5299 2619 5351 aut
2641 5291 2938 5373 quomodo
2962 5292 3074 5352 hoc
3097 5290 3249 5351 dicis
3273 5291 3345 5351 de
3377 5290 3555 5350 rebus
3577 5286 3729 5347 invi-

2085 5379 2355 5441 sibilibus
2390 5388 2445 5441 et
2478 5379 3394 5462 incompreliei:sibilibus,ettua
3440 5377 3595 5457 apud
3632 5393 3737 5437 nos

2086 5467 2402 5529 conﬁrmas
2432 5468 2526 5529 his
2551 5487 2682 5548 quae
2714 5487 3011 5548 nunquam
3045 5468 3258 5548 aliquis
3288 5463 3600 5545 cognovit?
3633 5483 3733 5524 oc-

2089 5574 2337 5619 currens
2364 5557 2545 5636 igitur
2569 5556 2663 5619 bis
2685 5558 2786 5638 qui
2819 5558 2899 5619 ita
2941 5557 3236 5631 dicerent,
3271 5555 3351 5616 ait
3380 5556 3541 5635 ipse:
3566 5551 3732 5626 Quod

2091 5646 2277 5710 Deum
2308 5662 2451 5708 sane
2484 5661 2662 5709 nemo
2690 5664 2947 5728 unquam
2990 5644 3225 5727 viderit,
3260 5652 3318 5706 et
3348 5661 3455 5721 ego
3502 5659 3738 5724 quoque

2091 5753 2293 5799 assero
2321 5755 2337 5797 :
2363 5733 2467 5801 sed
2501 5751 2571 5797 ex
2600 5733 2928 5799 dilectione
2955 5752 3096 5816 erga
3125 5751 3234 5797 nos
3264 5738 3488 5811 mutua,
3521 5750 3737 5813 cogno-
