4192 6212
399 305 516 371 66³1

1532 310 1939 375 OECUMENII
1984 311 2277 373 TRICCzE
2323 315 2655 381 EPISCOPI

3653 324 3773 390 668

401 440 626 539 scimus
657 440 813 521 quod
850 442 1099 539 Deusin
1131 441 1306 505 nobis
1335 444 1431 539 sit.
1464 441 1712 539 recte
1737 442 1850 539 boc
1872 442 2035 505 dicit.

2129 445 2310 539 ηολλόι
2347 450 2446 539 γάρ
2473 457 2582 539 τῷν
2629 453 2860 512 ἀθεάτων
2906 458 3043 533 ἡμῖν
3099 457 3160 516 ἐκ
3201 464 3306 517 τῶν
3361 460 3657 539 ἐνεργειῶν,
3688 459 3775 517 ὅτι

401 527 577 591 Multa
602 548 853 610 namque
884 549 952 592 ex
984 531 1076 594 bis
1105 550 1236 612 quae
1288 531 1459 594 nobis
1518 530 1834 593 invisibilia
1880 542 2042 608 sunt,

402 635 470 678 ex
502 617 832 679 aetionibus
862 638 994 681 esse
1013 620 1538 700 deprehendimus.
1562 621 1734 684 Certe
1750 622 2045 700 quemad-

401 706 641 766 modum
666 725 858 786 neque
881 708 1137 769 animam
1173 709 1467 790 quispiam
1500 708 1664 780 vidii,
1701 709 1806 771 sed
1849 718 2046 771 tamen

399 811 468 854 ex
518 793 849 856 actionibus
876 802 934 858 et
965 796 1327 858 motionibus
1363 797 1422 859 in
1457 797 1628 859 nobis
1657 816 1789 859 esse
1821 798 2045 880 depre-

2127 536 2224 629 εἶσὶ
2255 535 2759 629 καταλαμόάνομεν.
2814 542 3029 621 Ἀμέλει
3076 547 3257 627 ὥσπερ
3311 535 3456 607 οὐδὲ-
3484 535 3669 629 ιξιθυχήν
3696 570 3779 614 τις

2126 624 2379 705 ἑώρακεν,
2424 626 2544 684 ἀλλ’
2576 629 2637 688 ἐκ
2676 637 2781 689 τῶν
2812 633 3086 713 ἐνεργειῶν
3145 624 3270 714 γοῦν
3326 637 3414 694 καὶ
3468 624 3775 704 τῶννκινη-

2128 714 2308 788 μάτων
2351 732 2605 775 κατανοεῖ
2632 722 2704 786 ὡς
2742 721 3055 802 ἐνυπαρχει,
3083 722 3221 781 οὕτω
3263 724 3399 799 ἡμῖν
3455 725 3542 781 καὶ
3569 725 3667 791 τὴν
3698 726 3775 789 εἰς

2126 804 2270 878 ἡμᾶς
2300 807 2453 863 αὐτοῦ
2479 805 2706 883 ἀγάπην,
2750 812 2823 873 ὡς
2872 809 2957 868 διὰ
2985 834 3125 877 τινος
3186 814 3447 885 κινήσεως
3505 813 3592 869 καὶ
3621 813 3773 893 ἐνερ-

399 882 645 974 hendit:
674 882 751 944 ita
766 892 822 945 et
855 884 1233 974 dilectionem
1264 886 1367 948 Dei
1390 905 1528 967 erga
1559 905 1692 960 nos,
1727 887 1907 949 veluti
1944 905 2035 967 per

2127 891 2272 969 γείας
2304 892 2653 971 γινώσκομεν.
2703 901 2761 956 Εἰ
2805 896 2859 955 δέ
2887 910 3041 960 τοῦτο
3084 903 3178 958 οὐκ
3236 900 3333 966 ἔξω
3385 903 3480 958 τοῦ
3534 902 3762 974 εἰκότος,

396 971 708 1067 quamdam
735 973 1057 1035 motionem
1083 993 1152 1036 ac
1174 974 1583 1055 operationem
1605 977 2035 1055 cognoscimus.

2126 979 2239 1039 οὒδὲ
2270 983 2297 1037 6
2325 985 2465 1046 θεῖος
2495 985 2646 1048 οὗτος
2675 986 2808 1066 ἀνὴρ
2832 989 2974 1066 παρά
3003 988 3062 1045 τό
3094 990 3232 1053 εἰκὸς
3271 988 3331 1045 ἐκ
3370 993 3469 1056 τῆς
3502 971 3772 1067 ἐνεργείας

395 1056 558 1130 Quod
590 1060 641 1121 si
672 1061 784 1123 hoc
814 1061 1136 1125 absurdum
1170 1084 1285 1125 non
1307 1074 1417 1133 est.
1439 1066 1759 1146 nequeiste
1788 1065 1876 1126 vir
1894 1085 2035 1145 prae-

2121 1070 2260 1156 εἶναι
2282 1071 2371 1125 τὸν
2400 1072 2529 1127 Θεὸν
2557 1075 2644 1130 καὶ
2672 1075 2727 1131 ἐν
2755 1056 2890 1151 ημῖν
2910 1056 3161 1139 ὸείκνυσι.
3202 1078 3297 1135 Καὶ
3326 1077 3401 1140 τίς
3432 1078 3466 1144 ἡ
3486 1056 3721 1156 ἒνέργεια
3751 1094 3769 1151 ;

400 1154 493 1206 ter
521 1147 799 1210 decorum
834 1170 901 1212 ex
929 1153 1274 1233 Operatione
1303 1154 1488 1215 Deum
1519 1172 1756 1234 quoque
1784 1154 1845 1215 in
1869 1154 2035 1216 nobis

2125 1150 2188 1215 Ἠ
2232 1160 2302 1225 εἷς
2329 1159 2449 1222 τοὺς
2480 1157 2704 1228 πλησίον
2752 1147 2901 1241 ἡμῶν
2951 1166 3151 1245 καθαρὰ
3204 1167 3293 1223 καὶ
3335 1162 3523 1228 ἀδολος

394 1251 523 1295 esse
554 1239 909 1301 ostendit.Et
938 1259 1067 1319 qua;
1094 1250 1183 1303 est
1204 1242 1498 1322 Operatio?
1524 1246 1679 1305 Pura
1707 1262 1776 1305 ac
1805 1243 2044 1306 sincura

393 1322 631 1386 dilectio
665 1346 800 1403 erga
827 1329 1182 1408 proximum.

474 1411 599 1475 591
618 1412 753 1477 Haec
776 1416 931 1478 enim
957 1418 1159 1480 efﬁcax
1183 1424 1273 1480 est
1299 1426 1356 1480 et
1376 1419 1597 1479 nullum
1627 1420 1854 1483 habens
1876 1421 2035 1483 defe-

2208 1419 2348 1489 Αὕτη
2418 1425 2517 1503 γὰρ
2574 1425 2663 1480 καὶ
2745 1422 2962 1501 ἐνεργὴς
3044 1426 3131 1480 καὶ
3199 1422 3513 1504 ἀνελλιπὴς,
3583 1426 3639 1479 ἒν
3693 1430 3773 1499 τῷ

394 1508 577 1577 ctum,
609 1506 848 1592 quando
881 1506 1154 1568 videlicet
1187 1526 1333 1587 pura
1363 1507 1605 1568 estHoc
1630 1508 1915 1570 indicium
1952 1518 2035 1572 cst

2127 1511 2325 1589 καθαρὰ
2406 1511 2649 1579 δηλονότι
2760 1512 2923 1573 εἴναι.
3046 1518 3210 1570 Τοῦτο
3320 1514 3383 1568 τὸ
3492 1512 3773 1592 γνώρισμα

393 1598 449 1650 et
467 1609 573 1652 nos
603 1591 661 1653 in
684 1593 812 1673 ipso
843 1604 899 1656 et
926 1595 1193 1675 ipsumin
1216 1595 1385 1656 nobis
1409 1598 1832 1678 manere,quod
1864 1600 2035 1661 etiam

2125 1603 2224 1667 τῆς
2254 1622 2310 1656 τε
2350 1603 2503 1675 ἡμῶν
2529 1602 2584 1658 ἐν
2654 1602 2797 1675 αὐτῷ
2841 1606 3009 1676 μονῆς
3075 1602 3162 1657 καὶ
3212 1606 3311 1667 τῆς
3381 1600 3433 1659 ἐν
3477 1591 3612 1670 ἡμῖν
3642 1601 3776 1657 ἐκεί·-

391 1678 469 1739 de
484 1678 705 1770 Spiritu
720 1700 826 1743 suo
840 1684 951 1744 ded
964 1683 1073 1744 erit
1102 1684 1288 1745 nobis.
1310 1684 1452 1746 Nam
1469 1686 1566 1765 qui
1585 1705 1764 1767 purus
1780 1696 1865 1748 est
1880 1707 2035 1767 ,pura

2129 1712 2238 1767 νου,
2305 1692 2392 1746 καὶ
2451 1690 2555 1764 ὅτι,
2616 1692 2768 1770 φησὶ,
2825 1696 2979 1746 τοῦτο
3037 1690 3096 1745 ἐκ
3144 1696 3237 1746 τοῦ
3275 1690 3575 1766 Πνεόμανος
3617 1692 3775 1747 αἰτοῦ

392 1775 448 1827 et
462 1766 535 1829 ab
550 1770 707 1830 omni
723 1770 1286 1834 sordeimmaculata
1300 1766 2035 1853 nobislargiturﬂuoniam

2121 1776 2341 1834 δέδωκεν
2384 1781 2538 1855 ἡμῖν,
2618 1766 2674 1837 Ὅ
2731 1772 2830 1858 γὰρ
2888 1780 3115 1856 καθαρὸς
3158 1779 3359 1858 καθαρὰ
3412 1781 3499 1835 καὶ
3530 1777 3770 1858 ἀχραντα

391 1873 532 1935 ergo
550 1876 656 1937 per
675 1877 876 1938 puram
893 1860 1275 1922 dilectionem
1293 1882 1422 1923 cum
1442 1881 1511 1923 eo
1528 1865 2035 1925 communicamus

2121 1869 2315 1930 παντὸς
2344 1869 2504 1945 ῥύπου
2554 1868 2849 1949 χαρίζεται,
2905 1865 3053 1923 Ἐπεὶ
3101 1867 3187 1923 οὖν
3242 1864 3326 1922 διὰ
3380 1869 3479 1934 τῆς
3538 1871 3767 1945 καθαρᾶς

390 1964 457 2007 ex
483 1947 593 2007 hoc
616 1947 791 2008 etiam
810 1949 1265 2030 nos,inquit,qui
1292 1951 1615 2012 secundum
1636 1971 1879 2013 carnem
1901 1972 2035 2015 eum

2121 1955 2498 2034 ἀγάπηςςαῦτῷ
2542 1947 2917 2029 κοινωνοῦμεν,
2970 1958 3035 2011 ἒκ
3082 1956 3267 2013 τούτου
3297 1957 3385 2012 καὶ
3433 1958 3622 2032 ἡμεῖς,
3654 1979 3764 2037 φη-

391 2033 1058 2116 vidimus,cugnovimus
1091 2048 1311 2113 eum,et
1346 2040 1732 2101 teSIiﬁcamur
1763 2042 1916 2121 quod
1935 2045 2013 2104 Pa

391 2138 485 2184 ter
508 2123 734 2186 miserit
756 2145 889 2188 eum
916 2125 1273 2188 Salvatorem
1298 2127 1643 2190 mundi.Sed
1674 2141 1889 2209 praeter
1910 2150 2036 2192 nos

392 2220 538 2273 tram
565 2233 801 2296 quoque
853 2216 1123 2279 notitiam
1176 2216 1305 2296 ipse
1338 2216 1515 2278 etiam
1572 2237 1679 2279 nos
1727 2219 2034 2294 instruxit,

391 2302 708 2383 perfectius
722 2305 779 2365 in
795 2306 944 2367 hanc
956 2304 1353 2383 cognitionem
1373 2325 1478 2366 nos
1495 2305 2040 2387 inducens,quando

385 2390 561 2455 dixit:
590 2417 609 2446 ι
654 2392 813 2454 Exivi
846 2413 878 2454 a
911 2392 1102 2469 Patre,
1143 2402 1199 2454 et
1230 2394 1362 2454 veni
1397 2394 1454 2453 in
1490 2394 2038 2457 mundum96.»Hoc

385 2490 665 2558 quantum
698 2483 768 2542 ad
802 2482 859 2542 id
890 2481 1096 2543 attinet
1126 2483 1279 2562 quod
1314 2481 1521 2543 Filium
1555 2502 1724 2545 suum
1749 2483 2037 2563 Unigeni-

386 2576 507 2628 tum
542 2569 616 2629 ob
653 2570 841 2631 nostri
873 2569 1252 2632 dilectionem
1286 2571 1597 2632 demiserit
1628 2572 1686 2632 in
1721 2573 2031 2634 mundum.

386 2656 640 2718 Rursum
672 2677 743 2719 eu
774 2658 908 2719 aliis
941 2659 1309 2720 manifestius
1338 2681 1350 2718 :
1399 2661 1562 2721 Adeo
1596 2661 1780 2740 enim,
1818 2661 2032 2741 inquit,

386 2745 542 2808 Deus
573 2745 776 2807 dilexit
806 2746 1185 2813 mundum.ut
1218 2747 1427 2808 Filium
1462 2768 1631 2809 suum
1664 2750 2032 2827 unigenitum

383 2832 572 2915 daret,
607 2846 669 2895 ut
691 2836 884 2896 omnis
913 2836 1011 2914 qui
1037 2835 1226 2897 credit
1254 2844 1318 2896 ut
1346 2855 1481 2898 eum
1507 2856 1622 2898 non
1649 2849 1874 2919 pereat.
1910 2841 1983 2901 Et
2015 2856 2029 2900 :

381 2919 509 2983 Non
543 2923 676 2984 veni
702 2924 1047 3004 utjudicem
1088 2925 1395 2998 mundum,
1439 2926 1542 2986 sed
1578 2935 1641 2988 ut
1689 2928 1911 2988 salvum
1946 2928 2033 2988 fa-

2121 2046 2220 2116 σὶν,
2291 2046 2338 2102 οἱ
2397 2048 2530 2103 κστὰ
2587 2046 2751 2113 σάρκα
2811 2044 3109 2119 τεθεαμένοι
3168 2046 3322 2100 αὐτὸν
3378 2043 3616 2123 ἔγνωμεν
3680 2046 3769 2101 καὶ

2124 2144 2505 2213 μαρτυροῦμεν,
2579 2134 2659 2190 ὅτι
2717 2137 2744 2190 ὁ
2790 2133 2971 2210 Πατὴρ
3019 2130 3346 2189 ἀπέσταλκεν
3416 2135 3570 2192 αὖτὸν
3642 2140 3767 2189 Σω-

2121 2228 2257 2301 τῆρα
2299 2225 2392 2279 τοῦ
2447 2225 2669 2298 κόσμου,
2706 2221 2871 2280 Ἀλλά
2930 2223 3016 2277 καὶ
3073 2223 3200 2300 πρὸς
3246 2226 3313 2297 τῇ
3361 2221 3592 2301 ἡμετέρᾳ
3623 2222 3768 2301 γνώ-

2122 2332 2226 2388 σει,
2285 2313 2371 2368 καὶ
2444 2313 2595 2377 αὗτὸς
2667 2309 2986 2389 ἐξηγήσατο,
3075 2308 3392 2389 τελεώτερον
3475 2315 3618 2386 ἡμᾶς
3695 2318 3764 2386 τῇ

2121 2401 2335 2476 τοιαύτῃ
2393 2398 2690 2475 ἐμϐιϐάζων
2720 2400 2936 2478 γνώσει,
2994 2399 3124 2454 ποτε
3181 2398 3277 2473 μὲν
3345 2397 3537 2477 λέγων,
3580 2424 3603 2452 α
3640 2396 3763 2464 Ἐξ-

2119 2487 2279 2555 ηλθον
2313 2490 2418 2545 ἀπὸ
2451 2490 2538 2546 τοῦ
2584 2491 2785 2568 Πατρὸς
2815 2489 2903 2544 καὶ
2951 2485 3177 2557 ἐλήλυθα
3218 2488 3290 2550 εἷς
3348 2487 3437 2545 τόν
3474 2487 3696 2566 κόσμον,
3733 2511 3760 2543 ι

2119 2581 2273 2634 τοῦτο
2338 2580 2453 2655 περὶ
2507 2585 2598 2635 τοῦ
2681 2576 3029 2653 καταπέμψαι
3119 2576 3248 2655 ὑπὲρ
3342 2582 3440 2643 τῆς
3496 2577 3762 2656 ἡμετέρας

2119 2666 2330 2744 ἀγάπης
2378 2664 2470 2723 ἀπ’
2529 2671 2745 2746 οῦρανοῦ
2799 2668 2890 2722 τὸν
2946 2667 3066 2721 Υἱὸν
3124 2664 3280 2722 αὒτοῦ
3349 2667 3438 2721 τὸν
3496 2670 3759 2743 μονογενῆ

2118 2756 2190 2820 εἷς
2219 2757 2310 2811 τὸν
2338 2756 2538 2831 κόσμον
2572 2772 2585 2785 ⁸
2618 2757 2706 2812 καὶ
2756 2754 2821 2811 δι’
2867 2754 3056 2829 ἑτέρων
3086 2751 3139 2809 δὲ
3178 2752 3337 2810 πάλιν
3400 2755 3706 2834 τρανότερον
3740 2771 3758 2790 ⁸

2124 2867 2150 2897 ι
2184 2854 2442 2903 Τοσοῦτον
2473 2846 2595 2923 γὰρ,
2627 2845 2805 2924 φησὶν,
2838 2844 3117 2921 ἠγάπησεν
3174 2844 3202 2898 6
3255 2844 3382 2905 Θεὸς
3410 2843 3501 2899 τόν
3530 2842 3756 2924 κόσμον,

2117 2932 2251 2989 ὥστε
2284 2936 2375 2988 τὸν
2433 2935 2552 2989 Υἱὸν
2586 2935 2741 2990 αὒτοῦ
2799 2934 2887 2989 τὸν
2941 2930 3201 3010 μονογενῆ
3260 2928 3473 3005 ἔδωκεν,
3517 2931 3611 2987 ἵνα
3653 2938 3756 2995 πᾶς

382 3010 532 3072 ciam
563 3013 873 3075 mundum.
928 3011 1224 3074 Habemus
1256 3014 1433 3092 igitur
1463 3023 1521 3075 et
1549 3032 1582 3075 a
1619 3024 1819 3076 nostro
1869 3017 2034 3097 ipso-

2121 3024 2146 3077 6
2176 3023 2435 3077 πιστεύων
2467 3022 2552 3078 ἐπ’
2575 3024 2716 3096 αὖτῴ
2746 3024 2824 3096 μὴ
2854 3020 3122 3087 ἀπόληται
3159 3034 3172 3050 ’
3218 3043 3237 3073 ι
3274 3021 3382 3089 καὶ,
3423 3041 3445 3075 α
3474 3021 3580 3077 Οὐκ
3598 3020 3754 3088 ἦλθον

381 3117 513 3161 rum
545 3109 805 3180 aspectu,
865 3103 1076 3181 inquit,
1110 3110 1169 3161 et
1216 3120 1249 3162 a
1305 3101 1575 3164 doctrina
1604 3102 1902 3183 Unigeniti
1933 3114 2035 3184 qui

2121 3110 2207 3165 ἵνα
2238 3110 2397 3187 κρίνω
2423 3113 2513 3167 τὸν
2542 3111 2767 3185 κόσμον,
2817 3108 2937 3165 ἀλλ’
2989 3110 3080 3164 ἵνα
3124 3109 3281 3166 σώσω
3336 3110 3426 3165 τὸν
3468 3109 3688 3184 κόσμον.
3728 3131 3753 3168 I

383 3196 475 3250 est
500 3188 631 3251 sinu
658 3191 850 3252 Patris
881 3191 1038 3251 velut
1075 3191 1135 3251 in
1180 3189 1510 3269 Evangeliis
1558 3192 1781 3255 dictum
1828 3204 1918 3256 est
1942 3194 2027 3253 97.

2122 3188 2373 3278 ’Ἐχομεν
2404 3199 2570 3256 τοίνυν
2615 3201 2701 3255 καὶ
2729 3200 2834 3256 ἀπὸ
2877 3200 2975 3264 τῆς
3035 3202 3304 3272 αὒνοψίας,
3335 3198 3486 3277 φησὶ,
3541 3200 3628 3255 καὶ
3657 3198 3762 3254 ἀπὸ

383 3285 442 3368 et
488 3277 562 3339 ab
624 3280 967 3360 operatione
1001 3298 1109 3360 per
1142 3290 1401 3341 mutuam
1444 3280 1851 3361 dilectionem,
1875 3284 2032 3363 quod

2121 3277 2238 3355 τῆς
2266 3290 2361 3344 τοῦ
2418 3296 2743 3368 Μονογενοῦς
2800 3287 3101 3364 ἐξηγήσεως
3163 3295 3255 3345 τοῦ
3308 3285 3481 3361 ὄντος,
3537 3288 3608 3350 εὶς
3670 3288 3759 3342 τὸν

382 3366 537 3429 Deus
559 3368 617 3429 in
650 3369 819 3430 nobis
849 3370 944 3441 sit,
973 3379 1032 3430 et
1055 3370 1128 3430 de
1158 3368 1377 3449 Spiritu
1433 3389 1539 3431 suo
1566 3370 1804 3432 dederit
1834 3373 2026 3451 nobis,

2121 3376 2310 3433 κόλπον
2335 3382 2424 3433 τοῦ
2482 3366 2709 3456 Πατρὸς,
2770 3379 2843 3441 ὡς
2886 3379 2941 3431 ἓν
3004 3374 3338 3453 Εὒαγγελίοις
3394 3373 3630 3454 εἴρηται,
3663 3376 3751 3430 καὶ

381 3466 438 3519 et
466 3476 598 3518 cum
626 3477 696 3520 eo
724 3460 1166 3540 participemus.

2121 3466 2217 3523 ἀπὸ
2247 3465 2343 3532 τῆς
2378 3464 2637 3545 ἐνεργείας
2665 3466 2749 3521 διὰ
2804 3471 2902 3533 τῆς
2954 3467 3027 3529 εἷς
3083 3462 3346 3533 ἀλλήλους
3404 3463 3644 3541 ἀγάπης,
3677 3463 3757 3536 ὅτι

2112 3558 2139 3611 ὁ
2184 3555 2311 3617 Θεὸς
2344 3554 2396 3611 ἐν
2429 3557 2582 3629 ἡμῖν,
2642 3556 2730 3611 καὶ
2760 3553 2820 3611 ἐκ
2875 3552 2967 3610 τοῦ
3037 3553 3343 3628 Πνεόματος
3388 3551 3545 3608 αὐτοῦ
3586 3550 3754 3608 δέδω-

2112 3666 2210 3699 καν
2238 3646 2397 3717 ἡμῖν,
2433 3644 2521 3699 καὶ
2550 3650 2899 3718 κοινωνοῦμεν
2922 3643 3086 3716 αὐτῷ.

460 3725 560 3797 IV,
592 3728 765 3789 15-17
801 3727 1087 3806 Quisquis
1118 3728 1420 3807 confessus
1447 3728 1642 3808 fuerit
1674 3728 1834 3808 quod
1855 3727 2034 3791 Jesus

2202 3756 2226 3790 tt
2266 3724 2371 3798 υΟς
2451 3731 2512 3789 ἂν
2593 3731 2906 3811 ὁμολογήσῃ
2954 3729 3033 3786 ὅτι
3093 3727 3293 3796 Ἰησοῦς
3373 3728 3513 3785 ἐστιν
3551 3730 3579 3784 6
3637 3728 3754 3792 Υἱὸς

379 3821 464 3876 est
498 3815 688 3876 Filius
726 3814 853 3888 Dei,
891 3816 998 3877 Dei
1029 3818 1093 3877 in
1151 3834 1219 3879 eo
1276 3827 1505 3893 manet,
1539 3825 1599 3881 et
1628 3820 1755 3898 ipse
1782 3819 1847 3880 in
1884 3817 2024 3880 Deo.

2121 3833 2207 3882 τοῦ
2236 3829 2388 3899 Θεοῦ,
2423 3822 2449 3876 ό
2497 3822 2625 3884 Θεὸς
2694 3820 2749 3876 ἐν
2806 3822 2947 3894 αὖτῴ
3002 3818 3168 3894 μένει,
3235 3819 3321 3874 καὶ
3373 3819 3527 3880 αὐτὸς
3568 3817 3630 3872 ἀν
3678 3818 3757 3891 τῷ

378 3902 459 3964 Et
483 3922 588 3964 nos
617 3906 996 3983 cognovimus
1018 3912 1075 3967 et
1094 3906 1459 3969 credidimus
1480 3908 1836 3969 (:haritatem
1853 3924 2033 3986 quam

2121 3913 2256 3987 Θεῷ,
2343 3911 2440 3969 Καὶ
2531 3912 2692 3985 ἡμεῖς
2774 3909 3081 3987 ἐγνώκαμεν
3160 3908 3249 3963 καὶ
3338 3905 3759 3987 πεπιστεύκαμεν

380 3990 555 4051 habet
592 3991 749 4052 Deus
781 3993 844 4053 in
875 3992 1069 4055 nobis.
1119 3993 1273 4054 Deus
1326 3995 1598 4057 Charitas
1649 4002 1758 4068 est,
1812 4003 1868 4056 et
1929 4000 2035 4075 qui

2121 3986 2216 4069 τὴν
2287 3999 2519 4078 ἀγάπην,
2583 3999 2647 4067 ἣν
2705 3986 2823 4077 ἔχει
2878 4000 2906 4053 6
2964 3998 3093 4060 Θεὸς
3165 3994 3219 4051 ἐν
3277 3995 3435 4072 ἡμῖν,
3527 3986 3583 4051 Ὀ
3629 3995 3759 4056 Θεὸς

380 4088 581 4139 mane!
612 4081 675 4141 in
706 4081 1031 4153 charitatc,
1067 4082 1128 4143 in
1167 4083 1283 4144 Deo
1314 4092 1518 4144 manet
1548 4090 1604 4145 et
1643 4084 1800 4145 Deus
1830 4084 1895 4145 in
1924 4101 2016 4147 eo.

2121 4091 2287 4169 ἱγάπη
2319 4088 2448 4160 ἐστὶ,
2507 4090 2594 4143 καὶ
2623 4090 2651 4144 6
2707 4086 2878 4162 μένων
2931 4085 2987 4141 ἓν
3044 4091 3111 4162 τῇ
3167 4084 3349 4163 ἀγάπῃ
3420 4083 3474 4139 ἐν
3529 4090 3607 4158 τῷ
3636 4089 3754 4158 Θεῷ

379 4168 450 4230 1η
481 4169 591 4230 hoc
616 4170 892 4246 perfecta
941 4177 1023 4232 cst
1069 4171 1340 4233 Charitas
1392 4172 1734 4245 nobiscum,
1767 4181 1831 4233 ut
1864 4174 2018 4252 ﬁdu-

2121 4168 2274 4250 ιένει,
2307 4179 2395 4233 καὶ
2425 4181 2453 4233 6
2497 4178 2627 4241 Θεὸς
2675 4175 2730 4232 ἐν
2788 4175 2948 4248 αὖτῷ.
2988 4172 3075 4230 Ἐν
3132 4174 3299 4247 τούτῳ
3345 4169 3679 4229 τετελείωται
3710 4172 3745 4239 ἡ

381 4259 536 4317 ciam
565 4256 890 4319 habeamus
918 4259 983 4320 in
1016 4260 1119 4321 die
1147 4260 1382 4335 iudicii,
1419 4261 1575 4341 quod
1614 4261 1769 4323 sicut
1800 4261 1907 4323 ille
1937 4270 2024 4324 est

2121 4267 2291 4345 ςιγάπη
2326 4263 2441 4340 μεθ’
2473 4268 2650 4337 ἡμῶν,
2681 4264 2773 4319 ’ἕνα
2799 4262 3086 4340 παρρησίαν
3119 4260 3331 4341 ἔχωμεν
3372 4263 3428 4317 ἓν
3484 4266 3552 4336 τῇ
3579 4259 3753 4338 ἡμέρᾳ
3806 4344 3809 4347 ν

379 4351 434 4407 et
456 4363 564 4408 nos
592 4363 798 4408 sumus
824 4348 890 4408 in
922 4348 1144 4409 munde
1174 4348 1301 4410 hoc.
1432 4336 1447 4341 ’

2121 4336 2208 4423 της
2238 4336 2479 4434 κρίσεως,
2513 4336 2593 4410 δτι
2626 4336 2796 4416 καθὼς
2824 4336 3030 4414 ἒκεϊνός
3062 4336 3202 4425 ἐστι,
3264 4351 3352 4410 καὶ
3399 4351 3562 4418 ἡμεῖς
3597 4336 3758 4424 ἔσμεν

2110 4444 2164 4500 ἒν
2194 4452 2271 4519 τῷ
2298 4445 2486 4518 κόσμῳ
2529 4443 2715 4515 τούτῳ.
2769 4464 2792 4497 ι)

458 4521 579 4586 Hoc
607 4523 679 4585 ad
710 4522 767 4584 id
803 4526 960 4604 quod
995 4524 1166 4605 paulo
1189 4535 1327 4586 ante
1359 4525 1579 4587 dictum
1611 4536 1700 4586 est
1746 4526 2025 4600 refertur,

2190 4539 2354 4591 Τοῦτο
2386 4533 2515 4608 πρὸς
2572 4532 2633 4586 τὸ
2674 4532 2775 4608 πρὸ
2829 4529 3059 4610 βραχέος
3115 4528 3389 4609 εἰρημένον
3445 4524 3755 4607 ἀναφέρεται

382 4621 517 4692 puta
548 4615 699 4696 quod
733 4616 930 4677 omnis
945 4617 1189 4697 spiritus
1202 4616 1300 4697 qui
1319 4618 1849 4679 conﬁteturJesum
1864 4616 2031 4681 Chri-

2121 4624 2194 4685 τὸ,
2229 4621 2308 4677 ὅτι
2338 4627 2441 4678 πᾶν
2472 4622 2678 4696 πνεῦμα
2702 4621 2730 4676 ὃ
2752 4618 3011 4698 ὁμολογεῖ
3038 4619 3244 4686 Ἰησοῦν
3276 4617 3497 4698 Χριστὸν
3519 4615 3573 4672 ἐν
3604 4615 3774 4694 σαρκὶ·

381 4711 535 4764 stum
567 4703 627 4765 in
661 4723 837 4766 carne
861 4705 1116 4779 venisse,
1152 4723 1221 4767 ex
1257 4708 1378 4769 Deo
1401 4715 1509 4768 est.
1546 4705 1833 4778 Quoniam
1868 4706 2027 4768 enim

2121 4710 2421 4779 ἐληλυθότα,
2469 4710 2531 4766 ἐκ
2570 4719 2662 4768 τοῦ
2693 4715 2821 4765 Θεοῦ
2850 4708 2983 4767 ἐστι.
3020 4705 3164 4766 Ἐπεὶ
3192 4708 3292 4787 γὰρ
3316 4709 3519 4768 ἱκανῶς
3537 4701 3752 4760 ἀπέδει-

379 4791 744 4854 sufﬁcienter
801 4794 1221 4856 demonstravit
1270 4796 1425 4876 quod
1464 4803 1521 4857 et
1550 4796 1655 4858 filii
1686 4795 1804 4856 sint
1835 4793 1941 4857 Dei
1972 4803 2032 4857 et

2121 4801 2215 4871 Ξεν,
2250 4797 2329 4856 ὅτι
2350 4800 2436 4856 καὶ
2459 4798 2617 4855 τέκνα
2650 4799 2745 4854 εἶσὶ
2767 4804 2918 4871 Θεοῦ,
2950 4798 3037 4852 καὶ
3069 4798 3096 4852 6
3147 4797 3274 4858 Θεὸς
3331 4794 3386 4852 ὲν
3442 4796 3622 4856 αὐτοῖς
3652 4791 3755 4868 μέ-

380 4879 539 4942 Deus
564 4882 621 4943 in
645 4881 792 4963 ipsis
812 4891 1046 4945 maneat
1079 4904 1092 4941 :
1128 4883 1550 4945 demonstravit
1580 4892 1775 4946 autem
1791 4884 1904 4945 huc
1923 4902 2028 4963 per

2121 4911 2205 4960 ρει,
2240 4887 2474 4955 ἀπέδειξε
2517 4886 2571 4943 δὲ
2615 4894 2770 4943 τοῦτο
2799 4884 2883 4943 διὰ
2924 4890 3021 4952 τῆς
3066 4886 3139 4948 εἷς
3167 4883 3452 4960 ζᾶλλήλους
3512 4882 3753 4959 ἀγάπης,

384 4977 633 5033 mutram
650 4973 776 5032 clla:
796 4971 1160 5051 ilatem,qum
1184 4973 1494 5034 cwnlirmat
1515 4974 1717 5036 datum
1738 4972 2027 5053 esseipsis

2121 4981 2225 5047 ἥτις
2276 4977 2354 5033 ὁτι
2402 4975 2555 5043 ἐδόθη
2613 4976 2795 5040 αὒτοτς
2856 4981 3065 5048 Πνεῦμα
3118 4974 3295 5053 ἅγιον,
3339 4972 3457 5040 ἤτοι
3513 4990 3756 5045 πνευμα-

382 5056 665 5139 Spiritum
701 5068 968 5121 sanctum
994 5060 1113 5124 sive
1139 5061 1468 5140 spiritualia
1512 5062 1702 5124 dona:
1728 5063 1867 5124 592
1886 5080 2024 5123 rur-

2121 5068 2235 5124 τικά
2299 5067 2627 5146 χαρίσματα,
2682 5061 3006 5143 βεϐαιοῦται,
3078 5061 3393 5146 ἐπαναφέρει
3464 5058 3626 5117 πάλιν
3669 5055 3755 5114 ἐπ’

383 5136 511 5208 sum
541 5148 610 5209 ad
644 5149 742 5211 illa
801 5150 975 5211 refert
1031 5136 1398 5230 sermonem,
1434 5158 1491 5213 et
1521 5153 1605 5212 ait
1638 5170 1652 5215 :
1694 5176 1721 5207 α
1747 5150 2030 5233 Quisquis

2121 5136 2411 5213 ἐκεῖνα’τὸν
2465 5136 2646 5234 λόγον,
2682 5136 2777 5210 ’καὶ
2827 5136 3009 5232 φησιν,
3062 5174 3089 5206 κ
3144 5136 3240 5215 “Ος
3263 5136 3386 5208 ἐὰν
3443 5147 3757 5226 ὁμολογήσῃ

381 5236 694 5299 confessus
725 5240 899 5300 fuerit
920 5239 1073 5319 qurid
1105 5240 1278 5300 Jesus
1309 5249 1396 5303 cst
1417 5240 1608 5303 Filius
1632 5240 1932 5312 Dei,Deus
1969 5240 2028 5301 in

2121 5245 2197 5302 ὅτι
2225 5245 2434 5312 ἰησοῦς
2466 5244 2606 5303 ἐστιν
2650 5246 2679 5300 ὁ
2736 5244 2853 5306 Υἱὸς
2908 5242 3000 5297 τοῦ
3046 5246 3197 5315 Θεοῦ,
3238 5241 3267 5296 ό
3321 5241 3449 5303 Θεὸς
3507 5238 3561 5294 ὲν
3617 5236 3760 5310 αὖτῷ

381 5343 450 5386 eo
476 5327 1080 5407 manet;»hujusmodi
1099 5328 1320 5406 aliquid
1356 5329 1603 5391 dicens:
1640 5329 2034 5412 Dixiinsnpe-

2121 5333 2263 5410 μένει
2310 5360 2315 5365 θ
2356 5358 2382 5389 n
2441 5343 2645 5393 τοιοῦτο
2724 5330 2896 5409 λέγων
2935 5347 2948 5360 '
3005 5328 3219 5408 εἴρηκεν
3307 5326 3577 5407 ἀνωτέρω,
3644 5330 3753 5381 Πᾶν

378 5414 667 5493 rioribus,
699 5414 906 5480 Omnis
934 5417 1034 5499 qui
1059 5418 1376 5479 conﬁietur
1407 5417 1608 5481 Jesum
1642 5411 1943 5484 Christum
1970 5420 2031 5481 in

2121 5426 2320 5500 πνεῦμα
2379 5424 2671 5504 ὁμολογοῦν
2729 5422 2931 5487 Ἰησοῦν
3002 5420 3224 5498 Χριστὸν
3309 5417 3364 5473 ἑν
3415 5417 3565 5494 σαρκὶ
3620 5411 3755 5481 ἐλη-

459 5583 527 5635 96
551 5583 722 5648 Joan.
756 5602 876 5660 xw,
913 5586 1011 5651 28.
1095 5580 1158 5637 97
1188 5585 1358 5649 Joan.
1395 5603 1416 5648 1
1452 5588 1545 5651 18.
