4192 6212
418 311 534 376 669

1480 316 1877 383 COMMENT.
1927 316 2006 377 IN
2053 316 2293 379 EPIST.
2348 320 2367 379 Ι
2412 320 2752 383 ΙΟᾹΝΝΙΞ.

3667 319 3785 382 670

413 446 625 527 λυθότα,
668 448 729 505 ἐκ
755 457 850 506 τοῦ
877 457 1010 509 Θεοῦ
1048 451 1212 507 εἶναι.
1261 453 1472 531 Προϊὼν
1524 451 1578 508 δέ
1636 475 1723 528 μοι
1783 457 1810 511 6
1866 453 2038 533 λόγος

2140 465 2322 511 carne
2358 450 2690 525 venisse,ex
2719 452 2841 514 Deo
2873 460 3168 533 estzporro
3196 452 3256 514 in
3287 469 3600 535 progressu
3623 452 3779 515 aliud

414 540 564 618 φησὶ,
595 540 683 595 καὶ
735 538 911 618 ἕτερόν
968 562 1018 597 τι
1062 539 1294 623 ἐξέφηνε.
1360 543 1459 600 Καὶ
1511 552 1663 601 τοῦτο
1719 547 1886 600 τοίνυν
1920 567 2053 623 προ-

412 631 614 711 τίθημι,
682 630 762 687 ὅτι
817 633 865 688 οἱ
919 631 1301 710 ὁμολογοῦντες
1344 642 1527 705 ταῦτα,
1559 635 1647 691 καὶ
1690 634 1862 707 μένων
1888 635 2051 715 ἔχου-

412 741 493 775 σιν
533 718 587 776 ἐν
645 719 855 784 ἑαυτοῖς
904 722 965 777 τὸ
1024 728 1256 796 Πνεῦμα,
1314 721 1432 789 ἤτοι
1489 724 1579 779 τὸν
1636 726 1788 797 Θεὸν,
1845 727 1935 783 καὶ
1988 728 2054 783 τὰ

410 809 590 865 τούτου
646 810 973 885 πνευματικὰ
1054 809 1385 890 χαρίσματι,
1472 812 1557 867 καὶ
1631 815 1775 871 αὒτοὶ
1817 815 1871 870 ἐν
1939 823 2054 890 Θεῷ

408 897 642 973 μένουσι,
682 899 778 956 Καὶ
820 905 974 956 τοῦτο
1004 903 1107 979 οὔχ
1162 902 1235 963 ὡς
1294 900 1454 980 ἔτι)χέ
1523 924 1715 978 φαμεν,
1778 901 1914 959 ἀλλά
1954 906 2050 981 βε-

404 983 527 1060 ϐαίᾳ
570 987 759 1065 γνώσει
828 990 916 1044 καὶ
975 988 1153 1045 πίστει
1214 987 1298 1044 διὰ
1352 1011 1454 1056 της
1506 991 1578 1054 εἷς
1636 990 1898 1060 ἀλλήλους
1928 993 2056 1070 ἀγά-

403 1096 534 1141 πης,
583 1070 822 1154 Ἀγάπης
875 1074 928 1132 δὲ
986 1078 1376 1152 μνημονεύσας,
1435 1076 1664 1158 ἐπιφέρει
1735 1081 1822 1136 καὶ
1886 1082 2056 1137 πάντα

400 1166 468 1223 τὰ
510 1166 628 1242 περὶ
655 1165 864 1242 ἀγάπης
920 1164 1052 1245 ἂπερ
1120 1166 1323 1247 φθάσας
1371 1166 1582 1242 εἴρηκε,
1643 1169 1817 1225 πίστιν
1849 1168 2055 1237 πολλὴν

401 1259 479 1327 τῷ
528 1256 647 1331 περὶ
693 1253 904 1332 ἀγάπης
973 1256 1344 1336 παρεχόμενος
1416 1254 1582 1335 λόγῳ.
1650 1282 1673 1311 ιι
1736 1255 1826 1315 Ἐν
1884 1259 2051 1331 τούτῳ

399 1339 732 1399 τετελειῶται
815 1345 847 1412 ἡ
919 1345 1122 1422 ἀγάπη.
1184 1368 1205 1401 ιι
1294 1344 1643 1422 Βουλόμενος,
1689 1348 1845 1425 φησὶν
1904 1349 2047 1422 ἡμᾶς

395 1430 767 1488 τετελειῶσθαι
829 1432 883 1488 ἐν
940 1440 1007 1509 τῇ
1064 1434 1275 1512 ἀγάπη,
1332 1433 1427 1488 ’ἕνα
1498 1433 1786 1512 παρρησίαν
1831 1434 2045 1515 ἔχωμεν

396 1517 451 1577 ἐν
480 1526 549 1596 τῇ
577 1520 750 1599 ἡμέρᾳ
796 1526 894 1588 τῆς
951 1529 1195 1600 κρίσεως,
1254 1523 1384 1600 πρὸς
1438 1524 1527 1577 τὸν
1572 1522 2042 1601 ἐνανθρωπήσαντα

394 1605 664 1688 δηλονότι,
723 1608 805 1665 δτι
860 1612 948 1666 καὶ
998 1610 1152 1672 αὒτός
1211 1609 1351 1667 ἔστιν
1421 1614 1449 1667 6
1494 1611 1690 1691 χρίνων
1750 1613 1884 1667 κατᾶ
1947 1613 2045 1680 τὴν

2147 537 2294 599 mihi
2312 539 2590 620 quiddam
2618 541 3008 603 manifestavit
3038 551 3325 618 sermo,et
3357 544 3467 604 hoc
3489 559 3628 620 ergo
3653 560 3784 621 pro-

2138 645 2375 705 ponam:
2398 631 2553 708 quod
2572 630 2669 709 qui
2694 630 2816 691 haec
2838 631 3217 701 conﬁtentur,
3243 631 3417 692 etiam
3444 638 3782 691 manentem

2136 715 2196 775 in
2228 715 2440 796 seipsis
2464 716 2679 778 habent
2699 715 3139 798 Spiritum,sive
3158 720 3341 781 Deum
3357 728 3415 780 et
3438 719 3615 798 hujus
3628 718 3783 780 dona

2136 803 2489 884 spiritualia,
2509 814 2565 865 et
2582 805 2693 885 ipsi
2716 807 2774 866 iu
2789 809 2909 869 Deo
2926 816 3181 868 manent.
3195 807 3263 869 Et
3286 809 3396 870 hoc
3419 826 3536 869 non
3557 814 3781 869 temere

2141 893 2413 967 dicimus,
2450 895 2550 955 sed
2579 894 2747 956 ﬁrma
2768 896 3101 974 cognitione
3124 905 3186 960 et
3212 898 3327 958 ﬁde
3380 915 3484 977 per
3513 903 3779 957 mutuam

2141 981 2515 1045 charitatein.
2550 985 2721 1044 Facta
2752 994 2945 1045 autem
2980 984 3283 1047 charitatis
3313 984 3639 1059 mentione,
3676 1003 3780 1045 re-

2139 1069 2249 1131 fert
2272 1089 2508 1152 quoque
2540 1072 2739 1132 omnia
2770 1092 2898 1154 qua)
2927 1073 2999 1134 de
3029 1073 3776 1152 charitatedixit,magnam

2143 1158 2319 1218 ﬁdem
2358 1160 2622 1220 tribuens
2652 1161 2915 1222 sermoni
2944 1161 3043 1243 qui
3076 1171 3167 1223 est
3194 1163 3268 1223 de
3298 1161 3607 1225 charitate.
3649 1185 3669 1219 α
3709 1160 3774 1223 In

2141 1246 2253 1307 hoc
2287 1249 2544 1326 perfecta
2577 1257 2665 1310 est
2695 1250 2973 1313 Charitas.
3013 1274 3034 1307 ι)
3063 1249 3223 1325 Vult,
3251 1250 3463 1330 inquit,
3499 1270 3605 1312 nos
3639 1269 3772 1330 per-

2132 1334 2315 1396 fectos
2349 1355 2479 1398 esse
2509 1339 2567 1398 in
2600 1338 2907 1411 charitate,
2943 1347 3004 1399 ut
3047 1338 3322 1400 ﬁduciam
3359 1338 3685 1400 habeamus
3715 1338 3778 1400 in

2129 1422 2226 1484 die
2242 1424 2479 1503 judicii,
2515 1444 2655 1505 erga
2686 1445 2818 1489 eum
2850 1426 3128 1488 videlicet
3157 1427 3255 1507 qui
3281 1428 3620 1489 incarnatus
3650 1436 3769 1488 est:

2128 1514 2403 1592 quoniam
2433 1523 2490 1575 et
2519 1515 2841 1595 ipsejudex
2863 1515 3165 1596 erit.juxta
3188 1516 3372 1596 ipsius
3394 1516 3770 1597 sententiam,

2131 1618 2246 1679 qua
2276 1601 2358 1661 ait
2387 1623 2400 1659 ε
2434 1606 2643 1662 «Pater
2675 1604 2976 1665 neminem
3005 1605 3256 1684 judicat,
3287 1604 3389 1664 sed
3417 1623 3591 1665 omne
3616 1605 3751 1684 judi

394 1699 552 1754 αὖτοῦ
608 1697 919 1778 ἀπόφανσιν,
981 1700 1102 1778 τὴν,
1133 1697 1213 1755 ὅτι
1248 1723 1267 1753 ε
1335 1690 1391 1756 Ὀ
1451 1700 1633 1779 Πατὴρ
1690 1698 1870 1759 οὐδένα
1925 1702 2038 1781 κρί-

2127 1689 2282 1749 cinm
2318 1690 2481 1781 dedit
2512 1691 2784 1781 Filio98.»
2820 1692 2890 1781 Et
2911 1693 3069 1772 quod
3098 1711 3242 1772 erga
3275 1711 3409 1754 eum
3450 1692 3548 1773 qui
3574 1694 3775 1756 incar—

392 1808 494 1859 νει,
540 1785 677 1843 ἀλλά
718 1790 815 1855 τὴν
871 1788 1035 1864 κρίσιν
1094 1788 1287 1844 ἅπασιν
1345 1779 1537 1845 δέδωκε
1594 1795 1670 1864 τῷ
1716 1793 1841 1865 Υἶῷ.
1881 1814 1907 1845 ιι
1946 1793 2038 1849 Καὶ

2129 1787 2296 1839 natus
2321 1790 2408 1842 est
2431 1780 2627 1841 futura
2650 1780 2724 1842 sit
2753 1780 2921 1841 nobis
2948 1781 3545 1861 ﬁducia,signiﬁcavit
3576 1800 3684 1862 per
3705 1800 3774 1844 ea

392 1874 481 1931 ὅτε
510 1878 643 1955 πρὸς
670 1879 761 1933 τὸν
788 1879 1261 1955 ἒνανθρωπήσαντα
1303 1880 1336 1945 ἡ
1386 1876 1648 1957 παῤῥησία
1678 1882 1737 1952 ἡς.
1757 1891 1812 1935 ’ίν
1870 1879 2036 1951 ἔσται,

392 1961 626 2034 ἐδήλωσε
654 1963 738 2021 διὰ
786 1972 891 2022 τῶν
934 1966 1208 2040 ὶπομένων
1253 1968 1437 2034 εἰπὼν,
1486 1967 1567 2023 ὅτι
1622 1970 1804 2032 Καθῶς
1835 1968 2039 2034 ἐκεῖνός

390 2052 523 2126 ἐστι,
585 2055 673 2110 καὶ
727 2056 890 2129 ἡμεῖς
949 2055 1105 2131 ἐσμεν
1165 2054 1220 2111 ἐν
1262 2060 1338 2129 τῷ
1394 2055 1581 2130 κόσμεει
1636 2057 1826 2130 τούτῳ,
1890 2068 2039 2116 τοῦτο

390 2140 586 2223 λέγων,
647 2141 1184 2223 προαποδεδειγμένου
1254 2144 1335 2201 ὅτι
1395 2149 1422 2201 6
1481 2147 1607 2208 Θεὸς
1653 2149 1709 2201 ἒν
1760 2147 1896 2219 ἡμῖν
1952 2148 2038 2203 καὶ

387 2233 550 2301 ἡμεῖς
581 2230 635 2286 ἐν
677 2231 837 2306 αὒτῷ,
874 2234 935 2288 τὸ
977 2232 1201 2305 τέλειον,
1248 2235 1399 2314 φησὶ,
1435 2234 1524 2290 καὶ
1556 2234 1763 2298 ἑαυτοῖς
1812 2236 2036 2313 ἒπιμαρ·

386 2318 645 2397 τυρόμεθα
717 2326 816 2388 τῆς
874 2321 1108 2399 ἀγάπης.
1181 2314 1267 2385 ἠς
1340 2323 1430 2379 οὖν
1487 2323 1690 2388 ἐκεῖνος
1738 2326 1805 2392 ἧν
1853 2323 1906 2379 ἐν
1960 2329 2037 2397 τῷ

385 2408 575 2484 κόσμῳ
604 2407 825 2484 ἄμωμος
854 2413 941 2466 καὶ
997 2413 1244 2490 καθαρὸς,
1289 2409 1369 2467 διὸ
1424 2412 1511 2469 καὶ
1568 2410 1770 2488 ἔλεγεν,
1828 2435 1852 2467 ιι
1893 2400 2033 2492 ’Ἐρ-

385 2523 543 2580 χεται
574 2504 601 2557 6
634 2502 815 2582 ἅρχων
845 2511 937 2560 τοῦ
982 2505 1184 2578 κόσμου
1238 2504 1449 2577 τούτου,
1499 2506 1587 2560 καὶ
1644 2504 1696 2559 ἐν
1728 2505 1843 2580 ἐμοὶ
1873 2507 2033 2585 εὑρή-

386 2610 470 2645 σει
538 2588 680 2647 οωέν
717 2611 730 2625 ·
785 2614 807 2647 ιι
870 2591 1007 2648 οὕτω
1034 2595 1122 2648 καὶ
1170 2594 1333 2667 ἡμεῖς
1361 2594 1585 2667 ὶσόμεθκ
1634 2593 1687 2649 ἐν
1718 2600 1794 2667 τῷ
1827 2595 2030 2669 κόσμῳ,

392 2681 544 2758 φησί.
621 2683 692 2737 Τὸ
763 2681 886 2759 γὰρ,
928 2680 1038 2736 ἔστι
1097 2682 1183 2737 καὶ
1251 2681 1432 2755 ἐσμὲν,

530 2770 539 2789 ν
730 2782 782 2800 -_
924 2771 937 2787 φ
1064 2774 1089 2785 ~
1303 2776 1326 2786 ν
1376 2768 1399 2787 ν
1591 2770 1605 2793 ι
1789 2771 1801 2793 ι
1914 2774 1923 2788 ο

385 2790 608 2848 χρονίαν
663 2790 864 2841 κε..αι,
911 2793 985 2832 ως
1028 2792 1096 2846 τῃ
1153 2777 1333 2850 Γραφῃ
1378 2773 1510 2840 εθος,
1572 2773 1608 2838 ἡ
1677 2772 1955 2851 βαθυτερον
1984 2793 2037 2828 τι

384 2859 632 2932 σημαίνει
705 2857 789 2913 διὰ
846 2858 1051 2915 τούτου.
1154 2858 1355 2937 Εἴρηκε
1445 2860 1543 2937 γὰρ
1615 2858 1899 2935 πολλάκις,
1957 2861 2038 2920 ὅτι

381 2947 547 3016 ἡμεῖς
577 2949 631 3002 ἒν
675 2954 751 3021 τῷ
783 2952 919 3021 Θεῷ,
963 2949 1050 3003 καὶ
1081 2950 1108 3003 6
1167 2949 1295 3010 Θεὸς
1357 2948 1411 3003 ὲν
1442 2950 1600 3023 ἡμῖν,
1645 2950 1699 3006 Εἰ
1743 2951 1830 3005 οὖν
1858 2957 2027 3013 τοῦτο.

382 3034 584 3112 ἀγνῶς,
613 3033 666 3090 δὲ
721 3037 926 3098 ἒκεϊνός
983 3034 1123 3092 ἔστιν
1169 3036 1221 3091 έν
1278 3036 1438 3115 ἡμῖν,
1501 3036 1788 3113 τουτέστιν,
1824 3037 2031 3115 ἁγνείας

1518 2680 1634 2748 ἤτοι
1691 2684 1826 2738 κατὰ
1885 2685 2036 2739 ἀντι-

2125 1886 2255 1946 quae
2275 1867 2336 1929 in
2369 1868 2757 1948 sequentibus
2778 1869 2949 1943 dixit,
2983 1869 3138 1950 quod
3171 1870 3325 1932 sicut
3354 1870 3454 1930 ille
3481 1879 3636 1932 estet
3665 1888 3776 1933 uos

2123 1973 2327 2015 sumus
2359 1956 2418 2017 in
2453 1958 2563 2017 hoc
2590 1957 2900 2031 mundo,id
2933 1959 3180 2021 dicens:
3207 1957 3352 2020 Cum
3389 1966 3559 2019 antea
3579 1968 3774 2020 osten-

2123 2061 2253 2104 sum
2287 2045 2362 2106 sit
2394 2043 2579 2107 Deum
2614 2047 2673 2106 in
2707 2046 2901 2121 nobis,
2937 2055 2996 2108 et
3026 2066 3132 2108 nos
3156 2048 3216 2107 in
3250 2047 3369 2109 Deo
3403 2065 3555 2126 esse,
3584 2047 3767 2127 perfe-

2122 2132 2413 2213 ctionem,
2445 2134 2655 2214 inquit,
2690 2135 2996 2197 charitatis
3029 2135 3199 2197 nobis
3225 2136 3368 2216 ipsis
3398 2144 3769 2201 atteSIamur.

2122 2217 2631 2290 Quemedmodum
2651 2241 2789 2302 ergo
2804 2222 2904 2283 ille
2920 2222 2977 2283 in
2994 2222 3213 2284 mundo
3227 2221 3773 2302 irreprebensibilis

2121 2315 2331 2370 eratac
2357 2310 2701 2388 purus.ideo
2720 2329 2952 2391 quoque
2973 2310 3226 2371 dicebat:
3261 2310 3473 2372 «Venit
3495 2309 3772 2389 princeps

2119 2396 2323 2458 mundi
2352 2399 2613 2478 bujus,et
2636 2399 2693 2459 in
2717 2400 2975 2461 meuihil
3003 2400 3345 2462 inveniet99:
3386 2425 3412 2456 ιι
3450 2402 3528 2461 ita
3558 2408 3615 2459 et
3638 2416 3766 2474 nos,

2117 2486 2560 2566 inquit,erimus
2593 2489 2650 2549 in
2672 2488 3069 2550 mundo.Nam
3095 2489 3208 2551 Est
3230 2498 3283 2551 et
3305 2489 3530 2551 Sumus
3546 2506 3652 2568 per
3671 2489 3769 2545 ἆν-

2117 2578 2389 2656 τιχρονίκι
2415 2586 2713 2657 ponuntur
2748 2577 2886 2659 (qua
2913 2586 3145 2657 tempus
3172 2596 3353 2639 unum
3387 2577 3638 2638 sumitur
3665 2593 3769 2655 pro

2119 2665 2233 2725 alio
2268 2666 3073 2747 tempore)velutiScriptura3
3106 2670 3283 2727 moris
3328 2673 3436 2728 est.
3483 2666 3599 2726 Aut
3628 2684 3767 2747 pro-

2120 2752 2360 2815 fundius
2383 2754 2600 2835 aliquid
2625 2773 2730 2835 per
2761 2756 2872 2816 hoc
2903 2754 3216 2833 signiﬁcat.
3256 2754 3413 2816 Dixit
3442 2757 3599 2816 enim
3642 2753 3766 2815 fre-

2123 2845 2557 2923 quenter,quod
2583 2843 2740 2905 Deus
2756 2844 2901 2905 sitin
2919 2843 3087 2905 nobis
3105 2844 3355 2905 etnosin
3389 2844 3510 2907 Deo
3559 2843 3620 2904 Si
3653 2844 3768 2905 hoe

2125 2931 2301 3009 igitur
2326 2933 2543 3012 est,tlle
2565 2942 2758 2993 autem
2780 2942 2982 2995 sancte
3007 2936 3062 2994 in
3087 2933 3769 3008 uobisest,hocest,san-

2052 3007 2092 3058 C
2117 3007 2329 3081 ctitatis
2352 3007 2464 3081 dux
2485 3031 2541 3082 et
2558 3022 2837 3102 princeps
2864 3040 2877 3085 :
2902 3022 2981 3082 ita
3000 3031 3056 3082 et
3079 3042 3185 3083 nos
3210 3007 3403 3102 ipsum
3434 3023 3763 3083 referamus

378 3126 517 3197 ἡμῖν
549 3125 828 3204 ὑφηγητὴς
871 3125 958 3181 καὶ
1013 3124 1279 3204 ὕπαρχος,
1333 3124 1469 3181 οὕτω
1525 3128 1611 3180 καὶ
1668 3127 1831 3199 ἦμες
1877 3127 2030 3183 αὔτὸν

2122 3108 2173 3167 in
2210 3110 2321 3169 hoc
2354 3111 2573 3171 mundo
2595 3121 2796 3172 sancte
2828 3130 2894 3172 ac
2930 3130 3074 3190 pure
3106 3112 3320 3173 mortui
3359 3112 3767 3183 mundo,sem-

380 3212 741 3293 περιφέρωμεν
771 3213 824 3269 ἐν
855 3220 929 3286 τῷ
970 3214 1159 3287 κόσμῳ
1216 3214 1403 3287 τούτῳ,
1482 3214 1655 3291 ἀγνῶς
1711 3215 1803 3270 καὶ
1859 3220 2029 3272 καθαι-

2122 3214 2220 3277 per
2277 3198 2465 3278 ipsius
2513 3200 3026 3261 mortificationem
3057 3201 3115 3261 in
3150 3218 3399 3280 corpore
3440 3200 3761 3261 circumfe-

451 3269 580 3293 ιιι
646 3269 655 3287 ι
903 3269 913 3286 ι
1073 3269 1083 3287 ι
1132 3269 1141 3285 ι
1357 3269 1403 3287 ,ι
1531 3269 1540 3291 ,
1639 3269 1652 3278 .
1735 3269 1741 3270 κ

379 3308 509 3381 ρῶς,
552 3304 829 3359 τεθνεῶτες
862 3308 936 3376 τῷ
979 3303 1186 3377 κόσμῳ,
1238 3302 1462 3358 πάντοτε
1506 3303 1606 3370 τὴν
1649 3303 1901 3381 νέκρωσιν
1946 3308 2034 3362 αὒ-

2122 3269 2549 3350 reittesi.Porro
2566 3287 3071 3368 ita,inquit,vitam
3096 3269 3471 3367 degentes,et
3486 3288 3761 3349 ﬁduciam

377 3396 472 3446 τοῦ
502 3389 554 3446 ἐν
597 3397 674 3464 τῷ
715 3391 923 3465 σώματι
973 3390 1360 3470 περιφέροντες.
1412 3391 1560 3449 Οὕτω
1604 3389 1657 3446 δὲ
1683 3393 2028 3473 βιοτεύοντες,

2122 3371 2469 3435 habebimus
2500 3393 2638 3453 erga
2666 3375 2953 3456 ipsum,et
2982 3378 3208 3457 absque
3240 3378 3452 3438 timore
3481 3386 3617 3436 tum:
3639 3375 3763 3436 eri-

377 3480 509 3559 ιρησὶ
540 3477 998 3557 παρῤησιασόμεθά
1041 3501 1097 3536 τε
1154 3482 1285 3559 πρὸς
1331 3483 1510 3553 αὐτὸν,
1546 3482 1632 3536 καὶ
1675 3479 1835 3561 φόϐου
1892 3504 2027 3537 πανο

2122 3460 2586 3567 mus.Siquidem
2615 3464 2825 3564 petet-ti
2851 3463 2911 3523 in
2943 3465 3230 3567 charitate
3261 3482 3370 3543 per
3402 3465 3765 3567 bonanopera

376 3568 469 3630 τὸς
520 3566 669 3630 ἐκτὸς
699 3568 817 3623 τότε
852 3567 1097 3641 ἐσόμεθα.
1133 3568 1541 3644 Τετελειωμὲνοι
1583 3568 1682 3647 γὰρ
1713 3567 1765 3622 ὲν
1795 3574 1862 3645 τῇ
1891 3568 2029 3646 ἀγά-

2122 3552 2318 3631 procul
2345 3552 2564 3647 erimus
2593 3570 2638 3647 a.
2661 3552 2896 3615 timore.
2947 3553 3088 3615 595
3116 3555 3202 3643 ,ΕΙ
3236 3555 3413 3635 hujus
3444 3553 3764 3647 conﬁrma-

378 3676 458 3729 πῃ
488 3652 568 3709 διὰ
597 3659 699 3710 τῶν
740 3655 949 3732 ἀγαθῶν
983 3654 1170 3734 ἔργων,
1202 3655 1380 3735 πόρῥω
1422 3664 1514 3712 τοῦ
1575 3653 1738 3735 φόϐοηι
1781 3656 2025 3731 ἐσόμεθα.

2122 3640 2691 3740 tionemfubjungit,
2735 3661 2948 3740 nempe
2978 3640 3136 3724 quod
3194 3645 3455 3740 perfecta
3505 3643 3761 3740 charitas

380 3745 480 3801 Καὶ
522 3743 753 3824 ἐπιφέρει
798 3746 982 3805 τούτου
1030 3749 1357 3804 πιστωτικὸν
1408 3749 1495 3824 τὸ,
1528 3745 1607 3802 ὅτι
1656 3747 1689 3813 ἡ
1721 3744 1875 3802 τελέα
1905 3746 2031 3823 ἀγά-

2122 3728 2268 3789 l‘uras
2299 3728 2458 3808 ejicit
2489 3730 2785 3793 timorem.
2813 3729 2997 3802 Quem
3031 3743 3227 3795 autem
3263 3732 3532 3793 timorem
3553 3731 3583 3789 ‘?
3625 3729 3760 3811 Ipse

375 3855 456 3899 πη
487 3832 584 3898 ἔξω
604 3832 787 3909 βάλλει
816 3837 908 3891 τὸν
936 3832 1095 3914 φόϐον
1130 3855 1146 3916 ς
1180 3842 1344 3894 Ποῖον
1388 3835 1442 3892 δὲ
1474 3833 1634 3915 φόϐον
1660 3835 1813 3900 αὐτός
1845 3858 2026 3913 φησιν,

2122 3816 2256 3879 dicit
2284 3818 2438 3916 qupd
2470 3819 2747 3898 supplicii
2804 3830 3027 3881 metum
3072 3842 3085 3884 :
3117 3821 3407 3899 contingit
3454 3821 3612 3881 enim
3646 3820 3760 3881 ali-

378 3920 462 3977 ὅτι
489 3924 580 3978 τὸν
608 3921 948 3985 κολαστικόν.
986 3913 1186 3981 ’Ἔσται
1218 3926 1315 4002 γάρ
1346 3948 1462 3981 τινα
1487 3927 1576 3981 καὶ
1605 3924 1814 4003 ἀγαπᾷν
1837 3922 1919 3980 διὰ
1942 3924 2032 4004 φό-

2122 3924 2289 3987 quem
2324 3906 2567 3986 diligere
2598 3918 2844 3989 prepter
2866 3920 3196 3987 metum,ne
3230 3912 3525 3992 puniatur:
3557 3929 3759 3972 verum

378 4008 473 4066 εον
500 4018 593 4067 τοῦ
634 4010 979 4080 κολασθῆναι,
1015 4016 1177 4078 Οὗτος
1221 4013 1275 4070 δὲ
1308 4017 1334 4071 6
1366 4012 1526 4094 φόϐος
1572 4018 1631 4072 οὗ
1674 4014 2028 4087 τετελείωται,

2122 3997 2212 4094 hic
2245 4007 2434 4059 metus
2461 4018 2584 4094 non
2623 4009 2712 4094 est
2760 4002 3076 4081 perfectus,
3127 4002 3184 4063 id
3215 4010 3326 4076 est,
3357 4021 3472 4094 non
3500 4012 3760 4094 estper-

378 4101 670 4180 τουτέστιν,
716 4106 774 4160 οὔ
829 4107 926 4169 τῆς
965 4101 1168 4166 τελείας
1230 4104 1366 4160 ἐστὶν
1443 4104 1678 4182 ἀγάπης.
1726 4109 1899 4160 Ταῦτα
1957 4103 2031 4157 εὶ-

2122 4085 2282 4182 fectae
2311 4088 2747 4182 cliaritatileis
2798 4092 2876 4182 de
2922 4091 3183 4182 perfecta
3228 4090 3759 4182 charitatedictis,

379 4189 559 4267 Ρηκὼς
611 4176 725 4268 πέρῖ
780 4195 878 4258 τῆς
924 4190 1126 4253 τελείας
1195 4192 1433 4269 ἀγαπης,
1492 4176 1600 4248 ,καὶ
1691 4213 2031 4268 καταναγκα-

2122 4176 2411 4237 convincit
2436 4178 2678 4238 omnino
2710 4180 2863 4259 quod
2912 4181 3238 4242 debeamus
3269 4180 3455 4242 Deum
3487 4179 3758 4259 diligere,

380 4283 573 4351 σ-εικῶς
638 4276 889 4335 δείκνυσιν
948 4282 1020 4345 ὡς
1089 4280 1383 4361 ὠφείλομεν
1441 4282 1659 4360 ἀγαπᾷν
1732 4283 1820 4337 τὸν
1877 4282 2027 4354 Θεὸν,

2122 4265 2394 4344 quoniam
2428 4265 2556 4347 ipse
2590 4267 2771 4346 prior,
2807 4269 3021 4350 inquit,
3051 4270 3255 4332 dilexit
3288 4289 3417 4331 nos.
3460 4268 3760 4330 Debemus

378 4366 461 4422 ὃτι
504 4368 590 4423 καὶ
631 4370 813 4448 αὖτὸς,
859 4369 1011 4449 φησὶ,
1073 4358 1278 4449 πρῶτος
1322 4358 1604 4451 ἠγάπησεν
1649 4372 1813 4445 ἡμᾶς.
1856 4358 2031 4450 Ὀφεί-

377 4453 542 4530 λομεν
600 4455 655 4513 δὲ
725 4458 815 4513 τὸν
886 4454 1329 4537 προκατάρχόντα
1383 4464 1522 4534 ἡμῖν
1598 4459 1793 4536 ἀγαθοῦ
1862 4480 2033 4518 σπου-

376 4541 650 4622 δαιότερον
717 4547 847 4623 πρὸς
918 4548 1018 4614 τὴν
1075 4545 1403 4622 ἀνταμοιϐᾐν
1479 4548 1664 4604 τούτου
1738 4546 2031 4623 ἐπείγεσθαι

377 4633 467 4687 καὶ
521 4634 705 4707 ἡμεῖς,
768 4633 946 4712 ὥσπερ
1019 4635 1264 4713 ἀνωτέρω
1306 4633 1723 4714 διεξοδικώτερον
1752 4636 1888 4710 ἡμῖν
1945 4632 2029 4689 εἷ’-

378 4742 558 4799 ρηται,
616 4720 914 4793 Ἐζήτησαν
943 4720 997 4779 δέ
1045 4745 1180 4787 τινες
1253 4731 1366 4790 πῶς
1403 4727 1489 4781 τοῦ
1549 4722 1703 4780 Δαυὶδ
1760 4722 2031 4801 λέγοντος,

386 4833 407 4863 ι
447 4806 722 4879 Φοϐήθητε
770 4812 858 4867 τὸν
922 4813 1107 4890 Κύριον
1177 4816 1367 4880 πάντες
1425 4816 1471 4871 οἱ
1530 4814 1669 4891 ἅγιοι
1729 4815 1905 4886 zzz-3106,
1953 4812 2032 4867 ὅτι

378 4900 475 4956 οὒκ
529 4898 669 4955 ἔστιν
725 4900 994 4976 ὺςτέρημα
1051 4915 1168 4965 τοῖς
1224 4902 1567 4983 φοϐουμένοις
1641 4904 1817 4973 αὖτῦν,
1856 4925 1881 4954 »
1946 4908 2032 4957 νῦν

379 4987 530 5050 οὗτός
557 5010 740 5067 φησιν,
782 5014 803 5045 ι
845 4983 906 5045 Ἠ
954 4991 1129 5046 τελεία
1174 4991 1355 5069 ἀγάπη
1415 4990 1512 5056 ἔξω
1566 4989 1749 5067 βάλλει
1807 4991 1897 5044 τὸν
1926 4988 2028 5070 φόι-

375 5074 492 5133 ϐον.
529 5096 559 5134 1»
623 5079 696 5134 0-5
737 5076 905 5149 δήπου
960 5080 1060 5157 γὰρ
1117 5083 1163 5137 οἱ
1220 5079 1360 5160 ἅγιοι
1408 5083 1503 5137 τοῦ
1561 5078 1692 5135 Θεοῦ
1731 5077 2029 5135 τετελείων-

375 5187 464 5222 ται
514 5164 566 5220 ἐν
620 5170 689 5241 τῇ
743 5166 951 5245 ἀγάπῃ,
1013 5170 1099 5232 οἷς
1154 5170 1215 5224 τὸ
1281 5166 1555 5248 φοϐεῖσθαι
1617 5168 2026 5245 προστάσσεται.

375 5255 564 5328 Φαμὲν
608 5255 697 5310 οὖν
728 5257 798 5319 ὡς
831 5253 996 5321 διττός
1043 5255 1182 5312 ἔστιν
1213 5260 1240 5313 6
1269 5256 1451 5338 φόϐος.
1508 5248 1564 5315 Ὀ
1625 5255 1723 5332 μὲν
1783 5277 2021 5334 προκατ-

378 5344 615 5419 αρτικός,
688 5344 744 5407 ὃς
804 5347 889 5400 καὶ
947 5343 1228 5423 σύνδρομον
1299 5345 1599 5426 ἒπιφὲρεται
1645 5344 1746 5413 τὴν
1805 5342 2025 5401 κόλασιν

375 5427 462 5484 διὰ
489 5431 556 5486 τὰ
613 5433 958 5511 πεπραγμένα
1005 5436 1145 5509 αὗτῷ
1202 5433 1362 5515 δεινὰ,
1412 5437 1501 5492 τοί
1545 5435 1859 5515 προσιόντος
1910 5439 2027 5508 Θεῷ

2117 4363 2337 4429 autem,
2369 4373 2498 4416 cum
2532 4354 2634 4415 ille
2685 4357 2854 4418 nobis
2912 4360 3074 4439 prior
3119 4360 3297 4421 fuerit
3328 4359 3466 4420 boni
3497 4357 3755 4431 initium,

2116 4444 2416 4505 studiosus
2448 4452 2504 4504 et
2526 4464 2632 4506 nos
2655 4446 2796 4506 eniti
2821 4447 2891 4508 ad
2912 4445 3758 4527 repensionem,quemadmo-

2116 4533 2253 4593 dum
2285 4532 2559 4612 superius
2583 4557 2613 4594 a
2645 4535 2815 4596 nobis
2843 4537 3017 4597 latius
3051 4538 3271 4598 dictum
3303 4546 3411 4597 est.
3460 4533 3758 4607 Quaesive-

2113 4629 2250 4681 runt
2278 4629 2471 4681 autem
2507 4623 2771 4684 nonnulli
2804 4626 3122 4705 quomodo,
3158 4645 3290 4687 cum
3336 4624 3512 4686 David
3546 4623 3701 4684 dicat
3738 4639 3752 4684 :

2123 4710 2383 4772 «Timete
2404 4708 2962 4786 Dominum,omnes
2985 4717 3170 4776 sancti
3203 4713 3640 4794 ejus,quoniam
3658 4711 3754 4772 ni-

2118 4799 3085 4878 hildeesttimentibuseum2,nhic
3110 4804 3416 4865 nondicit:
3448 4799 3759 4861 «Perfecta
3838 4840 3848 4846 -

2115 4888 2371 4950 Charitas
2399 4888 2556 4950 foras
2579 4890 2740 4969 cjicit
2763 4891 3060 4953 timorem.
3098 4895 3355 4954 «Annon
3385 4909 3523 4969 ergo
3566 4888 3756 4949 sancti

2113 4977 2218 5039 Dei
2243 4977 2482 5056 perfecti
2516 4983 2730 5039 suntin
2756 4980 3286 5062 rharitate,quibus
3327 4979 3572 5059 jubetur
3592 4986 3654 5038 ut
3678 4978 3740 5037 ti-

2114 5064 2342 5128 meant?
2361 5064 2702 5128 Etdicimus
2725 5069 3022 5149 duplicem
3070 5089 3199 5131 esse
3235 5071 3508 5129 timorem
3546 5087 3559 5127 :
3607 5067 3758 5127 alter

2113 5155 2352 5237 quidem
2372 5153 2613 5215 initialis
2629 5155 3750 5237 est,quietcomitemaﬁ'ertcruciatum,

2114 5253 2353 5326 prepter
2375 5243 2527 5303 mala
2555 5263 2589 5304 a
2611 5263 2675 5305 se
2707 5258 3033 5329 perpetrata
3060 5266 3072 5311 :
3099 5248 3345 5309 timente
3392 5265 3460 5308 eo
3505 5244 3645 5326 quia
3683 5245 3755 5306 ad

2108 5336 2293 5398 Deum
2317 5331 2636 5405 accedit,et
2653 5346 2967 5415 propterea
2990 5338 3315 5399 accedente
3352 5355 3425 5397 ne
3453 5334 3749 5416 puniatur,

2111 5435 2169 5490 et
2198 5423 2294 5486 hic
2348 5420 2587 5503 quidem
2636 5423 2879 5487 initialis
2939 5437 3052 5491 est.
3091 5431 3268 5490 Porro
3302 5426 3621 5510 perfectus,
3656 5422 3757 5486 tali

458 5587 525 5639 98
550 5585 719 5654 Joan.
754 5607 812 5667 v,
844 5590 943 5653 ‘22.
1028 5592 1093 5643 99
1118 5596 1289 5655 Joan.
1322 5611 1444 5676 xiv,
1480 5593 1581 5659 30.
1618 5594 1637 5637 ¹
1667 5593 1692 5657 Ι
1720 5597 1857 5660 Cor.
1896 5608 1979 5670 1v,
2015 5584 2038 5654 i

2150 5588 2178 5632 Ξ
2208 5586 2365 5653 Psal.
2399 5599 2607 5666 χχχιιι,
2646 5585 2740 5650 10.
