4192 6212
407 355 516 419 671

1522 354 1934 420 OECUMENII
1978 347 2273 414 TRICCE
2314 351 2648 415 EPISCOPI

3664 353 3783 418 67‘2

408 485 622 548 timore
651 485 940 549 liberatus
969 494 1080 558 est,
1125 486 1380 569 ideoque
1439 494 1677 548 sanctus
1732 485 1959 549 dicitur
1989 492 2045 548 et

2132 479 2477 562 φοϐουμένου,
2533 485 2621 541 καὶ
2675 481 2759 546 διὰ
2812 490 2977 541 ταῦτα
3032 484 3339 563 προσιόντος
3394 486 3487 544 ἵνα
3543 488 3617 564 μθ·
3676 511 3781 546 κο-

410 592 769 654 permanens
798 575 859 637 in
886 575 1167 638 saeculum
1201 575 1400 638 saeculi
1435 593 1448 607 ·
1485 595 1619 637 nam
1653 597 1682 635 ‹
1707 574 1911 638 Timor
1941 578 2052 639 Do-

410 663 556 725 mini
585 673 847 743 sanctus,
878 665 1089 744 inquit,
1124 673 1429 745 permanet
1454 664 1512 725 in
1546 663 1823 727 saeculum
1856 682 2049 726 saecu-

408 751 495 826 lis
529 771 541 815 :
581 778 606 808 υ
644 771 776 814 cum
806 751 1050 814 initialis
1072 772 1269 834 neque
1303 761 1543 815 sanctus
1582 753 1658 814 sit
1690 770 1882 833 neque
1907 771 2048 834 per-

413 850 667 911 maneat,
723 841 826 902 sed
877 841 937 902 in
988 841 1246 922 perfecta
1296 842 1580 904 cbaritate
1630 860 1760 904 esse
1793 842 2042 906 desinat.

408 929 548 1002 Quis
576 930 750 1010 igitur
784 937 841 991 et
872 930 1262 1012 propterquid
1279 930 1495 993 dicitur
1527 930 2050 1009 perfectustimor‘?

406 1016 517 1090 Qui
549 1037 617 1078 eo
650 1018 804 1098 quod
841 1020 1097 1099 perfecte
1129 1022 1186 1081 in
1220 1021 1567 1082 charitatem
1598 1029 1934 1102 assumptus
1950 1019 2044 1097 sit,

411 1116 657 1168 conatur
681 1125 748 1168 ac
774 1117 1015 1169 veretur
1046 1128 1121 1171 ne
1144 1109 1287 1190 quid
1330 1111 1444 1170 silli
1470 1110 1629 1171 desit
1677 1128 1881 1171 eorum
1918 1128 2050 1191 quae

407 1195 585 1258 decet
616 1195 750 1257 illos
773 1198 1007 1275 operari
1040 1217 1178 1278 erga
1202 1199 1507 1272 dilectum,
1539 1199 1639 1281 qui
1668 1200 2053 1260 vehementer

406 1284 681 1364 diligunt.

487 1461 585 1533 IV,
614 1465 830 1527 18-21.
870 1463 1072 1527 Timor
1100 1482 1222 1526 non
1242 1474 1334 1533 est
1374 1467 1437 1528 in
1468 1467 1893 1549 charitate,sed
1907 1486 2051 1548 per-

408 1551 569 1628 lecta
593 1551 860 1615 charitas
887 1556 1058 1631 foras
1085 1556 1247 1632 eiicit
1280 1557 1563 1617 timorem
1588 1574 1607 1617 :
1640 1561 1931 1637 quoniam
1965 1561 2048 1621 ti—

409 1658 544 1700 mor
571 1644 910 1704 crucialum
935 1643 1133 1706 habet.
1184 1644 1299 1717 Qui
1342 1654 1543 1705 (iurem
1593 1648 1779 1718 timet,
1814 1665 1929 1708 non
1966 1654 2053 1710 est

2132 570 2324 649 λασϐῇ.
2360 574 2457 631 Καὶ
2478 575 2627 637 οὗτος
2672 572 2769 649 μὲν
2825 576 2854 630 6
2911 575 3380 655 προκαταρκτικός.
3458 567 3516 636 Ὀ
3572 574 3626 633 δὲ
3680 597 3776 634 τε-

2132 658 2411 725 λειωτικὸς
2484 659 2629 726 δέους
2700 662 2797 736 μὲν
2850 663 3087 719 τοιούτου
3131 663 3493 735 ἀπήλλακται.
3556 668 3649 723 Διὸ
3691 667 3779 724 καὶ

2133 750 2291 827 ἁγνὸς
2356 748 2591 828 εἴρηται,
2677 752 2765 807 καὶ
2847 750 3108 826 διαμένων
3176 753 3249 817 εἷς
3335 754 3500 810 αἰῶνα
3564 756 3775 819 αἰῶνος.

2138 860 2166 892 α
2235 828 2291 895 “Ο
2322 836 2481 918 φόϐος
2530 840 2653 918 γὰρ,
2707 841 2857 919 φησὶ,
2925 841 3109 919 Κυρίου
3166 840 3323 919 ἀγνὸς
3376 841 3636 920 διαμένων
3705 845 3778 910 είς

2134 926 2297 984 αἶώνα
2325 928 2535 1003 αἰῶνος,
2574 952 2602 983 π
2663 936 2756 984 τοῦ
2812 937 3263 1007 προκαταρκτικοῠ
3307 931 3422 988 οὔτε
3472 932 3633 1011 ἀγνοῦ
3663 931 3777 991 οὔτε

2133 1016 2356 1091 μονίμου
2385 1014 2557 1096 ὄντος,
2592 1014 2710 1073 ἀλλ’
2743 1016 2796 1074 ἐν
2850 1022 2917 1094 τῇ
2947 1016 3121 1089 τελειᾳ
3174 1017 3357 1096 ἀγάπῃ
3415 1020 3772 1084 ἐκλείποντος.

2132 1104 2219 1169 Τίς
2240 1104 2349 1174 οὖν,
2383 1107 2469 1162 καὶ
2496 1104 2578 1163 διὰ
2611 1106 2660 1162 τί
2702 1108 2729 1162 6
2758 1104 3090 1170 τελειωτικὸς
3120 1104 3280 1187 φόϐος
3308 1123 3330 1181 ;
3357 1096 3415 1163 Ὀ
3473 1101 3559 1159 διὰ
3588 1104 3648 1158 τὸ
3678 1123 3773 1158 τεε-

2130 1191 2282 1256 λείως
2328 1195 2400 1257 εἷς
2458 1194 2674 1272 ἀγάπην
2732 1193 3116 1274 ἀναληφθῆναι,
3179 1192 3408 1261 σπουδὴν
3465 1191 3774 1267 ποιούμενος

2132 1282 2209 1355 μὴ
2240 1280 2500 1339 ἐλλειπειν
2528 1304 2579 1338 τι
2611 1286 2751 1358 αὖτῷ
2805 1286 2878 1346 ῶς
2936 1285 3072 1349 εἰκὸς
3101 1284 3189 1342 τὸν
3227 1283 3423 1363 σφόδρα
3482 1282 3768 1359 ἀγαπῶντα

2132 1369 2397 1427 ἐπιτελεῖν
2426 1377 2503 1446 τῷ
2531 1371 2893 1449 ἀγαπωμένῳ,

2219 1480 2244 1514 ί
2278 1457 2449 1522 Φόϐος
2499 1461 2598 1517 οὐκ
2671 1459 2807 1517 ἔστιν
2863 1459 2916 1517 ἐν
2971 1465 3039 1536 τῇ
3081 1459 3285 1539 ἀγάπῃ,
3346 1458 3466 1517 ἀλλ’
3522 1461 3555 1528 ἡ
3605 1457 3777 1517 τελεία

2134 1549 2315 1626 ἀγάπη
2383 1547 2488 1630 ἔξω
2539 1548 2721 1625 βάλλει
2765 1551 2855 1605 τὸν
2917 1546 3100 1627 φόϐον,
3173 1549 3253 1605 ὅτι
3310 1551 3338 1606 6
3395 1546 3547 1630 φόϐοι
3604 1546 3771 1605 κόλα-

2272 1635 2296 1656 si
2477 1628 2489 1648 ι
2628 1635 2670 1656 M
2831 1635 2860 1657 ιο
2904 1638 2916 1658 ι
3199 1638 3212 1657 ν
3412 1628 3419 1630 “

2134 1659 2214 1692 σιν
2273 1658 2412 1716 εχει.
2493 1647 2562 1718 Or
2622 1655 2676 1693 οε
2760 1659 3080 1718 φοοουμενος
3164 1662 3223 1695 ου
3304 1640 3647 1701 τετελείωται
3719 1638 3777 1692 ὲν

407 1730 712 1810 perfectus
742 1732 804 1793 in
836 1733 1150 1795 charitate.
1197 1733 1316 1794 Nos
1346 1734 1673 1813 diligamus
1703 1753 1860 1811 eum,
1897 1755 2042 1816 quo-

2131 1731 2198 1801 τῇ
2267 1727 2472 1803 ἀγάπῃ.
2552 1717 2739 1801 Ἠμετς
2776 1717 2782 1718 ⁷
2824 1726 3115 1803 ἀγαπῶμεν
3198 1728 3375 1797 αὑτὸν,
3471 1728 3551 1782 ὃτι
3622 1725 3776 1790 αὐτὸς

405 1820 568 1881 niam
615 1822 739 1900 ipse
756 1824 928 1900 prior
955 1823 1176 1883 dilexit
1204 1823 1410 1886 nos.Si
1437 1826 1573 1903 quis
1603 1826 1854 1900 dixerit,
1886 1827 2009 1889 Diti
2027 1861 2046 1873 -

403 1926 482 1986 go
515 1909 725 1978 Deum,
759 1919 816 1971 et
846 1913 1115 1986 fratrem
1168 1930 1344 1974 suum
1392 1914 1610 1994 oderit,
1644 1915 1908 1976 mendax
1937 1925 2042 1978 est.

410 2001 524 2069 Qui
566 2001 723 2060 enim
758 2017 877 2062 non
907 2000 1107 2079 diligit
1135 1999 1393 2078 fratrem
1422 2021 1597 2065 suum
1647 2020 1819 2082 quem
1868 2005 2041 2079 vidit,

412 2084 597 2148 Deum
627 2104 803 2166 quem
835 2107 953 2151 non
994 2090 1145 2151 uidit
1194 2091 1491 2169 quomodo
1530 2099 1716 2171 potest
1748 2094 2049 2172 diligere?

402 2175 482 2238 Et
511 2175 618 2238 hoc
646 2186 1014 2257 praeceptum
1040 2177 1326 2241 habemus
1351 2181 1425 2241 ab
1454 2198 1544 2256 eo,
1574 2188 1639 2243 ut
1687 2183 1794 2262 qui
1850 2182 2051 2263 diligit

411 2265 626 2345 Deum,
657 2265 878 2347 diligat
908 2274 966 2329 et
991 2271 1240 2334 fratrem
1266 2286 1463 2331 suum.

484 2440 625 2504 594
652 2442 759 2516 Qui
792 2444 1253 2525 ingenneDeum
1277 2446 1617 2522 diligitmon
1653 2456 2045 2531 proptersup-

409 2529 716 2610 pliciorum
755 2534 964 2607 minas,
1000 2534 1135 2597 facit
1165 2554 1294 2616 quae
1325 2536 1407 2597 illi
1439 2548 1603 2616 grata
1640 2547 1798 2600 sunt.
1831 2537 1936 2599 sed
1967 2529 2041 2599 ob

412 2620 817 2683 vehementem
868 2623 1098 2685 virtutis
1157 2644 1417 2686 amorem
1455 2635 1511 2686 et
1531 2626 1874 2687 charitatem
1907 2645 2046 2704 erga

405 2706 742 2771 Deummon
763 2720 955 2773 tamen
975 2712 1234 2793 seipsum
1260 2722 1446 2775 totum
1473 2714 1848 2776 existimatob
1867 2734 2042 2795 gene-

401 2814 603 2859 rosum
637 2800 1053 2881 timorem,qui
1085 2811 1170 2863 est
1200 2822 1366 2864 arnor
1396 2804 1777 2867 honesti.Aut
1807 2824 2041 2866 rursum

401 2884 563 2973 isqui
585 2887 797 2950 timore
820 2889 1123 2952 incidendi
1156 2892 1215 2953 in
1238 2893 1582 2965 cruciatum,
1616 2892 1836 2973 aliquid
1878 2894 2034 2968 facit,

400 2972 558 3035 idem
589 2985 676 3037 est
700 2996 832 3039 cum
869 2980 1062 3058 priore
1091 3002 1104 3039 :
1131 2980 1262 3042 ideo
1283 2980 1618 3060 subjungit:
1652 2972 1891 3043 «Timor
1908 3002 2041 3046 cru-

2131 1815 2337 1890 πρῶτος
2422 1815 2699 1894 ἠγάπησεν
2753 1817 2920 1890 ἡμας,
2995 1814 3120 1872 Ἐάν
3188 1838 3267 1879 τις
3321 1814 3481 1892 εἴπῃ,
3546 1816 3768 1892 Ἀγαπῶ

2128 1906 2219 1958 τὸν
2293 1906 2442 1985 Θεὸν,
2514 1906 2601 1960 καὶ
2668 1904 2759 1959 τὸν
2817 1902 3038 1984 ἀδελφὸν
3093 1909 3248 1964 αὐτοῦ
3331 1905 3482 1980 μισῆ,
3544 1905 3774 1979 ψεύστης

2128 1991 2290 2053 ἐστιν,
2354 1983 2437 2050 ’0⁷
2469 1992 2568 2071 γὰρ
2628 1993 2705 2067 μὴ
2750 1983 2969 2070 ἀγαπῶν
3045 1995 3135 2048 τὸν
3207 1992 3426 2073 ἀδελφὸν
3496 1993 3649 2049 αὐτοῦ
3717 1993 3774 2049 ὄν

2133 2079 2352 2159 ἑώρακε,
2409 2084 2497 2137 τὸν
2569 2084 2698 2137 Θεὸν
2767 2080 2826 2137 ὅν
2896 2083 2997 2161 οὐχ
3061 2081 3282 2163 ἑώρακε,
3376 2087 3491 2146 πῶς
3562 2079 3772 2138 δύναται

2130 2169 2380 2248 ἀγαπᾷν;
2430 2172 2526 2228 Καὶ
2570 2173 2765 2238 ταύτην
2794 2171 2894 2237 τὴν
2939 2169 3161 2239 ἐντολὴν
3192 2170 3393 2251 ἔχομεν
3454 2170 3548 2226 ἀπ’
3594 2174 3769 2241 αὐτοῦ,

2128 2260 2218 2314 ἵνα
2276 2260 2304 2315 ὃ
2361 2259 2581 2337 ἀγαπῶν
2649 2261 2740 2316 τὸν
2797 2261 2948 2332 Θεὸν,
3010 2258 3190 2337 ἀγαπᾷ
3258 2262 3347 2317 καὶ
3401 2261 3493 2316 τὸν
3549 2256 3767 2339 ἀδελφὸν

2128 2351 2307 2410 αὐτοῦ,
2346 2372 2374 2402 n

2210 2428 2266 2494 (Ο
2297 2439 2527 2515 γνησίως
2555 2437 2777 2515 ἀγαπῶν
2808 2439 2898 2495 τὸν
2929 2440 3081 2518 Θεὸν,
3141 2437 3201 2493 οὒ
3252 2435 3337 2493 διὰ
3392 2440 3493 2505 τὴν
3545 2436 3769 2505 ἀπειλὴν

2124 2532 2230 2581 τῶν
2259 2524 2523 2582 κελάσεων
2554 2539 2700 2583 ποιεῖ
2746 2528 2811 2581 τὰ
2867 2527 3137 2605 θεάρεστα,
3190 2524 3326 2582 ἀλλά
3373 2533 3450 2601 τῷ
3505 2527 3598 2595 τῆς
3644 2529 3772 2606 ἀρε-

2125 2620 2222 2681 τῆς
2253 2614 2470 2695 φίλτρῳ,
2505 2620 2590 2671 καὶ
2611 2622 2687 2691 ’τῇ
2717 2615 2899 2693 ἀγάπῃ
2928 2622 2997 2691 τῇ
3046 2617 3174 2694 πρὸς
3228 2617 3320 2671 τὸν
3367 2618 3517 2690 Θεὸν,
3575 2619 3636 2674 οὗ
3664 2616 3772 2692 μὴν

2125 2706 2184 2761 οὐ
2214 2702 2297 2758 δια
2355 2707 2444 2759 τὸν
2503 2707 2722 2782 γνήσιον
2778 2702 2938 2784 φόξον
2997 2705 3182 2759 ἑαυτὸν
3224 2701 3664 2784 ἀσφαλιζόμενος,
3709 2702 3768 2768 ὅς

2125 2790 2263 2847 ἐστιν
2293 2791 2423 2871 ἐρως
2454 2800 2543 2848 τοῦ
2596 2782 2801 2851 καλοῦξ
2844 2782 2924 2848 (Ἠ
2980 2791 3139 2849 πάλιν
3195 2794 3223 2848 6
3279 2782 3427 2871 φόϐῳ
3468 2803 3560 2851 τοῦ
3600 2792 3762 2867 ἐμπε-

2126 2893 2241 2936 σεῖν
2273 2878 2606 2945 εὶςνχόλασιν
2663 2887 2906 2960 ποιῶντι,
2938 2881 2966 2935 ὃ
3017 2881 3171 2943 αὐτός
3225 2886 3335 2936 ἐστι
3379 2888 3455 2956 τῷ
3507 2882 3765 2961 προτέρῳ.

2127 2970 2219 3025 Διὸ
2248 2969 2430 3047 ἐπάγει
2463 2984 2478 2999 ’
2519 2992 2547 3024 ‹‹
2584 2960 2640 3027 ’0
2670 2966 2828 3049 φόϐος
2854 2968 3072 3029 κόλασιν
3116 2967 3257 3048 ἔχει.
3316 2993 3343 3024 α
3380 3003 3451 3013 -
3484 2992 3507 3024 ι
3535 2970 3657 3028 Ἐάν
3687 2992 3767 3034 τις

398 3062 611 3124 oiatum
633 3064 828 3128 habet.
849 3054 1060 3129 i—«Si
1076 3069 1208 3149 quis
1220 3054 1453 3141 dixerit,
1468 3054 1653 3151 Diligo
1665 3070 1872 3133 Deum.
1888 3071 2037 3134 nUbi

2130 3056 2286 3134 εἴπῃ,
2320 3056 2423 3137 ὅτι,
2458 3059 2680 3136 Ἀγαπῶ
2696 3060 2785 3113 τὸν
2816 3058 2965 3119 Θεόν,
3006 3080 3029 3114 ο
3067 3054 3477 3126 Διαϐιϐαστικὴν
3506 3059 3765 3126 εἶναιτὴν

399 3154 744 3228 cogentibus
781 3147 1108 3217 rationibus
1138 3157 1397 3219 ostendit
1419 3147 1761 3220 charitatem
1790 3168 1895 3221 eta
1920 3160 2038 3222 Deo

2130 3148 2356 3225 ἀγάπην,
2391 3147 2495 3203 ἀπό
2538 3168 2594 3203 τε
2622 3156 2712 3203 tuo
2752 3154 2883 3204 Θεοῦ
2938 3150 3068 3226 πρὸς
3099 3149 3266 3222 ἡμᾶς,
3301 3149 3389 3203 καὶ
3438 3153 3593 3222 ἡμῶν
3633 3150 3765 3227 πρὸς

393 3238 463 3329 ad
488 3257 684 3329 nos,et
707 3263 738 3303 a
764 3243 937 3306 nobis
957 3245 1026 3306 ad
1054 3245 1235 3307 Drum
1259 3247 1780 3329 traducereddque
1800 3268 2036 3310 rursum

2130 3238 2277 3295 αὐτὸν
2331 3237 2834 3313 καταναγκαστιχῶς
2904 3234 3200 3302 ἀποδείξας.
3272 3238 3360 3293 καὶ
3401 3244 3556 3293 τοῦτο
3598 3258 3759 3316 προσ-

396 3327 808 3412 addidit,quod
835 3334 885 3395 si
904 3336 981 3396 ita
1013 3334 1215 3397 dilexit
1247 3355 1352 3397 nos
1370 3336 1611 3410 Deus,et
1630 3321 1736 3397 nos
1753 3330 2040 3400 debemus

2130 3325 2223 3386 isi;
2294 3322 2474 3398 πάλιν,
2535 3321 2615 3379 ὅτι
2668 3326 2712 3379 εἰ
2784 3324 2948 3389 οὕτως
3004 3324 3283 3402 ἠγάπησεν
3337 3327 3477 3401 ἡμᾶς
3521 3328 3550 3381 6
3605 3328 3763 3399 Θεὸς,

393 3411 1097 3502 invicemdiligereznunc
1118 3424 1329 3486 iterum
1353 3443 1691 3487 sermonem
1715 3426 1785 3488 ad
1804 3427 1914 3488 hoc
1934 3445 2033 3489 re-

2130 3415 2208 3469 mi
2266 3415 2429 3489 ἡμεῖς
2488 3411 2769 3492 ὀφείλομεν
2836 3411 3100 3483 ἀλλήλους
3169 3413 3400 3491 ἀγαπᾷν,
3468 3423 3555 3473 νῦν
3618 3414 3763 3502 αὖθις

393 3504 592 3568 ferens
622 3500 887 3591 ait,quod
912 3514 1052 3590 quia
1074 3533 1140 3575 ex
1168 3514 1364 3575 debito
1386 3514 1555 3575 nobis
1578 3515 1830 3595 positum
1857 3524 2039 3591 est,ut

2130 3503 2249 3580 πρὸς
2318 3512 2470 3562 τοῦτο
2529 3502 2798 3584 ἀναφέρων
2842 3503 2933 3558 τὸν
2988 3501 3148 3581 λόγον
3202 3504 3383 3582 φησὶν,
3445 3502 3527 3559 ὅτι
3582 3500 3765 3571 ἐπειδή

394 3594 631 3659 fratrem
656 3589 969 3680 diligamus
986 3602 1059 3663 ab
1083 3604 1352 3683 exemplo
1386 3589 1720 3665 dilectioni:
1765 3605 1869 3667 Dei
1900 3589 2038 3683 erga

2130 3598 2462 3670 χρεωστικῶς
2530 3593 2663 3665 ἡμῖν
2715 3591 2990 3647 ἀπόκειται
3074 3593 3164 3647 τὸν
3249 3589 3471 3672 ἀδελφὸν
3529 3591 3761 3670 ἀγαπᾷν,

393 3703 704 3785 nusquam
753 3678 924 3750 etiam
968 3690 1087 3752 Deo
1125 3678 1455 3754 referentes
1498 3711 1564 3754 ac
1610 3678 2032 3765 retribtlentes,

2130 3679 2172 3744 ἐξ
2214 3678 2592 3756 ὑποδείγματπ
2651 3680 2751 3746 τῆς
2809 3680 2901 3736 τοῦ
2958 3686 3087 3735 Θεοῦ
3136 3680 3268 3757 πρὸς
3319 3680 3462 3755 ἡμᾶς
3518 3680 3759 3759 ἀγάπης,

2130 3768 2149 3785 ,ι
2266 3768 2280 3785 ε
2350 3768 2362 3785 ς
2568 3768 2577 3784 ρ
2895 3770 2910 3785 .
2990 3768 3003 3785 ν
3195 3765 3217 3784 κ
3244 3764 3295 3785 α,
3477 3776 3507 3785 ..
3551 3775 3577 3784 -
3708 3770 3721 3785 .

393 3772 656 3836 debitum
692 3778 1100 3857 explebimus:
1126 3790 1381 3861 oportet,
1413 3781 1625 3861 inquit,
1663 3782 1879 3843 eximie
1911 3782 2033 3843 fra-

2130 3768 2154 3836 ἢ
2199 3768 2285 3824 καὶ
2341 3768 2759 3848 ἀντεισφέροντες
2827 3770 2913 3824 καὶ
2981 3768 3414 3831 ἀνταποδιδόντες
3472 3775 3609 3843 Θεῷ,
3667 3770 3767 3837 τὴν

395 3867 541 3921 trem
575 3855 842 3945 diligere,
870 3869 939 3929 ad
966 3855 1458 3948 perfectissimum
1484 3855 1715 3949 signum
1738 3870 2037 3933 charitatis

2130 3855 2338 3937 ὄφειλην
2397 3856 2829 3936 ἀποπληροῦντες
2889 3858 3135 3932 ἐσόμεθα,
3208 3857 3319 3936 χρή
3422 3879 3605 3937 φησιν,
3667 3858 3764 3915 ἀν-

392 3966 538 4039 erga
565 3943 1039 4039 Deum._Nam'si
1076 3957 1185 4018 hoc
1216 3977 1332 4018 non
1380 3959 1476 4021 sit.
1538 3943 1735 4039 neque
1779 3959 2036 4020 charitas

2130 3946 2409 4025 ›περθέτως
2500 3948 2591 4001 τὸν
2674 3943 2894 4026 ἀδελφὸν
2982 3945 3213 4025 ἀγαπᾷν,
3285 3947 3359 4011 εἷς
3439 3945 3765 4005 τελεώτατον

394 4037 592 4091 nostra
626 4050 765 4109 erga
794 4033 975 4096 Deum
1010 4046 1369 4115 servaretur,
1406 4047 1607 4117 utpote
1635 4033 1844 4099 'debito
1876 4039 2033 4119 quod

2130 4036 2392 4114 γνώρισμα
2420 4040 2518 4101 τῆς
2548 4036 2678 4115 πρὸς
2712 4036 2841 4091 Θεὸν
2881 4034 3120 4114 ἀγάπης.
3180 4036 3239 4091 Εἰ
3281 4036 3381 4115 γὰρ
3451 4037 3530 4111 μὴ
3571 4042 3755 4109 τοῦτο,

392 4136 530 4197 erga
551 4139 657 4180 nos
675 4121 930 4184 invicem
947 4132 1028 4184 est
1046 4126 1428 4188 interticense
1477 4126 1633 4207 quod
1667 4145 1738 4189 ex
1751 4127 2033 4189 charitate

2130 4121 2232 4180 ὐδέ
2275 4126 2310 4191 ἡ
2368 4127 2498 4203 πρὸς
2556 4126 2687 4179 Θεὸν
2754 4123 2936 4201 ἀγάπη
2998 4125 3150 4199 ἡμῶν
3222 4125 3438 4195 σωθείη,
3512 4126 3585 4190 ὡς
3666 4124 3760 4192 τῆς

387 4209 459 4269 ad
488 4210 671 4272 Deum
705 4215 1121 4277 contraximus.
1156 4242 1182 4271 α
1209 4215 1315 4289 Ο.ιὶ
1340 4217 1496 4278 enim
1532 4236 1649 4278 non
1681 4216 1875 4294 diligit
1909 4220 2030 4279 tra-

2130 4211 2330 4293 Ξφειλῆς
2382 4217 2478 4279 τῆς
2534 4214 2664 4290 πρὸς
2695 4210 2959 4282 ἀλλήλους
3001 4210 3406 4294 διαπιπτοῦσης,
3461 4212 3527 4282 ἣν
3558 4212 3620 4270 ἔκ
3659 4219 3758 4281 τῆς

391 4304 563 4361 trem.
580 4323 600 4356 υ
613 4297 1132 4402 Subjupgitantem
1159 4305 1295 4367 huic
1308 4305 1781 4402 efﬁcacissimum
1797 4291 2032 4402 quoque

2130 4291 2244 4380 πρὸς
2276 4303 2403 4358 Θεὸν
2470 4300 2681 4376 ἀγάπης
2749 4300 3087 4381 ἐσχήκαμεν.
3127 4324 3150 4357 ι
3212 4291 3270 4359 Ὀ
3325 4291 3425 4381 γάρ
3494 4303 3571 4378 μὴ
3627 4304 3757 4382 ἀγα-

387 4402 727 4449 sermonem
748 4389 819 4450 ad
834 4392 1303 4456 convincendum
1319 4412 1422 4456 eos
1443 4394 1542 4475 qui
1564 4394 1820 4456 divinam
1842 4394 2032 4455 chari-

2130 4392 2228 4446 τῶν
2255 4392 2345 4446 τὸν
2374 4389 2617 4470 ἀδελφόν,
2652 4413 2680 4445 ι
2717 4387 2983 4471 Ἐπιφὲρει
3032 4389 3088 4447 δὲ
3160 4391 3250 4448 καὶ
3303 4392 3486 4448 τούτου
3534 4392 3755 4472 ἐναργέ-

390 4482 564 4564 tatem
595 4496 928 4561 corrumpe:
949 4501 981 4543 e
1002 4483 1753 4564 conantur,talequippiam
1774 4482 1980 4545 dicens
2012 4503 2027 4543 :

2130 4500 2301 4536 rtatov
2334 4480 2406 4542 εἰς
2466 4478 2692 4558 ἔλεγχον
2754 4477 2915 4559 λόγον
2974 4486 3079 4537 τῶν
3130 4480 3544 4564 ὲπιχειρούντων
3574 4482 3755 4538 νοθεύ-

389 4563 638 4630 Dilectio
669 4569 793 4630 sive
822 4559 1077 4633 charitas
1106 4573 1223 4633 coit
1259 4559 1326 4634 ac
1356 4559 1645 4634 formatur
1673 4572 1915 4634 omnino
1963 4590 2034 4632 ex

2130 4589 2189 4623 :w
2217 4568 2314 4635 τὴν
2342 4570 2483 4624 θείαν
2512 4568 2747 4647 ἀγάπην,
2794 4569 3029 4625 τοιοῦτόν
3084 4589 3135 4624 τι
3192 4566 3362 4646 λέγων
3397 4588 3410 4601 ’
3476 4559 3537 4626 Ἠ
3569 4569 3752 4648 ἀγάπη

389 4663 587 4714 mutua
619 4659 1095 4721 conversatione:
1131 4662 1495 4723 conversatio
1523 4670 1717 4722 autem
1752 4659 2025 4721 comitem

2130 4658 2320 4720 πάντως
2397 4657 2459 4714 ἐκ
2534 4663 2632 4724 τῆς
2711 4659 2839 4737 πρὸς
2911 4656 3174 4728 ἀλλήλους
3259 4658 3557 4715 συνίσταται
3628 4681 3753 4716 συν-

388 4740 566 4803 habet
596 4744 796 4807 fratris
819 4758 1208 4828 aspectum,et
1232 4769 1298 4812 ex
1329 4751 1438 4811 hoc
1459 4748 2029 4827 maximecolligatur

2132 4748 2309 4814 ιθείας,
2376 4737 2437 4803 Ἠ
2483 4744 2538 4803 δὲ
2590 4747 2844 4816 συνήθεια
2897 4746 3159 4823 ἑπόμενον
3212 4745 3329 4827 ἔχει
3385 4748 3446 4803 τὸ
3501 4750 3625 4825 ὁρᾷν
3663 4752 3755 4805 τὸν

384 4830 454 4890 ad
490 4831 646 4893 illius
668 4834 1243 4911 dilectionemQuod
1272 4840 1320 4900 si
1353 4839 1462 4900 hoc
1487 4856 1688 4899 verum
1722 4836 1943 4914 est,qui
1967 4837 2023 4899 id

2130 4833 2329 4914 ιδελφὸν
2372 4838 2550 4910 αὐτοῦ,
2611 4836 2697 4892 καὶ
2768 4837 2933 4912 ταύτῃ
2993 4834 3226 4911 μάλιστα
3266 4832 3562 4894 συνδεῖσθαι
3621 4839 3753 4916 πρὸς

385 4920 538 4999 quod
573 4920 784 4984 fortius
804 4927 1048 4987 attrahit
1077 4928 1146 4987 ad
1187 4927 1563 4989 dilectionem
1597 4923 1743 4987 nihil
1777 4924 1934 5000 facit,
1970 4932 2027 4986 et

2130 4924 2205 4991 γὴν
2274 4924 2489 5001 ἀγλὶπην
2548 4925 2729 4989 α·ἶ›τοῦ,
2806 4924 3210 5005 Ἐφελκυστικὸν
3251 4926 3351 5004 γὰρ
3395 4927 3572 5004 ὅρασις
3623 4929 3753 5004 πρὸς

383 5007 623 5071 fratrem
650 5031 826 5091 quem
843 5013 994 5077 .vidit
1025 5035 1140 5077 non
1172 5016 1379 5096 diligit:
1410 5016 1459 5077 si
1491 5015 1676 5077 Deum
1704 5033 1880 5096 quem
1910 5032 2027 5075 non

2130 5014 2345 5090 ιγαπην,
2380 5015 2438 5071 Εἰ
2494 5012 2549 5071 δὲ
2604 5023 2781 5091 τοῦτο,
2832 5019 2860 5072 ὁ
2916 5018 2976 5071 τὸ
3033 5013 3237 5091 μᾶλλον
3287 5013 3637 5094 ἐφελκόμενον
3675 5020 3748 5084 εἰς

382 5096 527 5158 vidit
559 5099 715 5162 dicat
734 5120 798 5162 se
816 5102 1194 5186 diligere,qui
1229 5125 1420 5186 neque
1446 5124 1580 5167 cum
1612 5124 1681 5166 eo
1712 5121 2029 5166 conversa—

2130 5100 2322 5179 ιγάπην
2379 5102 2504 5182 παρ’
2574 5101 2721 5160 οὐδὲν
2812 5106 3154 5183 ποιούμενος,
3235 5104 3324 5159 καὶ
3392 5105 3482 5160 τὸν
3531 5101 3752 5186 ἀδελφὸν

384 5195 476 5247 tus
506 5200 618 5262 est,
657 5210 848 5272 neque
887 5193 1006 5253 ullo
1065 5212 1240 5253 sensu
1289 5194 1417 5271 capi
1480 5202 1691 5274 potest,
1726 5192 2025 5274 quomodo

2130 5191 2167 5243 ἰν
2196 5188 2395 5269 ἑώρακε
2427 5193 2504 5267 μὴ
2549 5195 2793 5273 ἀγαπῶν,
2826 5199 2940 5257 πῶς
2992 5194 3083 5249 τὸν
3126 5193 3255 5249 Θεὸν
3305 5192 3365 5247 ὃν
3417 5192 3520 5274 οὐχ
3551 5193 3749 5264 ἑώρακε

384 5293 557 5337 verax
591 5297 721 5339 esse
754 5280 1329 5360 depreheiitleturi’Si
1360 5283 1493 5364 quis
1512 5283 1692 5363 igitur
1715 5280 2025 5362 impuden-

2130 5279 2325 5358 Ρᾶσκων
2418 5280 2649 5359 ἀγαπᾷν,
2709 5282 2767 5346 ὃς
2835 5279 2972 5356 μηδὲ
3060 5281 3288 5349 συνὴθης
3375 5280 3513 5339 ἐστὶν
3585 5284 3750 5358 αὐτῷ,

386 5372 475 5425 ter
503 5365 659 5427 dicat
688 5386 752 5428 se
787 5372 971 5431 Deum
1023 5370 1261 5450 quidem
1295 5372 1563 5451 diligere,
1599 5371 1838 5432 fratrem
1885 5388 2025 5431 vero

2130 5367 2244 5436 ιηδέ⁹
2315 5371 2547 5440 αἰσθήσει
2631 5367 2868 5446 μηδεμιᾷ
2922 5368 3151 5445 ληπτὸς,
3228 5369 3499 5438 ἀληθεύων
3566 5393 3752 5453 φωρα-

382 5452 518 5517 odio
549 5455 1002 5534 habere,nonne
1034 5459 1083 5521 is
1115 5479 1230 5522 non
1263 5462 1457 5525 solum
1479 5460 1733 5523 divinam
1763 5477 2029 5522 corrum-

2130 5460 2262 5540 νείης
2299 5460 2354 5516 Εἰ
2396 5464 2552 5517 τοῦτο
2608 5466 2698 5516 οὖν
2752 5481 2832 5523 τις
2892 5458 3291 5539 ἀναιδευόμενος
3350 5459 3522 5541 λέγοι,
3584 5452 3743 5543 φησὶ,

458 5623 491 5675 5
524 5624 677 5691 Psal.
711 5642 876 5701 xvm,
921 5630 1010 5691 tl.
