4192 6212
391 350 510 422 673

1479 362 1867 428 COMMENT.
1916 363 1999 427 IN
2044 362 2285 427 EPIST.
2334 364 2359 428 Ι
2399 362 2725 429 JOANMIS

3652 358 3769 432 674

393 492 486 548 τὸν
511 493 610 569 μὲν
654 495 782 569 Θεὸν
811 494 1041 573 ἀγαπᾷν,
1077 496 1260 571 μισεῖν
1303 494 1357 552 δὲ
1401 498 1489 554 τὸν
1536 494 1784 578 ἀδελφὸν,
1816 499 1874 555 οὒ
1916 499 2039 577 πρὸς

2131 496 2213 576 pit
2243 497 2739 569 charitatem.sed
2772 506 2829 561 et
2860 499 3135 580 praecepti
3185 500 3314 580 ejus
3365 509 3769 580 transgressor

395 585 483 648 οὖς
512 584 613 653 τὴν
638 586 848 664 ἀγάπην
906 588 1007 654 τὴν
1048 589 1186 644 θείαν
1244 589 1462 669 νοθεύει,
1510 587 1584 645 ἔτι
1639 590 1726 645 καὶ
1768 595 1865 656 τῆς
1893 588 2042 645 ἐντο-

395 671 495 739 λῆς
524 678 681 732 dum?)
712 673 1019 754 παραϐάτης
1082 677 1369 756 εὖρίσκεται
1411 696 1427 756 ;
1490 679 1646 742 Ποίας
1680 694 1696 751 ;
1729 683 1824 745 τῆς
1857 676 2043 755 λεγούο

395 782 520 827 mc.
560 784 589 816 α
621 760 712 820 Ἐν
740 764 909 838 τούτῳ
936 764 1227 842 γνώσονται
1287 765 1484 827 πάντες
1529 764 1610 820 ὅτι
1656 765 1772 841 ἐμοὶ
1817 765 2046 841 μαθηταί

399 848 541 924 ἐστε,
572 849 660 907 ἐὰν
690 851 930 930 ἀγαπᾶτε
973 852 1263 924 ἀλλήλους.
1303 876 1330 909 ιι
1398 844 1455 912 Ὀ
1486 856 1575 910 οῦν
1617 854 1706 910 τὸν
1751 856 1878 911 Θεὸν
1909 856 2043 932 ἀγα-

396 939 535 1009 πῶν,
558 940 646 996 καὶ
675 940 858 997 τούτου
901 943 1143 1017 μαθητὴς
1174 940 1623 1022 διισχυριζόμενος
1655 956 1815 1018 εῖναι,
1866 944 2045 1022 ἀγαπᾷ

394 1025 485 1081 καὶ
525 1028 617 1084 τὸν
644 1024 868 1108 ἀδελφὸν
898 1028 1061 1087 αὐτοῦ
1088 1031 1224 1087 κατά
1246 1030 1344 1098 τὴν
1371 1030 1571 1089 ἑκείνου
1599 1030 1840 1102 ἐντολήν.

1018 1138 1270 1190 smmi.
1318 1122 1422 1207 ς’.

403 1257 430 1288 ι
468 1236 587 1330 Περὶ
615 1235 884 1330 θεολογίας
917 1241 1035 1294 Υἱοῦ
1067 1238 1133 1329 ἐν
1150 1236 1273 1330 δόξῃ
1330 1242 1553 1330 ηατρὸς,
1585 1241 1701 1330 ,καὶ
1744 1243 1861 1321 περὶ
1892 1240 2042 1307 νίκης
2082 1233 2086 1237 ’

476 1319 575 1400 τῆς
599 1318 735 1400 κατά
762 1324 855 1373 τοῦ
901 1318 1134 1398 πονηροῦ
1174 1316 1259 1375 διὰ
1314 1316 1540 1386 πίστεως
1585 1317 1764 1387 Ἰησοῦ
1815 1316 2044 1400 Χριστοῦ

475 1396 549 1460 εἰς
592 1399 757 1467 ζωήν.
797 1421 822 1453 ο

483 1525 510 1557 ι
561 1509 667 1567 [Ιᾶς
698 1507 726 1562 6
756 1506 1034 1580 πιστεύων,
1097 1505 1177 1563 ὅτι
1235 1505 1441 1573 Ἰησοῦς
1524 1506 1663 1565 ἐστὶν
1705 1509 1734 1564 6
1792 1509 2037 1587 Χριστὸς,

395 1591 456 1647 ἑκ
503 1602 597 1651 τοῦ
644 1600 774 1650 Θεοῦ
842 1593 1181 1673 γεγέννηται.
1245 1596 1342 1652 Καὶ
1410 1602 1514 1662 πᾶς
1573 1599 1602 1653 6
1657 1596 1881 1675 ἀγαπῶν
1951 1598 2042 1651 τὸν

397 1682 741 1758 γεννήσαννα,
850 1682 1031 1759 ἀγαπᾷ
1135 1684 1223 1741 καὶ
1334 1685 1425 1741 τὸν
1528 1684 1908 1763 γεγεννημένον
1990 1683 2043 1749 ἐξ

398 1768 575 1831 αῦτοῦ,
661 1768 750 1827 Ἐν
818 1772 987 1845 τούτῳ
1052 1772 1406 1854 γινώσκομεν,
1491 1773 1573 1830 ὅτι
1645 1774 1936 1852 ἀγαπῶμεν
1977 1773 2043 1827 τὰ

395 1878 553 1913 τεκνα
634 1880 727 1915 του

396 1947 485 2009 εάς
542 1945 757 2012 ἐντολὰς
823 1952 980 2006 αὸτοῦ
1043 1955 1315 2027 τηρῶμεν,

395 2034 579 2112 ἀγάπη
611 2057 702 2092 του
732 2044 887 2117 Θεοῦ,
940 2037 1033 2094 ἵνα
1101 2039 1195 2100 τὰς
1265 2037 1480 2102 ἐντολὰς
1548 2041 1703 2096 αὐτοῦ
1757 2044 2036 2117 τηρῶμην.

396 2125 495 2179 Καὶ
569 2127 620 2179 αἱ
673 2123 883 2181 ἐντολαί
931 2129 1087 2186 αὒτοῦ
1139 2128 1354 2206 βαρεῖαι
1400 2127 1493 2183 οῦκ
1549 2129 1669 2186 εἰσι.
1751 2116 1879 2183 ιὈτι
1938 2132 2040 2182 πᾶν

394 2213 453 2266 τὸ
510 2214 896 2291 γεγεννημένον
966 2216 1027 2271 ἐκ
1079 2222 1169 2271 τοῦ
1241 2223 1391 2288 Θεοῦ,
1484 2222 1602 2289 νικᾷ
1669 2218 1760 2272 τὸν
1815 2215 2038 2291 κόσμον,

395 2301 482 2354 καὶ
514 2298 644 2368 αὕτη
676 2304 813 2358 εστὶν
841 2305 877 2371 ἡ
909 2303 1028 2370 νίκη
1058 2305 1092 2371 ἡ
1138 2306 1400 2373 νικήσασα
1442 2307 1534 2361 τὸν
1571 2306 1773 2380 κόσμον
1802 2306 1837 2371 ἡ
1868 2304 2040 2365 πίστις

393 2388 572 2463 ἡμῶν,
605 2390 692 2453 Τίς
727 2391 866 2447 ἐστιν
894 2394 921 2448 6
963 2393 1121 2449 νικῶν
1156 2394 1248 2448 τὸν
1278 2393 1478 2467 κόσμον
1508 2396 1553 2451 εἰ
1583 2394 1661 2469 μὴ
1695 2396 1722 2449 6
1755 2392 2037 2464 πιστεύων,

395 2475 476 2533 ὅτι
510 2475 710 2545 Ἰησοῦς
740 2480 881 2537 ἐστιν
911 2483 938 2537 6
969 2483 1087 2545 Υἱὸς
1117 2488 1212 2539 τοῦ
1241 2488 1373 2537 Θεοῦ
1402 2500 1419 2554 ;

474 2578 647 2627 Ταῦτα
706 2571 952 2647 εἰρηκὼς,
996 2571 1084 2626 καὶ
1145 2570 1340 2648 ἑτέροις
1398 2570 1575 2643 πάλιν,
1616 2577 1889 2627 πιστοῦται
1947 2572 2037 2627 τὸν

392 2655 574 2735 λόγον,
610 2657 751 2714 οὕτω
807 2681 921 2723 πως
977 2660 1378 2729 κατασκῖυάζων
1414 2675 1428 2689 ⁸
1490 2660 1547 2715 Εἰ
1597 2657 1814 2726 ἐντολὴν
1844 2657 2037 2716 ἐλάϐο-

393 2746 493 2819 μὲν
548 2745 653 2801 ἀπὸ
708 2746 799 2802 τοῦ
860 2744 1183 2803 Διδασκάλου
1241 2745 1783 2825 ἀλλήλους’ἀγαπᾷν,
1832 2749 2036 2811 πάντως

392 2835 437 2889 εί
490 2835 809 2910 πιστεύομεν
852 2833 932 2890 ὅτι
991 2837 1019 2891 6
1075 2833 1382 2899 διδάσκαλος
1427 2838 1579 2910 ἡμῶν
1637 2833 1839 2902 Ἰησοῦς
1897 2836 2036 2892 ἐστιν

393 2924 422 2978 6
453 2925 696 3001 Χριστὸς,
731 2925 789 2986 ὃς
820 2922 873 2978 ἐν
914 2923 1089 2997 τσύτῳ
1131 2923 1241 2980 ἐστι
1276 2926 1496 3003 Χριστὸς
1528 2923 1583 2979 ἐν
1626 2926 1702 2999 τῷ
1733 2927 1861 2987 Θεὸς
1892 2926 2032 2982 εἶναι

392 3012 479 3066 καὶ
550 3009 841 3091 ἄνθρωπος,
916 3009 1213 3091 φυλάξομεν
1275 3014 1361 3068 καὶ
1419 3014 1514 3075 τὰς
1580 3011 1795 3076 ἐντολὰς
1852 3013 2026 3087 αὐτοῦ,

2128 586 2474 649 invenitur?
2496 588 2722 667 Cujus?
2752 587 2889 667 Ejus
2940 608 3057 668 quo
3098 588 3239 650 dicit
3274 607 3288 650 :
3321 612 3349 649 α
3386 592 3497 653 Per
3518 591 3631 652 hoc
3661 611 3765 652 co-

2127 685 2415 752 gnoscent
2443 694 2651 736 omnes
2680 680 2836 756 quod
2873 679 2984 738 mei
3016 676 3147 738 sitis
3178 676 3475 757 discipuli.
3510 679 3560 739 si
3582 678 3772 741 chari-

2134 770 2307 824 latem
2357 763 2679 825 habueritis
2734 764 2889 825 inter
2955 784 3056 825 vos
3103 775 3362 826 mutuam
3433 765 3589 839 .Qui
3630 786 3769 845 ergo

2125 853 2312 915 Deum
2364 854 2573 936 diligit,
2606 866 2662 918 et
2723 858 2894 935 hujus
2953 856 3309 938 discipulum
3340 877 3404 919 se
3435 876 3567 920 esse
3604 877 3769 921 asse-

2125 944 2221 1023 rit,
2257 943 2459 1024 diligat
2489 959 2541 1006 et
2580 945 2818 1006 fratrem
2870 964 3045 1007 suum
3079 946 3248 1025 juxta
3293 945 3451 1007 illius
3499 965 3766 1029 praecep-

2125 1039 2272 1094 tum.

2663 1136 2803 1199 595
2846 1135 3090 1200 CAPUT
3135 1136 3233 1200 VI.

2135 1244 2454 1325 Theologia
2482 1245 2556 1306 de
2591 1245 2749 1306 Filio
2779 1250 2992 1325 quiest
3024 1247 3087 1305 in
3118 1244 3309 1324 gloria
3347 1247 3573 1311 Patris.
3609 1254 3665 1309 et
3695 1247 3769 1307 de

2206 1326 2463 1406 victoria
2511 1326 2800 1406 adversus
2854 1324 3191 1404 malignum
3234 1343 3348 1404 per
3398 1327 3579 1406 ﬁdem
3622 1326 3771 1388 Iesu

2210 1404 2439 1467 Christi
2469 1405 2549 1466 ad
2578 1405 2789 1467 vitam.

2206 1509 2278 1589 V,
2298 1511 2432 1572 1-5.
2455 1509 2664 1573 Omnis
2693 1512 2799 1589 qui
2825 1511 3021 1573 credit
3046 1512 3252 1572 Jesum
3285 1529 3404 1573 esse
3430 1513 3763 1587 Christum,

2124 1615 2203 1660 ea:
2255 1598 2378 1661 Deo
2406 1606 2584 1662 natus
2612 1608 2719 1662 est.
2759 1599 2834 1660 Et
2862 1602 2967 1678 qui
2995 1599 3201 1678 diligit
3231 1618 3364 1661 eum
3396 1602 3500 1679 qui
3534 1606 3763 1682 genuit,

2125 1688 2326 1770 diligit
2357 1697 2415 1751 et
2442 1708 2577 1751 eum
2614 1692 2719 1770 qui
2749 1697 2934 1751 natus
2965 1698 3051 1751 est
3083 1708 3164 1752 ex
3192 1690 3317 1752 illo.
3361 1691 3481 1753 Per
3528 1693 3636 1754 hoc
3663 1710 3762 1754 co-

2124 1781 2459 1857 gnoscimus
2487 1780 2647 1859 quod
2675 1778 3001 1858 diligamus
3029 1779 3186 1858 ﬁlios
3222 1780 3345 1851 Dei,
3380 1798 3515 1841 cum
3572 1780 3762 1843 Deum

838 1866 992 1938 Θεοῦ,
1078 1862 1204 1916 ὃταν
1288 1863 1380 1918 τὸν
1448 1863 1578 1919 Θεὸν
1634 1861 1924 1939 ἀγαπῶμεν
1979 1862 2039 1918 τὰ

2127 1867 2465 1948 diligimus,
2526 1872 2583 1930 et
2635 1874 2927 1947 pracepta
2968 1868 3096 1946 ejus
3151 1886 3478 1939 servamus.
3516 1871 3653 1931 Haec
3681 1877 3768 1932 est

1410 1949 1553 2017 Αὕτη
1624 1951 1723 2028 γάρ
1812 1949 1952 2006 ἐστιν
2006 1951 2039 2017 ἡ

2126 1956 2287 2017 enim
2318 1956 2586 2018 charilas
2614 1956 2751 2035 Dei,
2799 1963 2864 2017 ut
2908 1964 3196 2036 praecepta
3245 1960 3376 2029 eius
3402 1974 3713 2019 servemus
3744 1975 3762 2019 :

2124 2051 2180 2105 et
2202 2053 2502 2124 praecepta
2526 2047 2659 2123 ejus
2686 2046 2900 2124 gravia
2930 2062 3052 2106 non
3082 2053 3247 2106 sunt.
3276 2044 3578 2120 Quoniam
3595 2063 3767 2107 omne

2124 2134 2281 2212 quod
2314 2140 2524 2196 natum
2549 2142 2637 2196 est
2659 2151 2738 2195 ea:
2771 2133 2913 2206 Deo,
2947 2135 3134 2195 vincit
3166 2135 3477 2196 mundum.
3532 2135 3611 2194 Et
3641 2135 3765 2197 hac

2123 2229 2209 2284 est
2257 2225 2510 2285 victoria
2569 2240 2704 2302 qua
2753 2224 2941 2285 vincit
2995 2223 3311 2295 mundum,
3352 2224 3499 2302 ﬁdes
3531 2231 3759 2285 nostra.

2126 2312 2275 2384 Quis
2305 2318 2391 2374 est
2419 2317 2525 2390 qui
2552 2312 2740 2374 vincit
2768 2312 3062 2373 mundum
3089 2313 3214 2373 nisi
3243 2314 3353 2390 qui
3382 2312 3578 2373 credit
3608 2312 3765 2389 quod

2119 2399 2289 2462 Jesus
2317 2408 2402 2462 est
2435 2400 2628 2463 Filius
2654 2399 2808 2462 Dei?

2200 2577 2304 2638 His
2332 2577 2504 2639 dictis
2537 2596 2743 2638 rursus
2764 2576 2894 2637 aliis
2924 2596 3157 2657 quoque
3179 2594 3516 2638 sermonem
3548 2577 3761 2639 conﬁr.

2123 2675 2267 2737 mat,
2302 2666 2378 2726 ita
2408 2666 2839 2746 quadammodo
2872 2665 3192 2727 roboraus:
3226 2664 3287 2728 Si
3341 2675 3696 2746 praeceptum
3730 2686 3763 2728 a

2121 2754 2399 2833 Magistro
2425 2756 2767 2835 accepimus
2784 2754 2857 2815 de
2878 2755 3050 2814 nobis
3080 2762 3284 2815 mutuo
3303 2754 3763 2833 diligendis.uti-

2120 2861 2234 2922 que
2256 2843 2623 2904 sicredimus
2645 2842 2802 2923 quod
2833 2842 3112 2921 magister
3130 2861 3197 2903 ac
3220 2851 3545 2923 praeceptor
3567 2853 3767 2904 noster

2116 2930 2287 2992 Jesus
2316 2931 2391 2991 sit
2421 2931 2824 3011 Christus,qui
2849 2949 2918 2992 eo
2944 2932 3214 2993 Christus
3247 2939 3334 2992 est
3373 2949 3489 3011 quo
3522 2930 3676 2992 Deus
3707 2941 3766 2993 et

2117 3019 2293 3080 homo
2325 3020 2808 3082 estzservubimus
2826 3020 3002 3081 etiam
3026 3029 3319 3100 praecepta
3336 3020 3463 3100 ejus
3483 3026 3763 3101 tanquam

393 3100 464 3165 ὡς
507 3097 839 3174 διδασκάλου,
865 3102 936 3162 ὡς
968 3108 1120 3163 Θεοῦ.
1182 3102 1521 3164 Πιστεόοντες
1577 3099 1633 3157 δὲ
1691 3104 1821 3158 Θεὸν
1877 3105 2031 3161 αὐτὸν

2121 3108 2379 3188 magistri
2399 3118 2457 3170 et
2470 3118 2743 3189 tanquam
2766 3097 3083 3170 Dei.Porro
3101 3097 3621 3188 credentesipsum
3634 3127 3766 3171 esse

394 3189 560 3263 εἶναὶ,
604 3190 700 3246 υἱοὶ
729 3193 887 3249 αὐτοῦ
915 3190 1338 3269 χρηματίζομεν,
1399 3190 1572 3253 καθὼς
1630 3192 1717 3247 καὶ
1771 3190 1827 3247 ἐν
1858 3193 2032 3270 Εὐαγ-

393 3275 589 3355 γελίοις
621 3276 854 3356 εἴρηται,
894 3301 922 3333 ιι
961 3272 973 3288 ’
998 3288 1125 3335 Οσοι
1155 3275 1208 3332 δὲ
1240 3275 1427 3335 ἔλαϐον
1461 3279 1640 3353 αὐτὸν,
1678 3301 1702 3336 ι
1739 3280 2032 3355 τουτέστιν,

394 3364 508 3423 ὅσοι
560 3366 865 3423 ἐπίστευσαν
922 3369 995 3432 εἷς
1039 3368 1218 3438 αὐτὸν,
1280 3364 1531 3422 «ἔδωκεν
1591 3368 1773 3432 αὐτοῖς
1805 3368 2036 3434 ἐξουσίαν

393 3454 550 3511 τέκνα
581 3463 712 3514 Θεοῦ
778 3454 1042 3533 γενέσθαι.
1090 3474 1116 3513 ι
1169 3456 1227 3511 Εἰ
1253 3456 1615 3534 γεγεννήμεθα
1667 3453 1722 3511 δὲ
1773 3456 1825 3520 ἐξ
1856 3457 2031 3530 αὐτοῦ,

393 3548 604 3612 πάντως
633 3550 722 3604 καὶ
761 3551 824 3604 τὸ
866 3551 1097 3614 καθῆκον
1147 3555 1223 3622 τῷ
1263 3548 1605 3625 γεγεννηκότι
1653 3546 2032 3623 ἐπιδειξόμεθα.

394 3639 453 3696 Τί
479 3640 679 3718 τοῦτο,
757 3640 830 3697 Τὸ
887 3638 1097 3717 ἀγαπᾷν
1144 3639 1234 3693 τὸν
1276 3638 1656 3717 γεγεννηκόεα,
1718 3639 1865 3718 φύσει
1908 3639 2034 3695 τού-

392 3748 486 3784 του
542 3740 659 3792 τοϊς
715 3727 920 3791 τέκνοις
977 3725 1108 3806 πρὸς
1150 3727 1270 3789 τοὺς
1328 3726 1557 3805 πατέρας
1616 3724 2034 3783 ἔπακολουθοῦν-

392 3837 506 3880 τος,
556 3813 703 3873 Ἐπεὶ
749 3814 826 3891 δὲ,
877 3816 1058 3896 φησὶν,
1104 3825 1283 3894 τοῦτο,
1328 3815 1520 3878 πάντες
1551 3817 1597 3870 οἱ
1627 3816 2033 3879 πεπιστευκότες

392 3904 443 3971 ἐξ
472 3909 630 3964 αὐτοῦ
684 3906 1067 3983 γεγεννήμεθα,
1115 3904 1181 3981 (εἰ
1238 3901 1293 3959 δὲ
1350 3901 1401 3968 ἐξ
1452 3906 1609 3961 αὐτοῦ
1650 3904 2029 3983 γεγεννήμεθα,

392 3991 657 4074 ὀφειλέται
713 3993 873 4068 ἐσμὲν
925 3994 1014 4048 καὶ
1081 3989 1166 4047 8ιά
1233 4000 1387 4049 τοῦτο
1476 3989 1739 4060 ἀλλήλους
1798 3991 2031 4071 ἀγαπᾷν,

391 4084 479 4139 καὶ
532 4084 606 4146 ὡς
675 4079 906 4161 ἀδελφοὶ,
991 4082 1079 4136 καὶ
1150 4080 1224 4145 ὡς
1281 4078 1334 4145 ἐξ
1378 4080 1537 4137 αὐτοῦ
1604 4080 2029 4160 γεγεννήμενοι,)

392 4170 624 4251 ἐπιφέρει
699 4172 787 4227 καὶ
858 4171 1043 4228 τούτου
1139 4169 1344 4245 πίστιν,
1427 4170 1501 4234 ὡς
1571 4171 1599 4225 6
1668 4169 1889 4248 ἀγαπῶν
1940 4172 2032 4225 τὸν

391 4262 741 4337 γεννήσαντα,
789 4261 876 4316 καὶ
942 4261 1032 4315 τὸν
1091 4257 1477 4336 γεγεννημένον
1507 4256 1559 4323 ἐξ
1616 4260 1774 4317 αὐτοῦ
1826 4258 2028 4336 ἀγαπᾷ,

2118 3198 2327 3278 Deum,
2350 3199 2453 3259 lilii
2476 3199 2604 3278 ejus
2621 3198 3022 3278 appellamur:
3049 3198 3550 3278 quemadmodum
3582 3199 3761 3260 etiam

2117 3285 2177 3347 in
2212 3288 2541 3364 Evangeliis
2571 3287 2797 3349 dictum
2831 3295 2922 3348 est
2952 3306 2965 3345 :
3007 3285 3341 3366 «Quotquot
3368 3294 3563 3347 autem
3593 3305 3761 3349 acce-

2120 3385 2329 3454 perunt
2354 3377 2636 3449 eum,hoc
2663 3382 3072 3454 est,quotquot
3102 3375 3487 3435 crediderunt
3517 3374 3575 3434 in
3600 3394 3762 3456 eum,

2118 3463 2280 3524 dedit
2309 3464 2394 3525 eis
2419 3473 2764 3544 potestatem
2801 3472 2859 3525 ut
2886 3463 2993 3523 filii
3025 3462 3125 3524 Dei
3159 3463 3435 3526 fierent5.
3474 3486 3496 3518 ›
3535 3462 3595 3525 Si
3622 3482 3764 3526 vero

2120 3571 2189 3612 ex
2213 3551 2343 3630 ipso
2376 3553 2493 3613 nati
2517 3553 2951 3633 sumus,utique
2972 3552 3151 3612 etiam
3176 3551 3587 3632 praestabimus
3609 3552 3764 3632 quod

2119 3640 2341 3701 decens
2371 3651 2459 3702 est
2489 3641 2543 3702 ei
2569 3642 2667 3721 qui
2692 3661 2798 3702 nos
2820 3639 3347 3721 genuit.Quidnam
3394 3639 3505 3701 hoc
3539 3642 3664 3700 est?
3692 3638 3767 3702 Ut

2122 3746 2257 3789 eum
2294 3729 2610 3808 diligamus
2632 3731 2730 3810 qui
2761 3748 2871 3791 nos
2900 3729 3123 3809 genuit,
3162 3747 3296 3790 cum
3341 3728 3452 3789 hoc
3508 3728 3764 3790 filiorum

2120 3826 2383 3877 naturam
2414 3817 2807 3899 subsequatur
2837 3828 2901 3878 ut
2929 3827 3124 3899 patres
3165 3817 3430 3896 diligant.
3475 3815 3766 3890 Quoniam

2115 3912 2310 3965 autem
2345 3906 2455 3966 hoc
2484 3906 2565 3965 ita
2594 3913 2702 3986 est,
2739 3904 3001 3966 universi
3026 3904 3127 3985 qui
3158 3904 3527 3966 credidimus
3557 3924 3631 3966 ex
3657 3924 3763 3967 eo-

2116 3992 2252 4053 dem
2285 3993 2403 4054 nati
2434 4012 2675 4055 sumus;
2716 3995 2872 4075 quod
2905 3995 2951 4055 si
2985 4012 3053 4054 ex
3098 3994 3308 4055 eodem
3363 3993 3487 4054 nati
3535 4012 3761 4069 sumus,

2117 4082 2417 4143 debitores
2449 4083 2623 4144 etiam
2650 4101 2718 4144 ex
2737 4102 2806 4144 eo
2827 4101 3034 4144 sumus
3058 4091 3120 4142 ut
3144 4101 3252 4143 nos
3270 4082 3523 4144 invicem
3551 4082 3765 4161 diliga-

2122 4190 2288 4231 mus:
2327 4180 2383 4233 et
2412 4173 2549 4253 quia
2577 4174 2811 4247 fratres,
2848 4179 2907 4233 et
2944 4171 3083 4252 quia
3132 4190 3201 4233 ex
3251 4172 3461 4233 eodem
3520 4170 3664 4232 nati.
3697 4170 3769 4233 Et

2119 4259 2294 4338 hujus
2320 4259 2767 4340 persuasionem
2797 4259 3039 4339 subjicit
3071 4260 3263 4342 :quod
3298 4263 3395 4342 qui
3420 4259 3608 4339 diligit
3629 4279 3767 4322 eum

391 4348 515 4404 εἶτα
581 4347 941 4427 ἀντιστρόφως
985 4345 1183 4426 χρῆται
1225 4352 1303 4420 τῷ
1380 4344 1546 4424 λόγῳ,
1591 4346 1679 4402 καὶ
1732 4366 1891 4425 φησιν
1944 4346 2029 4402 ὃτι

2121 4348 2215 4427 qui
2237 4348 2665 4428 genuit,diligit
2686 4349 2862 4411 etiam
2891 4369 3026 4410 eum
3049 4351 3149 4430 qui
3170 4370 3238 4411 ex
3262 4350 3389 4429 ipso
3403 4350 3638 4425 genitus
3651 4356 3760 4410 est.

389 4438 424 4503 ἡ
493 4438 624 4515 πρὸς
692 4438 812 4501 τοὺς
884 4433 1138 4516 ἀδελφοὺς
1210 4432 1329 4501 ἦτοι
1413 4436 1480 4490 τὰ
1519 4434 1675 4491 τέγνα
1743 4444 1837 4493 τοῦ
1880 4442 2034 4516 *Θεοῦ

2121 4435 2343 4497 Deinde
2376 4440 2669 4499 sermonis
2725 4440 3117 4500 conversione
3173 4439 3379 4511 utitur,
3410 4439 3553 4500 596
3598 4446 3656 4499 et
3685 4436 3769 4498 ait

390 4512 599 4604 ἀγάπη,
631 4524 730 4592 τὴν
759 4525 833 4586 εἷς
881 4526 973 4580 τὸν
1025 4512 1251 4578 τεκόντα
1310 4520 1525 4600 ἀγάπην
1581 4519 1812 4599 βεϐαιοῖ.
1878 4512 2035 4579 ιἈνω

2121 4523 2272 4604 quod
2302 4524 2540 4586 dilectio
2572 4544 2711 4603 erga
2733 4526 2944 4587 fratres
2968 4528 3091 4587 sive
3114 4527 3265 4587 filios
3294 4526 3422 4604 Dei,
3458 4527 3769 4587 confirmat

390 4614 488 4687 μὲν
516 4615 617 4692 γὰρ
645 4610 848 4691 ἔλεγεν,
900 4634 923 4669 ι
960 4609 1020 4670 Ὀ
1069 4611 1292 4689 ἀγαπῶν
1319 4612 1410 4667 τὸν
1453 4613 1605 4687 Θεὸν,
1636 4613 1724 4668 καὶ
1751 4613 1843 4669 τὸν
1873 4608 2032 4667 ἀδελ-

2121 4612 2499 4675 dilectionem
2531 4633 2669 4694 erga
2713 4633 2848 4675 eum
2882 4616 2983 4696 qui
3007 4615 3229 4695 genuit.
3263 4614 3329 4676 Iu
3361 4612 3766 4696 superioribus

390 4704 490 4784 φὸν
536 4702 694 4760 αὐτοῦ
735 4701 967 4781 ἀγαπᾷν,
1021 4724 1045 4760 ο
1099 4706 1188 4757 νῦν
1245 4697 1301 4755 δὲ
1355 4698 1699 4779 ἀντιστρέψας
1753 4699 1922 4780 λέγει,
1953 4698 2034 4756 ὅτι

2121 4720 2375 4782 namque
2405 4702 2589 4765 dixit:
2624 4727 2647 4757 ‹‹
2685 4701 2798 4775 Qui
2827 4702 3013 4764 Deum
3075 4703 3289 4781 diligit,
3327 4702 3377 4763 is
3424 4714 3482 4765 et
3523 4702 3763 4763 fratrem

391 4796 419 4851 6
447 4793 669 4871 ἀγαπῶν
698 4793 765 4850 τὰ
810 4792 969 4848 τέκνα
1019 4796 1113 4846 τοῦ
1170 4795 1322 4863 Θεοῦ,
1368 4789 1456 4845 καὶ
1511 4793 1601 4845 τ’»ν
1671 4791 1802 4846 Θεὸν
1829 4789 2031 4867 ἀγαπᾷ.

2121 4790 2347 4869 diligit:
2385 4815 2404 4847 ι
2444 4810 2600 4853 nunc
2630 4799 2825 4852 autem
2856 4809 3135 4853 sermone
3167 4792 3399 4852 inverso
3424 4790 3570 4852 dicit
3609 4789 3769 4871 quod

393 4883 494 4940 Καὶ
519 4878 717 4961 δεῖγμα
743 4879 840 4948 τῆς
884 4880 957 4946 εἷς
1016 4879 1145 4936 Θεὸν
1204 4877 1444 4956 ἀγάπης,
1483 4879 1582 4945 τὴν
1639 4880 1712 4942 εἰς
1753 4880 1846 4935 τὸν
1873 4875 2033 4935 ἀδελ-

390 4973 489 5052 φὸν
512 4970 727 5050 ἀγάπην
755 4972 972 5032 τίθεται,
1006 4968 1147 5026 Εἶτα
1173 4966 1275 5035 τὴν
1331 4967 1404 5031 εἰς
1463 4968 1594 5022 Θεὸν
1648 4967 1886 5047 ἀγάπην,
1947 4968 2035 5024 καὶ

388 5069 497 5118 τῶν
577 5058 808 5118 ὶντολῶν
878 5060 1035 5116 αὺτοῦ
1090 5055 1385 5123 ποιητικὴν
1456 5077 1611 5136 φησι,
1662 5054 1840 5120 καλῶς
1882 5065 2034 5115 τοῦτο

388 5150 584 5231 λέγων,
620 5171 645 5207 ι
684 5138 741 5208 ὀ
784 5148 885 5228 γὰρ
926 5147 1148 5225 ἀγαπῶν
1174 5156 1285 5221 tua,
1339 5144 1495 5209 αὐτός
1548 5166 1706 5225 γησιν
1736 5145 1765 5201 ὁ
1820 5146 2030 5223 Σωτὴρ,

390 5241 485 5305 τάς
515 5239 731 5300 ἑντολᾶς
761 5260 863 5314 μου
881 5248 1063 5317 τηρεῖ.
1103 5258 1125 5290 ι
1155 5266 1231 5278 —
1265 5256 1293 5290 α
1322 5231 1465 5301 Αὕτη
1492 5234 1591 5312 γάρ
1619 5234 1759 5292 ἐστιν
1791 5236 1818 5291 6
1849 5234 2032 5312 ἀγάπη

388 5338 483 5388 τοῦ
524 5336 677 5391 Θεοῦ.
736 5350 766 5384 ο
814 5323 903 5384 Ἐν
959 5322 1235 5404 ὑπερϐατῷ
1303 5322 1584 5381 ἀκουστέον
1638 5326 1701 5380 τὸ
1744 5323 2032 5402 προκείμε-

391 5440 482 5476 νον
510 5415 673 5475 οὕτως
703 5433 720 5450 ⁸
751 5419 897 5485 Αὕτη
939 5417 1040 5496 γὰρ
1079 5412 1219 5470 ἐστιν
1250 5411 1287 5483 ἢ
1342 5411 1552 5491 ἀγάπη,
1608 5411 1701 5468 ’ίνα
1754 5413 1849 5476 τὰς
1879 5410 2034 5467 ἐντο-

398 5507 497 5574 λάς
544 5507 704 5565 αὐτοῦ
762 5508 1036 5588 τηρῶμεν,
1097 5502 1178 5560 ὅτι
1198 5508 1304 5560 πᾶν
1383 5503 1446 5558 τὸ
1519 5500 1907 5580 γεγεννημένον
1975 5500 2035 5557 ἐκ

2117 4877 2168 4940 is
2180 4879 2282 4959 qui
2301 4879 2457 4940 ﬁlios
2477 4879 2997 4956 Deidtligit,etiam
3019 4878 3204 4941 Deum
3225 4879 3516 4958 diligitzac
3535 4879 3767 4957 signum

2118 4966 2455 5030 dilectionis
2465 4966 2573 5029 Dei
2589 4967 2753 5047 ponit
2766 4968 3148 5030 dilectionem
3166 4968 3557 5048 ergafratrem
3571 4966 3770 5030 .Dein-

2117 5054 2195 5117 de
2208 5055 2587 5118 dilectionem
2612 5054 2673 5115 in
2698 5058 2884 5118 Deum
2901 5056 3227 5136 aitquoque
3244 5056 3485 5117 efficere
3498 5070 3768 5136 praecep-

2119 5154 2310 5206 torum
2332 5146 2519 5225 ipsius
2530 5143 3004 5205 observationem
3021 5164 3034 5204 :
3056 5154 3218 5207 recte
3238 5148 3346 5207 hoc
3359 5144 3588 5206 dicens:
3604 5161 3765 5217 nam,

2126 5232 2269 5304 «Qui
2288 5252 2385 5294 me
2401 5231 2618 5312 diligit,
2643 5232 2862 5313 aitipse
2875 5233 3470 5315 Salvator,praacepta
3489 5250 3621 5295 mea
3634 5248 3767 5293 ser-

2119 5321 2263 5382 vat6.
2277 5345 2304 5378 ιι
2325 5356 2386 5366 -
2400 5321 2572 5383 «Haec
2586 5322 2745 5383 enim
2763 5330 2855 5383 est
2874 5323 3133 5384 charitas
3162 5323 3291 5385 Dei.
3305 5325 3458 5386 »Per
3472 5320 3768 5404 hyperba-

2119 5418 2219 5473 ton
2253 5410 2708 5490 intelligendum
2734 5412 2993 5491 estquod
3018 5411 3511 5494 proponitur,hoc
3544 5411 3721 5473 modo
3751 5431 3767 5469 :

2116 5500 2254 5564 Haec
2265 5509 2354 5563 est
2365 5499 2527 5563 enim
2540 5496 2907 5562 charitasDet
2921 5512 2986 5563 ut
2999 5510 3294 5584 praecepta
3306 5501 3436 5582 ejus
3467 5515 3774 5563 servemus

478 5666 511 5717 4
534 5669 704 5730 Joan,
740 5684 869 5746 χιιι,
901 5670 997 5734 35,
1087 5671 1121 5723 5
1144 5663 1321 5730 Joan.
1355 5679 1399 5742 ι,
1431 5664 1530 5728 12.
1613 5659 1648 5710 θ
1674 5661 1847 5727 .loan.
1878 5677 2007 5739 XIV,
2041 5661 2140 5726 21.
