4192 6212
467 361 586 435 675

1588 362 1991 438 (ΕΟΗΜΕΝΙΙ
2035 365 2330 434 ΤΗΙΟϐίΕ
2376 372 2709 438 EPISCOPI

3728 359 3844 435 6'76

471 505 749 585 quoniam
783 524 961 569 omne
990 506 1145 588 quod
1181 514 1377 569 natum
1412 512 1579 568 estex
1597 505 1715 567 Deo
1735 506 2112 567 vincitmuu-

2197 509 2290 563 τοῦ
2340 517 2492 573 Θεοῦ.
2537 513 2608 569 Τὸ
2651 510 2730 586 δὲ,
2779 520 2995 590 Βαρεϊαι
3064 511 3160 568 οὒκ
3235 512 3332 568 εἶσὶ
3388 506 3838 590 παρεμϐέόληται.

471 593 848 656 dum.Porro.
887 594 1095 659 Gravia
1126 615 1239 655 non
1269 604 1428 665 sunt,
1463 594 1839 673 interjectum
1872 601 1978 655 est.
2014 593 2118 655 oEt

473 691 763 761 prmcepta
798 683 926 762 ejus
956 686 1151 762 gravia
1182 702 1298 744 non
1341 691 1496 743 sunt.
1545 708 1566 737 ι
1605 681 1732 743 Non
1784 682 1937 743 sicut
1968 682 2116 743 dixit

471 770 759 851 Christus,
793 795 819 825 α
845 770 1056 849 Jugum
1087 790 1284 832 meum
1318 771 1443 832 leve
1475 771 1615 832 est7
1644 792 1659 850 ;
1698 796 1723 825 ι)
1760 770 1844 831 sic
1874 780 1930 831 et
1964 773 2110 850 ipse,

470 859 624 938 quod
651 869 941 940 praecepta
971 859 1123 921 levia
1150 858 1419 933 sunt,sed
1444 859 1600 940 quod
1628 860 1821 939 gravia
1848 878 1961 918 non
1978 872 2113 926 sunt

469 947 795 1028 dixitzapud
830 966 964 1009 eum
993 967 1246 1029 namque
1268 949 1365 1029 qui
1391 951 1459 1010 ad
1487 948 1755 1009 virtutem
1782 948 2115 1021 adducitur,

469 1036 642 1098 etiam
674 1056 804 1117 qua:
834 1037 982 1099 levia
1001 1038 1119 1098 sint
1142 1037 1461 1098 admodum
1490 1037 1684 1116 gravia
1716 1046 2064 1116 reputantur
2100 1059 2113 1100 :

468 1125 973 1207 quemadmodum
1003 1127 1157 1207 apud
1188 1145 1321 1187 eum
1354 1126 1455 1206 qui
1488 1126 1670 1187 robur
1708 1147 1773 1188 ac
1805 1130 2115 1187 sanitatem

469 1214 864 1295 perdiditqnze
878 1215 1076 1277 omnia
1089 1215 1241 1276 bona
1259 1216 1637 1288 etiicit,etiam
1654 1235 1781 1295 qua!
1797 1216 1865 1275 ad
1877 1215 2112 1275 modum

469 1303 616 1363 levia
644 1312 801 1371 sunt.
821 1304 1015 1382 gravia
1032 1302 1642 1384 videntur.Siquidem
1658 1306 1796 1383 quia
1830 1303 2113 1363 videban-

469 1399 565 1453 tur
604 1391 953 1471 quibusdam
1008 1401 1300 1473 prazcepta
1363 1394 1466 1455 Dei
1499 1412 1629 1454 esse
1664 1394 1880 1472 gravia,
1915 1400 2114 1472 utpote

469 1499 600 1560 quae
631 1479 736 1543 Dei
768 1481 1467 1561 essent,proptereadicit
1489 1481 1643 1561 quod
1679 1489 1970 1561 praecepta
1989 1482 2114 1556 ejus

469 1572 664 1648 gravia
696 1588 812 1629 non
845 1568 1160 1641 sunt.Quid
1187 1569 1347 1631 enim
1373 1572 1665 1648 gravitatis
1689 1572 1865 1630 habet
1897 1569 2109 1648 dilige-

470 1676 535 1719 re
549 1656 823 1719 fratrem?
851 1660 1141 1720 l’mterea
1170 1660 1310 1739 quid
1343 1659 1639 1739 gravitatis
1671 1659 1851 1719 habet
1882 1657 2114 1720 visitare

2204 620 2231 651 α
2283 600 2377 654 Καὶ
2419 602 2469 655 αἱ
2499 599 2704 657 ἐντολαὶ
2748 602 2905 657 αὐτοῦ
2952 601 3162 681 βαρεῖαι
3221 600 3315 656 οὒκ
3357 600 3475 662 εἶσί,
3524 621 3552 652 ι
3602 597 3709 655 Οὔκ
3752 596 3841 652 εἷ-

2197 706 2292 739 πεν
2334 685 2512 766 ὥσπερ
2556 691 2583 745 ὁ
2643 690 2887 768 Χριστὸς,
2943 688 3024 745 ὅτι
3088 711 3111 746 ι
3151 681 3208 747 Ὀ
3250 689 3402 766 ζυγός
3460 710 3561 763 μου
3622 684 3841 765 ἐλαφρός

2196 772 2329 851 ἐστι,
2369 795 2396 833 ι
2430 778 2515 831 καὶ
2564 778 2742 850 αὖτός,
2802 775 2884 833 ὅτι
2929 780 2980 835 αἶ
3040 776 3243 835 ἐντολαὶ
3286 776 3504 856 ἐλαφραι
3535 777 3685 850 εἰσιν,
3723 770 3839 829 αλλ’

2195 860 2274 917 ὅτι
2302 863 2504 943 βερεΐαι
2560 867 2653 922 οῦκ
2710 867 2831 927 εἰσι,
2882 873 2969 941 Τῷ
3027 868 3127 945 γὰρ
3169 866 3482 944 ἀναγομένῳ
3538 860 3656 920 κατ’
3713 863 3838 940 ἀρε-

2199 956 2298 1017 τὴν
2327 954 2412 1007 καὶ
2469 953 2535 1008 τὲ
2595 954 2730 1010 πάνυ
2771 955 2935 1034 βαρέα
2992 962 3158 1035 κοῦφα
3216 952 3497 1032 λογίζεται,
3548 953 3727 1030 ὥσπερ
3766 958 3840 1025 τῷ

2198 1036 2586 1108 ἀποϐεϐληκότι
2643 1044 2739 1111 τὴν
2783 1045 2952 1100 πάντα
3036 1045 3385 1121 κατορθοῦσιν
3442 1043 3507 1097 τὰ
3553 1038 3699 1103 ,καλὰ
3755 1041 3835 1095 sb-

2199 1130 2441 1202 ρωστίαν,
2530 1132 2618 1187 καὶ
2686 1132 2752 1187 τὰ
2823 1129 2957 1189 πάνυ
3012 1130 3211 1211 ἐλαφρὰ
3308 1130 3469 1208 βαρέα
3551 1128 3835 1207 λογίζεται.

2201 1215 2414 1284 Ἐπειδὴ
2485 1220 2583 1296 γάρ
2657 1217 2823 1276 ἐδόκει
2879 1222 2985 1277 τισὶ
3058 1222 3151 1285 τὰς
3237 1218 3454 1283 ἐντολὰς
3540 1228 3632 1276 τοῦ
3712 1219 3841 1273 Θεοῦ

2197 1305 2406 1383 βαρείας
2454 1321 2591 1363 εἶναι
2650 1306 2740 1364 ἂτε
2772 1316 2927 1381 Οεοῦ,
2979 1307 3063 1366 διὰ
3092 1308 3245 1364 τοῦτό
3305 1329 3462 1386 φησιν
3522 1305 3601 1361 ὅτι
3660 1308 3717 1362 Εἰ
3749 1303 3836 1359 ἐν-

2196 1392 2347 1450 τολαί
2377 1396 2534 1452 αότοῦ
2566 1404 2781 1475 Βαρεϊαι
2840 1395 2933 1454 οῦκ
2988 1400 3108 1458 εἶσι,
3169 1403 3227 1455 Τί
3256 1398 3356 1474 γὰρ
3399 1396 3531 1473 βαρὺ
3588 1396 3652 1450 τὸ
3708 1393 3841 1471 ἀγα-

2195 1488 2299 1554 πᾷν
2339 1484 2427 1540 τὸν
2498 1483 2759 1565 ἀδελφόν,
2822 1484 2959 1541 ἀλλὰ
3014 1488 3101 1542 καὶ
3152 1487 3211 1541 τὸ
3268 1486 3320 1540 ὲν
3363 1481 3573 1563 φυλακῇ
3621 1481 3837 1538 ἐπισκέ-

2194 1574 2411 1628 πτεσθαι
2451 1573 2503 1629 τί
2557 1574 2730 1653 βαρύς
2794 1576 2865 1631 Οῦ
2907 1575 3005 1653 γὰρ
3090 1573 3404 1643 ἐξαιρεῖσθαί
3467 1593 3596 1651 φησι
3639 1572 3729 1626 τὸν
3786 1568 3839 1624 ὲν

2196 1659 2425 1739 φυλακῇ,
2486 1662 2514 1717 ὃ
2571 1660 2842 1742 δυσχερὲς,
2941 1659 3060 1717 ἀλλ’
3151 1661 3553 1718 ἓπισκέπτεσθαι
3625 1659 3785 1736 μόνον
3811 1679 3825 1693 ·

470 1765 606 1809 eum
636 1746 736 1827 qui
771 1747 829 1807 in
861 1765 1100 1809 carcere
1119 1747 1238 1808 est?
1261 1768 1452 1827 neque
1486 1749 1643 1809 enim
1676 1746 2112 1827 liberarejubet

2197 1746 2311 1804 οῦδὲ
2368 1750 2458 1805 τὸν
2513 1750 2827 1806 ἀσθενοῦντι
2884 1748 3239 1806 ἀπαλλάττειν
3294 1754 3392 1816 τῆς
3467 1749 3645 1824 νόσου,
3703 1744 3838 1802 ἀλλὰ

471 1853 604 1897 eum
636 1834 736 1916 qui
768 1844 854 1896 est
904 1835 963 1896 in
1016 1855 1278 1909 carcere,
1333 1839 1483 1918 quod
1524 1836 1758 1898 dimi-ile
1795 1846 1971 1907 esset,
2005 1837 2107 1898 sed

470 1932 693 1985 tantum
721 1924 963 1985 visitare
995 1943 1006 1987 :
1045 1943 1237 2005 neque
1266 1942 1403 1988 eum
1437 1925 1534 2006 qui
1568 1934 1813 1999 aegrotat
1858 1924 2112 1988 lberare

466 2012 541 2074 ah
574 2012 1056 2092 aagritudine,sed
1095 2020 1317 2075 tantum
1348 2014 1806 2094 visitare,neque
1828 2014 2111 2081 esurienti

471 2120 734 2164 mensam
769 2101 1073 2182 opiparam
1119 2103 1291 2182 jubet
1344 2122 1666 2183 apponere,
1703 2122 1894 2182 neque
1956 2104 2111 2164 nudo

465 2190 844 2270 suppeditare
903 2191 1311 2254 vestimentum
1362 2194 1661 2272 superﬂua
1717 2192 2113 2269 variegatione

468 2287 854 2359 praeparatum
874 2280 1002 2341 :sed
1036 2299 1165 2361 quae
1195 2282 1595 2343 necessarium
1624 2300 1790 2342 usum
1825 2282 2109 2353 tribuant,

467 2386 641 2448 quem
695 2369 743 2429 is
780 2367 962 2430 esurit
1000 2375 1103 2428 aut
1135 2371 1329 2429 nudus
1353 2378 1464 2443 est,
1491 2369 1759 2449 requirit.
1796 2368 2107 2449 Postquam

466 2456 541 2517 de
574 2456 665 2516 his
694 2456 774 2518 ita
806 2456 1119 2529 ordinavit,
1150 2457 1313 2518 addit
1341 2458 1434 2519 his
1465 2476 1595 2537 qua)
1619 2459 1740 2536 jam
1772 2458 1926 2518 dicta
1976 2467 2109 2519 sunt

466 2554 523 2605 et
551 2544 711 2605 aliud
750 2544 905 2625 quod
933 2545 1005 2605 ad
1051 2546 1475 2607 exhibitionein
1526 2545 1825 2606 charitatis
1858 2546 2105 2617 inducit,

466 2631 759 2704 Quidnam
786 2632 928 2694 illud
952 2632 1073 2694 est?
1104 2634 1345 2694 victoria
1377 2634 1470 2695 Ait
1492 2634 1649 2695 enim
1677 2652 1691 2696 :
1730 2653 1835 2693 vos
1879 2637 1977 2713 qui
2010 2635 2104 2696 di-

466 2720 723 2782 lectione
746 2739 883 2799 erga
914 2722 1243 2800 proximum
1269 2722 1535 2802 vosipsos
1566 2721 1671 2782 Dei
1702 2722 1853 2783 ﬁlios
1885 2725 2113 2785 constiJ

470 2808 656 2888 tuitis,
684 2810 808 2888 jam
834 2816 895 2872 et
915 2810 1028 2871 hoc
1047 2809 1279 2871 habetis
1311 2810 1463 2891 quod
1490 2810 1962 2872 comitaturillud
1986 2812 2111 2875 fac-

469 2907 589 2959 tum
625 2897 951 2977 egregium,
986 2916 1198 2979 nempe
1228 2907 1290 2961 ut
1320 2898 1603 2960 mundum
1652 2899 1892 2961 vincatis
1924 2920 2111 2981 :quo-

2195 1836 2354 1912 μόνον
2409 1836 2810 1894 ἐπισκέπτεσθαι
2858 1853 2873 1867 ⁸
2933 1836 3046 1894 obdit
3101 1842 3179 1912 τῷ
3261 1843 3506 1894 πεινῶντι
3572 1834 3836 1902 πολυτελῆ

2192 1926 2450 2004 τράπεζαν
2521 1926 2857 1994 παρατιθέναι
2894 1925 3118 1997 κελεύει,
3192 1925 3228 1994 ἢ
3284 1931 3362 1999 τῷ
3404 1932 3587 2003 γυμνῷ
3628 1926 3835 2001 ἱμάτιον

2194 2011 2386 2069 διδόναι
2457 2020 2675 2093 περιττῇ
2742 2012 2978 2087 ποικιλίᾳ
3060 2014 3536 2091 κατεκευασμένον,
3596 2010 3731 2068 ἀλλὰ
3774 2013 3837 2067 τὰ

2194 2103 2290 2170 τὴν
2320 2103 2608 2181 ἁναγκαιαν
2672 2103 2856 2183 χρείαν
2911 2103 3276 2182 παρεχόμενα,
3312 2105 3378 2168 ἢν
3422 2106 3449 2158 ὁ
3502 2108 3695 2158 πεινῶν
3749 2102 3836 2157 καὶ

2196 2195 2223 2247 ὃ
2254 2193 2595 2270 γυμνητεύων
2624 2192 2889 2263 ἐπιζητεῖ,
2924 2191 3101 2254 Οἲτως
3159 2192 3226 2246 τὰ
3286 2192 3403 2270 περὶ
3476 2191 3673 2248 τούτων
3702 2187 3831 2245 διοι-

2193 2284 2518 2358 κησάμενος,
2591 2284 2851 2351 ἐπιτίθησι
2913 2284 3116 2347 τούτοις
3188 2296 3305 2346 τοῖς
3363 2282 3465 2350 ἤδη
3536 2283 3831 2361 εἰρημένοις

2194 2373 2280 2427 καὶ
2336 2371 2510 2450 ἕτερον
2568 2372 2850 2428 ἐπακτικὸν
2906 2372 3037 2451 πρὸς
3121 2374 3484 2451 μεταχείρισιν
3538 2372 3635 2439 τῆς
3695 2370 3830 2449 ὰγᾶ-

2192 2482 2322 2527 πης.
2355 2462 2414 2518 Τί
2468 2463 2660 2535 τοῦτο;
2713 2462 2821 2528 Τὴν
2881 2462 3054 2527 νίκην,
3101 2461 3240 2526 Φησὶ
3284 2462 3406 2539 γὰρ,
3466 2457 3546 2514 ὅτι
3607 2460 3705 2514 Δια
3733 2462 3832 2527 τῆς

2191 2551 2319 2627 πρὸς
2363 2551 2452 2605 τὸν
2522 2546 2741 2628 ἀδελφὸν
2799 2547 3041 2628 ἀγάπης,
3098 2547 3257 2605 τέκνα
3315 2554 3657 2612 συνιστῶντες
3713 2549 3832 2603 ἐαυ-

2190 2639 2311 2701 τοὺς
2342 2648 2432 2697 τοῦ
2474 2644 2625 2711 Θεοῦ,
2675 2636 2827 2716 ἔχετε
2873 2638 2960 2694 καὶ
3000 2643 3153 2692 τοῦτο
3207 2635 3308 2703 ἤδη
3362 2638 3456 2693 τοῦ
3484 2637 3827 2715 κατορθώμα-

2191 2748 2281 2789 τος
2330 2729 2513 2783 τούτου
2571 2724 2997 2801 ἐπακολούθημα,
3057 2726 3118 2781 τὸ
3160 2727 3249 2780 τὸν
3305 2725 3503 2800 κόσμον
3559 2732 3726 2798 νικᾷν,
3762 2726 3831 2783 Τὸ

2193 2819 2291 2897 γὰρ
2320 2817 2701 2896 γεγεννημένον
2732 2817 2791 2873 ἐκ
2832 2824 2920 2872 τοῦ
2949 2824 3079 2877 Θεοῦ
3120 2823 3239 2889 νικᾷ
3275 2819 3366 2873 τὸν
3422 2818 3644 2893 κόσμον.
3694 2816 3830 2873 Εἶτα

2192 2908 2506 2985 παρατίθησι
2537 2908 2626 2962 καὶ
2679 2907 2777 2973 τὴν
2833 2906 3006 2980 νίκην,
3060 2906 3147 2962 καὶ
3203 2906 3262 2962 τὸ
3321 2904 3401 2961 διὸ
3447 2908 3482 2974 ἡ
3540 2906 3683 2980 νίκη,
3731 2906 3830 2972 τὴν

465 2984 623 3045 niam
658 2984 717 3044 id
739 2986 891 3064 quod
926 2998 1128 3046 natum
1164 2993 1252 3047 est
1298 3005 1365 3047 ex
1411 2984 1742 3060 Deo,vincit
1795 2987 2101 3052 mundum.

2195 2984 2365 3053 πίστιν
2433 2995 2729 3077 ἀμφότερον
2800 2994 2942 3052 εἶναι
3010 2992 3203 3073 λέγων,
3251 2991 3493 3061 δηλονότι
3535 2995 3633 3062 τὴν
3699 2996 3829 3074 πρὸς

463 3071 693 3135 Deinde
724 3073 886 3133 addit
916 3083 969 3134 et
1003 3073 1331 3149 victoriam,
1370 3084 1426 3136 et
1456 3073 1594 3154 quid
1629 3074 1703 3135 sit
1728 3093 1904 3136 causa
1920 3075 2104 3137 victo-

2195 3085 2276 3140 τὸν
2321 3071 2540 3156 Gabinii
2584 3071 2662 3149 τις
2691 3085 2778 3143 καὶ
2833 3083 2893 3140 ὲκ
2939 3089 3031 3139 τυῦ
3079 3071 3212 3141 Θεοῦ
3258 3086 3573 3161 γεννηθετσα
3623 3071 3829 3150 ἒνίκησε

462 3162 590 3241 riae,
623 3178 690 3222 ac
722 3169 1037 3241 utrumque
1064 3161 1201 3224 fidei
1224 3163 1538 3225 convenire
1563 3162 1725 3238 dicit,
1750 3171 1801 3225 ei
1835 3164 2107 3228 videlicet

2195 3170 2361 3221 πᾶσαν
2430 3164 2673 3221 ἀπιστίαν
2729 3165 2815 3221 καὶ
2885 3161 3151 3238 ἀπήλασε,
3210 3160 3299 3219 καὶ
3358 3160 3638 3244 Ἰουδαῖος,
3714 3164 3829 3219 οὗτε

463 3267 595 3330 quae
635 3257 724 3310 est
756 3267 893 3328 erga
922 3248 1134 3326 Deum,
1170 3268 1301 3329 quae
1323 3250 1498 3313 etiam
1534 3270 1600 3314 ex
1638 3250 1756 3313 Deo
1788 3262 1943 3327 nata,
1968 3252 2105 3315 vicit

2195 3244 2428 3333 υΕλλην,
2503 3250 2618 3310 οὔτε
2674 3254 2931 3333 αἱρετικὸς
3012 3249 3221 3307 δύναται
3284 3252 3415 3330 πρὸς
3471 3253 3658 3322 αὒτήν,
3735 3252 3831 3310 Καὶ

462 3346 521 3400 et
544 3336 738 3415 abegit
765 3356 1002 3399 omnem
1046 3338 1562 3401 incredulitatem:
1590 3339 1730 3402 596
1772 3360 1965 3422 neque
1994 3340 2103 3404 Ju-

2195 3340 2372 3409 ἐπειδὴ
2401 3344 2435 3410 ἡ
2476 3342 2648 3405 πίστις
2679 3346 2739 3400 οῦ
2780 3339 2914 3417 ψιλὴ
2945 3345 3087 3415 νικᾷ,
3148 3339 3285 3397 ἀλλὰ
3313 3341 3445 3417 μετᾶ
3478 3348 3572 3397 τοῦ
3610 3341 3830 3421 ἔχοντος

459 3426 642 3499 ἀίευε,
669 3445 862 3508 neque
892 3426 1355 3509 Graecus,neque
1376 3428 1697 3492 Hzercticns
1714 3441 1904 3511 potest
1936 3433 2108 3513 quid-

2195 3431 2374 3506 αὐτὴν,
2406 3428 2489 3487 διὰ
2516 3437 2669 3487 τοῦτο
2720 3430 3026 3509 προστίθησι
3074 3443 3089 3457 ’
3159 3447 3190 3487 ι
3221 3430 3318 3487 Καὶ
3372 3430 3449 3493 τίς
3494 3430 3633 3486 ἐστιν
3689 3433 3718 3487 ὁ
3747 3452 3830 3485 νι-

460 3536 634 3599 quam
658 3518 940 3580 adversus
969 3518 1151 3582 illam.
1187 3520 1258 3581 Et
1287 3521 1563 3600 quoniam
1596 3522 1743 3582 ildes
1788 3541 1905 3583 non
1943 3524 2099 3586 nuda

2195 3521 2295 3577 κῶν
2336 3523 2426 3577 τὸδ
2472 3520 2696 3596 κόσμον,
2742 3520 2784 3575 εί
2814 3518 2892 3593 μὴ
2947 3519 2976 3573 ὁ
3006 3518 3269 3574 πιστεύων
3301 3516 3382 3574 ὅτι
3434 3518 3643 3585 Ἰησοῦς
3691 3519 3832 3575 ἐστιν

457 3607 660 3679 vincit,
691 3607 795 3668 sed
829 3626 945 3668 una
974 3627 1105 3669 cum
1143 3627 1213 3670 eo
1250 3609 1350 3688 qui
1385 3609 1571 3689 ipsam
1621 3610 1818 3683 habet,
1853 3622 2093 3693 propte-

2195 3635 2205 3667 ι
2249 3613 2366 3675 Υἱὸς
2434 3616 2525 3666 τοῦ
2567 3614 2739 3683 Θεοῦ;
2797 3632 2823 3662 ιι
2888 3608 2986 3665 Καὶ
3026 3606 3101 3670 τίς
3151 3608 3301 3670 οὗτός
3354 3609 3490 3664 εστὶν
3570 3607 3822 3687 Ἰησοῦςς

456 3698 561 3758 rea
592 3695 776 3758 addit.
812 3720 832 3752 ι
872 3696 941 3757 Et
973 3696 1106 3777 quis
1156 3707 1245 3759 est
1296 3698 1393 3779 qui
1425 3699 1603 3760 vincit
1635 3701 1942 3777 mundum,
1979 3701 2091 3762 nisi

2196 3712 2234 3761 0
2265 3701 2331 3758 δι’
2360 3698 2543 3762 ὓδατος
2575 3699 2657 3754 καὶ
2690 3696 2883 3773 ἵματος
2915 3696 3117 3764 Ἰησοῦς
3160 3698 3188 3751 ὁ
3222 3696 3463 3774 Χριστός,

458 3785 557 3864 qui
602 3784 794 3845 credit
850 3785 1006 3865 quod
1036 3784 1208 3848 Jesus
1239 3795 1329 3849 est
1357 3786 1542 3850 Filius
1591 3787 1743 3851 Dei?
1778 3812 1801 3847 ι)
1858 3789 1999 3862 Quis
2044 3801 2137 3856 est
2186 3798 2382 3853 autem
2434 3787 2544 3849 iste
2580 3783 2805 3849 Jesus?
2834 3782 2948 3857 Qui
2998 3801 3102 3865 per
3142 3801 3354 3867 aquam
3385 3793 3444 3846 et
3473 3783 3827 3864 sanguinem

459 3874 619 3933 venit
648 3870 824 3933 Jesus
853 3871 1139 3935 Christus.

538 3959 918 4034 V,6-12.Hic
946 3970 1033 4025 est
1063 3965 1173 4043 qui
1202 3967 1368 4026 venit
1392 3984 1500 4044 per
1524 3983 1744 4045 aquam
1774 3974 1832 4029 et
1860 3974 2105 4047 sangui-

2270 3970 2432 4035 Οὗτός
2499 3967 2639 4024 ἐστιν
2710 3967 2738 4022 ὁ
2808 3963 2971 4021 ἐλθὼν
3042 3961 3115 4019 δι’
3170 3962 3356 4028 ὓδατος
3444 3966 3531 4021 καὶ
3600 3962 3830 4039 αἵματος

454 4067 594 4112 nem
622 4047 795 4112 Jesus
826 4051 1249 4115 Christusmon
1265 4071 1380 4134 per
1406 4072 1628 4134 aquam
1648 4055 1978 4130 solum,sed
1998 4076 2108 4137 per

2195 4057 2396 4127 ἰησοῦς
2443 4057 2694 4135 Χγιστὸς,
2754 4057 2849 4112 οῦκ
2900 4051 2955 4108 ἐν
3000 4057 3079 4126 τῷ
3142 4051 3287 4109 ὕδατι
3346 4053 3530 4130 μόνον,
3602 4049 3722 4109 ἀλλ’
3780 4051 3833 4107 ἐν

459 4156 680 4217 aquam
709 4146 764 4201 et
782 4144 1164 4220 sanguinem.
1188 4142 1273 4204 Et
1301 4144 1653 4223 spiritusest
1675 4146 1783 4224 qui
1821 4147 2108 4225 testiﬁca-

2195 4151 2268 4223 τῷ
2331 4145 2479 4203 ὕδατι
2533 4144 2621 4200 καὶ
2675 4148 2752 4218 τῷ
2794 4140 3009 4217 α’ίματι.
3058 4142 3156 4199 Καὶ
3209 4142 3271 4197 τὸ
3328 4140 3534 4217 Πνεῦμα
3589 4140 3719 4212 ἐστι,
3774 4142 3833 4196 τὸ

468 4234 593 4301 tur,
628 4230 917 4308 quoniam
958 4229 1225 4309 Spiritus
1252 4240 1339 4292 est
1369 4238 1621 4295 veritas.
1658 4234 1959 4307 Quoniam
1992 4241 2112 4297 tres

2197 4236 2508 4316 μαρτυροῦν,
2602 4230 2683 4287 ὅτι
2779 4232 2840 4286 τὸ
2923 4229 3134 4305 Πνεῦμά
3218 4229 3361 4286 ἐστιν
3455 4232 3490 4299 ἡ
3586 4228 3829 4299 ἀλήθεια.

465 4325 607 4379 sunt
637 4318 741 4397 qui
763 4318 1656 4401 testiﬁcantur,Spiritus,aqua
1679 4329 1734 4384 et
1759 4324 2032 4404 sanguis;
2059 4330 2112 4385 et

2236 4333 2327 4382 Οτι
2372 4336 2518 4402 τρεῖς
2574 4322 2704 4377 εἰσιν
2747 4320 2792 4376 οἱ
2848 4325 3251 4399 μαρτυροῦντες,
3325 4320 3387 4374 τὸ
3448 4325 3680 4398 Πνεῦμα,
3747 4319 3833 4374 καὶ

467 4406 535 4466 hi
563 4410 683 4467 tres
704 4405 782 4467 ad
808 4424 1000 4468 unum
1026 4415 1192 4469 sunt.
1224 4407 1298 4470 Si
1342 4410 1750 4472 testimonium
1798 4409 2112 4473 hominum

2195 4416 2254 4471 τὸ
2295 4412 2451 4487 ὕδωρ,
2498 4411 2673 4466 καὶτὸ
2701 4409 2864 4484 αἷμα.
2910 4409 2998 4465 καὶ
3040 4410 3087 4465 0i
3132 4422 3277 4488 τρεῖς
3323 4409 3395 4472 εἰς
3451 4410 3512 4464 τὸ
3571 4406 3621 4464 ἕν
3678 4409 3831 4473 εἰσιν,

464 4493 820 4573 accipimus,
846 4497 1255 4559 testimonium
1288 4496 1404 4559 Dei
1433 4501 1671 4576 majus:
1697 4501 1980 4578 quoniam
2002 4500 2112 4563 hoc

2202 4505 2257 4560 Ei.
2323 4502 2422 4569 τὴν
2479 4499 2758 4579 μαρτυρίαν
2821 4502 2925 4553 τῶν
2996 4496 3280 4575 ἀνθρώπων
3314 4577 3342 4579 ,Α
3376 4495 3742 4573 λαμϐάνομεν,
3798 4498 3832 4565 ἡ

466 4589 553 4645 est
584 4583 991 4672 testimonium
1012 4585 1144 4659 Dei,
1179 4585 1340 4666 quod
1381 4577 1731 4666 testiﬁcatus
1751 4596 1838 4649 est
1867 4589 1939 4650 de
1957 4589 2112 4652 Filio

2198 4590 2445 4671 μαρτυρία
2487 4577 2580 4648 τοῦ
2622 4595 2753 4646 Θεοῦ
2825 4588 3015 4663 μείζων
3085 4587 3246 4649 ἐστίν.
3308 4577 3436 4644 υΟτι
3509 4585 3639 4654 αὕτη
3697 4587 3832 4643 ἐστὶν

464 4670 731 4760 suo.Qui
739 4671 925 4734 credit
947 4679 1012 4734 in
1030 4672 1266 4736 Filium
1291 4674 1602 4756 Dei,habet
1628 4678 2033 4739 testimonium
2048 4680 2112 4740 in

2195 4685 2229 4749 ἡ
2276 4670 2545 4760 μαρτυρία
2592 4700 2685 4760 του
2760 4684 2911 4749 Θεοῦ,
2972 4675 3039 4745 ἢν
3122 4677 3492 4756 μεμαρτύρηκε
3548 4681 3675 4757 περὶ
3746 4677 3838 4733 τοῦ

463 4761 676 4839 seipse.
690 4757 813 4834 Qui
829 4778 950 4823 non
975 4761 1166 4825 credit
1186 4763 1331 4838 Deo,
1344 4763 1713 4837 ,mendacem
1728 4766 1871 4844 fecit
1894 4769 2111 4847 ipsum,

465 4850 611 4929 quia
628 4865 751 4910 non
770 4850 963 4912 credit
982 4856 1047 4912 in
1084 4852 1523 4926 testimonium,
1560 4854 1718 4931 quod
1756 4856 2117 4934 tes/iﬁcatus

465 4942 552 4999 est
569 4937 723 5000 Deus
741 4939 811 5000 de
834 4940 994 5003 Filio
1015 4941 1240 5003 suo.Et
1260 4941 1371 5004 hoc
1386 4951 1472 5004 est
1496 4945 1931 5017 testimonium,
1956 4945 2118 5025 quod

464 5026 655 5089 vitam
675 5035 965 5091 wternam
995 5030 1164 5092 dedit
1203 5031 1375 5093 nobis
1418 5030 1579 5094 Deus
1609 5050 1622 5094 :
1653 5040 1709 5092 et
1740 5033 1862 5095 haec
1892 5035 2019 5096 vita
2048 5037 2117 5095 in

462 5116 635 5205 Filio
657 5120 786 5194 ejus
813 5126 925 5180 est.
957 5118 1270 5195 Qui/labet
1293 5119 1539 5196 Filium,
1562 5118 1736 5183 habet
1765 5124 1981 5185 vitam:
2006 5124 2117 5205 qui

462 5221 588 5268 non
614 5204 786 5270 habet
817 5207 1040 5271 Filium
1062 5209 1194 5284 Dei,
1213 5211 1421 5271 .vitam
1458 5226 1577 5271 non
1606 5207 1803 5291 habet.
1853 5286 1857 5291 .

2200 4769 2321 4827 Υἱοῦ
2362 4757 2539 4847 αὐτοῦ,
2608 4757 2666 4823 ιΟ
2710 4765 2966 4822 πιστεύων
3033 4766 3105 4829 εἰς
3161 4765 3251 4820 τὸν
3297 4767 3448 4847 qrth
3516 4772 3608 4822 τοῦ
3679 4773 3830 4842 Θεοῦ,

2198 4858 2315 4938 ἔχει
2369 4858 2469 4925 τὴν
2524 4844 2810 4935 μαρτυρίαν
2880 4852 2934 4909 ἐν
3004 4854 3196 4928 ἑαυτῷ,
3294 4844 3351 4911 Ὀ
3424 4854 3503 4929 μὴ
3577 4855 3834 4912 πιστεύων

2198 4953 2275 5021 τῷ
2317 4954 2453 5026 Θεῷ,
2527 4944 2760 5020 ψεύστην
2813 4943 3101 5009 πεποίηκεν
3198 4942 3375 5012 αὐτὸν,
3434 4943 3514 5001 ὅτι
3570 4947 3632 5003 οὒ
3672 4943 3834 5000 πεπί-

2200 5057 2409 5093 στευκεν
2485 5034 2560 5095 είς
2616 5031 2713 5099 τὴν
2784 5030 3088 5111 μαρτυρίαν,
3174 5030 3241 5099 ἢν
3336 5033 3734 5111 μεμαρτύρηκεν
3807 5035 3835 5087 ὁ

2202 5126 2330 5188 Θεὸς
2387 5124 2504 5203 περὶ
2571 5122 2664 5178 τοῦ
2731 5122 2852 5177 Υἱοῦ
2916 5119 3098 5180 αὑτοῦ.
3187 5122 3285 5180 Καὶ
3377 5120 3511 5189 αῧτη
3581 5122 3719 5180 ἐστὶν
3799 5123 3835 5190 ἡ

2199 5212 2470 5292 μαρτυρία,
2529 5211 2609 5267 ὃτι
2680 5209 2821 5295 ζωὴν
2885 5211 3096 5268 αἰώνιον
3148 5208 3338 5267 ἔδωκεν
3395 5214 3530 5287 ἡμῖν
3586 5214 3614 5268 ὁ
3683 5211 3834 5295 Θεός.

468 5296 566 5352 Καὶ
610 5297 741 5363 αὕτη
772 5299 806 5365 ἦ
838 5298 951 5368 ζωὴ
981 5297 1035 5354 ἓν
1078 5305 1154 5374 τῷ
1184 5301 1290 5373 Υἱῷ
1315 5298 1473 5358 αὑτοῦ
1500 5301 1664 5359 εστιν.
1701 5290 1760 5358 Ὀ
1806 5287 1948 5383 ἔχων
1988 5304 2079 5359 τὸν
2113 5287 2255 5377 Υἶὸν,
2277 5287 2407 5382 ’ἔχει
2436 5300 2535 5366 τὴν
2592 5300 2758 5370 ζωήν.
2794 5287 2851 5357 Ὀ
2881 5300 2957 5375 μὴ
2982 5298 3121 5381 ἔχων
3149 5302 3240 5358 τὸν
3287 5299 3407 5356 Υίὸν
3434 5303 3527 5359 τοῦ
3554 5308 3706 5382 Θεοῦ,
3738 5287 3839 5368 τὴᾷ

465 5383 608 5455 ζωὴν
653 5388 747 5443 οὒκ
789 5386 930 5467 ἔχει,
983 5411 1007 5441 n

545 5469 831 5544 Quoniam
864 5482 925 5536 et
955 5474 1399 5557 propagationis
1432 5475 1690 5540 ﬁliorum
1729 5479 2115 5558 meminerat,

548 5632 578 5683 7
607 5629 809 5700 Matth.
845 5649 910 5717 ιι,
943 5633 1045 5709 30,

2278 5479 2497 5550 Ἐπειδὴ
2553 5479 2857 5545 τεκνώσεως
2924 5478 3149 5556 ἐμνήσθε
3202 5487 3331 5539 Θεοῦ
3384 5482 3472 5539 καὶ
3539 5481 3720 5561 ’τόκου⁹
3769 5481 3839 5538 εἰ·
