4192 6212
345 342 460 412 677
1385 350 1784 418 COMMENT.
1833 351 1916 414 IN
1963 342 2210 417 EPIST.
2254 352 2278 413 Ι
2320 349 2655 415 JOANNIS.
3596 338 3714 410 678

343 483 481 564 πών,
516 490 628 540 Πᾶν
656 486 715 542 τὸ
747 484 1132 566 γεγεννημένον
1172 486 1232 543 ἐκ
1259 486 1350 543 τοῦ
1399 493 1552 559 Θεοῦ,
1612 484 1777 543 ταῦτα
1804 482 1859 540 δὲ
1902 481 2006 538 διὰ.

2086 480 2493 545 licens:0mne
2512 483 2666 564 quod
2698 492 2893 549 natum
2928 503 2994 546 ex
3020 484 3141 546 Deo
3167 501 3181 545 :
3217 481 3343 541 haec
3366 484 3717 576 autem-per

338 580 433 629 τοῦ
474 574 624 653 ἁγίου
672 576 1033 653 βαπτίσματος
1087 578 1225 651 ἡμῖν
1290 576 1629 655 περιγίνεται,
1689 573 1773 632 διὰ
1829 573 1982 631 τοῦτό

2086 588 2298 630 ἱιεῐἪῐΠ
2334 571 2624 649 baptisma
2644 571 2811 633 nobis
2834 573 3528 651 contingunt;propterea
3546 566 3712 655 dicit:

342 651 533 742 φησιν,
565 687 593 717 α
641 651 804 730 Οὗτός
847 651 987 721 ἐστιν
1022 667 1049 720 6
1092 663 1256 721 ἐλθὼν
1310 662 1377 720 δι’
1432 662 1616 726 ὕδατος
1666 666 1753 720 καὶ
1808 662 1984 739 αἵμα-

2086 656 2213 717 ιΗίε
2246 668 2333 718 εει
2365 659 2466 739 qui
2498 660 2655 721 venit
2687 679 2791 739 per
2819 678 3027 741 aquam
3062 669 3120 722 et
3150 655 3498 736 sanguinem
3543 651 3718 715 Jesus
3758 711 3762 716 .

342 773 432 815 τος
462 750 669 819 Ἰησοῦς
702 754 945 832 Χριστός.
982 777 1010 808 ι
1060 756 1157 811 Καὶ
1188 754 1323 816 τίνος
1367 756 1526 834 χάριν
1585 752 1783 833 mem;
1818 749 1982 808 Ἀνα-

2086 745 2393 834 3hristus.»
2432 746 2501 808 Et
2532 751 2700 827 cujus
2720 750 2903 827 gratia
2932 750 3135 811 venit?
3164 757 3225 809 ut
3245 767 3349 808 nos
3372 755 3714 828 regeneret,

342 843 541 918 γεννῶν
569 844 714 917 ἡμᾶς
770 844 856 899 καὶ
897 843 1034 908 υἱοὺς
1078 848 1255 899 ποιῶν
1308 849 1463 904 Θεοῦ,
1526 844 1623 898 Καὶ
1680 842 1778 920 γὰρ
1832 847 1986 896 τοῦτο

2086 850 2139 893 Ic
2169 833 2349 895 Filios
2374 834 2479 897 Dei
2513 835 2728 898 elﬁciat
2784 835 2928 899 Nam
2963 846 3020 899 et
3051 839 3161 899 hoc
3194 846 3468 916 tanquam
3494 853 3719 898 sermo-

346 932 419 993 ὡς
450 929 707 1007 ἑπόμενον
729 937 806 1005 τῷ
847 929 991 1009 λόγῳ
1043 932 1131 987 καὶ
1170 930 1494 1002 ὶξακούεται,
1550 930 1641 986 ’ἕνα
1685 931 1721 997 ἦ
1778 927 1942 992 οὕτως
1973 946 1985 958 ·

2086 941 2207 983 nem
2232 941 2604 1005 consequens
2635 924 3188 1007 subintelligitur,ut
3234 925 3309 987 sit
3352 926 3447 987 hic
3479 943 3710 987 sensus.

355 1020 451 1076 Καὶ
509 1025 615 1076 πᾶν
656 1020 747 1076 τὸν
789 1019 1172 1098 γεγεννημένον
1229 1018 1287 1074 ἐκ
1326 1026 1419 1075 τοῦ
1486 1026 1616 1075 Θεοῦ
1684 1023 1802 1089 νικᾷ
1898 1017 1989 1072 τὸν

349 1106 572 1181 κόσμον.
622 1109 721 1165 Καὶ
762 1108 873 1170 πῶς
900 1108 1198 1185 ἐγεννήθη,
1248 1106 1327 1163 Δι’
1358 1106 1565 1186 ὕδατος,
1598 1108 1747 1187 φησὶ,
1781 1108 1866 1163 καὶ
1891 1103 1988 1160 αἴ-

350 1218 539 1270 ματος.
591 1186 646 1252 εΟ
677 1196 776 1275 γὰρ
822 1195 985 1252 ἐλθὼν
1038 1195 1238 1263 Ἰησοῦς
1300 1199 1327 1252 6
1381 1199 1626 1276 Χριστὸς,
1685 1193 1751 1252 δι’
1807 1193 1988 1258 ὕδατος

348 1283 605 1362 ἀναγεννᾷ
660 1287 748 1341 καὶ
802 1285 1056 1361 αἵματος.
1131 1286 1440 1365 Προστίθησι
1485 1284 1539 1341 δὲ
1581 1284 1741 1342 πάλιν
1784 1284 1988 1341 ἐπανα-

2074 1009 2145 1070 Ει
2173 1030 2345 1072 omne
2376 1014 2532 1093 quod
2583 1024 2783 1074 natum
2817 1024 2905 1076 est
2935 1035 3004 1076 ex
3036 1016 3156 1076 Deo
3188 1015 3366 1075 vincit
3407 1014 3715 1074 mundum.

2075 1097 2384 1170 Quomodo
2415 1109 2607 1163 autem
2643 1112 2838 1163 natum
2874 1103 3008 1167 est?
3040 1122 3144 1183 per
3174 1122 3411 1184 aquam,
3443 1101 3723 1182 inquit,et

2075 1189 2443 1265 sanguinem.
2482 1191 2790 1270 Siquidem
2812 1195 2979 1253 Jesus
3003 1192 3268 1254 Christus
3297 1192 3397 1272 qui
3430 1191 3723 1271 venit,per

2075 1293 2285 1356 aquam
2318 1288 2631 1357 regenerat
2651 1287 2709 1341 et
2738 1282 3111 1360 sanguinem.
3136 1283 3318 1342 Addit
3350 1289 3545 1341 autem
3581 1298 3720 1340 rur-

347 1369 634 1445 λαμϐἀνων
679 1376 771 1431 τὸν
800 1372 981 1452 λόγον,
1055 1375 1149 1431 οὐκ
1205 1373 1260 1429 ἐν
1301 1381 1379 1449 τῷ
1428 1372 1572 1431 ὕδατι
1634 1374 1849 1437 φάσκων
1880 1372 1987 1449 μό-

2086 1382 2200 1425 sum
2223 1367 2548 1445 repetendo
2578 1386 2915 1431 sermonem
2947 1370 3184 1433 dicens:
3211 1372 3341 1433 Non
3376 1386 3479 1447 per
3508 1386 3718 1449 aquam

347 1483 460 1540 νον,
524 1461 814 1540 ἁναγεννῶκ
865 1460 1132 1538 δηλονότι,
1193 1459 1331 1519 ἀλλ’
1371 1463 1424 1518 ἐν
1470 1469 1546 1537 τῷ
1586 1460 1731 1519 ὕδατι
1774 1463 1860 1521 καὶ
1913 1467 1991 1536 τῷ

2086 1454 2571 1529 solum,videlicet
2593 1460 3089 1535 regenerans,sed
3119 1479 3222 1541 per
3249 1477 3458 1540 aquam
3493 1467 3550 1518 et
3580 1476 3720 1518 san-

348 1548 562 1622 αἵματι,
596 1550 847 1607 Βούλεται
905 1553 1005 1629 γὰρ
1061 1557 1269 1630 πρῶτον
1341 1549 1504 1617 δεῖξαι
1559 1561 1651 1610 τοῦ
1692 1553 1988 1609 υἱοθετοῦν-

2086 1540 2337 1620 guinem.
2378 1546 2515 1606 Vult
2553 1554 2711 1607 enim
2733 1548 2987 1628 primum
3011 1548 3486 1628 designationem
3522 1555 3723 1607 osten-

345 1660 435 1702 τος
491 1642 633 1716 ἡμᾶς
681 1642 903 1718 Χριστοῦ
947 1641 1042 1707 τὴν
1086 1629 1368 1717 ἀναδειξιν,
1419 1638 1499 1695 ὅτι
1545 1642 1572 1696 6
1629 1639 1682 1695 ἐν
1728 1641 1869 1714 αῦτῷ
1902 1637 1993 1696 ἄν·

2086 1629 2217 1724 iere
2248 1633 2468 1695 Christi
2498 1636 2595 1715 qui
2621 1655 2732 1697 nos
2755 1637 3089 1717 adoptavit:
3118 1638 3392 1718 quoniam
3421 1636 3596 1702 homo
3625 1637 3724 1722 qui

348 1731 555 1807 θρωπος
600 1734 807 1808 πρῶτος
854 1730 1164 1795 υἷοθετηθεὶς
1206 1730 1308 1785 ὑπὸ
1379 1736 1531 1802 Θεοῦ,
1591 1730 1677 1785 καὶ
1731 1729 1867 1803 ἡμῖν
1909 1724 1991 1784 διὰ

2086 1722 2138 1781 ιη
2161 1722 2287 1801 ipso
2311 1725 2693 1804 erat,primus
2722 1745 2754 1787 a
2786 1728 2907 1787 Deo
2938 1727 3270 1807 adoptatus,
3296 1727 3466 1795 nobis
3487 1748 3724 1812 quoque

353 1818 451 1899 τῆς
510 1817 692 1874 ἑαυτοῦ
746 1819 1001 1883 υἱοθεσίας
1044 1815 1330 1898 ἐχαρίσατο
1383 1819 1445 1874 τὸ
1484 1827 1717 1876 τοιοῦτον
1763 1816 1990 1892 ἀξίωμα,

2086 1826 2187 1887 ρει·
2215 1829 2380 1872 suam
2409 1813 2788 1891 adoptionem
2824 1816 2991 1876 dedit
3012 1817 3349 1895 hujusmodi
3381 1820 3719 1899 dignitatem

357 1895 435 1963 u0
495 1908 579 1961 καὶ
621 1907 757 1962 κατὰ
797 1906 1009 1985 καιροὺς
1075 1895 1223 1981 τρεῖς
1294 1904 1572 1986 ἐξεφάνθη,
1619 1905 1703 1962 ἐπὶ
1761 1912 1848 1979 τοῦ
1890 1907 1993 1981 βα-

353 1994 643 2069 πτίσματος
686 1994 739 2050 ἐν
781 2002 858 2070 τῷ
907 1992 1162 2073 Ἰορδάνῃ,
1209 1993 1405 2051 ἀνωθεν
1461 1994 1554 2051 τοῦ
1606 1997 1807 2074 Πατρὸς
1852 2015 1994 2072 μαρ-

352 2085 622 2156 τυροῦντος
691 2085 780 2139 τὸν
837 2083 1220 2159 βαπτιζόμενον
1281 2085 1400 2139 Υἱὸν
1444 2083 1747 2161 ἀγαπητόν.
1808 2084 1895 2145 Τίς
1941 2079 1995 2137 δὲ

352 2173 380 2227 6
411 2168 669 2246 ἐμϐαίνων
714 2175 775 2228 τὸ
820 2170 975 2250 ὕδωρ,
1024 2171 1060 2239 ἢ
1117 2173 1146 2227 6
1195 2170 1570 2247 συνειλημένος
1615 2179 1691 2247 τῷ
1736 2179 1851 2245 Θεῴ
1887 2172 1993 2227 Λό-

351 2284 432 2339 γῳ
468 2260 780 2340 ἀνθρωττοῆ
817 2252 875 2318 εΟ
919 2260 1234 2339 φαινόμενος
1263 2268 1339 2334 τῷ
1394 2268 1606 2338 κρυπτώ
1632 2276 1644 2291 ⁸
1700 2261 1867 2333 τούτῳ
1897 2261 1995 2340 γὰρ

355 2349 445 2404 καὶ
503 2346 603 2404 ἔδει
650 2350 748 2417 τὴν
807 2348 1091 2428 μαρτυρίαν
1160 2353 1420 2428 γενέσθαι,
1486 2350 1583 2405 Διὰ
1667 2359 1758 2408 τοῦ
1814 2348 1996 2414 ὕδατος

353 2435 463 2516 οὖν,
495 2437 783 2499 τουτέστιν.
845 2438 899 2493 ἐν
941 2444 1018 2511 τῷ
1059 2435 1124 2492 δι’
1170 2436 1353 2501 ὕδατος
1396 2438 1719 2514 βαπτίσματι
1778 2435 1996 2517 ἐξεφάν-

358 2527 423 2591 θη
456 2526 574 2590 Υἱὸς
604 2528 736 2582 Θεοῦ
790 2528 818 2581 6
862 2526 1065 2592 Ἰησοῦς
1109 2522 1193 2580 διὰ
1260 2524 1357 2591 τῆς
1399 2531 1492 2581 τοῦ
1545 2527 1744 2603 Πατρὸς
1791 2547 1995 2603 μαρτυ-

361 2614 497 2693 ρίας.
554 2614 650 2671 Διὰ
680 2612 733 2669 δὲ
774 2621 867 2670 τοῦ
926 2612 1158 2690 αἵματος
1206 2633 1219 2645 ·
1277 2612 1363 2670 ὅτε
1408 2612 1619 2689 μελλιην
1663 2616 2000 2692 σταυροῦσθαι

362 2701 538 2782 ἔλεγε,
575 2726 601 2756 α
635 2702 862 2768 Δόξασὸν
894 2724 958 2779 με
984 2703 1068 2776 σὺ,
1106 2703 1297 2782 Πάτερ,
1340 2725 1364 2757 n
1415 2704 1498 2758 καὶ
1545 2703 1748 2783 ἠνέχθη
1798 2704 1832 2770 ἡ
1883 2724 2000 2781 φω-

495 2817 523 2849 α
591 2794 688 2849 Καὶ
744 2789 960 2856 ίεδόξασα
997 2793 1085 2848 καὶ
1112 2790 1270 2848 πάλιν
1301 2788 1561 2864 δοξασωρ
1583 2792 1649 2860 ἣν
1670 2794 1756 2848 καὶ
1779 2791 2003 2868 βροντὴν

363 2885 611 2961 ἐνόμισαν
662 2885 708 2940 οἱ
764 2881 1105 2948 ἀκούσαντες.
1166 2882 1264 2937 Διὰ
1316 2879 1371 2936 δὲ
1425 2885 1516 2938 τοῦ
1560 2883 1881 2957 Πνεύματος,
1916 2880 2004 2936 ὅτε

362 2977 435 3038 ὡς
501 2974 629 3037 Θεὸς
685 2970 878 3037 ἀνέστη
933 2970 995 3026 ὲκ
1050 2976 1269 3047 νεκρῶν.
1316 2976 1445 3026 Θεοῦ
1492 2971 1592 3049 γὰρ
1635 2980 1787 3029 τοῦτο
1844 2969 2005 3045 μόνου

2077 1898 2232 1978 quod
2266 1900 2440 1962 etiam
2477 1902 2667 1964 tribus
2698 1904 3068 1983 temporibus
3116 1906 3549 1970 demontratum
3582 1917 3670 1969 est
3708 1929 3719 1965 :

2078 2003 2294 2067 nempe
2337 1989 2395 2049 in
2430 1989 2724 2067 baptismo
2757 1991 2818 2051 in
2846 1992 3131 2069 Jordane,
3176 1994 3315 2056 598
3364 2016 3497 2057 cum
3553 1998 3727 2058 l’aler

2079 2093 2339 2155 superne
2367 2078 2789 2140 testiﬁcaretur
2819 2098 2953 2142 eum
2979 2082 3079 2162 qui
3112 2082 3513 2163 baptizabatur
3551 2103 3724 2145 suum

2080 2182 2213 2254 esse
2240 2164 2454 2226 Filium
2480 2166 2766 2229 dilectum
2786 2170 2836 2226 8.
2877 2168 3021 2241 Quis
3068 2180 3261 2233 autem
3317 2172 3418 2234 ille
3469 2184 3595 2234 erat
3623 2175 3728 2254 qui

2078 2252 2386 2329 ingressus
2443 2262 2531 2315 est
2582 2273 2792 2337 aquam
2854 2259 2967 2319 nisi
3026 2260 3203 2321 homo
3264 2260 3364 2342 qui
3432 2280 3547 2322 una
3590 2252 3722 2322 cum

2079 2340 2199 2402 Deo
2234 2339 2425 2404 Verbo
2456 2354 2793 2426 assumptus
2826 2354 2915 2407 est
2937 2346 2967 2407 ?
2996 2347 3045 2409 is
3074 2356 3237 2411 certe
3269 2339 3369 2429 qui
3402 2351 3461 2411 in
3495 2350 3724 2411 occulto

2080 2430 2419 2510 apparebat,
2481 2451 2616 2493 nam
2670 2434 2808 2495 huic
2862 2453 3009 2515 opus
3041 2446 3167 2498 erat
3216 2438 3579 2501 testimonio.
3618 2441 3728 2501 Per

2085 2537 2295 2599 aquam
2351 2539 2512 2597 ergo,
2551 2523 2661 2583 hoc
2691 2531 2800 2604 est,
2837 2524 2895 2583 in
2932 2525 3284 2605 baptismate
3314 2529 3470 2609 quod
3522 2527 3587 2589 ﬁt
3626 2548 3731 2610 per

2083 2626 2318 2689 aquam,
2355 2610 2795 2672 demonstratus
2855 2622 2941 2672 est
2993 2613 3178 2676 Filius
3235 2616 3341 2678 Dei
3394 2632 3528 2679 esse
3560 2622 3731 2681 Jesus

2086 2714 2194 2777 per
2243 2697 2644 2759 testimonium
2696 2699 2907 2764 Patris.
2975 2705 3085 2764 l’er
3159 2707 3505 2786 sanguinem
3570 2726 3728 2790 vero,

2085 2786 2319 2877 quando
2351 2787 2783 2877 cruciﬁgendus
2814 2789 3092 2854 dicebat:
3130 2818 3154 2847 α
3192 2793 3464 2860 Gloriﬁca
3510 2817 3602 2859 me
3645 2786 3727 2877 tu,

2086 2876 2319 2947 Pater,u
2359 2883 2415 2935 et
2441 2876 2634 2937 delata
2661 2886 2748 2938 est
2778 2896 2904 2941 vox:
2940 2881 3049 2942 «Et
3077 2882 3394 2958 gloriﬁcavi
3413 2896 3471 2949 et
3493 2903 3728 2948 ruisum

2087 2963 2426 3042 gloriﬁcabo
2447 2966 2537 3040 9;»
2575 2985 2750 3047 quam
2800 2975 2972 3029 etiam
3008 2972 3326 3034 tonitruum
3362 2994 3493 3038 esse
3524 2974 3729 3038 existi-

360 3060 571 3138 λοιπὸν,
603 3062 664 3117 τὸ
703 3060 915 3132 ἀνιστᾷν
946 3059 1152 3116 ἑαυτόν.
1201 3065 1279 3135 Τῇ
1313 3057 1363 3114 δὲ
1424 3069 1515 3117 τοῦ
1551 3060 1853 3134 Πνεύματος
1898 3080 2005 3138 φω-

2088 3052 2326 3144 mabant
2358 3053 2414 3113 hi
2446 3073 2541 3133 qui
2577 3055 2945 3121 audiverant.
3005 3061 3113 3120 Per
3165 3058 3451 3142 Spiritum
3506 3075 3727 3144 autem,

362 3155 450 3223 νῆ,
513 3151 824 3226 σημαίνεται
881 3151 909 3205 6
961 3148 1089 3211 Θεός
1140 3165 1153 3179 ⁸
1214 3148 1325 3205 ἐπεὶ
1374 3150 1460 3205 καὶ
1519 3149 1786 3223 Πνεῦμαὸ
1846 3149 1998 3211 Θεός.

361 3247 531 3320 Τριῶν
613 3228 701 3296 οὖν
771 3238 1190 3316 μαρτυρούντων,
1264 3244 1355 3294 τοῦ
1425 3238 1814 3314 βαπτίσματος,
1874 3244 2000 3294 τοῦ-

360 3335 604 3409 σταυροῦ,
649 3329 746 3393 τῆς
795 3323 1130 3388 ἀναστάσεως
1187 3325 1286 3393 τὴν
1343 3335 1433 3384 νοῦ
1487 3323 1661 3392 Ἰησοῦ
1724 3327 1998 3399 υἱοθεσίαν,

361 3415 747 3497 ἀναμφίλεκτος
804 3418 839 3483 ἡ
895 3414 988 3471 τοῦ
1031 3415 1218 3493 Κυρίου
1282 3414 1527 3488 υἱοθεσία,
1584 3411 1651 3470 δι’
1695 3418 1761 3483 ἧς
1831 3418 2000 3471 υἱοθε-

361 3507 499 3575 σίας,
548 3506 636 3561 καὶ
675 3506 808 3579 ἡμῖν
851 3505 924 3566 ὡς
955 3502 1178 3583 ἀπαρχὴ
1234 3511 1325 3559 τοῦ
1368 3502 1494 3562 ὅλου
1536 3503 1855 3574 ἀνθρωπείου
1897 3526 2001 3584 φυ-

363 3598 598 3676 ράματος
667 3596 765 3671 ὧν,
809 3591 1094 3671 ἐχαρίσατο
1163 3593 1224 3647 τὸ
1273 3592 1410 3658 υἱοὺς
1478 3592 1619 3648 εἶναι
1693 3598 1844 3652 Θεοῦ.
1906 3594 2003 3649 Καὶ

363 3685 431 3741 τὰ
472 3684 589 3763 τρία
629 3689 791 3738 ταῦτα
840 3682 914 3739 εἰς
979 3679 1067 3735 ἕνα
1123 3680 1212 3736 τὸν
1268 3680 1489 3757 Χριστόν
1536 3682 1657 3742 εἰσι.
1703 3680 1866 3738 Τοῦτο
1908 3682 2006 3759 γάρ

364 3774 612 3849 σημαίνει
642 3770 725 3830 διὰ
755 3778 846 3828 τοῦ
889 3772 1082 3847 εἷπεϊδ,
1151 3791 1174 3827 ι
1210 3772 1269 3829 Οἱ
1311 3784 1456 3851 τρεῖς
1488 3772 1560 3836 είς
1618 3773 1680 3827 τὸ
1728 3770 1782 3826 ἔν
1815 3773 1935 3845 εἶσι,
1972 3795 2000 3825 ιι

364 3861 654 3933 τουτέστιν,
741 3862 815 3924 εἰς
879 3860 977 3928 τὴν
1044 3859 1162 3938 περὶ
1216 3870 1308 3918 τοῦ
1379 3867 1604 3939 Χριστοῦ
1700 3861 2001 3940 μαρτυρίαν.

365 3949 558 4009 ἰστέον
601 3947 655 4004 δὲ
697 3948 770 4013 ὥς
798 3971 937 4013 τινες
967 3950 1073 4005 τῶν
1129 3948 1375 4027 Πατέρων
1428 3951 1489 4005 τὸ
1546 3956 1756 4026 Πνεῦμα
1812 3950 1871 4005 οῦ
1925 3947 2009 4005 διὰ

360 4040 462 4108 τὴν
492 4039 775 4094 ἀνάστασιν
817 4035 1039 4117 ἔφασαν,
1097 4035 1232 4095 ἀλλὰ
1259 4039 1348 4093 τὸν
1395 4037 1620 4118 Πατέρα,
1677 4038 1765 4095 ὅτε
1822 4038 1875 4094 ἐν
1933 4044 2009 4113 τῷ

361 4125 599 4206 Ἰορδάνῃ
642 4123 833 4194 ἐϐόησε
862 4128 946 4199 τὸ,
988 4146 1011 4181 α
1046 4125 1209 4188 Οὗτός
1242 4125 1383 4183 ἐστιν
1426 4129 1453 4182 6
1501 4127 1617 4190 Υἱός
1663 4129 1818 4202 μουὸ
1867 4127 2008 4205 ἀγα-

359 4219 558 4295 πητὸς,
596 4239 624 4270 ι
697 4218 876 4272 καθονι
934 4214 1022 4271 καὶ
1077 4221 1309 4290 Πνεῦμα,
1371 4217 1443 4278 ὡς
1502 4217 1920 4296 προειρήκαμεν,
1981 4218 2009 4272 6

2086 3141 2322 3221 quando
2374 3152 2650 3223 tanquam
2702 3145 2858 3206 Deus
2887 3149 3144 3209 surrexit
3177 3141 3244 3211 ex
3274 3153 3545 3216 mortuis.
3582 3141 3730 3217 Nam

2085 3230 2193 3290 soli
2219 3230 2338 3291 Deo
2366 3231 2475 3292 hoc
2504 3233 2863 3313 relinquitur
2887 3236 3225 3317 utseipsum
3250 3241 3514 3303 suscitet.
3552 3245 3730 3304 Porro

2084 3317 2346 3411 dictione
2377 3319 2654 3411 Spiritus,
2684 3322 3730 3411 signiﬁcaturDeuszquandoquidem

2087 3415 2144 3467 et
2175 3409 2433 3487 Spiritus
2465 3420 2554 3469 est
2579 3408 2732 3471 Deus
2758 3408 3124 3484 '°.Quoniam
3156 3415 3332 3493 igitur
3364 3408 3551 3480 tribus
3574 3419 3736 3480 testi-

2083 3493 2335 3554 ﬁcantur
2357 3498 2496 3556 Jesu
2526 3497 2929 3578 adoptionem,
2954 3518 3166 3583 nempe
3184 3502 3735 3587 baptismo,passio-

2082 3601 2159 3644 ne
2190 3594 2245 3645 et
2265 3587 2885 3659 resurrectione,nihil
2908 3590 3306 3669 ambiguitatis
3328 3593 3502 3656 habet
3532 3595 3735 3657 Domi-

2086 3673 2147 3732 ni
2179 3673 2414 3765 adoptlo
2445 3696 2457 3731 :
2494 3693 2601 3753 per
2631 3694 2804 3755 quam
2829 3678 3209 3758 adoptionem
3253 3681 3424 3742 nobis
3469 3702 3727 3765 quoque,

2088 3770 2148 3823 ut
2176 3761 2279 3842 qui
2309 3774 2468 3822 esset
2502 3764 2775 3842 primitiae
2806 3766 2982 3827 totius
3004 3768 3278 3831 humana:
3310 3761 3733 3848 massaa,dona;

2089 3854 2170 3913 vit
2199 3859 2261 3911 ut
2290 3850 2395 3911 ﬁlii
2425 3850 2531 3913 Dei
2561 3860 2931 3918 essemus.Et
2962 3857 3087 3918 hac
3118 3858 3231 3920 tria
3260 3860 3321 3921 in
3353 3881 3533 3922 unum
3568 3862 3738 3926 Cbri-

2091 3948 2242 4002 stum
2276 3949 2414 4001 sunt
2442 3959 2454 4004 :
2483 3960 2618 4003 nam
2649 3944 2761 4004 hoc
2793 3944 3109 4028 signiﬁcat,
3143 3947 3350 4011 dicens
3384 3971 3397 4012 :
3439 3971 3466 4010 ‹
3498 3950 3572 4012 Ηί
3618 3965 3739 4015 tres

2091 4030 2162 4091 ad
2198 4048 2376 4090 unum
2400 4038 2595 4102 sunt,»
2624 4033 2734 4093 hoc
2757 4034 2935 4095 estad
2960 4037 3359 4099 testimonium
3383 4039 3456 4100 de
3478 4041 3735 4105 Christo.

2092 4116 2410 4180 Sciendum
2442 4128 2530 4180 est
2557 4129 2752 4182 autem
2783 4123 2939 4203 quod
2974 4126 3241 4187 nonnulli
3276 4129 3510 4190 Patrum
3544 4131 3738 4211 Spiri-

2092 4214 2239 4284 tum,
2272 4227 2389 4269 non
2424 4220 2659 4289 propttr
2689 4213 3187 4276 resurrectionem
3221 4228 3607 4299 acceperunt,
3632 4219 3737 4281 sed

364 4307 497 4368 Θεὸς
541 4302 774 4383 λέγεται.
820 4303 994 4361 Ταῦτα
1036 4304 1221 4382 είπὼν,
1268 4302 1500 4385 ἐπιφέρει
1544 4305 1717 4361 πίστιν
1772 4310 1877 4362 τῶν
1918 4304 2006 4361 λε-

2092 4295 2322 4357 Patrcm
2354 4296 2545 4377 ipsum
2580 4300 2815 4377 quando
2848 4301 2909 4361 in
2938 4300 3200 4365 Jordane
3225 4295 3498 4368 clamavit
3531 4328 3544 4367 :
3577 4332 3604 4363 α
3630 4307 3741 4370 Hic

366 4393 611 4472 γομένων
678 4391 785 4447 ἀπὸ
841 4397 937 4448 τσῦ
999 4389 1277 4454 ἐλάττονος
1335 4390 1505 4458 αὕτως
1565 4394 1746 4454 εἰπών.
1797 4395 1855 4450 Ei
1910 4394 2010 4461 τὴν

372 4482 657 4561 μαρτυρίαν
734 4484 840 4537 τῶν
897 4479 1181 4544 ἀνθρώπων
1225 4480 1343 4560 περί
1408 4503 1550 4545 τινος
1607 4484 1819 4539 ὁτουοῦν
1865 4481 2011 4558 λαμ-

372 4568 625 4650 ϐάνομεν,
666 4573 727 4627 οὗ
764 4567 949 4643 πολλῷ
977 4565 1298 4648 δικαιότερον
1352 4566 1603 4645 λάϐοιμεν
1656 4571 1756 4639 τὴν
1786 4571 1892 4628 ἀπὸ
1922 4581 2014 4631 τοῦ

374 4659 504 4717 Θεοῦ
557 4665 650 4716 τοῦ
706 4657 979 4738 μείζονος
1060 4661 1096 4726 ἦ
1139 4659 1239 4737 γὰρ
1294 4659 1416 4737 οὐχὶ
1472 4656 1602 4726 αὕτη
1658 4661 1692 4728 ἡ
1763 4660 2013 4740 μαρτυρία

367 4748 487 4827 περὶ
567 4752 661 4803 τοῦ
715 4749 839 4803 Υἳοῦ
894 4746 1072 4814 αὐτοῦ,
1133 4745 1250 4814 ἤτοι
1291 4748 1385 4802 τοῦ
1426 4748 1649 4825 Χριστοῦ
1746 4748 1852 4804 ἀπὸ
1920 4755 2013 4804 τοῦ

365 4826 498 4896 Θεοῦ
525 4836 711 4917 ἐστινς
758 4826 818 4892 Ὀ
866 4834 1127 4891 πιστεόων
1164 4834 1251 4892 οὖν
1295 4835 1368 4898 εἷς
1422 4837 1513 4892 τὸν
1568 4837 1691 4893 Γίὸν
1733 4845 1828 4896 τοῦ
1857 4845 2010 4911 Θεοῦ,

364 4924 445 4983 ὅτι
476 4925 605 4988 Θεός
638 4924 778 4980 ἐστιν
807 4924 879 4988 ὡς
911 4925 1031 4988 Υἱὸς
1063 4929 1217 5003 Θεοῦ,
1273 4922 1421 5003 ἔχειν
1467 4924 1566 4992 τὴν
1625 4927 1906 5006 μαρτυρίαν
1957 4928 2013 4982 ἓν

366 5016 533 5095 αὐτῷ,
564 5012 856 5085 τουτέστιν,
931 5011 985 5068 ἒν
1030 5013 1222 5088 ἑαυτῷ,
1281 5013 1542 5069 πιστεύων
1597 5013 1678 5071 ὅτι
1742 5016 1829 5074 καὶ
1858 5016 2015 5078 αὐτὸς

367 5106 680 5161 υἱοθετετται
722 5100 807 5158 διὰ
849 5104 942 5158 τοῦ
994 5101 1379 5169 υἱοθετηθέντος
1424 5098 1604 5170 Ἰησοῦ
1629 5104 1730 5161 ὑπὸ
1774 5111 1926 5163 Θεοῦ.
1958 5096 2015 5162 Ὀ

371 5194 451 5271 μὴ
479 5193 743 5251 πιστεύων
800 5189 855 5247 δὲ
910 5188 1022 5247 δυσὶ
1064 5188 1254 5271 ἔνοχος
1311 5190 1423 5247 ἐστι
1479 5204 1694 5268 κακοῖς,
1741 5193 2013 5266 ἀπιστίας,

373 5283 607 5359 ψεύστην
646 5288 813 5338 ποιῶν
862 5281 953 5337 τὸν
1011 5281 1164 5354 Θεὸν,
1222 5277 1359 5336 ἀλλὰ
1398 5281 1488 5337 καὶ
1539 5281 1722 5337 ἑαυτὸν
1793 5281 2018 5339 ἀποστε-

2096 4385 2398 4475 εειΕΗίυε
2428 4404 2596 4447 meus
2625 4387 2899 4470 dilectus;
2929 4416 2954 4445 n
2980 4401 3296 4472 propterea
3318 4397 3474 4475 quod
3509 4396 3741 4458 etDeus

2094 4474 2309 4537 dicitur
2355 4472 2610 4554 Spiritus
2660 4485 2723 4538 ut
2754 4477 3264 4559 praediximuleis
3286 4472 3457 4544 dictis
3490 4502 3738 4563 persua-

2094 4563 2322 4624 sionem
2349 4581 2555 4625 eorum
2604 4584 2734 4646 quas
2778 4566 3078 4642 dicuntur,
3114 4588 3147 4630 a
3178 4570 3395 4632 minori
3413 4571 3736 4651 subjungit,

2096 4651 2177 4714 ita
2205 4652 2450 4716 dicens:
2487 4652 2549 4716 Si
2600 4655 3002 4717 testimonium
3058 4658 3365 4720 hominum
3410 4660 3486 4722 de
3518 4661 3744 4740 vulgari

2094 4741 2298 4822 quavis
2328 4760 2394 4804 re
2415 4741 2969 4823 accipimus.nonne
2990 4745 3174 4808 multo
3199 4748 3417 4827 justius
3463 4751 3744 4830 accipere

2096 4830 2386 4893 debemus
2417 4831 2818 4894 testimonium
2840 4851 2875 4894 a
2897 4835 3018 4897 Deo
3039 4834 3139 4915 qui
3157 4836 3348 4917 major
3366 4837 3486 4899 est?
3507 4838 3742 4900 Etenim

2095 4938 2293 4982 annon
2325 4920 2436 4981 hoc
2457 4920 2863 4981 testimonium
2895 4921 2968 4983 de
2992 4923 3141 4985 Filio
3168 4943 3273 4986 suo
3300 4925 3423 4988 sive
3447 4927 3679 4990 Christo
3711 4945 3745 4988 a

2098 5011 2219 5070 Deo
2243 5008 2363 5070 est?
2391 5008 2502 5081 Qui
2532 5008 2710 5088 igitur
2725 5009 2915 5073 credit
2938 5011 2999 5072 in
3020 5012 3235 5075 Filium
3263 5014 3559 5094 Dei,qnod
3588 5015 3744 5077 Deus

2099 5097 2174 5160 sit
2202 5105 2475 5179 tanquam
2499 5096 2605 5158 Dei
2627 5097 3020 5172 Filius,habet
3051 5103 3453 5166 testimonium
3503 5104 3564 5166 in
3589 5105 3744 5186 ipso,

2098 5187 2211 5249 hoc
2234 5195 2347 5259 est,
2382 5187 2441 5247 in
2473 5186 2694 5274 seipso,
2715 5188 2969 5251 credens
2994 5191 3150 5272 quod
3176 5202 3235 5255 et
3262 5194 3391 5274 ipse
3433 5194 3691 5274 adoptati
3719 5211 3748 5254 ε

2099 5276 2228 5338 sita
2249 5274 2370 5339 Deo
2393 5295 2499 5357 per
2518 5273 2551 5338 J
2558 5295 2719 5338 esum
2739 5275 3225 5357 adoptatum.Qui
3246 5273 3450 5344 verum
3482 5273 3601 5344 non
3624 5300 3752 5344 cre-

375 5378 481 5452 ρῶν
501 5370 777 5451 ῦὶοθεσίας,
808 5369 897 5428 καὶ
928 5367 1013 5426 διὰ
1056 5368 1239 5426 τούτου
1298 5369 1386 5425 καὶ
1440 5374 1538 5436 τῆς
1580 5369 1789 5427 αἰωνίου
1845 5373 2006 5442 ζωῆς¹

2101 5364 2450 5447 dit,duobus
2482 5364 2651 5427 malis
2686 5362 2979 5452 obnoxius
2996 5377 3106 5443 est,
3134 5378 3275 5450 puta
3294 5370 3746 5444 incredulitatis,

376 5451 443 5531 ἢν
491 5458 847 5540 ἐπηγγείλατο
927 5470 1047 5523 τοῖς
1114 5457 1527 5534 υἱοθετουμὲνοις
1605 5456 1695 5515 ὑπ’
1762 5463 1920 5519 αὐτοῦ
1989 5464 2006 5519 ί

2103 5452 2452 5516 mendacem
2478 5452 2704 5515 faciens
2723 5451 3010 5518 Deumzac
3040 5465 3327 5537 praeterea
3354 5459 3617 5541 seipsuni
3634 5457 3753 5541 pri-

457 5630 492 5680 8
521 5627 719 5691 Matth.
758 5643 843 5705 ut,
880 5628 977 5691 l7.
1062 5625 1096 5677 9
1122 5627 1293 5690 Joan.
1325 5641 1431 5706 xu,
1465 5625 1566 5690 28.
1655 5625 1713 5678 ‘0
1738 5626 1911 5692 Joan.
1942 5646 2021 5711 tv,
2059 5629 2161 5695 24‘.
