4192 6212
490 312 608 380 679

1612 315 2021 400 OECUMENII
2066 309 2361 375 TRICCE
2403 310 2740 377 EPISCOPI

3754 304 3874 374 680

489 467 630 510 vans
674 450 1018 540 adoptione,
1049 470 1117 513 ac
1164 470 1273 531 per
1325 452 1437 512 hoc
1460 457 1682 540 aeterna
1725 464 1961 540 quoque
1989 444 2133 540 vita,

2226 445 2467 524 Χριστὸς,
2502 445 2568 513 ἣν
2596 446 2683 503 καὶ
2712 447 2868 510 αῦτὸς
2911 444 3030 525 ἔχει
3060 444 3113 504 ἐν
3170 447 3366 522 ἑαυτῷ,
3425 447 3499 508 ὡς
3542 443 3611 540 ..ἐν
3644 449 3737 540 τιξ).
3769 445 3870 500 Εὗ-

489 556 661 617 quam
692 540 961 617 promisit
991 539 1260 602 Chrisms
1309 540 1402 600 his
1447 539 1544 618 qui
1576 557 1609 598 a
1648 556 1710 597 se
1745 534 2004 616 adoptati
2036 551 2135 595 es-

491 635 622 687 sent
652 647 665 687 :
692 646 866 707 quam
902 637 959 689 et
989 630 1116 707 ipse
1147 628 1204 688 in
1233 646 1297 689 se
1331 627 1507 688 habet
1536 626 1691 687 sicut
1721 625 1778 686 in
1820 621 2136 700 Evangelio

488 714 773 794 scriptum
799 725 920 777 est:
956 741 981 771 α
1010 715 1071 776 In
1098 718 1221 795 ipso
1249 716 1363 776 vita
1387 714 1559 776 erat“
1588 739 1638 777 ,η
1676 713 1877 793 Itaque
1909 711 2006 792 qui
2026 711 2136 770 ha-

489 801 586 863 bet
617 803 825 864 Filium
861 822 964 882 per
988 823 1220 865 sacrum
1276 805 1584 884 baptisma,
1623 804 1802 863 habet
1844 810 1901 862 et
1934 799 2134 861 vitam.

487 888 781 971 Quotquot
828 893 988 953 enim
1038 892 1097 952 in
1127 892 1423 954 Christum
1459 890 1733 971 baptizati
1766 907 1991 967 sumus,
2026 888 2139 947 hoc

485 978 736 1057 et,juxta
764 980 947 1058 ipsius
991 981 1467 1061 prmeeptumﬁh
1509 982 1687 1041 istum
1730 978 2030 1040 induimus
2061 974 2132 1036 ‘2.

487 1065 627 1128 599
654 1066 761 1139 Qui
809 1075 1006 1129 autem
1044 1088 1160 1129 non
1198 1068 1374 1130 habet
1402 1068 1611 1130 Filium
1642 1068 1744 1129 Dei
1780 1085 1883 1145 per
1910 1062 2135 1143 baptis—

488 1175 871 1236 mum,neque
891 1157 1065 1219 vitam
1091 1156 1403 1219 habetsed
1428 1166 1692 1218 mortuus
1706 1166 1811 1217 est.
1831 1153 2137 1235 Siquidem

484 1244 786 1325 accipiens
810 1264 926 1307 non
962 1247 1221 1325 peccatis
1252 1248 1758 1315 mortuos,c.\citat
1782 1263 1885 1322 per
1902 1260 2135 1303 sacrum

488 1330 797 1411 baptisma.
832 1332 1168 1404 Quomodo?
1199 1334 1357 1395 Sicut
1392 1335 1733 1413 frequenter
1765 1333 1985 1392 dictum
2018 1336 2133 1400 est,

487 1421 644 1499 quod
674 1422 1054 1501 consepultus
1076 1422 1306 1485 Christo
1331 1441 1438 1502 per
1460 1422 1896 1484 demersionem
1925 1437 2055 1499 quae
2074 1417 2138 1478 fit

485 1507 546 1567 in
578 1507 890 1589 baptismo,
925 1518 1192 1571 mortuus
1242 1510 1317 1571 sit
1374 1512 1617 1590 mundo,
1666 1511 1788 1571 sive
1825 1506 2136 1569 mundanis

487 1597 1008 1675 concupiscentiis,
1048 1607 1104 1659 et
1124 1600 1247 1678 jam
1285 1618 1397 1659 non
1430 1600 1544 1660 sibi
1593 1599 1729 1679 ipsi,
1764 1598 1865 1658 sed
1902 1596 2133 1659 Christo

2221 522 2462 610 17751!ch
2505 533 2799 613 γέγραπται
2860 551 2873 565 ⁸
2941 522 2979 588 ἔ
3028 533 3118 592 Ἐν
3178 534 3320 610 αὒτῷ
3361 536 3474 605 ζωὴ
3540 532 3628 599 ἦν.
3694 522 3871 586 υεὶστε

2221 624 2249 676 ὁ
2279 620 2423 701 ἔχων
2464 624 2555 679 τὸν
2590 626 2706 678 Υἱὸν
2736 622 2819 679 διὰ
2862 630 2953 679 τοῦ
3008 623 3155 700 ἁγίου
3209 624 3600 699 βαπτισματος,
3636 618 3755 699 ἔχει
3785 620 3871 674 καὶ

2219 711 2317 777 τὴν
2397 713 2561 781 ζωήν,
2625 701 2788 770 υΟσοι
2861 713 2960 791 γὰρ
3031 713 3103 775 εἰς
3160 715 3384 789 Χριστὸν
3461 707 3869 782 ἐϐαπτίσθημεν,

2219 799 2477 873 τουτέστι,
2512 801 2647 856 κατὰ
2688 801 2788 866 τὴν
2848 799 3070 867 ὶντολὴν
3125 801 3303 874 αὐτοῦ,
3350 799 3570 879 Χριστὸν
3623 795 3869 854 ἑνεδυσά-

2221 891 2374 962 μεθα.
2406 878 2602 953 ίὈστις
2631 886 2794 964 δὲμὴ
2846 889 2964 968 ἔχει
3021 892 3111 946 τὸν
3171 891 3290 945 Υἰὸν
3344 878 3436 948 τοῦ
3494 896 3625 946 Θεοῦ
3666 883 3752 941 διὰ
3781 891 3870 941 τοῦ

2219 976 2608 1052 βαπτίσματος,
2682 977 2799 1037 οὐδὲ
2841 980 2939 1045 τὴν
2980 978 3123 1049 ζωὴν
3181 975 3322 1058 ἔχει,
3382 979 3471 1033 καὶ
3526 976 3866 1053 νενέκριιγται.

2221 1067 2448 1142 Νεκροὺς
2503 1068 2602 1145 γὰρ
2671 1064 2953 1142 λαμϐάνων
3013 1069 3156 1141 ἡμᾶς
3246 1078 3361 1129 τοίς
3418 1065 3863 1140 παραπτώμασιν,

2219 1152 2403 1232 ἐγείρει
2448 1152 2531 1211 διὰ
2582 1155 2675 1212 τοῦ
2727 1155 2877 1233 ἁγίου
2933 1156 3322 1235 βαπτίσματος,
3364 1161 3531 1234 HJK;
3599 1146 3694 1216 ἀς
3726 1149 3862 1207 πολ·

2217 1240 2368 1307 λακις
2411 1243 2643 1321 εἴρηται,
2692 1243 2766 1300 ὅτι
2805 1246 2833 1301 ὁ
2864 1246 3133 1325 ωνταφείς
3169 1249 3375 1323 Χριστῷ
3420 1241 3505 1299 διὰ
3533 1248 3630 1309 τῆς
3663 1241 3718 1297 ἐν
3761 1240 3863 1316 βα-

2218 1333 2492 1406 πτίσματι,
2527 1330 2881 1413 καταδύσεως,
2927 1335 3077 1398 οὗτος
3136 1331 3314 1412 νεκρός
3359 1332 3469 1388 ἐστι
3521 1331 3598 1406 τῷ
3653 1327 3861 1406 κόσμῳ,

2218 1418 2314 1486 ἥτο
2389 1433 2510 1484 ταῖς
2568 1434 2856 1496 κοσμικαῖς
2914 1421 3231 1495 ἐπιθυμίαις,
3289 1423 3377 1477 καὶ
3444 1420 3616 1479 οὐκέτι
3673 1419 3860 1491 ἑωυτῷ,

2218 1505 2354 1564 ἀλλὰ
2428 1513 2637 1588 Χριστὼ
2678 1515 2765 1586 ζῇ,
2798 1510 2933 1566 κατὰ
2992 1510 3084 1573 τὰς
3121 1510 3336 1572 ἐντολὰς
3380 1510 3540 1567 αὑτοῦ
3580 1508 3635 1564 ἐν
3685 1504 3864 1563 καινό-

2217 1617 2337 1662 τητι
2420 1602 2563 1667 ζωῆς
2617 1601 2920 1675 περιπατῶν
2998 1600 3086 1655 καὶ
3129 1595 3461 1678 παρείσδυσιν
3503 1602 3572 1673 τῇ
3636 1593 3864 1674 ἁμαρτίᾳ

487 1685 655 1758 vivat,
683 1685 847 1763 juxta
878 1698 1176 1765 praecepta
1210 1688 1369 1749 illius
1401 1688 1458 1749 in
1512 1690 1767 1751 novitate
1818 1686 1950 1746 vitae
2001 1703 2132 1745 am-

2220 1685 2411 1759 μηκέτι
2442 1683 2633 1751 διδοὺς.

486 1763 973 1854 bulansl3,neque
1002 1763 1244 1855 posthac
1273 1785 1510 1857 peccato
1540 1777 1687 1836 dans
1712 1773 2134 1835 clancularium
2157 1763 2196 1814 Β

487 1880 851 1937 ingressum.

570 1952 642 2025 V,
678 1950 892 2014 13-15.
930 1950 1308 2033 Haacscripsi
1341 1952 1508 2015 vobis
1538 1956 1645 2033 qui
1671 1953 1920 2014 creditis
1945 1952 2007 2012 in
2030 1970 2128 2015 no-

485 2056 625 2100 men
654 2039 804 2101 Filii
837 2039 948 2100 Dei
997 2058 1015 2101 :
1065 2050 1130 2102 ut
1160 2044 1373 2103 svia/is
1407 2045 1566 2122 quod
1608 2044 1793 2104 vitam
1843 2040 2133 2104 habemus

487 2135 794 2209 (sternam,
836 2137 889 2191 et
920 2138 984 2190 ut
1015 2131 1278 2192 credatis
1322 2134 1385 2191 in
1439 2148 1653 2193 nomen
1694 2132 1841 2191 Filii
1878 2130 2012 2192 Dei.
2050 2127 2133 2191 Iit

484 2215 613 2278 huic
643 2227 726 2278 est
756 2217 980 2296 ﬁducia
1014 2236 1196 2297 quam
1227 2219 1519 2281 [iubemus
1550 2219 1713 2299 apud
1752 2219 2132 2298 l)eum,quod

483 2306 540 2366 si
568 2306 713 2383 quid
741 2308 1096 2386 petierimus
1117 2309 1442 2369 secundum
1476 2308 1839 2369 voluntatem
1871 2312 2135 2386 ejus,au-

486 2393 577 2455 dit
606 2412 711 2455 uos
769 2394 848 2455 Et
878 2397 933 2455 si
960 2396 1182 2456 scimus
1214 2398 1373 2476 quod
1404 2397 1574 2457 audi!
1602 2416 1707 2456 uas
1754 2399 1817 2457 iu
1869 2397 2035 2458 omni
2063 2413 2132 2457 eo

486 2499 555 2543 eo
585 2484 741 2560 quod
767 2485 1146 2563 petierimus,
1178 2488 1401 2547 scimus
1428 2486 1582 2564 quod
1629 2484 1921 2546 habemus
1968 2486 2131 2564 peti-

491 2572 689 2632 tiones
718 2589 868 2650 quas
894 2572 1327 2651 postularimus
1357 2574 1430 2636 ab
1459 2592 1546 2636 eo.

566 2657 873 2739 Tonquam
894 2660 953 2720 in
987 2660 1217 2739 epilogo
1244 2661 1579 2722 summatim
1599 2660 1873 2740 praedicta
1891 2661 2129 2741 repetit,

488 2755 547 2809 et
577 2748 695 2810 ait:
722 2746 945 2827 Scripsi
974 2749 1138 2810 vobis
1170 2750 1295 2810 haec
1330 2760 1605 2830 tanquam
1638 2749 1973 2811 haeredibus
2004 2750 2133 2811 vita;

490 2844 724 2898 aeternae
750 2859 762 2872 ·
782 2855 1151 2917 nequaquam
1176 2840 1331 2899 enim
1361 2839 1469 2900 ista
1491 2839 1898 2901 scriberentur
1918 2839 2011 2899 his
2030 2842 2129 2920 qui

486 2943 601 2986 non
635 2924 827 2985 vivunt
878 2925 1201 2987 secundum
1262 2945 1425 3007 spem
1487 2927 1615 2988 vita;
1664 2937 1950 2989 aeternae:
1994 2928 2132 3007 quia

486 3031 680 3093 neque
710 3023 909 3075 sancta
938 3013 1079 3074 dare
1112 3015 1357 3075 canibus
1388 3035 1580 3095 neque
1610 3014 1952 3093 margaritas
1970 3033 2131 3095 Spar-

480 3088 621 3179 gere
650 3119 848 3163 coram
875 3102 1068 3181 porcis
1085 3100 1156 3178 ιι,
1193 3104 1423 3164 laudem
1471 3088 1932 3183 promerere-tur.
1966 3088 2126 3165 Tan-
2147 3088 2189 3140 c

488 3208 660 3270 quam
689 3189 1028 3252 hazredibus
1057 3210 1196 3270 ergo
1231 3192 1361 3253 vitae
1390 3200 1627 3253 aeterna)
1674 3193 1799 3253 haec
1829 3192 2124 3267 scribens,

485 3279 699 3358 repetit
719 3278 1066 3356 breviter,ut
1087 3280 1703 3359 diximus,suggerens
1729 3280 1846 3341 illis
1865 3283 2127 3361 quaejam

482 3366 638 3428 dicta
663 3367 1088 3447 suntzprimum
1118 3369 1273 3449 quod
1308 3369 1559 3431 ﬁrmiter
1590 3369 1839 3430 credere
1861 3378 2131 3449 oporteat

482 3456 541 3515 in
569 3455 933 3517 nomenFilii
961 3455 1091 3531 Dei,
1129 3457 1239 3518 hoc
1273 3466 1381 3531 est,
1418 3456 1476 3517 in
1512 3458 1790 3518 traditum
1838 3456 2010 3520 nobis
2053 3458 2128 3519 ab

480 3543 582 3606 illo
614 3544 875 3606 divinum
906 3546 1130 3606 cultum
1165 3564 1178 3608 :
1215 3565 1348 3608 nam
1383 3547 1496 3609 hoc
1528 3546 1864 3624 signiﬁcare
1887 3547 2003 3608 vult
2026 3566 2130 3609 no-

481 3652 617 3693 men
647 3634 781 3696 Filii
813 3633 940 3707 Dei,
974 3635 1144 3695 sicuti
1188 3635 1466 3710 diximus,
1500 3636 1592 3696 ('ui
1645 3635 1925 3696 videlicet
1971 3637 2127 3697 viam

483 3731 644 3799 parat
690 3723 816 3802 ipsa
870 3723 1022 3783 sacri
1069 3722 1436 3800 baptismatis
1466 3724 1670 3803 gratia.
1713 3724 1936 3786 Deinde
1966 3726 2125 3806 quod

481 3808 1013 3887 bujusindubitata:
1034 3809 1172 3871 ﬁdei
1198 3811 1422 3871 nullum
1445 3813 1521 3871 sit
1544 3811 1701 3872 aliud
1725 3811 1981 3891 signum,
2011 3813 2127 3874 nisi

482 3896 719 3971 ﬁducia,
760 3914 937 3977 quam
970 3916 1077 3978 per
1126 3900 1714 3979 irreprehensibilem
1741 3902 1914 3961 ﬁdem
1945 3919 2125 3982 repe-

481 3984 670 4045 rimus
721 3985 875 4063 apud
934 3986 1150 4065 ipsum,
1201 3988 1354 4048 sicut
1393 3988 1567 4049 etiam
1610 3988 1669 4049 in
1719 3989 2127 4067 superioribus

483 4072 1156 4154 diximus.Rursumque
1192 4078 1420 4154 signum
1453 4076 1629 4157 hujus
1662 4078 1893 4139 ﬁduciae
1915 4079 2128 4158 posuit,

485 4179 603 4222 non
634 4160 899 4222 frustrari
932 4162 989 4222 in
1021 4164 1307 4224 omnibus
1339 4183 1470 4244 quae
1490 4184 1523 4225 a
1544 4165 1716 4226 nobis
1742 4167 2127 4245 postulantur.

2303 1972 2330 2003 α
2365 1960 2537 2008 Ταῦτα
2581 1948 2783 2029 ἔγραψα
2812 1953 2941 2027 ὑμῖν
2968 1964 3085 2014 τοῖς
3118 1952 3449 2009 πιστεύουσιν
3481 1953 3553 2013 εἰς
3595 1951 3659 2006 τὸ
3696 1949 3860 2025 ὄνομα

2215 2044 2307 2094 τοῦ
2382 2039 2500 2095 Υἱοῦ
2560 2046 2652 2095 τοῦ
2722 2046 2872 2110 Θεοῖ,
2915 2040 3007 2096 ἵνα
3050 2039 3243 2121 εἰδῆτε,
3303 2038 3384 2096 ὅτι
3427 2040 3569 2110 ζωὴν
3652 2039 3860 2094 αἰῶνιον

2217 2125 2393 2206 ἔχετε,
2467 2130 2555 2184 καὶ
2609 2129 2700 2184 ἵνα
2770 2135 3052 2195 πιστεύητε
3096 2131 3168 2192 εἰς
3239 2131 3298 2185 τὸ
3368 2128 3535 2202 ὄνομα
3595 2135 3684 2183 τοῦ
3742 2128 3860 2181 ι’ἱοῦ

2212 2222 2305 2271 τοῦ
2335 2223 2487 2289 Θεοῦ,
2550 2219 2647 2274 Καὶ
2701 2216 2834 2284 αὕτη
2891 2215 3028 2273 ἔστὶν
3096 2220 3130 2285 ἡ
3203 2216 3487 2296 παῤῥησία,
3546 2216 3610 2283 ἢν
3662 2212 3860 2294 ἔχομεν

2214 2306 2345 2382 πρὸς
2397 2307 2575 2385 αὒτὸν,
2636 2305 2716 2362 ὅτι
2768 2308 2858 2362 ὲάν
2926 2327 2976 2361 τι
3032 2309 3297 2383 αἰτώμεθα
3347 2307 3482 2363 κατὰ
3532 2307 3595 2360 τὸ
3650 2303 3857 2378 θέλημα

2213 2396 2372 2450 αὐτοῦ
2399 2392 2573 2449 ἀκούει
2603 2395 2779 2469 ἡμῶν.
2815 2396 2911 2452 Καὶ
2962 2396 3006 2450 εἰ
3050 2394 3271 2471 οἴδαμεν
3329 2393 3410 2449 ὅτι
3468 2393 3645 2448 ἀκούει
3673 2393 3853 2469 ἡμῶν,

2214 2480 2242 2534 ὃ
2285 2478 2347 2535 ἄν
2379 2480 2660 2556 αἰτώμεθα,
2694 2480 2913 2556 οἴδαμεν
2956 2481 3036 2539 ὅτι
3084 2483 3279 2563 ἔχομεν
3328 2484 3394 2537 τὰ
3422 2482 3689 2556 αἰτήματα
3731 2477 3854 2557 παρ’

2214 2589 2371 2625 αυτου
2380 2617 2394 2632 .
2432 2591 2456 2627 Ι

2299 2648 2389 2723 ἐὶς
2460 2658 2514 2715 ἑν
2583 2658 2817 2739 ἐπιλόγῳ
2899 2659 3375 2741 ἀνακεφαλαιοῦται
3457 2657 3547 2714 καί
3639 2677 3801 2736 φησιν
3832 2670 3849 2687 ⁸

2218 2734 2479 2825 ’Ἔγραψα
2519 2749 2648 2824 ὑμῖν
2674 2734 2836 2808 ταῦτα
2895 2752 2967 2812 ὡς
3011 2734 3365 2827 κληρονόμοις
3422 2748 3631 2803 αἰωνίου
3655 2734 3796 2816 ζωῆς
3829 2760 3846 2777 '

2213 2833 2307 2891 οὒκ
2350 2834 2410 2892 ἂν
2440 2838 2539 2914 γὰρ
2568 2839 2730 2893 ταῦτα
2757 2838 2978 2917 γραφείη
3021 2850 3139 2901 τοῖς
3187 2838 3265 2912 μὴ
3321 2834 3437 2892 κατ’
3489 2832 3673 2915 ἐλπίδα
3702 2834 3850 2910 βιοῦ-

2212 2944 2265 2979 σι
2332 2927 2432 2990 τῆς
2477 2927 2687 2981 αἰωνίου
2758 2916 2920 2998 ζωῆς.
2990 2916 3121 2984 ιὈτι
3180 2924 3315 3001 μηδὲ
3361 2926 3427 2981 τὰ
3478 2923 3605 3001 ἅγια
3661 2920 3851 2978 διδόναι

2212 3024 2331 3074 τοῖς
2415 3015 2551 3087 κυσὶ,
2626 3011 2762 3089 μηδὲ
2828 3016 2950 3080 τοὺς
3005 3016 3329 3094 μαργαρίτας
3392 3011 3680 3091 ’ἔμπροσθεν
3747 3016 3852 3067 τῶν

2211 3101 2409 3180 χοίρων
2452 3101 2749 3167 ἀξιέπαινον
2790 3104 3022 3181 ῥιπτεῖν.
3073 3097 3163 3169 ἐὶς
3218 3103 3305 3160 οὖν
3348 3100 3698 3180 κληρονόμοις
3751 3105 3849 3165 τῆς

2212 3190 2418 3246 αἰωνίου
2457 3192 2669 3271 γράφων
2726 3198 2889 3249 ταῦτα
2931 3197 3099 3266 ζωῆς,
3150 3187 3602 3266 ἒπαναλαμὸάνει,
3670 3190 3743 3251 ὡς
3772 3188 3851 3243 εἰ-

2210 3280 2448 3357 ρήκαμεν
2502 3278 2586 3336 διὰ
2668 3280 2915 3360 βραχέων
2983 3280 3406 3357 ὑπομιμνήοκων
3486 3277 3671 3341 αὐτοὺς
3741 3281 3847 3333 τῶν

2210 3368 2501 3446 εἰρημένων
2571 3366 2674 3436 ἤδη
2712 3387 2726 3403 ⁸
2784 3376 2994 3449 πρῶτον
3044 3370 3124 3425 ὃτι
3167 3366 3251 3424 δεῖ
3301 3366 3564 3424 πιστεύειν
3634 3363 3850 3423 ὀιδιστά-

2212 3478 2350 3519 κτως
2396 3458 2467 3520 εἰς
2524 3458 2585 3513 τὸ
2654 3456 2822 3533 ὄνομα
2876 3458 2969 3514 τοῦ
3029 3460 3146 3514 Υἱοῦ
3213 3462 3306 3513 τοῦ
3376 3462 3527 3535 Θεοῦ,
3558 3452 3848 3530 τουτέστιν,

2211 3546 2283 3607 εἰς
2352 3545 2451 3612 τὴν
2509 3543 2596 3601 ὄπ’
2653 3544 2853 3603 ἐκείνου
2894 3543 3279 3626 παραδοθεῖσαν
3336 3546 3476 3619 ἡμῖν
3520 3542 3843 3604 θεοσέθειαν,

2211 3636 2377 3690 T0510
2431 3633 2530 3713 γὰρ
2592 3632 2838 3711 βούλεται
2895 3635 3173 3711 σημαίνειν
3231 3635 3293 3689 τὸ
3349 3632 3516 3709 ὄνομα
3583 3641 3676 3690 τοῦ
3731 3633 3849 3686 Υἱοῦ

2208 3723 2303 3778 τοῦ
2356 3724 2507 3797 Θεοῦ,
2561 3724 2635 3786 ὡς
2693 3724 2952 3802 φθάνομεν
3036 3722 3325 3801 εἰρηκότες.
3398 3728 3473 3783 Hc
3517 3716 3758 3784 ὁδοποιὸς
3813 3720 3850 3786 ἡ

2209 3822 2300 3869 τοῦ
2328 3812 2476 3889 ἁγίου
2507 3808 2709 3878 δηλαδὴ
2762 3812 3126 3887 βαπτίσματος
3180 3813 3364 3891 χάρις.
3411 3811 3549 3867 Εἶτα
3604 3807 3685 3864 ὅτι
3712 3812 3715 3815 ’
3740 3831 3846 3874 ση-

2211 3913 2369 3972 μεῖον
2438 3900 2633 3966 ταύτης
2703 3904 2800 3967 τῆς
2844 3897 3158 3956 ἁδιστάκτου
3214 3902 3441 3963 πίστεως
3492 3895 3637 3956 οὐδέν
3708 3896 3847 3953 ἐστιν

2210 3987 2363 4067 ἄλλο,
2393 3988 2430 4054 ἦ
2459 3990 2493 4057 ἡ
2523 3987 2810 4068 παῤῥησία,
2839 3987 2906 4056 ἢν
2955 3986 3037 4045 διὰ
3064 3990 3162 4055 τῆς
3217 3988 3442 4063 ἀμώμω
3496 3987 3719 4052 πίστεως
3756 3988 3845 4043 εὖ-

2215 4076 2463 4153 ρίσκομεν
2516 4078 2648 4155 πρὸς
2706 4078 2886 4152 αὐτὸν,
2938 4078 3011 4139 ὡς
3086 4078 3172 4133 καὶ
3241 4075 3487 4154 ἀνωτέρω
3539 4074 3848 4153 εἰρήκαμεν.

2218 4165 2315 4220 Καὶ
2342 4161 2500 4220 πάλιν
2557 4177 2786 4239 σημεῖον
2855 4169 2954 4232 τῆς
3007 4164 3254 4231 τοιαύτης
3305 4162 3615 4242 παρρησίας,
3675 4163 3738 4218 τὸ
3768 4161 3845 4237 μὴ

483 4246 594 4312 Sed
630 4251 910 4330 quoniam
931 4270 1045 4313 non
1069 4271 1275 4313 omnes
1299 4254 1496 4314 omnia
1510 4255 2133 4336 postulataassequun-

2213 4252 2471 4333 ἄστοχεϊν
2530 4254 2741 4313 πάντων
2796 4259 2902 4310 τῶν
2965 4251 3088 4333 παρ’
3138 4255 3291 4328 ἡμῶν
3366 4251 3706 4326 αἰτοδμὲνων,
3765 4249 3848 4305 τέ-

486 4351 602 4419 tur,
628 4357 821 4418 neque
851 4358 1088 4421 semper
1120 4341 1518 4403 exaudiunuir
1547 4343 1605 4403 in
1639 4344 1732 4404 his
1762 4363 1891 4423 quae
1923 4353 2128 4425 petunt

2213 4344 2400 4403 θεικεν,
2474 4338 2623 4398 Ἀλλ’
2693 4339 2875 4408 ἐπειδὴ
2924 4345 2983 4400 οῦ
3052 4339 3265 4397 πάντων
3338 4341 3443 4398 τῶν
3525 4336 3845 4425 αἰτουμένων

479 4400 643 4489 add’it
676 4447 690 4491 :
724 4400 1074 4490 .Secundbm
1118 4400 1506 4493 volunt—a—tetn—
1529 4400 2126 4512 manifestans

2213 4422 2400 4484 πάντες
2459 4422 2836 4501 τυγχάνουσιν,
2916 4420 3032 4477 οὐδὲ
3103 4421 3457 4477 εἰσακούονται
3528 4419 3600 4484 εἰς
3682 4416 3717 4474 ἃ
3757 4418 3845 4473 αἰ-

478 4516 757 4578 videlicet
787 4520 943 4597 quod
965 4527 1173 4599 petens
1208 4528 1421 4600 praeter
1450 4520 1808 4582 voluntatem
1838 4522 2121 4600 magistri,

2213 4525 2375 4593 τουσι,
2408 4521 2718 4599 προστίθησι
2748 4521 2810 4575 τὸ
2842 4520 2986 4577 Κατὰ
3030 4519 3090 4574 τὸ
3132 4516 3338 4592 θέλημα
3390 4518 3564 4591 αὐτοῦ,
3613 4518 3687 4581 ὡς
3717 4516 3745 4571 ὃ
3786 4535 3845 4595 γε

478 4625 595 4667 non
626 4605 700 4667 sit
727 4606 1156 4685 exaudiendus,
1187 4609 1572 4671 conformiter
1597 4612 1666 4671 ad
1702 4610 1938 4672 beatum
1959 4610 2125 4673 Jaco-

2213 4608 2348 4686 παρὰ
2402 4608 2463 4662 τὸ
2504 4607 2712 4682 θέλημα
2764 4613 2855 4663 τοῦ
2915 4604 3224 4666 διδασκάλου
3318 4607 3498 4680 αἰτῶν,
3557 4602 3673 4663 οῦδὲ
3731 4604 3844 4660 εἰσ-

491 4693 629 4755 bum
670 4712 683 4756 :
720 4695 1204 4777 quandoquidem
1238 4708 1295 4759 et
1332 4699 1455 4774 ille,
1494 4722 1520 4753 σ
1561 4699 1789 4774 Potitis,
1822 4700 2032 4780 inquit,
2068 4708 2129 4762 et

2213 4693 2689 4775 ακουσθησόμενος,
2744 4692 2945 4771 συνῳδὰ
2998 4702 3077 4770 τῷ
3118 4697 3358 4775 μακαρίῳ
3415 4691 3652 4767 Ἰακώϐῳ
3702 4693 3842 4749 ἀπο-

483 4801 600 4843 ηοη
631 4784 927 4866 accipitis,
960 4803 1030 4846 eo
1070 4786 1226 4867 quod
1260 4788 1412 4849 male
1464 4788 1673 4868 petatis
1701 4788 1814 4862 45,»
1860 4789 1971 4850 hoc
2003 4798 2114 4864 est,

2213 4786 2517 4868 φαινόμενος
2543 4806 2556 4819 ·
2591 4784 2704 4842 ἐπεὶ
2732 4787 2818 4842 καὶ
2867 4787 3042 4861 οὗτος,
3096 4810 3123 4841 α
3163 4788 3395 4864 Αἰτεῖτε,
3425 4784 3638 4864 φάσκει,
3671 4783 3760 4838 καὶ
3787 4780 3845 4838 ὠ

483 4880 656 4951 prout
676 4870 844 4932 vobis
874 4890 989 4932 non
1020 4895 1089 4934 ελ
1105 4874 1286 4954 pedit.
1336 4876 1475 4936 600
1505 4879 1870 4938 Convertens
1921 4885 2117 4937 autem

2213 4872 2518 4951 λαμϐανετε,
2553 4874 2683 4932 διότι
2714 4881 2914 4953 puch
2957 4877 3178 4951 αἰτεῖτε,
3218 4897 3242 4931 ι
3278 4875 3462 4952 οἱονεὶ,
3518 4872 3842 4953 ἀσυμφόπως

481 4958 820 5038 hujusmodi
840 4959 1073 5040 signum
1088 4963 1150 5023 in
1169 4963 1537 5026 manifestius
1556 4964 1869 5039 indicium,
1901 4965 2002 5026 ait:
2019 4993 2038 5019 ιι
2052 4963 2123 5026 Et

480 5047 527 5108 si
550 5048 773 5111 scimus
801 5051 954 5131 quod
974 5051 1138 5113 audit
1168 5072 1275 5115 nos
1305 5054 1366 5115 in
1404 5053 1565 5115 omni
1592 5073 1662 5114 eo
1693 5054 1851 5134 quod
1886 5053 2122 5134 petieri-

480 5154 630 5212 mus,
665 5138 888 5200 scimus
916 5141 1068 5220 quod
1095 5141 1383 5205 habemus
1412 5143 1726 5223 petitiones
1754 5161 1899 5224 quas
1915 5151 2121 5224 postu-

474 5226 724 5286 lavimus
746 5227 820 5288 ab
844 5230 1105 5291 eozntale
1125 5230 1432 5312 quippiam
1457 5232 1685 5295 dicens:
1715 5232 1777 5294 Si
1795 5232 2122 5294 secundum

479 5316 829 5378 voluntatem
851 5318 981 5398 ejus
1013 5322 1462 5399 petimus,audit
1492 5340 1598 5383 nos
1626 5330 1721 5384 :et
1751 5320 1800 5382 si
1829 5321 1993 5383 audit
2015 5341 2124 5384 uos

477 5404 538 5467 in
570 5404 732 5466 omni
753 5423 824 5468 eo
847 5406 1003 5488 quod
1039 5408 1316 5491 petimus,
1344 5413 1568 5474 scimus
1602 5411 1759 5492 quod
1793 5413 2122 5475 secundum

564 5573 613 5619 “
643 5572 815 5640 Joan.
849 5592 891 5654 ι,
923 5578 984 5641 4.

1069 5578 1124 5622 η
1152 5579 1324 5645 Rom.
1358 5598 1441 5657 vr,
1471 5585 1532 5645 3.
1619 5581 1678 5633 ιδ
1708 5583 1882 5646 Rom.
1911 5598 1994 5664 v1,
2024 5583 2090 5652 4.

2177 5582 2238 5635 M
2267 5580 2450 5646 Matth
2478 5596 2584 5655 vn,
2630 5580 2693 5644 6.

2200 4966 2352 5041 ὑμῖν.
2410 4962 2789 5044 Ἀντιστρὲφων
2839 4965 2894 5020 δὲ
2936 4967 2998 5021 τὸ
3038 4972 3275 5022 τοιοῦτον
3323 4974 3553 5036 σημεῖον
3606 4962 3679 5026 εἰς
3744 4982 3845 5016 σα-

2203 5054 2450 5134 φέστερον
2480 5054 2757 5133 γνώρισμα
2810 5054 2940 5135 φησί
2985 5073 2999 5087 ⁶
3033 5054 3122 5110 καί
3179 5054 3269 5109 ἐὰν
3312 5049 3533 5127 οἴδαμεν
3586 5049 3668 5106 ὅτι
3697 5050 3839 5106 εἷσαν

2203 5145 2345 5201 κούει
2402 5145 2558 5219 ἡμῶν
2614 5144 2689 5207 εἰς
2759 5149 2863 5200 πᾶν
2908 5143 2936 5199 ὃ
2989 5142 3052 5199 ἂν
3112 5142 3400 5220 αἰτώμεθα,
3471 5136 3691 5214 οἴδαμεν
3762 5137 3842 5195 ὅτι

2203 5233 2404 5313 ἔχομεν
2446 5232 2514 5288 τὰ
2544 5233 2810 5307 αἰτήματα
2859 5229 2892 5287 ἂ
2932 5232 3197 5309 ᾖτέκαμεν
3238 5231 3419 5309 αὐτὸν,
3459 5251 3484 5286 ε
3546 5228 3753 5286 τοιοῦτό
3797 5250 3843 5283 τι

2203 5320 2374 5400 λέγων
2408 5341 2422 5357 ⁸
2459 5321 2517 5377 Εἰ
2565 5321 2700 5377 κατὰ
2746 5342 2808 5377 το
2861 5321 3069 5398 θέλημα
3111 5321 3270 5378 αῦτοῦ
3322 5318 3619 5392 εἰτούμεθα,
3664 5316 3843 5373 ἀκούει

2204 5416 2383 5489 ἡμῶν.
2417 5413 2516 5471 Καὶ
2557 5412 2601 5467 εἰ
2627 5411 2806 5469 ἀκούει
2849 5413 3005 5487 ἡμῶν
3048 5414 3120 5476 εἰς
3179 5412 3210 5467 ὃ
3261 5408 3324 5466 ἂν
3367 5407 3656 5486 αἰτώμεθα,
3685 5405 3844 5465 οἴδα-

2779 5581 2841 5633 “
2865 5581 2990 5645 Jac.
3023 5597 3103 5660 IV,
3135 5577 3196 5644 3.
