4192 6212
306 296 414 366 681

1370 307 1765 372 COMMENT.
1817 305 1895 366 IN
1945 303 2186 365 Ei’lST.
2240 304 2262 365 Ι
2305 303 2654 370 JOANNIS.

3593 299 3713 362 682

331 438 430 512 μὲν
479 438 562 495 ὅτι
618 441 754 497 κατά
808 443 869 498 τὸ
928 440 1135 517 θέλημα
1190 441 1344 500 αὐτοῦ
1384 449 1636 517 ποιοῦμεν
1697 441 1762 496 τά
1819 436 1964 505 αἰτή-

2062 433 2417 497 voluntatem
2445 437 2573 516 ejus
2605 436 2853 498 facimus
2885 435 3200 517 petitiones
3228 445 3481 509 nostras,
3517 445 3575 497 et
3596 436 3705 496 ba-

331 550 474 600 ματα
515 529 690 604 ἡμῶν,
762 531 851 586 καὶ
905 529 1106 610 ἔχομεν
1159 530 1214 586 ὲν
1269 531 1501 604 ἑαυτοῖς,
1553 531 1618 586 τά
1649 531 1912 604 αἰτήματα
1941 526 1972 581 ἃ

329 614 627 692 ἠτηκᾶμεν.
669 620 841 676 Ταῦτα
870 615 924 674 δέ
953 617 1062 674 ἐστι
1093 620 1127 685 ἡ
1183 616 1421 694 βασιλεία
1463 621 1551 675 καὶ
1605 620 1639 686 ἡ
1669 616 1970 681 δικαιοσύνη

328 706 508 786 αὐτοῦ,
542 707 574 761 ἃ
603 707 688 763 καὶ
720 708 886 762 αἰτεῖν
919 709 1072 771 αὐτὸς
1101 709 1237 782 ἡμῖν
1265 707 1394 762 ἐνετς
1415 706 1583 766 ίλατο.
1618 717 1789 766 Ταῦτα
1810 705 1969 761 εἰπὼν

328 795 415 848 καὶ
443 794 618 870 ῥητῶς
669 796 1003 871 παρατίθεταί
1043 817 1116 875 τι,
1175 799 1249 850 ὧν
1305 797 1471 852 αἰτεῖν
1527 797 1668 871 ἡμᾶς
1725 793 1970 871 βούλεται

328 887 437 937 τῶν
480 884 618 939 κατά
657 885 719 938 τὸ
759 882 969 959 Θέλημα
1011 893 1103 942 τοῦ
1133 891 1288 946 Θεοῦ,
1341 882 1488 941 Ἐπεὶ
1517 886 1616 963 γὰρ
1647 883 1841 948 πολοὺς
1871 882 1979 938 ἐπι

328 969 524 1052 σχεδὸν
551 969 619 1027 δι’
651 970 782 1038 ὅλης
813 976 907 1038 τῆς
957 970 1300 1047 Ἐπιστολῆς,
1364 973 1463 1040 τὴν
1493 975 1566 1036 εἰς
1617 975 1704 1029 τὸν
1759 969 1982 1049 ἀδελφὸν

327 1058 544 1137 ἀγάπην
587 1059 842 1136 ἒξυμνῶν,
888 1061 978 1117 καὶ
1020 1067 1174 1118 τοῦτο
1232 1059 1505 1137 βούλεσθαι
1563 1063 1653 1118 τὸν
1713 1062 1842 1117 Θεὸν
1883 1060 1983 1126 τὴν

327 1151 400 1213 εἰς
442 1149 532 1204 τδν
561 1147 783 1227 ἀδελφὸν
826 1148 1042 1228 ἀγάπην
1074 1148 1348 1206 ἀνόθευτον
1391 1162 1598 1228 τηρεῖν,
1645 1160 1799 1208 τοῦτο
1845 1149 1985 1204 εἷναί

325 1260 457 1317 φησι
509 1240 594 1294 νῦν
639 1236 692 1292 ἔν
747 1243 853 1294 τῶν
894 1236 1210 1312 Θελημάτων
1241 1240 1421 1311 αὐτοῦ,
1478 1237 1568 1294 ἵνα
1623 1237 1713 1294 ἐὰν
1767 1260 1847 1302 τις
1878 1234 1968 1312 ἴδῃ

320 1329 414 1382 τὸν
473 1325 695 1407 ἀδελφὸν
764 1327 924 1385 αῦτσῦ
965 1327 1330 1404 ἁμαρτάνοντα
1374 1327 1453 1402 μὴ
1522 1328 1651 1405 πρὸς
1721 1327 1962 1402 θάνατον,

315 1417 536 1492 αἰτήσῃ,
571 1417 658 1472 καὶ
686 1413 842 1472 δώσει
886 1417 1046 1490 αὒνῷ.
1084 1415 1181 1474 Καὶ
1229 1415 1279 1472 τί
1307 1413 1460 1474 δώσει
1493 1434 1510 1494 ;
1545 1416 1698 1483 Ζωήν
1729 1415 1961 1474 αἰώνιον.

318 1506 434 1564 Τίσι
481 1525 498 1586 ;
531 1514 659 1568 Τοῖς
701 1505 780 1581 μὴ
810 1505 910 1584 πρὸ
940 1505 1161 1562 θάνατον
1190 1504 1593 1584 ἁμαρτάνουσιν.

953 1615 1200 1669 smn.
1253 1598 1332 1670 z'.

330 1729 359 1761 α
397 1707 522 1784 Περὶ
593 1704 930 1780 ἀντιλήψεως
973 1715 1066 1764 τοῦ
1140 1705 1530 1786 ἁμαρτάνοντος
1602 1703 1827 1774 ἀδελφοῦ
1881 1705 1964 1765 διὰ

407 1780 742 1885 ⁸τιροσξυχέις,
790 1787 878 1842 καὶ
911 1787 1149 1885 {reply-cpi)
1305 1787 1620 1865 ἁμαρτάνειν
1663 1787 1717 1842 ἐν
1758 1789 1804 1860 ᾧ
1858 1789 1974 1867 περὶ
2003 1780 2037 1829 Β

405 1862 620 1934 ἀπυγῆς
637 1862 946 1942 δαιμονικοῦ
973 1862 1329 1941 σεϐάσματος.

408 1962 532 2022 Ἐάν
601 1985 680 2026 τις
752 1960 838 2038 ἱδη
905 1964 997 2018 τὸν
1077 1959 1299 2042 ἀδελφὸν
1385 1968 1542 2022 αὑτοῦ
1607 1963 1971 2042 ἁμαρτάνοντα

323 2053 582 2133 ἁμαρτίαν
661 2053 740 2128 μὴ
809 2053 940 2125 πρὸς
1021 2051 1264 2126 θάνατον,
1349 2055 1576 2126 αἰτήσει,
1661 2055 1748 2109 καὶ
1815 2052 1970 2109 δώσει

323 2147 465 2218 αὐτῷ
534 2143 676 2213 ζωὴν
754 2154 872 2204 τοῖς
942 2141 1295 2219 ἁμαρτάνουσι
1373 2142 1450 2217 μιὶ
1534 2143 1665 2219 πρὸς
1721 2143 1962 2204 Θάνατον,

321 2222 522 2288 ’Ἔστιν
605 2230 832 2309 ἁμαρτία
910 2231 1040 2308 πρὸς
1119 2230 1361 2305 θάνατον,
1457 2232 1516 2286 οὗ
1565 2231 1681 2310 περῖ
1760 2229 1963 2298 lueis-qq

320 2320 463 2400 λέγω
516 2319 608 2375 ’ἵνα
664 2319 932 2396 ἐρωτήσῃ,
981 2323 1130 2373 Πᾶσα
1174 2315 1345 2375 ἀδικία
1403 2320 1629 2398 ἁμαρτία
1687 2319 1819 2383 ἐστὶ.
1866 2323 1963 2378 Καὶ

319 2409 462 2467 ἔστιν
532 2407 758 2486 ἁμαρτία
825 2408 885 2463 οῦ
926 2407 1061 2485 ωρὸς
1116 2406 1358 2468 Θάνατον.
1391 2406 1625 2483 Οἴδαμεν
1667 2407 1747 2464 ὅτι
1805 2415 1908 2471 πᾶς
1933 2412 1961 2466 ὁ

320 2497 709 2578 γεγεννημένος
767 2495 828 2552 ἐκ
867 2502 959 2552 τοῦ
1022 2498 1153 2552 Θεοῦ
1225 2497 1327 2574 οῦχ
1371 2497 1681 2576 ἁμαρτάνει,
1753 2495 1874 2555 ἀλλ’
1931 2501 1961 2554 ὗ

320 2588 587 2667 γεννηθεὶς
617 2585 670 2641 ὲδ
738 2591 828 2641 νοῦ
898 2583 1028 2640 Θεοῦ
1083 2597 1241 2663 τηρεῖ
1283 2586 1488 2654 ἑαυτὸν,
1545 2587 1633 2642 καὶ
1698 2589 1726 2642 ὁ
1783 2609 1960 2654 πονη-

321 2681 410 2756 ρὸς
470 2679 573 2756 οῦχ
630 2674 862 2750 ἅπτεται.
894 2677 1073 2734 αὐτοῦ.
1145 2671 1378 2748 Οἴδαμεν
1447 2674 1527 2729 ὃτι
1586 2673 1648 2731 ἐκ
1687 2675 1779 2732 τοῦ
1835 2679 1964 2734 Θεοῦ

318 2767 502 2840 ἐσμεν,
559 2766 646 2820 καὶ
687 2765 715 2818 ὃ
783 2763 983 2836 κόσμος
1041 2760 1162 2824 ὅλος
1248 2761 1301 2816 ἐν
1375 2769 1450 2836 τῷ
1507 2765 1721 2843 πονηρῷ
1762 2779 1959 2827 κεῖται.

318 2852 554 2927 Οἴδαμεν
608 2851 661 2906 δὲ
727 2850 807 2906 ὅτι
860 2853 888 2905 ὁ
942 2851 1060 2913 Υἱὸς
1116 2850 1209 2907 τοῦ
1267 2851 1398 2908 Θεοῦ
1451 2851 1593 2926 ἣκει,
1652 2855 1738 2910 καὶ
1799 2852 1962 2911 δεδω-

316 2965 406 2998 κεν
465 2945 600 3016 ἡμῖν
653 2938 907 3016 διάνοιαν,
977 2939 1069 2994 ῗτα
1141 2941 1488 3017 γινώσκωμεν
1552 2944 1642 2998 τὸν
1719 2940 1964 3010 ἀληθινὸν

319 3033 472 3094 Θεόν,
528 3031 623 3088 Καὶ
663 3032 822 3103 ισμεν
850 3028 913 3083 ἀν
969 3035 1046 3102 τῷ
1097 3027 1352 3109 ἀληθινῷ,
1403 3029 1454 3085 ἐν
1514 3037 1592 3105 τῷ
1650 3033 1754 3105 ι·ἱῴ
1808 3033 1964 3089 αὐτοῦ

319 3123 494 3188 Ἰησώ
527 3125 755 3198 Χριστῷ.
795 3141 818 3174 It

407 3232 430 3265 α
479 3207 604 3266 Ἐὰν
632 3229 711 3270 τις
744 3205 835 3281 ἴδῃ
877 3207 967 3262 τὸν
1021 3203 1244 3286 ἀδελφὸν
1303 3208 1458 3263 αὐτοῦ
1503 3209 1892 3286 ἁμαρτάνοντα,
1932 3236 1957 3266 ιο

317 3299 482 3356 Τοῦτο
511 3297 566 3353 έν
631 3303 737 3352 τῶν
792 3296 1106 3370 θελημάτων
1164 3295 1294 3353 ἐστί.
1373 3298 1719 3364 Δικαιοσύνης
1762 3300 1862 3378 γὰρ
1902 3303 1963 3356 τὸ

2055 519 2262 583 bemus
2293 523 2353 585 in
2386 526 2555 587 nobis
2597 526 2743 605 ipsis
2803 524 3118 606 petitiones
3165 543 3311 605 quas
3371 524 3700 604 postulavi-

2055 628 2186 671 mus
2215 611 2292 686 16,
2328 611 2465 674 Haec
2491 621 2685 675 autem
2714 621 2850 674 sunt
2880 631 3128 692 regnum
3156 613 3458 693 etjustitia
3490 613 3699 693 ipsius:

2053 717 2182 778 qua
2211 701 2387 762 etiam
2419 700 2546 782 ipse
2596 702 2877 782 praecepit
2933 700 3106 762 nobis
3140 710 3366 782 petere.
3396 701 3499 762 His
3530 701 3705 762 dictis

2065 790 2373 853 manifeste
2402 791 2578 855 etiam
2609 791 2835 872 aliquid
2870 791 3143 872 proponit
3181 809 3385 852 eorum
3419 809 3549 871 qua;
3581 791 3702 851 vult

2065 895 2171 938 nos
2205 888 2406 958 petere
2429 881 2599 960 juxta
2654 879 2760 942 Dei
2806 879 3180 940 voluntatem.
3217 878 3505 951 Quoniam
3540 879 3698 940 enim

2065 971 2184 1027 tota
2211 969 2636 1049 propemodum
2671 968 2918 1048 epistola
2935 968 3152 1028 multus
3174 967 3337 1029 estin
3362 968 3697 1030 extollendo

2065 1053 2407 1118 chariiatem
2435 1075 2572 1136 erga
2598 1057 2863 1136 fratrem,
2897 1063 2954 1118 et
2978 1055 3278 1118 aﬂ‘ercndo
3301 1055 3414 1117 hoc
3445 1057 3618 1131 velle,
3640 1064 3710 1117 ut

2067 1142 2444 1206 dilectionem
2479 1163 2618 1222 erga
2646 1145 2889 1206 fratrem
2918 1144 3321 1225 incorruptam
3350 1162 3654 1206 servemus
3687 1162 3699 1206 :

2069 1229 2220 1306 hanc
2267 1249 2423 1293 nunc
2450 1232 2593 1294 dicit
2623 1251 2754 1294 esse
2785 1250 2960 1293 unam
3011 1231 3372 1292 voluntatem
3405 1230 3613 1312 ipsius,
3641 1239 3706 1292 ut

2047 1320 2097 1379 9i
2129 1320 2260 1400 quis
2290 1320 2500 1382 viderit
2531 1321 2771 1383 fratrem
2805 1337 2975 1380 suum
3010 1337 3256 1400 peccare
3290 1339 3408 1381 non
3427 1320 3502 1381 ad
3534 1339 3704 1382 mor-

2048 1416 2190 1479 tem,
2217 1416 2375 1488 petat
2405 1420 2464 1472 et
2495 1408 2657 1470 dabit
2688 1407 2903 1488 ipsi.Et
2931 1407 3074 1488 quid
3104 1407 3312 1469 dabit?
3337 1407 3511 1469 vitam
3532 1418 3700 1470 aeter-

2048 1514 2207 1558 nam.
2244 1495 2519 1568 Quibus?
2548 1497 2641 1558 bis
2673 1496 2774 1577 qui
2807 1504 3054 1576 peccant
3084 1515 3204 1561 non
3228 1496 3301 1558 ad
3333 1504 3612 1562 mortem.

2047 1679 2142 1742 De
2171 1680 2583 1746 subveniendo
2611 1681 2810 1762 fratri
2833 1683 3106 1762 peccanti
3128 1698 3238 1762 per
3262 1684 3622 1759 orationem,
3655 1691 3716 1745 et

2140 1762 2299 1843 quod
2329 1780 2450 1824 non
2479 1765 2556 1824 sit
2585 1762 2958 1842 peccandum
2989 1779 3093 1840 ειη
3119 1779 3237 1841 quo
3265 1763 3451 1824 etiam
3477 1764 3610 1843 agit
3639 1764 3714 1826 de

2137 1841 2507 1904 abstinentia
2536 1841 2772 1904 a’cuttu
2801 1843 3164 1905 dcemonum.

2137 1934 2208 2007 V,
2240 1933 2453 1996 16-21.
2485 1935 2552 2000 Si
2580 1937 2714 2015 quis
2735 1935 2948 1997 viderit
2978 1936 3230 2012 fratrem
3259 1952 3436 1995 suum
3460 1952 3709 2016 peccare

2046 2031 2357 2104 peccatum
2387 2043 2512 2088 non
2536 2026 2616 2088 ad
2641 2033 2911 2100 mortem,
2936 2032 3120 2106 petet,
3155 2033 3212 2086 et
3241 2024 3417 2086 dabit
3464 2027 3586 2106 ipsi
3604 2028 3705 2088 vi-

2052 2121 2173 2175 tam
2198 2114 2580 2193 peccantibus
2611 2133 2732 2177 non
2755 2115 2839 2176 ad
2861 2121 3137 2177 mortem.
3166 2113 3281 2176 Est
3296 2122 3613 2194 peccatum
3631 2117 3711 2178 ad

2047 2209 2452 2276 mortem,non
2460 2221 2570 2282 pro
2599 2202 2706 2264 illo
2736 2202 2949 2264 dicout
2980 2210 3146 2280 roget
3157 2201 3394 2264 .Omnis
3415 2203 3713 2281 iniquitas

2039 2299 2347 2368 peccatum
2378 2301 2481 2366 est,
2516 2298 2690 2354 etest
2733 2290 3046 2369 pee'catnm
3110 2308 3227 2352 non
3305 2291 3384 2352 ad
3425 2299 3703 2354 mortem.

2047 2380 2280 2442 Scimus
2305 2381 2462 2460 quod
2483 2382 2683 2442 omnis
2712 2382 2820 2461 qui
2846 2387 3031 2441 natus
3059 2386 3148 2442 est
3173 2396 3251 2441 ex
3282 2379 3405 2441 Deo
3426 2398 3547 2442 non
3568 2399 3703 2459 pec-

2048 2474 2174 2540 cat,
2207 2469 2312 2531 sed
2343 2475 2448 2549 qui
2472 2472 2714 2550 genitus
2743 2477 2831 2531 est
2863 2485 2942 2531 ex
2970 2470 3090 2532 Deo
3119 2476 3326 2531 servat
3388 2470 3610 2552 ipsum,
3646 2479 3705 2532 et

2041 2557 2363 2621 malusilto
2391 2576 2516 2620 non
2547 2559 2740 2636 tangit
2770 2559 3184 2620 eum.Scimus
3238 2557 3392 2634 quod
3443 2576 3521 2620 ex
3572 2559 3698 2623 Deo

2043 2655 2329 2720 sumus,et
2366 2647 2626 2708 mundus
2652 2653 2806 2708 totus
2835 2647 2897 2707 in
2930 2645 3568 2726 malignoconstitutus
3598 2655 3711 2715 est.

2046 2739 2173 2796 601
2217 2737 2453 2799 Scimus
2484 2744 2686 2798 autem
2717 2735 2872 2814 quod
2903 2736 3094 2796 Filius
3127 2736 3236 2796 Dei
3261 2739 3449 2797 venit.
3486 2735 3570 2797 Et
3593 2737 3703 2799 de-

2049 2827 2138 2887 dit
2169 2827 2332 2888 robis
2363 2833 2716 2906 mentem,ut
2749 2841 3179 2906 cognoscamus
3201 2823 3375 2885 illum
3399 2828 3504 2902 qui
3529 2843 3706 2888 verus

2049 2922 2132 2976 est
2165 2933 2183 2975 :
2216 2927 2272 2979 et
2295 2934 2500 2978 smnus
2530 2916 2595 2976 in
2628 2930 2794 2991 vero,
2841 2912 2914 2972 In
2947 2912 3110 2974 Filio
3140 2914 3269 2990 eius
3299 2913 3444 2974 Jesu
3479 2916 3696 2976 Chris-

2049 3013 2129 3068 to.
2165 3008 2278 3068 llic
2303 3013 2390 3069 est
2413 3023 2584 3067 verus
2611 3003 2769 3064 Deus
2801 3010 2856 3064 et
2888 3005 3012 3064 vita
3041 3011 3296 3064 (eterna.
3337 3002 3566 3076 Filioti,
3592 3021 3697 3065 ca-

1983 3101 2021 3148 C
2050 3113 2176 3166 cete
2207 3106 2366 3167 vobis
2396 3121 2434 3166 a
2461 3100 2810 3165 simulacris
2844 3102 3065 3162 Amen.

2137 3221 2156 3248 (ι
2194 3192 2256 3254 Si
2288 3193 2421 3273 quis
2452 3191 2661 3252 viderit
2705 3188 2946 3248 fratrem
2977 3207 3148 3250 suum
3183 3207 3452 3269 peccare.
3494 3214 3519 3244 »
3555 3187 3693 3252 Haec

2047 3302 2162 3342 una
2191 3283 2550 3342 voluntatum
2585 3287 2694 3340 est.
2726 3277 2976 3340 Justitize
3015 3278 3175 3338 enim
3233 3287 3324 3337 est
3367 3277 3698 3339 condolere

313 3395 392 3462 τῷ
460 3387 762 3462 ἡματηκότι
831 3365 1040 3463 ἀδελφῷ
1095 3385 1399 3462 συναλγεῖν,
1460 3387 1546 3442 καὶ
1611 3365 1960 3466 συμπράττειν

2053 3373 2209 3432 l'ratri
2239 3371 2338 3450 qui
2374 3368 2722 3450 peccavit,et
2749 3366 2821 3428 ad
2854 3367 3110 3427 salutem
3143 3366 3362 3426 auxilio
3387 3383 3542 3428 esse.
3567 3365 3695 3428 uEst

311 3478 386 3540 εἷς
433 3475 721 3552 σωτηρίαν,
787 3497 814 3528 α
849 3453 1048 3528 ’Ἔστιν
1074 3473 1302 3551 ἁμαρτία
1361 3475 1488 3550 πρὸς
1549 3453 1788 3536 θανάτον.
1824 3495 1850 3534 1
1889 3478 1958 3533 Τὸ

2053 3470 2349 3539 peccatum
2377 3460 2447 3519 ad
2477 3466 2750 3518 mortem.
2791 3481 2814 3510 υ
2838 3453 2996 3515 Ordo
3048 3455 3125 3514 sit
3149 3454 3300 3515 iste:
3336 3453 3440 3552 list
3471 3473 3687 3534 pecca-

307 3564 458 3631 ἑξῆς.
495 3553 688 3620 ’Ἔστιν
718 3563 943 3640 ἁμαρτία
984 3562 1113 3638 πρὸς
1167 3562 1410 3632 θάνατον,
1466 3566 1554 3618 καὶ
1612 3561 1750 3618 ἔστιν
1781 3566 1955 3642 ἁμαρ-

2053 3559 2162 3608 tum
2194 3551 2265 3610 ad
2298 3555 2642 3619 mortem,et
2685 3553 2771 3606 est
2804 3552 3104 3624 peccatum
3158 3560 3274 3602 non
3305 3543 3378 3603 ad
3409 3552 3684 3604 mortem.

302 3655 391 3709 τία
461 3656 520 3710 οὗ
574 3653 703 3730 πρὸς
759 3650 998 3706 θάνατον.
1061 3653 1132 3708 Οῦ
1201 3651 1318 3727 περὶ
1365 3651 1460 3716 τῆς
1535 3652 1666 3729 πρὸς
1734 3653 1953 3709 Θανάτον

2053 3637 2164 3698 Non
2193 3639 2266 3698 de
2293 3659 2361 3696 eo
2395 3636 2550 3716 quod
2584 3646 2675 3696 est
2703 3633 2774 3694 ad
2811 3639 3060 3692 mortem
3093 3631 3248 3730 dico,
3271 3640 3349 3730 lut
3377 3633 3685 3710 roget,sed

303 3741 449 3819 λέγω
498 3719 851 3813 ἴναΙαῖτήσῃ,
926 3736 1061 3793 ἀλλά
1100 3738 1216 3815 περὶ
1270 3742 1368 3803 τῆς
1440 3743 1516 3813 μὴ
1573 3741 1698 3817 πρὸς
1734 3741 1950 3797 θάνατον

2053 3727 2111 3787 le
2137 3745 2205 3787 eo
2236 3727 2393 3808 quod
2429 3745 2544 3785 non
2579 3733 2666 3784 est
2695 3723 2767 3784 ad
2799 3729 3052 3818 mortem
3095 3719 3322 3780 Deinde
3345 3738 3685 3819 sermonem

306 3831 445 3887 Εἶτα
495 3828 742 3904 διασαφεῖ
797 3829 888 3884 τὸν
959 3825 1141 3904 λόγον,
1201 3827 1299 3893 τὴν
1368 3825 1611 3898 διαίρεσιν
1639 3829 1950 3903 ποιούμενος

2053 3807 2305 3894 explanat
2332 3811 2775 3875 distinctionem
2810 3807 3033 3870 faciens
3057 3812 3291 3904 peccati
3317 3808 3471 3904 quod
3494 3809 3675 3904 estad

305 3923 401 3986 τῆς
461 3920 592 3994 πρὸς
647 3918 867 3975 Θάνατον
915 3915 1191 3992 ἁμαρτίας,
1266 3917 1354 3971 καὶ
1397 3921 1492 3982 τῆς
1552 3916 1628 3990 μὴ
1683 3918 1809 3995 πρὸς
1865 3920 1953 3974 θά-

2053 3893 2283 3967 nortcm
2312 3905 2436 3982 etej
2451 3923 2515 3965 us
2545 3901 2702 3983 quod
2732 3919 2849 3960 non
2883 3907 2970 3959 est
3000 3897 3070 3958 ad
3087 3905 3361 3995 mortem:
3392 3897 3689 3995 Simplici-

301 3985 513 4066 vztov.'
549 3998 640 4070 Ὠς
697 4006 797 4083 γὰρ
853 4004 957 4060 ἀπὸ
1016 3985 1198 4082 ⁸ξένους
1253 4010 1352 4070 τῆς
1436 4003 1616 4066 ἀπλῶς
1695 3985 1947 4086 ἁμαρτίας

2057 4013 2124 4054 cr
2154 3995 2312 4056 enim
2345 4003 2617 4072 tauquam
2651 4009 2685 4051 a
2733 4005 2955 4068 genere
2989 3985 3214 4066 peccati
3248 3986 3388 4047 facit
3433 3986 3680 4048 divisio-

300 4109 454 4151 ποιεῖ
482 4097 578 4162 τὴν
608 4093 881 4174 διαίρεσιν,
927 4094 1016 4149 καί
1045 4115 1174 4174 φησι
1225 4113 1237 4126 ’
1297 4095 1444 4148 Πᾶσα
1513 4091 1708 4172 ἀδικία,
1769 4095 1946 4172 ἀμαρ-

2053 4102 2191 4155 tem,
2227 4093 2284 4142 et
2311 4082 2426 4142 ait:
2469 4079 2669 4141 amnis
2697 4075 3002 4157 iniquitas,
3059 4085 3368 4152 peccatum
3397 4084 3485 4134 est
3516 4094 3528 4132 :
3559 4075 3686 4138 sive

296 4185 406 4258 τία,
441 4183 550 4244 ἐστί
583 4200 595 4212 ⁸
643 4183 901 4256 τουτέστι,
959 4183 1047 4239 καὶ
1105 4185 1138 4250 ἡ
1186 4185 1314 4260 πρὸς
1375 4184 1595 4239 Θάνατον
1648 4185 1734 4238 καὶ
1790 4185 1824 4250 ἡ
1867 4185 1944 4258 μὴ

2053 4171 2104 4230 ιίι
2136 4172 2208 4231 ad
2241 4180 2513 4241 mortem,
2543 4169 2664 4229 sive
2695 4185 2812 4226 non
2863 4167 2938 4226 ad
3000 4171 3270 4224 mortem.
3320 4161 3434 4224 Sed
3473 4181 3578 4242 pro
3610 4183 3678 4225 eo

295 4277 426 4352 πρὸς
497 4275 739 4334 θάνατον.
803 4272 968 4330 Ἀλλά
1024 4273 1140 4351 περὶ
1225 4251 1320 4347 μὲν
1375 4273 1474 4339 τὴν
1529 4276 1657 4351 πρὸς
1700 4273 1941 4346 θάνατον,

2053 4261 2183 4340 luud
2213 4269 2297 4319 est
2323 4259 2395 4319 ad
2432 4265 2786 4330 mortem,:.e
2820 4262 3096 4333 precetur
3124 4251 3247 4313 sive
3272 4261 3448 4332 petat,
3482 4271 3676 4332 neque

293 4364 372 4436 μὴ
430 4363 679 4440 ἐρωτάτω
764 4364 922 4441 φησὶν
979 4363 1099 4430 ἦτοι
1144 4363 1375 4420 αἰτείτω.
1437 4365 1507 4419 Οῦ
1562 4363 1660 4439 γὰρ
1711 4364 1946 4419 εἰσακού-

2053 4351 2187 4410 ιιιίιιι
2224 4347 2566 4409 exaudietur
2597 4365 2665 4406 eo
2681 4346 2835 4424 quod
2865 4343 3014 4403 male
3043 4349 3338 4422 petat,pro
3364 4359 3432 4401 eo
3462 4359 3680 4418 rogans

293 4421 303 4436 .
360 4421 372 4429 -
460 4421 469 4440 ι
779 4421 838 4441 .-
1005 4421 1015 4430 -
1576 4421 1586 4439 .
1634 4421 1643 4438 .

293 4453 564 4524 σθήσεται,
600 4449 680 4505 ὅτι
724 4456 901 4512 κακῶς
964 4451 1124 4525 αἰτεῖ,
1158 4451 1274 4518 περὶ
1306 4459 1395 4507 τοῦ
1453 4447 1713 4524 μηδεμίαν
1771 4449 1942 4528 λέγων

2053 4440 2124 4518 [ui
2153 4438 2372 4498 nullam
2405 4435 2660 4496 ostendit
2692 4421 3326 4493 conversionemNam
3351 4430 3539 4528 solum
3563 4430 3674 4491 hoc

293 4537 722 4613 ἐπιδεικνυμένου
752 4537 1096 4618 ἐπιστροφήν,
1163 4541 1296 4615 Πρὸς
1377 4538 1596 4595 θάνατον
1653 4540 1752 4618 γὰρ
1809 4538 1938 4606 αὕτη

2053 4537 2328 4588 peccatum
2362 4527 2432 4586 ad
2459 4533 2705 4586 mortem
2733 4522 3006 4602 est,quod
3025 4521 3099 4580 ad
3124 4518 3534 4598 paenitentiam
3555 4537 3670 4579 non

293 4629 430 4683 ἐστὶν
461 4609 688 4708 ἁμαρτία
719 4627 882 4706 μόνη,
910 4609 950 4694 ’ἡ
984 4609 1080 4702 ’μη
1140 4609 1270 4706 πρδς
1330 4628 1608 4700 μετάνοιαν
1666 4609 1936 4708 ἀςροριῦσα,

2055 4616 2266 4696 eSpicit
2291 4637 2304 4676 :
2331 4635 2444 4695 quo
2479 4633 2611 4674 cum
2643 4619 2980 4691 tegrotusset
3021 4609 3224 4705 ludas,
3249 4609 3319 4708 in
3349 4609 3666 4708 sempiter:

291 4717 380 4789 ἢν,
415 4695 508 4773 καί
537 4695 732 4780 Ἰούδας
779 4695 1016 4786 νοσίήσας
1063 4723 1139 4789 τῷ
1183 4695 1390 4788 ἀἰωνίῳ
1445 4717 1664 4794 ὑπήχθη
1707 4695 1934 4788 ὀανάτῳί

2053 4695 2154 4766 tam
2189 4714 2438 4766 mortem
2471 4702 2760 4764 abductus
2795 4707 2904 4760 est.
2964 4697 3078 4758 Sed
3112 4706 3170 4754 et
3203 4695 3288 4755 illi
3319 4705 3565 4794 peccant
3594 4695 3666 4793 ad

292 4803 464 4861 Ἀλλά
519 4807 605 4864 καὶ
647 4808 695 4861 οἱ
751 4812 1226 4878 μνησικακοῦντες,
1281 4806 1332 4860 οἳ
1379 4807 1508 4882 πρὸς
1571 4807 1790 4864 θάνατον
1869 4808 1936 4860 ἁ-

2053 4804 2270 4855 mortem
2323 4793 2420 4873 qui
2475 4789 2822 4870 injuriarum
2856 4794 2992 4847 sunt
3024 4801 3341 4882 memores.
3384 4781 3528 4882 Nam
3563 4783 3668 4882 viae

295 4895 667 4973 μαρτάνουσιν.
749 4884 886 4950 Ὀδοὶ
953 4894 1054 4972 γάρ
1137 4893 1478 4969 μνησικάκων
1535 4895 1607 4958 εἷς
1692 4895 1932 4970 Θάνατον,

2060 4904 2226 4945 orum
2262 4871 2361 4962 qui
2394 4898 2692 4942 memores
2741 4886 2876 4938 sunt
2921 4872 3274 4973 inj-uriarum
3313 4871 3564 4971 tendunt
3592 4873 3664 4973 ad

291 4985 417 5062 φησί
476 4981 755 5057 Σολομῶν.
816 4979 944 5040 Οὐδὲ
1007 4983 1107 5060 γὰρ
1182 4979 1295 5040 οὐδὲ
1365 4981 1506 5037 οὗτοι
1564 4991 1933 5058 μετανοοῦντες

2053 4960 2382 5035 nortemait
2413 4970 2712 5031 Solomon.
2773 4964 2972 5045 Neque
3004 4962 3063 5022 hi
3096 4961 3255 5021 enim
3287 4960 3665 5058 respiciendo

790 5055 1147 5139 μνησικακίας
1231 5070 1504 5150 ἐχόμενοι.
1567 5055 1669 5128 *καὶ
1739 5069 1931 5140 διατη-

2054 5070 2460 5128 onvertuntur,
2522 5055 2759 5136 injurize
2817 5055 3162 5114 memoriam
3223 5055 3571 5122 retinentes,
3609 5058 3667 5110 et

2014 5160 2315 5214 servantes
2340 5149 2486 5209 iram
2511 5147 2792 5206 adversus
2844 5141 3200 5222 proximum,
3234 5140 3335 5199 sed
3370 5138 3501 5199 sine
3531 5155 3662 5217 pa:-

2016 5239 2264 5302 ni'cntia
2288 5231 2669 5318 peccaut.His
2684 5229 3464 5308 declaratis,ronsequenter
3482 5227 3659 5287 etiam

2016 5331 2305 5410 signiﬁcat
2328 5346 2577 5408 quorum
2603 5325 2679 5387 sit
2711 5340 2956 5404 peccare
2991 5330 3229 5400 peccato
3259 5320 3333 5379 ad
3367 5328 3655 5379 mortem:

2017 5439 2074 5485 et
2107 5418 2185 5480 ait
2215 5420 2369 5498 quod
2395 5417 2492 5497 qui
2524 5435 2557 5476 a
2589 5415 2706 5476 Deo
2731 5411 3054 5490 adoptatus
3085 5418 3194 5482 est,
3231 5411 3322 5468 hic
3356 5425 3656 5486 nunquam

1297 4095 1444 4148 Πᾶσα
1513 4091 1684 4148 ἀδικία

288 5072 680 5151 ἐπιστρέφουσι,

286 5170 492 5238 ροῦντες
549 5161 648 5226 τὴν
692 5163 828 5217 κατά
883 5167 973 5217 τοῦ
1038 5158 1261 5226 πλησίον
1333 5161 1521 5239 ὀργὴν,
1575 5158 1711 5216 ἀλλά
1757 5161 1928 5236 ἀμετ-

287 5248 532 5325 άγνωστα
634 5249 1010 5328 ἁμαρτάνουσι.
1071 5254 1245 5305 Ταῦτα
1291 5245 1563 5315 δηλώσας.
1638 5248 1930 5324 ἐπισημαί-

286 5357 426 5392 νεται
456 5335 641 5393 λοιπὸν
672 5338 760 5392 καὶ
815 5338 969 5393 τίνων
1021 5336 1134 5392 ἐστὶ
1179 5337 1240 5392 τὸ
1299 5339 1428 5416 πρὸς
1483 5337 1706 5393 θινάτον
1761 5338 1934 5416 ἁμαρ-

286 5425 480 5498 τάνειν,
538 5425 626 5481 καί
669 5446 856 5504 φησιν,
937 5424 1016 5480 ὅτι
1088 5427 1115 5482 δ
1155 5428 1469 5492 υίοθετηθεὶς
1527 5426 1586 5482 ἐκ
1643 5428 1770 5482 Θεοῦ
1839 5426 1935 5482 οῦκ

361 5553 420 5605 ¹ϐ
449 5553 650 5619 Matth.
674 5571 755 5632 vr,
793 5555 850 5619 'l.

760 5727 1020 5789 Ριτιιοι..
1069 5727 1181 5790 Gn.
1230 5726 1442 5790 CXIX.

3055 5710 3132 5778 22

1218 5989 1248 6022 ο
