4192 6212
475 359 584 427 691

1601 359 1999 423 OECUMENII
2048 356 2342 421 TRICC/E
2388 358 2722 421 EPISCOPI

3749 354 3866 420 692

476 494 634 574 quod
665 493 947 556 consistat
976 494 1036 556 in
1058 493 1417 556 ambulando
1432 491 1779 572 juxtaillud.
1814 491 2020 574 Neque
2048 494 2123 556 ob

2215 497 2337 552 αύτά
2402 494 2660 576 στρέφων,
2710 496 2807 554 Καὶ
2849 493 2934 551 διὰ
2990 496 3088 572 μὲν
3145 495 3241 564 τῆς
3304 495 3519 574 ἀγάπης
3578 496 3639 550 τὸ
3703 490 3861 549 ἀδιά-

474 582 651 644 aliam
683 601 917 645 causam
951 583 1075 663 jam
1123 582 1261 643 olim
1285 581 1356 643 ab
1387 580 1556 642 initio
1580 581 1779 642 datum
1811 581 1919 643 fuit
1971 602 2124 665 pras-

476 680 734 753 ceptum,
770 672 983 753 inquit,
1018 671 1131 732 nisi
1163 678 1225 731 ut
1252 670 1312 731 in
1333 670 1435 731 illo
1461 668 1842 731 ambularetis
1886 690 1992 750 per
2020 691 2125 733 su-

478 759 709 845 periora
740 769 797 821 et
851 759 1134 822 inferiora
1182 759 1386 821 eadem
1427 775 1675 820 versans
1698 777 1771 820 ac
1791 762 2121 825 revolvens:

475 850 615 910 609
634 857 692 911 et
722 867 829 930 per
862 849 1210 911 charitatem
1237 848 1479 926 quidem
1510 848 1770 909 suadens
1798 849 1945 929 ipsis
1974 849 2125 912 inse.

478 936 931 1017 parabilitatem,
964 946 1022 999 et
1053 956 1127 997 ne
1176 936 1247 999 ad
1296 936 1647 998 seductores
1701 937 2122 1020 avellerentur,

475 1025 574 1106 qui
592 1026 715 1105 jam
745 1027 799 1087 in
829 1026 1050 1087 mundo
1076 1026 1479 1100 ambulabant,
1514 1032 1571 1086 et
1603 1026 1837 1087 Domini
1870 1045 1976 1107 per
1999 1046 2125 1089 car-

474 1131 610 1175 nem
643 1114 959 1176 adventum
990 1114 1401 1196 repellebant:
1441 1132 1548 1191 per
1594 1114 1707 1175 hoc
1742 1123 1935 1176 autem
1968 1117 2125 1197 quod

476 1202 785 1265 ambulare
839 1212 1039 1265 monet
1081 1204 1249 1283 juxta
1297 1201 1532 1265 Domini
1570 1212 1933 1282 praeceptum
1966 1206 2124 1285 quod

478 1290 590 1353 fuit
617 1291 691 1354 ab
723 1292 913 1362 initio,
942 1310 1259 1354 erroneam
1290 1309 1422 1354 esse
1453 1292 1833 1354 manifestans
1881 1293 2124 1356 imreti-

478 1397 682 1442 corum
715 1379 1055 1461 opinionem
1092 1398 1222 1459 quae
1276 1398 1491 1441 recens
1539 1392 1631 1442 est
1665 1400 1679 1441 :
1724 1388 1782 1441 et
1806 1383 2125 1444 exhortans

479 1476 544 1529 ut
568 1476 925 1549 pmceptum
948 1468 1374 1550 amplectentes
1393 1469 1548 1549 quod
1580 1469 1685 1530 fuit
1706 1469 1779 1532 ab
1802 1469 2120 1543 initio,non

480 1556 920 1621 abducerentur
942 1557 1147 1619 fraude
1179 1556 1587 1620 illorum.Nam
1621 1566 1679 1619 et
1702 1557 1967 1621 Christus
1991 1560 2120 1621 dis-

480 1646 693 1728 cipulis
750 1646 825 1709 de
877 1647 970 1708 bis
1029 1648 1442 1709 seductoribus
1504 1648 1808 1728 prazcepit,
1869 1649 2117 1731 dicens;

485 1757 514 1797 ‹
549 1734 716 1800 Multi
744 1738 983 1799 venient
1012 1737 1254 1798 nomine
1307 1756 1462 1812 meo,
1493 1737 1761 1800 dicentes
1797 1737 1959 1817 :Ego
1990 1758 2123 1802 sum

2209 604 2439 640 σπαστον
2510 583 2691 650 αὐτοῖς
2746 584 3201 662 προμηθούμενος,
3278 584 3365 639 καὶ
3428 582 3505 660 μὴ
3561 582 3693 660 πρὸς
3741 581 3860 644 τώς

2211 670 2437 738 πλάνους
2480 674 2881 753 ἀποσχίζεσθαι,
2927 673 3045 739 τοὺς
3087 670 3189 740 ἤδη
3248 673 3302 729 ἐν
3355 676 3432 751 τῷ
3485 671 3674 744 κόσμῳ
3699 690 3859 749 περι-

2208 767 2528 841 πατοῦντας,
2585 763 2675 818 καὶ
2756 761 2854 829 τὴν
2939 759 3023 818 διὰ
3114 763 3307 841 σαρκὸς
3414 758 3698 835 ἐπιδημίαν
3766 766 3859 817 τοῦ

2208 852 2395 930 Κυρίου
2451 852 2784 914 ἀθετοῦντας.
2863 851 2961 906 Διά
3043 847 3097 906 δὲ
3146 857 3239 907 τοῦ
3323 848 3509 928 Κυρίου
3579 846 3717 903 κατά
3757 846 3858 913 τὴν

2208 937 2427 1008 ἐντολὴν
2477 952 2802 996 πεπιπατεῒν
2871 939 2972 1006 τὴν
3051 935 3143 995 ἀπ’
3215 940 3413 1018 ἀρχῆς,
3487 936 3583 1003 τὴν
3643 932 3858 991 πεπλα-

2207 1027 2444 1103 νημένην
2487 1030 2594 1084 τῶν
2664 1027 3024 1107 αἰρετιζόντων
3084 1026 3237 1091 δόξαν
3318 1026 3615 1103 ἐμφανίζων
3681 1025 3856 1102 πρόσ-

2208 1138 2368 1197 φατον
2413 1120 2592 1190 οὖσαν,
2644 1119 2732 1174 καὶ
2786 1115 3106 1196 παρακαλῶν
3137 1121 3228 1183 τῆς
3270 1113 3365 1171 ἀπ’
3416 1116 3592 1194 ἀρχῆς
3637 1110 3856 1180 ἐντολῆς

2208 1208 2392 1271 αὐτοὺς
2451 1206 2765 1287 ἐχομένους,
2840 1206 2919 1281 μὴ
2975 1206 3262 1283 ὑπάγεσθαι
3310 1210 3380 1281 τῇ
3423 1203 3601 1280 ἀπάτῃ
3662 1202 3855 1261 αὐτῶν.

2207 1297 2307 1354 Καὶ
2349 1296 2449 1374 γὰρ
2516 1293 2808 1351 ἐνετείλατο
2877 1296 2906 1351 6
2979 1296 3196 1373 Χριστὸς
3252 1306 3371 1356 τοῖς
3423 1295 3696 1368 μαθηταῖς
3739 1291 3858 1368 περὶ

2205 1390 2309 1441 τῶν
2379 1382 2593 1443 πλάνων
2649 1384 2872 1463 τούτων,
2933 1381 3104 1462 λέγων
3135 1398 3151 1415 ⁸
3206 1403 3230 1437 ι
3283 1379 3481 1439 Πολλοι
3551 1378 3857 1436 ἐλεύσονται

2203 1473 2288 1529 ἐπὶ
2341 1480 2417 1548 τῷ
2466 1474 2685 1549 ὀνόματί
2740 1494 2866 1547 μου,
2923 1469 3168 1551 λέγοντες
3215 1483 3233 1503 ⁸
3298 1466 3442 1547 Ἐγὼ
3497 1470 3604 1543 εἶμι
3659 1470 3688 1523 6
3731 1472 3858 1545 Χρι-

2204 1564 2350 1642 στὸς,
2397 1565 2484 1619 καὶ
2548 1560 2777 1625 πολλοὺς
2846 1559 3200 1631 πλανήσουσι.
3228 1579 3257 1618 1
3332 1560 3421 1626 Μὴ
3493 1560 3580 1614 οὖν
3651 1577 3851 1635 πορευ-

2203 1654 2329 1718 θῆτε
2373 1651 2542 1707 ὀπίσω
2569 1652 2761 1711 αὐτῶν,
2802 1671 2826 1707 ι
2865 1649 3067 1711 Ταύτας
3127 1649 3240 1723 οῦν,
3296 1648 3449 1728 φησὶ,
3479 1646 3576 1709 τὰς
3633 1643 3854 1705 ἐντολὰς

2205 1742 2514 1819 τηροῦντας,
2586 1738 2785 1795 κελεύει
2855 1736 2933 1813 μὴ
2986 1737 3305 1810 ἀπατᾶσθαι,
3352 1733 3490 1791 ἀλλά
3544 1734 3637 1789 τὸν
3692 1738 3857 1788 ταὺτα

482 1824 774 1903 Christus,
807 1832 866 1889 et
895 1825 1111 1887 multos
1142 1826 1450 1889 seducent.
1475 1828 1561 1889 Ne
1592 1845 1734 1906 ergo
1787 1828 2122 1909 sequamini

2215 1829 2446 1907 λέγοντα,
2473 1826 2835 1907 Ἀντίχριστον
2865 1828 3136 1904 ἧγεισθαι-

480 1912 614 1976 illos
641 1914 720 1977 ’8.
755 1939 779 1971 ιι
815 1916 953 1978 Haec
981 1915 1179 1996 itaque
1208 1923 1508 1997 praecepta
1535 1908 2110 2000 servantes,iinquit,
2152 1915 2325 1997 jubet
2374 1934 2450 1978 ne
2480 1913 2878 1996 seducamini,
2908 1913 3011 1975 sed
3041 1931 3175 1977 eum
3206 1912 3308 1995 qui
3354 1910 3473 1974 ista
3516 1908 3663 1973 delit
3693 1908 3853 1971 auti-

480 2004 766 2066 cbristum
800 2004 1171 2067 existimetis.

565 2095 611 2169 l,
641 2094 809 2157 7-11.
836 2094 954 2157 Hic
980 2102 1065 2157 est
1096 2094 1377 2157 seductor
1405 2103 1461 2158 et
1483 2096 2125 2172 antichristus,lntue-

479 2184 639 2245 mini
657 2188 1031 2264 vosipsos,ne
1055 2184 1371 2261 perdamus
1392 2202 1523 2264 qua:
1535 2185 1772 2265 operati
1783 2202 1912 2247 sum
1923 2187 2129 2259 us,sed

482 2278 548 2334 ut
573 2272 903 2334 mercedem
930 2271 1173 2350 plenam
1196 2273 1801 2353 recipiamusﬂmnis
1822 2276 1927 2355 qui
1946 2284 2126 2337 tran-

479 2362 783 2442 sgreditur
807 2369 871 2423 et
897 2378 1019 2423 non
1042 2370 1245 2425 manet
1268 2365 1332 2424 in
1354 2362 1625 2425 doctrina
1660 2365 1902 2445 Christi,
1938 2364 2127 2426 Deum

482 2468 607 2512 non
634 2449 971 2527 habet.Qui
1000 2458 1203 2514 manet
1234 2452 1299 2512 in
1321 2452 1608 2513 doctrina
1641 2454 1896 2526 Christi,
1948 2454 2045 2514 hic
2074 2461 2127 2515 et

486 2540 733 2602 Patrem
760 2546 818 2601 et
849 2539 1073 2601 Filium
1102 2538 1294 2602 habet.
1324 2538 1398 2602 Si
1417 2543 1550 2618 quis
1598 2543 1763 2603 venit
1792 2542 1876 2603 ad
1903 2559 2026 2618 vos,
2071 2550 2129 2604 et

483 2628 640 2689 hanc
659 2627 999 2690 doctrinam
1028 2646 1149 2690 non
1179 2628 1385 2708 affert,
1420 2645 1494 2690 ne
1520 2631 1829 2711 recipiatis
1883 2648 2019 2692 eum
2061 2636 2129 2692 in

483 2717 749 2793 domum,
783 2734 890 2779 nec
905 2718 1030 2780 Ave
1059 2719 1115 2779 ei
1140 2718 1449 2781 dixeritis.
1484 2717 1609 2793 Qui
1639 2722 1802 2781 enim
1830 2720 1976 2782 dicit
2005 2718 2123 2798 illi,

485 2808 631 2882 Ave,
663 2807 1065 2869 communicat
1095 2807 1377 2887 operibus
1405 2808 1534 2887 ejus
1562 2808 1763 2873 malis.

572 3009 600 3041 α
634 2984 744 3047 Hic
799 2992 888 3047 est
937 2984 1215 3047 seductor
1244 2992 1303 3047 et
1332 2985 1737 3051 antichristus.
1794 3012 1816 3045 ο
1855 2986 2002 3053 Cum
2037 2989 2130 3051 bis
2172 3036 2175 3039 η

487 3072 965 3137 subaudiendum
992 3074 1160 3136 estad
1193 3074 1601 3155 perfectiorem
1626 3077 2123 3158 explanationem,

486 3162 597 3237 Qui
649 3181 789 3240 ergo
836 3162 961 3224 haec
1011 3182 1129 3224 non
1184 3151 1517 3239 conﬁtetur,
1576 3190 1602 3220 ι»
1641 3151 1941 3229 ιη’άθὶιίιε
1982 3151 2125 3230 sub?

2215 3151 2322 3227 ι’ος
2380 3163 2467 3220 οῦν
2511 3164 2588 3239 μὴ
2630 3163 2792 3220 ταῦτα
2869 3161 3150 3241 ὁμολογεῖ,

481 3255 799 3333 jungatur,
839 3276 860 3308 ι
900 3251 1004 3314 Hic
1065 3260 1156 3317 est
1205 3254 1483 3316 seductor
1520 3263 1580 3316 et
1628 3256 2045 3318 Antichristus.
2095 3282 2123 3313 ι

487 3341 633 3403 Nam
664 3340 886 3422 absque
925 3341 1073 3422 hoc,
1127 3340 1554 3424 incompositus
1613 3352 1670 3406 et
1723 3344 2134 3425 independens

489 3430 599 3492 erit
632 3448 851 3505 sermo,
888 3448 1101 3513 nempe
1129 3449 1199 3492 ex
1228 3431 1439 3513 plurali
1476 3432 1769 3496 transiens
1818 3435 1889 3495 ad
1922 3434 2132 3514 singu—

489 3520 635 3581 lare.
669 3518 778 3581 Hic
826 3528 937 3593 est,
984 3518 1198 3599 inquit,
1258 3520 1662 3585 Antichristus
1714 3531 1772 3584 et
1828 3527 2161 3586 seductor.-

489 3607 754 3670 Dicendo
783 3616 1003 3674 autem.
1034 3607 1143 3682 Qui
1173 3628 1290 3671 non
1315 3612 1673 3673 conﬁtentur
1703 3613 1899 3676 Iesum
1931 3612 2139 3675 Chris-

492 3708 615 3760 tum
644 3697 844 3759 venire
875 3698 936 3759 iu
967 3716 1169 3774 carne,
1198 3717 1314 3760 non
1345 3710 1540 3763 autem
1572 3702 1826 3774 venisse,
1856 3703 2137 3764 manifes-

491 3795 572 3849 tat
592 3805 657 3849 se
690 3805 793 3849 eos
823 3787 1025 3849 dicere
1049 3787 1150 3867 qni
1173 3790 1501 3851 secundum
1555 3790 1788 3852 Domini
1822 3790 2136 3853 adventum

490 3875 790 3957 repellunt
823 3893 836 3938 :
870 3876 1104 3956 quando
1135 3877 1373 3956 quidem
1432 3878 1557 3958 ipse
1609 3879 1784 3939 etiam
1828 3877 2135 3962 Dominus,

492 3964 697 4025 dicens
729 3982 743 4025 :
784 3962 985 4025 «Multi
1013 3963 1252 4028 venient
1278 3965 1519 4027 nomine
1546 3985 1701 4029 meo.
1739 3986 1855 4029 non
1904 3969 1979 4031 de
2011 3968 2139 4050 pri-

494 4071 590 4115 mo
622 4052 763 4115 dicit
809 4052 1086 4129 adventu,
1118 4054 1221 4116 sed
1252 4054 1328 4116 de
1378 4054 1640 4116 secundo
1700 4057 1973 4119 Attamen
2006 4076 2139 4121 vera

491 4142 721 4205 ratione
746 4141 845 4223 qui
879 4142 1208 4204 secundum
1253 4143 1593 4224 reprobant,
1646 4145 1822 4207 etiam
1883 4147 2137 4227 primum

495 4230 796 4312 rejiciunt.
823 4230 969 4293 Nam
1002 4231 1049 4292 si
1083 4231 1173 4293 his
1203 4232 1305 4313 qui
1334 4234 1394 4293 in
1426 4250 1604 4295 carne
1635 4233 1798 4295 venit
1828 4236 2002 4297 etiam
2037 4254 2138 4297 se-

493 4320 757 4383 cundum
787 4320 1106 4382 adventum
1137 4320 1427 4402 promisit.
1455 4322 1658 4404 utique
1688 4323 1787 4405 qui
1813 4324 2137 4386 secundum

494 4408 785 4491 promisit,
838 4408 1041 4490 utique
1086 4411 1187 4490 qui
1224 4411 1549 4473 secundum
1583 4413 1845 4493 repellit,
1879 4414 2137 4494 primum

496 4517 733 4581 quoque
774 4500 968 4579 rejicit
1003 4520 1017 4560 :
1051 4499 1100 4562 si
1132 4500 1290 4563 enim
1323 4501 1515 4564 credit
1567 4502 1905 4582 advenisse,
1963 4502 2136 4565 etiam

2163 4550 2206 4600 D

2299 2118 2321 2151 ε
2359 2096 2522 2160 Οὗτός
2574 2096 2714 2152 ἐστιν
2757 2098 2786 2153 6
2835 2094 3032 2161 πλάνος
3091 2095 3179 2151 καὶ
3233 2096 3262 2150 6
3308 2093 3662 2171 ἀντίχριστος,
3718 2085 3857 2143 Βλέ-

2208 2208 2336 2244 πετε
2420 2178 2656 2263 ἑαυτοὺς,
2757 2188 2835 2260 μὴ
2933 2186 3278 2261 ἀπολέσωμεν
3368 2183 3402 2240 ἃ
3482 2179 3857 2262 εἶργασάμιθα,

2207 2274 2343 2336 ἀλλά
2427 2278 2609 2352 μισθὸν
2665 2274 2847 2356 πλήρη
2921 2274 3297 2350 ἀπολάϐωμεν.
3385 2278 3494 2336 Πᾶς
3571 2273 3600 2326 6
3677 2290 3858 2343 παρα-

2207 2361 2401 2420 ϐαίνων
2443 2365 2530 2421 καὶ
2592 2365 2670 2440 μὴ
2735 2365 2906 2441 μένων
2976 2365 3032 2421 ἐν
3099 2370 3167 2440 τῇ
3222 2360 3419 2439 διδαχῇ
3461 2369 3554 2418 τοῦ
3597 2364 3851 2437 Χριστοῦ,

2210 2453 2339 2509 Θεὸν
2389 2452 2483 2510 οὒκ
2540 2451 2680 2533 ἔχει.
2746 2444 2816 2511 ⁷Ο
2868 2452 3042 2529 μένων
3085 2451 3139 2508 ἐν
3180 2457 3248 2527 τῇ
3298 2447 3491 2528 διδαχῇ
3553 2453 3644 2503 τοῦ
3726 2452 3861 2533 Χρι-

2210 2550 2353 2613 στοῧ,
2404 2541 2553 2605 οὗτος
2586 2531 2675 2597 διαὶ
2703 2543 2795 2599 τὸν
2825 2541 3030 2619 Πατέρα
3058 2542 3145 2597 καὶ
3190 2541 3282 2596 τὸν
3337 2539 3457 2594 Υἱὸν
3500 2535 3640 2616 ἔχει.
3676 2531 3745 2591 Εἴ
3774 2553 3855 2598 τις

2209 2627 2421 2709 ἔρχεται
2452 2631 2581 2709 πρὸς
2622 2632 2781 2705 ὑμᾶς,
2817 2632 2904 2687 καὶ
2943 2632 3142 2697 ταύτην
3183 2626 3416 2706 διδαχὴν
3459 2625 3517 2683 o6
3559 2624 3727 2704 φέρει,
3774 2623 3854 2697 μὴ

2207 2716 2501 2794 λαμϐάνετε
2532 2720 2686 2776 αὐτὸν
2716 2720 2789 2782 εἰς
2814 2719 2980 2775 οἰκίαν
3022 2720 3186 2792 αὐτῷ,
3231 2717 3319 2772 καὶ
3355 2713 3558 2795 χαίρειν
3603 2714 3744 2786 αὐτῷ
3772 2710 3852 2786 μὴ

2209 2804 2410 2885 λέγετε.
2450 2798 2506 2865 Ὀ
2538 2808 2636 2887 γὰρ
2665 2806 2837 2887 λέγων
2868 2807 3072 2888 χαίρειν
3099 2816 3463 2869 κοινωνεῖτοῐς
3493 2800 3665 2882 ἔργοις
3693 2799 3854 2858 αὐτοῦ

2206 2907 2324 2958 τοῖς
2353 2911 2610 2974 πονηροτς
2620 2944 2633 2958 ,
2673 2920 2697 2953 ι

2294 3007 2323 3039 α
2355 2985 2518 3048 Οὗτός
2550 2985 2691 3042 ἐστιν
2737 2988 2766 3042 6
2795 2984 2990 3052 πλάνος
3016 2985 3104 3041 καὶ
3134 2985 3162 3039 6
3191 2982 3548 3062 ἀντίχριστος,
3588 3003 3617 3035 ι
3677 2984 3851 3058 Προσ-

2210 3073 2559 3131 υπακουστέον
2631 3076 2830 3139 τούτοις
2901 3076 2973 3139 εἰς
3030 3070 3392 3150 ἐντελεστέραν
3443 3068 3695 3149 δήλωσιν,
3760 3069 3845 3137 τὸ,

3265 3160 3358 3215 ἵνα
3428 3158 3699 3238 εὒστόχως
3752 3159 3855 3213 ἐπ·-

2216 3251 2433 3329 άγηται,
2487 3275 2508 3306 ι
2548 3254 2709 3317 Οὗτός
2740 3252 2879 3309 ἐστιν
2910 3254 2939 3308 6
2980 3251 3174 3314 πλάνος
3195 3251 3283 3306 καὶ
3325 3251 3353 3305 6
3386 3247 3774 3327 Ἀντίχριστος.
3811 3269 3840 3300 ι

2215 3342 2378 3420 χωρὶς
2407 3342 2507 3421 γὰρ
2548 3341 2731 3398 τούτου
2780 3341 3132 3417 ἀσυνάρτητος
3176 3341 3204 3395 6
3273 3335 3455 3416 λόγος,
3513 3339 3587 3401 ὡς
3615 3333 3854 3401 πληθυν-

2212 3436 2362 3485 τικοῦ
2447 3431 2517 3493 εἰς
2577 3428 2748 3486 ἐνικὸν
2800 3426 3146 3505 μεταϐαίνων,
3194 3426 3357 3489 Οῦτός
3425 3427 3559 3499 ἐστι,
3614 3425 3773 3505 φησὶν
3829 3425 3858 3478 6

2217 3515 2577 3598 Ἀντίχριστος
2604 3520 2694 3576 καὶ
2723 3521 2751 3575 6
2793 3517 3015 3582 πλάνος,
3063 3516 3239 3574 Εἰπὼν
3300 3513 3379 3593 δὲ,
3436 3516 3483 3570 οἱ
3539 3515 3617 3589 μὴ
3649 3511 3856 3588 ὁμολο-

2221 3613 2432 3683 γοῦντες
2517 3605 2721 3675 Ἰησοῦν
2787 3609 3006 3687 Χριςτὸν
3049 3605 3339 3686 ἐρχόμενον
3408 3603 3461 3661 ἐν
3519 3606 3693 3681 σαρκὶ,
3737 3600 3856 3658 ἀλλ’

2222 3699 2315 3754 οὐκ
2344 3694 2581 3770 ἐλθόντα,
2643 3696 2983 3777 ἐμφαίνοντός
3027 3694 3190 3758 ἐστιν,
3250 3696 3323 3757 ὡς
3380 3695 3500 3758 τοὺς
3556 3694 3860 3755 ἀθεεοῦντας

2220 3780 2361 3861 λέγει
2419 3784 2514 3852 τὴν
2572 3782 2810 3864 δευτέραν
2866 3794 2957 3843 τοῦ
3002 3783 3186 3863 Κυρίου
3236 3781 3543 3861 παρουσίαν,
3618 3779 3731 3836 ἐπεὶ
3774 3780 3860 3835 καὶ

2219 3872 2373 3936 αὐτὸς
2405 3874 2432 3928 6
2493 3873 2676 3951 Κύριος
2724 3872 2918 3953 λέγων,
2972 3894 2996 3928 α
3060 3869 3253 3927 Πολλοὶ
3309 3870 3604 3926 ἐλεύσονται
3659 3869 3746 3925 ἐπὶ
3787 3870 3864 3941 τῷ

2220 3960 2437 4035 ὀνόματί
2465 3984 2566 4036 μου
2613 3985 2736 4037 μου,
2775 3984 2799 4019 υ
2849 3962 2909 4019 οὔ
2963 3963 3080 4040 περὶ
3107 3965 3205 4028 τῆς
3252 3961 3466 4039 πρώτης
3521 3963 3678 4018 αυτοῦ
3732 3978 3863 4038 φησι

2221 4049 2526 4129 παρουσίας,
2597 4049 2733 4110 ἀλλά
2786 4053 2903 4130 περὶ
2956 4055 3055 4118 τῆς
3111 4046 3370 4128 δευτέρας.
3436 4041 3610 4127 ιΟμως
3669 4048 3861 4116 ἀληθεῖ

2221 4137 2367 4217 λόγῳ
2420 4139 2466 4195 οἱ
2512 4139 2612 4207 τὴν
2666 4138 2908 4218 δευτέραν
2984 4141 3306 4211 ἀθετοῦντες,
3360 4140 3448 4195 καὶ
3502 4140 3600 4208 τὴν
3641 4140 3858 4219 πρώτην

2222 4225 2632 4302 ἀποϐάλλονται,
2662 4231 2721 4286 Ei
2765 4232 2864 4309 γὰρ
2920 4232 2948 4286 ὃ
3005 4230 3059 4285 ἐν
3116 4231 3265 4307 σαρκὶ
3306 4231 3731 4309 παραγενόμενος
3776 4230 3862 4285 καὶ

2220 4316 2317 4384 τὴν
2387 4314 2628 4396 δευτέραν
2698 4318 3076 4397 ἐπηγγείλατο,
3122 4319 3333 4381 πάντως
3383 4321 3412 4375 6
3468 4320 3567 4386 τὴν
3623 4317 3862 4397 δευτέραν

2224 4405 2444 4480 ἀθετῶν,
2518 4409 2613 4462 παὶ
2665 4407 2763 4475 τὴν
2818 4408 3033 4487 πρώτην
3092 4408 3294 4469 ἀθετεῖ.
3356 4409 3413 4466 Εἰ
3462 4409 3562 4487 γὰρ
3634 4409 3864 4464 πιστεύει

2222 4494 2672 4575 παραγενόμενον,
2702 4498 2789 4552 καὶ
2836 4497 2935 4564 τὴν
2986 4494 3303 4574 ἐπαγγελίαν
3357 4498 3552 4565 πιστὴν
3605 4497 3863 4576 ἡγήσεται

495 4585 952 4669 promissionem
1008 4587 1383 4650 existimabat
1433 4596 1654 4650 certam
1694 4607 1828 4651 esse
1860 4588 2019 4651 illius
2041 4586 2133 4669 qui

2222 4588 2316 4669 τοῦ
2382 4584 2823 4661 παραγενομένου.
2885 4587 2941 4643 Εἰ
2998 4583 3051 4640 δὲ
3121 4586 3217 4652 τὴν
3261 4584 3601 4666 ἐπαγγελίαν,
3662 4586 3860 4662 ἀθετεῖ,

498 4676 736 4739 advenit
786 4696 800 4737 :
861 4677 1003 4738 6t0
1051 4677 1205 4758 quod
1258 4677 1308 4739 si
1366 4676 1820 4759 promissionem
1887 4680 2137 4759 spernit,

499 4765 662 4827 nulla
694 4766 921 4828 ratione
952 4766 1073 4829 dici
1123 4774 1311 4847 potest
1342 4767 1497 4847 quod
1533 4766 1623 4828 vel
1672 4768 1862 4847 primo
1917 4768 2139 4829 credat.

494 4858 821 4936 Propterea
851 4854 1061 4935 opinor
1090 4874 1230 4917 usus
1260 4856 1485 4917 esthoc
1514 4874 1657 4917 voce
1677 4855 1929 4917 dilectus
1961 4854 2143 4917 disci-

500 4945 674 5025 pulus
700 4943 954 5007 dicendo
983 4944 1225 5026 Venire,
1262 4964 1376 5005 non
1434 4943 1776 5015 Venisse,ut
1831 4953 2145 5026 utrumque

503 5033 736 5098 Domini
760 5034 820 5095 in
851 5052 1032 5096 carne
1062 5035 1379 5096 adventum
1415 5042 1697 5114 negantes
1740 5037 2143 5113 comprehen-

498 5124 689 5187 deret.
717 5124 1005 5205 Pracepit
1048 5143 1189 5204 ergo
1235 5125 1379 5204 ipsis
1401 5133 1463 5186 ut
1492 5130 1734 5185 caveant
1784 5123 1857 5185 ab
1888 5123 2004 5186 illis
2041 5145 2053 5187 :
2089 5133 2147 5186 et

499 5231 734 5276 causam
765 5213 928 5275 addit
960 5231 975 5276 :
1016 5213 1102 5275 Ne
1160 5213 1542 5290 adhaerendo,
1580 5211 1793 5294 inquit,
1857 5213 1977 5275 illis
2008 5230 2146 5294 per~

499 5301 652 5365 datis
674 5320 744 5363 ea
773 5320 905 5383 quae
960 5302 1122 5384 prius
1162 5302 1387 5383 operati
1437 5302 1599 5375 estis,
1665 5302 1769 5365 sed
1812 5302 2148 5365 mercedem

498 5402 756 5454 vostram
810 5393 1045 5472 plenam
1094 5391 1319 5473 absque
1376 5392 1496 5455 ullo
1530 5392 1761 5452 defectu
1819 5392 2146 5473 accipiatis.

502 5479 618 5544 Sed
675 5480 940 5543 fortassis
989 5481 1148 5544 dicet
1185 5480 1475 5563 quispiam
1527 5479 1878 5541 "talibus:
1915 5479 2065 5553 Quid
2099 5480 2148 5542 si

583 5660 647 5714 ι
674 5659 850 5724 κει-ο.
881 5675 986 5739 xu,
1019 5659 1056 5719 6
1090 5680 1108 5741 ;
1142 5662 1287 5723 Luc.
1321 5674 1442 5733 xxx,
1478 5660 1537 5721 8.

2226 4667 2388 4735 οὐδεὶς
2459 4670 2617 4751 λόγος
2658 4672 2794 4749 μηδέ
2835 4674 2934 4744 τὴν
2975 4674 3191 4753 πρώτην
3249 4673 3405 4729 αὐτὸν
3446 4675 3720 4736 ἀπιστεῖν.
3770 4676 3867 4731 Διά

2229 4769 2380 4819 τοῦτο
2423 4766 2577 4838 οἶμαι
2609 4764 2774 4828 οὕτως
2818 4764 3087 4845 ἐχρήσατο
3141 4769 3208 4841 τῇ
3263 4769 3413 4842 φωνῇ
3453 4765 3621 4840 ταύτῃ
3650 4766 3679 4820 6
3720 4765 3864 4843 ἠγα-

2228 4851 2490 4932 πημένος,
2536 4852 2862 4934 Ἐρχόμενον
2917 4855 3099 4928 εἰπὼν,
3159 4851 3278 4908 ἀλλ’
3334 4854 3428 4910 οὐκ
3470 4850 3746 4935 Ἐλθόντα,
3776 4854 3868 4910 ἵνα

2227 4940 2346 5002 τοὺς
2431 4942 2728 5022 ἀμφοτέρας
2806 4942 3151 5023 ἀρνουμένους
3232 4942 3326 5005 τὰς
3417 4945 3699 5020 παρουσὶας
3776 4951 3868 5000 τοῦ

2232 5030 2415 5106 Κυρίου
2469 5034 2562 5098 τὰς
2608 5032 2661 5087 ἐν
2718 5034 2889 5112 σαρκὶ,
2967 5028 3249 5109 περιλάϐῃ.
3340 5031 3710 5089 Διαστέλλεται
3782 5032 3870 5089 οῦν

2230 5118 2411 5184 αὐτοῖς
2442 5119 2785 5201 φυλάττεσθαι
2830 5120 2922 5177 ἀπ’
2980 5122 3148 5176 at"):th
3207 5121 3293 5175 καὶ
3347 5121 3406 5175 τὸ
3458 5120 3635 5178 αἴτιον
3695 5145 3866 5201 προσ-

2227 5206 2453 5283 τίθησιν,
2483 5209 2575 5266 ’ἕνα
2604 5213 2679 5286 μή
2724 5233 2853 5290 φησι
2911 5208 2994 5267 διὰ
3061 5214 3159 5275 τῆς
3218 5208 3346 5286 πρὸς
3402 5212 3587 5274 αὖτοὺς
3644 5211 3869 5291 ἀνακρέ-

2232 5316 2388 5369 σεως,
2463 5297 2760 5366 ἀπολέσητε
2817 5298 2850 5354 ἃ
2930 5299 3361 5377 προειργάσασθε,
3423 5296 3557 5355 ἀλλὰ
3612 5299 3872 5371 ἀνελλιπῆ

2232 5388 2322 5441 τὸν
2378 5390 2562 5463 μισθὸν
2612 5390 2757 5464 ὑμῶν
2812 5385 3031 5455 λάϐητε.
3081 5385 3229 5443 Ἀλλ’
3286 5386 3419 5451 ἴσως
3474 5390 3588 5467 ἐρεῖ
3651 5411 3728 5455 τις
3766 5399 3872 5448 τῶν

2233 5478 2482 5534 τοιούτων
2528 5493 2543 5509 ⁸
2601 5481 2660 5537 Τί
2711 5477 2765 5535 δὲ
2824 5482 2867 5537 εἰ
2898 5481 2974 5556 μὴ
3001 5479 3099 5547 τὴν
3130 5478 3412 5557 παρουσίαν
3468 5481 3729 5537 πιστεύσω
3782 5486 3877 5540 τοῦ
