4192 6212
367 392 483 460 693

1410 398 1805 464 COMMENT.
1855 396 1935 457 IN
1985 394 2229 460 EPIST.
2278 396 2330 458 II
2372 397 2707 459 JOANNIS.

3621 390 3736 454 694

368 532 593 631 ξριπώ
634 531 743 631 ξῆν
797 532 851 590 ιν
894 534 1073 611 σαρκὶ,
1129 530 1211 589 διὰ
1253 530 1305 588 δὲ
1349 531 1689 611 ἀγαθοεργίας
1737 529 1935 631 post”.
1960 529 2000 585 ος

2102 543 2219 587 non
2255 525 2568 590 credidero
2598 526 2814 590 Christi
2844 528 2902 589 in
2935 546 3116 590 carne
3136 524 3542 598 adventum,in
3564 524 3740 586 bonis

366 615 587 693 δύναμαι
629 616 714 676 διὰ
769 627 874 677 τῶν
916 619 1082 699 ἔργων
1136 620 1334 678 τούτων
1393 621 1526 697 μετά
1580 620 1686 676 τῶν
1729 616 2005 675 εὖσεϐούν-

368 725 473 762 των
544 709 914 789 συντετάχθαι,
986 708 1103 766 οῦδὲ
1148 711 1239 766 τὸν
1291 710 1419 786 ὑπὲρ
1474 708 1670 766 τούτων
1714 704 2005 763 ἀπολαϐεῖν

369 793 605 876 μισθόν;
660 799 865 875 Ταύτην
926 800 1026 866 τὴν
1068 799 1322 856 ἀντίθεςιν
1377 804 1707 879 προαναιρῶν
1767 799 1795 853 6
1864 795 2003 852 ἀπύ-

368 882 558 948 στολος
602 883 766 941 οῧτων
820 888 1000 967 φησὶν.
1063 887 1141 943 ὅτι
1205 885 1396 955 Μηδεὶς
1454 887 1656 960 οἰέσθω,
1718 888 1746 941 6
1794 885 1891 952 τὴν
1949 884 2002 940 ἐν

369 975 520 1050 σαρκὶ
588 972 868 1049 ἐπιδημίαν
914 982 1006 1032 τοῦ
1066 977 1250 1055 Κυρίου
1302 975 1500 1033 ἀθετῶν
1560 976 1632 1039 ὡς
1690 972 1897 1032 δύναναι
1966 973 2001 1041 ἢ

369 1059 533 1139 ἔργων
587 1061 813 1138 ἀμοιϐὴν
868 1062 1149 1122 ἀθολαϐεϊν
1214 1064 1418 1121 τελείαν
1471 1062 1588 1131 ἥτις
1646 1066 1735 1120 καὶ
1789 1078 2001 1128 πιστοῖς

366 1148 720 1229 ἰποιρείλεται,
759 1153 796 1222 ἢ
848 1152 987 1217 ὅλως
1041 1151 1291 1225 θεοσεϐής
1332 1155 1665 1229 νομισθῆναι,
1726 1151 1863 1209 ἀλλᾶ
1900 1159 2003 1217 πᾶς

367 1240 395 1294 6
422 1237 758 1319 παραϐαίνων
785 1244 884 1310 τήν
932 1242 1151 1311 ἰντολὴν
1201 1243 1378 1325 αύτοῦ,
1409 1251 1502 1301 τοῦ
1556 1250 1778 1322 Χριστο)
1805 1240 2002 1309 δηλον-

366 1327 446 1383 ότι
503 1331 951 1408 παραγενομένου,
1014 1333 1100 1388 καὶ
1163 1334 1241 1408 μὴ
1316 1332 1489 1408 μένων
1564 1332 1619 1388 ἐν
1686 1338 1755 1409 τῇ
1809 1329 2004 1411 διδαχῇ

367 1415 546 1490 αὖτοῦ,
610 1421 739 1475 Θεὸν
795 1420 891 1476 οὒκ
938 1420 1078 1500 ἔχει,
1136 1423 1194 1479 Εἴ
1249 1422 1349 1500 γάρ
1401 1424 1430 1478 6
1497 1421 1810 1499 θεογνωσίαν
1856 1419 2003 1488 ἥκων

365 1504 666 1585 ἀνθρώπους
697 1506 899 1563 τελείαν
940 1507 1158 1590 διδάξαι,
1214 1511 1364 1574 οὗτος
1415 1509 1755 1585 ἀθετούμενος
1808 1511 1997 1587 ὁρῷτο,

2091 621 2287 676 tamen
2304 614 2586 694 operibus
2602 615 2774 676 vitam
2799 615 3044 696 duxero,
3078 636 3154 679 an
3200 636 3315 677 non
3353 633 3593 695 possum
3629 631 3734 694 per

2087 702 2210 764 haec
2269 722 2449 785 Opera
2505 723 2639 766 cum
2673 705 2786 785 piis
2833 724 2902 768 ac
2958 706 3250 784 religiosis
3293 702 3734 774 connumerari,

2087 809 2281 872 neque
2305 811 2409 872 pro
2442 792 2534 854 his
2564 795 2835 873 recipere
2858 795 3229 857 mercedem?
3255 795 3422 856 Hanc
3452 791 3743 871 objectio-

2085 898 2220 941 nem
2283 881 2537 961 primum
2601 882 2815 944 tollens
2866 883 3187 963 Apostolus
3240 883 3320 943 ita
3376 882 3503 944 ait:
3549 880 3736 942 Nemo

2085 968 2381 1031 existimet
2436 971 2737 1051 repellens
2800 972 3034 1035 Domini
3068 972 3128 1033 in
3160 990 3339 1034 carne
3389 971 3727 1045 adventum,

2084 1057 2240 1137 quod
2267 1058 2569 1138 possitnut
2598 1059 2881 1139 operibus
2913 1060 3231 1139 perfectam
3280 1059 3518 1139 assequi
3549 1059 3734 1119 retri-

2085 1143 2385 1208 butionem
2438 1166 2568 1228 quae
2608 1148 2858 1210 debetur
2886 1148 3185 1223 ﬁdelibus,
3217 1158 3316 1209 aut
3346 1148 3589 1209 omnino
3626 1146 3735 1209 Dei

2087 1235 2282 1296 cultor
2309 1237 2614 1315 reputari:
2666 1238 2770 1298 sed
2804 1237 3072 1318 quisquis
3132 1237 3567 1317 transgreditur
3620 1238 3735 1298 hoc

2088 1334 2444 1405 praeceptum
2484 1324 2693 1405 ipsius,
2731 1324 2953 1389 Christi
3007 1326 3281 1389 videlicet
3337 1326 3438 1406 qui
3468 1326 3727 1388 advenit.

2085 1420 2146 1472 et
2178 1432 2293 1472 non
2318 1422 2514 1475 manet
2545 1416 2604 1475 in
2637 1416 2768 1494 ejus
2797 1414 3068 1477 doctrina
3099 1415 3286 1478 Deum
3322 1435 3437 1476 non
3460 1412 3734 1476 habet.Si

2085 1501 2243 1561 enim
2274 1501 2324 1562 is
2345 1502 2617 1582 quivenit
2643 1512 2705 1563 ut
2725 1503 3048 1584 perfectam
3078 1504 3154 1565 de
3178 1506 3297 1567 Deo
3330 1502 3730 1582 cognitionem

365 1598 479 1658 πῶς
513 1593 576 1650 ἂν
606 1594 680 1652 ἔτι
733 1594 976 1666 θεοσεϐὴς
1018 1588 1151 1679 εἴη,
1194 1601 1358 1679 δ’τὼν
1412 1599 1562 1655 θείων
1596 1598 1869 1673 θεαμάνων
1916 1598 2000 1653 τὸν

2088 1588 2361 1679 homines
2390 1590 2936 1672 doceret,repulsus
2965 1591 3591 1673 videreturzquomodo
3608 1592 3732 1670 jam

362 1682 640 1762 δφηγητὴν
693 1676 1169 1766 ἀποσκορακίζωννς
1230 1676 1423 1753 ’Ἄθως
1466 1687 1555 1743 οὖν
1619 1688 1791 1761 οὗτος,
1827 1685 2000 1765 ὥσπερ

2087 1678 2194 1740 Dei
2242 1679 2434 1739 cultor
2473 1680 2759 1760 esset,qui
2800 1680 3130 1742 divinarum
3163 1679 3732 1760 contemplationum

359 1771 671 1839 ἀπεναντίας
742 1773 909 1838 ἔνθεος
978 1778 1066 1833 καὶ
1118 1775 1395 1856 θεοφιλὴς,
1458 1778 1545 1833 καὶ
1600 1782 1704 1832 πᾶν
1791 1776 1853 1831 τὸ
1904 1780 2000 1842 τῆς

2088 1766 2474 1856 interpretem
2523 1768 2901 1847 reprobaret?
2934 1771 3041 1832 Hic
3085 1788 3222 1848 ergo
3276 1771 3426 1832 ἄθεος
3458 1777 3636 1842 esset,
3673 1766 3736 1856 id

361 1861 609 1929 θεότητος
668 1862 814 1944 ἔχων
868 1864 923 1921 ὶν
965 1866 1136 1940 ἑαυτῷ
1189 1855 1476 1944 πλήρωμα,
1541 1863 1745 1943 Πατέρα
1805 1862 2000 1932 δηλαδή

2088 1863 2200 1931 est,
2234 1855 2364 1944 sine
2401 1856 3058 1937 Deo,quemadmodum
3092 1876 3125 1918 e
3157 1857 3390 1919 diverso
3442 1856 3636 1930 ἔνθεος,
3670 1855 3731 1917 id

361 1951 449 2006 καὶ
512 1954 631 2008 Υἱὸν
683 1943 771 2009 καὶ
846 1960 1055 2029 Πνεῦμα
1129 1943 1314 2033 ἅγιον,
1355 1956 1383 2010 6
1436 1951 1759 2033 ἡδρασμένος
1817 1953 1870 2010 ἐν
1940 1957 2000 2028 τῇ

2090 1951 2200 2019 est,
2235 1943 2473 2006 divinus
2507 1954 2565 2006 et
2593 1945 2699 2007 Dei
2746 1944 2995 2020 amicus,
3029 1964 3096 2007 ac
3128 1964 3365 2008 omnem
3412 1944 3734 2006 divinitatis

360 2034 553 2119 διδαχῃ
595 2051 689 2100 τοῦ
744 2048 990 2120 Χριστοῦ.
1066 2043 1231 2107 Αὐτός
1291 2043 1391 2122 γὰρ
1420 2044 1537 2122 περὶ
1595 2042 1691 2118 μὲν
1747 2048 1839 2098 τοῦ
1898 2047 2000 2096 Πα-

2091 2034 2516 2115 plenitudinem
2551 2037 2610 2097 in
2642 2036 2838 2122 seipso
2871 2037 3359 2114 habens,Patrem
3383 2037 3656 2099 videlicet
3677 2043 3736 2098 et

363 2128 484 2203 τρὸς
509 2126 738 2187 διδάσκει
768 2129 962 2211 λέγων,
1001 2155 1025 2190 ε
1066 2132 1245 2188 Πάντα
1272 2120 1373 2188 ὅσα
1417 2120 1535 2211 ἔχει
1592 2133 1620 2187 6
1679 2130 1861 2208 Πατὴρ
1906 2129 2000 2203 ἐμά

2088 2123 2301 2185 Filium
2333 2143 2402 2186 ac
2432 2120 2717 2204 Spirituiu
2747 2128 3146 2207 sanctum,qui
3178 2127 3382 2188 firmus
3411 2145 3479 2188 ac
3508 2125 3735 2187 solidus

359 2213 491 2275 ἐστι.
537 2240 558 2272 ε
636 2221 734 2277 Καὶ
815 2219 1096 2301 πολλαχοῦ
1158 2219 1389 2277 διδάσκει
1446 2222 1563 2299 περὶ
1646 2219 1831 2278 ἑαυτοῦ
1914 2224 2000 2278 καῖ

2090 2221 2181 2273 est
2211 2212 2269 2272 in
2304 2214 2574 2275 doctrina
2605 2213 2989 2295 Christi.Ipse
3022 2214 3180 2276 enim
3208 2217 3281 2277 de
3327 2218 3501 2277 Patre
3530 2214 3730 2295 docet,

356 2314 450 2363 τοῦ
492 2309 719 2387 Πατρὸς,
745 2309 824 2365 ὃτι
854 2311 882 2365 6
914 2309 1007 2385 μὲν
1037 2309 1146 2365 ἐστι
1179 2311 1381 2389 Πατὴρ,
1408 2312 1437 2366 6
1464 2307 1520 2365 δὲ
1577 2308 1719 2373 Υἱός.
1788 2308 1913 2386 Περὶ
1953 2303 2000 2364 δὲ

2090 2301 2346 2363 dicens:
2394 2327 2420 2357 α
2456 2302 2669 2365 Omnia
2725 2322 3092 2385 quaecunque
3149 2304 3324 2365 habet
3376 2306 3549 2366 Pater
3603 2321 3736 2365 mea

356 2400 448 2449 106
479 2397 781 2472 Πνεύματος
807 2397 932 2453 ὅταν
980 2398 1114 2475 λέγῃ
1148 2417 1165 2435 ⁶
1205 2421 1233 2454 ι
1285 2401 1356 2457 Τὸ
1415 2400 1625 2472 Πνεῦμα
1682 2398 1743 2453 τὸ
1784 2396 1936 2473 ἅγιον
1979 2397 2000 2452 ὃ

2089 2390 2337 2451 suntm:
2376 2416 2403 2448 ι
2438 2392 2779 2472 frequenter
2808 2411 3047 2473 quoque
3104 2400 3162 2453 et
3214 2392 3288 2453 de
3332 2395 3503 2453 Patre
3545 2401 3607 2453 et
3658 2391 3734 2454 de

356 2484 498 2560 παρά
539 2491 631 2541 τοῦ
672 2488 871 2566 Πατρὸς
937 2487 1294 2566 ἐκπορεύεταιο
1351 2511 1372 2542 ε
1438 2485 1762 2565 Τελεῶτερον
1792 2484 1847 2541 δὲ
1888 2486 2000 2541 τού-

2088 2478 2285 2559 seipso
2344 2480 2538 2553 docet,
2573 2480 2729 2560 quod
2762 2480 2863 2541 ille
2889 2480 3128 2561 quidem
3154 2481 3204 2541 si
3237 2480 3434 2555 Pater,
3467 2481 3596 2561 ipse
3619 2499 3732 2541 au-

355 2593 464 2627 των
492 2573 647 2641 ἡνίκα
674 2574 819 2654 λέγει
867 2595 883 2611 ·
933 2599 958 2631 ε
992 2578 1337 2648 Βαπτίζοντες
1392 2576 1573 2640 αὖτοὺς
1630 2576 1703 2637 εἰς
1731 2575 1791 2630 τὸ
1834 2571 2000 2648 ὄνομα

2088 2574 2203 2627 tem
2236 2566 2457 2648 Ftlius;
2503 2568 2577 2628 de
2608 2568 2831 2647 Spiritu
2883 2577 3085 2630 sancto
3114 2579 3310 2630 autem
3334 2570 3571 2650 quando
3601 2569 3683 2629 ait
3713 2589 3727 2629 :

353 2667 447 2715 106
478 2663 681 2741 Πατρὸς
710 2665 797 2719 καὶ
825 2667 918 2720 τοῦ
945 2667 1065 2723 Υἱοῦ
1124 2665 1211 2721 καὶ
1260 2671 1353 2721 τοῦ
1402 2664 1549 2742 ἁγίου
1606 2665 1927 2727 Πνεύιιατος.
1967 2686 1992 2716 ι

2089 2679 2111 2710 ε
2143 2654 2395 2736 Spiritus
2429 2657 2527 2736 qui
2559 2675 2591 2717 a
2622 2656 2792 2718 Patre
2817 2657 3084 2737 procedit
3107 2657 3225 2717 17.»
3249 2658 3352 2719 His
3380 2668 3580 2719 autem
3604 2674 3735 2738 per-

355 2748 414 2803 Εἱ
445 2744 499 2803 δὲ
543 2752 657 2828 περὶ
686 2758 778 2807 τοῦ
835 2753 1033 2829 Πατρὸς
1088 2752 1246 2827 μόνον
1315 2752 1403 2808 καὶ
1451 2759 1545 2809 τοῦ
1603 2754 1725 2807 Υἱοῦ
1781 2748 1995 2829 εἴρηται

2084 2746 2267 2806 fectus
2302 2764 2434 2806 cum
2468 2746 2547 2806 ait
2574 2766 2588 2807 :
2617 2745 3020 2826 «Baptizantes
3052 2765 3152 2808 eos
3184 2747 3241 2808 in
3269 2746 3510 2807 nomine
3543 2744 3732 2808 Patris

354 2834 573 2894 ἰνταῦθα
626 2846 702 2913 τῷ
750 2844 964 2917 μαθητῇ
1016 2843 1109 2897 106
1164 2841 1371 2919 Κυρίου,
1420 2843 1480 2898 06
1536 2840 1711 2913 μέντοι
1763 2840 1852 2896 καὶ
1881 2840 1997 2917 περὶ

2084 2848 2137 2901 ει
2168 2837 2298 2899 Filii
2332 2848 2389 2899 et
2419 2837 2681 2919 Spiritus
2706 2839 2895 2901 sancti
2916 2839 3120 2903 28.»Et
3146 2859 3483 2922 quanquam
3512 2840 3586 2901 de
3609 2841 3731 2902 Pa-

352 2933 447 2982 106
529 2928 681 3005 ἀγίου
763 2931 1089 3005 Πνεύματος,
1167 2928 1334 3005 μηδὲν
1390 2927 1794 2997 σκανδαλισθῆς.
1880 2934 2000 3006 Περὶ

2088 2936 2174 2988 tre
2212 2935 2433 2988 tantum
2464 2946 2532 2988 ac
2569 2926 2717 2988 Filio
2774 2929 2927 2990 facta
2984 2930 3061 2991 sit
3107 2930 3219 2992 hoc
3263 2931 3393 2991 loco
3444 2929 3667 2991 mentio
3697 2948 3733 2991 a

352 3016 452 3093 γὰρ
507 3017 693 3075 τούτου
748 3018 911 3093 μόνου
961 3020 1283 3097 κατήπειγεν
1352 3019 1566 3078 ἐνταῦθα
1615 3020 1844 3095 εἱρῇσθαι
1889 3028 1996 3091 νῦν,

2086 3014 2325 3076 Domini
2359 3016 2676 3097 discipulo,
2709 3036 2826 3078 non
2859 3028 3053 3080 autetn
3095 3019 3170 3080 de
3222 3018 3443 3099 Spiritu
3499 3026 3727 3098 sancto,

350 3105 442 3161 106
473 3106 674 3185 Πατρός
717 3130 854 3187 φημι
898 3109 986 3163 καὶ
1031 3117 1123 3166 τοῦ
1166 3112 1303 3166 Υἱοῦ.
1367 3110 1464 3166 Καὶ
1518 3113 1679 3163 ταῦτα
1738 3106 1835 3181 μὲν
1864 3109 1994 3185 πρὸς

2084 3123 2156 3165 ne
2185 3104 2524 3167 uﬂ‘endaris.
2558 3103 2705 3166 Nam
2737 3106 2810 3166 de
2840 3108 2951 3167 hoc
2996 3108 3185 3168 solum
3247 3106 3490 3186 cogebat
3520 3117 3578 3169 et
3623 3125 3728 3168 ex-

349 3215 410 3250 10
465 3197 651 3273 παρὸν,
711 3195 802 3252 ἵνα
859 3196 937 3269 μὴ
981 3209 1423 3276 μακρολογωμεν,
1489 3196 1643 3252 Μένει
1705 3193 1759 3251 δὲ
1834 3194 1888 3250 ἐν
1933 3202 2000 3271 τῇ

2085 3192 2316 3271 petebat
2339 3212 2536 3255 sermo
2569 3202 2630 3255 ut
2659 3194 3025 3275 loqueretur,
3059 3198 3132 3257 de
3163 3194 3358 3270 Patre,
3393 3203 3731 3276 mquam,et

353 3279 548 3362 διδαχῇ
605 3292 696 3341 τοῦ
739 3285 983 3362 Χριστοῦ,
1038 3287 1158 3353 ἡτοι
1214 3291 1282 3361 τῇ
1338 3283 1656 3363 εὐαγγελικῇ
1697 3281 1997 3355 διδασκαλία

351 3374 380 3427 6
437 3375 556 3429 κατ’
607 3373 771 3441 αὖτὴν
799 3379 1001 3454 φρονῶν
1031 3376 1118 3430 καὶ
1166 3376 1433 3452 πράττων,
1493 3378 1830 3451 θεωρητικῶς
1886 3372 1996 3447 ἄμα

352 3464 440 3519 καὶ
501 3469 805 3542 πρακτικῶς
854 3464 983 3539 βιῶν
1017 3478 1032 3493 ·
1087 3466 1115 3519 6
1171 3461 1224 3519 δὲ
1266 3464 1459 3529 ταύτης
1513 3462 1734 3540 ἀπάγων
1788 3462 1993 3539 ἑαυτὸν,

352 3551 525 3614 ἄθεος.
615 3542 708 3615 Ὠς
778 3552 877 3629 γὰρ
939 3555 967 3608 6
1045 3550 1112 3608 δι’
1175 3550 1413 3630 ἀκριϐοῦς
1481 3550 1747 3613 πολιτείας
1792 3551 2020 3605 οἶκειὼνο

353 3640 538 3697 ἑαυτὸν
569 3647 645 3712 τῷ
704 3648 842 3718 Θεῷ,
900 3641 1083 3720 ὤσωερ
1140 3644 1168 3698 6
1209 3638 1474 3720 Ἀϐρααμ,
1529 3639 1656 3694 καθὸ
1706 3639 1794 3694 καὶ
1840 3641 2001 3708 ἤκουε

460 3727 474 3748 9
574 3733 588 3753 9
665 3735 687 3746 ο
837 3729 853 3751 ί
947 3732 960 3749 \
1110 3732 1122 3749 η
1255 3732 1268 3749 η
1603 3750 1621 3761 ⁸
1686 3730 1698 3747 ο
1752 3725 1801 3767 νς
1938 3731 1963 3741 -υ

351 3751 457 3807 παρ
533 3750 711 3801 αυτου,
754 3756 777 3783 ιι
858 3738 980 3809 Εγω
1036 3739 1166 3795 Θεος
1219 3751 1331 3803 σος,
1369 3753 1392 3786 ε
1456 3728 1619 3791 οὕτω,
1680 3749 1707 3783 ο
1754 3749 1849 3791 εςω
1905 3748 2001 3793 της

351 3816 572 3884 ἐντολῆς
616 3824 709 3875 106
775 3818 1091 3897 Εὖαγγελίου
1145 3820 1312 3895 βιοὺς,
1373 3816 1543 3888 ἄθεος,
1603 3817 1787 3873 ἑαυτὸν
1852 3815 1989 3871 ἀπο-

350 3907 592 3987 σχοινίας
632 3915 724 3965 τοῦ
750 3908 899 3988 ἔχειν
944 3909 1096 3969 Θεόν.
1153 3908 1330 3966 Ἀθέου
1359 3905 1412 3962 δὲ
1460 3907 1643 3962 τούτου
1697 3903 1869 3973 ὄντος,
1905 3912 1994 3960 τοῦ

349 3996 555 4065 ἑαυτὸν,
591 3999 753 4077 φημὶ,
804 3997 900 4065 τῆς
979 3999 1118 4061 θείας
1200 3995 1651 4074 ἀλλοτριώσαντος
1737 3992 1991 4065 παιδείας,

349 4086 377 4139 6
408 4084 579 4158 μένων
622 4084 675 4139 ἐν
719 4086 873 4161 αὐτῇ,
907 4088 1057 4149 οὗτος
1112 4087 1197 4142 καὶ
1223 4087 1314 4141 τὸν
1372 4083 1574 4161 Πατέρα
1630 4083 1718 4138 καὶ
1745 4084 1832 4138 τὸν
1880 4083 1996 4136 Γὶὸν

349 4172 488 4252 ἔχει.
552 4176 674 4253 Περὶ
716 4176 816 4255 γαρ
884 4177 979 4231 τοῦ
1050 4174 1287 4233 τοιούτου
1337 4175 1426 4231 καὶ
1469 4175 1497 4229 6
1544 4174 1660 4234 Υἱὸς
1714 4170 1838 4251 ἔφη,
1921 4169 2001 4233 ὅτι

357 4284 378 4317 ε
416 4259 768 4338 Ἐλευσόμεθα
797 4261 921 4342 παρ’
974 4266 1150 4338 αὖτὸν,
1207 4263 1341 4339 μετά
1368 4269 1461 4320 106
1504 4262 1706 4325 Πατρὸς
1733 4257 1999 4333 δηλονότι,

2081 3280 2250 3343 Filio.
2288 3279 2355 3341 Et
2388 3282 2512 3342 haec
2543 3282 2781 3362 quidem
2810 3282 2885 3344 de
2920 3284 3199 3363 prmsenti
3233 3285 3362 3345 loco
3394 3284 3549 3345 dicta
3584 3284 3725 3359 sint,

2081 3391 2157 3435 ne
2210 3373 2562 3453 prolixiores
2621 3374 2831 3437 simus.
2865 3378 3057 3437 Manet
3117 3384 3312 3436 autem
3354 3374 3413 3435 in
3463 3375 3733 3438 doctrina

2081 3462 2295 3526 Christi
2326 3462 2451 3523 sive
2473 3462 2833 3538 evangelica,
2882 3463 2983 3542 qui
3022 3464 3352 3524 secundum
3387 3481 3516 3525 eam
3548 3464 3729 3525 sentit

2083 3560 2139 3611 et
2183 3558 2481 3630 operatur,
2539 3551 2960 3631 contemplatio
3010 3551 3185 3611 simul
3219 3559 3277 3613 et
3306 3552 3607 3630 operando
3637 3553 3725 3613 vi-

2082 3657 2248 3712 vens,
2274 3643 2354 3699 οι
2448 3639 2547 3719 qui
2579 3657 2714 3700 vero
2745 3639 2818 3700 ab
2850 3641 2957 3700 hac
2998 3640 3239 3701 abducit
3266 3658 3531 3720 sepsum,
3578 3641 3729 3705 ἄθεος

2088 3736 2199 3788 εει.
2234 3726 2402 3789 Sicut
2433 3728 2591 3788 enim
2626 3728 2724 3807 qui
2756 3729 3077 3808 perfectam
3125 3729 3299 3790 habet
3331 3729 3729 3791 conversatio-

2081 3834 2239 3890 nem,
2275 3819 2396 3879 Deo
2428 3818 2691 3897 seipsum
2727 3818 2925 3879 reddit
2954 3818 3730 3899 familiarem,quemadmo-

2080 3906 2218 3965 dum
2269 3905 2595 3987 Abraham,
2619 3907 2790 3987 juxta
2841 3907 2986 3967 illud
3038 3907 3110 3968 ab
3146 3910 3269 3987 ipso
3301 3907 3420 3969 Deo
3455 3907 3676 3968 audivit
3709 3925 3722 3970 :

2087 4022 2112 4051 α
2147 3995 2264 4076 Ego
2322 4000 2476 4058 Deus
2530 3996 2746 4059 tuus29
2779 4015 2791 4059 :
2829 4020 2856 4057 ι
2912 3997 2991 4058 ita
3046 3997 3146 4079 qui
3198 4007 3368 4059 extra
3422 3996 3734 4077 Evangelii

2091 4096 2449 4166 praiceptum
2480 4086 2641 4160 vivit,
2674 4087 2822 4150 ἄθεος
2850 4095 2957 4156 est,
2996 4086 3391 4148 abstrabendo
3440 4088 3727 4167 seipsum,

2089 4193 2163 4235 ne
2199 4178 2378 4237 Deum
2405 4175 2639 4237 habeat.
2672 4177 2814 4237 Cum
2868 4186 3060 4239 autem
3118 4177 3214 4237 hic
3245 4177 3389 4240 ἄθεος
3423 4181 3518 4251 sit,
3556 4196 3729 4238 nem-

2091 4284 2161 4343 pe
2185 4264 2283 4343 qui
2315 4264 2575 4345 seipsum
2606 4265 2881 4328 alienavit
2908 4285 2941 4327 a
2973 4266 3167 4326 divina
3202 4266 3517 4346 disciplina
3572 4274 3733 4328 certe

353 4352 440 4407 καὶ
500 4352 670 4425 μονὴν
740 4350 863 4431 παρ’
918 4356 1059 4426 αὐτῷ
1112 4353 1466 4428 ποιησόμεθα,
1506 4376 1532 4405 ε
1599 4349 1695 4408 Ἐκ
1750 4350 1848 4427 γὰρ
1904 4354 1999 4415 τῆς

2086 4354 2185 4435 qui
2217 4354 2276 4414 in
2311 4356 2736 4454 ea_man.et,hic
2761 4367 2817 4415 et
2839 4354 3071 4454 Patrem
3100 4364 3157 4417 et
3192 4354 3404 4454 Filium
3450 4354 3627 4416 habet
3652 4356 3732 4454 de

348 4446 454 4496 τῶν
511 4439 735 4497 ἐντολῶν
791 4442 1088 4520 τηρήσεως,
1148 4443 1270 4497 ναὸν
1319 4442 1502 4497 ἑαυτὸν
1551 4440 1637 4496 καὶ
1695 4440 1998 4516 oixn1',p:0v

350 4529 568 4595 ἐποίησε
625 4537 777 4610 Θεοῦ,
829 4533 916 4586 καὶ
974 4532 1104 4587 Θεὸν
1160 4530 1359 4589 ἕνοικον
1432 4527 1570 4608 ἔχει,
1622 4526 1794 4584 διττοῦ
1849 4526 1997 4589 όντος

349 4626 442 4677 τοῦ
473 4617 618 4699 ἔχειν
652 4620 803 4682 Θεόν,
836 4618 1062 4698 Λέγεται
1110 4621 1209 4698 γὰρ
1258 4619 1406 4699 ἔχειν
1462 4619 1590 4674 Θεὸν
1639 4618 1726 4673 καὶ
1785 4617 1850 4671 τα
1881 4618 2027 4672 κτῖ-’

351 4729 528 4781 σματα
583 4707 776 4779 πάντα,
834 4711 963 4781 πρὸς
1018 4709 1045 4765 ὃ
1091 4710 1179 4765 καὶ
1236 4716 1440 4769 Παῦλος
1481 4704 1697 4783 εἴρηκεν
1734 4720 1748 4735 ⁸
1820 4726 1842 4757 ιι
1910 4702 2001 4761 ἰὲι

349 4799 490 4870 αὖτῷ
518 4797 618 4875 γὰρ
674 4802 845 4870 ζῶμεν
903 4799 988 4854 καὶ
1044 4798 1323 4873 κινούμεθα
1377 4797 1465 4852 καί
1517 4794 1701 4869 ἐτμεν.
1744 4817 1769 4846 η
1836 4799 2004 4849 Τοῦτο

350 4884 401 4941 δὲ
434 4886 570 4942 κατά
599 4886 689 4940 τὸν
720 4890 816 4951 τῆς
876 4886 1171 4949 οὖσιώσεως
1231 4886 1439 4964 εἴρηται
1492 4884 1707 4963 τρόπον.
1775 4881 2000 4959 Ἐτέρωτ

349 4970 403 5027 δὲ
460 4982 553 5031 τοῦ
608 4969 692 5027 διὰ
743 4971 1127 5052 καλοκάγαθίας
1185 4974 1558 5051 θεραπεύοντος
1631 4971 1783 5042 Θεὸν,
1841 4967 1999 5024 πάλιν

350 5060 496 5141 ἔχειν
522 5060 807 5136 λεγομένου
838 5063 988 5119 Θεὸν.
1053 5061 1165 5118 καθ’
1224 5065 1253 5117 ὃ
1307 5060 1717 5136 σημαινόμενον,
1768 5059 1856 5113 καὶ
1907 5065 1997 5112 τοῦ

354 5147 590 5227 Ἀϐρααμ
644 5150 772 5214 Θεὸς
822 5148 1030 5228 εἴρηται
1092 5153 1121 5207 6
1181 5152 1331 5217 Θεὸς,
1392 5150 1479 5205 καὶ
1530 5157 1620 5206 τοῦ
1677 5144 1875 5211 Ἰσαὰκ,
1912 5147 1997 5200 καὶ

352 5235 490 5300 ἄλως
550 5244 653 5294 τῶν
710 5236 965 5319 θεοφιλῶν
1027 5230 1298 5319 Ἐϐραίων,
1364 5237 1667 5294 ἐπιστατέον
1735 5247 1850 5295 τοῖς
1912 5258 1996 5288 νυν

349 5325 726 5405 εἷρτδσομένοις-
762 5329 790 5383 δ
847 5327 990 5407 ἔχων
1033 5330 1122 5383 τὸν
1182 5331 1298 5384 Υἱὸν
1328 5327 1444 5407 ἔχει
1476 5328 1561 5384 καὶ
1615 5327 1705 5381 τὸν
1770 5321 1994 5399 Πατέρα.

354 5440 375 5471 ε
418 5407 474 5473 Ὀ
500 5417 598 5493 γαρ
630 5416 876 5494 ἑωρακὼς
910 5418 1000 5472 τὸν
1055 5419 1192 5490 ι’ἱὸν,
1235 5443 1256 5471 ε
1316 5418 1389 5479 ὼς
1420 5417 1507 5472 καὶ
1574 5414 1728 5476 αὒτός
1776 5433 1935 5492 φησιν
1966 5412 1993 5465 ἒ,

350 5505 494 5583 Υἱὸς,
532 5503 790 5584 «ἑώρακε
836 5506 925 5561 τὸν
986 5504 1211 5585 Πατέρα,
1252 5529 1275 5562 ιι
1346 5507 1441 5563 Καὶ
1500 5501 1725 5580 ἔμπαλιν
1789 5525 1815 5554 ιι
1854 5499 1993 5577 Ἐγὼ

1383 5636 1440 5687 ’7
1467 5636 1637 5700 Joan.
1671 5652 1769 5705 xv,
1806 5633 1898 5693 '26.

1370 5717 1425 5761 ³³
1451 5720 1560 5780 Act
1613 5732 1755 5791 XVII,
1789 5714 1889 5775 28.

427 5633 658 5697 301mm
714 5652 834 5708 xvi,
869 5636 985 5707 t5;
1021 5654 1159 5711 xvn,
1206 5641 1297 5701 l0.

344 5715 514 5780 Joau.
551 5732 668 5791 xiv,
702 5716 798 5780 '23.
885 5716 932 5760 ³³
980 5717 1004 5780 Ι
1035 5719 1167 5781 Cor.
1205 5735 1285 5782 γι.

1992 5635 2050 5687 38
2080 5640 2284 5701 Matth.
2338 5659 2541 5716 xxvut,
2584 5645 2671 5705 19.
2757 5644 2817 5697 Ξ9
2852 5644 3001 5711 Gen.
3061 5663 3159 5710 xv.

2086 4443 2426 4523 hujusmodi
2460 4443 2617 4503 enim
2650 4444 2796 4505 dixit
2828 4452 2881 4505 et
2909 4443 3091 4505 Filius
3124 4461 3137 4505 :
3182 4469 3207 4498 α
3244 4444 3330 4504 Ad
3366 4462 3497 4504 eum
3533 4444 3733 4505 venie-

2087 4552 2242 4601 mus.
2303 4551 2409 4609 ego
2466 4532 2742 4594 videlicet
2791 4552 2923 4595 cum
2986 4532 3178 4612 Patre,
3243 4544 3298 4595 et
3358 4533 3725 4593 mansionem

2085 4622 2237 4699 apud
2272 4621 2461 4701 ipsum
2496 4622 2781 4684 faciemus
2811 4621 2882 4678 ³ο,
2926 4649 2952 4679 ι
3008 4644 3143 4685 η.ιιη
3195 4642 3261 4683 ex
3297 4628 3724 4701 praeceptorum

2086 4710 2494 4771 observatione
2520 4710 2779 4792 seipsum
2812 4713 2948 4773 fecit
2976 4713 3079 4774 Dei
3112 4712 3394 4791 templum
3420 4705 3485 4771 et
3508 4709 3733 4772 habita-

2088 4800 2283 4859 culum
2305 4798 2382 4879 3‘,
2408 4820 2474 4861 ac
2508 4801 2690 4862 Deum
2727 4801 2786 4861 in
2838 4820 2904 4861 se
2941 4800 3299 4862 habitantem
3331 4799 3505 4862 habet
3542 4818 3555 4862 :
3592 4819 3726 4861 cum

2086 4888 2404 4969 dupliciter
2432 4890 2657 4951 dicatur
2690 4891 2893 4950 haberi
2918 4889 3072 4950 Deus
3110 4908 3122 4949 :
3160 4888 3307 4951 Nam
3339 4908 3544 4951 omnes
3572 4909 3724 4970 quo-

2084 4997 2200 5057 que
2228 4987 2513 5039 creaturae
2545 4981 2819 5040 dicuntur
2844 4979 3061 5041 habere
3095 4970 3468 5059 Deum,jpxta
3492 4978 3721 5059 idquod

2081 5066 2225 5126 dixit
2257 5066 2468 5127 Paulus
2497 5088 2509 5129 :
2545 5091 2568 5123 ι
2602 5067 2663 5129 ln
2708 5068 2835 5147 ipso
2870 5069 3026 5129 enim
3060 5070 3308 5130 vivimus
3334 5078 3391 5129 ct
3423 5086 3726 5130 movemur

2079 5172 2147 5213 ac
2197 5173 2400 5215 sumus
2428 5154 2497 5212 39.
2534 5156 2656 5217 Hoc
2705 5166 2900 5219 autem
2952 5159 3175 5220 dictum
3229 5171 3317 5219 est
3362 5159 3527 5237 juxta
3575 5158 3721 5218 sub-

2079 5244 2365 5304 sistentia;
2406 5246 2668 5310 modum.
2702 5246 2832 5307 Alio
2872 5256 3068 5309 autem
3120 5248 3295 5310 modo
3349 5266 3452 5327 per
3507 5250 3720 5309 bonam

2083 5333 2495 5411 operationem
2559 5336 2685 5415 ejus
2716 5338 2814 5419 qui
2863 5339 3005 5398 colit
3038 5338 3249 5400 Deum.
3306 5338 3478 5399 ctiam
3510 5336 3729 5399 dicitur

2077 5419 2280 5507 haberi
2336 5425 2528 5507 Deus;
2576 5426 2942 5507 juxtaquod
2994 5428 3385 5506 signiﬁcatum
3456 5437 3514 5488 et
3568 5428 3727 5490 Deus

2076 5501 2266 5561 dictus
2297 5511 2384 5564 est
2406 5503 2562 5566 Deus
2579 5501 2891 5569 Abraham
2928 5516 2984 5571 et
3009 5501 3196 5589 Isaac,
3231 5519 3283 5571 ut
3312 5509 3727 5571 universaliler

3247 5646 3429 5713 Exod.
3490 5665 3573 5713 Ill.
3658 5650 3722 5699 50
