  <div class='ocr_page' id='page_1' title='image "/cluster/home/n/w/nwhite01/storage/ocr_20150623/119/hvd.32044073502494/361.png"; bbox 0 0 4192 6212; ppageno 0'>
   <div class='ocr_carea' id='block_1_1' title="bbox 465 294 585 368">
    <p class='ocr_par' dir='ltr' id='par_1_1' title="bbox 465 294 585 368">
     <span class='ocr_line' id='line_1_1' title="bbox 465 294 585 368; baseline -0.058 -1"><span class='ocrx_word' id='word_1_1' title='bbox 465 294 585 368; x_wconf 81' lang='lat'><strong>707</strong></span> 
     </span>
    </p>
   </div>
   <div class='ocr_carea' id='block_1_2' title="bbox 1513 241 2737 364">
    <p class='ocr_par' dir='ltr' id='par_1_2' title="bbox 1513 241 2737 364">
     <span class='ocr_line' id='line_1_2' title="bbox 1513 241 2737 364; baseline -0.001 -2"><span class='ocrx_word' id='word_1_2' title='bbox 1513 241 1525 252; x_wconf 24' lang='grc' dir='ltr'>ν</span> <span class='ocrx_word' id='word_1_3' title='bbox 1600 290 2009 362; x_wconf 80' lang='lat' dir='ltr'><strong>OECUMENII</strong></span> <span class='ocrx_word' id='word_1_4' title='bbox 2054 291 2357 360; x_wconf 65' lang='lat' dir='ltr'><strong>TRICCE</strong></span> <span class='ocrx_word' id='word_1_5' title='bbox 2398 293 2737 364; x_wconf 87' lang='lat' dir='ltr'><strong>EPISCOPI</strong></span> 
     </span>
    </p>
   </div>
   <div class='ocr_carea' id='block_1_3' title="bbox 3733 286 3856 356">
    <p class='ocr_par' dir='ltr' id='par_1_3' title="bbox 3733 286 3856 356">
     <span class='ocr_line' id='line_1_3' title="bbox 3733 286 3856 356; baseline -0.016 0"><span class='ocrx_word' id='word_1_6' title='bbox 3733 286 3856 356; x_wconf 89' lang='lat'><strong>708</strong></span> 
     </span>
    </p>
   </div>
   <div class='ocr_carea' id='block_1_4' title="bbox 470 427 2103 514">
    <p class='ocr_par' dir='ltr' id='par_1_4' title="bbox 470 427 2103 513">
     <span class='ocr_line' id='line_1_4' title="bbox 470 427 2103 513; baseline -0.002 -18"><span class='ocrx_word' id='word_1_7' title='bbox 470 449 568 505; x_wconf 81' lang='lat' dir='ltr'><strong>tur</strong></span> <span class='ocrx_word' id='word_1_8' title='bbox 598 432 832 495; x_wconf 82' lang='lat' dir='ltr'><strong>abunde</strong></span> <span class='ocrx_word' id='word_1_9' title='bbox 874 431 1017 513; x_wconf 85' lang='lat' dir='ltr'><strong>ipsis</strong></span> <span class='ocrx_word' id='word_1_10' title='bbox 1056 430 1237 495; x_wconf 89' lang='lat' dir='ltr'><strong>tribui</strong></span> <span class='ocrx_word' id='word_1_11' title='bbox 1278 438 1584 511; x_wconf 75' lang='lat' dir='ltr'><strong>precatur:</strong></span> <span class='ocrx_word' id='word_1_12' title='bbox 1641 427 1965 490; x_wconf 77' lang='lat' dir='ltr'><strong>conformia</strong></span> <span class='ocrx_word' id='word_1_13' title='bbox 2029 431 2103 492; x_wconf 89' lang='lat' dir='ltr'><strong>di-</strong></span> 
     </span>
    </p>
   </div>
   <div class='ocr_carea' id='block_1_5' title="bbox 2184 427 3842 514">
    <p class='ocr_par' dir='ltr' id='par_1_5' title="bbox 2184 432 3842 514">
     <span class='ocr_line' id='line_1_5' title="bbox 2184 432 3842 514; baseline -0.002 -24"><span class='ocrx_word' id='word_1_14' title='bbox 2184 432 2383 511; x_wconf 69' lang='grc' dir='ltr'>,Δαυῖδ</span> <span class='ocrx_word' id='word_1_15' title='bbox 2416 434 2794 514; x_wconf 70' lang='grc' dir='ltr'><strong>φθεγγόμενος,</strong></span> <span class='ocrx_word' id='word_1_16' title='bbox 2861 457 2885 487; x_wconf 77' lang='grc' dir='ltr'>η</span> <span class='ocrx_word' id='word_1_17' title='bbox 2921 434 3234 514; x_wconf 79' lang='grc' dir='ltr'>Παράτεινον</span> <span class='ocrx_word' id='word_1_18' title='bbox 3276 434 3336 490; x_wconf 76' lang='grc' dir='ltr'><strong>τὸ</strong></span> <span class='ocrx_word' id='word_1_19' title='bbox 3381 432 3525 496; x_wconf 71' lang='grc' dir='ltr'>ἔλεός</span> <span class='ocrx_word' id='word_1_20' title='bbox 3587 455 3679 489; x_wconf 87' lang='grc' dir='ltr'><strong>σου</strong></span> <span class='ocrx_word' id='word_1_21' title='bbox 3722 444 3842 493; x_wconf 71' lang='grc' dir='ltr'>τοῖς</span> 
     </span>
    </p>
   </div>
   <div class='ocr_carea' id='block_1_6' title="bbox 467 518 2120 600">
    <p class='ocr_par' dir='ltr' id='par_1_6' title="bbox 467 518 2120 600">
     <span class='ocr_line' id='line_1_6' title="bbox 467 518 2120 600; baseline -0.002 -17"><span class='ocrx_word' id='word_1_22' title='bbox 467 540 611 583; x_wconf 90' lang='lat' dir='ltr'><strong>cens</strong></span> <span class='ocrx_word' id='word_1_23' title='bbox 635 541 767 584; x_wconf 83' lang='lat' dir='ltr'><strong>cum</strong></span> <span class='ocrx_word' id='word_1_24' title='bbox 806 521 978 583; x_wconf 89' lang='lat' dir='ltr'><strong>beato</strong></span> <span class='ocrx_word' id='word_1_25' title='bbox 1009 519 1223 597; x_wconf 49' lang='lat' dir='ltr'><strong>David,</strong></span> <span class='ocrx_word' id='word_1_26' title='bbox 1251 519 1352 600; x_wconf 87' lang='lat' dir='ltr'><strong>qui</strong></span> <span class='ocrx_word' id='word_1_27' title='bbox 1404 522 1483 579; x_wconf 92' lang='lat' dir='ltr'><strong>ait</strong></span> <span class='ocrx_word' id='word_1_28' title='bbox 1518 537 1532 578; x_wconf 91' lang='lat'><strong>:</strong></span> <span class='ocrx_word' id='word_1_29' title='bbox 1574 544 1599 573; x_wconf 72' lang='grc' dir='ltr'><strong>ι</strong></span> <span class='ocrx_word' id='word_1_30' title='bbox 1640 518 1904 580; x_wconf 77' lang='lat' dir='ltr'><strong>Extende</strong></span> <span class='ocrx_word' id='word_1_31' title='bbox 1936 518 2120 580; x_wconf 88' lang='lat' dir='ltr'><strong>mise-</strong></span> 
     </span>
    </p>
   </div>
   <div class='ocr_carea' id='block_1_7' title="bbox 469 605 1753 687">
    <p class='ocr_par' dir='ltr' id='par_1_7' title="bbox 469 605 1753 687">
     <span class='ocr_line' id='line_1_7' title="bbox 469 605 1753 687; baseline -0.005 -16"><span class='ocrx_word' id='word_1_32' title='bbox 469 610 785 673; x_wconf 88' lang='lat' dir='ltr'><strong>ricordiam</strong></span> <span class='ocrx_word' id='word_1_33' title='bbox 820 618 976 671; x_wconf 88' lang='lat' dir='ltr'><strong>tuam</strong></span> <span class='ocrx_word' id='word_1_34' title='bbox 1010 606 1508 687; x_wconf 75' lang='lat' dir='ltr'><strong>cognoScentibus</strong></span> <span class='ocrx_word' id='word_1_35' title='bbox 1530 617 1586 669; x_wconf 88' lang='lat' dir='ltr'><strong>te</strong></span> <span class='ocrx_word' id='word_1_36' title='bbox 1613 605 1689 665; x_wconf 64' lang='grc' dir='ltr'>η.</span> <span class='ocrx_word' id='word_1_37' title='bbox 1730 632 1753 661; x_wconf 72' lang='grc' dir='ltr'>ι)</span> 
     </span>
    </p>
   </div>
   <div class='ocr_carea' id='block_1_8' title="bbox 1130 702 1466 768">
    <p class='ocr_par' dir='ltr' id='par_1_8' title="bbox 1130 702 1466 768">
     <span class='ocr_line' id='line_1_8' title="bbox 1130 702 1466 768; baseline 0.003 -2"><span class='ocrx_word' id='word_1_38' title='bbox 1130 703 1367 768; x_wconf 70' lang='lat' dir='ltr'><strong>CAPUT</strong></span> <span class='ocrx_word' id='word_1_39' title='bbox 1418 702 1466 767; x_wconf 83' lang='lat' dir='ltr'>L</span> 
     </span>
    </p>
   </div>
   <div class='ocr_carea' id='block_1_9' title="bbox 472 801 2107 884">
    <p class='ocr_par' dir='ltr' id='par_1_9' title="bbox 472 801 2107 884">
     <span class='ocr_line' id='line_1_9' title="bbox 472 801 2107 884; baseline -0.001 -16"><span class='ocrx_word' id='word_1_40' title='bbox 472 808 555 868; x_wconf 83' lang='lat' dir='ltr'><strong>De</strong></span> <span class='ocrx_word' id='word_1_41' title='bbox 581 804 856 882; x_wconf 76' lang='lat' dir='ltr'><strong>diligenti</strong></span> <span class='ocrx_word' id='word_1_42' title='bbox 878 801 1291 866; x_wconf 76' lang='lat' dir='ltr'><strong>observatione</strong></span> <span class='ocrx_word' id='word_1_43' title='bbox 1313 802 1464 881; x_wconf 79' lang='lat' dir='ltr'><strong>ﬁdei</strong></span> <span class='ocrx_word' id='word_1_44' title='bbox 1494 804 1559 865; x_wconf 85' lang='lat' dir='ltr'><strong>in</strong></span> <span class='ocrx_word' id='word_1_45' title='bbox 1594 802 1924 875; x_wconf 81' lang='lat' dir='ltr'><strong>Christum,</strong></span> <span class='ocrx_word' id='word_1_46' title='bbox 1957 822 2107 884; x_wconf 86' lang='lat' dir='ltr'><strong>pro-</strong></span> 
     </span>
    </p>
   </div>
   <div class='ocr_carea' id='block_1_10' title="bbox 542 884 2112 965">
    <p class='ocr_par' dir='ltr' id='par_1_10' title="bbox 542 884 2112 965">
     <span class='ocr_line' id='line_1_10' title="bbox 542 884 2112 965; baseline 0.003 -21"><span class='ocrx_word' id='word_1_47' title='bbox 542 893 682 965; x_wconf 76' lang='lat' dir='ltr'><strong>pter</strong></span> <span class='ocrx_word' id='word_1_48' title='bbox 735 884 1225 965; x_wconf 76' lang='lat' dir='ltr'><strong>insurrcctionem</strong></span> <span class='ocrx_word' id='word_1_49' title='bbox 1283 884 1632 965; x_wconf 77' lang='lat' dir='ltr'><strong>impiorum_</strong></span> <span class='ocrx_word' id='word_1_50' title='bbox 1661 894 1718 944; x_wconf 83' lang='lat' dir='ltr'><strong>et</strong></span> <span class='ocrx_word' id='word_1_51' title='bbox 1750 884 2112 948; x_wconf 77' lang='lat' dir='ltr'><strong>tuscii&#39;orum</strong></span> 
     </span>
    </p>
   </div>
   <div class='ocr_carea' id='block_1_11' title="bbox 460 962 2112 1044">
    <p class='ocr_par' dir='ltr' id='par_1_11' title="bbox 460 962 2112 1044">
     <span class='ocr_line' id='line_1_11' title="bbox 460 962 2112 1044; baseline 0 -17"><span class='ocrx_word' id='word_1_52' title='bbox 460 1030 464 1035; x_wconf 31' lang='grc' dir='ltr'><strong>λ</strong></span> <span class='ocrx_word' id='word_1_53' title='bbox 543 962 813 1044; x_wconf 73' lang='lat' dir='ltr'><strong>uirorum</strong></span> <span class='ocrx_word' id='word_1_54' title='bbox 850 984 863 1023; x_wconf 91' lang='lat'><strong>:</strong></span> <span class='ocrx_word' id='word_1_55' title='bbox 903 964 967 1025; x_wconf 84' lang='lat' dir='ltr'><strong>in</strong></span> <span class='ocrx_word' id='word_1_56' title='bbox 998 980 1114 1043; x_wconf 85' lang='lat' dir='ltr'><strong>quo</strong></span> <span class='ocrx_word' id='word_1_57' title='bbox 1139 966 1324 1044; x_wconf 75' lang='lat' dir='ltr'><strong>etiam</strong></span> <span class='ocrx_word' id='word_1_58' title='bbox 1344 965 1471 1043; x_wconf 81' lang='lat' dir='ltr'><strong>agit</strong></span> <span class='ocrx_word' id='word_1_59' title='bbox 1491 963 1565 1024; x_wconf 80' lang='lat' dir='ltr'><strong>de</strong></span> <span class='ocrx_word' id='word_1_60' title='bbox 1596 962 1809 1044; x_wconf 77' lang='lat' dir='ltr'><strong>[uluro</strong></span> <span class='ocrx_word' id='word_1_61' title='bbox 1843 967 2112 1044; x_wconf 80' lang='lat' dir='ltr'><strong>ipsorum</strong></span> 
     </span>
    </p>
   </div>
   <div class='ocr_carea' id='block_1_12' title="bbox 541 1042 2113 1125">
    <p class='ocr_par' dir='ltr' id='par_1_12' title="bbox 541 1042 2113 1125">
     <span class='ocr_line' id='line_1_12' title="bbox 541 1042 2113 1125; baseline 0 -18"><span class='ocrx_word' id='word_1_62' title='bbox 541 1042 859 1125; x_wconf 82' lang='lat' dir='ltr'><strong>supplicio,</strong></span> <span class='ocrx_word' id='word_1_63' title='bbox 893 1044 971 1105; x_wconf 77' lang='lat' dir='ltr'><strong>nd</strong></span> <span class='ocrx_word' id='word_1_64' title='bbox 997 1042 1467 1105; x_wconf 60' lang='lat' dir='ltr'><strong>similitudinem</strong></span> <span class='ocrx_word' id='word_1_65' title='bbox 1506 1043 1798 1105; x_wconf 80' lang='lat' dir='ltr'><strong>malorum</strong></span> <span class='ocrx_word' id='word_1_66' title='bbox 1833 1042 1939 1123; x_wconf 77' lang='lat' dir='ltr'><strong>qui</strong></span> <span class='ocrx_word' id='word_1_67' title='bbox 1969 1045 2113 1107; x_wconf 80' lang='lat' dir='ltr'><strong>olim</strong></span> 
     </span>
    </p>
   </div>
   <div class='ocr_carea' id='block_1_13' title="bbox 542 1130 970 1205">
    <p class='ocr_par' dir='ltr' id='par_1_13' title="bbox 542 1130 970 1205">
     <span class='ocr_line' id='line_1_13' title="bbox 542 1130 970 1205; baseline -0.005 -18"><span class='ocrx_word' id='word_1_68' title='bbox 542 1130 970 1205; x_wconf 73' lang='lat' dir='ltr'><strong>peccweront.</strong></span> 
     </span>
    </p>
   </div>
   <div class='ocr_carea' id='block_1_14' title="bbox 537 1223 2114 1307">
    <p class='ocr_par' dir='ltr' id='par_1_14' title="bbox 537 1223 2114 1307">
     <span class='ocr_line' id='line_1_14' title="bbox 537 1223 2114 1307; baseline 0 -18"><span class='ocrx_word' id='word_1_69' title='bbox 537 1226 597 1307; x_wconf 87' lang='lat'><strong>3,</strong></span> <span class='ocrx_word' id='word_1_70' title='bbox 658 1228 716 1288; x_wconf 83' lang='grc'><strong>4.</strong></span> <span class='ocrx_word' id='word_1_71' title='bbox 762 1223 1124 1287; x_wconf 79' lang='lat' dir='ltr'><strong>Charissimi</strong></span> <span class='ocrx_word' id='word_1_72' title='bbox 1190 1231 1430 1286; x_wconf 84' lang='lat' dir='ltr'><strong>tantum</strong></span> <span class='ocrx_word' id='word_1_73' title='bbox 1489 1226 1641 1285; x_wconf 77' lang='lat' dir='ltr'><strong>mihi</strong></span> <span class='ocrx_word' id='word_1_74' title='bbox 1695 1225 1963 1287; x_wconf 80' lang='lat' dir='ltr'><strong>studium</strong></span> <span class='ocrx_word' id='word_1_75' title='bbox 1992 1228 2114 1305; x_wconf 77' lang='lat' dir='ltr'><strong>fuit</strong></span> 
     </span>
    </p>
   </div>
   <div class='ocr_carea' id='block_1_15' title="bbox 455 1313 2112 1393">
    <p class='ocr_par' dir='ltr' id='par_1_15' title="bbox 455 1313 2112 1393">
     <span class='ocr_line' id='line_1_15' title="bbox 455 1313 2112 1393; baseline -0.003 -17"><span class='ocrx_word' id='word_1_76' title='bbox 455 1314 767 1378; x_wconf 75' lang='lat' dir='ltr'><strong>scribendi</strong></span> <span class='ocrx_word' id='word_1_77' title='bbox 794 1313 874 1375; x_wconf 90' lang='lat' dir='ltr'><strong>ad</strong></span> <span class='ocrx_word' id='word_1_78' title='bbox 931 1331 1034 1376; x_wconf 83' lang='lat' dir='ltr'><strong>vos</strong></span> <span class='ocrx_word' id='word_1_79' title='bbox 1071 1313 1145 1375; x_wconf 83' lang='lat' dir='ltr'><strong>de</strong></span> <span class='ocrx_word' id='word_1_80' title='bbox 1172 1318 1475 1375; x_wconf 83' lang='lat' dir='ltr'><strong>communi</strong></span> <span class='ocrx_word' id='word_1_81' title='bbox 1502 1313 1723 1388; x_wconf 86' lang='lat' dir='ltr'><strong>salute,</strong></span> <span class='ocrx_word' id='word_1_82' title='bbox 1757 1322 1822 1376; x_wconf 85' lang='lat' dir='ltr'><strong>ut</strong></span> <span class='ocrx_word' id='word_1_83' title='bbox 1857 1333 1975 1377; x_wconf 86' lang='lat' dir='ltr'><strong>non</strong></span> <span class='ocrx_word' id='word_1_84' title='bbox 2000 1333 2112 1393; x_wconf 79' lang='lat' dir='ltr'><strong>pn-</strong></span> 
     </span>
    </p>
   </div>
   <div class='ocr_carea' id='block_1_16' title="bbox 458 1402 2109 1467">
    <p class='ocr_par' dir='ltr' id='par_1_16' title="bbox 458 1402 2109 1467">
     <span class='ocr_line' id='line_1_16' title="bbox 458 1402 2109 1467; baseline -0.001 0"><span class='ocrx_word' id='word_1_85' title='bbox 458 1405 683 1467; x_wconf 84' lang='lat' dir='ltr'><strong>tuerim</strong></span> <span class='ocrx_word' id='word_1_86' title='bbox 713 1419 836 1465; x_wconf 83' lang='lat' dir='ltr'><strong>non</strong></span> <span class='ocrx_word' id='word_1_87' title='bbox 864 1402 1122 1463; x_wconf 71' lang='lat' dir='ltr'><strong>scribere</strong></span> <span class='ocrx_word' id='word_1_88' title='bbox 1152 1402 1320 1463; x_wconf 85' lang='lat' dir='ltr'><strong>vobis</strong></span> <span class='ocrx_word' id='word_1_89' title='bbox 1350 1421 1364 1462; x_wconf 91' lang='lat'><strong>:</strong></span> <span class='ocrx_word' id='word_1_90' title='bbox 1400 1404 1730 1465; x_wconf 70' lang='lat' dir='ltr'><strong>exhortans</strong></span> <span class='ocrx_word' id='word_1_91' title='bbox 1771 1410 1834 1465; x_wconf 86' lang='lat' dir='ltr'><strong>ut</strong></span> <span class='ocrx_word' id='word_1_92' title='bbox 1866 1421 2109 1466; x_wconf 81' lang='lat' dir='ltr'><strong>rursum</strong></span> 
     </span>
    </p>
   </div>
   <div class='ocr_carea' id='block_1_17' title="bbox 459 1490 2110 1572">
    <p class='ocr_par' dir='ltr' id='par_1_17' title="bbox 459 1490 2110 1572">
     <span class='ocr_line' id='line_1_17' title="bbox 459 1490 2110 1572; baseline -0.002 -16"><span class='ocrx_word' id='word_1_93' title='bbox 459 1496 698 1556; x_wconf 72' lang='lat' dir='ltr'><strong>certetis</strong></span> <span class='ocrx_word' id='word_1_94' title='bbox 750 1510 858 1572; x_wconf 85' lang='lat' dir='ltr'><strong>pro</strong></span> <span class='ocrx_word' id='word_1_95' title='bbox 907 1490 1026 1570; x_wconf 82' lang='lat' dir='ltr'><strong>ﬁde</strong></span> <span class='ocrx_word' id='word_1_96' title='bbox 1080 1492 1268 1553; x_wconf 86' lang='lat' dir='ltr'><strong>semet</strong></span> <span class='ocrx_word' id='word_1_97' title='bbox 1330 1492 1559 1553; x_wconf 77' lang='lat' dir='ltr'><strong>tradita</strong></span> <span class='ocrx_word' id='word_1_98' title='bbox 1619 1493 1862 1555; x_wconf 81' lang='lat' dir='ltr'><strong>sum-tis.</strong></span> <span class='ocrx_word' id='word_1_99' title='bbox 1899 1490 2110 1555; x_wconf 79' lang='lat' dir='ltr'><strong>Obiter</strong></span> 
     </span>
    </p>
   </div>
   <div class='ocr_carea' id='block_1_18' title="bbox 459 1579 2106 1660">
    <p class='ocr_par' dir='ltr' id='par_1_18' title="bbox 459 1579 2106 1660">
     <span class='ocr_line' id='line_1_18' title="bbox 459 1579 2106 1660; baseline 0 -18"><span class='ocrx_word' id='word_1_100' title='bbox 459 1584 619 1643; x_wconf 82' lang='lat' dir='ltr'><strong>enim</strong></span> <span class='ocrx_word' id='word_1_101' title='bbox 651 1579 971 1642; x_wconf 73' lang='lat' dir='ltr'><strong>subierunt</strong></span> <span class='ocrx_word' id='word_1_102' title='bbox 1025 1580 1277 1657; x_wconf 83' lang='lat' dir='ltr'><strong>quidam</strong></span> <span class='ocrx_word' id='word_1_103' title='bbox 1305 1579 1572 1641; x_wconf 77' lang='lat' dir='ltr'><strong>homines</strong></span> <span class='ocrx_word' id='word_1_104' title='bbox 1603 1580 1799 1659; x_wconf 82' lang='lat' dir='ltr'><strong>impii,</strong></span> <span class='ocrx_word' id='word_1_105' title='bbox 1827 1581 1935 1660; x_wconf 84' lang='lat' dir='ltr'><strong>qui</strong></span> <span class='ocrx_word' id='word_1_106' title='bbox 1963 1579 2106 1642; x_wconf 83' lang='lat' dir='ltr'><strong>olim</strong></span> 
     </span>
    </p>
   </div>
   <div class='ocr_carea' id='block_1_19' title="bbox 458 1666 2110 1748">
    <p class='ocr_par' dir='ltr' id='par_1_19' title="bbox 458 1666 2110 1748">
     <span class='ocr_line' id='line_1_19' title="bbox 458 1666 2110 1748; baseline 0 -17"><span class='ocrx_word' id='word_1_107' title='bbox 458 1669 749 1748; x_wconf 72' lang='lat' dir='ltr'><strong>descripti</strong></span> <span class='ocrx_word' id='word_1_108' title='bbox 794 1674 936 1729; x_wconf 79' lang='lat' dir='ltr'><strong>sunt</strong></span> <span class='ocrx_word' id='word_1_109' title='bbox 984 1669 1049 1728; x_wconf 83' lang='lat' dir='ltr'><strong>in</strong></span> <span class='ocrx_word' id='word_1_110' title='bbox 1077 1666 1187 1729; x_wconf 81' lang='lat' dir='ltr'><strong>hoc</strong></span> <span class='ocrx_word' id='word_1_111' title='bbox 1222 1668 1523 1746; x_wconf 77' lang='lat' dir='ltr'><strong>judicium</strong></span> <span class='ocrx_word' id='word_1_112' title='bbox 1561 1686 1574 1726; x_wconf 92' lang='lat'>:</span> <span class='ocrx_word' id='word_1_113' title='bbox 1608 1671 1710 1746; x_wconf 81' lang='lat' dir='ltr'><strong>qui</strong></span> <span class='ocrx_word' id='word_1_114' title='bbox 1764 1670 1873 1729; x_wconf 68' lang='lat' dir='ltr'><strong>Dei</strong></span> <span class='ocrx_word' id='word_1_115' title='bbox 1911 1670 2110 1731; x_wconf 78' lang='lat' dir='ltr'><strong>nostri</strong></span> 
     </span>
    </p>
   </div>
   <div class='ocr_carea' id='block_1_20' title="bbox 2204 523 2715 600">
    <p class='ocr_par' dir='ltr' id='par_1_20' title="bbox 2204 523 2715 600">
     <span class='ocr_line' id='line_1_20' title="bbox 2204 523 2715 600; baseline 0.01 -25"><span class='ocrx_word' id='word_1_116' title='bbox 2204 523 2515 600; x_wconf 65' lang='grc' dir='ltr'>γινώσκουσί</span> <span class='ocrx_word' id='word_1_117' title='bbox 2556 544 2615 579; x_wconf 90' lang='grc' dir='ltr'><strong>σε</strong></span> <span class='ocrx_word' id='word_1_118' title='bbox 2692 545 2715 580; x_wconf 70' lang='grc' dir='ltr'>η</span> 
     </span>
    </p>
   </div>
   <div class='ocr_carea' id='block_1_21' title="bbox 2834 690 3215 763">
    <p class='ocr_par' dir='ltr' id='par_1_21' title="bbox 2834 690 3215 763">
     <span class='ocr_line' id='line_1_21' title="bbox 2834 690 3215 763; baseline 0.013 -6"><span class='ocrx_word' id='word_1_119' title='bbox 2834 690 3215 763; x_wconf 61' lang='grc' dir='ltr'><strong>ΚΕΦΑΛ.ΑἏ</strong></span> 
     </span>
    </p>
   </div>
   <div class='ocr_carea' id='block_1_22' title="bbox 2203 793 3837 878">
    <p class='ocr_par' dir='ltr' id='par_1_22' title="bbox 2203 793 3837 878">
     <span class='ocr_line' id='line_1_22' title="bbox 2203 793 3837 878; baseline -0.016 -3"><span class='ocrx_word' id='word_1_120' title='bbox 2203 814 2226 847; x_wconf 76' lang='grc'><strong><em>⁸</em></strong></span> <span class='ocrx_word' id='word_1_121' title='bbox 2278 796 2397 878; x_wconf 56' lang='grc' dir='ltr'><strong>βερῖ</strong></span> <span class='ocrx_word' id='word_1_122' title='bbox 2452 802 2728 878; x_wconf 73' lang='grc' dir='ltr'>προσοχῆς</span> <span class='ocrx_word' id='word_1_123' title='bbox 2778 801 2893 878; x_wconf 55' lang='grc' dir='ltr'><strong>’τῆςΔ</strong></span> <span class='ocrx_word' id='word_1_124' title='bbox 2933 799 3007 878; x_wconf 74' lang='grc' dir='ltr'><strong>εἰς</strong></span> <span class='ocrx_word' id='word_1_125' title='bbox 3068 799 3289 878; x_wconf 78' lang='grc' dir='ltr'>Χριστὸν</span> <span class='ocrx_word' id='word_1_126' title='bbox 3343 793 3708 878; x_wconf 20' lang='grc' dir='ltr'>πίστεως,λδιὰ</span> <span class='ocrx_word' id='word_1_127' title='bbox 3736 794 3837 861; x_wconf 71' lang='grc' dir='ltr'>τὴν</span> 
     </span>
    </p>
   </div>
   <div class='ocr_carea' id='block_1_23' title="bbox 2275 872 3834 955">
    <p class='ocr_par' dir='ltr' id='par_1_23' title="bbox 2275 872 3834 955">
     <span class='ocr_line' id='line_1_23' title="bbox 2275 872 3834 955; baseline -0.001 -25"><span class='ocrx_word' id='word_1_128' title='bbox 2275 872 2659 955; x_wconf 42' lang='grc' dir='ltr'>ἐπανάστασινἾ</span> <span class='ocrx_word' id='word_1_129' title='bbox 2697 878 2803 933; x_wconf 79' lang='grc' dir='ltr'><strong>τῶν</strong></span> <span class='ocrx_word' id='word_1_130' title='bbox 2873 874 3076 934; x_wconf 64' lang='grc' dir='ltr'>ἀσεϐῶ)</span> <span class='ocrx_word' id='word_1_131' title='bbox 3114 872 3125 878; x_wconf 51' lang='grc'>⁷</span> <span class='ocrx_word' id='word_1_132' title='bbox 3150 879 3233 934; x_wconf 86' lang='grc' dir='ltr'><strong>καὶ</strong></span> <span class='ocrx_word' id='word_1_133' title='bbox 3288 876 3528 955; x_wconf 80' lang='grc' dir='ltr'>ἀσελγῶν</span> <span class='ocrx_word' id='word_1_134' title='bbox 3579 872 3784 954; x_wconf 70' lang='grc' dir='ltr'><strong>⁷ἀνδρῶν</strong></span> <span class='ocrx_word' id='word_1_135' title='bbox 3819 889 3834 903; x_wconf 82' lang='grc'><strong>⁸</strong></span> 
     </span>
    </p>
   </div>
   <div class='ocr_carea' id='block_1_24' title="bbox 2274 954 3840 1037">
    <p class='ocr_par' dir='ltr' id='par_1_24' title="bbox 2274 954 3840 1037">
     <span class='ocr_line' id='line_1_24' title="bbox 2274 954 3840 1037; baseline -0.004 -22"><span class='ocrx_word' id='word_1_136' title='bbox 2274 954 2330 1010; x_wconf 73' lang='grc' dir='ltr'>ἒν</span> <span class='ocrx_word' id='word_1_137' title='bbox 2449 960 2495 1032; x_wconf 83' lang='grc' dir='ltr'>ᾧ</span> <span class='ocrx_word' id='word_1_138' title='bbox 2603 959 2720 1037; x_wconf 84' lang='grc' dir='ltr'>περὶ</span> <span class='ocrx_word' id='word_1_139' title='bbox 2841 955 3139 1034; x_wconf 74' lang='grc' dir='ltr'><strong>μελλούσης</strong></span> <span class='ocrx_word' id='word_1_140' title='bbox 3264 954 3443 1014; x_wconf 72' lang='grc' dir='ltr'>αὖτῶν</span> <span class='ocrx_word' id='word_1_141' title='bbox 3544 954 3840 1033; x_wconf 80' lang='grc' dir='ltr'>κολάσεως,</span> 
     </span>
    </p>
   </div>
   <div class='ocr_carea' id='block_1_25' title="bbox 2275 1043 3843 1126">
    <p class='ocr_par' dir='ltr' id='par_1_25' title="bbox 2275 1043 3843 1126">
     <span class='ocr_line' id='line_1_25' title="bbox 2275 1043 3843 1126; baseline -0.002 -25"><span class='ocrx_word' id='word_1_142' title='bbox 2275 1043 2391 1125; x_wconf 81' lang='grc' dir='ltr'>καθ’</span> <span class='ocrx_word' id='word_1_143' title='bbox 2475 1047 2725 1121; x_wconf 82' lang='grc' dir='ltr'>ὁμοίωσιν</span> <span class='ocrx_word' id='word_1_144' title='bbox 2807 1053 2913 1103; x_wconf 84' lang='grc' dir='ltr'>τῶν</span> <span class='ocrx_word' id='word_1_145' title='bbox 2994 1045 3162 1104; x_wconf 82' lang='grc' dir='ltr'>πάλαι</span> <span class='ocrx_word' id='word_1_146' title='bbox 3255 1046 3673 1126; x_wconf 66' lang='grc' dir='ltr'><strong>ἁμαρτησάντων</strong></span> <span class='ocrx_word' id='word_1_147' title='bbox 3756 1044 3843 1099; x_wconf 81' lang='grc' dir='ltr'><strong>καὶ</strong></span> 
     </span>
    </p>
   </div>
   <div class='ocr_carea' id='block_1_26' title="bbox 2281 1138 2617 1214">
    <p class='ocr_par' dir='ltr' id='par_1_26' title="bbox 2281 1138 2617 1214">
     <span class='ocr_line' id='line_1_26' title="bbox 2281 1138 2617 1214; baseline 0 -24"><span class='ocrx_word' id='word_1_148' title='bbox 2281 1138 2550 1214; x_wconf 66' lang='grc' dir='ltr'>πονηρῶν,</span> <span class='ocrx_word' id='word_1_149' title='bbox 2590 1159 2617 1190; x_wconf 70' lang='grc' dir='ltr'><strong>ι</strong></span> 
     </span>
    </p>
   </div>
   <div class='ocr_carea' id='block_1_27' title="bbox 2281 1222 3840 1303">
    <p class='ocr_par' dir='ltr' id='par_1_27' title="bbox 2281 1222 3840 1303">
     <span class='ocr_line' id='line_1_27' title="bbox 2281 1222 3840 1303; baseline -0.004 -23"><span class='ocrx_word' id='word_1_150' title='bbox 2281 1248 2309 1280; x_wconf 78' lang='grc' dir='ltr'><strong>α</strong></span> <span class='ocrx_word' id='word_1_151' title='bbox 2383 1224 2697 1303; x_wconf 81' lang='grc' dir='ltr'>Ἀγαπητοὶ,</span> <span class='ocrx_word' id='word_1_152' title='bbox 2745 1232 2915 1282; x_wconf 77' lang='grc' dir='ltr'>πᾶσαν</span> <span class='ocrx_word' id='word_1_153' title='bbox 2978 1223 3209 1293; x_wconf 76' lang='grc' dir='ltr'>σπουδὴν</span> <span class='ocrx_word' id='word_1_154' title='bbox 3265 1224 3577 1301; x_wconf 74' lang='grc' dir='ltr'>πιιούμενος</span> <span class='ocrx_word' id='word_1_155' title='bbox 3621 1222 3840 1302; x_wconf 68' lang='grc' dir='ltr'>γράφειν</span> 
     </span>
    </p>
   </div>
   <div class='ocr_carea' id='block_1_28' title="bbox 2194 1309 3841 1393">
    <p class='ocr_par' dir='ltr' id='par_1_28' title="bbox 2194 1309 3841 1393">
     <span class='ocr_line' id='line_1_28' title="bbox 2194 1309 3841 1393; baseline -0.002 -25"><span class='ocrx_word' id='word_1_156' title='bbox 2194 1313 2321 1388; x_wconf 69' lang='grc' dir='ltr'>ὑμῖν</span> <span class='ocrx_word' id='word_1_157' title='bbox 2377 1316 2492 1392; x_wconf 86' lang='grc' dir='ltr'>περὶ</span> <span class='ocrx_word' id='word_1_158' title='bbox 2555 1319 2653 1381; x_wconf 89' lang='grc' dir='ltr'><strong>τῆς</strong></span> <span class='ocrx_word' id='word_1_159' title='bbox 2724 1318 2906 1381; x_wconf 87' lang='grc' dir='ltr'>κοινῆς</span> <span class='ocrx_word' id='word_1_160' title='bbox 2994 1314 3282 1393; x_wconf 73' lang='grc' dir='ltr'><strong>σωτηρίας,</strong></span> <span class='ocrx_word' id='word_1_161' title='bbox 3371 1313 3608 1390; x_wconf 70' lang='grc' dir='ltr'>ἀνάγκην</span> <span class='ocrx_word' id='word_1_162' title='bbox 3677 1309 3841 1389; x_wconf 74' lang='grc' dir='ltr'>ἔσχον</span> 
     </span>
    </p>
   </div>
   <div class='ocr_carea' id='block_1_29' title="bbox 2195 1395 3841 1481">
    <p class='ocr_par' dir='ltr' id='par_1_29' title="bbox 2195 1395 3841 1481">
     <span class='ocr_line' id='line_1_29' title="bbox 2195 1395 3841 1481; baseline -0.002 -24"><span class='ocrx_word' id='word_1_163' title='bbox 2195 1402 2393 1480; x_wconf 80' lang='grc' dir='ltr'>γράψαι</span> <span class='ocrx_word' id='word_1_164' title='bbox 2440 1404 2568 1478; x_wconf 70' lang='grc' dir='ltr'>ὑμῖν</span> <span class='ocrx_word' id='word_1_165' title='bbox 2599 1422 2615 1437; x_wconf 79' lang='grc'>³</span> <span class='ocrx_word' id='word_1_166' title='bbox 2699 1402 3020 1481; x_wconf 81' lang='grc' dir='ltr'>παρακαλῶν</span> <span class='ocrx_word' id='word_1_167' title='bbox 3090 1402 3500 1481; x_wconf 77' lang='grc' dir='ltr'>ἐπαγωνίζεσθαι</span> <span class='ocrx_word' id='word_1_168' title='bbox 3568 1406 3638 1477; x_wconf 77' lang='grc' dir='ltr'>τῇ</span> <span class='ocrx_word' id='word_1_169' title='bbox 3701 1395 3841 1462; x_wconf 78' lang='grc' dir='ltr'>ἅπαξ</span> 
     </span>
    </p>
   </div>
   <div class='ocr_carea' id='block_1_30' title="bbox 2191 1484 3841 1570">
    <p class='ocr_par' dir='ltr' id='par_1_30' title="bbox 2191 1484 3841 1570">
     <span class='ocr_line' id='line_1_30' title="bbox 2191 1484 3841 1570; baseline -0.003 -23"><span class='ocrx_word' id='word_1_170' title='bbox 2191 1488 2540 1569; x_wconf 68' lang='grc' dir='ltr'><strong>παραδοθείσῃ</strong></span> <span class='ocrx_word' id='word_1_171' title='bbox 2638 1506 2753 1556; x_wconf 71' lang='grc' dir='ltr'>τοῖς</span> <span class='ocrx_word' id='word_1_172' title='bbox 2874 1491 3040 1570; x_wconf 80' lang='grc' dir='ltr'>ἁγίοις</span> <span class='ocrx_word' id='word_1_173' title='bbox 3164 1493 3365 1550; x_wconf 86' lang='grc' dir='ltr'>πίστει.</span> <span class='ocrx_word' id='word_1_174' title='bbox 3489 1484 3841 1567; x_wconf 84' lang='grc' dir='ltr'>Παριέσδυσαν</span> 
     </span>
    </p>
   </div>
   <div class='ocr_carea' id='block_1_31' title="bbox 2191 1576 3837 1660">
    <p class='ocr_par' dir='ltr' id='par_1_31' title="bbox 2191 1576 3837 1660">
     <span class='ocr_line' id='line_1_31' title="bbox 2191 1576 3837 1660; baseline -0.002 -24"><span class='ocrx_word' id='word_1_175' title='bbox 2191 1579 2291 1659; x_wconf 71' lang='grc' dir='ltr'><strong>γάρ</strong></span> <span class='ocrx_word' id='word_1_176' title='bbox 2346 1601 2485 1645; x_wconf 89' lang='grc' dir='ltr'>τινες</span> <span class='ocrx_word' id='word_1_177' title='bbox 2543 1579 2805 1660; x_wconf 77' lang='grc' dir='ltr'>ἅνθρωποι</span> <span class='ocrx_word' id='word_1_178' title='bbox 2865 1582 2911 1638; x_wconf 75' lang='grc' dir='ltr'>οἱ</span> <span class='ocrx_word' id='word_1_179' title='bbox 2989 1578 3153 1637; x_wconf 78' lang='grc' dir='ltr'>πάλαι</span> <span class='ocrx_word' id='word_1_180' title='bbox 3210 1576 3678 1658; x_wconf 77' lang='grc' dir='ltr'>προγεγραμμένοι</span> <span class='ocrx_word' id='word_1_181' title='bbox 3763 1577 3837 1633; x_wconf 76' lang='grc' dir='ltr'><strong>εἰς</strong></span> 
     </span>
    </p>
   </div>
   <div class='ocr_carea' id='block_1_32' title="bbox 2191 1666 3839 1748">
    <p class='ocr_par' dir='ltr' id='par_1_32' title="bbox 2191 1666 3839 1748">
     <span class='ocr_line' id='line_1_32' title="bbox 2191 1666 3839 1748; baseline -0.002 -25"><span class='ocrx_word' id='word_1_182' title='bbox 2191 1667 2343 1724; x_wconf 78' lang='grc' dir='ltr'><strong>τοῦτο</strong></span> <span class='ocrx_word' id='word_1_183' title='bbox 2425 1669 2486 1724; x_wconf 80' lang='grc' dir='ltr'>τὸ</span> <span class='ocrx_word' id='word_1_184' title='bbox 2567 1683 2735 1748; x_wconf 79' lang='grc' dir='ltr'>κρῖμα</span> <span class='ocrx_word' id='word_1_185' title='bbox 2818 1668 3030 1733; x_wconf 74' lang='grc' dir='ltr'>ἀσε⁰εῖς</span> <span class='ocrx_word' id='word_1_186' title='bbox 3066 1688 3081 1703; x_wconf 77' lang='grc' dir='ltr'><strong>ο</strong></span> <span class='ocrx_word' id='word_1_187' title='bbox 3156 1669 3256 1735; x_wconf 73' lang='grc' dir='ltr'><strong>τὴν</strong></span> <span class='ocrx_word' id='word_1_188' title='bbox 3337 1674 3430 1723; x_wconf 82' lang='grc' dir='ltr'>τοῦ</span> <span class='ocrx_word' id='word_1_189' title='bbox 3513 1672 3645 1723; x_wconf 75' lang='grc' dir='ltr'>Θεοῦ</span> <span class='ocrx_word' id='word_1_190' title='bbox 3684 1666 3839 1739; x_wconf 80' lang='grc' dir='ltr'>ἡμῶν</span> 
     </span>
    </p>
   </div>
   <div class='ocr_carea' id='block_1_33' title="bbox 456 1754 2103 1858">
    <p class='ocr_par' dir='ltr' id='par_1_33' title="bbox 456 1755 2103 1838">
     <span class='ocr_line' id='line_1_33' title="bbox 456 1755 2103 1838; baseline 0.001 -21"><span class='ocrx_word' id='word_1_191' title='bbox 456 1762 721 1836; x_wconf 78' lang='lat' dir='ltr'><strong>gratiam</strong></span> <span class='ocrx_word' id='word_1_192' title='bbox 777 1756 1154 1833; x_wconf 79' lang='lat' dir='ltr'><strong>transferunt</strong></span> <span class='ocrx_word' id='word_1_193' title='bbox 1196 1755 1277 1816; x_wconf 86' lang='lat' dir='ltr'><strong>ad</strong></span> <span class='ocrx_word' id='word_1_194' title='bbox 1308 1756 1639 1831; x_wconf 72' lang='lat' dir='ltr'><strong>lasciviam,</strong></span> <span class='ocrx_word' id='word_1_195' title='bbox 1679 1774 1749 1817; x_wconf 80' lang='lat' dir='ltr'><strong>(te</strong></span> <span class='ocrx_word' id='word_1_196' title='bbox 1785 1758 1973 1820; x_wconf 82' lang='lat' dir='ltr'><strong>Deum</strong></span> <span class='ocrx_word' id='word_1_197' title='bbox 2004 1760 2103 1838; x_wconf 79' lang='lat' dir='ltr'><strong>qui</strong></span> 
     </span>
    </p>
   </div>
   <div class='ocr_carea' id='block_1_34' title="bbox 2184 1754 3838 1858">
    <p class='ocr_par' dir='ltr' id='par_1_34' title="bbox 2192 1754 3838 1836">
     <span class='ocr_line' id='line_1_34' title="bbox 2192 1754 3838 1836; baseline -0.001 -26"><span class='ocrx_word' id='word_1_198' title='bbox 2192 1756 2350 1836; x_wconf 73' lang='grc' dir='ltr'>χάριν</span> <span class='ocrx_word' id='word_1_199' title='bbox 2419 1758 2779 1832; x_wconf 77' lang='grc' dir='ltr'>μετατιθέντες</span> <span class='ocrx_word' id='word_1_200' title='bbox 2859 1760 2930 1821; x_wconf 85' lang='grc' dir='ltr'>εἷς</span> <span class='ocrx_word' id='word_1_201' title='bbox 3008 1756 3286 1835; x_wconf 73' lang='grc' dir='ltr'>ἀσέλγειαν</span> <span class='ocrx_word' id='word_1_202' title='bbox 3368 1757 3452 1812; x_wconf 87' lang='grc' dir='ltr'><strong>κτὶ</strong></span> <span class='ocrx_word' id='word_1_203' title='bbox 3523 1756 3614 1811; x_wconf 84' lang='grc' dir='ltr'><strong>τὸν</strong></span> <span class='ocrx_word' id='word_1_204' title='bbox 3674 1754 3838 1829; x_wconf 87' lang='grc' dir='ltr'>μόνον</span> 
     </span>
    </p>
   </div>
   <div class='ocr_carea' id='block_1_35' title="bbox 456 1841 2103 1924">
    <p class='ocr_par' dir='ltr' id='par_1_35' title="bbox 456 1844 2103 1918">
     <span class='ocr_line' id='line_1_35' title="bbox 456 1844 2103 1918; baseline 0 -11"><span class='ocrx_word' id='word_1_205' title='bbox 456 1846 619 1907; x_wconf 81' lang='lat' dir='ltr'><strong>solus</strong></span> <span class='ocrx_word' id='word_1_206' title='bbox 667 1851 756 1907; x_wconf 72' lang='lat' dir='ltr'><strong>est</strong></span> <span class='ocrx_word' id='word_1_207' title='bbox 818 1844 1020 1918; x_wconf 80' lang='lat' dir='ltr'><strong>herus,</strong></span> <span class='ocrx_word' id='word_1_208' title='bbox 1075 1850 1132 1905; x_wconf 83' lang='lat' dir='ltr'><strong>et</strong></span> <span class='ocrx_word' id='word_1_209' title='bbox 1185 1844 1510 1905; x_wconf 84' lang='lat' dir='ltr'><strong>Dominum</strong></span> <span class='ocrx_word' id='word_1_210' title='bbox 1566 1851 1841 1906; x_wconf 78' lang='lat' dir='ltr'><strong>nostrum</strong></span> <span class='ocrx_word' id='word_1_211' title='bbox 1901 1844 2103 1907; x_wconf 72' lang='lat' dir='ltr'><strong>Iesum</strong></span> 
     </span>
    </p>
   </div>
   <div class='ocr_carea' id='block_1_36' title="bbox 2184 1841 3840 1924">
    <p class='ocr_par' dir='ltr' id='par_1_36' title="bbox 2195 1841 3840 1924">
     <span class='ocr_line' id='line_1_36' title="bbox 2195 1841 3840 1924; baseline -0.003 -24"><span class='ocrx_word' id='word_1_212' title='bbox 2195 1844 2470 1912; x_wconf 76' lang='grc' dir='ltr'>Δεσπότην</span> <span class='ocrx_word' id='word_1_213' title='bbox 2535 1847 2663 1902; x_wconf 81' lang='grc' dir='ltr'>Θεὸν</span> <span class='ocrx_word' id='word_1_214' title='bbox 2725 1846 2811 1902; x_wconf 86' lang='grc' dir='ltr'><strong>καὶ</strong></span> <span class='ocrx_word' id='word_1_215' title='bbox 2885 1845 3070 1924; x_wconf 83' lang='grc' dir='ltr'>Κύριον</span> <span class='ocrx_word' id='word_1_216' title='bbox 3128 1847 3281 1920; x_wconf 76' lang='grc' dir='ltr'>ἡμῶν</span> <span class='ocrx_word' id='word_1_217' title='bbox 3354 1843 3560 1910; x_wconf 75' lang='grc' dir='ltr'>Ἰησοῦν</span> <span class='ocrx_word' id='word_1_218' title='bbox 3618 1841 3840 1921; x_wconf 79' lang='grc' dir='ltr'>Χριστὸν</span> 
     </span>
    </p>
   </div>
   <div class='ocr_carea' id='block_1_37' title="bbox 462 1932 1037 2013">
    <p class='ocr_par' dir='ltr' id='par_1_37' title="bbox 462 1932 1037 2013">
     <span class='ocr_line' id='line_1_37' title="bbox 462 1932 1037 2013; baseline -0.01 -18"><span class='ocrx_word' id='word_1_219' title='bbox 462 1932 768 1995; x_wconf 79' lang='lat' dir='ltr'><strong>Christum</strong></span> <span class='ocrx_word' id='word_1_220' title='bbox 795 1941 1037 2013; x_wconf 64' lang='lat' dir='ltr'><strong>negant.</strong></span> 
     </span>
    </p>
   </div>
   <div class='ocr_carea' id='block_1_38' title="bbox 544 2019 2108 2103">
    <p class='ocr_par' dir='ltr' id='par_1_38' title="bbox 544 2019 2108 2103">
     <span class='ocr_line' id='line_1_38' title="bbox 544 2019 2108 2103; baseline 0 -20"><span class='ocrx_word' id='word_1_221' title='bbox 544 2023 657 2084; x_wconf 87' lang='lat' dir='ltr'><strong>Per</strong></span> <span class='ocrx_word' id='word_1_222' title='bbox 687 2022 811 2083; x_wconf 66' lang='lat' dir='ltr'><strong>haec</strong></span> <span class='ocrx_word' id='word_1_223' title='bbox 840 2020 1034 2082; x_wconf 90' lang='lat' dir='ltr'><strong>innuit</strong></span> <span class='ocrx_word' id='word_1_224' title='bbox 1063 2019 1341 2101; x_wconf 55' lang='lat' dir='ltr'><strong>Epistolas</strong></span> <span class='ocrx_word' id='word_1_225' title='bbox 1369 2030 1808 2102; x_wconf 79' lang='lat' dir='ltr'><strong>argumentum,</strong></span> <span class='ocrx_word' id='word_1_226' title='bbox 1842 2021 1999 2103; x_wconf 88' lang='lat' dir='ltr'><strong>quod</strong></span> <span class='ocrx_word' id='word_1_227' title='bbox 2034 2020 2108 2083; x_wconf 90' lang='lat' dir='ltr'><strong>ob</strong></span> 
     </span>
    </p>
   </div>
   <div class='ocr_carea' id='block_1_39' title="bbox 462 2109 2107 2191">
    <p class='ocr_par' dir='ltr' id='par_1_39' title="bbox 462 2109 2107 2191">
     <span class='ocr_line' id='line_1_39' title="bbox 462 2109 2107 2191; baseline 0 -20"><span class='ocrx_word' id='word_1_228' title='bbox 462 2109 892 2190; x_wconf 85' lang='lat' dir='ltr'><strong>providentiam</strong></span> <span class='ocrx_word' id='word_1_229' title='bbox 926 2109 1132 2170; x_wconf 86' lang='lat' dir='ltr'><strong>salutis</strong></span> <span class='ocrx_word' id='word_1_230' title='bbox 1165 2128 1397 2173; x_wconf 88' lang='lat' dir='ltr'><strong>eorum.</strong></span> <span class='ocrx_word' id='word_1_231' title='bbox 1428 2129 1503 2170; x_wconf 92' lang='lat' dir='ltr'><strong>ne</strong></span> <span class='ocrx_word' id='word_1_232' title='bbox 1533 2129 1639 2177; x_wconf 64' lang='lat' dir='ltr'><strong>per</strong></span> <span class='ocrx_word' id='word_1_233' title='bbox 1669 2110 2107 2191; x_wconf 81' lang='lat' dir='ltr'><strong>simplicitatem</strong></span> 
     </span>
    </p>
   </div>
   <div class='ocr_carea' id='block_1_40' title="bbox 462 2198 2107 2280">
    <p class='ocr_par' dir='ltr' id='par_1_40' title="bbox 462 2198 2107 2280">
     <span class='ocr_line' id='line_1_40' title="bbox 462 2198 2107 2280; baseline 0 -20"><span class='ocrx_word' id='word_1_234' title='bbox 462 2207 820 2278; x_wconf 86' lang='lat' dir='ltr'><strong>caperentur</strong></span> <span class='ocrx_word' id='word_1_235' title='bbox 849 2216 883 2258; x_wconf 89' lang='lat' dir='ltr'><strong>a</strong></span> <span class='ocrx_word' id='word_1_236' title='bbox 934 2198 1411 2259; x_wconf 73' lang='lat' dir='ltr'><strong>sceleratissimis</strong></span> <span class='ocrx_word' id='word_1_237' title='bbox 1456 2198 1750 2261; x_wconf 66' lang='lat' dir='ltr'><strong>haereticis</strong></span> <span class='ocrx_word' id='word_1_238' title='bbox 1783 2211 2107 2280; x_wconf 72' lang='lat' dir='ltr'><strong>praesentes</strong></span> 
     </span>
    </p>
   </div>
   <div class='ocr_carea' id='block_1_41' title="bbox 460 2287 2108 2367">
    <p class='ocr_par' dir='ltr' id='par_1_41' title="bbox 460 2287 2108 2367">
     <span class='ocr_line' id='line_1_41' title="bbox 460 2287 2108 2367; baseline 0.001 -19"><span class='ocrx_word' id='word_1_239' title='bbox 460 2287 770 2367; x_wconf 91' lang='lat' dir='ltr'><strong>depromat</strong></span> <span class='ocrx_word' id='word_1_240' title='bbox 789 2287 1555 2367; x_wconf 72' lang='lat' dir='ltr'><strong>625sermones,tanquam</strong></span> <span class='ocrx_word' id='word_1_241' title='bbox 1576 2296 1784 2349; x_wconf 86' lang='lat' dir='ltr'><strong>notans</strong></span> <span class='ocrx_word' id='word_1_242' title='bbox 1803 2307 1902 2350; x_wconf 92' lang='lat' dir='ltr'><strong>eos</strong></span> <span class='ocrx_word' id='word_1_243' title='bbox 1915 2298 1971 2350; x_wconf 89' lang='lat' dir='ltr'><strong>et</strong></span> <span class='ocrx_word' id='word_1_244' title='bbox 1990 2307 2108 2349; x_wconf 90' lang='lat' dir='ltr'><strong>ma-</strong></span> 
     </span>
    </p>
   </div>
   <div class='ocr_carea' id='block_1_42' title="bbox 459 2374 2106 2456">
    <p class='ocr_par' dir='ltr' id='par_1_42' title="bbox 459 2374 2106 2456">
     <span class='ocr_line' id='line_1_42' title="bbox 459 2374 2106 2456; baseline 0.002 -21"><span class='ocrx_word' id='word_1_245' title='bbox 459 2375 704 2437; x_wconf 84' lang='lat' dir='ltr'><strong>nifestos</strong></span> <span class='ocrx_word' id='word_1_246' title='bbox 724 2375 985 2436; x_wconf 80' lang='lat' dir='ltr'><strong>reddens</strong></span> <span class='ocrx_word' id='word_1_247' title='bbox 1002 2374 1412 2453; x_wconf 82' lang='lat' dir='ltr'><strong>ignorantibus</strong></span> <span class='ocrx_word' id='word_1_248' title='bbox 1438 2376 2106 2456; x_wconf 86' lang='lat' dir='ltr'><strong>perapertionemlasci-</strong></span> 
     </span>
    </p>
   </div>
   <div class='ocr_carea' id='block_1_43' title="bbox 455 2462 2099 2538">
    <p class='ocr_par' dir='ltr' id='par_1_43' title="bbox 455 2462 2099 2538">
     <span class='ocr_line' id='line_1_43' title="bbox 455 2462 2099 2538; baseline 0.001 -16"><span class='ocrx_word' id='word_1_249' title='bbox 455 2463 789 2526; x_wconf 73' lang='lat' dir='ltr'><strong>vteillorum</strong></span> <span class='ocrx_word' id='word_1_250' title='bbox 805 2462 1052 2524; x_wconf 68' lang='lat' dir='ltr'><strong>vitae.De</strong></span> <span class='ocrx_word' id='word_1_251' title='bbox 1065 2463 1158 2524; x_wconf 89' lang='lat' dir='ltr'><strong>his</strong></span> <span class='ocrx_word' id='word_1_252' title='bbox 1172 2472 1366 2525; x_wconf 87' lang='lat' dir='ltr'><strong>autem</strong></span> <span class='ocrx_word' id='word_1_253' title='bbox 1387 2463 1655 2525; x_wconf 82' lang='lat' dir='ltr'><strong>etl’etrus</strong></span> <span class='ocrx_word' id='word_1_254' title='bbox 1670 2466 1898 2527; x_wconf 90' lang='lat' dir='ltr'><strong>locutus</strong></span> <span class='ocrx_word' id='word_1_255' title='bbox 1916 2473 2007 2526; x_wconf 88' lang='lat' dir='ltr'><strong>est</strong></span> <span class='ocrx_word' id='word_1_256' title='bbox 2020 2466 2099 2538; x_wconf 75' lang='grc'><strong>45,</strong></span> 
     </span>
    </p>
   </div>
   <div class='ocr_carea' id='block_1_44' title="bbox 458 2550 2106 2630">
    <p class='ocr_par' dir='ltr' id='par_1_44' title="bbox 458 2550 2106 2630">
     <span class='ocr_line' id='line_1_44' title="bbox 458 2550 2106 2630; baseline 0.002 -19"><span class='ocrx_word' id='word_1_257' title='bbox 458 2551 558 2613; x_wconf 91' lang='lat' dir='ltr'><strong>sed</strong></span> <span class='ocrx_word' id='word_1_258' title='bbox 571 2551 667 2612; x_wconf 91' lang='lat' dir='ltr'><strong>hic</strong></span> <span class='ocrx_word' id='word_1_259' title='bbox 682 2550 1739 2630; x_wconf 66' lang='lat' dir='ltr'><strong>latinsnuncetdiﬂ&#39;usiusDescriptos</strong></span> <span class='ocrx_word' id='word_1_260' title='bbox 1752 2563 1947 2615; x_wconf 91' lang='lat' dir='ltr'><strong>autem</strong></span> <span class='ocrx_word' id='word_1_261' title='bbox 1961 2553 2106 2615; x_wconf 88' lang='lat' dir='ltr'><strong>dicit</strong></span> 
     </span>
    </p>
   </div>
   <div class='ocr_carea' id='block_1_45' title="bbox 460 2641 2105 2723">
    <p class='ocr_par' dir='ltr' id='par_1_45' title="bbox 460 2641 2105 2723">
     <span class='ocr_line' id='line_1_45' title="bbox 460 2641 2105 2723; baseline 0.001 -22"><span class='ocrx_word' id='word_1_262' title='bbox 460 2656 564 2701; x_wconf 87' lang='lat' dir='ltr'><strong>eos</strong></span> <span class='ocrx_word' id='word_1_263' title='bbox 591 2661 605 2701; x_wconf 90' lang='lat'><strong>:</strong></span> <span class='ocrx_word' id='word_1_264' title='bbox 639 2641 917 2720; x_wconf 87' lang='lat' dir='ltr'><strong>quoniam</strong></span> <span class='ocrx_word' id='word_1_265' title='bbox 937 2648 996 2701; x_wconf 91' lang='lat' dir='ltr'><strong>et</strong></span> <span class='ocrx_word' id='word_1_266' title='bbox 1019 2644 1228 2702; x_wconf 86' lang='lat' dir='ltr'><strong>Petrus</strong></span> <span class='ocrx_word' id='word_1_267' title='bbox 1248 2647 1305 2701; x_wconf 89' lang='lat' dir='ltr'><strong>et</strong></span> <span class='ocrx_word' id='word_1_268' title='bbox 1324 2642 1544 2703; x_wconf 78' lang='lat' dir='ltr'><strong>Paulus</strong></span> <span class='ocrx_word' id='word_1_269' title='bbox 1569 2641 1804 2723; x_wconf 89' lang='lat' dir='ltr'><strong>deipsis</strong></span> <span class='ocrx_word' id='word_1_270' title='bbox 1826 2643 2105 2704; x_wconf 84' lang='lat' dir='ltr'><strong>dixerunt</strong></span> 
     </span>
    </p>
   </div>
   <div class='ocr_carea' id='block_1_46' title="bbox 457 2727 2099 2812">
    <p class='ocr_par' dir='ltr' id='par_1_46' title="bbox 457 2727 2099 2812">
     <span class='ocr_line' id='line_1_46' title="bbox 457 2727 2099 2812; baseline 0.001 -24"><span class='ocrx_word' id='word_1_271' title='bbox 457 2728 560 2808; x_wconf 92' lang='lat' dir='ltr'><strong>qui</strong></span> <span class='ocrx_word' id='word_1_272' title='bbox 577 2728 638 2789; x_wconf 91' lang='lat' dir='ltr'><strong>in</strong></span> <span class='ocrx_word' id='word_1_273' title='bbox 665 2728 979 2809; x_wconf 88' lang='lat' dir='ltr'><strong>postremis</strong></span> <span class='ocrx_word' id='word_1_274' title='bbox 993 2727 1360 2809; x_wconf 86' lang='lat' dir='ltr'><strong>temporibus</strong></span> <span class='ocrx_word' id='word_1_275' title='bbox 1380 2730 1610 2791; x_wconf 89' lang='lat' dir='ltr'><strong>venturi</strong></span> <span class='ocrx_word' id='word_1_276' title='bbox 1625 2731 1743 2792; x_wconf 91' lang='lat' dir='ltr'><strong>sint</strong></span> <span class='ocrx_word' id='word_1_277' title='bbox 1760 2730 2099 2812; x_wconf 88' lang='lat' dir='ltr'><strong>hujusmodi</strong></span> 
     </span>
    </p>
   </div>
   <div class='ocr_carea' id='block_1_47' title="bbox 456 2815 2096 2900">
    <p class='ocr_par' dir='ltr' id='par_1_47' title="bbox 456 2815 2096 2900">
     <span class='ocr_line' id='line_1_47' title="bbox 456 2815 2096 2900; baseline 0.002 -23"><span class='ocrx_word' id='word_1_278' title='bbox 456 2816 805 2878; x_wconf 87' lang='lat' dir='ltr'><strong>seductores</strong></span> <span class='ocrx_word' id='word_1_279' title='bbox 833 2815 908 2878; x_wconf 62' lang='grc' dir='ltr'>κ.</span> <span class='ocrx_word' id='word_1_280' title='bbox 942 2815 1015 2877; x_wconf 88' lang='lat' dir='ltr'><strong>Et</strong></span> <span class='ocrx_word' id='word_1_281' title='bbox 1037 2825 1175 2877; x_wconf 88' lang='lat' dir='ltr'><strong>ante</strong></span> <span class='ocrx_word' id='word_1_282' title='bbox 1220 2816 1329 2878; x_wconf 88' lang='lat' dir='ltr'><strong>hos</strong></span> <span class='ocrx_word' id='word_1_283' title='bbox 1359 2816 1488 2898; x_wconf 90' lang='lat' dir='ltr'><strong>ipse</strong></span> <span class='ocrx_word' id='word_1_284' title='bbox 1516 2816 1807 2900; x_wconf 82' lang='lat' dir='ltr'><strong>Christus,</strong></span> <span class='ocrx_word' id='word_1_285' title='bbox 1841 2819 2047 2882; x_wconf 85' lang='lat' dir='ltr'><strong>dicens</strong></span> <span class='ocrx_word' id='word_1_286' title='bbox 2082 2836 2096 2880; x_wconf 88' lang='lat'><strong>:</strong></span> 
     </span>
    </p>
   </div>
   <div class='ocr_carea' id='block_1_48' title="bbox 462 2904 2099 2971">
    <p class='ocr_par' dir='ltr' id='par_1_48' title="bbox 462 2904 2099 2971">
     <span class='ocr_line' id='line_1_48' title="bbox 462 2904 2099 2971; baseline 0.004 -9"><span class='ocrx_word' id='word_1_287' title='bbox 462 2904 659 2966; x_wconf 65' lang='lat' dir='ltr'><strong>cilulti</strong></span> <span class='ocrx_word' id='word_1_288' title='bbox 694 2904 937 2966; x_wconf 86' lang='lat' dir='ltr'><strong>venient</strong></span> <span class='ocrx_word' id='word_1_289' title='bbox 964 2904 1024 2966; x_wconf 90' lang='lat' dir='ltr'><strong>in</strong></span> <span class='ocrx_word' id='word_1_290' title='bbox 1047 2904 1289 2966; x_wconf 88' lang='lat' dir='ltr'><strong>nomine</strong></span> <span class='ocrx_word' id='word_1_291' title='bbox 1305 2924 1437 2967; x_wconf 86' lang='lat' dir='ltr'><strong>meo</strong></span> <span class='ocrx_word' id='word_1_292' title='bbox 1465 2914 1523 2967; x_wconf 94' lang='lat' dir='ltr'><strong>et</strong></span> <span class='ocrx_word' id='word_1_293' title='bbox 1542 2906 1760 2970; x_wconf 87' lang='lat' dir='ltr'><strong>multos</strong></span> <span class='ocrx_word' id='word_1_294' title='bbox 1776 2909 2099 2971; x_wconf 85' lang='lat' dir='ltr'><strong>seducent:</strong></span> 
     </span>
    </p>
   </div>
   <div class='ocr_carea' id='block_1_49' title="bbox 457 2991 2101 3074">
    <p class='ocr_par' dir='ltr' id='par_1_49' title="bbox 457 2991 2101 3074">
     <span class='ocr_line' id='line_1_49' title="bbox 457 2991 2101 3074; baseline 0.002 -19"><span class='ocrx_word' id='word_1_295' title='bbox 457 3012 535 3056; x_wconf 86' lang='lat' dir='ltr'><strong>ne</strong></span> <span class='ocrx_word' id='word_1_296' title='bbox 581 3012 721 3073; x_wconf 87' lang='lat' dir='ltr'><strong>ergo</strong></span> <span class='ocrx_word' id='word_1_297' title='bbox 779 2992 1111 3074; x_wconf 82' lang='lat' dir='ltr'><strong>sequamini</strong></span> <span class='ocrx_word' id='word_1_298' title='bbox 1166 2992 1300 3054; x_wconf 88' lang='lat' dir='ltr'><strong>illos</strong></span> <span class='ocrx_word' id='word_1_299' title='bbox 1349 2991 1423 3054; x_wconf 64' lang='grc' dir='ltr'><strong>ιδ.</strong></span> <span class='ocrx_word' id='word_1_300' title='bbox 1508 2993 1653 3056; x_wconf 89' lang='lat' dir='ltr'><strong>Nam</strong></span> <span class='ocrx_word' id='word_1_301' title='bbox 1712 2996 1981 3058; x_wconf 83' lang='lat' dir='ltr'><strong>dicentes</strong></span> <span class='ocrx_word' id='word_1_302' title='bbox 2039 3017 2101 3059; x_wconf 86' lang='lat' dir='ltr'><strong>se</strong></span> 
     </span>
    </p>
   </div>
   <div class='ocr_carea' id='block_1_50' title="bbox 455 3077 2161 3157">
    <p class='ocr_par' dir='ltr' id='par_1_50' title="bbox 455 3077 2161 3157">
     <span class='ocr_line' id='line_1_50' title="bbox 455 3077 2161 3157; baseline 0.001 -12"><span class='ocrx_word' id='word_1_303' title='bbox 455 3081 962 3157; x_wconf 87' lang='lat' dir='ltr'><strong>Christianos,hoc</strong></span> <span class='ocrx_word' id='word_1_304' title='bbox 991 3079 1232 3143; x_wconf 89' lang='lat' dir='ltr'><strong>nomine</strong></span> <span class='ocrx_word' id='word_1_305' title='bbox 1260 3083 1474 3145; x_wconf 90' lang='lat' dir='ltr'><strong>multos</strong></span> <span class='ocrx_word' id='word_1_306' title='bbox 1493 3084 1806 3147; x_wconf 87' lang='lat' dir='ltr'><strong>seducunt.</strong></span> <span class='ocrx_word' id='word_1_307' title='bbox 1830 3085 1985 3148; x_wconf 80' lang='lat' dir='ltr'><strong>Dicit</strong></span> <span class='ocrx_word' id='word_1_308' title='bbox 2006 3105 2105 3148; x_wconf 89' lang='lat' dir='ltr'><strong>au-</strong></span> <span class='ocrx_word' id='word_1_309' title='bbox 2122 3077 2161 3096; x_wconf 76' lang='grc'><em>’⁴</em></span> 
     </span>
    </p>
   </div>
   <div class='ocr_carea' id='block_1_51' title="bbox 456 3168 2103 3256">
    <p class='ocr_par' dir='ltr' id='par_1_51' title="bbox 456 3168 2103 3256">
     <span class='ocr_line' id='line_1_51' title="bbox 456 3168 2103 3256; baseline 0.004 -25"><span class='ocrx_word' id='word_1_310' title='bbox 456 3178 574 3233; x_wconf 90' lang='lat' dir='ltr'><strong>tem</strong></span> <span class='ocrx_word' id='word_1_311' title='bbox 608 3170 941 3246; x_wconf 84' lang='lat' dir='ltr'><strong>Nicolaum,</strong></span> <span class='ocrx_word' id='word_1_312' title='bbox 979 3168 1360 3232; x_wconf 82' lang='lat' dir='ltr'><strong>Valentinum</strong></span> <span class='ocrx_word' id='word_1_313' title='bbox 1419 3190 1488 3234; x_wconf 91' lang='lat' dir='ltr'><strong>ac</strong></span> <span class='ocrx_word' id='word_1_314' title='bbox 1518 3170 1850 3254; x_wconf 85' lang='lat' dir='ltr'><strong>Simonem,</strong></span> <span class='ocrx_word' id='word_1_315' title='bbox 1882 3174 2103 3256; x_wconf 90' lang='lat' dir='ltr'><strong>quique</strong></span> 
     </span>
    </p>
   </div>
   <div class='ocr_carea' id='block_1_52' title="bbox 452 3258 2098 3342">
    <p class='ocr_par' dir='ltr' id='par_1_52' title="bbox 452 3258 2098 3342">
     <span class='ocr_line' id='line_1_52' title="bbox 452 3258 2098 3342; baseline 0.002 -20"><span class='ocrx_word' id='word_1_316' title='bbox 452 3259 589 3322; x_wconf 89' lang='lat' dir='ltr'><strong>illos</strong></span> <span class='ocrx_word' id='word_1_317' title='bbox 619 3258 808 3321; x_wconf 89' lang='lat' dir='ltr'><strong>secuti</strong></span> <span class='ocrx_word' id='word_1_318' title='bbox 838 3266 973 3320; x_wconf 91' lang='lat' dir='ltr'><strong>sunt</strong></span> <span class='ocrx_word' id='word_1_319' title='bbox 1003 3258 1499 3321; x_wconf 86' lang='lat' dir='ltr'><strong>sceleratissimos</strong></span> <span class='ocrx_word' id='word_1_320' title='bbox 1539 3279 1608 3322; x_wconf 89' lang='lat' dir='ltr'><strong>ac</strong></span> <span class='ocrx_word' id='word_1_321' title='bbox 1638 3261 2098 3342; x_wconf 87' lang='lat' dir='ltr'><strong>impurissimos.</strong></span> 
     </span>
    </p>
   </div>
   <div class='ocr_carea' id='block_1_53' title="bbox 458 3346 2098 3426">
    <p class='ocr_par' dir='ltr' id='par_1_53' title="bbox 458 3346 2098 3426">
     <span class='ocr_line' id='line_1_53' title="bbox 458 3346 2098 3426; baseline 0.001 -14"><span class='ocrx_word' id='word_1_322' title='bbox 458 3350 609 3413; x_wconf 88' lang='lat' dir='ltr'><strong>Nam</strong></span> <span class='ocrx_word' id='word_1_323' title='bbox 626 3366 760 3411; x_wconf 91' lang='lat' dir='ltr'><strong>cum</strong></span> <span class='ocrx_word' id='word_1_324' title='bbox 785 3346 1156 3426; x_wconf 80' lang='lat' dir='ltr'><strong>gastrimargi</strong></span> <span class='ocrx_word' id='word_1_325' title='bbox 1196 3358 1396 3412; x_wconf 87' lang='lat' dir='ltr'><strong>essent</strong></span> <span class='ocrx_word' id='word_1_326' title='bbox 1425 3368 1493 3411; x_wconf 92' lang='lat' dir='ltr'><strong>ac</strong></span> <span class='ocrx_word' id='word_1_327' title='bbox 1523 3348 1848 3426; x_wconf 89' lang='lat' dir='ltr'><strong>libidinosi,</strong></span> <span class='ocrx_word' id='word_1_328' title='bbox 1875 3350 2098 3415; x_wconf 83' lang='lat' dir='ltr'><strong>doctri-</strong></span> 
     </span>
    </p>
   </div>
   <div class='ocr_carea' id='block_1_54' title="bbox 456 3435 2097 3519">
    <p class='ocr_par' dir='ltr' id='par_1_54' title="bbox 456 3435 2097 3519">
     <span class='ocr_line' id='line_1_54' title="bbox 456 3435 2097 3519; baseline 0.001 -19"><span class='ocrx_word' id='word_1_329' title='bbox 456 3455 593 3500; x_wconf 89' lang='lat' dir='ltr'><strong>nam</strong></span> <span class='ocrx_word' id='word_1_330' title='bbox 623 3435 1001 3511; x_wconf 87' lang='lat' dir='ltr'><strong>simulabant,</strong></span> <span class='ocrx_word' id='word_1_331' title='bbox 1041 3442 1104 3498; x_wconf 85' lang='lat' dir='ltr'><strong>ut</strong></span> <span class='ocrx_word' id='word_1_332' title='bbox 1154 3436 1331 3517; x_wconf 87' lang='lat' dir='ltr'><strong>hujus</strong></span> <span class='ocrx_word' id='word_1_333' title='bbox 1361 3446 1643 3519; x_wconf 63' lang='lat' dir='ltr'><strong>praetextu</strong></span> <span class='ocrx_word' id='word_1_334' title='bbox 1678 3441 1962 3503; x_wconf 87' lang='lat' dir='ltr'><strong>latentem</strong></span> <span class='ocrx_word' id='word_1_335' title='bbox 1998 3440 2097 3502; x_wconf 89' lang='lat' dir='ltr'><strong>in-</strong></span> 
     </span>
    </p>
   </div>
   <div class='ocr_carea' id='block_1_55' title="bbox 453 3526 2100 3611">
    <p class='ocr_par' dir='ltr' id='par_1_55' title="bbox 453 3526 2100 3611">
     <span class='ocr_line' id='line_1_55' title="bbox 453 3526 2100 3611; baseline 0.002 -20"><span class='ocrx_word' id='word_1_336' title='bbox 453 3547 721 3611; x_wconf 79' lang='lat' dir='ltr'><strong>gressum</strong></span> <span class='ocrx_word' id='word_1_337' title='bbox 750 3526 813 3589; x_wconf 93' lang='lat' dir='ltr'><strong>in</strong></span> <span class='ocrx_word' id='word_1_338' title='bbox 844 3528 1054 3590; x_wconf 88' lang='lat' dir='ltr'><strong>domos</strong></span> <span class='ocrx_word' id='word_1_339' title='bbox 1084 3529 1592 3611; x_wconf 88' lang='lat' dir='ltr'><strong>nanciscerentur,</strong></span> <span class='ocrx_word' id='word_1_340' title='bbox 1617 3549 1685 3593; x_wconf 90' lang='lat' dir='ltr'><strong>ac</strong></span> <span class='ocrx_word' id='word_1_341' title='bbox 1716 3531 2100 3595; x_wconf 87' lang='lat' dir='ltr'><strong>mulierculas</strong></span> 
     </span>
    </p>
   </div>
   <div class='ocr_carea' id='block_1_56' title="bbox 459 3617 2095 3700">
    <p class='ocr_par' dir='ltr' id='par_1_56' title="bbox 459 3617 2095 3700">
     <span class='ocr_line' id='line_1_56' title="bbox 459 3617 2095 3700; baseline 0.002 -20"><span class='ocrx_word' id='word_1_342' title='bbox 459 3617 717 3699; x_wconf 83' lang='lat' dir='ltr'><strong>peccatis</strong></span> <span class='ocrx_word' id='word_1_343' title='bbox 738 3628 1011 3679; x_wconf 83' lang='lat' dir='ltr'><strong>oneratas</strong></span> <span class='ocrx_word' id='word_1_344' title='bbox 1030 3618 1316 3680; x_wconf 88' lang='lat' dir='ltr'><strong>ducerent</strong></span> <span class='ocrx_word' id='word_1_345' title='bbox 1335 3620 1596 3700; x_wconf 81' lang='lat' dir='ltr'><strong>captivas</strong></span> <span class='ocrx_word' id='word_1_346' title='bbox 1610 3618 1665 3663; x_wconf 69' lang='lat'><strong>‘6</strong></span> <span class='ocrx_word' id='word_1_347' title='bbox 1691 3620 1916 3683; x_wconf 80' lang='lat' dir='ltr'><strong>Efﬁctis</strong></span> <span class='ocrx_word' id='word_1_348' title='bbox 1938 3621 2095 3683; x_wconf 83' lang='lat' dir='ltr'><strong>enim</strong></span> 
     </span>
    </p>
   </div>
   <div class='ocr_carea' id='block_1_57' title="bbox 457 3705 2099 3789">
    <p class='ocr_par' dir='ltr' id='par_1_57' title="bbox 457 3705 2099 3789">
     <span class='ocr_line' id='line_1_57' title="bbox 457 3705 2099 3789; baseline 0.003 -21"><span class='ocrx_word' id='word_1_349' title='bbox 457 3716 634 3769; x_wconf 90' lang='lat' dir='ltr'><strong>noctu</strong></span> <span class='ocrx_word' id='word_1_350' title='bbox 644 3705 766 3767; x_wconf 80' lang='lat' dir='ltr'><strong>ruis</strong></span> <span class='ocrx_word' id='word_1_351' title='bbox 778 3706 1072 3786; x_wconf 78' lang='lat' dir='ltr'><strong>mysteriis</strong></span> <span class='ocrx_word' id='word_1_352' title='bbox 1086 3706 1458 3771; x_wconf 88' lang='lat' dir='ltr'><strong>tradiderunt</strong></span> <span class='ocrx_word' id='word_1_353' title='bbox 1472 3710 1697 3789; x_wconf 81' lang='lat' dir='ltr'><strong>seipsns</strong></span> <span class='ocrx_word' id='word_1_354' title='bbox 1714 3709 2015 3773; x_wconf 85' lang='lat' dir='ltr'><strong>cubilibus</strong></span> <span class='ocrx_word' id='word_1_355' title='bbox 2031 3730 2099 3774; x_wconf 92' lang='lat' dir='ltr'><strong>ac</strong></span> 
     </span>
    </p>
   </div>
   <div class='ocr_carea' id='block_1_58' title="bbox 458 3794 2096 3872">
    <p class='ocr_par' dir='ltr' id='par_1_58' title="bbox 458 3794 2096 3872">
     <span class='ocr_line' id='line_1_58' title="bbox 458 3794 2096 3872; baseline 0.002 -16"><span class='ocrx_word' id='word_1_356' title='bbox 458 3795 736 3858; x_wconf 86' lang='lat' dir='ltr'><strong>lasciviis.</strong></span> <span class='ocrx_word' id='word_1_357' title='bbox 793 3794 957 3866; x_wconf 86' lang='lat' dir='ltr'><strong>Quod</strong></span> <span class='ocrx_word' id='word_1_358' title='bbox 981 3804 1178 3858; x_wconf 88' lang='lat' dir='ltr'><strong>autem</strong></span> <span class='ocrx_word' id='word_1_359' title='bbox 1211 3797 1313 3872; x_wconf 86' lang='lat' dir='ltr'><strong>ait,</strong></span> <span class='ocrx_word' id='word_1_360' title='bbox 1355 3822 1377 3855; x_wconf 84' lang='grc' dir='ltr'><strong>ιι</strong></span> <span class='ocrx_word' id='word_1_361' title='bbox 1405 3798 1793 3861; x_wconf 77' lang='lat' dir='ltr'><strong>Transierunt</strong></span> <span class='ocrx_word' id='word_1_362' title='bbox 1821 3800 1894 3861; x_wconf 89' lang='lat' dir='ltr'><strong>ad</strong></span> <span class='ocrx_word' id='word_1_363' title='bbox 1920 3799 2096 3863; x_wconf 90' lang='lat' dir='ltr'><strong>lasci-</strong></span> 
     </span>
    </p>
   </div>
   <div class='ocr_carea' id='block_1_59' title="bbox 457 3884 2097 3968">
    <p class='ocr_par' dir='ltr' id='par_1_59' title="bbox 457 3884 2097 3968">
     <span class='ocr_line' id='line_1_59' title="bbox 457 3884 2097 3968; baseline 0.005 -24"><span class='ocrx_word' id='word_1_364' title='bbox 457 3884 634 3958; x_wconf 84' lang='lat' dir='ltr'><strong>viam,</strong></span> <span class='ocrx_word' id='word_1_365' title='bbox 674 3909 700 3940; x_wconf 78' lang='lat'><strong><em>»</em></strong></span> <span class='ocrx_word' id='word_1_366' title='bbox 733 3886 842 3946; x_wconf 85' lang='lat' dir='ltr'><strong>hoc</strong></span> <span class='ocrx_word' id='word_1_367' title='bbox 871 3897 982 3954; x_wconf 88' lang='lat' dir='ltr'><strong>est,</strong></span> <span class='ocrx_word' id='word_1_368' title='bbox 1013 3885 1343 3963; x_wconf 84' lang='lat' dir='ltr'><strong>Depravant</strong></span> <span class='ocrx_word' id='word_1_369' title='bbox 1365 3887 1787 3968; x_wconf 78' lang='lat' dir='ltr'><strong>detorquentes</strong></span> <span class='ocrx_word' id='word_1_370' title='bbox 1814 3897 2097 3968; x_wconf 88' lang='lat' dir='ltr'><strong>atempe-</strong></span> 
     </span>
    </p>
   </div>
   <div class='ocr_carea' id='block_1_60' title="bbox 460 3972 2100 4059">
    <p class='ocr_par' dir='ltr' id='par_1_60' title="bbox 460 3972 2100 4059">
     <span class='ocr_line' id='line_1_60' title="bbox 460 3972 2100 4059; baseline 0.002 -24"><span class='ocrx_word' id='word_1_371' title='bbox 460 3972 652 4035; x_wconf 89' lang='lat' dir='ltr'><strong>rantia</strong></span> <span class='ocrx_word' id='word_1_372' title='bbox 673 3973 742 4033; x_wconf 90' lang='lat' dir='ltr'><strong>ad</strong></span> <span class='ocrx_word' id='word_1_373' title='bbox 768 3972 1070 4034; x_wconf 80' lang='lat' dir='ltr'><strong>lasciviam</strong></span> <span class='ocrx_word' id='word_1_374' title='bbox 1094 3990 1107 4035; x_wconf 90' lang='lat'>:</span> <span class='ocrx_word' id='word_1_375' title='bbox 1133 3973 1292 4036; x_wconf 90' lang='lat' dir='ltr'><strong>unde</strong></span> <span class='ocrx_word' id='word_1_376' title='bbox 1313 3983 1371 4037; x_wconf 87' lang='lat' dir='ltr'><strong>et</strong></span> <span class='ocrx_word' id='word_1_377' title='bbox 1396 3994 1612 4052; x_wconf 81' lang='lat' dir='ltr'><strong>negare</strong></span> <span class='ocrx_word' id='word_1_378' title='bbox 1633 3976 1917 4057; x_wconf 79' lang='lat' dir='ltr'><strong>contingit</strong></span> <span class='ocrx_word' id='word_1_379' title='bbox 1937 3978 2100 4059; x_wconf 74' lang='lat' dir='ltr'><strong>ipsos</strong></span> 
     </span>
    </p>
   </div>
   <div class='ocr_carea' id='block_1_61' title="bbox 457 4061 2096 4148">
    <p class='ocr_par' dir='ltr' id='par_1_61' title="bbox 457 4061 2096 4148">
     <span class='ocr_line' id='line_1_61' title="bbox 457 4061 2096 4148; baseline 0.001 -23"><span class='ocrx_word' id='word_1_380' title='bbox 457 4061 775 4125; x_wconf 88' lang='lat' dir='ltr'><strong>Dominum</strong></span> <span class='ocrx_word' id='word_1_381' title='bbox 804 4069 1068 4123; x_wconf 89' lang='lat' dir='ltr'><strong>nostrum</strong></span> <span class='ocrx_word' id='word_1_382' title='bbox 1098 4063 1297 4124; x_wconf 85' lang='lat' dir='ltr'><strong>.lesum</strong></span> <span class='ocrx_word' id='word_1_383' title='bbox 1331 4062 1655 4126; x_wconf 85' lang='lat' dir='ltr'><strong>Christum.</strong></span> <span class='ocrx_word' id='word_1_384' title='bbox 1689 4065 1920 4127; x_wconf 85' lang='lat' dir='ltr'><strong>Atenim</strong></span> <span class='ocrx_word' id='word_1_385' title='bbox 1955 4085 2096 4148; x_wconf 90' lang='lat' dir='ltr'><strong>quo-</strong></span> 
     </span>
    </p>
   </div>
   <div class='ocr_carea' id='block_1_62' title="bbox 458 4149 2097 4234">
    <p class='ocr_par' dir='ltr' id='par_1_62' title="bbox 458 4149 2097 4234">
     <span class='ocr_line' id='line_1_62' title="bbox 458 4149 2097 4234; baseline 0.004 -22"><span class='ocrx_word' id='word_1_386' title='bbox 458 4149 635 4212; x_wconf 89' lang='lat' dir='ltr'><strong>modo</strong></span> <span class='ocrx_word' id='word_1_387' title='bbox 672 4169 789 4211; x_wconf 90' lang='lat' dir='ltr'><strong>non</strong></span> <span class='ocrx_word' id='word_1_388' title='bbox 843 4158 1076 4229; x_wconf 84' lang='lat' dir='ltr'><strong>negant,</strong></span> <span class='ocrx_word' id='word_1_389' title='bbox 1133 4151 1233 4231; x_wconf 90' lang='lat' dir='ltr'><strong>qui</strong></span> <span class='ocrx_word' id='word_1_390' title='bbox 1265 4151 1394 4213; x_wconf 61' lang='lat' dir='ltr'><strong>vitae</strong></span> <span class='ocrx_word' id='word_1_391' title='bbox 1422 4150 1758 4234; x_wconf 86' lang='lat' dir='ltr'><strong>impuritate</strong></span> <span class='ocrx_word' id='word_1_392' title='bbox 1788 4153 2097 4218; x_wconf 90' lang='lat' dir='ltr'><strong>doctorem</strong></span> 
     </span>
    </p>
   </div>
   <div class='ocr_carea' id='block_1_63' title="bbox 456 4239 2096 4326">
    <p class='ocr_par' dir='ltr' id='par_1_63' title="bbox 456 4239 2096 4326">
     <span class='ocr_line' id='line_1_63' title="bbox 456 4239 2096 4326; baseline 0.004 -27"><span class='ocrx_word' id='word_1_393' title='bbox 456 4240 650 4300; x_wconf 91' lang='lat' dir='ltr'><strong>omnis</strong></span> <span class='ocrx_word' id='word_1_394' title='bbox 673 4239 1082 4320; x_wconf 65' lang='lat' dir='ltr'><strong>temperantia:</strong></span> <span class='ocrx_word' id='word_1_395' title='bbox 1132 4240 1309 4302; x_wconf 90' lang='lat' dir='ltr'><strong>veluti</strong></span> <span class='ocrx_word' id='word_1_396' title='bbox 1337 4241 1592 4304; x_wconf 89' lang='lat' dir='ltr'><strong>clamosa</strong></span> <span class='ocrx_word' id='word_1_397' title='bbox 1619 4261 1687 4305; x_wconf 89' lang='lat' dir='ltr'><strong>ac</strong></span> <span class='ocrx_word' id='word_1_398' title='bbox 1717 4261 1932 4306; x_wconf 88' lang='lat' dir='ltr'><strong>sonora</strong></span> <span class='ocrx_word' id='word_1_399' title='bbox 1960 4262 2096 4326; x_wconf 85' lang='lat' dir='ltr'><strong>qua-</strong></span> 
     </span>
    </p>
   </div>
   <div class='ocr_carea' id='block_1_64' title="bbox 455 4326 2095 4409">
    <p class='ocr_par' dir='ltr' id='par_1_64' title="bbox 455 4326 2095 4409">
     <span class='ocr_line' id='line_1_64' title="bbox 455 4326 2095 4409; baseline 0.002 -19"><span class='ocrx_word' id='word_1_400' title='bbox 455 4326 590 4390; x_wconf 88' lang='lat' dir='ltr'><strong>dam</strong></span> <span class='ocrx_word' id='word_1_401' title='bbox 622 4345 763 4389; x_wconf 87' lang='lat' dir='ltr'><strong>voce</strong></span> <span class='ocrx_word' id='word_1_402' title='bbox 790 4327 1107 4409; x_wconf 81' lang='lat' dir='ltr'><strong>abjurant?</strong></span> <span class='ocrx_word' id='word_1_403' title='bbox 1134 4327 1275 4401; x_wconf 70' lang='lat' dir='ltr'><strong>Quae</strong></span> <span class='ocrx_word' id='word_1_404' title='bbox 1303 4329 1460 4393; x_wconf 84' lang='lat' dir='ltr'><strong>enim</strong></span> <span class='ocrx_word' id='word_1_405' title='bbox 1495 4332 1835 4394; x_wconf 91' lang='lat' dir='ltr'><strong>communio</strong></span> <span class='ocrx_word' id='word_1_406' title='bbox 1862 4340 1952 4395; x_wconf 88' lang='lat' dir='ltr'><strong>est</strong></span> <span class='ocrx_word' id='word_1_407' title='bbox 1980 4332 2095 4395; x_wconf 92' lang='lat' dir='ltr'><strong>luci</strong></span> 
     </span>
    </p>
   </div>
   <div class='ocr_carea' id='block_1_65' title="bbox 2193 1933 2592 2011">
    <p class='ocr_par' dir='ltr' id='par_1_65' title="bbox 2193 1933 2592 2011">
     <span class='ocr_line' id='line_1_65' title="bbox 2193 1933 2592 2011; baseline 0.013 -23"><span class='ocrx_word' id='word_1_408' title='bbox 2193 1933 2519 2011; x_wconf 76' lang='grc' dir='ltr'>ἀρνούμενοι.</span> <span class='ocrx_word' id='word_1_409' title='bbox 2563 1954 2592 1993; x_wconf 71' lang='grc' dir='ltr'><strong><em>ι</em></strong></span> 
     </span>
    </p>
   </div>
   <div class='ocr_carea' id='block_1_66' title="bbox 2274 2018 3831 2097">
    <p class='ocr_par' dir='ltr' id='par_1_66' title="bbox 2274 2018 3831 2097">
     <span class='ocr_line' id='line_1_66' title="bbox 2274 2018 3831 2097; baseline -0.005 -17"><span class='ocrx_word' id='word_1_410' title='bbox 2274 2023 2382 2090; x_wconf 76' lang='grc' dir='ltr'><strong>Τὴν</strong></span> <span class='ocrx_word' id='word_1_411' title='bbox 2423 2022 2665 2081; x_wconf 74' lang='grc' dir='ltr'>ὑπόθεσιν</span> <span class='ocrx_word' id='word_1_412' title='bbox 2707 2027 2804 2089; x_wconf 91' lang='grc' dir='ltr'><strong>τῆς</strong></span> <span class='ocrx_word' id='word_1_413' title='bbox 2861 2020 3181 2090; x_wconf 78' lang='grc' dir='ltr'>Ἐπιστολῆς</span> <span class='ocrx_word' id='word_1_414' title='bbox 3234 2019 3319 2076; x_wconf 72' lang='grc' dir='ltr'><strong>διὰ</strong></span> <span class='ocrx_word' id='word_1_415' title='bbox 3361 2020 3560 2077; x_wconf 82' lang='grc' dir='ltr'>τούτων</span> <span class='ocrx_word' id='word_1_416' title='bbox 3619 2018 3831 2097; x_wconf 73' lang='grc' dir='ltr'>μηνύει,</span> 
     </span>
    </p>
   </div>
   <div class='ocr_carea' id='block_1_67' title="bbox 2194 2101 3832 2191">
    <p class='ocr_par' dir='ltr' id='par_1_67' title="bbox 2194 2101 3832 2191">
     <span class='ocr_line' id='line_1_67' title="bbox 2194 2101 3832 2191; baseline -0.004 -24"><span class='ocrx_word' id='word_1_417' title='bbox 2194 2110 2273 2167; x_wconf 81' lang='grc' dir='ltr'><strong>ὅτι</strong></span> <span class='ocrx_word' id='word_1_418' title='bbox 2303 2111 2596 2191; x_wconf 82' lang='grc' dir='ltr'>προμηθείᾳ</span> <span class='ocrx_word' id='word_1_419' title='bbox 2624 2115 2720 2180; x_wconf 84' lang='grc' dir='ltr'><strong>τῆς</strong></span> <span class='ocrx_word' id='word_1_420' title='bbox 2775 2112 2943 2167; x_wconf 67' lang='grc' dir='ltr'>αὐτῶν</span> <span class='ocrx_word' id='word_1_421' title='bbox 2988 2111 3278 2189; x_wconf 81' lang='grc' dir='ltr'>σωτηρίας,</span> <span class='ocrx_word' id='word_1_422' title='bbox 3310 2115 3402 2165; x_wconf 82' lang='grc' dir='ltr'>τοῦ</span> <span class='ocrx_word' id='word_1_423' title='bbox 3431 2109 3508 2184; x_wconf 80' lang='grc' dir='ltr'>μὴ</span> <span class='ocrx_word' id='word_1_424' title='bbox 3539 2105 3737 2162; x_wconf 75' lang='grc' dir='ltr'>ἁλῶναι</span> <span class='ocrx_word' id='word_1_425' title='bbox 3766 2101 3832 2160; x_wconf 84' lang='grc' dir='ltr'>δι’</span> 
     </span>
    </p>
   </div>
   <div class='ocr_carea' id='block_1_68' title="bbox 2190 2193 3836 2280">
    <p class='ocr_par' dir='ltr' id='par_1_68' title="bbox 2190 2193 3836 2280">
     <span class='ocr_line' id='line_1_68' title="bbox 2190 2193 3836 2280; baseline -0.004 -24"><span class='ocrx_word' id='word_1_426' title='bbox 2190 2198 2466 2267; x_wconf 74' lang='grc' dir='ltr'>ἁπλότητα</span> <span class='ocrx_word' id='word_1_427' title='bbox 2520 2201 2642 2263; x_wconf 82' lang='grc' dir='ltr'>τοῖς</span> <span class='ocrx_word' id='word_1_428' title='bbox 2691 2198 3041 2280; x_wconf 84' lang='grc' dir='ltr'>μιαρωτάτοις</span> <span class='ocrx_word' id='word_1_429' title='bbox 3105 2201 3415 2277; x_wconf 75' lang='grc' dir='ltr'>αἱρετικοτς,</span> <span class='ocrx_word' id='word_1_430' title='bbox 3457 2198 3579 2260; x_wconf 74' lang='grc' dir='ltr'>τοὺς</span> <span class='ocrx_word' id='word_1_431' title='bbox 3638 2193 3836 2272; x_wconf 84' lang='grc' dir='ltr'>περόν-</span> 
     </span>
    </p>
   </div>
   <div class='ocr_carea' id='block_1_69' title="bbox 2188 2282 3836 2367">
    <p class='ocr_par' dir='ltr' id='par_1_69' title="bbox 2188 2282 3836 2367">
     <span class='ocr_line' id='line_1_69' title="bbox 2188 2282 3836 2367; baseline -0.005 -22"><span class='ocrx_word' id='word_1_432' title='bbox 2188 2311 2283 2353; x_wconf 86' lang='grc' dir='ltr'>τας</span> <span class='ocrx_word' id='word_1_433' title='bbox 2355 2288 2607 2345; x_wconf 77' lang='grc' dir='ltr'>ἐκτίθεται</span> <span class='ocrx_word' id='word_1_434' title='bbox 2688 2287 2902 2367; x_wconf 82' lang='grc' dir='ltr'>λόγους,</span> <span class='ocrx_word' id='word_1_435' title='bbox 2990 2287 3216 2366; x_wconf 84' lang='grc' dir='ltr'>ὡσπερεὶ</span> <span class='ocrx_word' id='word_1_436' title='bbox 3271 2286 3455 2356; x_wconf 80' lang='grc' dir='ltr'>στίζων</span> <span class='ocrx_word' id='word_1_437' title='bbox 3514 2283 3700 2346; x_wconf 72' lang='grc' dir='ltr'>αὐτοὺς</span> <span class='ocrx_word' id='word_1_438' title='bbox 3747 2282 3836 2337; x_wconf 76' lang='grc' dir='ltr'>καὶ</span> 
     </span>
    </p>
   </div>
   <div class='ocr_carea' id='block_1_70' title="bbox 2188 2371 3833 2455">
    <p class='ocr_par' dir='ltr' id='par_1_70' title="bbox 2188 2371 3833 2455">
     <span class='ocr_line' id='line_1_70' title="bbox 2188 2371 3833 2455; baseline -0.004 -23"><span class='ocrx_word' id='word_1_439' title='bbox 2188 2375 2463 2448; x_wconf 72' lang='grc' dir='ltr'>διαδήλους</span> <span class='ocrx_word' id='word_1_440' title='bbox 2492 2382 2661 2434; x_wconf 82' lang='grc' dir='ltr'>ποιῶν</span> <span class='ocrx_word' id='word_1_441' title='bbox 2687 2390 2804 2439; x_wconf 79' lang='grc' dir='ltr'>τοῖς</span> <span class='ocrx_word' id='word_1_442' title='bbox 2859 2375 3106 2455; x_wconf 74' lang='grc' dir='ltr'>ἀγνοοῦσι</span> <span class='ocrx_word' id='word_1_443' title='bbox 3150 2373 3234 2431; x_wconf 78' lang='grc' dir='ltr'><strong>διὰ</strong></span> <span class='ocrx_word' id='word_1_444' title='bbox 3278 2377 3374 2442; x_wconf 88' lang='grc' dir='ltr'><strong>τῆς</strong></span> <span class='ocrx_word' id='word_1_445' title='bbox 3432 2371 3685 2435; x_wconf 76' lang='grc' dir='ltr'>ἐκθέσεως</span> <span class='ocrx_word' id='word_1_446' title='bbox 3739 2376 3833 2427; x_wconf 82' lang='grc' dir='ltr'>τοῦ</span> 
     </span>
    </p>
   </div>
   <div class='ocr_carea' id='block_1_71' title="bbox 2188 2459 3834 2546">
    <p class='ocr_par' dir='ltr' id='par_1_71' title="bbox 2188 2459 3834 2546">
     <span class='ocr_line' id='line_1_71' title="bbox 2188 2459 3834 2546; baseline -0.005 -23"><span class='ocrx_word' id='word_1_447' title='bbox 2188 2466 2443 2546; x_wconf 78' lang='grc' dir='ltr'>ἀσελγοῦς</span> <span class='ocrx_word' id='word_1_448' title='bbox 2499 2468 2670 2523; x_wconf 77' lang='grc' dir='ltr'>αὐτῶν</span> <span class='ocrx_word' id='word_1_449' title='bbox 2737 2465 2873 2542; x_wconf 84' lang='grc' dir='ltr'>βίου.</span> <span class='ocrx_word' id='word_1_450' title='bbox 2931 2466 3054 2544; x_wconf 83' lang='grc' dir='ltr'>Περὶ</span> <span class='ocrx_word' id='word_1_451' title='bbox 3123 2464 3322 2519; x_wconf 86' lang='grc' dir='ltr'>τούτων</span> <span class='ocrx_word' id='word_1_452' title='bbox 3377 2460 3431 2517; x_wconf 72' lang='grc' dir='ltr'>δὲ</span> <span class='ocrx_word' id='word_1_453' title='bbox 3494 2462 3582 2519; x_wconf 85' lang='grc' dir='ltr'><strong>καὶ</strong></span> <span class='ocrx_word' id='word_1_454' title='bbox 3636 2459 3834 2539; x_wconf 82' lang='grc' dir='ltr'>Πέτρος</span> 
     </span>
    </p>
   </div>
   <div class='ocr_carea' id='block_1_72' title="bbox 2188 2548 3831 2636">
    <p class='ocr_par' dir='ltr' id='par_1_72' title="bbox 2188 2548 3831 2636">
     <span class='ocr_line' id='line_1_72' title="bbox 2188 2548 3831 2636; baseline -0.004 -25"><span class='ocrx_word' id='word_1_455' title='bbox 2188 2555 2374 2636; x_wconf 76' lang='grc' dir='ltr'>εἴρηκε</span> <span class='ocrx_word' id='word_1_456' title='bbox 2432 2556 2550 2632; x_wconf 81' lang='grc' dir='ltr'>μὲν,</span> <span class='ocrx_word' id='word_1_457' title='bbox 2611 2553 2931 2632; x_wconf 82' lang='grc' dir='ltr'>πλατύτερον</span> <span class='ocrx_word' id='word_1_458' title='bbox 2974 2551 3029 2609; x_wconf 82' lang='grc' dir='ltr'>δὲ</span> <span class='ocrx_word' id='word_1_459' title='bbox 3087 2553 3175 2609; x_wconf 87' lang='grc' dir='ltr'><strong>καὶ</strong></span> <span class='ocrx_word' id='word_1_460' title='bbox 3204 2548 3618 2629; x_wconf 77' lang='grc' dir='ltr'>διεξοδικώτερον</span> <span class='ocrx_word' id='word_1_461' title='bbox 3680 2550 3831 2611; x_wconf 84' lang='grc' dir='ltr'>οὗτος</span> 
     </span>
    </p>
   </div>
   <div class='ocr_carea' id='block_1_73' title="bbox 2186 2635 3833 2723">
    <p class='ocr_par' dir='ltr' id='par_1_73' title="bbox 2186 2635 3833 2723">
     <span class='ocr_line' id='line_1_73' title="bbox 2186 2635 3833 2723; baseline -0.003 -26"><span class='ocrx_word' id='word_1_462' title='bbox 2186 2635 2297 2704; x_wconf 77' lang='grc' dir='ltr'>νῦν,</span> <span class='ocrx_word' id='word_1_463' title='bbox 2360 2641 2862 2723; x_wconf 82' lang='grc' dir='ltr'>Προγεγραμμένους</span> <span class='ocrx_word' id='word_1_464' title='bbox 2946 2639 3001 2697; x_wconf 76' lang='grc' dir='ltr'>δὲ</span> <span class='ocrx_word' id='word_1_465' title='bbox 3084 2641 3270 2703; x_wconf 73' lang='grc' dir='ltr'>αὐτοὺς</span> <span class='ocrx_word' id='word_1_466' title='bbox 3340 2638 3503 2719; x_wconf 83' lang='grc' dir='ltr'>λέγει,</span> <span class='ocrx_word' id='word_1_467' title='bbox 3594 2635 3676 2693; x_wconf 85' lang='grc' dir='ltr'><strong>ὅτι</strong></span> <span class='ocrx_word' id='word_1_468' title='bbox 3744 2638 3833 2693; x_wconf 81' lang='grc' dir='ltr'>καὶ</span> 
     </span>
    </p>
   </div>
   <div class='ocr_carea' id='block_1_74' title="bbox 2186 2724 3832 2810">
    <p class='ocr_par' dir='ltr' id='par_1_74' title="bbox 2186 2724 3832 2810">
     <span class='ocr_line' id='line_1_74' title="bbox 2186 2724 3832 2810; baseline -0.003 -24"><span class='ocrx_word' id='word_1_469' title='bbox 2186 2730 2379 2809; x_wconf 82' lang='grc' dir='ltr'>Πέτρος</span> <span class='ocrx_word' id='word_1_470' title='bbox 2409 2734 2495 2787; x_wconf 84' lang='grc' dir='ltr'><strong>καὶ</strong></span> <span class='ocrx_word' id='word_1_471' title='bbox 2544 2729 2747 2794; x_wconf 76' lang='grc' dir='ltr'>Παῦλος</span> <span class='ocrx_word' id='word_1_472' title='bbox 2793 2730 2911 2810; x_wconf 84' lang='grc' dir='ltr'>περὶ</span> <span class='ocrx_word' id='word_1_473' title='bbox 2954 2730 3124 2787; x_wconf 70' lang='grc' dir='ltr'>αὐτῶν</span> <span class='ocrx_word' id='word_1_474' title='bbox 3170 2726 3408 2808; x_wconf 77' lang='grc' dir='ltr'>εἴρηκεν,</span> <span class='ocrx_word' id='word_1_475' title='bbox 3457 2725 3537 2782; x_wconf 79' lang='grc' dir='ltr'><strong>ὅτι</strong></span> <span class='ocrx_word' id='word_1_476' title='bbox 3569 2725 3623 2783; x_wconf 75' lang='grc' dir='ltr'>ἐν</span> <span class='ocrx_word' id='word_1_477' title='bbox 3669 2724 3832 2803; x_wconf 73' lang='grc' dir='ltr'>ἐσχά-</span> 
     </span>
    </p>
   </div>
   <div class='ocr_carea' id='block_1_75' title="bbox 2187 2814 3827 2899">
    <p class='ocr_par' dir='ltr' id='par_1_75' title="bbox 2187 2814 3827 2899">
     <span class='ocr_line' id='line_1_75' title="bbox 2187 2814 3827 2899; baseline -0.004 -24"><span class='ocrx_word' id='word_1_478' title='bbox 2187 2841 2295 2884; x_wconf 89' lang='grc' dir='ltr'>τοις</span> <span class='ocrx_word' id='word_1_479' title='bbox 2350 2833 2560 2899; x_wconf 81' lang='grc' dir='ltr'>κοιροϊς</span> <span class='ocrx_word' id='word_1_480' title='bbox 2628 2817 2927 2876; x_wconf 67' lang='grc' dir='ltr'>ἒλεύσονται</span> <span class='ocrx_word' id='word_1_481' title='bbox 2982 2817 3172 2876; x_wconf 86' lang='grc' dir='ltr'>πλάνοι</span> <span class='ocrx_word' id='word_1_482' title='bbox 3231 2822 3482 2874; x_wconf 81' lang='grc' dir='ltr'>τοιοῦτοι.</span> <span class='ocrx_word' id='word_1_483' title='bbox 3561 2815 3659 2872; x_wconf 81' lang='grc' dir='ltr'>Καὶ</span> <span class='ocrx_word' id='word_1_484' title='bbox 3727 2814 3827 2892; x_wconf 75' lang='grc' dir='ltr'>πρὸ</span> 
     </span>
    </p>
   </div>
   <div class='ocr_carea' id='block_1_76' title="bbox 2185 2902 3827 2987">
    <p class='ocr_par' dir='ltr' id='par_1_76' title="bbox 2185 2902 3827 2987">
     <span class='ocr_line' id='line_1_76' title="bbox 2185 2902 3827 2987; baseline -0.003 -24"><span class='ocrx_word' id='word_1_485' title='bbox 2185 2908 2385 2964; x_wconf 88' lang='grc' dir='ltr'>τούτων</span> <span class='ocrx_word' id='word_1_486' title='bbox 2408 2906 2463 2964; x_wconf 81' lang='grc' dir='ltr'>δὲ</span> <span class='ocrx_word' id='word_1_487' title='bbox 2518 2907 2673 2975; x_wconf 65' lang='grc' dir='ltr'>αὐτὸς</span> <span class='ocrx_word' id='word_1_488' title='bbox 2722 2910 2751 2964; x_wconf 83' lang='grc' dir='ltr'>ὁ</span> <span class='ocrx_word' id='word_1_489' title='bbox 2807 2914 3028 2987; x_wconf 74' lang='grc' dir='ltr'>Χριστὸς</span> <span class='ocrx_word' id='word_1_490' title='bbox 3083 2908 3320 2987; x_wconf 69' lang='grc' dir='ltr'>φάσκων.</span> <span class='ocrx_word' id='word_1_491' title='bbox 3377 2927 3402 2962; x_wconf 71' lang='grc' dir='ltr'><strong>α</strong></span> <span class='ocrx_word' id='word_1_492' title='bbox 3449 2903 3644 2963; x_wconf 86' lang='grc' dir='ltr'>Πολλοὶ</span> <span class='ocrx_word' id='word_1_493' title='bbox 3674 2902 3827 2959; x_wconf 66' lang='grc' dir='ltr'>ὄλεύ-</span> 
     </span>
    </p>
   </div>
   <div class='ocr_carea' id='block_1_77' title="bbox 2186 2991 3825 3074">
    <p class='ocr_par' dir='ltr' id='par_1_77' title="bbox 2186 2991 3825 3074">
     <span class='ocr_line' id='line_1_77' title="bbox 2186 2991 3825 3074; baseline -0.002 -23"><span class='ocrx_word' id='word_1_494' title='bbox 2186 3018 2363 3054; x_wconf 88' lang='grc' dir='ltr'>σονται</span> <span class='ocrx_word' id='word_1_495' title='bbox 2434 2995 2518 3054; x_wconf 73' lang='grc' dir='ltr'>ἐπὶ</span> <span class='ocrx_word' id='word_1_496' title='bbox 2572 3001 2650 3073; x_wconf 81' lang='grc' dir='ltr'>τῷ</span> <span class='ocrx_word' id='word_1_497' title='bbox 2711 2997 2826 3074; x_wconf 82' lang='grc' dir='ltr'><strong>ἐμῷ</strong></span> <span class='ocrx_word' id='word_1_498' title='bbox 2878 2997 3119 3074; x_wconf 81' lang='grc' dir='ltr'>ὀνόματι,</span> <span class='ocrx_word' id='word_1_499' title='bbox 3191 2996 3280 3052; x_wconf 88' lang='grc' dir='ltr'>καὶ</span> <span class='ocrx_word' id='word_1_500' title='bbox 3329 2992 3555 3059; x_wconf 79' lang='grc' dir='ltr'>πολλοὺς</span> <span class='ocrx_word' id='word_1_501' title='bbox 3611 2991 3825 3064; x_wconf 77' lang='grc' dir='ltr'>πλανή-</span> 
     </span>
    </p>
   </div>
   <div class='ocr_carea' id='block_1_78' title="bbox 2185 3085 3824 3167">
    <p class='ocr_par' dir='ltr' id='par_1_78' title="bbox 2185 3085 3824 3167">
     <span class='ocr_line' id='line_1_78' title="bbox 2185 3085 3824 3167; baseline -0.002 -27"><span class='ocrx_word' id='word_1_502' title='bbox 2185 3106 2355 3149; x_wconf 91' lang='grc' dir='ltr'>σουσι.</span> <span class='ocrx_word' id='word_1_503' title='bbox 2411 3087 2502 3154; x_wconf 76' lang='grc' dir='ltr'><strong>Μὴ</strong></span> <span class='ocrx_word' id='word_1_504' title='bbox 2548 3086 2636 3144; x_wconf 77' lang='grc' dir='ltr'>οὖν</span> <span class='ocrx_word' id='word_1_505' title='bbox 2678 3090 2965 3167; x_wconf 74' lang='grc' dir='ltr'>πορευθῆτε</span> <span class='ocrx_word' id='word_1_506' title='bbox 3013 3086 3185 3142; x_wconf 79' lang='grc' dir='ltr'>ὀπίσω</span> <span class='ocrx_word' id='word_1_507' title='bbox 3238 3085 3431 3157; x_wconf 65' lang='grc' dir='ltr'>αὐτῶν,</span> <span class='ocrx_word' id='word_1_508' title='bbox 3484 3105 3507 3139; x_wconf 71' lang='grc' dir='ltr'><strong><em>ι</em></strong></span> <span class='ocrx_word' id='word_1_509' title='bbox 3569 3089 3824 3162; x_wconf 77' lang='grc' dir='ltr'>Χριστια-</span> 
     </span>
    </p>
   </div>
   <div class='ocr_carea' id='block_1_79' title="bbox 2184 3170 3822 3254">
    <p class='ocr_par' dir='ltr' id='par_1_79' title="bbox 2184 3170 3822 3254">
     <span class='ocr_line' id='line_1_79' title="bbox 2184 3170 3822 3254; baseline -0.002 -25"><span class='ocrx_word' id='word_1_510' title='bbox 2184 3175 2303 3239; x_wconf 82' lang='grc' dir='ltr'>νοὺς</span> <span class='ocrx_word' id='word_1_511' title='bbox 2345 3175 2445 3254; x_wconf 81' lang='grc' dir='ltr'><strong>γὰρ</strong></span> <span class='ocrx_word' id='word_1_512' title='bbox 2487 3176 2700 3239; x_wconf 75' lang='grc' dir='ltr'>ἑαυτοὺς</span> <span class='ocrx_word' id='word_1_513' title='bbox 2744 3175 3114 3252; x_wconf 80' lang='grc' dir='ltr'>ὀνομάζοντες,</span> <span class='ocrx_word' id='word_1_514' title='bbox 3174 3172 3259 3229; x_wconf 75' lang='grc' dir='ltr'>ἐπὶ</span> <span class='ocrx_word' id='word_1_515' title='bbox 3301 3178 3378 3248; x_wconf 83' lang='grc' dir='ltr'>τῷ</span> <span class='ocrx_word' id='word_1_516' title='bbox 3431 3172 3651 3246; x_wconf 84' lang='grc' dir='ltr'>ὀνόματι</span> <span class='ocrx_word' id='word_1_517' title='bbox 3695 3170 3822 3226; x_wconf 88' lang='grc' dir='ltr'>τού-</span> 
     </span>
    </p>
   </div>
   <div class='ocr_carea' id='block_1_80' title="bbox 2182 3257 3826 3342">
    <p class='ocr_par' dir='ltr' id='par_1_80' title="bbox 2182 3257 3826 3342">
     <span class='ocr_line' id='line_1_80' title="bbox 2182 3257 3826 3342; baseline -0.003 -22"><span class='ocrx_word' id='word_1_518' title='bbox 2182 3285 2259 3337; x_wconf 74' lang='grc' dir='ltr'>τῳ</span> <span class='ocrx_word' id='word_1_519' title='bbox 2299 3261 2528 3327; x_wconf 87' lang='grc' dir='ltr'>πολλοὺς</span> <span class='ocrx_word' id='word_1_520' title='bbox 2584 3264 2849 3328; x_wconf 78' lang='grc' dir='ltr'>ἀπατῶσι,</span> <span class='ocrx_word' id='word_1_521' title='bbox 2914 3263 3067 3342; x_wconf 81' lang='grc' dir='ltr'>Λέγει</span> <span class='ocrx_word' id='word_1_522' title='bbox 3126 3260 3182 3318; x_wconf 78' lang='grc' dir='ltr'>δὲ</span> <span class='ocrx_word' id='word_1_523' title='bbox 3246 3263 3367 3326; x_wconf 81' lang='grc' dir='ltr'>τοὺς</span> <span class='ocrx_word' id='word_1_524' title='bbox 3410 3260 3516 3317; x_wconf 81' lang='grc' dir='ltr'><strong>ἀπὸ</strong></span> <span class='ocrx_word' id='word_1_525' title='bbox 3559 3257 3826 3317; x_wconf 78' lang='grc' dir='ltr'>Νικολάου</span> 
     </span>
    </p>
   </div>
   <div class='ocr_carea' id='block_1_81' title="bbox 2183 3349 3827 3429">
    <p class='ocr_par' dir='ltr' id='par_1_81' title="bbox 2183 3349 3827 3429">
     <span class='ocr_line' id='line_1_81' title="bbox 2183 3349 3827 3429; baseline -0.002 -21"><span class='ocrx_word' id='word_1_526' title='bbox 2183 3354 2271 3409; x_wconf 85' lang='grc' dir='ltr'><strong>καὶ</strong></span> <span class='ocrx_word' id='word_1_527' title='bbox 2326 3350 2665 3411; x_wconf 68' lang='grc' dir='ltr'>Οὐαλεντίνου</span> <span class='ocrx_word' id='word_1_528' title='bbox 2719 3355 2806 3411; x_wconf 85' lang='grc' dir='ltr'><strong>καὶ</strong></span> <span class='ocrx_word' id='word_1_529' title='bbox 2862 3353 3103 3429; x_wconf 88' lang='grc' dir='ltr'>Σίμωνος</span> <span class='ocrx_word' id='word_1_530' title='bbox 3155 3357 3262 3408; x_wconf 85' lang='grc' dir='ltr'><strong>τῶν</strong></span> <span class='ocrx_word' id='word_1_531' title='bbox 3319 3349 3669 3429; x_wconf 83' lang='grc' dir='ltr'>μιαρωτάτων</span> <span class='ocrx_word' id='word_1_532' title='bbox 3739 3350 3827 3405; x_wconf 56' lang='grc' dir='ltr'>καὶ</span> 
     </span>
    </p>
   </div>
   <div class='ocr_carea' id='block_1_82' title="bbox 2182 3437 3822 3523">
    <p class='ocr_par' dir='ltr' id='par_1_82' title="bbox 2182 3437 3822 3523">
     <span class='ocr_line' id='line_1_82' title="bbox 2182 3437 3822 3523; baseline -0.002 -27"><span class='ocrx_word' id='word_1_533' title='bbox 2182 3441 2510 3521; x_wconf 80' lang='grc' dir='ltr'>ἀκαθάρτων,</span> <span class='ocrx_word' id='word_1_534' title='bbox 2585 3444 2739 3500; x_wconf 72' lang='grc' dir='ltr'>Οὗτοι</span> <span class='ocrx_word' id='word_1_535' title='bbox 2791 3442 2892 3523; x_wconf 78' lang='grc' dir='ltr'><strong>γὰρ</strong></span> <span class='ocrx_word' id='word_1_536' title='bbox 2947 3441 3327 3521; x_wconf 84' lang='grc' dir='ltr'>γαστρίμαργοι</span> <span class='ocrx_word' id='word_1_537' title='bbox 3371 3437 3519 3503; x_wconf 78' lang='grc' dir='ltr'>ὄντες</span> <span class='ocrx_word' id='word_1_538' title='bbox 3562 3439 3651 3494; x_wconf 80' lang='grc' dir='ltr'><strong>καὶ</strong></span> <span class='ocrx_word' id='word_1_539' title='bbox 3691 3437 3822 3493; x_wconf 84' lang='grc' dir='ltr'>ἀκό-</span> 
     </span>
    </p>
   </div>
   <div class='ocr_carea' id='block_1_83' title="bbox 2181 3524 3822 3611">
    <p class='ocr_par' dir='ltr' id='par_1_83' title="bbox 2181 3524 3822 3611">
     <span class='ocr_line' id='line_1_83' title="bbox 2181 3524 3822 3611; baseline -0.002 -25"><span class='ocrx_word' id='word_1_540' title='bbox 2181 3528 2390 3605; x_wconf 89' lang='grc' dir='ltr'>λαστοι,</span> <span class='ocrx_word' id='word_1_541' title='bbox 2448 3531 2787 3611; x_wconf 80' lang='grc' dir='ltr'>ὑπεκρίναντο</span> <span class='ocrx_word' id='word_1_542' title='bbox 2845 3533 2944 3599; x_wconf 77' lang='grc' dir='ltr'>τὴν</span> <span class='ocrx_word' id='word_1_543' title='bbox 2998 3527 3353 3605; x_wconf 85' lang='grc' dir='ltr'>διδασκαλίαν,</span> <span class='ocrx_word' id='word_1_544' title='bbox 3399 3526 3492 3585; x_wconf 81' lang='grc' dir='ltr'>ἵνα</span> <span class='ocrx_word' id='word_1_545' title='bbox 3533 3524 3602 3583; x_wconf 81' lang='grc' dir='ltr'><strong>δι’</strong></span> <span class='ocrx_word' id='word_1_546' title='bbox 3657 3526 3822 3594; x_wconf 77' lang='grc' dir='ltr'>αὒτῆς</span> 
     </span>
    </p>
   </div>
   <div class='ocr_carea' id='block_1_84' title="bbox 2180 3615 3818 3699">
    <p class='ocr_par' dir='ltr' id='par_1_84' title="bbox 2180 3615 3818 3699">
     <span class='ocr_line' id='line_1_84' title="bbox 2180 3615 3818 3699; baseline -0.002 -23"><span class='ocrx_word' id='word_1_547' title='bbox 2180 3617 2511 3699; x_wconf 74' lang='grc' dir='ltr'>παρείσδυσιν</span> <span class='ocrx_word' id='word_1_548' title='bbox 2566 3621 2638 3684; x_wconf 83' lang='grc' dir='ltr'><strong>εἰς</strong></span> <span class='ocrx_word' id='word_1_549' title='bbox 2698 3619 2792 3685; x_wconf 79' lang='grc' dir='ltr'><strong>τὰς</strong></span> <span class='ocrx_word' id='word_1_550' title='bbox 2852 3620 3017 3683; x_wconf 81' lang='grc' dir='ltr'>οἰκίας</span> <span class='ocrx_word' id='word_1_551' title='bbox 3083 3618 3291 3699; x_wconf 73' lang='grc' dir='ltr'>εὕρωσι,</span> <span class='ocrx_word' id='word_1_552' title='bbox 3343 3618 3431 3673; x_wconf 81' lang='grc' dir='ltr'><strong>καὶ</strong></span> <span class='ocrx_word' id='word_1_553' title='bbox 3477 3615 3818 3696; x_wconf 85' lang='grc' dir='ltr'>αἰχμαλωτί-</span> 
     </span>
    </p>
   </div>
   <div class='ocr_carea' id='block_1_85' title="bbox 2180 3704 3815 3789">
    <p class='ocr_par' dir='ltr' id='par_1_85' title="bbox 2180 3704 3815 3789">
     <span class='ocr_line' id='line_1_85' title="bbox 2180 3704 3815 3789; baseline -0.002 -25"><span class='ocrx_word' id='word_1_554' title='bbox 2180 3730 2311 3764; x_wconf 88' lang='grc' dir='ltr'>σωσι</span> <span class='ocrx_word' id='word_1_555' title='bbox 2366 3709 2673 3788; x_wconf 62' lang='grc' dir='ltr'>γυναικάρια</span> <span class='ocrx_word' id='word_1_556' title='bbox 2754 3706 3117 3789; x_wconf 83' lang='grc' dir='ltr'>σεσωρευμένα</span> <span class='ocrx_word' id='word_1_557' title='bbox 3206 3707 3508 3784; x_wconf 84' lang='grc' dir='ltr'>ἁμαρτίαις.</span> <span class='ocrx_word' id='word_1_558' title='bbox 3586 3704 3815 3769; x_wconf 79' lang='grc' dir='ltr'>Τελετὰς</span> 
     </span>
    </p>
   </div>
   <div class='ocr_carea' id='block_1_86' title="bbox 2178 3794 3818 3877">
    <p class='ocr_par' dir='ltr' id='par_1_86' title="bbox 2178 3794 3818 3877">
     <span class='ocr_line' id='line_1_86' title="bbox 2178 3794 3818 3877; baseline -0.001 -25"><span class='ocrx_word' id='word_1_559' title='bbox 2178 3797 2278 3877; x_wconf 74' lang='grc' dir='ltr'><strong>γὰρ</strong></span> <span class='ocrx_word' id='word_1_560' title='bbox 2334 3798 2631 3877; x_wconf 82' lang='grc' dir='ltr'>νυκτερινὰς</span> <span class='ocrx_word' id='word_1_561' title='bbox 2694 3798 3045 3873; x_wconf 76' lang='grc' dir='ltr'>πλασάμενοι,</span> <span class='ocrx_word' id='word_1_562' title='bbox 3118 3796 3316 3860; x_wconf 86' lang='grc' dir='ltr'>κοίταις</span> <span class='ocrx_word' id='word_1_563' title='bbox 3372 3797 3459 3851; x_wconf 86' lang='grc' dir='ltr'><strong>καὶ</strong></span> <span class='ocrx_word' id='word_1_564' title='bbox 3520 3794 3818 3873; x_wconf 79' lang='grc' dir='ltr'>ἀσελγείαις</span> 
     </span>
    </p>
   </div>
   <div class='ocr_carea' id='block_1_87' title="bbox 2181 3883 3822 3966">
    <p class='ocr_par' dir='ltr' id='par_1_87' title="bbox 2181 3883 3822 3966">
     <span class='ocr_line' id='line_1_87' title="bbox 2181 3883 3822 3966; baseline 0 -25"><span class='ocrx_word' id='word_1_565' title='bbox 2181 3886 2397 3949; x_wconf 77' lang='grc' dir='ltr'>ἑαυτοὺς</span> <span class='ocrx_word' id='word_1_566' title='bbox 2446 3883 2783 3950; x_wconf 72' lang='grc' dir='ltr'>ἔκδεδώκασι,</span> <span class='ocrx_word' id='word_1_567' title='bbox 2829 3888 2901 3944; x_wconf 82' lang='grc' dir='ltr'>Τὸ</span> <span class='ocrx_word' id='word_1_568' title='bbox 2949 3884 3027 3966; x_wconf 74' lang='grc' dir='ltr'>δὲ,</span> <span class='ocrx_word' id='word_1_569' title='bbox 3081 3905 3106 3942; x_wconf 73' lang='grc' dir='ltr'><strong>α</strong></span> <span class='ocrx_word' id='word_1_570' title='bbox 3141 3884 3512 3948; x_wconf 81' lang='grc' dir='ltr'>Μετατιθέντες</span> <span class='ocrx_word' id='word_1_571' title='bbox 3557 3885 3628 3948; x_wconf 82' lang='grc' dir='ltr'><strong>εἰς</strong></span> <span class='ocrx_word' id='word_1_572' title='bbox 3657 3883 3822 3941; x_wconf 84' lang='grc' dir='ltr'>ἀσέλ-</span> 
     </span>
    </p>
   </div>
   <div class='ocr_carea' id='block_1_88' title="bbox 2177 3973 3822 4056">
    <p class='ocr_par' dir='ltr' id='par_1_88' title="bbox 2177 3973 3822 4056">
     <span class='ocr_line' id='line_1_88' title="bbox 2177 3973 3822 4056; baseline 0 -24"><span class='ocrx_word' id='word_1_573' title='bbox 2177 3976 2345 4053; x_wconf 89' lang='grc' dir='ltr'>γείαν,</span> <span class='ocrx_word' id='word_1_574' title='bbox 2384 3997 2411 4030; x_wconf 70' lang='grc' dir='ltr'><strong>ι</strong></span> <span class='ocrx_word' id='word_1_575' title='bbox 2464 3974 2577 4031; x_wconf 80' lang='grc' dir='ltr'>ἀντὶ</span> <span class='ocrx_word' id='word_1_576' title='bbox 2617 3985 2730 4051; x_wconf 81' lang='grc' dir='ltr'>τοῦ,</span> <span class='ocrx_word' id='word_1_577' title='bbox 2766 3975 3269 4056; x_wconf 80' lang='grc' dir='ltr'>Παραχαράττοντες</span> <span class='ocrx_word' id='word_1_578' title='bbox 3310 3973 3416 4030; x_wconf 84' lang='grc' dir='ltr'><strong>ἀπὸ</strong></span> <span class='ocrx_word' id='word_1_579' title='bbox 3456 3974 3552 4042; x_wconf 85' lang='grc' dir='ltr'><strong>τῆς</strong></span> <span class='ocrx_word' id='word_1_580' title='bbox 3610 3995 3822 4053; x_wconf 80' lang='grc' dir='ltr'>σωφρο-</span> 
     </span>
    </p>
   </div>
   <div class='ocr_carea' id='block_1_89' title="bbox 2181 4062 3823 4145">
    <p class='ocr_par' dir='ltr' id='par_1_89' title="bbox 2181 4062 3823 4145">
     <span class='ocr_line' id='line_1_89' title="bbox 2181 4062 3823 4145; baseline -0.001 -24"><span class='ocrx_word' id='word_1_581' title='bbox 2181 4066 2340 4131; x_wconf 88' lang='grc' dir='ltr'>σύνης</span> <span class='ocrx_word' id='word_1_582' title='bbox 2399 4066 2471 4130; x_wconf 85' lang='grc' dir='ltr'><strong>εἰς</strong></span> <span class='ocrx_word' id='word_1_583' title='bbox 2539 4063 2840 4144; x_wconf 84' lang='grc' dir='ltr'>ἀσέλγειαν,</span> <span class='ocrx_word' id='word_1_584' title='bbox 2900 4063 3023 4145; x_wconf 75' lang='grc' dir='ltr'><strong>Ἀφ’</strong></span> <span class='ocrx_word' id='word_1_585' title='bbox 3080 4066 3141 4122; x_wconf 81' lang='grc' dir='ltr'><strong>οὗ</strong></span> <span class='ocrx_word' id='word_1_586' title='bbox 3193 4065 3281 4120; x_wconf 83' lang='grc' dir='ltr'><strong>καὶ</strong></span> <span class='ocrx_word' id='word_1_587' title='bbox 3339 4062 3608 4142; x_wconf 71' lang='grc' dir='ltr'>ἀρνεῖσθαι</span> <span class='ocrx_word' id='word_1_588' title='bbox 3679 4085 3823 4140; x_wconf 86' lang='grc' dir='ltr'>συμ-</span> 
     </span>
    </p>
   </div>
   <div class='ocr_carea' id='block_1_90' title="bbox 2178 4150 3821 4234">
    <p class='ocr_par' dir='ltr' id='par_1_90' title="bbox 2178 4150 3821 4234">
     <span class='ocr_line' id='line_1_90' title="bbox 2178 4150 3821 4234; baseline 0 -26"><span class='ocrx_word' id='word_1_589' title='bbox 2178 4150 2343 4209; x_wconf 81' lang='grc' dir='ltr'>ϐαίνει</span> <span class='ocrx_word' id='word_1_590' title='bbox 2414 4155 2594 4219; x_wconf 81' lang='grc' dir='ltr'>αὐτοῖς</span> <span class='ocrx_word' id='word_1_591' title='bbox 2666 4155 2754 4210; x_wconf 80' lang='grc' dir='ltr'>τὸν</span> <span class='ocrx_word' id='word_1_592' title='bbox 2828 4155 3011 4234; x_wconf 82' lang='grc' dir='ltr'>Κύριον</span> <span class='ocrx_word' id='word_1_593' title='bbox 3078 4154 3232 4228; x_wconf 75' lang='grc' dir='ltr'>ἡμῶν</span> <span class='ocrx_word' id='word_1_594' title='bbox 3302 4151 3507 4219; x_wconf 81' lang='grc' dir='ltr'>Ἰησοῦν</span> <span class='ocrx_word' id='word_1_595' title='bbox 3573 4153 3821 4231; x_wconf 80' lang='grc' dir='ltr'>Χριστόν.</span> 
     </span>
    </p>
   </div>
   <div class='ocr_carea' id='block_1_91' title="bbox 2184 4240 3819 4321">
    <p class='ocr_par' dir='ltr' id='par_1_91' title="bbox 2184 4240 3819 4321">
     <span class='ocr_line' id='line_1_91' title="bbox 2184 4240 3819 4321; baseline -0.003 -21"><span class='ocrx_word' id='word_1_596' title='bbox 2184 4244 2281 4300; x_wconf 84' lang='grc' dir='ltr'>Καὶ</span> <span class='ocrx_word' id='word_1_597' title='bbox 2310 4248 2424 4306; x_wconf 83' lang='grc' dir='ltr'><strong>πῶς</strong></span> <span class='ocrx_word' id='word_1_598' title='bbox 2457 4242 2556 4321; x_wconf 81' lang='grc' dir='ltr'><strong>γὰρ</strong></span> <span class='ocrx_word' id='word_1_599' title='bbox 2598 4242 2692 4299; x_wconf 75' lang='grc' dir='ltr'><strong>οὒκ</strong></span> <span class='ocrx_word' id='word_1_600' title='bbox 2718 4241 3047 4321; x_wconf 82' lang='grc' dir='ltr'>ἀρνοοῦνται,</span> <span class='ocrx_word' id='word_1_601' title='bbox 3095 4245 3142 4299; x_wconf 83' lang='grc' dir='ltr'>οἱ</span> <span class='ocrx_word' id='word_1_602' title='bbox 3185 4240 3269 4296; x_wconf 81' lang='grc' dir='ltr'><strong>διὰ</strong></span> <span class='ocrx_word' id='word_1_603' title='bbox 3292 4240 3389 4308; x_wconf 85' lang='grc' dir='ltr'><strong>τῆς</strong></span> <span class='ocrx_word' id='word_1_604' title='bbox 3420 4248 3508 4297; x_wconf 80' lang='grc' dir='ltr'>τοῦ</span> <span class='ocrx_word' id='word_1_605' title='bbox 3537 4241 3648 4316; x_wconf 82' lang='grc' dir='ltr'>βίου</span> <span class='ocrx_word' id='word_1_606' title='bbox 3677 4240 3819 4296; x_wconf 80' lang='grc' dir='ltr'>ἀκα-</span> 
     </span>
    </p>
   </div>
   <div class='ocr_carea' id='block_1_92' title="bbox 2178 4328 3823 4413">
    <p class='ocr_par' dir='ltr' id='par_1_92' title="bbox 2178 4328 3823 4413">
     <span class='ocr_line' id='line_1_92' title="bbox 2178 4328 3823 4413; baseline 0 -27"><span class='ocrx_word' id='word_1_607' title='bbox 2178 4333 2390 4410; x_wconf 80' lang='grc' dir='ltr'>θαρσίας</span> <span class='ocrx_word' id='word_1_608' title='bbox 2472 4333 2562 4389; x_wconf 78' lang='grc' dir='ltr'><strong>τὸν</strong></span> <span class='ocrx_word' id='word_1_609' title='bbox 2630 4331 2805 4399; x_wconf 84' lang='grc' dir='ltr'>πάσης</span> <span class='ocrx_word' id='word_1_610' title='bbox 2876 4332 3214 4413; x_wconf 77' lang='grc' dir='ltr'>σωφροσύνης</span> <span class='ocrx_word' id='word_1_611' title='bbox 3284 4328 3597 4387; x_wconf 73' lang='grc' dir='ltr'>διδάσκαλον</span> <span class='ocrx_word' id='word_1_612' title='bbox 3666 4330 3823 4387; x_wconf 78' lang='grc' dir='ltr'>οἱονεί</span> 
     </span>
    </p>
   </div>
   <div class='ocr_carea' id='block_1_93' title="bbox 455 4415 2103 4502">
    <p class='ocr_par' dir='ltr' id='par_1_93' title="bbox 455 4415 2088 4485">
     <span class='ocr_line' id='line_1_93' title="bbox 455 4415 2088 4485; baseline 0.002 -8"><span class='ocrx_word' id='word_1_613' title='bbox 455 4434 590 4478; x_wconf 90' lang='lat' dir='ltr'><strong>cum</strong></span> <span class='ocrx_word' id='word_1_614' title='bbox 627 4416 888 4479; x_wconf 90' lang='lat' dir='ltr'><strong>tenebris</strong></span> <span class='ocrx_word' id='word_1_615' title='bbox 905 4415 981 4482; x_wconf 69' lang='lat'><strong>‘7.</strong></span> <span class='ocrx_word' id='word_1_616' title='bbox 1023 4416 1387 4481; x_wconf 75' lang='lat' dir='ltr'><strong>«Exhortans</strong></span> <span class='ocrx_word' id='word_1_617' title='bbox 1432 4429 1496 4481; x_wconf 92' lang='lat' dir='ltr'><strong>ut</strong></span> <span class='ocrx_word' id='word_1_618' title='bbox 1526 4439 1759 4483; x_wconf 90' lang='lat' dir='ltr'><strong>rursum</strong></span> <span class='ocrx_word' id='word_1_619' title='bbox 1789 4422 2088 4485; x_wconf 60' lang='lat' dir='ltr'><strong>certetis.»</strong></span> 
     </span>
    </p>
   </div>
   <div class='ocr_carea' id='block_1_94' title="bbox 2184 4415 3820 4502">
    <p class='ocr_par' dir='ltr' id='par_1_94' title="bbox 2184 4420 3820 4502">
     <span class='ocr_line' id='line_1_94' title="bbox 2184 4420 3820 4502; baseline -0.003 -23"><span class='ocrx_word' id='word_1_620' title='bbox 2184 4445 2277 4479; x_wconf 84' lang='grc' dir='ltr'>τινι</span> <span class='ocrx_word' id='word_1_621' title='bbox 2321 4421 2549 4501; x_wconf 83' lang='grc' dir='ltr'>διατόρῳ</span> <span class='ocrx_word' id='word_1_622' title='bbox 2618 4427 2768 4502; x_wconf 74' lang='grc' dir='ltr'>φωνῇ</span> <span class='ocrx_word' id='word_1_623' title='bbox 2825 4420 3096 4497; x_wconf 82' lang='grc' dir='ltr'>ἀπότομον</span> <span class='ocrx_word' id='word_1_624' title='bbox 3160 4421 3517 4500; x_wconf 81' lang='grc' dir='ltr'>ποιούμενοι;</span> <span class='ocrx_word' id='word_1_625' title='bbox 3579 4420 3664 4485; x_wconf 86' lang='grc' dir='ltr'>Τίς</span> <span class='ocrx_word' id='word_1_626' title='bbox 3720 4422 3820 4499; x_wconf 74' lang='grc' dir='ltr'>γὰρ</span> 
     </span>
    </p>
   </div>
   <div class='ocr_carea' id='block_1_95' title="bbox 451 4503 2103 4592">
    <p class='ocr_par' dir='ltr' id='par_1_95' title="bbox 451 4503 2091 4589">
     <span class='ocr_line' id='line_1_95' title="bbox 451 4503 2091 4589; baseline 0.002 -21"><span class='ocrx_word' id='word_1_627' title='bbox 451 4503 807 4568; x_wconf 82' lang='lat' dir='ltr'><strong>Exhortatur</strong></span> <span class='ocrx_word' id='word_1_628' title='bbox 850 4525 955 4569; x_wconf 92' lang='lat' dir='ltr'><strong>eos</strong></span> <span class='ocrx_word' id='word_1_629' title='bbox 1008 4507 1110 4589; x_wconf 89' lang='lat' dir='ltr'><strong>qui</strong></span> <span class='ocrx_word' id='word_1_630' title='bbox 1161 4508 1345 4571; x_wconf 89' lang='lat' dir='ltr'><strong>semel</strong></span> <span class='ocrx_word' id='word_1_631' title='bbox 1401 4509 1704 4573; x_wconf 88' lang='lat' dir='ltr'><strong>Christum</strong></span> <span class='ocrx_word' id='word_1_632' title='bbox 1731 4511 2091 4574; x_wconf 87' lang='lat' dir='ltr'><strong>Salvatorem</strong></span> 
     </span>
    </p>
   </div>
   <div class='ocr_carea' id='block_1_96' title="bbox 2184 4503 3816 4592">
    <p class='ocr_par' dir='ltr' id='par_1_96' title="bbox 2184 4508 3816 4592">
     <span class='ocr_line' id='line_1_96' title="bbox 2184 4508 3816 4592; baseline -0.001 -24"><span class='ocrx_word' id='word_1_633' title='bbox 2184 4512 2421 4569; x_wconf 77' lang='grc' dir='ltr'>κοινωνία</span> <span class='ocrx_word' id='word_1_634' title='bbox 2463 4511 2594 4590; x_wconf 72' lang='grc' dir='ltr'>φωτὶ</span> <span class='ocrx_word' id='word_1_635' title='bbox 2621 4512 2750 4591; x_wconf 82' lang='grc' dir='ltr'>πρὸς</span> <span class='ocrx_word' id='word_1_636' title='bbox 2794 4511 2979 4576; x_wconf 89' lang='grc' dir='ltr'>σκότος</span> <span class='ocrx_word' id='word_1_637' title='bbox 3016 4531 3032 4592; x_wconf 81' lang='grc'><strong>;</strong></span> <span class='ocrx_word' id='word_1_638' title='bbox 3085 4533 3108 4567; x_wconf 84' lang='grc' dir='ltr'><strong>ιι</strong></span> <span class='ocrx_word' id='word_1_639' title='bbox 3169 4508 3496 4590; x_wconf 78' lang='grc' dir='ltr'>Παρακαλῶν</span> <span class='ocrx_word' id='word_1_640' title='bbox 3552 4512 3816 4589; x_wconf 72' lang='grc' dir='ltr'>ἰπαγωνί-</span> 
     </span>
    </p>
   </div>
   <div class='ocr_carea' id='block_1_97' title="bbox 452 4595 2103 4681">
    <p class='ocr_par' dir='ltr' id='par_1_97' title="bbox 452 4595 2096 4676">
     <span class='ocr_line' id='line_1_97' title="bbox 452 4595 2096 4676; baseline 0.004 -20"><span class='ocrx_word' id='word_1_641' title='bbox 452 4603 846 4676; x_wconf 87' lang='lat' dir='ltr'><strong>susceperunt</strong></span> <span class='ocrx_word' id='word_1_642' title='bbox 866 4604 925 4658; x_wconf 89' lang='lat' dir='ltr'><strong>et</strong></span> <span class='ocrx_word' id='word_1_643' title='bbox 962 4595 1025 4658; x_wconf 89' lang='lat' dir='ltr'><strong>in</strong></span> <span class='ocrx_word' id='word_1_644' title='bbox 1047 4616 1181 4659; x_wconf 90' lang='lat' dir='ltr'><strong>eum</strong></span> <span class='ocrx_word' id='word_1_645' title='bbox 1214 4597 1618 4675; x_wconf 89' lang='lat' dir='ltr'><strong>crediderunt,</strong></span> <span class='ocrx_word' id='word_1_646' title='bbox 1654 4607 1719 4662; x_wconf 89' lang='lat' dir='ltr'><strong>ut</strong></span> <span class='ocrx_word' id='word_1_647' title='bbox 1747 4600 1940 4662; x_wconf 89' lang='lat' dir='ltr'><strong>adhuc</strong></span> <span class='ocrx_word' id='word_1_648' title='bbox 1970 4618 2096 4662; x_wconf 87' lang='lat' dir='ltr'><strong>cer-</strong></span> 
     </span>
    </p>
   </div>
   <div class='ocr_carea' id='block_1_98' title="bbox 2184 4595 3819 4681">
    <p class='ocr_par' dir='ltr' id='par_1_98' title="bbox 2184 4598 3819 4681">
     <span class='ocr_line' id='line_1_98' title="bbox 2184 4598 3819 4681; baseline -0.001 -24"><span class='ocrx_word' id='word_1_649' title='bbox 2184 4605 2369 4675; x_wconf 73' lang='grc' dir='ltr'>ζεσθαι.</span> <span class='ocrx_word' id='word_1_650' title='bbox 2410 4623 2434 4658; x_wconf 72' lang='grc' dir='ltr'><strong>ι</strong></span> <span class='ocrx_word' id='word_1_651' title='bbox 2495 4598 2934 4680; x_wconf 78' lang='grc' dir='ltr'>Ἐπαγωνίζεσθαι</span> <span class='ocrx_word' id='word_1_652' title='bbox 2992 4600 3294 4681; x_wconf 80' lang='grc' dir='ltr'>παρακαλεῖ</span> <span class='ocrx_word' id='word_1_653' title='bbox 3342 4601 3463 4664; x_wconf 81' lang='grc' dir='ltr'>τοὺς</span> <span class='ocrx_word' id='word_1_654' title='bbox 3520 4600 3657 4666; x_wconf 70' lang='grc' dir='ltr'>ἅπαξ</span> <span class='ocrx_word' id='word_1_655' title='bbox 3727 4601 3819 4657; x_wconf 81' lang='grc' dir='ltr'><strong>τὸν</strong></span> 
     </span>
    </p>
   </div>
   <div class='ocr_carea' id='block_1_99' title="bbox 454 4684 2103 4771">
    <p class='ocr_par' dir='ltr' id='par_1_99' title="bbox 454 4684 2093 4768">
     <span class='ocr_line' id='line_1_99' title="bbox 454 4684 2093 4768; baseline 0.001 -20"><span class='ocrx_word' id='word_1_656' title='bbox 454 4691 579 4748; x_wconf 88' lang='lat' dir='ltr'><strong>tent</strong></span> <span class='ocrx_word' id='word_1_657' title='bbox 603 4684 725 4747; x_wconf 86' lang='lat' dir='ltr'><strong>sive</strong></span> <span class='ocrx_word' id='word_1_658' title='bbox 756 4684 1116 4762; x_wconf 87' lang='lat' dir='ltr'><strong>adnitantur,</strong></span> <span class='ocrx_word' id='word_1_659' title='bbox 1144 4688 1254 4748; x_wconf 79' lang='lat' dir='ltr'><strong>hoc</strong></span> <span class='ocrx_word' id='word_1_660' title='bbox 1284 4694 1395 4768; x_wconf 83' lang='lat' dir='ltr'><strong>est,</strong></span> <span class='ocrx_word' id='word_1_661' title='bbox 1424 4686 1714 4752; x_wconf 91' lang='lat' dir='ltr'><strong>dissoluto</strong></span> <span class='ocrx_word' id='word_1_662' title='bbox 1744 4688 1944 4750; x_wconf 90' lang='lat' dir='ltr'><strong>animo</strong></span> <span class='ocrx_word' id='word_1_663' title='bbox 1976 4708 2093 4750; x_wconf 91' lang='lat' dir='ltr'><strong>non</strong></span> 
     </span>
    </p>
   </div>
   <div class='ocr_carea' id='block_1_100' title="bbox 2184 4684 3818 4771">
    <p class='ocr_par' dir='ltr' id='par_1_100' title="bbox 2184 4688 3818 4771">
     <span class='ocr_line' id='line_1_100' title="bbox 2184 4688 3818 4771; baseline -0.001 -24"><span class='ocrx_word' id='word_1_664' title='bbox 2184 4692 2397 4771; x_wconf 73' lang='grc' dir='ltr'>Χριστὸν</span> <span class='ocrx_word' id='word_1_665' title='bbox 2466 4688 2910 4769; x_wconf 80' lang='grc' dir='ltr'>καταδεξαμένους</span> <span class='ocrx_word' id='word_1_666' title='bbox 2965 4692 3214 4770; x_wconf 86' lang='grc' dir='ltr'>Σωτῆρα,</span> <span class='ocrx_word' id='word_1_667' title='bbox 3285 4692 3373 4748; x_wconf 81' lang='grc' dir='ltr'><strong>καὶ</strong></span> <span class='ocrx_word' id='word_1_668' title='bbox 3427 4693 3597 4765; x_wconf 85' lang='grc' dir='ltr'>τούτῳ</span> <span class='ocrx_word' id='word_1_669' title='bbox 3651 4711 3818 4747; x_wconf 83' lang='grc' dir='ltr'>πεπι-</span> 
     </span>
    </p>
   </div>
   <div class='ocr_carea' id='block_1_101' title="bbox 449 4772 2103 4858">
    <p class='ocr_par' dir='ltr' id='par_1_101' title="bbox 449 4772 2094 4858">
     <span class='ocr_line' id='line_1_101' title="bbox 449 4772 2094 4858; baseline 0.003 -23"><span class='ocrx_word' id='word_1_670' title='bbox 449 4772 572 4835; x_wconf 80' lang='lat' dir='ltr'><strong>sint</strong></span> <span class='ocrx_word' id='word_1_671' title='bbox 599 4773 813 4851; x_wconf 74' lang='lat' dir='ltr'><strong>affecti,</strong></span> <span class='ocrx_word' id='word_1_672' title='bbox 848 4775 952 4837; x_wconf 89' lang='lat' dir='ltr'><strong>sed</strong></span> <span class='ocrx_word' id='word_1_673' title='bbox 982 4775 1213 4857; x_wconf 85' lang='lat' dir='ltr'><strong>seipsos</strong></span> <span class='ocrx_word' id='word_1_674' title='bbox 1228 4775 1571 4839; x_wconf 89' lang='lat' dir='ltr'><strong>contineant</strong></span> <span class='ocrx_word' id='word_1_675' title='bbox 1600 4787 1657 4840; x_wconf 87' lang='lat' dir='ltr'><strong>et</strong></span> <span class='ocrx_word' id='word_1_676' title='bbox 1690 4779 1881 4858; x_wconf 89' lang='lat' dir='ltr'><strong>majus</strong></span> <span class='ocrx_word' id='word_1_677' title='bbox 1902 4779 2094 4841; x_wconf 84' lang='lat' dir='ltr'><strong>adhuc</strong></span> 
     </span>
    </p>
   </div>
   <div class='ocr_carea' id='block_1_102' title="bbox 2184 4772 3814 4858">
    <p class='ocr_par' dir='ltr' id='par_1_102' title="bbox 2184 4778 3814 4858">
     <span class='ocr_line' id='line_1_102' title="bbox 2184 4778 3814 4858; baseline -0.002 -21"><span class='ocrx_word' id='word_1_678' title='bbox 2184 4781 2484 4857; x_wconf 85' lang='grc' dir='ltr'>στευκότας,</span> <span class='ocrx_word' id='word_1_679' title='bbox 2555 4780 2823 4856; x_wconf 84' lang='grc' dir='ltr'>τουτέστι,</span> <span class='ocrx_word' id='word_1_680' title='bbox 2908 4780 2987 4858; x_wconf 81' lang='grc' dir='ltr'><strong>μῆ</strong></span> <span class='ocrx_word' id='word_1_681' title='bbox 3062 4778 3420 4857; x_wconf 65' lang='grc' dir='ltr'>ἐκλελυμένως</span> <span class='ocrx_word' id='word_1_682' title='bbox 3490 4778 3814 4853; x_wconf 82' lang='grc' dir='ltr'>διατεθῆναι,</span> 
     </span>
    </p>
   </div>
   <div class='ocr_carea' id='block_1_103' title="bbox 390 4861 2103 4948">
    <p class='ocr_par' dir='ltr' id='par_1_103' title="bbox 390 4861 2098 4946">
     <span class='ocr_line' id='line_1_103' title="bbox 390 4861 2098 4946; baseline 0.005 -25"><span class='ocrx_word' id='word_1_683' title='bbox 390 4912 425 4944; x_wconf 77' lang='grc'><strong>,</strong></span> <span class='ocrx_word' id='word_1_684' title='bbox 448 4861 707 4923; x_wconf 86' lang='lat' dir='ltr'><strong>studium</strong></span> <span class='ocrx_word' id='word_1_685' title='bbox 746 4863 907 4927; x_wconf 88' lang='lat' dir='ltr'><strong>circa</strong></span> <span class='ocrx_word' id='word_1_686' title='bbox 935 4864 1050 4926; x_wconf 91' lang='lat' dir='ltr'><strong>hoc</strong></span> <span class='ocrx_word' id='word_1_687' title='bbox 1088 4865 1547 4946; x_wconf 89' lang='lat' dir='ltr'><strong>amplectantur.</strong></span> <span class='ocrx_word' id='word_1_688' title='bbox 1581 4864 1691 4938; x_wconf 90' lang='lat' dir='ltr'><strong>Qui</strong></span> <span class='ocrx_word' id='word_1_689' title='bbox 1714 4868 1872 4928; x_wconf 90' lang='lat' dir='ltr'><strong>enim</strong></span> <span class='ocrx_word' id='word_1_690' title='bbox 1906 4868 2098 4930; x_wconf 86' lang='lat' dir='ltr'><strong>incar-</strong></span> 
     </span>
    </p>
   </div>
   <div class='ocr_carea' id='block_1_104' title="bbox 2184 4861 3816 4948">
    <p class='ocr_par' dir='ltr' id='par_1_104' title="bbox 2184 4867 3816 4948">
     <span class='ocr_line' id='line_1_104' title="bbox 2184 4867 3816 4948; baseline -0.002 -22"><span class='ocrx_word' id='word_1_691' title='bbox 2184 4868 2312 4926; x_wconf 74' lang='grc' dir='ltr'>ἀλλᾶ</span> <span class='ocrx_word' id='word_1_692' title='bbox 2352 4870 2712 4934; x_wconf 85' lang='grc' dir='ltr'>συντείναντας</span> <span class='ocrx_word' id='word_1_693' title='bbox 2769 4870 3006 4944; x_wconf 78' lang='grc' dir='ltr'>ἑαυτοὺς,</span> <span class='ocrx_word' id='word_1_694' title='bbox 3052 4867 3128 4926; x_wconf 75' lang='grc' dir='ltr'>ἔτι</span> <span class='ocrx_word' id='word_1_695' title='bbox 3189 4867 3391 4945; x_wconf 82' lang='grc' dir='ltr'>μᾶλλον</span> <span class='ocrx_word' id='word_1_696' title='bbox 3448 4868 3663 4948; x_wconf 75' lang='grc' dir='ltr'>ἔχεσθαι</span> <span class='ocrx_word' id='word_1_697' title='bbox 3717 4872 3816 4934; x_wconf 88' lang='grc' dir='ltr'><strong>τῆς</strong></span> 
     </span>
    </p>
   </div>
   <div class='ocr_carea' id='block_1_105' title="bbox 448 4950 2095 5034">
    <p class='ocr_par' dir='ltr' id='par_1_105' title="bbox 448 4950 2095 5034">
     <span class='ocr_line' id='line_1_105' title="bbox 448 4950 2095 5034; baseline 0.006 -24"><span class='ocrx_word' id='word_1_698' title='bbox 448 4957 647 5011; x_wconf 86' lang='lat' dir='ltr'><strong>natum</strong></span> <span class='ocrx_word' id='word_1_699' title='bbox 673 4950 932 5014; x_wconf 85' lang='lat' dir='ltr'><strong>Verbum</strong></span> <span class='ocrx_word' id='word_1_700' title='bbox 955 4952 1409 5034; x_wconf 89' lang='lat' dir='ltr'><strong>suscepimus,si</strong></span> <span class='ocrx_word' id='word_1_701' title='bbox 1424 4953 1759 5017; x_wconf 87' lang='lat' dir='ltr'><strong>diceremus</strong></span> <span class='ocrx_word' id='word_1_702' title='bbox 1770 4955 1947 5017; x_wconf 86' lang='lat' dir='ltr'><strong>alium</strong></span> <span class='ocrx_word' id='word_1_703' title='bbox 1964 4975 2095 5020; x_wconf 90' lang='lat' dir='ltr'><strong>esse</strong></span> 
     </span>
    </p>
   </div>
   <div class='ocr_carea' id='block_1_106' title="bbox 446 5038 2092 5127">
    <p class='ocr_par' dir='ltr' id='par_1_106' title="bbox 446 5038 2092 5127">
     <span class='ocr_line' id='line_1_106' title="bbox 446 5038 2092 5127; baseline 0.006 -28"><span class='ocrx_word' id='word_1_704' title='bbox 446 5038 548 5121; x_wconf 88' lang='lat' dir='ltr'><strong>qui</strong></span> <span class='ocrx_word' id='word_1_705' title='bbox 579 5048 715 5102; x_wconf 88' lang='lat' dir='ltr'><strong>ante</strong></span> <span class='ocrx_word' id='word_1_706' title='bbox 730 5042 946 5104; x_wconf 64' lang='lat' dir='ltr'><strong>sazcula</strong></span> <span class='ocrx_word' id='word_1_707' title='bbox 965 5041 1221 5105; x_wconf 86' lang='lat' dir='ltr'><strong>fuitcum</strong></span> <span class='ocrx_word' id='word_1_708' title='bbox 1246 5041 1506 5115; x_wconf 71' lang='lat' dir='ltr'><strong>Patre,et</strong></span> <span class='ocrx_word' id='word_1_709' title='bbox 1527 5043 1710 5106; x_wconf 89' lang='lat' dir='ltr'><strong>alium</strong></span> <span class='ocrx_word' id='word_1_710' title='bbox 1731 5044 1829 5127; x_wconf 90' lang='lat' dir='ltr'><strong>qui</strong></span> <span class='ocrx_word' id='word_1_711' title='bbox 1857 5056 2092 5127; x_wconf 85' lang='lat' dir='ltr'><strong>postre-</strong></span> 
     </span>
    </p>
   </div>
   <div class='ocr_carea' id='block_1_107' title="bbox 450 5128 2092 5216">
    <p class='ocr_par' dir='ltr' id='par_1_107' title="bbox 450 5128 2092 5216">
     <span class='ocr_line' id='line_1_107' title="bbox 450 5128 2092 5216; baseline 0.005 -27"><span class='ocrx_word' id='word_1_712' title='bbox 450 5128 565 5190; x_wconf 89' lang='lat' dir='ltr'><strong>mis</strong></span> <span class='ocrx_word' id='word_1_713' title='bbox 624 5131 991 5213; x_wconf 76' lang='lat' dir='ltr'><strong>temporibus</strong></span> <span class='ocrx_word' id='word_1_714' title='bbox 1037 5152 1110 5195; x_wconf 75' lang='grc' dir='ltr'><strong>οι</strong></span> <span class='ocrx_word' id='word_1_715' title='bbox 1166 5135 1350 5196; x_wconf 84' lang='lat' dir='ltr'><strong>Matre</strong></span> <span class='ocrx_word' id='word_1_716' title='bbox 1398 5132 1459 5195; x_wconf 90' lang='lat' dir='ltr'><strong>in</strong></span> <span class='ocrx_word' id='word_1_717' title='bbox 1511 5133 1746 5215; x_wconf 88' lang='lat' dir='ltr'><strong>propria</strong></span> <span class='ocrx_word' id='word_1_718' title='bbox 1794 5134 2092 5216; x_wconf 83' lang='lat' dir='ltr'><strong>hypostasi</strong></span> 
     </span>
    </p>
   </div>
   <div class='ocr_carea' id='block_1_108' title="bbox 446 5224 2087 5303">
    <p class='ocr_par' dir='ltr' id='par_1_108' title="bbox 446 5224 2087 5303">
     <span class='ocr_line' id='line_1_108' title="bbox 446 5224 2087 5303; baseline 0.007 -25"><span class='ocrx_word' id='word_1_719' title='bbox 446 5225 620 5278; x_wconf 85' lang='lat' dir='ltr'><strong>natus</strong></span> <span class='ocrx_word' id='word_1_720' title='bbox 652 5231 767 5294; x_wconf 83' lang='lat' dir='ltr'><strong>est,</strong></span> <span class='ocrx_word' id='word_1_721' title='bbox 791 5238 991 5285; x_wconf 91' lang='lat' dir='ltr'><strong>annon</strong></span> <span class='ocrx_word' id='word_1_722' title='bbox 1025 5240 1379 5303; x_wconf 79' lang='lat' dir='ltr'><strong>negaremus</strong></span> <span class='ocrx_word' id='word_1_723' title='bbox 1407 5240 1589 5285; x_wconf 91' lang='lat' dir='ltr'><strong>unum</strong></span> <span class='ocrx_word' id='word_1_724' title='bbox 1613 5242 1745 5286; x_wconf 84' lang='lat' dir='ltr'><strong>esse</strong></span> <span class='ocrx_word' id='word_1_725' title='bbox 1770 5224 2087 5289; x_wconf 90' lang='lat' dir='ltr'><strong>Dominum</strong></span> 
     </span>
    </p>
   </div>
   <div class='ocr_carea' id='block_1_109' title="bbox 448 5306 2090 5394">
    <p class='ocr_par' dir='ltr' id='par_1_109' title="bbox 448 5306 2090 5394">
     <span class='ocr_line' id='line_1_109' title="bbox 448 5306 2090 5394; baseline 0.009 -26"><span class='ocrx_word' id='word_1_726' title='bbox 448 5323 518 5369; x_wconf 90' lang='lat' dir='ltr'><strong>ac</strong></span> <span class='ocrx_word' id='word_1_727' title='bbox 546 5306 799 5370; x_wconf 85' lang='lat' dir='ltr'><strong>herum?</strong></span> <span class='ocrx_word' id='word_1_728' title='bbox 854 5312 1016 5373; x_wconf 91' lang='lat' dir='ltr'><strong>Unus</strong></span> <span class='ocrx_word' id='word_1_729' title='bbox 1074 5319 1161 5373; x_wconf 90' lang='lat' dir='ltr'><strong>est</strong></span> <span class='ocrx_word' id='word_1_730' title='bbox 1205 5312 1363 5375; x_wconf 91' lang='lat' dir='ltr'><strong>enim</strong></span> <span class='ocrx_word' id='word_1_731' title='bbox 1410 5311 1699 5375; x_wconf 89' lang='lat' dir='ltr'><strong>Dominus</strong></span> <span class='ocrx_word' id='word_1_732' title='bbox 1727 5313 1899 5375; x_wconf 83' lang='lat' dir='ltr'><strong>Jesus</strong></span> <span class='ocrx_word' id='word_1_733' title='bbox 1920 5317 2090 5394; x_wconf 85' lang='lat' dir='ltr'><strong>juxta</strong></span> 
     </span>
    </p>
   </div>
   <div class='ocr_carea' id='block_1_110' title="bbox 442 5482 1581 5639">
    <p class='ocr_par' dir='ltr' id='par_1_110' title="bbox 442 5482 1581 5639">
     <span class='ocr_line' id='line_1_110' title="bbox 442 5482 1581 5639; baseline 0.007 -93"><span class='ocrx_word' id='word_1_734' title='bbox 442 5482 759 5639; x_wconf 51' lang='lat' dir='ltr'><strong>VI,“ifsal.</strong></span> <span class='ocrx_word' id='word_1_735' title='bbox 793 5504 979 5569; x_wconf 79' lang='lat' dir='ltr'><strong>xxxv,</strong></span> <span class='ocrx_word' id='word_1_736' title='bbox 1008 5489 1070 5553; x_wconf 82' lang='lat'><strong>6.</strong></span> <span class='ocrx_word' id='word_1_737' title='bbox 1154 5489 1215 5540; x_wconf 68' lang='lat'><strong>45</strong></span> <span class='ocrx_word' id='word_1_738' title='bbox 1244 5488 1290 5552; x_wconf 93' lang='lat' dir='ltr'><strong>Il</strong></span> <span class='ocrx_word' id='word_1_739' title='bbox 1325 5491 1486 5554; x_wconf 89' lang='lat' dir='ltr'><strong>Petr.</strong></span> <span class='ocrx_word' id='word_1_740' title='bbox 1519 5508 1581 5554; x_wconf 81' lang='lat' dir='ltr'><strong>in</strong></span> 
     </span>
    </p>
   </div>
   <div class='ocr_carea' id='block_1_111' title="bbox 2176 4956 3815 5040">
    <p class='ocr_par' dir='ltr' id='par_1_111' title="bbox 2176 4956 3815 5040">
     <span class='ocr_line' id='line_1_111' title="bbox 2176 4956 3815 5040; baseline -0.002 -24"><span class='ocrx_word' id='word_1_741' title='bbox 2176 4961 2295 5040; x_wconf 86' lang='grc' dir='ltr'>περὶ</span> <span class='ocrx_word' id='word_1_742' title='bbox 2350 4962 2504 5017; x_wconf 74' lang='grc' dir='ltr'>τοῦτο</span> <span class='ocrx_word' id='word_1_743' title='bbox 2562 4956 2814 5027; x_wconf 87' lang='grc' dir='ltr'>σπουδῆς.</span> <span class='ocrx_word' id='word_1_744' title='bbox 2880 4956 3162 5036; x_wconf 79' lang='grc' dir='ltr'>Δεξάμενοι</span> <span class='ocrx_word' id='word_1_745' title='bbox 3229 4959 3329 5038; x_wconf 74' lang='grc' dir='ltr'>γὰρ</span> <span class='ocrx_word' id='word_1_746' title='bbox 3397 4959 3489 5013; x_wconf 81' lang='grc' dir='ltr'>τὸν</span> <span class='ocrx_word' id='word_1_747' title='bbox 3558 4957 3815 5033; x_wconf 79' lang='grc' dir='ltr'>ἐνανθρω-</span> 
     </span>
    </p>
   </div>
   <div class='ocr_carea' id='block_1_112' title="bbox 2176 5045 3815 5128">
    <p class='ocr_par' dir='ltr' id='par_1_112' title="bbox 2176 5045 3815 5128">
     <span class='ocr_line' id='line_1_112' title="bbox 2176 5045 3815 5128; baseline -0.002 -23"><span class='ocrx_word' id='word_1_748' title='bbox 2176 5050 2423 5119; x_wconf 69' lang='grc' dir='ltr'>πήσαντα</span> <span class='ocrx_word' id='word_1_749' title='bbox 2474 5049 2666 5125; x_wconf 83' lang='grc' dir='ltr'>Λόγον,</span> <span class='ocrx_word' id='word_1_750' title='bbox 2728 5049 2771 5104; x_wconf 86' lang='grc' dir='ltr'><strong>εἰ</strong></span> <span class='ocrx_word' id='word_1_751' title='bbox 2833 5046 3079 5127; x_wconf 81' lang='grc' dir='ltr'>λέγοιμεν</span> <span class='ocrx_word' id='word_1_752' title='bbox 3134 5045 3310 5128; x_wconf 78' lang='grc' dir='ltr'>ἕτερον</span> <span class='ocrx_word' id='word_1_753' title='bbox 3367 5047 3463 5123; x_wconf 79' lang='grc' dir='ltr'>μὲν</span> <span class='ocrx_word' id='word_1_754' title='bbox 3533 5047 3674 5103; x_wconf 73' lang='grc' dir='ltr'>εἶναι</span> <span class='ocrx_word' id='word_1_755' title='bbox 3725 5047 3815 5102; x_wconf 83' lang='grc' dir='ltr'><strong>τὸν</strong></span> 
     </span>
    </p>
   </div>
   <div class='ocr_carea' id='block_1_113' title="bbox 2174 5135 3814 5217">
    <p class='ocr_par' dir='ltr' id='par_1_113' title="bbox 2174 5135 3814 5217">
     <span class='ocr_line' id='line_1_113' title="bbox 2174 5135 3814 5217; baseline -0.002 -22"><span class='ocrx_word' id='word_1_756' title='bbox 2174 5141 2277 5217; x_wconf 84' lang='grc' dir='ltr'>πρὸ</span> <span class='ocrx_word' id='word_1_757' title='bbox 2307 5138 2507 5195; x_wconf 84' lang='grc' dir='ltr'>αἰώνων</span> <span class='ocrx_word' id='word_1_758' title='bbox 2538 5136 2597 5193; x_wconf 69' lang='grc' dir='ltr'>ἐκ</span> <span class='ocrx_word' id='word_1_759' title='bbox 2638 5144 2731 5194; x_wconf 78' lang='grc' dir='ltr'>τοῦ</span> <span class='ocrx_word' id='word_1_760' title='bbox 2786 5138 3013 5217; x_wconf 80' lang='grc' dir='ltr'>Πατρὸς,</span> <span class='ocrx_word' id='word_1_761' title='bbox 3071 5135 3247 5216; x_wconf 77' lang='grc' dir='ltr'>ἕτερον</span> <span class='ocrx_word' id='word_1_762' title='bbox 3290 5135 3345 5193; x_wconf 80' lang='grc' dir='ltr'>δὲ</span> <span class='ocrx_word' id='word_1_763' title='bbox 3388 5138 3478 5194; x_wconf 81' lang='grc' dir='ltr'>τὸν</span> <span class='ocrx_word' id='word_1_764' title='bbox 3510 5135 3597 5193; x_wconf 69' lang='grc' dir='ltr'><strong>ἐπ’</strong></span> <span class='ocrx_word' id='word_1_765' title='bbox 3640 5136 3814 5216; x_wconf 80' lang='grc' dir='ltr'>ἐσχά-</span> 
     </span>
    </p>
   </div>
   <div class='ocr_carea' id='block_1_114' title="bbox 2172 5222 3814 5307">
    <p class='ocr_par' dir='ltr' id='par_1_114' title="bbox 2172 5222 3814 5307">
     <span class='ocr_line' id='line_1_114' title="bbox 2172 5222 3814 5307; baseline -0.001 -23"><span class='ocrx_word' id='word_1_766' title='bbox 2172 5250 2277 5284; x_wconf 90' lang='grc' dir='ltr'><strong>των</strong></span> <span class='ocrx_word' id='word_1_767' title='bbox 2307 5225 2369 5282; x_wconf 78' lang='grc' dir='ltr'>ἐκ</span> <span class='ocrx_word' id='word_1_768' title='bbox 2422 5232 2523 5295; x_wconf 87' lang='grc' dir='ltr'><strong>τῆς</strong></span> <span class='ocrx_word' id='word_1_769' title='bbox 2580 5226 2790 5307; x_wconf 77' lang='grc' dir='ltr'>Μητρὸς</span> <span class='ocrx_word' id='word_1_770' title='bbox 2832 5227 2921 5282; x_wconf 87' lang='grc' dir='ltr'>καὶ</span> <span class='ocrx_word' id='word_1_771' title='bbox 2976 5222 3096 5284; x_wconf 85' lang='grc' dir='ltr'>κατ’</span> <span class='ocrx_word' id='word_1_772' title='bbox 3151 5224 3281 5283; x_wconf 88' lang='grc' dir='ltr'>ἰδίαν</span> <span class='ocrx_word' id='word_1_773' title='bbox 3330 5226 3639 5301; x_wconf 83' lang='grc' dir='ltr'>ὑπόστασιν,</span> <span class='ocrx_word' id='word_1_774' title='bbox 3700 5227 3814 5289; x_wconf 80' lang='grc' dir='ltr'><strong>πῶς</strong></span> 
     </span>
    </p>
   </div>
   <div class='ocr_carea' id='block_1_115' title="bbox 2171 5312 3814 5397">
    <p class='ocr_par' dir='ltr' id='par_1_115' title="bbox 2171 5312 3814 5397">
     <span class='ocr_line' id='line_1_115' title="bbox 2171 5312 3814 5397; baseline -0.004 -20"><span class='ocrx_word' id='word_1_775' title='bbox 2171 5320 2265 5377; x_wconf 72' lang='grc' dir='ltr'><strong>οὐκ</strong></span> <span class='ocrx_word' id='word_1_776' title='bbox 2307 5314 2367 5371; x_wconf 82' lang='grc' dir='ltr'><strong>ἂν</strong></span> <span class='ocrx_word' id='word_1_777' title='bbox 2398 5315 2746 5395; x_wconf 85' lang='grc' dir='ltr'>ἀρνηθείημεν</span> <span class='ocrx_word' id='word_1_778' title='bbox 2777 5316 2867 5372; x_wconf 82' lang='grc' dir='ltr'><strong>τὸν</strong></span> <span class='ocrx_word' id='word_1_779' title='bbox 2894 5312 2985 5372; x_wconf 79' lang='grc' dir='ltr'>ἕνα</span> <span class='ocrx_word' id='word_1_780' title='bbox 3020 5316 3201 5396; x_wconf 80' lang='grc' dir='ltr'>Κύριον</span> <span class='ocrx_word' id='word_1_781' title='bbox 3227 5316 3315 5373; x_wconf 82' lang='grc' dir='ltr'><strong>καὶ</strong></span> <span class='ocrx_word' id='word_1_782' title='bbox 3350 5315 3626 5384; x_wconf 78' lang='grc' dir='ltr'>Δισπότην</span> <span class='ocrx_word' id='word_1_783' title='bbox 3660 5334 3676 5397; x_wconf 83' lang='grc'>;</span> <span class='ocrx_word' id='word_1_784' title='bbox 3717 5318 3814 5380; x_wconf 77' lang='grc' dir='ltr'><strong>Εἷς</strong></span> 
     </span>
    </p>
   </div>
   <div class='ocr_carea' id='block_1_116' title="bbox 1694 5492 2103 5591">
    <p class='ocr_par' dir='ltr' id='par_1_116' title="bbox 1694 5493 2103 5565">
     <span class='ocr_line' id='line_1_116' title="bbox 1694 5493 2103 5565; baseline 0.022 -11"><span class='ocrx_word' id='word_1_785' title='bbox 1694 5495 1757 5545; x_wconf 78' lang='grc'><strong>44</strong></span> <span class='ocrx_word' id='word_1_786' title='bbox 1782 5493 1833 5556; x_wconf 91' lang='grc' dir='ltr'>ΙΙ</span> <span class='ocrx_word' id='word_1_787' title='bbox 1859 5496 2012 5565; x_wconf 87' lang='lat' dir='ltr'><strong>Tim.</strong></span> <span class='ocrx_word' id='word_1_788' title='bbox 2044 5515 2103 5562; x_wconf 84' lang='grc' dir='ltr'><strong>ιιι</strong></span> 
     </span>
    </p>
   </div>
   <div class='ocr_carea' id='block_1_117' title="bbox 2184 5492 3815 5591">
    <p class='ocr_par' dir='ltr' id='par_1_117' title="bbox 2184 5492 3815 5591">
     <span class='ocr_line' id='line_1_117' title="bbox 2184 5492 3815 5591; baseline -0.002 -31"><span class='ocrx_word' id='word_1_789' title='bbox 2184 5498 2263 5562; x_wconf 89' lang='lat' dir='ltr'><strong>I3.</strong></span> <span class='ocrx_word' id='word_1_790' title='bbox 2352 5493 2415 5545; x_wconf 72' lang='grc'><strong>4⁸</strong></span> <span class='ocrx_word' id='word_1_791' title='bbox 2441 5495 2581 5559; x_wconf 93' lang='lat' dir='ltr'><strong>Luc.</strong></span> <span class='ocrx_word' id='word_1_792' title='bbox 2615 5510 2761 5574; x_wconf 81' lang='lat' dir='ltr'><strong>xvu,</strong></span> <span class='ocrx_word' id='word_1_793' title='bbox 2792 5493 2893 5559; x_wconf 74' lang='lat'><strong>23.</strong></span> <span class='ocrx_word' id='word_1_794' title='bbox 2979 5492 3434 5591; x_wconf 60' lang='lat' dir='ltr'><strong>wilTim.ui,6.</strong></span> <span class='ocrx_word' id='word_1_795' title='bbox 3519 5495 3581 5547; x_wconf 72' lang='grc'><strong>47</strong></span> <span class='ocrx_word' id='word_1_796' title='bbox 3604 5493 3656 5558; x_wconf 94' lang='grc' dir='ltr'><strong>ΙΙ</strong></span> <span class='ocrx_word' id='word_1_797' title='bbox 3678 5493 3815 5557; x_wconf 86' lang='lat' dir='ltr'><strong>Cor.</strong></span> 
     </span>
    </p>
   </div>
  </div>
