4192 6212
338 292 461 361 709

1486 290 1886 361 COMMENT.
1936 276 2020 348 IN
2064 282 2305 347 EPIST.
2353 274 2589 347 JUDE.

3596 272 3717 346 710

341 430 444 508 γὰρ
494 428 677 508 Κύριος
722 429 927 498 Ἰησοῦς
978 426 1095 487 καθ’
1139 427 1325 485 ἕνωσιν
1379 428 1740 501 οἰκονομικήν.
1804 417 1861 483 Ὀ
1891 420 1990 502 γὰρ

2076 416 2282 508 iactam
2314 421 2565 498 quadam
2599 416 3041 508 dispensatione
3088 417 3395 480 unionem.
3437 414 3586 508 Nam
3615 414 3722 477 Dei

338 520 444 596 πρὸ
470 518 677 574 αἰώνων
706 518 839 577 Θεοῦ
877 520 1045 597 Λόγος
1094 519 1183 575 καὶ
1228 518 1379 596 Θεὸς,
1413 518 1485 579 εἷς
1528 516 1625 583 τήν
1654 519 1751 583 τῆς
1794 514 1989 579 θεότη-

336 626 429 668 τος
457 603 607 672 δόξαν
650 606 1021 687 ἀναφοιτῶσαν
1076 605 1224 686 ἔχων
1265 606 1364 672 τὴν
1412 604 1601 683 σάρκα,
1658 604 1695 670 ἦ
1745 603 1850 659 ἀπὸ
1890 606 1989 668 τῆς

341 694 497 777 ἁγίας
545 694 807 775 Παρθένου
863 696 914 762 ἐξ
968 696 1145 776 ἀρχῆς
1175 693 1517 769 ,συλλήψεως
1575 689 1847 761 ἀνέλαϐεν,
1909 694 1991 753 εἷς

338 786 431 841 καὶ
462 786 491 840 ὁ
519 784 675 848 αύτός
728 784 870 841 ἐστιν
924 785 1170 842 ἁπάντων
1225 781 1509 848 δεσπότης.
1563 804 1590 834 α
1627 780 1788 857 Χάριν
1830 799 1994 854 μετα-

334 872 588 937 τιθέντες,
677 896 705 928 ι
771 873 1165 946 Μετατιθέντες,
1224 871 1337 928 ἀντὶ
1390 872 1503 944 τοῦ,
1565 874 1994 945 μεταποιοῦντες,

341 968 779 1039 παραποιοῦντες.
820 980 851 1020 ι

435 1071 459 1105 ε
542 1040 873 1125 ’Υπομνῆσαι
925 1040 982 1105 δέ
1032 1050 1169 1124 ὑμᾶς
1237 1046 1515 1124 βούλομαι,
1590 1042 1792 1109 είδότας
1863 1045 1996 1120 ὑμᾶς

340 1135 481 1202 ἅπαξ
552 1145 728 1213 τοῦτο,
802 1136 883 1195 ὅτι
943 1140 970 1194 ὃ
1036 1137 1223 1214 Κύριος
1267 1136 1394 1193 λαὸν
1438 1136 1499 1190 ἐκ
1567 1136 1665 1200 τῆς
1735 1133 1995 1210 Αἰγύπτου

340 1226 544 1304 σώσας,
603 1227 665 1281 τὸ
747 1224 985 1304 δεύτερον
1065 1226 1189 1288 τοὺς
1269 1224 1348 1300 μὴ
1420 1222 1800 1286 πιστεύσαντας
1882 1220 1994 1277 ἀπ-

339 1312 560 1376 ώλεσεν.
641 1312 927 1393 Ἀγγέλους
997 1335 1055 1371 τε
1136 1313 1258 1376 τοὺς
1339 1313 1418 1388 μὴ
1484 1312 1822 1388 τηρήσαντας
1891 1308 1990 1376 τὴν

338 1400 535 1457 ἐάυτῶν
591 1402 791 1482 ἀρχὴν,
849 1400 985 1458 ἀλλά
1056 1399 1413 1466 ἀπολιπόντας
1483 1401 1546 1456 τὸ
1614 1396 1751 1456 ἴδιον
1827 1398 1984 1464 οἰκη-

338 1490 550 1566 τήριον,
651 1492 724 1552 εἰς
828 1492 996 1566 κρίσιν
1095 1488 1337 1568 μεγάλης
1433 1487 1662 1567 ἡμέρας,
1764 1483 1984 1561 δεσμοῖς

339 1575 534 1640 ἀϊδίοις
599 1578 702 1635 ὑπὸ
784 1580 940 1660 ζόφον
1022 1568 1337 1657 τετήρηκεν.
1432 1569 1523 1641 Ὠς
1607 1573 1819 1652 Σόδομα
1900 1575 1987 1631 καὶ

340 1663 600 1743 Γόμορῤα,
661 1669 747 1722 καὶ
817 1670 867 1724 αι
922 1669 1039 1747 περὶ
1111 1668 1269 1733 esse;
1344 1666 1548 1741 πόλεις,
1621 1667 1712 1721 τὸν
1793 1662 1985 1739 ὅμοιον

337 1753 543 1817 τούτοις
650 1756 845 1833 τρόπον
940 1755 1373 1836 ἐκπορνεύσασαι,
1476 1755 1564 1810 καὶ
1672 1749 1988 1808 ἀπελθοῦσαι

339 1842 510 1898 ὀπίσω
580 1846 772 1923 σαρκὸς
846 1845 1052 1924 ἑτέρας,
1138 1842 1442 1925 πρόκεινται
1521 1841 1739 1922 δεῖγμα,
1826 1841 1988 1920 πυρὸς

340 1930 551 1986 αἰωνίου
632 1929 784 1998 δίκην
878 1933 1173 2013 ὑπέχουσαι
1213 1951 1231 1970 ο
1342 1931 1539 2008 ὁμοίως
1639 1929 1820 2006 μέντοι
1901 1930 1989 1985 καὶ

340 2020 482 2075 οὗτοι
554 2019 1002 2101 ἐνυπνιαζόμενοι,
1092 2022 1259 2098 σάρκα
1343 2022 1443 2097 μὲν
1511 2019 1804 2095 μιαίνουσι,
1887 2039 1989 2101 κυ-

341 2108 561 2185 ριότητα
634 2105 687 2163 δὲ
756 2096 1013 2183 ἀθετοῦσι,
1081 2096 1231 2176 δόξας
1315 2106 1370 2166 δὲ
1450 2107 1845 2191 βλασφημοῦσι.
1933 2096 1990 2163 Ὀ

342 2193 400 2251 δὲ
456 2195 681 2276 Μιχαὴλ
737 2200 765 2254 ὁ
835 2197 1198 2279 ἀρχάγγελος,
1256 2197 1346 2255 ὅτε
1427 2205 1504 2273 τῷ
1585 2194 1815 2270 διαϐόλῳ
1868 2193 1988 2251 δια-

342 2284 650 2363 κρινόμενος
746 2284 1011 2365 διελέγετο
1078 2290 1195 2367 περὶ
1274 2293 1367 2345 τοῦ
1452 2285 1714 2351 Μωΰσέως
1800 2284 1987 2360 σώμα-

343 2394 458 2453 τος,
543 2375 639 2430 οὒκ
722 2373 988 2451 ἐτόλμησε
1084 2376 1253 2455 κρίσιν
1348 2375 1656 2455 ἐπενεγκεῖν
1737 2371 1986 2453 βλασφη-

345 2462 492 2536 μίας,
560 2460 679 2518 ἀλλ’
751 2464 930 2538 εἶπεν,
986 2461 1337 2540 Ἐπιτιμήσαι
1425 2487 1506 2522 σοι
1564 2465 1771 2542 Κύριος.
1833 2466 1987 2521 Οὒτοι

342 2548 402 2606 δὲ
464 2548 563 2606 ὅσα
645 2552 741 2626 μὲν
824 2556 919 2612 οὔκ
988 2550 1164 2610 οἴδασι
1240 2552 1665 2633 βλασφημοῦσιν,
1750 2552 1849 2609 ὅσα
1929 2549 1985 2607 δὲ

341 2646 600 2720 φυσικῶς,
658 2643 733 2704 ὣς
773 2643 839 2698 τὰ
894 2639 1062 2720 ἄλογα
1113 2647 1247 2716 ζῶα,
1305 2641 1629 2715 ἐπίστανται,
1677 2642 1730 2698 ἐν
1782 2641 1989 2704 τούτοις

344 2728 660 2808 φθείρονται.
711 2752 736 2786 .

433 2818 672 2894 Εἶρηκὼς
738 2819 839 2886 τὴν
918 2818 1198 2897 ἀσέλγειαν
1285 2826 1391 2877 τῶν
1462 2820 1768 2898 ἀκαθάρτων
1840 2829 1993 2879 Νικο-

346 2903 550 2961 λαϊτῶν
610 2908 699 2963 καὶ
753 2907 1221 2984 Οίῦαιιεντινιανῶν,
1277 2910 1365 2965 καὶ
1417 2909 1850 2988 Μαρκιωνιστῶν,
1906 2911 1993 2966 καὶ

345 2993 524 3074 ὥσπερ
580 2993 823 3073 ἐγκαύσει
870 2998 971 3053 τινὶ
1018 2998 1312 3073 ἐπισήμους
1355 2998 1542 3062 αὖτοὺς
1602 2999 1831 3067 ποιήσας
1887 2996 1993 3053 ἀπὸ

346 3087 447 3149 τῆς
532 3083 833 3165 προσούσης
910 3088 1093 3149 αὐτοῖς
1154 3083 1563 3165 βορϐορότητος,
1636 3085 1822 3164 ἐπάγει
1904 3087 1993 3142 καὶ

346 3173 510 3228 ταῦτα
542 3187 570 3254 Ἀ
600 3191 628 3232 ε
664 3164 722 3231 Ὀ
772 3174 957 3252 Κύριος
1014 3172 1143 3230 λαὸν
1201 3164 1261 3231 ἐκ
1317 3180 1418 3253 γῆς
1490 3175 1779 3254 Αἰγύπτου,
1830 3198 1855 3231 ε
1903 3176 1993 3233 καὶ

347 3259 494 3328 ἑξῆς.
558 3252 721 3338 ιΟμοῦ
775 3263 873 3339 μὲν
939 3260 1024 3321 διὰ
1075 3264 1275 3321 τούτων
1317 3252 1541 3338 δεικνὺς,
1569 3252 1673 3328 Ἵὼς
1742 3267 1771 3321 ὁ
1840 3264 1996 3330 αὐτὸς

353 3352 485 3414 Θεὸς
512 3355 613 3418 τῆς
652 3349 884 3416 παλαιᾶς
913 3351 1028 3409 ἐστι
1061 3354 1148 3409 καὶ
1177 3351 1296 3416 νέας
1353 3352 1670 3432 εἰσηγητὴς,
1730 3352 1848 3411 ἀλλ’
1892 3353 1998 3433 οὗχ

349 3440 425 3503 ὣς
467 3440 514 3496 οἱ
543 3441 720 3519 μιαροὶ
748 3442 913 3515 οὗτοι,
963 3439 1123 3497 ἄλλον
1166 3441 1265 3517 μὲν
1312 3443 1404 3498 τὸν
1444 3446 1544 3508 τῆς
1599 3440 1830 3508 παλαιᾶς
1887 3443 1994 3523 φά-

349 3549 566 3592 σκοντες
624 3531 985 3604 τιμωρητικὸν
1036 3531 1125 3587 καὶ
1193 3531 1365 3607 ὠμὸν,
1417 3528 1578 3587 ἄλλον
1638 3528 1692 3586 δέ
1748 3532 1841 3587 τὸν
1896 3536 1996 3599 τῆς

351 3615 493 3692 νέας,
550 3623 793 3697 προσηνῆ
852 3619 941 3675 καὶ
993 3617 1357 3698 φιλάνθρωπον
1424 3616 1610 3700 ἔφοδον
1653 3620 1795 3677 εἶναι
1837 3621 1989 3700 Θεὸν,

353 3706 464 3782 ἀμα
490 3704 545 3761 δὲ
574 3708 663 3763 καὶ
690 3709 762 3770 ὡς
793 3704 910 3764 οὐδὲ
957 3708 1005 3764 οἱ
1059 3714 1147 3764 νῦν
1205 3707 1532 3788 ἀτιμώρητοι
1590 3710 1843 3785 μείνειαν,
1902 3700 1993 3772 Ὢς

349 3792 467 3852 οὐδὲ
522 3796 569 3852 οἱ
619 3793 672 3861 ἐξ
726 3797 1015 3878 Αἰγύπτου,
1094 3794 1179 3853 διὰ
1246 3797 1344 3873 μὲν
1416 3797 1515 3865 τὴν
1572 3795 1994 3878 δπερόάλλουσαν

348 3880 587 3960 δύναμιν,
632 3885 721 3941 καὶ
760 3885 860 3953 τὴν
915 3887 1044 3964 πρὸς
1110 3889 1231 3952 τοὺς
1301 3885 1531 3965 πατέρας
1598 3890 1770 3945 αὐτῶν
1830 3889 1997 3965 ὁρκω-

351 3974 563 4049 μοσίαν,
614 3981 707 4031 τοῦ
764 3977 895 4032 Θεοῦ
934 3980 1032 4043 τῆς
1087 3977 1446 4054 Αἰγυπτιακῆς
1505 3976 1689 4039 αὐτοὺς
1751 3974 1998 4032 ἀπαλλά-

350 4061 535 4128 ξαντος
580 4062 721 4142 βίας,
779 4064 838 4121 οὗ
894 4062 1073 4140 μέντοι
1129 4065 1215 4121 καὶ
1259 4065 1734 4143 παρανομήσαντες
1803 4064 2001 4140 ἀτιμώ-

352 4172 511 4230 ρητοι
550 4148 1023 4233 διαμεμενήκασιν,
1083 4150 1203 4210 ἀλλ’
1256 4151 1440 4211 ἔδοσαν
1476 4152 1620 4217 δίκας
1665 4152 1808 4221 ἀξίας
1852 4152 1998 4213 οὐδὲν

352 4241 539 4304 αὐτοὺς
593 4239 969 4322 ὠφελήσαντος
1039 4252 1132 4302 τοῦ
1183 4245 1315 4323 πρὸς
1367 4244 1489 4307 τοὺς
1545 4245 1716 4301 αὐτῶν
1771 4243 1999 4324 πατέρας

351 4327 446 4386 τοῦ
488 4336 619 4386 Θεοῦ
687 4330 955 4407 εὖμενοῦς,
1018 4329 1134 4388 οὒδὲ
1186 4335 1286 4401 τῆς
1341 4337 1447 4389 τῶν
1502 4333 1783 4408 θαυμάτων
1835 4333 2000 4413 ὕπερ-

354 4418 514 4482 φυοῦς
557 4418 642 4476 διὰ
680 4420 897 4484 τούτους
951 4420 1242 4499 ἐναργείας,
1276 4423 1350 4486 ὡς
1381 4419 1499 4479 οὐδὲ
1556 4422 1684 4496 μοὺς
1716 4420 2000 4478 ἐκπεπτω-

2076 503 2337 569 Verbuin
2362 526 2429 568 ac
2465 511 2619 568 Deus
2650 519 2790 569 ante
2822 507 3058 588 saecula,
3090 515 3455 587 assumptum
3495 503 3720 565 habens

2074 595 2146 656 ad
2178 597 2424 673 gloriam
2460 595 2549 656 di\
2568 596 2790 657 iuitatis
2821 615 3270 677 carnem,quam
3299 615 3332 655 a
3361 594 3559 655 divina
3578 592 3721 655 Vir-

2074 684 2210 763 gina
2239 684 2311 746 ab
2342 684 2511 745 initio
2542 682 2965 765 conceptiones
3002 683 3254 765 accepit,
3289 703 3442 744 unus
3475 690 3531 743 et
3562 682 3718 742 idem

2078 780 2166 834 est
2194 772 2458 833 omnium
2492 773 2690 836 herus.
2731 796 2754 829 ιι
2790 772 3051 836 Gratiam
3115 772 3512 832 transferunt:
3544 793 3572 826 ι
3609 772 3719 832 hoc

2078 868 2191 935 est,
2228 869 2638 932 transmutaut,
2674 868 3081 940 corrumpunt.

2157 1037 2297 1097 624
2329 1038 2475 1100 510
2519 1040 2659 1100 l'olo
2688 1048 2887 1101 autem
2914 1056 3016 1100 vos
3046 1039 3719 1115 commonefacere;cum

2076 1126 2340 1189 sciamus
2358 1130 2543 1189 semel
2564 1127 2898 1206 illud,t]u0d
2909 1127 3196 1189 Dominus
3210 1135 3601 1207 posteaquam
3615 1141 3722 1204 po-

2073 1215 2289 1293 pulum
2308 1233 2387 1277 ea:
2400 1214 2675 1295 Egi/pta
2695 1225 2935 1277 salvum
2956 1216 3495 1288 eduxeral,rursus
3511 1230 3608 1275 eos
3619 1220 3723 1291 qui

2072 1320 2193 1365 non
2209 1305 2600 1367 crediderunt
2604 1303 2874 1384 perdidit
2902 1325 2915 1367 :
2939 1304 3213 1383 quodque
3223 1302 3463 1383 angelos
3479 1304 3583 1379 qui
3601 1319 3719 1364 non

2071 1400 2476 1455 servaverant
2495 1410 2671 1455 suam
2700 1391 3130 1473 originem,sed
3147 1391 3526 1469 reliquerant
3544 1406 3719 1451 suum

2071 1478 2887 1559 domicilium,adjudicium
2907 1485 3113 1560 magni
3127 1481 3255 1542 diei
3280 1479 3534 1540 vinculis
3550 1487 3723 1539 ceter-

2070 1568 2169 1629 nis
2194 1569 2305 1631 sub
2345 1571 2610 1647 caligine
2666 1570 2953 1631 servavit.
3007 1568 3182 1630 Sicut
3208 1566 3479 1629 Sodoma
3506 1574 3564 1626 et
3596 1564 3721 1628 Go-

2070 1672 2275 1718 morra
2303 1657 2513 1737 hisque
2540 1658 2819 1738 ﬁnitima:
2848 1658 3142 1737 civitates,
3166 1673 3299 1735 quae
3325 1656 3405 1717 ad
3432 1654 3722 1716 consimi-

2071 1743 2187 1808 lem
2206 1747 2451 1809 modum
2480 1765 2613 1810 cum
2642 1747 2767 1808 illis
2804 1748 3045 1825 fuerant
3070 1751 3242 1808 extra
3270 1753 3479 1825 stupra
3506 1744 3723 1823 inqui-

2072 1840 2253 1905 nata.
2282 1844 2341 1896 et
2367 1853 2608 1898 carnem
2641 1834 2911 1897 alienam
2949 1842 3191 1908 secutae,
3237 1834 3558 1913 proposita:
3585 1832 3723 1892 sunt

2070 1922 2368 2004 exemplo,
2403 1925 2567 2002 ignis
2598 1924 2817 1986 aeterni
2843 1939 3079 2003 pennam
3101 1928 3492 1983 sustinentes.
3526 1919 3721 1982 Simi-

2072 2010 2212 2073 liter
2236 2028 2382 2074 sane
2410 2021 2464 2074 el
2486 2013 2550 2074 lii
2581 2012 2899 2074 insomniis
2947 2012 3191 2092 agitati,
3223 2027 3462 2073 carnem
3485 2011 3721 2090 quidem

2073 2100 2379 2179 polluant,
2412 2102 2881 2164 dominationem
2910 2117 3051 2162 vero
3087 2106 3406 2180 spernunt,
3431 2104 3498 2160 in
3521 2101 3725 2178 spten-

2070 2187 2253 2251 dores
2282 2190 2599 2253 maledicta
2628 2197 2973 2271 congerunt.
2999 2190 3081 2251 At
3100 2188 3356 2250 Michael
3376 2189 3714 2267 archange-

2073 2277 2332 2353 lus,cum
2361 2279 2648 2342 adversus
2677 2278 2986 2341 diabolum
3014 2284 3250 2340 certans
3277 2278 3615 2359 disputaret
3643 2280 3719 2342 de

2068 2383 2319 2447 corpore
2366 2369 2672 2441 Mosi,non
2701 2385 2903 2430 ausus
2928 2375 3018 2429 est
3040 2366 3139 2428 illi
3163 2366 3523 2430 maledicum
3540 2370 3717 2448 judi-

2071 2459 2232 2517 cium
2260 2457 2723 2537 impingere,sed
2760 2456 2966 2517 dixit:
3011 2453 3276 2535 Increpet
3307 2464 3362 2517 te
3392 2455 3711 2519 Dominus.

2070 2545 2155 2607 At
2183 2545 2288 2607 isti
2309 2562 2439 2624 quae
2467 2565 2585 2608 non
2611 2552 2933 2625 noverunt,
2956 2562 3025 2606 ea
3056 2545 3392 2607 maledictis
3420 2547 3719 2608 insectan-

2074 2638 2220 2694 tur:
2247 2650 2383 2712 quae
2403 2651 2545 2696 vero
2591 2651 2629 2695 a
2659 2639 2905 2709 natura,
2937 2649 3049 2695 ceu
3077 2635 3421 2695 animantia
3452 2638 3717 2697 rationis

2072 2728 2345 2802 expertia
2368 2724 2586 2799 sciunt,
2619 2725 2685 2785 in
2717 2722 2811 2785 his
2842 2729 3340 2802 corrumpuntur.

2153 2809 2468 2893 Postquam
2494 2811 2864 2892 impurorum
2895 2811 3314 2873 Nicolaitarum
3346 2808 3716 2874 Valentinia-

2075 2916 2287 2961 norum
2317 2919 2385 2961 ac
2410 2900 2920 2963 Marcionistarum
2950 2898 3102 2962 dixit
3130 2899 3450 2975 lasciviam,
3478 2918 3536 2961 et
3563 2902 3723 2963 velut

2073 2987 2376 3050 inustione
2405 2989 2655 3069 quadam
2720 2989 2982 3069 insignes
3014 3008 3113 3051 eos
3142 2987 3217 3050 ab
3248 2988 3511 3070 ipsorum
3542 2989 3721 3052 {cetu-

2072 3077 2232 3139 lenta
2276 3077 2640 3158 turpitudine
2684 3078 2967 3152 reddidit,
3002 3078 3177 3140 etiam
3221 3078 3335 3139 hoc
3363 3078 3670 3158 subjungit
3702 3094 3716 3142 :

2088 3168 2510 3249 «Posteaquam
2540 3167 2833 3230 Dominus
2864 3167 3144 3249 populum
3180 3185 3251 3229 ex
3278 3164 3721 3248 Egypto,setc.

2015 3231 2057 3282 ο
2080 3255 2254 3318 simul
2287 3231 2664 3337 qu.itlem,per
2695 3260 2822 3319 haec
2850 3231 3168 3319 ostendens
3196 3231 3550 3337 quod‘iilem'
3565 3258 3723 3320 Deus

2078 3364 2226 3410 vere:
2246 3346 2296 3408 is
2324 3367 2393 3408 ac
2421 3347 2555 3408 novi
2586 3347 2920 3410 testamenti
2951 3346 3028 3409 sit
3070 3356 3315 3409 auctor:
3350 3355 3406 3408 et
3439 3365 3555 3407 non
3573 3347 3727 3409 sicut

2077 3434 2281 3498 dicunt
2311 3436 2372 3497 hi
2402 3436 2698 3517 scelerati,
2722 3436 2903 3498 alium
2933 3436 3115 3500 fuisse
3142 3435 3380 3510 veteris,
3411 3434 3726 3499 vindican-

2078 3533 2197 3587 tem
2225 3543 2293 3587 ac
2325 3544 2542 3587 saevum
2580 3546 2595 3586 :
2629 3525 2809 3587 alium
2842 3542 2982 3587 vero
3014 3524 3386 3599 novi,mitem
3414 3541 3484 3585 ac
3514 3523 3726 3585 huma-

2077 3633 2220 3677 num
2235 3613 2545 3695 praesidem
2569 3632 2701 3676 esse
2724 3615 2911 3676 Deum
2939 3631 2953 3676 :
2983 3620 3040 3674 et
3060 3610 3333 3675 simulait
3353 3610 3508 3693 quod
3531 3629 3728 3692 neque

2077 3702 2121 3764 ii
2145 3704 2245 3785 qui
2277 3722 2435 3765 nunc
2469 3721 2737 3784 peccant,
2799 3702 2972 3763 inulti
3028 3718 3380 3783 permanere
3428 3707 3722 3781 poterunt,

2077 3792 2576 3875 quemadmodum
2631 3811 2826 3874 neque
2879 3792 2968 3854 illi
3023 3791 3122 3873 qui
3153 3808 3225 3853 ex
3254 3789 3499 3871 {Egypto
3530 3787 3728 3853 educti

2080 3882 2331 3944 fuerant.
2362 3880 2507 3943 Nam
2540 3882 2834 3944 immensa
2862 3880 3102 3962 quidem
3135 3878 3244 3941 Dei
3274 3878 3571 3954 virtute,et
3597 3896 3730 3958 pro-

2083 3979 2213 4052 pter
2234 3971 2657 4051 jusjurandum
2685 3971 2758 4034 ad
2793 3978 2988 4051 patres
3013 3969 3277 4051 ipsorum
3308 3967 3551 4041 factum,
3571 3966 3728 4029 Deus

2083 4061 2215 4123 illos
2245 4061 2318 4123 ab
2344 4060 2686 4142 Egyptiaca
2732 4059 3018 4123 servitute
3046 4077 3114 4121 ac
3162 4057 3470 4139 tyrannide
3503 4055 3727 4119 libera-

2082 4156 2247 4215 verat
2279 4172 2294 4209 :
2333 4168 2446 4212 nec
2501 4159 2695 4212 tamen
2743 4149 2844 4231 qui
2891 4148 3076 4229 impie
3106 4154 3355 4227 egerunt
3382 4145 3555 4210 inulti
3587 4162 3728 4225 per-

2084 4249 2451 4314 manserunt,
2485 4239 2588 4302 sed
2621 4239 2829 4319 dignas
2857 4239 3155 4300 dederunt
3185 4254 3429 4317 poenas;
3462 4235 3731 4317 nihilque

2083 4328 2203 4390 illis
2234 4328 2452 4410 profuit
2477 4327 2633 4410 quod
2662 4327 2954 4408 benignus
2986 4324 3163 4388 fuerit
3192 4327 3350 4388 Deus
3371 4341 3510 4403 erga
3534 4334 3730 4405 patres

2082 4418 2346 4499 ipsorum
2378 4435 2393 4481 :
2420 4435 2614 4499 neque
2653 4417 3088 4479 iniitimmensa
3102 4413 3407 4494 signorum
3434 4411 3730 4476 evidentia

352 4505 513 4572 κότας
542 4506 819 4590 ἀγγέλους,
861 4511 924 4565 τὸ
952 4508 1057 4566 ἀπὸ
1086 4516 1219 4567 Θεοῦ
1258 4509 1514 4589 γενέσθαι,
1560 4512 1650 4567 καὶ
1692 4517 1844 4584 νοερᾷ
1899 4511 1994 4592 φύ-

2085 4516 2325 4589 propter
2352 4507 2461 4568 hos
2491 4506 2789 4568 exhibita:
2825 4503 3323 4592 quemadmodum
3343 4519 3533 4592 neque
3554 4518 3730 4580 ange-

354 4615 435 4652 σει
464 4601 794 4672 τετιμῆσθαι,
831 4595 948 4655 οὐδὲ
988 4600 1109 4665 τοὺς
1167 4598 1456 4675 Σοδομίτας
1485 4602 1521 4669 ἡ
1565 4600 1699 4676 μετά
1754 4599 1847 4657 τοῦ
1879 4601 2000 4658 Λὼτ

351 4684 625 4749 συναυλία.
671 4683 823 4743 Ἀλλ’
881 4689 934 4744 οἱ
988 4687 1086 4763 μὲν
1140 4687 1238 4756 τὴν
1294 4685 1539 4768 Ἐρυθρὰν
1595 4689 1859 4746 θάλασσαν
1916 4688 2000 4746 διὰ

352 4770 515 4853 ξηρᾶς
585 4771 873 4841 διελθόντες
945 4774 1031 4832 διὰ
1086 4776 1336 4851 πίστεως,
1396 4775 1608 4856 ὕστερον
1677 4777 2004 4847 ἀπιστήσαν-

350 4882 443 4927 τες
487 4862 786 4925 ἀπώλοντο.
820 4864 950 4929 Τούς
992 4862 1048 4920 δὲ
1101 4867 1202 4932 τῆς
1261 4863 1550 4944 ἀγγελικῆς
1607 4863 1751 4931 ἀξίας
1795 4863 2001 4945 λαχόν-

354 4973 451 5018 τας
479 4955 542 5010 τὸ
567 4954 766 5034 τίμιον,
817 4953 877 5011 ἐκ
932 4954 1181 5032 ῥᾳθυμίας
1225 4955 1305 5030 μὴ
1347 4953 1694 5031 ἐμμείναντας
1750 4960 1821 5031 τῇ
1876 4954 2002 5010 ἑαυ-

354 5051 463 5102 τῶν
522 5048 691 5127 ἀρχῆ,
745 5045 864 5104 ἀλλ’
919 5046 1276 5118 ἀθετήσαντας
1335 5048 1434 5116 τὴν
1477 5043 1761 5123 δεδομένην
1818 5048 2003 5110 αὐτοῖς

353 5133 422 5192 δι’
474 5135 777 5215 ἀγαθότητα
834 5135 1035 5196 δίαιταν
1092 5137 1420 5219 ἐπουράνιον,
1482 5138 1556 5201 εἷς
1624 5137 1812 5217 κρίσιν,
1885 5134 2004 5205 ἤτοι

355 5226 430 5289 εἷς
485 5227 792 5307 κατάκρισιν
864 5226 1106 5307 μεγάλης
1188 5227 1393 5307 ἡμέρας
1456 5249 1525 5304 τῃ
1607 5226 1835 5305 τιμωρίᾳ
1915 5225 2004 5281 καὶ

353 5313 666 5373 ἀνυποίστου
744 5318 1106 5394 τεταμίευκεν.
1192 5322 1358 5375 Τοῦτο
1446 5316 1545 5395 γὰρ
1619 5316 1708 5371 καὶ
1782 5316 1872 5371 νῦν
1940 5313 2003 5370 τὸ

354 5404 614 5484 τετήρηκε
664 5406 967 5481 σημαίνει..
1011 5408 1150 5465 Καθὸ
1232 5406 1322 5463 καὶ
1396 5407 1425 5462 ὁ
1509 5403 1735 5482 Χριστός
1817 5424 1948 5485 φησι
1981 5422 1997 5438 ·

360 5513 392 5549 α
436 5495 509 5552 Τὸ
562 5494 955 5570 ἡτοιμασμένον
1011 5501 1090 5570 τῷ
1157 5491 1386 5568 διαϐόλῳ
1438 5493 1527 5548 καὶ
1581 5504 1700 5557 τοῖς
1755 5489 2003 5571 ἀγγέλοις

356 5582 534 5645 αὐτοῦ,
572 5604 600 5637 »
668 5584 763 5641 Καὶ
822 5580 888 5651 δὴ
946 5583 993 5638 οἱ
1038 5581 1326 5658 Σοδομῖται
1368 5581 1656 5660 τεκμήριον
1703 5580 1797 5636 τοῦ
1824 5577 2006 5637 ὑποδε-

2084 4597 2175 4659 los
2203 4595 2306 4676 qui
2335 4595 2678 4658 ceciderant
2705 4596 2861 4676 quod
2891 4613 2924 4655 a
2981 4593 3102 4654 Deo
3132 4590 3368 4652 formati
3413 4598 3636 4664 essent,
3671 4596 3731 4650 et

2084 4683 2471 4767 intellectuali
2503 4693 2712 4746 natura
2748 4681 2977 4764 praediti
3012 4702 3026 4743 :
3061 4682 3197 4742 627
3229 4680 3358 4758 (sic)
3393 4696 3587 4767 neque
3616 4676 3731 4767 Sof

2084 4765 2341 4838 domitas
2368 4773 2524 4855 quod
2555 4791 2672 4835 una
2702 4791 2836 4835 cum
2871 4775 2982 4835 Lot
3012 4769 3367 4833 habitarent.
3393 4767 3509 4831 Sed
3543 4766 3602 4829 hi
3631 4765 3733 4847 qui

2088 4863 2519 4927 mare-Rubrum
2533 4860 3072 4937 velutaridamﬁde
3086 4864 3339 4940 primum
3353 4856 3728 4932 transierant,

2088 4951 2461 5033 postmodum
2493 4950 2630 5014 facti
2653 4948 2944 5012 increduli
2975 4944 3418 5030 perierunt.Qui
3447 4962 3589 5008 vero
3617 4964 3731 5006 an-

2084 5040 2289 5121 gelicae
2317 5039 2620 5120 dignitatis
2649 5040 2939 5102 honorem
2969 5037 3161 5099 sortiti
3191 5037 3589 5109 fuerant,cum
3614 5051 3734 5115 pra:

2085 5129 2339 5209 segnitie
2369 5148 2485 5191 non
2514 5128 2980 5210 permansissent
3005 5127 3065 5188 in
3087 5144 3194 5188 sua
3210 5124 3570 5205 origine,sed
3596 5139 3734 5184 cor-

2083 5219 2384 5300 rupissent
2414 5220 2619 5280 datum
2637 5216 2753 5279 sibi
2769 5234 2837 5278 ex
2863 5215 3123 5278 honitate
3147 5214 3387 5278 sceleste
3415 5214 3547 5276 vitae
3566 5212 3737 5274 insti-

2085 5315 2296 5381 tutum,
2332 5306 2404 5368 ad
2430 5306 2726 5386 judicium
2754 5306 2879 5369 sive
2908 5302 3736 5383 condemnationem,suppli-

2086 5399 2177 5459 cio
2201 5396 2398 5475 magni
2427 5405 2483 5459 et
2511 5394 2900 5457 intolerabilis
2919 5392 3040 5456 diei
3053 5393 3321 5474 reposuit
3340 5399 3399 5455 et
3418 5408 3739 5454 conserva-

2083 5483 2340 5548 viLNam
2371 5485 2483 5548 hoc
2544 5484 2722 5548 etiam
2780 5502 2940 5546 nunc
2970 5481 3541 5563 signiﬁcata-c1591,“
3567 5482 3741 5542 Juxta

2085 5574 2230 5637 illud
2267 5575 2422 5655 quod
2454 5574 2536 5637 ait
2564 5573 2835 5638 Christus
2868 5591 2882 5633 :
2927 5571 3070 5646 «Qui
3105 5578 3467 5655 praaparatus
3497 5567 3737 5632 estdis-
