  <div class='ocr_page' id='page_1' title='image "/cluster/home/n/w/nwhite01/storage/ocr_20150623/119/hvd.32044073502494/363.png"; bbox 0 0 4192 6212; ppageno 0'>
   <div class='ocr_carea' id='block_1_1' title="bbox 501 288 605 351">
    <p class='ocr_par' dir='ltr' id='par_1_1' title="bbox 501 288 605 351">
     <span class='ocr_line' id='line_1_1' title="bbox 501 288 605 351; baseline 0.058 -5"><span class='ocrx_word' id='word_1_1' title='bbox 501 288 605 351; x_wconf 74' lang='grc'><strong>711</strong></span> 
     </span>
    </p>
   </div>
   <div class='ocr_carea' id='block_1_2' title="bbox 1610 245 2737 353">
    <p class='ocr_par' dir='ltr' id='par_1_2' title="bbox 1610 245 2737 353">
     <span class='ocr_line' id='line_1_2' title="bbox 1610 245 2737 353; baseline 0.001 -1"><span class='ocrx_word' id='word_1_2' title='bbox 1610 284 2022 352; x_wconf 82' lang='lat' dir='ltr'><strong>(ECUMENII</strong></span> <span class='ocrx_word' id='word_1_3' title='bbox 2063 284 2359 350; x_wconf 67' lang='lat' dir='ltr'><strong>ramea:</strong></span> <span class='ocrx_word' id='word_1_4' title='bbox 2399 245 2737 353; x_wconf 73' lang='lat' dir='ltr'><strong>Episcopi</strong></span> 
     </span>
    </p>
   </div>
   <div class='ocr_carea' id='block_1_3' title="bbox 3751 286 3875 360">
    <p class='ocr_par' dir='ltr' id='par_1_3' title="bbox 3751 286 3875 360">
     <span class='ocr_line' id='line_1_3' title="bbox 3751 286 3875 360; baseline 0.024 -3"><span class='ocrx_word' id='word_1_5' title='bbox 3751 286 3875 360; x_wconf 72' lang='lat'><strong>712</strong></span> 
     </span>
    </p>
   </div>
   <div class='ocr_carea' id='block_1_4' title="bbox 495 416 2115 506">
    <p class='ocr_par' dir='ltr' id='par_1_4' title="bbox 495 417 2115 505">
     <span class='ocr_line' id='line_1_4' title="bbox 495 417 2115 505; baseline -0.004 -20"><span class='ocrx_word' id='word_1_6' title='bbox 495 421 633 486; x_wconf 88' lang='lat' dir='ltr'><strong>bolo</strong></span> <span class='ocrx_word' id='word_1_7' title='bbox 660 431 716 486; x_wconf 92' lang='lat' dir='ltr'><strong>et</strong></span> <span class='ocrx_word' id='word_1_8' title='bbox 736 422 966 501; x_wconf 81' lang='lat' dir='ltr'><strong>angelis</strong></span> <span class='ocrx_word' id='word_1_9' title='bbox 984 425 1116 505; x_wconf 83' lang='lat' dir='ltr'><strong>ejus</strong></span> <span class='ocrx_word' id='word_1_10' title='bbox 1138 424 1209 482; x_wconf 64' lang='lat'><strong>‘3.</strong></span> <span class='ocrx_word' id='word_1_11' title='bbox 1225 423 1330 485; x_wconf 72' lang='grc' dir='ltr'>»Ει</span> <span class='ocrx_word' id='word_1_12' title='bbox 1346 417 2115 498; x_wconf 72' lang='lat' dir='ltr'><strong>certeSodomitaainsignun</strong></span> 
     </span>
    </p>
   </div>
   <div class='ocr_carea' id='block_1_5' title="bbox 2198 416 3865 506">
    <p class='ocr_par' dir='ltr' id='par_1_5' title="bbox 2198 416 3865 506">
     <span class='ocr_line' id='line_1_5' title="bbox 2198 416 3865 506; baseline 0.005 -29"><span class='ocrx_word' id='word_1_13' title='bbox 2198 416 2449 495; x_wconf 64' lang='lat' dir='ltr'><strong>.Eupa’vw</strong></span> <span class='ocrx_word' id='word_1_14' title='bbox 2543 419 2728 486; x_wconf 75' lang='grc' dir='ltr'>αὖτοὺς</span> <span class='ocrx_word' id='word_1_15' title='bbox 2823 419 3173 493; x_wconf 75' lang='grc' dir='ltr'><strong>ἀτελευτήτου</strong></span> <span class='ocrx_word' id='word_1_16' title='bbox 3273 426 3437 504; x_wconf 77' lang='grc' dir='ltr'>πυρὸς</span> <span class='ocrx_word' id='word_1_17' title='bbox 3536 427 3865 506; x_wconf 79' lang='grc' dir='ltr'>πρόκεινται.</span> 
     </span>
    </p>
   </div>
   <div class='ocr_carea' id='block_1_6' title="bbox 495 511 2134 595">
    <p class='ocr_par' dir='ltr' id='par_1_6' title="bbox 495 511 2134 595">
     <span class='ocr_line' id='line_1_6' title="bbox 495 511 2134 595; baseline -0.001 -21"><span class='ocrx_word' id='word_1_18' title='bbox 495 522 914 595; x_wconf 88' lang='lat' dir='ltr'><strong>proponuntur</strong></span> <span class='ocrx_word' id='word_1_19' title='bbox 935 512 1086 593; x_wconf 81' lang='lat' dir='ltr'><strong>ignis</strong></span> <span class='ocrx_word' id='word_1_20' title='bbox 1105 511 1313 575; x_wconf 70' lang='lat' dir='ltr'><strong>aeterni</strong></span> <span class='ocrx_word' id='word_1_21' title='bbox 1345 512 1444 594; x_wconf 91' lang='lat' dir='ltr'><strong>qui</strong></span> <span class='ocrx_word' id='word_1_22' title='bbox 1477 512 1634 594; x_wconf 88' lang='lat' dir='ltr'><strong>ipsos</strong></span> <span class='ocrx_word' id='word_1_23' title='bbox 1656 518 2009 589; x_wconf 81' lang='lat' dir='ltr'><strong>excepturus</strong></span> <span class='ocrx_word' id='word_1_24' title='bbox 2024 518 2134 572; x_wconf 91' lang='lat' dir='ltr'><strong>est.</strong></span> 
     </span>
    </p>
   </div>
   <div class='ocr_carea' id='block_1_7' title="bbox 499 597 2134 678">
    <p class='ocr_par' dir='ltr' id='par_1_7' title="bbox 499 597 2134 678">
     <span class='ocr_line' id='line_1_7' title="bbox 499 597 2134 678; baseline -0.003 -14"><span class='ocrx_word' id='word_1_25' title='bbox 499 600 767 664; x_wconf 61' lang='lat' dir='ltr'><strong>oSecutae</strong></span> <span class='ocrx_word' id='word_1_26' title='bbox 798 620 1036 663; x_wconf 87' lang='lat' dir='ltr'><strong>carnem</strong></span> <span class='ocrx_word' id='word_1_27' title='bbox 1080 601 1400 671; x_wconf 69' lang='lat' dir='ltr'><strong>alienam,»</strong></span> <span class='ocrx_word' id='word_1_28' title='bbox 1440 611 1494 662; x_wconf 90' lang='lat' dir='ltr'><strong>et</strong></span> <span class='ocrx_word' id='word_1_29' title='bbox 1526 600 1847 663; x_wconf 50' lang='lat' dir='ltr'><strong>fornicata.</strong></span> <span class='ocrx_word' id='word_1_30' title='bbox 1884 597 1994 658; x_wconf 90' lang='lat' dir='ltr'><strong>hoc</strong></span> <span class='ocrx_word' id='word_1_31' title='bbox 2020 604 2134 678; x_wconf 90' lang='lat' dir='ltr'><strong>est,</strong></span> 
     </span>
    </p>
   </div>
   <div class='ocr_carea' id='block_1_8' title="bbox 490 688 2135 771">
    <p class='ocr_par' dir='ltr' id='par_1_8' title="bbox 490 688 2135 771">
     <span class='ocr_line' id='line_1_8' title="bbox 490 688 2135 771; baseline -0.006 -20"><span class='ocrx_word' id='word_1_32' title='bbox 490 690 888 760; x_wconf 78' lang='lat' dir='ltr'><strong>declinantes,</strong></span> <span class='ocrx_word' id='word_1_33' title='bbox 918 689 1073 771; x_wconf 84' lang='lat' dir='ltr'><strong>quod</strong></span> <span class='ocrx_word' id='word_1_34' title='bbox 1097 692 1362 769; x_wconf 78' lang='grc' dir='ltr'>πορνεύειν</span> <span class='ocrx_word' id='word_1_35' title='bbox 1391 688 1962 769; x_wconf 68' lang='grc' dir='ltr'>εἰεῃὶῆρηι,(ἶειι“ιιριη</span> <span class='ocrx_word' id='word_1_36' title='bbox 1995 703 2135 746; x_wconf 84' lang='lat' dir='ltr'><strong>vero</strong></span> 
     </span>
    </p>
   </div>
   <div class='ocr_carea' id='block_1_9' title="bbox 488 776 2132 858">
    <p class='ocr_par' dir='ltr' id='par_1_9' title="bbox 488 776 2132 858">
     <span class='ocr_line' id='line_1_9' title="bbox 488 776 2132 858; baseline -0.002 -18"><span class='ocrx_word' id='word_1_37' title='bbox 488 779 742 840; x_wconf 88' lang='lat' dir='ltr'><strong>alienam</strong></span> <span class='ocrx_word' id='word_1_38' title='bbox 777 777 920 840; x_wconf 76' lang='lat' dir='ltr'><strong>dicit</strong></span> <span class='ocrx_word' id='word_1_39' title='bbox 975 777 1389 853; x_wconf 80' lang='lat' dir='ltr'><strong>masculinam,</strong></span> <span class='ocrx_word' id='word_1_40' title='bbox 1451 777 1605 858; x_wconf 87' lang='lat' dir='ltr'><strong>quod</strong></span> <span class='ocrx_word' id='word_1_41' title='bbox 1649 776 1718 838; x_wconf 87' lang='lat' dir='ltr'><strong>ad</strong></span> <span class='ocrx_word' id='word_1_42' title='bbox 1753 794 2132 854; x_wconf 82' lang='lat' dir='ltr'><strong>congressum</strong></span> 
     </span>
    </p>
   </div>
   <div class='ocr_carea' id='block_1_10' title="bbox 489 864 2130 947">
    <p class='ocr_par' dir='ltr' id='par_1_10' title="bbox 489 864 2130 947">
     <span class='ocr_line' id='line_1_10' title="bbox 489 864 2130 947; baseline -0.002 -18"><span class='ocrx_word' id='word_1_43' title='bbox 489 868 586 947; x_wconf 85' lang='lat' dir='ltr'><strong>qui</strong></span> <span class='ocrx_word' id='word_1_44' title='bbox 608 869 671 929; x_wconf 86' lang='lat' dir='ltr'><strong>fit</strong></span> <span class='ocrx_word' id='word_1_45' title='bbox 689 867 1095 947; x_wconf 75' lang='lat' dir='ltr'><strong>generationis</strong></span> <span class='ocrx_word' id='word_1_46' title='bbox 1117 867 1306 946; x_wconf 84' lang='lat' dir='ltr'><strong>gratia</strong></span> <span class='ocrx_word' id='word_1_47' title='bbox 1330 885 1444 927; x_wconf 90' lang='lat' dir='ltr'><strong>non</strong></span> <span class='ocrx_word' id='word_1_48' title='bbox 1480 866 1685 947; x_wconf 84' lang='lat' dir='ltr'><strong>prosit.</strong></span> <span class='ocrx_word' id='word_1_49' title='bbox 1712 869 1859 928; x_wconf 85' lang='lat' dir='ltr'><strong>Caro</strong></span> <span class='ocrx_word' id='word_1_50' title='bbox 1879 864 2037 926; x_wconf 90' lang='lat' dir='ltr'><strong>enim</strong></span> <span class='ocrx_word' id='word_1_51' title='bbox 2059 865 2130 926; x_wconf 92' lang='lat' dir='ltr'><strong>ad</strong></span> 
     </span>
    </p>
   </div>
   <div class='ocr_carea' id='block_1_11' title="bbox 491 953 2132 1035">
    <p class='ocr_par' dir='ltr' id='par_1_11' title="bbox 491 953 2132 1035">
     <span class='ocr_line' id='line_1_11' title="bbox 491 953 2132 1035; baseline -0.002 -18"><span class='ocrx_word' id='word_1_52' title='bbox 491 973 875 1035; x_wconf 84' lang='lat' dir='ltr'><strong>congressum</strong></span> <span class='ocrx_word' id='word_1_53' title='bbox 936 956 1157 1017; x_wconf 77' lang='lat' dir='ltr'><strong>faciens</strong></span> <span class='ocrx_word' id='word_1_54' title='bbox 1201 974 1338 1018; x_wconf 86' lang='lat' dir='ltr'><strong>caro</strong></span> <span class='ocrx_word' id='word_1_55' title='bbox 1387 955 1622 1016; x_wconf 73' lang='lat' dir='ltr'><strong>femina:</strong></span> <span class='ocrx_word' id='word_1_56' title='bbox 1662 964 1772 1028; x_wconf 86' lang='lat' dir='ltr'><strong>est,</strong></span> <span class='ocrx_word' id='word_1_57' title='bbox 1791 955 1957 1033; x_wconf 84' lang='lat' dir='ltr'><strong>juxta</strong></span> <span class='ocrx_word' id='word_1_58' title='bbox 1986 953 2132 1015; x_wconf 91' lang='lat' dir='ltr'><strong>illud</strong></span> 
     </span>
    </p>
   </div>
   <div class='ocr_carea' id='block_1_12' title="bbox 490 1041 2135 1125">
    <p class='ocr_par' dir='ltr' id='par_1_12' title="bbox 490 1041 2135 1125">
     <span class='ocr_line' id='line_1_12' title="bbox 490 1041 2135 1125; baseline -0.001 -20"><span class='ocrx_word' id='word_1_59' title='bbox 490 1044 647 1125; x_wconf 90' lang='lat' dir='ltr'><strong>quod</strong></span> <span class='ocrx_word' id='word_1_60' title='bbox 675 1065 705 1105; x_wconf 78' lang='grc' dir='ltr'>ει</span> <span class='ocrx_word' id='word_1_61' title='bbox 739 1045 927 1124; x_wconf 92' lang='lat' dir='ltr'><strong>primo</strong></span> <span class='ocrx_word' id='word_1_62' title='bbox 963 1056 1208 1125; x_wconf 89' lang='lat' dir='ltr'><strong>parente</strong></span> <span class='ocrx_word' id='word_1_63' title='bbox 1238 1046 1459 1105; x_wconf 86' lang='lat' dir='ltr'><strong>dictum</strong></span> <span class='ocrx_word' id='word_1_64' title='bbox 1498 1056 1583 1106; x_wconf 89' lang='lat' dir='ltr'><strong>est</strong></span> <span class='ocrx_word' id='word_1_65' title='bbox 1613 1066 1625 1106; x_wconf 90' lang='lat'><strong>:</strong></span> <span class='ocrx_word' id='word_1_66' title='bbox 1669 1041 1779 1107; x_wconf 72' lang='lat'><strong>~05</strong></span> <span class='ocrx_word' id='word_1_67' title='bbox 1801 1063 1868 1105; x_wconf 84' lang='lat' dir='ltr'><strong>ex</strong></span> <span class='ocrx_word' id='word_1_68' title='bbox 1901 1042 2135 1106; x_wconf 84' lang='lat' dir='ltr'><strong>ossibus</strong></span> 
     </span>
    </p>
   </div>
   <div class='ocr_carea' id='block_1_13' title="bbox 489 1130 2133 1196">
    <p class='ocr_par' dir='ltr' id='par_1_13' title="bbox 489 1130 2133 1196">
     <span class='ocr_line' id='line_1_13' title="bbox 489 1130 2133 1196; baseline -0.001 -2"><span class='ocrx_word' id='word_1_69' title='bbox 489 1134 639 1195; x_wconf 85' lang='lat' dir='ltr'><strong>meis</strong></span> <span class='ocrx_word' id='word_1_70' title='bbox 658 1152 728 1195; x_wconf 82' lang='lat' dir='ltr'><strong>ex</strong></span> <span class='ocrx_word' id='word_1_71' title='bbox 750 1153 885 1195; x_wconf 86' lang='lat' dir='ltr'><strong>caro</strong></span> <span class='ocrx_word' id='word_1_72' title='bbox 913 1152 979 1195; x_wconf 81' lang='lat' dir='ltr'><strong>ex</strong></span> <span class='ocrx_word' id='word_1_73' title='bbox 1004 1152 1180 1195; x_wconf 87' lang='lat' dir='ltr'><strong>carne</strong></span> <span class='ocrx_word' id='word_1_74' title='bbox 1212 1152 1344 1195; x_wconf 89' lang='lat' dir='ltr'><strong>mea</strong></span> <span class='ocrx_word' id='word_1_75' title='bbox 1364 1130 1436 1193; x_wconf 69' lang='lat'><strong>‘9.</strong></span> <span class='ocrx_word' id='word_1_76' title='bbox 1455 1161 1477 1188; x_wconf 68' lang='grc' dir='ltr'><strong><em>υ</em></strong></span> <span class='ocrx_word' id='word_1_77' title='bbox 1509 1133 1906 1196; x_wconf 70' lang='grc' dir='ltr'>Μίιεοιτιυτυιιι</span> <span class='ocrx_word' id='word_1_78' title='bbox 1934 1146 2133 1195; x_wconf 85' lang='lat' dir='ltr'><strong>autem</strong></span> 
     </span>
    </p>
   </div>
   <div class='ocr_carea' id='block_1_14' title="bbox 487 1219 2132 1303">
    <p class='ocr_par' dir='ltr' id='par_1_14' title="bbox 487 1219 2132 1303">
     <span class='ocr_line' id='line_1_14' title="bbox 487 1219 2132 1303; baseline -0.002 -19"><span class='ocrx_word' id='word_1_79' title='bbox 487 1242 623 1284; x_wconf 70' lang='lat' dir='ltr'><strong>raro</strong></span> <span class='ocrx_word' id='word_1_80' title='bbox 645 1223 841 1284; x_wconf 88' lang='lat' dir='ltr'><strong>aliena</strong></span> <span class='ocrx_word' id='word_1_81' title='bbox 863 1232 974 1297; x_wconf 87' lang='lat' dir='ltr'><strong>est,</strong></span> <span class='ocrx_word' id='word_1_82' title='bbox 1007 1221 1267 1303; x_wconf 84' lang='lat' dir='ltr'><strong>inquam.</strong></span> <span class='ocrx_word' id='word_1_83' title='bbox 1302 1241 1336 1282; x_wconf 90' lang='lat' dir='ltr'><strong>a</strong></span> <span class='ocrx_word' id='word_1_84' title='bbox 1365 1222 1520 1283; x_wconf 84' lang='lat' dir='ltr'><strong>coitu</strong></span> <span class='ocrx_word' id='word_1_85' title='bbox 1579 1220 1922 1301; x_wconf 81' lang='lat' dir='ltr'><strong>Quanquam</strong></span> <span class='ocrx_word' id='word_1_86' title='bbox 1958 1221 2015 1281; x_wconf 90' lang='lat' dir='ltr'><strong>in</strong></span> <span class='ocrx_word' id='word_1_87' title='bbox 2038 1219 2132 1282; x_wconf 86' lang='lat' dir='ltr'><strong>fe-</strong></span> 
     </span>
    </p>
   </div>
   <div class='ocr_carea' id='block_1_15' title="bbox 489 1309 2133 1392">
    <p class='ocr_par' dir='ltr' id='par_1_15' title="bbox 489 1309 2133 1392">
     <span class='ocr_line' id='line_1_15' title="bbox 489 1309 2133 1392; baseline 0 -21"><span class='ocrx_word' id='word_1_88' title='bbox 489 1318 650 1372; x_wconf 89' lang='lat' dir='ltr'><strong>mina</strong></span> <span class='ocrx_word' id='word_1_89' title='bbox 682 1330 942 1392; x_wconf 90' lang='lat' dir='ltr'><strong>quoque,</strong></span> <span class='ocrx_word' id='word_1_90' title='bbox 978 1330 1094 1371; x_wconf 89' lang='lat' dir='ltr'><strong>una</strong></span> <span class='ocrx_word' id='word_1_91' title='bbox 1123 1310 1361 1389; x_wconf 78' lang='lat' dir='ltr'><strong>quidem</strong></span> <span class='ocrx_word' id='word_1_92' title='bbox 1396 1309 1623 1389; x_wconf 77' lang='lat' dir='ltr'><strong>legibus</strong></span> <span class='ocrx_word' id='word_1_93' title='bbox 1658 1311 2007 1390; x_wconf 73' lang='lat' dir='ltr'><strong>unijuncta,</strong></span> <span class='ocrx_word' id='word_1_94' title='bbox 2029 1328 2133 1371; x_wconf 90' lang='lat' dir='ltr'><strong>sua</strong></span> 
     </span>
    </p>
   </div>
   <div class='ocr_carea' id='block_1_16' title="bbox 481 1397 2134 1480">
    <p class='ocr_par' dir='ltr' id='par_1_16' title="bbox 481 1397 2134 1480">
     <span class='ocr_line' id='line_1_16' title="bbox 481 1397 2134 1480; baseline 0.001 -20"><span class='ocrx_word' id='word_1_95' title='bbox 481 1408 546 1460; x_wconf 91' lang='lat' dir='ltr'><strong>et</strong></span> <span class='ocrx_word' id='word_1_96' title='bbox 582 1400 818 1480; x_wconf 88' lang='lat' dir='ltr'><strong>propria</strong></span> <span class='ocrx_word' id='word_1_97' title='bbox 845 1417 981 1460; x_wconf 92' lang='lat' dir='ltr'><strong>caro</strong></span> <span class='ocrx_word' id='word_1_98' title='bbox 1003 1407 1122 1462; x_wconf 81' lang='lat' dir='ltr'><strong>est:</strong></span> <span class='ocrx_word' id='word_1_99' title='bbox 1149 1417 1278 1479; x_wconf 68' lang='lat' dir='ltr'><strong>qua:</strong></span> <span class='ocrx_word' id='word_1_100' title='bbox 1298 1409 1493 1459; x_wconf 89' lang='lat' dir='ltr'><strong>autem</strong></span> <span class='ocrx_word' id='word_1_101' title='bbox 1513 1401 1699 1460; x_wconf 53' lang='lat' dir='ltr'><strong>etl&#39;usa</strong></span> <span class='ocrx_word' id='word_1_102' title='bbox 1722 1424 1733 1446; x_wconf 74' lang='grc' dir='ltr'><strong>ι</strong></span> <span class='ocrx_word' id='word_1_103' title='bbox 1758 1407 1872 1460; x_wconf 80' lang='lat' dir='ltr'><strong>ste:</strong></span> <span class='ocrx_word' id='word_1_104' title='bbox 1895 1397 2134 1476; x_wconf 84' lang='lat' dir='ltr'><strong>publica</strong></span> 
     </span>
    </p>
   </div>
   <div class='ocr_carea' id='block_1_17' title="bbox 485 1486 2132 1568">
    <p class='ocr_par' dir='ltr' id='par_1_17' title="bbox 485 1486 2132 1568">
     <span class='ocr_line' id='line_1_17' title="bbox 485 1486 2132 1568; baseline 0 -19"><span class='ocrx_word' id='word_1_105' title='bbox 485 1496 765 1550; x_wconf 86' lang='lat' dir='ltr'><strong>extranea</strong></span> <span class='ocrx_word' id='word_1_106' title='bbox 786 1497 844 1550; x_wconf 91' lang='lat' dir='ltr'><strong>et</strong></span> <span class='ocrx_word' id='word_1_107' title='bbox 871 1487 1063 1548; x_wconf 89' lang='lat' dir='ltr'><strong>aliena</strong></span> <span class='ocrx_word' id='word_1_108' title='bbox 1088 1495 1196 1559; x_wconf 89' lang='lat' dir='ltr'><strong>est,</strong></span> <span class='ocrx_word' id='word_1_109' title='bbox 1232 1506 1301 1548; x_wconf 91' lang='lat' dir='ltr'><strong>ac</strong></span> <span class='ocrx_word' id='word_1_110' title='bbox 1330 1486 1535 1549; x_wconf 84' lang='lat' dir='ltr'><strong>relicta</strong></span> <span class='ocrx_word' id='word_1_111' title='bbox 1564 1489 1633 1549; x_wconf 82' lang='lat' dir='ltr'><strong>ad</strong></span> <span class='ocrx_word' id='word_1_112' title='bbox 1664 1487 1955 1567; x_wconf 81' lang='lat' dir='ltr'><strong>piaculum</strong></span> <span class='ocrx_word' id='word_1_113' title='bbox 1988 1505 2132 1568; x_wconf 87' lang='lat' dir='ltr'><strong>pro-</strong></span> 
     </span>
    </p>
   </div>
   <div class='ocr_carea' id='block_1_18' title="bbox 487 1574 2130 1657">
    <p class='ocr_par' dir='ltr' id='par_1_18' title="bbox 487 1574 2130 1657">
     <span class='ocr_line' id='line_1_18' title="bbox 487 1574 2130 1657; baseline 0 -20"><span class='ocrx_word' id='word_1_114' title='bbox 487 1577 801 1657; x_wconf 90' lang='lat' dir='ltr'><strong>pemodum</strong></span> <span class='ocrx_word' id='word_1_115' title='bbox 825 1576 1134 1637; x_wconf 86' lang='lat' dir='ltr'><strong>masculini</strong></span> <span class='ocrx_word' id='word_1_116' title='bbox 1167 1574 1553 1639; x_wconf 79' lang='lat' dir='ltr'><strong>sreleris.Ubi</strong></span> <span class='ocrx_word' id='word_1_117' title='bbox 1578 1586 1772 1636; x_wconf 85' lang='lat' dir='ltr'><strong>autem</strong></span> <span class='ocrx_word' id='word_1_118' title='bbox 1788 1576 1912 1637; x_wconf 68' lang='lat' dir='ltr'><strong>haec</strong></span> <span class='ocrx_word' id='word_1_119' title='bbox 1928 1594 2130 1637; x_wconf 82' lang='lat' dir='ltr'><strong>exem-</strong></span> 
     </span>
    </p>
   </div>
   <div class='ocr_carea' id='block_1_19' title="bbox 486 1664 2125 1746">
    <p class='ocr_par' dir='ltr' id='par_1_19' title="bbox 486 1664 2125 1746">
     <span class='ocr_line' id='line_1_19' title="bbox 486 1664 2125 1746; baseline 0.001 -20"><span class='ocrx_word' id='word_1_120' title='bbox 486 1665 583 1746; x_wconf 88' lang='lat' dir='ltr'><strong>pla</strong></span> <span class='ocrx_word' id='word_1_121' title='bbox 618 1666 933 1746; x_wconf 85' lang='lat' dir='ltr'><strong>posuisset,</strong></span> <span class='ocrx_word' id='word_1_122' title='bbox 967 1665 1120 1745; x_wconf 89' lang='lat' dir='ltr'><strong>quod</strong></span> <span class='ocrx_word' id='word_1_123' title='bbox 1170 1664 1263 1725; x_wconf 82' lang='lat' dir='ltr'><strong>his</strong></span> <span class='ocrx_word' id='word_1_124' title='bbox 1311 1684 1685 1745; x_wconf 61' lang='lat' dir='ltr'><strong>consequens</strong></span> <span class='ocrx_word' id='word_1_125' title='bbox 1717 1673 1842 1727; x_wconf 83' lang='lat' dir='ltr'><strong>erat</strong></span> <span class='ocrx_word' id='word_1_126' title='bbox 1867 1664 2125 1727; x_wconf 86' lang='lat' dir='ltr'><strong>auditori</strong></span> 
     </span>
    </p>
   </div>
   <div class='ocr_carea' id='block_1_20' title="bbox 2226 506 3867 594">
    <p class='ocr_par' dir='ltr' id='par_1_20' title="bbox 2226 506 3867 594">
     <span class='ocr_line' id='line_1_20' title="bbox 2226 506 3867 594; baseline 0.006 -32"><span class='ocrx_word' id='word_1_127' title='bbox 2226 531 2252 562; x_wconf 78' lang='grc' dir='ltr'>ι</span> <span class='ocrx_word' id='word_1_128' title='bbox 2291 506 2491 567; x_wconf 81' lang='grc' dir='ltr'><strong>Ὀπίσω</strong></span> <span class='ocrx_word' id='word_1_129' title='bbox 2541 512 2732 588; x_wconf 80' lang='grc' dir='ltr'>σαρκὸς</span> <span class='ocrx_word' id='word_1_130' title='bbox 2793 510 2973 590; x_wconf 77' lang='grc' dir='ltr'>ἑτέρας</span> <span class='ocrx_word' id='word_1_131' title='bbox 3030 511 3374 594; x_wconf 80' lang='grc' dir='ltr'>ἀπελθόντες,</span> <span class='ocrx_word' id='word_1_132' title='bbox 3408 538 3435 569; x_wconf 75' lang='grc' dir='ltr'><strong>ιι</strong></span> <span class='ocrx_word' id='word_1_133' title='bbox 3494 519 3583 571; x_wconf 84' lang='grc' dir='ltr'><strong>καί</strong></span> <span class='ocrx_word' id='word_1_134' title='bbox 3639 515 3867 594; x_wconf 83' lang='grc' dir='ltr'>πορνεύ-</span> 
     </span>
    </p>
   </div>
   <div class='ocr_carea' id='block_1_21' title="bbox 2220 591 3865 682">
    <p class='ocr_par' dir='ltr' id='par_1_21' title="bbox 2220 591 3865 682">
     <span class='ocr_line' id='line_1_21' title="bbox 2220 591 3865 682; baseline 0.005 -30"><span class='ocrx_word' id='word_1_135' title='bbox 2220 617 2429 672; x_wconf 87' lang='grc' dir='ltr'>σαντες,</span> <span class='ocrx_word' id='word_1_136' title='bbox 2515 600 2802 674; x_wconf 76' lang='grc' dir='ltr'><strong>τουτέστιν,</strong></span> <span class='ocrx_word' id='word_1_137' title='bbox 2895 598 3249 665; x_wconf 74' lang='grc' dir='ltr'>ἐκκλίναντες.</span> <span class='ocrx_word' id='word_1_138' title='bbox 3334 591 3397 660; x_wconf 67' lang='grc' dir='ltr'><strong>’Ὀ</strong></span> <span class='ocrx_word' id='word_1_139' title='bbox 3465 605 3528 659; x_wconf 81' lang='grc' dir='ltr'>τὸ</span> <span class='ocrx_word' id='word_1_140' title='bbox 3596 591 3865 682; x_wconf 82' lang='grc' dir='ltr'>πορνεύειν</span> 
     </span>
    </p>
   </div>
   <div class='ocr_carea' id='block_1_22' title="bbox 2219 686 3859 773">
    <p class='ocr_par' dir='ltr' id='par_1_22' title="bbox 2219 686 3859 773">
     <span class='ocr_line' id='line_1_22' title="bbox 2219 686 3859 773; baseline 0.005 -33"><span class='ocrx_word' id='word_1_141' title='bbox 2219 688 2486 760; x_wconf 89' lang='grc' dir='ltr'>σημαίνει.</span> <span class='ocrx_word' id='word_1_142' title='bbox 2527 688 2706 767; x_wconf 87' lang='grc' dir='ltr'>Σάρκα</span> <span class='ocrx_word' id='word_1_143' title='bbox 2760 686 2814 744; x_wconf 81' lang='grc' dir='ltr'><strong>δὲ</strong></span> <span class='ocrx_word' id='word_1_144' title='bbox 2865 688 3046 768; x_wconf 72' lang='grc' dir='ltr'>ἑτέραν</span> <span class='ocrx_word' id='word_1_145' title='bbox 3109 692 3209 758; x_wconf 78' lang='grc' dir='ltr'>τὴν</span> <span class='ocrx_word' id='word_1_146' title='bbox 3263 690 3448 770; x_wconf 78' lang='grc' dir='ltr'>ἀῤῥενα</span> <span class='ocrx_word' id='word_1_147' title='bbox 3490 694 3642 773; x_wconf 75' lang='grc' dir='ltr'>φύσιν</span> <span class='ocrx_word' id='word_1_148' title='bbox 3691 690 3859 773; x_wconf 53' lang='grc' dir='ltr'>λέγεέ,</span> 
     </span>
    </p>
   </div>
   <div class='ocr_carea' id='block_1_23' title="bbox 2215 760 3862 856">
    <p class='ocr_par' dir='ltr' id='par_1_23' title="bbox 2215 760 3862 856">
     <span class='ocr_line' id='line_1_23' title="bbox 2215 760 3862 856; baseline 0.004 -24"><span class='ocrx_word' id='word_1_149' title='bbox 2215 777 2289 839; x_wconf 85' lang='grc' dir='ltr'><strong>ὡς</strong></span> <span class='ocrx_word' id='word_1_150' title='bbox 2341 798 2420 851; x_wconf 88' lang='grc' dir='ltr'><strong>μη</strong></span> <span class='ocrx_word' id='word_1_151' title='bbox 2483 760 2618 856; x_wconf 68' lang='grc' dir='ltr'>πρὸς</span> <span class='ocrx_word' id='word_1_152' title='bbox 2674 760 2962 835; x_wconf 78' lang='grc' dir='ltr'><strong>συνουσίαν¹</strong></span> <span class='ocrx_word' id='word_1_153' title='bbox 3017 777 3273 856; x_wconf 79' lang='grc' dir='ltr'>γενέσεως</span> <span class='ocrx_word' id='word_1_154' title='bbox 3299 760 3710 839; x_wconf 50' lang='grc' dir='ltr'>Πσυντελοῦσαν.</span> <span class='ocrx_word' id='word_1_155' title='bbox 3766 760 3779 771; x_wconf 57' lang='grc'><em>’</em></span> 
     </span>
    </p>
   </div>
   <div class='ocr_carea' id='block_1_24' title="bbox 2215 864 3863 946">
    <p class='ocr_par' dir='ltr' id='par_1_24' title="bbox 2215 864 3863 946">
     <span class='ocr_line' id='line_1_24' title="bbox 2215 864 3863 946; baseline 0.003 -27"><span class='ocrx_word' id='word_1_156' title='bbox 2215 865 2314 944; x_wconf 81' lang='grc' dir='ltr'><strong>γὰρ</strong></span> <span class='ocrx_word' id='word_1_157' title='bbox 2357 865 2486 943; x_wconf 84' lang='grc' dir='ltr'>πρὸς</span> <span class='ocrx_word' id='word_1_158' title='bbox 2529 866 2800 924; x_wconf 72' lang='grc' dir='ltr'>συνουσίαν</span> <span class='ocrx_word' id='word_1_159' title='bbox 2854 864 3001 946; x_wconf 80' lang='grc' dir='ltr'>σὰρξ,</span> <span class='ocrx_word' id='word_1_160' title='bbox 3066 869 3160 924; x_wconf 76' lang='grc' dir='ltr'><strong>τοῦ</strong></span> <span class='ocrx_word' id='word_1_161' title='bbox 3203 866 3393 939; x_wconf 79' lang='grc' dir='ltr'>θήλεός</span> <span class='ocrx_word' id='word_1_162' title='bbox 3448 868 3558 924; x_wconf 78' lang='grc' dir='ltr'>ἐστι</span> <span class='ocrx_word' id='word_1_163' title='bbox 3613 868 3749 926; x_wconf 74' lang='grc' dir='ltr'>κατὰ</span> <span class='ocrx_word' id='word_1_164' title='bbox 3800 870 3863 924; x_wconf 77' lang='grc' dir='ltr'><strong>τὸ</strong></span> 
     </span>
    </p>
   </div>
   <div class='ocr_carea' id='block_1_25' title="bbox 2214 953 3859 1033">
    <p class='ocr_par' dir='ltr' id='par_1_25' title="bbox 2214 953 3859 1033">
     <span class='ocr_line' id='line_1_25' title="bbox 2214 953 3859 1033; baseline 0.003 -27"><span class='ocrx_word' id='word_1_165' title='bbox 2214 953 2315 1007; x_wconf 84' lang='grc' dir='ltr'><strong>υπὸ</strong></span> <span class='ocrx_word' id='word_1_166' title='bbox 2370 953 2466 1009; x_wconf 82' lang='grc' dir='ltr'>τοῦ</span> <span class='ocrx_word' id='word_1_167' title='bbox 2505 953 2834 1032; x_wconf 73' lang='grc' dir='ltr'><strong>προπάτορος</strong></span> <span class='ocrx_word' id='word_1_168' title='bbox 2891 954 3189 1033; x_wconf 74' lang='grc' dir='ltr'><strong>εἰρημένον,</strong></span> <span class='ocrx_word' id='word_1_169' title='bbox 3268 979 3296 1010; x_wconf 71' lang='grc' dir='ltr'><strong>α</strong></span> <span class='ocrx_word' id='word_1_170' title='bbox 3355 955 3570 1014; x_wconf 72' lang='grc' dir='ltr'>Ὀστοῦν</span> <span class='ocrx_word' id='word_1_171' title='bbox 3628 954 3688 1012; x_wconf 69' lang='lat' dir='ltr'><strong>ix</strong></span> <span class='ocrx_word' id='word_1_172' title='bbox 3753 962 3859 1012; x_wconf 79' lang='grc' dir='ltr'>τῶν</span> 
     </span>
    </p>
   </div>
   <div class='ocr_carea' id='block_1_26' title="bbox 2214 1033 3859 1123">
    <p class='ocr_par' dir='ltr' id='par_1_26' title="bbox 2214 1033 3859 1123">
     <span class='ocr_line' id='line_1_26' title="bbox 2214 1033 3859 1123; baseline 0.004 -29"><span class='ocrx_word' id='word_1_173' title='bbox 2214 1038 2410 1095; x_wconf 80' lang='grc' dir='ltr'><strong>ὀστέων</strong></span> <span class='ocrx_word' id='word_1_174' title='bbox 2439 1063 2563 1115; x_wconf 91' lang='grc' dir='ltr'>μου,</span> <span class='ocrx_word' id='word_1_175' title='bbox 2632 1042 2718 1097; x_wconf 86' lang='grc' dir='ltr'><strong>καὶ</strong></span> <span class='ocrx_word' id='word_1_176' title='bbox 2776 1040 2900 1119; x_wconf 76' lang='grc' dir='ltr'>σὰρξ</span> <span class='ocrx_word' id='word_1_177' title='bbox 2952 1040 3015 1098; x_wconf 80' lang='grc' dir='ltr'>ἐκ</span> <span class='ocrx_word' id='word_1_178' title='bbox 3069 1047 3167 1110; x_wconf 81' lang='grc' dir='ltr'>τῆς</span> <span class='ocrx_word' id='word_1_179' title='bbox 3226 1044 3418 1123; x_wconf 85' lang='grc' dir='ltr'>σαρκός</span> <span class='ocrx_word' id='word_1_180' title='bbox 3469 1066 3593 1119; x_wconf 85' lang='grc' dir='ltr'>μου.</span> <span class='ocrx_word' id='word_1_181' title='bbox 3633 1067 3655 1099; x_wconf 74' lang='grc' dir='ltr'><strong><em>ι</em></strong></span> <span class='ocrx_word' id='word_1_182' title='bbox 3709 1033 3772 1100; x_wconf 67' lang='grc' dir='ltr'><strong>ιΠ</strong></span> <span class='ocrx_word' id='word_1_183' title='bbox 3803 1043 3859 1100; x_wconf 73' lang='grc' dir='ltr'><strong>δὲ</strong></span> 
     </span>
    </p>
   </div>
   <div class='ocr_carea' id='block_1_27' title="bbox 2212 1127 3858 1213">
    <p class='ocr_par' dir='ltr' id='par_1_27' title="bbox 2212 1127 3858 1213">
     <span class='ocr_line' id='line_1_27' title="bbox 2212 1127 3858 1213; baseline 0.004 -31"><span class='ocrx_word' id='word_1_184' title='bbox 2212 1133 2319 1183; x_wconf 82' lang='grc' dir='ltr'><strong>τῶν</strong></span> <span class='ocrx_word' id='word_1_185' title='bbox 2361 1127 2588 1207; x_wconf 71' lang='grc' dir='ltr'>ἀρρένων</span> <span class='ocrx_word' id='word_1_186' title='bbox 2640 1128 2787 1209; x_wconf 74' lang='grc' dir='ltr'>σὰρξ,</span> <span class='ocrx_word' id='word_1_187' title='bbox 2834 1130 2986 1210; x_wconf 78' lang='grc' dir='ltr'>ἑτέρα</span> <span class='ocrx_word' id='word_1_188' title='bbox 3027 1136 3126 1199; x_wconf 78' lang='grc' dir='ltr'>τῆς</span> <span class='ocrx_word' id='word_1_189' title='bbox 3172 1133 3443 1197; x_wconf 71' lang='grc' dir='ltr'><strong>συνουσίας</strong></span> <span class='ocrx_word' id='word_1_190' title='bbox 3501 1135 3660 1213; x_wconf 71' lang='grc' dir='ltr'>φημί,</span> <span class='ocrx_word' id='word_1_191' title='bbox 3708 1131 3858 1201; x_wconf 70' lang='grc' dir='ltr'>Πλὴν</span> 
     </span>
    </p>
   </div>
   <div class='ocr_carea' id='block_1_28' title="bbox 2214 1215 3859 1301">
    <p class='ocr_par' dir='ltr' id='par_1_28' title="bbox 2214 1215 3859 1301">
     <span class='ocr_line' id='line_1_28' title="bbox 2214 1215 3859 1301; baseline 0.004 -30"><span class='ocrx_word' id='word_1_192' title='bbox 2214 1220 2300 1273; x_wconf 82' lang='grc' dir='ltr'><strong>καὶ</strong></span> <span class='ocrx_word' id='word_1_193' title='bbox 2334 1215 2418 1273; x_wconf 78' lang='grc' dir='ltr'>ἐπὶ</span> <span class='ocrx_word' id='word_1_194' title='bbox 2447 1223 2538 1275; x_wconf 79' lang='grc' dir='ltr'>τοῦ</span> <span class='ocrx_word' id='word_1_195' title='bbox 2566 1215 2780 1298; x_wconf 83' lang='grc' dir='ltr'>θήλεος,</span> <span class='ocrx_word' id='word_1_196' title='bbox 2812 1220 2847 1287; x_wconf 77' lang='grc' dir='ltr'>ἠ</span> <span class='ocrx_word' id='word_1_197' title='bbox 2891 1219 2990 1294; x_wconf 79' lang='grc' dir='ltr'>μὲν</span> <span class='ocrx_word' id='word_1_198' title='bbox 3039 1222 3176 1277; x_wconf 82' lang='grc' dir='ltr'>κατὰ</span> <span class='ocrx_word' id='word_1_199' title='bbox 3221 1218 3410 1295; x_wconf 86' lang='grc' dir='ltr'>νόμους</span> <span class='ocrx_word' id='word_1_200' title='bbox 3472 1222 3547 1278; x_wconf 76' lang='grc' dir='ltr'><strong>ἑνὶ</strong></span> <span class='ocrx_word' id='word_1_201' title='bbox 3588 1222 3706 1301; x_wconf 90' lang='grc' dir='ltr'>μία,</span> <span class='ocrx_word' id='word_1_202' title='bbox 3758 1218 3859 1277; x_wconf 82' lang='grc' dir='ltr'>ἰδία</span> 
     </span>
    </p>
   </div>
   <div class='ocr_carea' id='block_1_29' title="bbox 2213 1305 3857 1389">
    <p class='ocr_par' dir='ltr' id='par_1_29' title="bbox 2213 1305 3857 1389">
     <span class='ocr_line' id='line_1_29' title="bbox 2213 1305 3857 1389; baseline 0.003 -28"><span class='ocrx_word' id='word_1_203' title='bbox 2213 1305 2337 1383; x_wconf 75' lang='grc' dir='ltr'>σὰρξ</span> <span class='ocrx_word' id='word_1_204' title='bbox 2406 1308 2495 1363; x_wconf 83' lang='grc' dir='ltr'><strong>καὶ</strong></span> <span class='ocrx_word' id='word_1_205' title='bbox 2574 1307 2759 1382; x_wconf 82' lang='grc' dir='ltr'>οἰκεία,</span> <span class='ocrx_word' id='word_1_206' title='bbox 2833 1309 2867 1376; x_wconf 75' lang='grc' dir='ltr'><strong>ἡ</strong></span> <span class='ocrx_word' id='word_1_207' title='bbox 2939 1305 2994 1364; x_wconf 75' lang='grc' dir='ltr'><strong>δὲ</strong></span> <span class='ocrx_word' id='word_1_208' title='bbox 3062 1308 3398 1389; x_wconf 76' lang='grc' dir='ltr'>έκκεχυμένη</span> <span class='ocrx_word' id='word_1_209' title='bbox 3456 1312 3546 1367; x_wconf 86' lang='grc' dir='ltr'><strong>καὶ</strong></span> <span class='ocrx_word' id='word_1_210' title='bbox 3602 1307 3857 1385; x_wconf 81' lang='grc' dir='ltr'>δημοσία,</span> 
     </span>
    </p>
   </div>
   <div class='ocr_carea' id='block_1_30' title="bbox 2215 1393 3858 1477">
    <p class='ocr_par' dir='ltr' id='par_1_30' title="bbox 2215 1393 3858 1477">
     <span class='ocr_line' id='line_1_30' title="bbox 2215 1393 3858 1477; baseline 0.004 -28"><span class='ocrx_word' id='word_1_211' title='bbox 2215 1393 2365 1473; x_wconf 79' lang='grc' dir='ltr'>ἑτέρα</span> <span class='ocrx_word' id='word_1_212' title='bbox 2432 1396 2520 1451; x_wconf 83' lang='grc' dir='ltr'>καὶ</span> <span class='ocrx_word' id='word_1_213' title='bbox 2587 1394 2857 1475; x_wconf 76' lang='grc' dir='ltr'>ἀλλοτρία,</span> <span class='ocrx_word' id='word_1_214' title='bbox 2907 1398 2997 1454; x_wconf 85' lang='grc' dir='ltr'><strong>καὶ</strong></span> <span class='ocrx_word' id='word_1_215' title='bbox 3051 1404 3225 1477; x_wconf 81' lang='grc' dir='ltr'>μικρῷ</span> <span class='ocrx_word' id='word_1_216' title='bbox 3281 1403 3381 1465; x_wconf 81' lang='grc' dir='ltr'>τῆς</span> <span class='ocrx_word' id='word_1_217' title='bbox 3437 1396 3711 1477; x_wconf 79' lang='grc' dir='ltr'>ἀῤῥενικῆς</span> <span class='ocrx_word' id='word_1_218' title='bbox 3782 1400 3858 1464; x_wconf 83' lang='grc' dir='ltr'><strong>εἰς</strong></span> 
     </span>
    </p>
   </div>
   <div class='ocr_carea' id='block_1_31' title="bbox 2213 1481 3861 1565">
    <p class='ocr_par' dir='ltr' id='par_1_31' title="bbox 2213 1481 3861 1565">
     <span class='ocr_line' id='line_1_31' title="bbox 2213 1481 3861 1565; baseline 0.004 -27"><span class='ocrx_word' id='word_1_219' title='bbox 2213 1483 2417 1559; x_wconf 87' lang='grc' dir='ltr'>μίασμα</span> <span class='ocrx_word' id='word_1_220' title='bbox 2468 1481 2786 1559; x_wconf 82' lang='grc' dir='ltr'>λειπομένη,</span> <span class='ocrx_word' id='word_1_221' title='bbox 2873 1486 3112 1565; x_wconf 84' lang='grc' dir='ltr'>Εἰρηκὼς</span> <span class='ocrx_word' id='word_1_222' title='bbox 3184 1482 3240 1542; x_wconf 79' lang='grc' dir='ltr'><strong>δὲ</strong></span> <span class='ocrx_word' id='word_1_223' title='bbox 3302 1489 3463 1544; x_wconf 75' lang='grc' dir='ltr'>ταῦτα</span> <span class='ocrx_word' id='word_1_224' title='bbox 3536 1487 3604 1543; x_wconf 77' lang='grc' dir='ltr'><strong>τὰ</strong></span> <span class='ocrx_word' id='word_1_225' title='bbox 3657 1484 3861 1545; x_wconf 73' lang='grc' dir='ltr'>ὑποδεί-</span> 
     </span>
    </p>
   </div>
   <div class='ocr_carea' id='block_1_32' title="bbox 2208 1569 3857 1651">
    <p class='ocr_par' dir='ltr' id='par_1_32' title="bbox 2208 1569 3857 1651">
     <span class='ocr_line' id='line_1_32' title="bbox 2208 1569 3857 1651; baseline 0.002 -24"><span class='ocrx_word' id='word_1_226' title='bbox 2208 1593 2409 1651; x_wconf 87' lang='grc' dir='ltr'>γματα,</span> <span class='ocrx_word' id='word_1_227' title='bbox 2462 1569 2711 1629; x_wconf 83' lang='grc' dir='ltr'>κατέλιπε</span> <span class='ocrx_word' id='word_1_228' title='bbox 2773 1582 2828 1629; x_wconf 70' lang='grc' dir='ltr'>τὸ</span> <span class='ocrx_word' id='word_1_229' title='bbox 2891 1572 3178 1631; x_wconf 86' lang='grc' dir='ltr'>ἀκόλουθον</span> <span class='ocrx_word' id='word_1_230' title='bbox 3235 1575 3440 1640; x_wconf 77' lang='grc' dir='ltr'>τούτοις</span> <span class='ocrx_word' id='word_1_231' title='bbox 3496 1574 3698 1633; x_wconf 80' lang='grc' dir='ltr'>έννοεῖν</span> <span class='ocrx_word' id='word_1_232' title='bbox 3765 1577 3857 1632; x_wconf 82' lang='grc' dir='ltr'><strong>τὸν</strong></span> 
     </span>
    </p>
   </div>
   <div class='ocr_carea' id='block_1_33' title="bbox 2207 1659 3856 1743">
    <p class='ocr_par' dir='ltr' id='par_1_33' title="bbox 2207 1659 3856 1743">
     <span class='ocr_line' id='line_1_33' title="bbox 2207 1659 3856 1743; baseline 0.004 -28"><span class='ocrx_word' id='word_1_233' title='bbox 2207 1659 2494 1739; x_wconf 84' lang='grc' dir='ltr'>ἀκροατήν.</span> <span class='ocrx_word' id='word_1_234' title='bbox 2541 1662 2601 1720; x_wconf 82' lang='grc' dir='ltr'>Τί</span> <span class='ocrx_word' id='word_1_235' title='bbox 2641 1659 2696 1717; x_wconf 83' lang='grc' dir='ltr'><strong>δὲ</strong></span> <span class='ocrx_word' id='word_1_236' title='bbox 2727 1663 2880 1719; x_wconf 79' lang='grc' dir='ltr'>τοῦτο</span> <span class='ocrx_word' id='word_1_237' title='bbox 2912 1681 2929 1743; x_wconf 84' lang='grc'>;</span> <span class='ocrx_word' id='word_1_238' title='bbox 2962 1666 3032 1721; x_wconf 83' lang='grc' dir='ltr'><strong>Τὸ</strong></span> <span class='ocrx_word' id='word_1_239' title='bbox 3055 1665 3365 1742; x_wconf 71' lang='grc' dir='ltr'>ἒπενεγκεῖν</span> <span class='ocrx_word' id='word_1_240' title='bbox 3401 1684 3413 1698; x_wconf 92' lang='grc'><strong>·</strong></span> <span class='ocrx_word' id='word_1_241' title='bbox 3450 1665 3507 1722; x_wconf 81' lang='grc' dir='ltr'><strong>Εἰ</strong></span> <span class='ocrx_word' id='word_1_242' title='bbox 3535 1663 3623 1721; x_wconf 75' lang='grc' dir='ltr'><strong>οὖν</strong></span> <span class='ocrx_word' id='word_1_243' title='bbox 3651 1666 3856 1730; x_wconf 77' lang='grc' dir='ltr'>τούτοις</span> 
     </span>
    </p>
   </div>
   <div class='ocr_carea' id='block_1_34' title="bbox 482 1748 2115 1835">
    <p class='ocr_par' dir='ltr' id='par_1_34' title="bbox 482 1751 2115 1835">
     <span class='ocr_line' id='line_1_34' title="bbox 482 1751 2115 1835; baseline 0 -19"><span class='ocrx_word' id='word_1_244' title='bbox 482 1755 723 1835; x_wconf 89' lang='lat' dir='ltr'><strong>reliquit</strong></span> <span class='ocrx_word' id='word_1_245' title='bbox 772 1754 1248 1821; x_wconf 59' lang='lat' dir='ltr'><strong>intelligendum.</strong></span> <span class='ocrx_word' id='word_1_246' title='bbox 1287 1752 1434 1826; x_wconf 85' lang='lat' dir='ltr'><strong>Quid</strong></span> <span class='ocrx_word' id='word_1_247' title='bbox 1469 1764 1557 1813; x_wconf 75' lang='lat' dir='ltr'><strong>est</strong></span> <span class='ocrx_word' id='word_1_248' title='bbox 1595 1765 1787 1814; x_wconf 83' lang='lat' dir='ltr'><strong>autem</strong></span> <span class='ocrx_word' id='word_1_249' title='bbox 1821 1753 2011 1815; x_wconf 73' lang='lat' dir='ltr'><strong>illud?</strong></span> <span class='ocrx_word' id='word_1_250' title='bbox 2037 1751 2115 1816; x_wconf 86' lang='lat' dir='ltr'><strong>In-</strong></span> 
     </span>
    </p>
   </div>
   <div class='ocr_carea' id='block_1_35' title="bbox 2198 1748 3856 1835">
    <p class='ocr_par' dir='ltr' id='par_1_35' title="bbox 2209 1748 3856 1834">
     <span class='ocr_line' id='line_1_35' title="bbox 2209 1748 3856 1834; baseline 0.004 -30"><span class='ocrx_word' id='word_1_251' title='bbox 2209 1748 2374 1813; x_wconf 76' lang='grc' dir='ltr'>οὕτως</span> <span class='ocrx_word' id='word_1_252' title='bbox 2458 1750 2808 1830; x_wconf 72' lang='grc' dir='ltr'><strong>ἀπεχρήσατο</strong></span> <span class='ocrx_word' id='word_1_253' title='bbox 2888 1749 3053 1827; x_wconf 78' lang='grc' dir='ltr'>μηδὲν</span> <span class='ocrx_word' id='word_1_254' title='bbox 3124 1749 3449 1820; x_wconf 83' lang='grc' dir='ltr'>δυσωπηθείς</span> <span class='ocrx_word' id='word_1_255' title='bbox 3507 1759 3577 1830; x_wconf 76' lang='grc' dir='ltr'><strong>τῇ</strong></span> <span class='ocrx_word' id='word_1_256' title='bbox 3631 1755 3856 1834; x_wconf 66' lang='grc' dir='ltr'>προτέρα</span> 
     </span>
    </p>
   </div>
   <div class='ocr_carea' id='block_1_36' title="bbox 481 1842 2125 1924">
    <p class='ocr_par' dir='ltr' id='par_1_36' title="bbox 481 1842 2125 1924">
     <span class='ocr_line' id='line_1_36' title="bbox 481 1842 2125 1924; baseline 0.001 -21"><span class='ocrx_word' id='word_1_257' title='bbox 481 1845 638 1904; x_wconf 87' lang='lat' dir='ltr'><strong>ferre</strong></span> <span class='ocrx_word' id='word_1_258' title='bbox 669 1843 821 1924; x_wconf 93' lang='lat' dir='ltr'><strong>quod</strong></span> <span class='ocrx_word' id='word_1_259' title='bbox 857 1842 996 1904; x_wconf 90' lang='lat' dir='ltr'><strong>inde</strong></span> <span class='ocrx_word' id='word_1_260' title='bbox 1044 1842 1307 1922; x_wconf 78' lang='lat' dir='ltr'><strong>sequitar</strong></span> <span class='ocrx_word' id='word_1_261' title='bbox 1365 1843 1425 1903; x_wconf 84' lang='lat' dir='ltr'><strong>Si</strong></span> <span class='ocrx_word' id='word_1_262' title='bbox 1463 1860 1602 1920; x_wconf 89' lang='lat' dir='ltr'><strong>ergo</strong></span> <span class='ocrx_word' id='word_1_263' title='bbox 1634 1843 1742 1903; x_wconf 86' lang='lat' dir='ltr'><strong>hos</strong></span> <span class='ocrx_word' id='word_1_264' title='bbox 1774 1843 1850 1902; x_wconf 90' lang='lat' dir='ltr'><strong>ita</strong></span> <span class='ocrx_word' id='word_1_265' title='bbox 1880 1842 2125 1919; x_wconf 76' lang='lat' dir='ltr'><strong>dele;it,</strong></span> 
     </span>
    </p>
   </div>
   <div class='ocr_carea' id='block_1_37' title="bbox 482 1929 2127 2012">
    <p class='ocr_par' dir='ltr' id='par_1_37' title="bbox 482 1929 2127 2012">
     <span class='ocr_line' id='line_1_37' title="bbox 482 1929 2127 2012; baseline 0.001 -20"><span class='ocrx_word' id='word_1_266' title='bbox 482 1932 626 1992; x_wconf 89' lang='lat' dir='ltr'><strong>nihil</strong></span> <span class='ocrx_word' id='word_1_267' title='bbox 663 1931 922 2010; x_wconf 86' lang='lat' dir='ltr'><strong>placatus</strong></span> <span class='ocrx_word' id='word_1_268' title='bbox 954 1929 1149 2012; x_wconf 87' lang='lat' dir='ltr'><strong>priore</strong></span> <span class='ocrx_word' id='word_1_269' title='bbox 1176 1949 1380 1992; x_wconf 89' lang='lat' dir='ltr'><strong>eorum</strong></span> <span class='ocrx_word' id='word_1_270' title='bbox 1404 1930 1983 2011; x_wconf 84' lang='lat' dir='ltr'><strong>felicitate.nunquid</strong></span> <span class='ocrx_word' id='word_1_271' title='bbox 2017 1931 2127 1994; x_wconf 89' lang='lat' dir='ltr'><strong>hos</strong></span> 
     </span>
    </p>
   </div>
   <div class='ocr_carea' id='block_1_38' title="bbox 482 2018 2126 2099">
    <p class='ocr_par' dir='ltr' id='par_1_38' title="bbox 482 2018 2126 2099">
     <span class='ocr_line' id='line_1_38' title="bbox 482 2018 2126 2099; baseline -0.001 -18"><span class='ocrx_word' id='word_1_272' title='bbox 482 2039 631 2082; x_wconf 89' lang='lat' dir='ltr'><strong>nucc</strong></span> <span class='ocrx_word' id='word_1_273' title='bbox 663 2018 846 2099; x_wconf 89' lang='lat' dir='ltr'><strong>impie</strong></span> <span class='ocrx_word' id='word_1_274' title='bbox 878 2037 948 2079; x_wconf 77' lang='lat' dir='ltr'><strong>ac</strong></span> <span class='ocrx_word' id='word_1_275' title='bbox 979 2020 1193 2080; x_wconf 84' lang='lat' dir='ltr'><strong>lascive</strong></span> <span class='ocrx_word' id='word_1_276' title='bbox 1233 2034 1477 2097; x_wconf 65' lang='lat' dir='ltr'><strong>agentes</strong></span> <span class='ocrx_word' id='word_1_277' title='bbox 1507 2018 1660 2080; x_wconf 91' lang='lat' dir='ltr'><strong>liber</strong></span> <span class='ocrx_word' id='word_1_278' title='bbox 1700 2019 1804 2093; x_wconf 85' lang='lat' dir='ltr'><strong>vit,</strong></span> <span class='ocrx_word' id='word_1_279' title='bbox 1838 2038 1971 2080; x_wconf 91' lang='lat' dir='ltr'><strong>cum</strong></span> <span class='ocrx_word' id='word_1_280' title='bbox 2019 2019 2126 2082; x_wconf 89' lang='lat' dir='ltr'><strong>Dei</strong></span> 
     </span>
    </p>
   </div>
   <div class='ocr_carea' id='block_1_39' title="bbox 480 2104 2125 2188">
    <p class='ocr_par' dir='ltr' id='par_1_39' title="bbox 480 2104 2125 2188">
     <span class='ocr_line' id='line_1_39' title="bbox 480 2104 2125 2188; baseline 0.001 -19"><span class='ocrx_word' id='word_1_281' title='bbox 480 2108 665 2170; x_wconf 79' lang='lat' dir='ltr'><strong>Filius</strong></span> <span class='ocrx_word' id='word_1_282' title='bbox 695 2118 934 2188; x_wconf 83' lang='lat' dir='ltr'><strong>propter</strong></span> <span class='ocrx_word' id='word_1_283' title='bbox 965 2106 1236 2168; x_wconf 87' lang='lat' dir='ltr'><strong>homines</strong></span> <span class='ocrx_word' id='word_1_284' title='bbox 1269 2107 1326 2167; x_wconf 88' lang='lat' dir='ltr'><strong>in</strong></span> <span class='ocrx_word' id='word_1_285' title='bbox 1359 2104 1641 2169; x_wconf 70' lang='lat' dir='ltr'><strong>mundu&#39;m</strong></span> <span class='ocrx_word' id='word_1_286' title='bbox 1676 2108 1995 2180; x_wconf 79' lang='lat' dir='ltr'><strong>venerit,et</strong></span> <span class='ocrx_word' id='word_1_287' title='bbox 2024 2108 2125 2170; x_wconf 85' lang='lat' dir='ltr'><strong>in-</strong></span> 
     </span>
    </p>
   </div>
   <div class='ocr_carea' id='block_1_40' title="bbox 482 2195 2126 2277">
    <p class='ocr_par' dir='ltr' id='par_1_40' title="bbox 482 2195 2126 2277">
     <span class='ocr_line' id='line_1_40' title="bbox 482 2195 2126 2277; baseline 0.001 -19"><span class='ocrx_word' id='word_1_288' title='bbox 482 2198 672 2277; x_wconf 88' lang='lat' dir='ltr'><strong>jurias</strong></span> <span class='ocrx_word' id='word_1_289' title='bbox 700 2215 768 2258; x_wconf 72' lang='lat' dir='ltr'><strong>at:</strong></span> <span class='ocrx_word' id='word_1_290' title='bbox 819 2195 1169 2258; x_wconf 86' lang='lat' dir='ltr'><strong>atllictiones</strong></span> <span class='ocrx_word' id='word_1_291' title='bbox 1229 2215 1332 2276; x_wconf 87' lang='lat' dir='ltr'><strong>pro</strong></span> <span class='ocrx_word' id='word_1_292' title='bbox 1385 2195 1529 2277; x_wconf 91' lang='lat' dir='ltr'><strong>ipsis</strong></span> <span class='ocrx_word' id='word_1_293' title='bbox 1576 2195 1969 2258; x_wconf 76' lang='lat' dir='ltr'><strong>sustinuerit?</strong></span> <span class='ocrx_word' id='word_1_294' title='bbox 2013 2196 2126 2260; x_wconf 89' lang='lat' dir='ltr'><strong>hoc</strong></span> 
     </span>
    </p>
   </div>
   <div class='ocr_carea' id='block_1_41' title="bbox 488 2281 2125 2365">
    <p class='ocr_par' dir='ltr' id='par_1_41' title="bbox 488 2281 2125 2365">
     <span class='ocr_line' id='line_1_41' title="bbox 488 2281 2125 2365; baseline 0.001 -21"><span class='ocrx_word' id='word_1_295' title='bbox 488 2302 662 2347; x_wconf 89' lang='lat' dir='ltr'><strong>nemo</strong></span> <span class='ocrx_word' id='word_1_296' title='bbox 693 2301 951 2364; x_wconf 81' lang='lat' dir='ltr'><strong>unquam</strong></span> <span class='ocrx_word' id='word_1_297' title='bbox 983 2281 1239 2345; x_wconf 78' lang='lat' dir='ltr'><strong>diceret.</strong></span> <span class='ocrx_word' id='word_1_298' title='bbox 1267 2282 1611 2364; x_wconf 64' lang='lat' dir='ltr'><strong>Quanquam</strong></span> <span class='ocrx_word' id='word_1_299' title='bbox 1645 2284 1803 2345; x_wconf 65' lang='lat' dir='ltr'><strong>enim</strong></span> <span class='ocrx_word' id='word_1_300' title='bbox 1835 2284 2125 2365; x_wconf 70' lang='lat' dir='ltr'><strong>benignus</strong></span> 
     </span>
    </p>
   </div>
   <div class='ocr_carea' id='block_1_42' title="bbox 483 2373 2126 2451">
    <p class='ocr_par' dir='ltr' id='par_1_42' title="bbox 483 2373 2126 2451">
     <span class='ocr_line' id='line_1_42' title="bbox 483 2373 2126 2451; baseline 0.001 -16"><span class='ocrx_word' id='word_1_301' title='bbox 483 2373 557 2435; x_wconf 88' lang='lat' dir='ltr'><strong>sit</strong></span> <span class='ocrx_word' id='word_1_302' title='bbox 586 2382 643 2435; x_wconf 89' lang='lat' dir='ltr'><strong>et</strong></span> <span class='ocrx_word' id='word_1_303' title='bbox 672 2373 986 2444; x_wconf 85' lang='lat' dir='ltr'><strong>humanus,</strong></span> <span class='ocrx_word' id='word_1_304' title='bbox 1021 2380 1282 2432; x_wconf 82' lang='lat' dir='ltr'><strong>attamen</strong></span> <span class='ocrx_word' id='word_1_305' title='bbox 1319 2373 1493 2433; x_wconf 85' lang='lat' dir='ltr'><strong>etiam</strong></span> <span class='ocrx_word' id='word_1_306' title='bbox 1542 2373 1890 2451; x_wconf 71' lang='lat' dir='ltr'><strong>vezejustus</strong></span> <span class='ocrx_word' id='word_1_307' title='bbox 1912 2382 2032 2434; x_wconf 89' lang='lat' dir='ltr'><strong>est:</strong></span> <span class='ocrx_word' id='word_1_308' title='bbox 2068 2382 2126 2435; x_wconf 91' lang='lat' dir='ltr'><strong>et</strong></span> 
     </span>
    </p>
   </div>
   <div class='ocr_carea' id='block_1_43' title="bbox 480 2458 2122 2543">
    <p class='ocr_par' dir='ltr' id='par_1_43' title="bbox 480 2458 2122 2543">
     <span class='ocr_line' id='line_1_43' title="bbox 480 2458 2122 2543; baseline 0.001 -20"><span class='ocrx_word' id='word_1_309' title='bbox 480 2471 722 2543; x_wconf 86' lang='lat' dir='ltr'><strong>propter</strong></span> <span class='ocrx_word' id='word_1_310' title='bbox 746 2480 941 2524; x_wconf 84' lang='lat' dir='ltr'><strong>veram</strong></span> <span class='ocrx_word' id='word_1_311' title='bbox 969 2458 1283 2540; x_wconf 78' lang='lat' dir='ltr'><strong>justitiam,</strong></span> <span class='ocrx_word' id='word_1_312' title='bbox 1321 2459 1412 2520; x_wconf 89' lang='lat' dir='ltr'><strong>his</strong></span> <span class='ocrx_word' id='word_1_313' title='bbox 1453 2461 1553 2540; x_wconf 89' lang='lat' dir='ltr'><strong>qui</strong></span> <span class='ocrx_word' id='word_1_314' title='bbox 1585 2469 1975 2540; x_wconf 85' lang='lat' dir='ltr'><strong>peccaverunt</strong></span> <span class='ocrx_word' id='word_1_315' title='bbox 2004 2480 2122 2524; x_wconf 91' lang='lat' dir='ltr'><strong>non</strong></span> 
     </span>
    </p>
   </div>
   <div class='ocr_carea' id='block_1_44' title="bbox 479 2547 2122 2632">
    <p class='ocr_par' dir='ltr' id='par_1_44' title="bbox 479 2547 2122 2632">
     <span class='ocr_line' id='line_1_44' title="bbox 479 2547 2122 2632; baseline 0.001 -21"><span class='ocrx_word' id='word_1_316' title='bbox 479 2550 742 2632; x_wconf 87' lang='lat' dir='ltr'><strong>pepercit</strong></span> <span class='ocrx_word' id='word_1_317' title='bbox 768 2568 783 2613; x_wconf 89' lang='lat'>:</span> <span class='ocrx_word' id='word_1_318' title='bbox 812 2560 1053 2630; x_wconf 86' lang='lat' dir='ltr'><strong>propter</strong></span> <span class='ocrx_word' id='word_1_319' title='bbox 1081 2547 1509 2627; x_wconf 69' lang='lat' dir='ltr'><strong>benignitatem</strong></span> <span class='ocrx_word' id='word_1_320' title='bbox 1539 2557 1759 2621; x_wconf 89' lang='lat' dir='ltr'><strong>autem,</strong></span> <span class='ocrx_word' id='word_1_321' title='bbox 1780 2550 2122 2613; x_wconf 82' lang='lat' dir='ltr'><strong>meretrices</strong></span> 
     </span>
    </p>
   </div>
   <div class='ocr_carea' id='block_1_45' title="bbox 475 2636 2120 2719">
    <p class='ocr_par' dir='ltr' id='par_1_45' title="bbox 475 2636 2120 2719">
     <span class='ocr_line' id='line_1_45' title="bbox 475 2636 2120 2719; baseline 0.001 -20"><span class='ocrx_word' id='word_1_322' title='bbox 475 2656 545 2700; x_wconf 89' lang='lat' dir='ltr'><strong>ac</strong></span> <span class='ocrx_word' id='word_1_323' title='bbox 570 2637 913 2718; x_wconf 88' lang='lat' dir='ltr'><strong>publicanos</strong></span> <span class='ocrx_word' id='word_1_324' title='bbox 936 2638 995 2698; x_wconf 90' lang='lat' dir='ltr'><strong>in</strong></span> <span class='ocrx_word' id='word_1_325' title='bbox 1013 2656 1265 2719; x_wconf 80' lang='lat' dir='ltr'><strong>regnum</strong></span> <span class='ocrx_word' id='word_1_326' title='bbox 1284 2636 1606 2698; x_wconf 79' lang='lat' dir='ltr'><strong>introduxit</strong></span> <span class='ocrx_word' id='word_1_327' title='bbox 1621 2637 1857 2700; x_wconf 79' lang='lat' dir='ltr'><strong>50.Cum</strong></span> <span class='ocrx_word' id='word_1_328' title='bbox 1881 2637 1959 2699; x_wconf 89' lang='lat' dir='ltr'><strong>ita</strong></span> <span class='ocrx_word' id='word_1_329' title='bbox 1981 2657 2120 2701; x_wconf 70' lang='lat' dir='ltr'><strong>cono</strong></span> 
     </span>
    </p>
   </div>
   <div class='ocr_carea' id='block_1_46' title="bbox 476 2726 2120 2807">
    <p class='ocr_par' dir='ltr' id='par_1_46' title="bbox 476 2726 2120 2807">
     <span class='ocr_line' id='line_1_46' title="bbox 476 2726 2120 2807; baseline 0.001 -19"><span class='ocrx_word' id='word_1_330' title='bbox 476 2744 733 2807; x_wconf 88' lang='lat' dir='ltr'><strong>sequens</strong></span> <span class='ocrx_word' id='word_1_331' title='bbox 759 2726 963 2787; x_wconf 82' lang='lat' dir='ltr'><strong>fuisset</strong></span> <span class='ocrx_word' id='word_1_332' title='bbox 992 2734 1053 2786; x_wconf 93' lang='lat' dir='ltr'><strong>ut</strong></span> <span class='ocrx_word' id='word_1_333' title='bbox 1104 2744 1299 2786; x_wconf 75' lang='lat' dir='ltr'><strong>sermo</strong></span> <span class='ocrx_word' id='word_1_334' title='bbox 1347 2726 1689 2805; x_wconf 84' lang='lat' dir='ltr'><strong>spomleret,</strong></span> <span class='ocrx_word' id='word_1_335' title='bbox 1725 2726 1849 2806; x_wconf 75' lang='lat' dir='ltr'><strong>ipse</strong></span> <span class='ocrx_word' id='word_1_336' title='bbox 1881 2735 2120 2806; x_wconf 69' lang='lat' dir='ltr'><strong>praeter-</strong></span> 
     </span>
    </p>
   </div>
   <div class='ocr_carea' id='block_1_47' title="bbox 478 2813 2117 2894">
    <p class='ocr_par' dir='ltr' id='par_1_47' title="bbox 478 2813 2117 2894">
     <span class='ocr_line' id='line_1_47' title="bbox 478 2813 2117 2894; baseline 0.002 -19"><span class='ocrx_word' id='word_1_337' title='bbox 478 2815 662 2889; x_wconf 91' lang='lat' dir='ltr'><strong>misit,</strong></span> <span class='ocrx_word' id='word_1_338' title='bbox 693 2818 768 2875; x_wconf 89' lang='lat' dir='ltr'><strong>ob</strong></span> <span class='ocrx_word' id='word_1_339' title='bbox 801 2830 1035 2875; x_wconf 81' lang='lat' dir='ltr'><strong>causam</strong></span> <span class='ocrx_word' id='word_1_340' title='bbox 1091 2831 1268 2894; x_wconf 85' lang='lat' dir='ltr'><strong>quam</strong></span> <span class='ocrx_word' id='word_1_341' title='bbox 1325 2813 1730 2891; x_wconf 70' lang='lat' dir='ltr'><strong>praediximus.</strong></span> <span class='ocrx_word' id='word_1_342' title='bbox 1793 2816 1906 2876; x_wconf 88' lang='lat' dir='ltr'><strong>Aut</strong></span> <span class='ocrx_word' id='word_1_343' title='bbox 1944 2817 2117 2878; x_wconf 86' lang='lat' dir='ltr'><strong>etiam</strong></span> 
     </span>
    </p>
   </div>
   <div class='ocr_carea' id='block_1_48' title="bbox 478 2901 2113 2983">
    <p class='ocr_par' dir='ltr' id='par_1_48' title="bbox 478 2901 2113 2983">
     <span class='ocr_line' id='line_1_48' title="bbox 478 2901 2113 2983; baseline 0.001 -19"><span class='ocrx_word' id='word_1_344' title='bbox 478 2903 659 2964; x_wconf 90' lang='lat' dir='ltr'><strong>simili</strong></span> <span class='ocrx_word' id='word_1_345' title='bbox 685 2904 860 2963; x_wconf 83' lang='lat' dir='ltr'><strong>modo</strong></span> <span class='ocrx_word' id='word_1_346' title='bbox 886 2901 1136 2983; x_wconf 87' lang='lat' dir='ltr'><strong>loquens</strong></span> <span class='ocrx_word' id='word_1_347' title='bbox 1156 2921 1289 2963; x_wconf 92' lang='lat' dir='ltr'><strong>cum</strong></span> <span class='ocrx_word' id='word_1_348' title='bbox 1314 2901 1485 2963; x_wconf 91' lang='lat' dir='ltr'><strong>beato</strong></span> <span class='ocrx_word' id='word_1_349' title='bbox 1508 2901 1842 2983; x_wconf 85' lang='lat' dir='ltr'><strong>Petro,cum</strong></span> <span class='ocrx_word' id='word_1_350' title='bbox 1866 2904 2113 2966; x_wconf 89' lang='lat' dir='ltr'><strong>diceret:</strong></span> 
     </span>
    </p>
   </div>
   <div class='ocr_carea' id='block_1_49' title="bbox 481 2989 2116 3073">
    <p class='ocr_par' dir='ltr' id='par_1_49' title="bbox 481 2989 2116 3073">
     <span class='ocr_line' id='line_1_49' title="bbox 481 2989 2116 3073; baseline 0 -19"><span class='ocrx_word' id='word_1_351' title='bbox 481 2989 575 3054; x_wconf 67' lang='lat' dir='ltr'><strong>«Si</strong></span> <span class='ocrx_word' id='word_1_352' title='bbox 597 2990 755 3053; x_wconf 87' lang='lat' dir='ltr'><strong>enim</strong></span> <span class='ocrx_word' id='word_1_353' title='bbox 791 2991 948 3053; x_wconf 85' lang='lat' dir='ltr'><strong>Deus</strong></span> <span class='ocrx_word' id='word_1_354' title='bbox 967 2989 1194 3069; x_wconf 82' lang='lat' dir='ltr'><strong>angelis</strong></span> <span class='ocrx_word' id='word_1_355' title='bbox 1244 2990 1340 3067; x_wconf 51' lang='grc' dir='ltr'><strong>κιιὶ</strong></span> <span class='ocrx_word' id='word_1_356' title='bbox 1360 3001 1743 3071; x_wconf 53' lang='lat' dir='ltr'><strong>peccaverant</strong></span> <span class='ocrx_word' id='word_1_357' title='bbox 1766 3012 1878 3053; x_wconf 91' lang='lat' dir='ltr'><strong>non</strong></span> <span class='ocrx_word' id='word_1_358' title='bbox 1900 3011 2116 3073; x_wconf 88' lang='lat' dir='ltr'><strong>peper-</strong></span> 
     </span>
    </p>
   </div>
   <div class='ocr_carea' id='block_1_50' title="bbox 474 3077 2113 3162">
    <p class='ocr_par' dir='ltr' id='par_1_50' title="bbox 474 3077 2113 3162">
     <span class='ocr_line' id='line_1_50' title="bbox 474 3077 2113 3162; baseline 0.001 -21"><span class='ocrx_word' id='word_1_359' title='bbox 474 3077 807 3146; x_wconf 76' lang='lat' dir='ltr'><strong>cit.oetc.Et</strong></span> <span class='ocrx_word' id='word_1_360' title='bbox 824 3079 897 3141; x_wconf 89' lang='lat' dir='ltr'><strong>de</strong></span> <span class='ocrx_word' id='word_1_361' title='bbox 922 3077 1013 3139; x_wconf 89' lang='lat' dir='ltr'><strong>his</strong></span> <span class='ocrx_word' id='word_1_362' title='bbox 1034 3077 1275 3158; x_wconf 87' lang='lat' dir='ltr'><strong>quidem</strong></span> <span class='ocrx_word' id='word_1_363' title='bbox 1299 3077 1379 3140; x_wconf 90' lang='lat' dir='ltr'><strong>ita</strong></span> <span class='ocrx_word' id='word_1_364' title='bbox 1400 3079 1619 3140; x_wconf 83' lang='lat' dir='ltr'><strong>dictum</strong></span> <span class='ocrx_word' id='word_1_365' title='bbox 1645 3079 1934 3144; x_wconf 90' lang='lat' dir='ltr'><strong>sit.Porro</strong></span> <span class='ocrx_word' id='word_1_366' title='bbox 1957 3083 2113 3162; x_wconf 91' lang='lat' dir='ltr'><strong>quod</strong></span> 
     </span>
    </p>
   </div>
   <div class='ocr_carea' id='block_1_51' title="bbox 472 3165 2112 3249">
    <p class='ocr_par' dir='ltr' id='par_1_51' title="bbox 472 3165 2112 3249">
     <span class='ocr_line' id='line_1_51' title="bbox 472 3165 2112 3249; baseline 0.002 -20"><span class='ocrx_word' id='word_1_367' title='bbox 472 3165 553 3229; x_wconf 90' lang='lat' dir='ltr'><strong>ait</strong></span> <span class='ocrx_word' id='word_1_368' title='bbox 585 3188 599 3226; x_wconf 90' lang='lat'><strong>:</strong></span> <span class='ocrx_word' id='word_1_369' title='bbox 649 3191 678 3223; x_wconf 73' lang='grc' dir='ltr'><strong>α</strong></span> <span class='ocrx_word' id='word_1_370' title='bbox 707 3167 1028 3228; x_wconf 88' lang='lat' dir='ltr'><strong>Insomniis</strong></span> <span class='ocrx_word' id='word_1_371' title='bbox 1077 3166 1275 3246; x_wconf 87' lang='lat' dir='ltr'><strong>agitati</strong></span> <span class='ocrx_word' id='word_1_372' title='bbox 1305 3185 1547 3228; x_wconf 89' lang='lat' dir='ltr'><strong>carnem</strong></span> <span class='ocrx_word' id='word_1_373' title='bbox 1593 3169 1910 3249; x_wconf 86' lang='lat' dir='ltr'><strong>maculant,</strong></span> <span class='ocrx_word' id='word_1_374' title='bbox 1941 3192 1966 3228; x_wconf 71' lang='grc' dir='ltr'><strong>ι</strong></span> <span class='ocrx_word' id='word_1_375' title='bbox 2003 3168 2112 3232; x_wconf 89' lang='lat' dir='ltr'><strong>ad-</strong></span> 
     </span>
    </p>
   </div>
   <div class='ocr_carea' id='block_1_52' title="bbox 475 3254 2115 3336">
    <p class='ocr_par' dir='ltr' id='par_1_52' title="bbox 475 3254 2115 3336">
     <span class='ocr_line' id='line_1_52' title="bbox 475 3254 2115 3336; baseline 0.004 -21"><span class='ocrx_word' id='word_1_376' title='bbox 475 3256 787 3317; x_wconf 87' lang='lat' dir='ltr'><strong>miratione</strong></span> <span class='ocrx_word' id='word_1_377' title='bbox 817 3254 1059 3334; x_wconf 90' lang='lat' dir='ltr'><strong>dignum</strong></span> <span class='ocrx_word' id='word_1_378' title='bbox 1118 3264 1204 3316; x_wconf 90' lang='lat' dir='ltr'><strong>est</strong></span> <span class='ocrx_word' id='word_1_379' title='bbox 1259 3256 1414 3336; x_wconf 86' lang='lat' dir='ltr'><strong>quod</strong></span> <span class='ocrx_word' id='word_1_380' title='bbox 1445 3256 1594 3318; x_wconf 89' lang='lat' dir='ltr'><strong>adeo</strong></span> <span class='ocrx_word' id='word_1_381' title='bbox 1626 3259 1960 3322; x_wconf 79' lang='lat' dir='ltr'><strong>verecunde</strong></span> <span class='ocrx_word' id='word_1_382' title='bbox 1982 3277 2115 3322; x_wconf 87' lang='lat' dir='ltr'><strong>ser-</strong></span> 
     </span>
    </p>
   </div>
   <div class='ocr_carea' id='block_1_53' title="bbox 470 3343 2116 3425">
    <p class='ocr_par' dir='ltr' id='par_1_53' title="bbox 470 3343 2116 3425">
     <span class='ocr_line' id='line_1_53' title="bbox 470 3343 2116 3425; baseline 0.003 -21"><span class='ocrx_word' id='word_1_383' title='bbox 470 3362 708 3406; x_wconf 88' lang='lat' dir='ltr'><strong>monem</strong></span> <span class='ocrx_word' id='word_1_384' title='bbox 768 3343 1097 3425; x_wconf 79' lang='lat' dir='ltr'><strong>protulerit.</strong></span> <span class='ocrx_word' id='word_1_385' title='bbox 1131 3344 1271 3404; x_wconf 72' lang='lat'><strong>628</strong></span> <span class='ocrx_word' id='word_1_386' title='bbox 1324 3344 1564 3407; x_wconf 81' lang='lat' dir='ltr'><strong>Multam</strong></span> <span class='ocrx_word' id='word_1_387' title='bbox 1609 3347 1768 3408; x_wconf 91' lang='lat' dir='ltr'><strong>enim</strong></span> <span class='ocrx_word' id='word_1_388' title='bbox 1819 3347 2116 3409; x_wconf 86' lang='lat' dir='ltr'><strong>lasciviam</strong></span> 
     </span>
    </p>
   </div>
   <div class='ocr_carea' id='block_1_54' title="bbox 467 3432 2118 3516">
    <p class='ocr_par' dir='ltr' id='par_1_54' title="bbox 467 3432 2118 3516">
     <span class='ocr_line' id='line_1_54' title="bbox 467 3432 2118 3516; baseline 0.004 -24"><span class='ocrx_word' id='word_1_389' title='bbox 467 3441 528 3493; x_wconf 93' lang='lat' dir='ltr'><strong>et</strong></span> <span class='ocrx_word' id='word_1_390' title='bbox 552 3432 984 3514; x_wconf 87' lang='lat' dir='ltr'><strong>impudicitiam</strong></span> <span class='ocrx_word' id='word_1_391' title='bbox 1018 3433 1093 3495; x_wconf 91' lang='lat' dir='ltr'><strong>de</strong></span> <span class='ocrx_word' id='word_1_392' title='bbox 1137 3433 1283 3513; x_wconf 87' lang='lat' dir='ltr'><strong>ipsis</strong></span> <span class='ocrx_word' id='word_1_393' title='bbox 1333 3444 1601 3516; x_wconf 86' lang='lat' dir='ltr'><strong>testatur,</strong></span> <span class='ocrx_word' id='word_1_394' title='bbox 1634 3434 1839 3497; x_wconf 90' lang='lat' dir='ltr'><strong>dicens</strong></span> <span class='ocrx_word' id='word_1_395' title='bbox 1869 3437 2025 3515; x_wconf 90' lang='lat' dir='ltr'><strong>quod</strong></span> <span class='ocrx_word' id='word_1_396' title='bbox 2059 3444 2118 3498; x_wconf 92' lang='lat' dir='ltr'><strong>et</strong></span> 
     </span>
    </p>
   </div>
   <div class='ocr_carea' id='block_1_55' title="bbox 462 3520 2113 3603">
    <p class='ocr_par' dir='ltr' id='par_1_55' title="bbox 462 3520 2113 3603">
     <span class='ocr_line' id='line_1_55' title="bbox 462 3520 2113 3603; baseline 0.004 -24"><span class='ocrx_word' id='word_1_397' title='bbox 462 3521 578 3583; x_wconf 88' lang='lat' dir='ltr'><strong>vita</strong></span> <span class='ocrx_word' id='word_1_398' title='bbox 601 3530 736 3583; x_wconf 90' lang='lat' dir='ltr'><strong>sunt</strong></span> <span class='ocrx_word' id='word_1_399' title='bbox 765 3520 1006 3603; x_wconf 87' lang='lat' dir='ltr'><strong>impuri,</strong></span> <span class='ocrx_word' id='word_1_400' title='bbox 1031 3530 1090 3583; x_wconf 72' lang='lat' dir='ltr'><strong>et</strong></span> <span class='ocrx_word' id='word_1_401' title='bbox 1138 3521 1623 3601; x_wconf 76' lang='lat' dir='ltr'><strong>linguamaxime</strong></span> <span class='ocrx_word' id='word_1_402' title='bbox 1647 3522 1847 3586; x_wconf 85' lang='lat' dir='ltr'><strong>lascivi</strong></span> <span class='ocrx_word' id='word_1_403' title='bbox 1884 3542 1897 3588; x_wconf 91' lang='lat'>:</span> <span class='ocrx_word' id='word_1_404' title='bbox 1929 3524 2113 3587; x_wconf 89' lang='lat' dir='ltr'><strong>vehe-</strong></span> 
     </span>
    </p>
   </div>
   <div class='ocr_carea' id='block_1_56' title="bbox 467 3611 2116 3694">
    <p class='ocr_par' dir='ltr' id='par_1_56' title="bbox 467 3611 2116 3694">
     <span class='ocr_line' id='line_1_56' title="bbox 467 3611 2116 3694; baseline 0.004 -25"><span class='ocrx_word' id='word_1_405' title='bbox 467 3619 729 3672; x_wconf 89' lang='lat' dir='ltr'><strong>mentem</strong></span> <span class='ocrx_word' id='word_1_406' title='bbox 760 3620 959 3673; x_wconf 88' lang='lat' dir='ltr'><strong>autem</strong></span> <span class='ocrx_word' id='word_1_407' title='bbox 983 3611 1181 3691; x_wconf 86' lang='lat' dir='ltr'><strong>operis</strong></span> <span class='ocrx_word' id='word_1_408' title='bbox 1201 3611 1629 3692; x_wconf 81' lang='lat' dir='ltr'><strong>turpitudinem</strong></span> <span class='ocrx_word' id='word_1_409' title='bbox 1654 3621 1816 3675; x_wconf 89' lang='lat' dir='ltr'><strong>recte</strong></span> <span class='ocrx_word' id='word_1_410' title='bbox 1847 3632 2116 3694; x_wconf 91' lang='lat' dir='ltr'><strong>compre-</strong></span> 
     </span>
    </p>
   </div>
   <div class='ocr_carea' id='block_1_57' title="bbox 461 3697 2108 3782">
    <p class='ocr_par' dir='ltr' id='par_1_57' title="bbox 461 3697 2108 3782">
     <span class='ocr_line' id='line_1_57' title="bbox 461 3697 2108 3782; baseline 0.002 -23"><span class='ocrx_word' id='word_1_411' title='bbox 461 3697 672 3762; x_wconf 82' lang='lat' dir='ltr'><strong>hendit</strong></span> <span class='ocrx_word' id='word_1_412' title='bbox 727 3718 834 3780; x_wconf 86' lang='lat' dir='ltr'><strong>per</strong></span> <span class='ocrx_word' id='word_1_413' title='bbox 888 3700 1000 3760; x_wconf 86' lang='lat' dir='ltr'><strong>hoc</strong></span> <span class='ocrx_word' id='word_1_414' title='bbox 1047 3699 1290 3761; x_wconf 85' lang='lat' dir='ltr'><strong>verbum</strong></span> <span class='ocrx_word' id='word_1_415' title='bbox 1373 3702 1795 3777; x_wconf 63' lang='grc' dir='ltr'>ἐνυπνιαζόμενοι</span> <span class='ocrx_word' id='word_1_416' title='bbox 1862 3701 1948 3782; x_wconf 92' lang='lat' dir='ltr'><strong>(id</strong></span> <span class='ocrx_word' id='word_1_417' title='bbox 1998 3709 2108 3776; x_wconf 89' lang='lat' dir='ltr'><strong>est,</strong></span> 
     </span>
    </p>
   </div>
   <div class='ocr_carea' id='block_1_58' title="bbox 459 3786 2111 3871">
    <p class='ocr_par' dir='ltr' id='par_1_58' title="bbox 459 3786 2111 3871">
     <span class='ocr_line' id='line_1_58' title="bbox 459 3786 2111 3871; baseline 0.003 -25"><span class='ocrx_word' id='word_1_418' title='bbox 459 3786 825 3848; x_wconf 88' lang='lat' dir='ltr'><strong>somniantes</strong></span> <span class='ocrx_word' id='word_1_419' title='bbox 845 3787 936 3849; x_wconf 87' lang='lat' dir='ltr'><strong>vel</strong></span> <span class='ocrx_word' id='word_1_420' title='bbox 967 3787 1167 3868; x_wconf 83' lang='lat' dir='ltr'><strong>agitati</strong></span> <span class='ocrx_word' id='word_1_421' title='bbox 1216 3788 1551 3865; x_wconf 85' lang='lat' dir='ltr'><strong>insomniis)</strong></span> <span class='ocrx_word' id='word_1_422' title='bbox 1579 3789 1734 3870; x_wconf 85' lang='lat' dir='ltr'><strong>quod</strong></span> <span class='ocrx_word' id='word_1_423' title='bbox 1770 3808 1878 3851; x_wconf 89' lang='lat' dir='ltr'><strong>nos</strong></span> <span class='ocrx_word' id='word_1_424' title='bbox 1911 3791 2111 3871; x_wconf 89' lang='lat' dir='ltr'><strong>paulu-</strong></span> 
     </span>
    </p>
   </div>
   <div class='ocr_carea' id='block_1_59' title="bbox 460 3873 2108 3959">
    <p class='ocr_par' dir='ltr' id='par_1_59' title="bbox 460 3873 2108 3959">
     <span class='ocr_line' id='line_1_59' title="bbox 460 3873 2108 3959; baseline 0.004 -25"><span class='ocrx_word' id='word_1_425' title='bbox 460 3873 584 3934; x_wconf 89' lang='lat' dir='ltr'><strong>lum</strong></span> <span class='ocrx_word' id='word_1_426' title='bbox 615 3885 673 3937; x_wconf 90' lang='lat' dir='ltr'><strong>et</strong></span> <span class='ocrx_word' id='word_1_427' title='bbox 697 3885 980 3956; x_wconf 90' lang='lat' dir='ltr'><strong>quantum</strong></span> <span class='ocrx_word' id='word_1_428' title='bbox 1005 3877 1228 3938; x_wconf 87' lang='lat' dir='ltr'><strong>decens</strong></span> <span class='ocrx_word' id='word_1_429' title='bbox 1258 3877 2108 3959; x_wconf 87' lang='lat' dir='ltr'><strong>erit,denudabimus,sumpto</strong></span> 
     </span>
    </p>
   </div>
   <div class='ocr_carea' id='block_1_60' title="bbox 458 3964 2105 4049">
    <p class='ocr_par' dir='ltr' id='par_1_60' title="bbox 458 3964 2105 4049">
     <span class='ocr_line' id='line_1_60' title="bbox 458 3964 2105 4049; baseline 0.004 -27"><span class='ocrx_word' id='word_1_430' title='bbox 458 3964 763 4026; x_wconf 87' lang='lat' dir='ltr'><strong>intellectu</strong></span> <span class='ocrx_word' id='word_1_431' title='bbox 795 3981 865 4025; x_wconf 84' lang='lat' dir='ltr'><strong>ex</strong></span> <span class='ocrx_word' id='word_1_432' title='bbox 896 3982 1076 4044; x_wconf 88' lang='lat' dir='ltr'><strong>opere</strong></span> <span class='ocrx_word' id='word_1_433' title='bbox 1107 3965 1263 4045; x_wconf 90' lang='lat' dir='ltr'><strong>quod</strong></span> <span class='ocrx_word' id='word_1_434' title='bbox 1297 3967 1371 4027; x_wconf 92' lang='lat' dir='ltr'><strong>de</strong></span> <span class='ocrx_word' id='word_1_435' title='bbox 1403 3965 1494 4027; x_wconf 90' lang='lat' dir='ltr'><strong>his</strong></span> <span class='ocrx_word' id='word_1_436' title='bbox 1527 3966 1713 4027; x_wconf 77' lang='lat' dir='ltr'><strong>edidit</strong></span> <span class='ocrx_word' id='word_1_437' title='bbox 1743 3966 1951 4029; x_wconf 89' lang='lat' dir='ltr'><strong>beatus</strong></span> <span class='ocrx_word' id='word_1_438' title='bbox 1971 3965 2105 4049; x_wconf 91' lang='lat' dir='ltr'><strong>Epi-</strong></span> 
     </span>
    </p>
   </div>
   <div class='ocr_carea' id='block_1_61' title="bbox 459 4049 2097 4136">
    <p class='ocr_par' dir='ltr' id='par_1_61' title="bbox 459 4049 2097 4136">
     <span class='ocr_line' id='line_1_61' title="bbox 459 4049 2097 4136; baseline 0.004 -25"><span class='ocrx_word' id='word_1_439' title='bbox 459 4050 713 4130; x_wconf 87' lang='lat' dir='ltr'><strong>phanius</strong></span> <span class='ocrx_word' id='word_1_440' title='bbox 737 4049 911 4132; x_wconf 81' lang='lat' dir='ltr'><strong>Cypri</strong></span> <span class='ocrx_word' id='word_1_441' title='bbox 942 4052 1281 4132; x_wconf 85' lang='lat' dir='ltr'><strong>episcopus,</strong></span> <span class='ocrx_word' id='word_1_442' title='bbox 1316 4061 1376 4114; x_wconf 92' lang='lat' dir='ltr'><strong>et</strong></span> <span class='ocrx_word' id='word_1_443' title='bbox 1417 4053 1729 4116; x_wconf 87' lang='lat' dir='ltr'><strong>Panarium</strong></span> <span class='ocrx_word' id='word_1_444' title='bbox 1761 4055 2097 4136; x_wconf 82' lang='lat' dir='ltr'><strong>appellavit.</strong></span> 
     </span>
    </p>
   </div>
   <div class='ocr_carea' id='block_1_62' title="bbox 459 4138 2098 4228">
    <p class='ocr_par' dir='ltr' id='par_1_62' title="bbox 459 4138 2098 4228">
     <span class='ocr_line' id='line_1_62' title="bbox 459 4138 2098 4228; baseline 0.005 -30"><span class='ocrx_word' id='word_1_445' title='bbox 459 4138 615 4228; x_wconf 75' lang='lat' dir='ltr'><strong>liicit</strong></span> <span class='ocrx_word' id='word_1_446' title='bbox 636 4139 794 4202; x_wconf 88' lang='lat' dir='ltr'><strong>enim</strong></span> <span class='ocrx_word' id='word_1_447' title='bbox 819 4139 914 4201; x_wconf 89' lang='lat' dir='ltr'><strong>hic</strong></span> <span class='ocrx_word' id='word_1_448' title='bbox 934 4140 1091 4221; x_wconf 90' lang='lat' dir='ltr'><strong>quod</strong></span> <span class='ocrx_word' id='word_1_449' title='bbox 1124 4141 1360 4202; x_wconf 87' lang='lat' dir='ltr'><strong>scelesti</strong></span> <span class='ocrx_word' id='word_1_450' title='bbox 1392 4141 1484 4203; x_wconf 79' lang='lat' dir='ltr'><strong>isti</strong></span> <span class='ocrx_word' id='word_1_451' title='bbox 1511 4141 1840 4205; x_wconf 70' lang='lat' dir='ltr'><strong>Borboritaa</strong></span> <span class='ocrx_word' id='word_1_452' title='bbox 1874 4143 1954 4222; x_wconf 91' lang='lat' dir='ltr'><strong>(id</strong></span> <span class='ocrx_word' id='word_1_453' title='bbox 1990 4154 2098 4228; x_wconf 84' lang='lat' dir='ltr'><strong>est,</strong></span> 
     </span>
    </p>
   </div>
   <div class='ocr_carea' id='block_1_63' title="bbox 2209 1836 3854 1920">
    <p class='ocr_par' dir='ltr' id='par_1_63' title="bbox 2209 1836 3854 1920">
     <span class='ocr_line' id='line_1_63' title="bbox 2209 1836 3854 1920; baseline 0.004 -27"><span class='ocrx_word' id='word_1_454' title='bbox 2209 1840 2378 1895; x_wconf 70' lang='grc' dir='ltr'>αὐτῶν</span> <span class='ocrx_word' id='word_1_455' title='bbox 2404 1836 2675 1916; x_wconf 73' lang='grc' dir='ltr'>εύκληρίᾳ,</span> <span class='ocrx_word' id='word_1_456' title='bbox 2734 1839 2833 1918; x_wconf 83' lang='grc' dir='ltr'>ἆρα</span> <span class='ocrx_word' id='word_1_457' title='bbox 2875 1840 3087 1903; x_wconf 85' lang='grc' dir='ltr'>τούτους</span> <span class='ocrx_word' id='word_1_458' title='bbox 3145 1841 3233 1897; x_wconf 74' lang='grc' dir='ltr'>νῦν</span> <span class='ocrx_word' id='word_1_459' title='bbox 3292 1840 3643 1920; x_wconf 80' lang='grc' dir='ltr'>ἀσελγοῦντας</span> <span class='ocrx_word' id='word_1_460' title='bbox 3713 1841 3854 1909; x_wconf 73' lang='grc' dir='ltr'>ἐξαι-</span> 
     </span>
    </p>
   </div>
   <div class='ocr_carea' id='block_1_64' title="bbox 2208 1926 3855 2009">
    <p class='ocr_par' dir='ltr' id='par_1_64' title="bbox 2208 1926 3855 2009">
     <span class='ocr_line' id='line_1_64' title="bbox 2208 1926 3855 2009; baseline 0.004 -27"><span class='ocrx_word' id='word_1_461' title='bbox 2208 1926 2423 2003; x_wconf 81' lang='grc' dir='ltr'>ρήσεται</span> <span class='ocrx_word' id='word_1_462' title='bbox 2452 1928 2514 1983; x_wconf 79' lang='grc' dir='ltr'>τὸ</span> <span class='ocrx_word' id='word_1_463' title='bbox 2554 1929 2646 1984; x_wconf 84' lang='grc' dir='ltr'>τὸν</span> <span class='ocrx_word' id='word_1_464' title='bbox 2679 1930 2796 1984; x_wconf 82' lang='grc' dir='ltr'>Υἰὸν</span> <span class='ocrx_word' id='word_1_465' title='bbox 2841 1936 2932 1985; x_wconf 77' lang='grc' dir='ltr'>τοῦ</span> <span class='ocrx_word' id='word_1_466' title='bbox 2991 1931 3122 1986; x_wconf 82' lang='grc' dir='ltr'><strong>Θεοῦ</strong></span> <span class='ocrx_word' id='word_1_467' title='bbox 3163 1926 3230 1984; x_wconf 79' lang='grc' dir='ltr'>δι’</span> <span class='ocrx_word' id='word_1_468' title='bbox 3291 1930 3590 2009; x_wconf 78' lang='grc' dir='ltr'>ἀνθρωπους</span> <span class='ocrx_word' id='word_1_469' title='bbox 3631 1933 3705 1996; x_wconf 81' lang='grc' dir='ltr'><strong>εἰς</strong></span> <span class='ocrx_word' id='word_1_470' title='bbox 3760 1933 3855 1989; x_wconf 82' lang='grc' dir='ltr'>τὸν</span> 
     </span>
    </p>
   </div>
   <div class='ocr_carea' id='block_1_65' title="bbox 2206 2012 3855 2098">
    <p class='ocr_par' dir='ltr' id='par_1_65' title="bbox 2206 2012 3855 2098">
     <span class='ocr_line' id='line_1_65' title="bbox 2206 2012 3855 2098; baseline 0.004 -29"><span class='ocrx_word' id='word_1_471' title='bbox 2206 2012 2406 2090; x_wconf 78' lang='grc' dir='ltr'>κόσμον</span> <span class='ocrx_word' id='word_1_472' title='bbox 2465 2013 2638 2072; x_wconf 76' lang='grc' dir='ltr'>ἐλθεῖν</span> <span class='ocrx_word' id='word_1_473' title='bbox 2692 2017 2780 2072; x_wconf 88' lang='grc' dir='ltr'><strong>καὶ</strong></span> <span class='ocrx_word' id='word_1_474' title='bbox 2848 2016 3175 2097; x_wconf 78' lang='grc' dir='ltr'>ἀνασχέσθαι</span> <span class='ocrx_word' id='word_1_475' title='bbox 3220 2018 3348 2098; x_wconf 78' lang='grc' dir='ltr'>ὑπὲρ</span> <span class='ocrx_word' id='word_1_476' title='bbox 3400 2019 3598 2075; x_wconf 87' lang='grc' dir='ltr'>τούτων</span> <span class='ocrx_word' id='word_1_477' title='bbox 3654 2016 3855 2097; x_wconf 74' lang='grc' dir='ltr'>ὕϐρεων</span> 
     </span>
    </p>
   </div>
   <div class='ocr_carea' id='block_1_66' title="bbox 2205 2103 3853 2187">
    <p class='ocr_par' dir='ltr' id='par_1_66' title="bbox 2205 2103 3853 2187">
     <span class='ocr_line' id='line_1_66' title="bbox 2205 2103 3853 2187; baseline 0.004 -30"><span class='ocrx_word' id='word_1_478' title='bbox 2205 2103 2294 2158; x_wconf 84' lang='grc' dir='ltr'><strong>καὶ</strong></span> <span class='ocrx_word' id='word_1_479' title='bbox 2334 2104 2514 2160; x_wconf 76' lang='grc' dir='ltr'>παθῶν</span> <span class='ocrx_word' id='word_1_480' title='bbox 2545 2122 2563 2185; x_wconf 73' lang='grc' dir='ltr'><strong>ς</strong></span> <span class='ocrx_word' id='word_1_481' title='bbox 2599 2104 2692 2160; x_wconf 74' lang='grc' dir='ltr'>οὒκ</span> <span class='ocrx_word' id='word_1_482' title='bbox 2733 2103 2797 2159; x_wconf 74' lang='grc' dir='ltr'><strong>ἂν</strong></span> <span class='ocrx_word' id='word_1_483' title='bbox 2839 2104 2985 2161; x_wconf 71' lang='grc' dir='ltr'>εἴποι</span> <span class='ocrx_word' id='word_1_484' title='bbox 3030 2127 3110 2169; x_wconf 90' lang='grc' dir='ltr'><strong>τις</strong></span> <span class='ocrx_word' id='word_1_485' title='bbox 3162 2116 3339 2166; x_wconf 78' lang='grc' dir='ltr'>τοῦτο.</span> <span class='ocrx_word' id='word_1_486' title='bbox 3392 2105 3499 2164; x_wconf 79' lang='grc' dir='ltr'><strong>Κᾶν</strong></span> <span class='ocrx_word' id='word_1_487' title='bbox 3528 2107 3628 2187; x_wconf 79' lang='grc' dir='ltr'><strong>γὰρ</strong></span> <span class='ocrx_word' id='word_1_488' title='bbox 3658 2107 3853 2187; x_wconf 74' lang='grc' dir='ltr'>φιλάν-</span> 
     </span>
    </p>
   </div>
   <div class='ocr_carea' id='block_1_67' title="bbox 2204 2191 3852 2270">
    <p class='ocr_par' dir='ltr' id='par_1_67' title="bbox 2204 2191 3852 2270">
     <span class='ocr_line' id='line_1_67' title="bbox 2204 2191 3852 2270; baseline 0.002 -23"><span class='ocrx_word' id='word_1_489' title='bbox 2204 2191 2411 2270; x_wconf 89' lang='grc' dir='ltr'>θρωπός</span> <span class='ocrx_word' id='word_1_490' title='bbox 2466 2191 2626 2269; x_wconf 70' lang='grc' dir='ltr'>ἐστιν,</span> <span class='ocrx_word' id='word_1_491' title='bbox 2709 2191 2846 2250; x_wconf 80' lang='grc' dir='ltr'>ἀλλὰ</span> <span class='ocrx_word' id='word_1_492' title='bbox 2911 2194 2999 2250; x_wconf 69' lang='grc' dir='ltr'><strong>καί⁵</strong></span> <span class='ocrx_word' id='word_1_493' title='bbox 3048 2191 3246 2260; x_wconf 84' lang='grc' dir='ltr'>δίκαιος</span> <span class='ocrx_word' id='word_1_494' title='bbox 3300 2193 3538 2267; x_wconf 73' lang='grc' dir='ltr'>ἀληθείᾳ.</span> <span class='ocrx_word' id='word_1_495' title='bbox 3601 2197 3697 2252; x_wconf 77' lang='grc' dir='ltr'>Καὶ</span> <span class='ocrx_word' id='word_1_496' title='bbox 3766 2194 3852 2252; x_wconf 77' lang='grc' dir='ltr'>διὰ</span> 
     </span>
    </p>
   </div>
   <div class='ocr_carea' id='block_1_68' title="bbox 2207 2278 3850 2362">
    <p class='ocr_par' dir='ltr' id='par_1_68' title="bbox 2207 2278 3850 2362">
     <span class='ocr_line' id='line_1_68' title="bbox 2207 2278 3850 2362; baseline 0.004 -27"><span class='ocrx_word' id='word_1_497' title='bbox 2207 2280 2304 2355; x_wconf 75' lang='grc' dir='ltr'>μὲν</span> <span class='ocrx_word' id='word_1_498' title='bbox 2386 2278 2560 2349; x_wconf 74' lang='grc' dir='ltr'>ἀληθῆ</span> <span class='ocrx_word' id='word_1_499' title='bbox 2655 2281 3011 2355; x_wconf 81' lang='grc' dir='ltr'>δικαιοσύνην,</span> <span class='ocrx_word' id='word_1_500' title='bbox 3095 2289 3201 2340; x_wconf 84' lang='grc' dir='ltr'>τῶν</span> <span class='ocrx_word' id='word_1_501' title='bbox 3280 2284 3670 2362; x_wconf 81' lang='grc' dir='ltr'><strong>ἡμαρτηκότων</strong></span> <span class='ocrx_word' id='word_1_502' title='bbox 3753 2286 3850 2341; x_wconf 75' lang='grc' dir='ltr'>οὒκ</span> 
     </span>
    </p>
   </div>
   <div class='ocr_carea' id='block_1_69' title="bbox 2205 2367 3847 2450">
    <p class='ocr_par' dir='ltr' id='par_1_69' title="bbox 2205 2367 3847 2450">
     <span class='ocr_line' id='line_1_69' title="bbox 2205 2367 3847 2450; baseline 0.002 -26"><span class='ocrx_word' id='word_1_503' title='bbox 2205 2368 2470 2447; x_wconf 74' lang='grc' dir='ltr'>ἐφείσατο,</span> <span class='ocrx_word' id='word_1_504' title='bbox 2524 2367 2606 2426; x_wconf 75' lang='grc' dir='ltr'><strong>διὰ</strong></span> <span class='ocrx_word' id='word_1_505' title='bbox 2667 2368 2721 2426; x_wconf 79' lang='grc' dir='ltr'><strong>δὲ</strong></span> <span class='ocrx_word' id='word_1_506' title='bbox 2776 2369 3187 2450; x_wconf 74' lang='grc' dir='ltr'>φιλανθρωπίαν,</span> <span class='ocrx_word' id='word_1_507' title='bbox 3244 2373 3441 2449; x_wconf 84' lang='grc' dir='ltr'>πόρτας</span> <span class='ocrx_word' id='word_1_508' title='bbox 3485 2374 3573 2428; x_wconf 87' lang='grc' dir='ltr'><strong>καὶ</strong></span> <span class='ocrx_word' id='word_1_509' title='bbox 3612 2369 3847 2435; x_wconf 80' lang='grc' dir='ltr'>τελώνας</span> 
     </span>
    </p>
   </div>
   <div class='ocr_carea' id='block_1_70' title="bbox 2205 2457 3847 2539">
    <p class='ocr_par' dir='ltr' id='par_1_70' title="bbox 2205 2457 3847 2539">
     <span class='ocr_line' id='line_1_70' title="bbox 2205 2457 3847 2539; baseline 0.002 -25"><span class='ocrx_word' id='word_1_510' title='bbox 2205 2461 2279 2523; x_wconf 87' lang='grc' dir='ltr'><strong>εἰς</strong></span> <span class='ocrx_word' id='word_1_511' title='bbox 2336 2459 2436 2527; x_wconf 80' lang='grc' dir='ltr'>τὴν</span> <span class='ocrx_word' id='word_1_512' title='bbox 2500 2457 2767 2536; x_wconf 85' lang='grc' dir='ltr'>βασιλείαν</span> <span class='ocrx_word' id='word_1_513' title='bbox 2822 2462 3126 2539; x_wconf 83' lang='grc' dir='ltr'>εἰσήγαγεν.</span> <span class='ocrx_word' id='word_1_514' title='bbox 3199 2460 3350 2518; x_wconf 72' lang='grc' dir='ltr'>Οὕτω</span> <span class='ocrx_word' id='word_1_515' title='bbox 3411 2462 3507 2518; x_wconf 73' lang='grc' dir='ltr'>τοῦ</span> <span class='ocrx_word' id='word_1_516' title='bbox 3564 2458 3847 2518; x_wconf 74' lang='grc' dir='ltr'>ἀκολούθου</span> 
     </span>
    </p>
   </div>
   <div class='ocr_carea' id='block_1_71' title="bbox 2203 2547 3843 2629">
    <p class='ocr_par' dir='ltr' id='par_1_71' title="bbox 2203 2547 3843 2629">
     <span class='ocr_line' id='line_1_71' title="bbox 2203 2547 3843 2629; baseline 0.001 -24"><span class='ocrx_word' id='word_1_517' title='bbox 2203 2547 2355 2614; x_wconf 74' lang='grc' dir='ltr'>ὄντος</span> <span class='ocrx_word' id='word_1_518' title='bbox 2385 2550 2710 2628; x_wconf 86' lang='grc' dir='ltr'>χρήσασθαι,</span> <span class='ocrx_word' id='word_1_519' title='bbox 2766 2548 2921 2613; x_wconf 76' lang='grc' dir='ltr'>αὐτὸς</span> <span class='ocrx_word' id='word_1_520' title='bbox 2982 2549 3209 2629; x_wconf 74' lang='grc' dir='ltr'>παρῆκε,</span> <span class='ocrx_word' id='word_1_521' title='bbox 3258 2549 3347 2605; x_wconf 84' lang='grc' dir='ltr'><strong>καὶ</strong></span> <span class='ocrx_word' id='word_1_522' title='bbox 3389 2547 3454 2605; x_wconf 86' lang='grc' dir='ltr'>δι’</span> <span class='ocrx_word' id='word_1_523' title='bbox 3512 2550 3546 2605; x_wconf 80' lang='grc' dir='ltr'>ἃ</span> <span class='ocrx_word' id='word_1_524' title='bbox 3575 2549 3673 2625; x_wconf 75' lang='grc' dir='ltr'>μὲν</span> <span class='ocrx_word' id='word_1_525' title='bbox 3703 2571 3843 2628; x_wconf 86' lang='grc' dir='ltr'>προ·-</span> 
     </span>
    </p>
   </div>
   <div class='ocr_carea' id='block_1_72' title="bbox 2200 2634 3849 2716">
    <p class='ocr_par' dir='ltr' id='par_1_72' title="bbox 2200 2634 3849 2716">
     <span class='ocr_line' id='line_1_72' title="bbox 2200 2634 3849 2716; baseline -0.001 -24"><span class='ocrx_word' id='word_1_526' title='bbox 2200 2637 2441 2712; x_wconf 87' lang='grc' dir='ltr'>είπομεν,</span> <span class='ocrx_word' id='word_1_527' title='bbox 2502 2634 2539 2704; x_wconf 70' lang='grc' dir='ltr'>ἢ</span> <span class='ocrx_word' id='word_1_528' title='bbox 2593 2637 2680 2692; x_wconf 82' lang='grc' dir='ltr'><strong>καὶ</strong></span> <span class='ocrx_word' id='word_1_529' title='bbox 2750 2638 2823 2701; x_wconf 82' lang='grc' dir='ltr'>ὡς</span> <span class='ocrx_word' id='word_1_530' title='bbox 2878 2643 2956 2712; x_wconf 84' lang='grc' dir='ltr'><strong>τῷ</strong></span> <span class='ocrx_word' id='word_1_531' title='bbox 3008 2638 3252 2716; x_wconf 81' lang='grc' dir='ltr'>μακαρίῳ</span> <span class='ocrx_word' id='word_1_532' title='bbox 3302 2635 3481 2715; x_wconf 82' lang='grc' dir='ltr'>Πέτρῳ</span> <span class='ocrx_word' id='word_1_533' title='bbox 3530 2635 3849 2715; x_wconf 79' lang='grc' dir='ltr'>προειρημέ-</span> 
     </span>
    </p>
   </div>
   <div class='ocr_carea' id='block_1_73' title="bbox 2201 2721 3847 2804">
    <p class='ocr_par' dir='ltr' id='par_1_73' title="bbox 2201 2721 3847 2804">
     <span class='ocr_line' id='line_1_73' title="bbox 2201 2721 3847 2804; baseline 0 -24"><span class='ocrx_word' id='word_1_534' title='bbox 2201 2745 2315 2804; x_wconf 88' lang='grc' dir='ltr'>νου,</span> <span class='ocrx_word' id='word_1_535' title='bbox 2360 2721 2447 2780; x_wconf 80' lang='grc' dir='ltr'>ὅτε</span> <span class='ocrx_word' id='word_1_536' title='bbox 2478 2721 2657 2802; x_wconf 77' lang='grc' dir='ltr'>ἔλεγεν</span> <span class='ocrx_word' id='word_1_537' title='bbox 2684 2739 2699 2755; x_wconf 81' lang='grc'><strong><em>⁸</em></strong></span> <span class='ocrx_word' id='word_1_538' title='bbox 2752 2744 2776 2780; x_wconf 70' lang='grc' dir='ltr'><strong><em>α</em></strong></span> <span class='ocrx_word' id='word_1_539' title='bbox 2813 2726 2871 2782; x_wconf 85' lang='grc' dir='ltr'>Εἰ</span> <span class='ocrx_word' id='word_1_540' title='bbox 2913 2724 3011 2804; x_wconf 76' lang='grc' dir='ltr'><strong>γὰρ</strong></span> <span class='ocrx_word' id='word_1_541' title='bbox 3066 2727 3094 2780; x_wconf 88' lang='grc' dir='ltr'>ὁ</span> <span class='ocrx_word' id='word_1_542' title='bbox 3134 2723 3262 2789; x_wconf 81' lang='grc' dir='ltr'><strong>Θεός</strong></span> <span class='ocrx_word' id='word_1_543' title='bbox 3318 2722 3561 2803; x_wconf 78' lang='grc' dir='ltr'>ἀγγέλων</span> <span class='ocrx_word' id='word_1_544' title='bbox 3593 2725 3847 2803; x_wconf 79' lang='grc' dir='ltr'>ἁμαρτη-</span> 
     </span>
    </p>
   </div>
   <div class='ocr_carea' id='block_1_74' title="bbox 2201 2811 3842 2893">
    <p class='ocr_par' dir='ltr' id='par_1_74' title="bbox 2201 2811 3842 2893">
     <span class='ocr_line' id='line_1_74' title="bbox 2201 2811 3842 2893; baseline 0.001 -25"><span class='ocrx_word' id='word_1_545' title='bbox 2201 2813 2406 2869; x_wconf 78' lang='grc' dir='ltr'>σάντων</span> <span class='ocrx_word' id='word_1_546' title='bbox 2441 2811 2536 2869; x_wconf 73' lang='grc' dir='ltr'>οὖκ</span> <span class='ocrx_word' id='word_1_547' title='bbox 2578 2811 2842 2893; x_wconf 78' lang='grc' dir='ltr'>ἐφείσατο,</span> <span class='ocrx_word' id='word_1_548' title='bbox 2876 2836 2904 2869; x_wconf 74' lang='grc' dir='ltr'><strong><em>ι</em></strong></span> <span class='ocrx_word' id='word_1_549' title='bbox 2964 2815 3054 2869; x_wconf 81' lang='grc' dir='ltr'><strong>καί</strong></span> <span class='ocrx_word' id='word_1_550' title='bbox 3109 2811 3257 2880; x_wconf 73' lang='grc' dir='ltr'><strong>ἑξῆς.</strong></span> <span class='ocrx_word' id='word_1_551' title='bbox 3317 2814 3415 2871; x_wconf 79' lang='grc' dir='ltr'>Καὶ</span> <span class='ocrx_word' id='word_1_552' title='bbox 3441 2814 3560 2892; x_wconf 86' lang='grc' dir='ltr'><strong>περί</strong></span> <span class='ocrx_word' id='word_1_553' title='bbox 3589 2814 3686 2888; x_wconf 79' lang='grc' dir='ltr'><strong>μὲν</strong></span> <span class='ocrx_word' id='word_1_554' title='bbox 3716 2815 3842 2869; x_wconf 89' lang='grc' dir='ltr'>τού-</span> 
     </span>
    </p>
   </div>
   <div class='ocr_carea' id='block_1_75' title="bbox 2198 2897 3843 2981">
    <p class='ocr_par' dir='ltr' id='par_1_75' title="bbox 2198 2897 3843 2981">
     <span class='ocr_line' id='line_1_75' title="bbox 2198 2897 3843 2981; baseline 0 -23"><span class='ocrx_word' id='word_1_555' title='bbox 2198 2924 2305 2958; x_wconf 87' lang='grc' dir='ltr'>των</span> <span class='ocrx_word' id='word_1_556' title='bbox 2336 2898 2524 2964; x_wconf 73' lang='grc' dir='ltr'>ούτως.</span> <span class='ocrx_word' id='word_1_557' title='bbox 2562 2904 2632 2957; x_wconf 81' lang='grc' dir='ltr'><strong>Υὸ</strong></span> <span class='ocrx_word' id='word_1_558' title='bbox 2672 2897 2752 2975; x_wconf 80' lang='grc' dir='ltr'>δὲ,</span> <span class='ocrx_word' id='word_1_559' title='bbox 2816 2924 2845 2956; x_wconf 75' lang='grc' dir='ltr'>ι</span> <span class='ocrx_word' id='word_1_560' title='bbox 2882 2902 3061 2981; x_wconf 86' lang='grc' dir='ltr'>Σάρκα</span> <span class='ocrx_word' id='word_1_561' title='bbox 3117 2901 3215 2978; x_wconf 82' lang='grc' dir='ltr'>μὲν</span> <span class='ocrx_word' id='word_1_562' title='bbox 3267 2901 3560 2977; x_wconf 81' lang='grc' dir='ltr'>μιαίνουσιν</span> <span class='ocrx_word' id='word_1_563' title='bbox 3587 2902 3843 2958; x_wconf 67' lang='grc' dir='ltr'>ἐνυπνια-</span> 
     </span>
    </p>
   </div>
   <div class='ocr_carea' id='block_1_76' title="bbox 2200 2988 3846 3070">
    <p class='ocr_par' dir='ltr' id='par_1_76' title="bbox 2200 2988 3846 3070">
     <span class='ocr_line' id='line_1_76' title="bbox 2200 2988 3846 3070; baseline 0.001 -24"><span class='ocrx_word' id='word_1_564' title='bbox 2200 2988 2431 3070; x_wconf 84' lang='grc' dir='ltr'>ξόμενοι,</span> <span class='ocrx_word' id='word_1_565' title='bbox 2468 3012 2494 3044; x_wconf 75' lang='grc' dir='ltr'><strong>ιι</strong></span> <span class='ocrx_word' id='word_1_566' title='bbox 2577 2990 2857 3065; x_wconf 72' lang='grc' dir='ltr'>θαυμάζειν</span> <span class='ocrx_word' id='word_1_567' title='bbox 2940 2989 3081 3056; x_wconf 78' lang='grc' dir='ltr'>ἄξιον</span> <span class='ocrx_word' id='word_1_568' title='bbox 3164 2994 3262 3056; x_wconf 79' lang='grc' dir='ltr'><strong>τῆς</strong></span> <span class='ocrx_word' id='word_1_569' title='bbox 3345 2990 3671 3066; x_wconf 78' lang='grc' dir='ltr'>σεμνότητος</span> <span class='ocrx_word' id='word_1_570' title='bbox 3752 2996 3846 3047; x_wconf 74' lang='grc' dir='ltr'>τοῦ</span> 
     </span>
    </p>
   </div>
   <div class='ocr_carea' id='block_1_77' title="bbox 2198 3076 3837 3159">
    <p class='ocr_par' dir='ltr' id='par_1_77' title="bbox 2198 3076 3837 3159">
     <span class='ocr_line' id='line_1_77' title="bbox 2198 3076 3837 3159; baseline 0.001 -24"><span class='ocrx_word' id='word_1_571' title='bbox 2198 3077 2380 3157; x_wconf 85' lang='grc' dir='ltr'>λόγου.</span> <span class='ocrx_word' id='word_1_572' title='bbox 2438 3076 2654 3146; x_wconf 78' lang='grc' dir='ltr'>Πολλὴν</span> <span class='ocrx_word' id='word_1_573' title='bbox 2713 3080 2813 3158; x_wconf 78' lang='grc' dir='ltr'><strong>γὰρ</strong></span> <span class='ocrx_word' id='word_1_574' title='bbox 2856 3081 3027 3139; x_wconf 78' lang='grc' dir='ltr'>αὐτῶν</span> <span class='ocrx_word' id='word_1_575' title='bbox 3083 3077 3363 3157; x_wconf 84' lang='grc' dir='ltr'>ἀσέλγειαν</span> <span class='ocrx_word' id='word_1_576' title='bbox 3418 3092 3837 3159; x_wconf 87' lang='grc' dir='ltr'>καταμαρτυρεῖ,</span> 
     </span>
    </p>
   </div>
   <div class='ocr_carea' id='block_1_78' title="bbox 2197 3164 3846 3248">
    <p class='ocr_par' dir='ltr' id='par_1_78' title="bbox 2197 3164 3846 3248">
     <span class='ocr_line' id='line_1_78' title="bbox 2197 3164 3846 3248; baseline 0.001 -25"><span class='ocrx_word' id='word_1_577' title='bbox 2197 3168 2413 3248; x_wconf 80' lang='grc' dir='ltr'>φάσκων</span> <span class='ocrx_word' id='word_1_578' title='bbox 2467 3164 2549 3224; x_wconf 77' lang='grc' dir='ltr'>ὅτι</span> <span class='ocrx_word' id='word_1_579' title='bbox 2626 3169 2714 3224; x_wconf 87' lang='grc' dir='ltr'><strong>καὶ</strong></span> <span class='ocrx_word' id='word_1_580' title='bbox 2765 3167 2864 3243; x_wconf 82' lang='grc' dir='ltr'>βίῳ</span> <span class='ocrx_word' id='word_1_581' title='bbox 2932 3168 3057 3225; x_wconf 87' lang='grc' dir='ltr'>εἰσὶν</span> <span class='ocrx_word' id='word_1_582' title='bbox 3112 3167 3414 3248; x_wconf 78' lang='grc' dir='ltr'>ἀκάθαρτοι,</span> <span class='ocrx_word' id='word_1_583' title='bbox 3470 3169 3559 3224; x_wconf 87' lang='grc' dir='ltr'><strong>καὶ</strong></span> <span class='ocrx_word' id='word_1_584' title='bbox 3622 3167 3846 3245; x_wconf 74' lang='grc' dir='ltr'>γλώσσῃ</span> 
     </span>
    </p>
   </div>
   <div class='ocr_carea' id='block_1_79' title="bbox 2197 3254 3842 3338">
    <p class='ocr_par' dir='ltr' id='par_1_79' title="bbox 2197 3254 3842 3338">
     <span class='ocr_line' id='line_1_79' title="bbox 2197 3254 3842 3338; baseline 0.001 -26"><span class='ocrx_word' id='word_1_585' title='bbox 2197 3254 2595 3334; x_wconf 82' lang='grc' dir='ltr'>ἀσελγέστατοι.</span> <span class='ocrx_word' id='word_1_586' title='bbox 2663 3257 2734 3314; x_wconf 80' lang='grc' dir='ltr'><strong>Τὸ</strong></span> <span class='ocrx_word' id='word_1_587' title='bbox 2789 3257 2890 3335; x_wconf 77' lang='grc' dir='ltr'><strong>γὰρ</strong></span> <span class='ocrx_word' id='word_1_588' title='bbox 2959 3255 3092 3336; x_wconf 81' lang='grc' dir='ltr'>ἄγαν</span> <span class='ocrx_word' id='word_1_589' title='bbox 3147 3257 3368 3336; x_wconf 81' lang='grc' dir='ltr'>αἰσχρὸν</span> <span class='ocrx_word' id='word_1_590' title='bbox 3426 3261 3525 3324; x_wconf 81' lang='grc' dir='ltr'>τῆς</span> <span class='ocrx_word' id='word_1_591' title='bbox 3578 3255 3842 3338; x_wconf 79' lang='grc' dir='ltr'>πράξεως,</span> 
     </span>
    </p>
   </div>
   <div class='ocr_carea' id='block_1_80' title="bbox 2198 3341 3844 3426">
    <p class='ocr_par' dir='ltr' id='par_1_80' title="bbox 2198 3341 3844 3426">
     <span class='ocr_line' id='line_1_80' title="bbox 2198 3341 3844 3426; baseline 0 -25"><span class='ocrx_word' id='word_1_592' title='bbox 2198 3342 2282 3403; x_wconf 80' lang='grc' dir='ltr'><strong>διὰ</strong></span> <span class='ocrx_word' id='word_1_593' title='bbox 2361 3350 2455 3402; x_wconf 79' lang='grc' dir='ltr'>τοῦ</span> <span class='ocrx_word' id='word_1_594' title='bbox 2525 3341 2903 3421; x_wconf 80' lang='grc' dir='ltr'>Ἐνυπνιαζόμε</span> <span class='ocrx_word' id='word_1_595' title='bbox 2915 3366 2985 3402; x_wconf 66' lang='grc' dir='ltr'>θοι</span> <span class='ocrx_word' id='word_1_596' title='bbox 3049 3343 3423 3426; x_wconf 81' lang='grc' dir='ltr'>περιέστειλεν.</span> <span class='ocrx_word' id='word_1_597' title='bbox 3532 3354 3572 3403; x_wconf 94' lang='grc' dir='ltr'><strong>Ο</strong></span> <span class='ocrx_word' id='word_1_598' title='bbox 3655 3348 3844 3425; x_wconf 83' lang='grc' dir='ltr'>μικρὸν</span> 
     </span>
    </p>
   </div>
   <div class='ocr_carea' id='block_1_81' title="bbox 2196 3432 3844 3514">
    <p class='ocr_par' dir='ltr' id='par_1_81' title="bbox 2196 3432 3844 3514">
     <span class='ocr_line' id='line_1_81' title="bbox 2196 3432 3844 3514; baseline 0.002 -25"><span class='ocrx_word' id='word_1_599' title='bbox 2196 3434 2384 3514; x_wconf 71' lang='grc' dir='ltr'>ἡμεῖς,</span> <span class='ocrx_word' id='word_1_600' title='bbox 2443 3434 2530 3490; x_wconf 87' lang='grc' dir='ltr'><strong>καὶ</strong></span> <span class='ocrx_word' id='word_1_601' title='bbox 2585 3432 2708 3491; x_wconf 80' lang='grc' dir='ltr'>ὅσον</span> <span class='ocrx_word' id='word_1_602' title='bbox 2762 3437 3020 3513; x_wconf 75' lang='grc' dir='ltr'>προσῆκε,</span> <span class='ocrx_word' id='word_1_603' title='bbox 3068 3433 3583 3513; x_wconf 85' lang='grc' dir='ltr'>παραγυμνώσομεν,</span> <span class='ocrx_word' id='word_1_604' title='bbox 3634 3436 3695 3490; x_wconf 69' lang='grc' dir='ltr'><strong>εκ</strong></span> <span class='ocrx_word' id='word_1_605' title='bbox 3748 3441 3844 3492; x_wconf 78' lang='grc' dir='ltr'>τοῦ</span> 
     </span>
    </p>
   </div>
   <div class='ocr_carea' id='block_1_82' title="bbox 2195 3519 3842 3603">
    <p class='ocr_par' dir='ltr' id='par_1_82' title="bbox 2195 3519 3842 3603">
     <span class='ocr_line' id='line_1_82' title="bbox 2195 3519 3842 3603; baseline 0 -24"><span class='ocrx_word' id='word_1_606' title='bbox 2195 3521 2564 3598; x_wconf 71' lang='grc' dir='ltr'>πεπονημένοι)</span> <span class='ocrx_word' id='word_1_607' title='bbox 2639 3526 2717 3595; x_wconf 83' lang='grc' dir='ltr'><strong>τῷ</strong></span> <span class='ocrx_word' id='word_1_608' title='bbox 2786 3524 3029 3600; x_wconf 83' lang='grc' dir='ltr'>μακαρίῳ</span> <span class='ocrx_word' id='word_1_609' title='bbox 3102 3519 3395 3603; x_wconf 72' lang='grc' dir='ltr'>Ἐπιφανίῳ</span> <span class='ocrx_word' id='word_1_610' title='bbox 3467 3528 3544 3585; x_wconf 80' lang='grc' dir='ltr'><strong>τῶ</strong></span> <span class='ocrx_word' id='word_1_611' title='bbox 3627 3523 3842 3600; x_wconf 78' lang='grc' dir='ltr'>Κύπρου</span> 
     </span>
    </p>
   </div>
   <div class='ocr_carea' id='block_1_83' title="bbox 2196 3610 3842 3691">
    <p class='ocr_par' dir='ltr' id='par_1_83' title="bbox 2196 3610 3842 3691">
     <span class='ocr_line' id='line_1_83' title="bbox 2196 3610 3842 3691; baseline -0.001 -24"><span class='ocrx_word' id='word_1_612' title='bbox 2196 3612 2313 3688; x_wconf 87' lang='grc' dir='ltr'>περὶ</span> <span class='ocrx_word' id='word_1_613' title='bbox 2340 3611 2563 3691; x_wconf 89' lang='grc' dir='ltr'>τούτων,</span> <span class='ocrx_word' id='word_1_614' title='bbox 2627 3611 2655 3666; x_wconf 88' lang='grc' dir='ltr'>ὃ</span> <span class='ocrx_word' id='word_1_615' title='bbox 2712 3612 2797 3667; x_wconf 85' lang='grc' dir='ltr'><strong>καὶ</strong></span> <span class='ocrx_word' id='word_1_616' title='bbox 2854 3612 3111 3691; x_wconf 85' lang='grc' dir='ltr'>Πανάριον</span> <span class='ocrx_word' id='word_1_617' title='bbox 3168 3610 3409 3691; x_wconf 71' lang='grc' dir='ltr'>ἒκάλεσε,</span> <span class='ocrx_word' id='word_1_618' title='bbox 3474 3612 3573 3678; x_wconf 80' lang='grc' dir='ltr'>τὴν</span> <span class='ocrx_word' id='word_1_619' title='bbox 3641 3617 3842 3690; x_wconf 80' lang='grc' dir='ltr'>γνῶσιν</span> 
     </span>
    </p>
   </div>
   <div class='ocr_carea' id='block_1_84' title="bbox 2196 3698 3839 3781">
    <p class='ocr_par' dir='ltr' id='par_1_84' title="bbox 2196 3698 3839 3781">
     <span class='ocr_line' id='line_1_84' title="bbox 2196 3698 3839 3781; baseline 0.001 -26"><span class='ocrx_word' id='word_1_620' title='bbox 2196 3698 2494 3781; x_wconf 76' lang='grc' dir='ltr'>εἰληφότες.</span> <span class='ocrx_word' id='word_1_621' title='bbox 2557 3700 2701 3766; x_wconf 83' lang='grc' dir='ltr'><strong>Φησί</strong></span> <span class='ocrx_word' id='word_1_622' title='bbox 2754 3699 2852 3778; x_wconf 82' lang='grc' dir='ltr'><strong>γὰρ</strong></span> <span class='ocrx_word' id='word_1_623' title='bbox 2908 3702 3057 3766; x_wconf 83' lang='grc' dir='ltr'>οὗτος</span> <span class='ocrx_word' id='word_1_624' title='bbox 3092 3716 3109 3732; x_wconf 84' lang='grc'><strong><em>⁸</em></strong></span> <span class='ocrx_word' id='word_1_625' title='bbox 3160 3700 3292 3765; x_wconf 82' lang='grc' dir='ltr'>Τοὺς</span> <span class='ocrx_word' id='word_1_626' title='bbox 3351 3701 3568 3778; x_wconf 76' lang='grc' dir='ltr'>μιαροὺς</span> <span class='ocrx_word' id='word_1_627' title='bbox 3623 3702 3839 3764; x_wconf 83' lang='grc' dir='ltr'>τούτους</span> 
     </span>
    </p>
   </div>
   <div class='ocr_carea' id='block_1_85' title="bbox 2196 3785 3839 3869">
    <p class='ocr_par' dir='ltr' id='par_1_85' title="bbox 2196 3785 3839 3869">
     <span class='ocr_line' id='line_1_85' title="bbox 2196 3785 3839 3869; baseline 0.001 -26"><span class='ocrx_word' id='word_1_628' title='bbox 2196 3785 2506 3867; x_wconf 82' lang='grc' dir='ltr'>Βορϐορίτας</span> <span class='ocrx_word' id='word_1_629' title='bbox 2562 3789 2798 3867; x_wconf 78' lang='grc' dir='ltr'>αἰσχρῶς</span> <span class='ocrx_word' id='word_1_630' title='bbox 2857 3787 3080 3866; x_wconf 80' lang='grc' dir='ltr'>γυναιξὶν</span> <span class='ocrx_word' id='word_1_631' title='bbox 3136 3787 3602 3869; x_wconf 76' lang='grc' dir='ltr'>ἐπιμιγνυμένους,</span> <span class='ocrx_word' id='word_1_632' title='bbox 3645 3798 3724 3865; x_wconf 77' lang='grc' dir='ltr'>μή</span> <span class='ocrx_word' id='word_1_633' title='bbox 3769 3795 3839 3866; x_wconf 74' lang='grc' dir='ltr'>τῇ</span> 
     </span>
    </p>
   </div>
   <div class='ocr_carea' id='block_1_86' title="bbox 2191 3875 3837 3957">
    <p class='ocr_par' dir='ltr' id='par_1_86' title="bbox 2191 3875 3837 3957">
     <span class='ocr_line' id='line_1_86' title="bbox 2191 3875 3837 3957; baseline -0.002 -24"><span class='ocrx_word' id='word_1_634' title='bbox 2191 3878 2367 3957; x_wconf 81' lang='grc' dir='ltr'>μήτρᾳ</span> <span class='ocrx_word' id='word_1_635' title='bbox 2395 3877 2495 3945; x_wconf 75' lang='grc' dir='ltr'>τὴν</span> <span class='ocrx_word' id='word_1_636' title='bbox 2537 3876 2699 3954; x_wconf 77' lang='grc' dir='ltr'>γονὴν</span> <span class='ocrx_word' id='word_1_637' title='bbox 2737 3890 3059 3957; x_wconf 83' lang='grc' dir='ltr'>κατασχεῖν,</span> <span class='ocrx_word' id='word_1_638' title='bbox 3120 3875 3240 3934; x_wconf 86' lang='grc' dir='ltr'>ἀλλ’</span> <span class='ocrx_word' id='word_1_639' title='bbox 3294 3877 3561 3952; x_wconf 77' lang='grc' dir='ltr'>ἀτελέα-τῳ</span> <span class='ocrx_word' id='word_1_640' title='bbox 3614 3883 3682 3955; x_wconf 73' lang='grc' dir='ltr'><strong>τῇ</strong></span> <span class='ocrx_word' id='word_1_641' title='bbox 3708 3875 3837 3955; x_wconf 82' lang='grc' dir='ltr'>βδε-</span> 
     </span>
    </p>
   </div>
   <div class='ocr_carea' id='block_1_87' title="bbox 2188 3963 3837 4047">
    <p class='ocr_par' dir='ltr' id='par_1_87' title="bbox 2188 3963 3837 4047">
     <span class='ocr_line' id='line_1_87' title="bbox 2188 3963 3837 4047; baseline 0 -24"><span class='ocrx_word' id='word_1_642' title='bbox 2188 3966 2336 4045; x_wconf 77' lang='grc' dir='ltr'>λυρίᾳ</span> <span class='ocrx_word' id='word_1_643' title='bbox 2393 3979 2515 4033; x_wconf 87' lang='grc' dir='ltr'>ταῖς</span> <span class='ocrx_word' id='word_1_644' title='bbox 2570 3968 2767 4023; x_wconf 76' lang='grc' dir='ltr'>ἑαυτῶν</span> <span class='ocrx_word' id='word_1_645' title='bbox 2823 3963 3176 4030; x_wconf 79' lang='grc' dir='ltr'>ὑπολαϐόντες</span> <span class='ocrx_word' id='word_1_646' title='bbox 3246 3966 3441 4034; x_wconf 88' lang='grc' dir='ltr'>ταύτην</span> <span class='ocrx_word' id='word_1_647' title='bbox 3486 3969 3693 4047; x_wconf 80' lang='grc' dir='ltr'>χερσὶν,</span> <span class='ocrx_word' id='word_1_648' title='bbox 3752 3967 3837 4023; x_wconf 69' lang='grc' dir='ltr'><strong>εὖ·</strong></span> 
     </span>
    </p>
   </div>
   <div class='ocr_carea' id='block_1_88' title="bbox 2186 4053 3836 4136">
    <p class='ocr_par' dir='ltr' id='par_1_88' title="bbox 2186 4053 3836 4136">
     <span class='ocr_line' id='line_1_88' title="bbox 2186 4053 3836 4136; baseline 0 -24"><span class='ocrx_word' id='word_1_649' title='bbox 2186 4057 2276 4121; x_wconf 84' lang='grc' dir='ltr'><strong>θὺς</strong></span> <span class='ocrx_word' id='word_1_650' title='bbox 2302 4062 2380 4130; x_wconf 82' lang='grc' dir='ltr'>τῷ</span> <span class='ocrx_word' id='word_1_651' title='bbox 2408 4055 2632 4131; x_wconf 85' lang='grc' dir='ltr'>στόματι</span> <span class='ocrx_word' id='word_1_652' title='bbox 2676 4054 2874 4122; x_wconf 88' lang='grc' dir='ltr'>ταύτην</span> <span class='ocrx_word' id='word_1_653' title='bbox 2925 4056 3211 4135; x_wconf 77' lang='grc' dir='ltr'>προσάγειν</span> <span class='ocrx_word' id='word_1_654' title='bbox 3267 4053 3386 4131; x_wconf 87' lang='grc' dir='ltr'>μεθ’</span> <span class='ocrx_word' id='word_1_655' title='bbox 3443 4058 3518 4111; x_wconf 84' lang='grc' dir='ltr'><strong>ὧν</strong></span> <span class='ocrx_word' id='word_1_656' title='bbox 3580 4057 3836 4136; x_wconf 71' lang='grc' dir='ltr'>συνεφθά-</span> 
     </span>
    </p>
   </div>
   <div class='ocr_carea' id='block_1_89' title="bbox 2186 4142 3828 4224">
    <p class='ocr_par' dir='ltr' id='par_1_89' title="bbox 2186 4142 3828 4224">
     <span class='ocr_line' id='line_1_89' title="bbox 2186 4142 3828 4224; baseline -0.001 -23"><span class='ocrx_word' id='word_1_657' title='bbox 2186 4166 2354 4223; x_wconf 89' lang='grc' dir='ltr'>ρησαν</span> <span class='ocrx_word' id='word_1_658' title='bbox 2411 4143 2655 4222; x_wconf 84' lang='grc' dir='ltr'>γυναίων,</span> <span class='ocrx_word' id='word_1_659' title='bbox 2717 4145 2806 4201; x_wconf 83' lang='grc' dir='ltr'>καὶ</span> <span class='ocrx_word' id='word_1_660' title='bbox 2847 4142 3012 4209; x_wconf 69' lang='grc' dir='ltr'>οὕτως</span> <span class='ocrx_word' id='word_1_661' title='bbox 3063 4144 3385 4224; x_wconf 76' lang='grc' dir='ltr'>ἀπέρχεσθαι</span> <span class='ocrx_word' id='word_1_662' title='bbox 3442 4143 3536 4201; x_wconf 83' lang='grc' dir='ltr'>ἀπ’</span> <span class='ocrx_word' id='word_1_663' title='bbox 3578 4143 3828 4215; x_wconf 88' lang='grc' dir='ltr'>ἀλλήλων</span> 
     </span>
    </p>
   </div>
   <div class='ocr_carea' id='block_1_90' title="bbox 454 4226 2115 4312">
    <p class='ocr_par' dir='ltr' id='par_1_90' title="bbox 454 4226 2103 4311">
     <span class='ocr_line' id='line_1_90' title="bbox 454 4226 2103 4311; baseline 0.004 -23"><span class='ocrx_word' id='word_1_664' title='bbox 454 4226 723 4290; x_wconf 88' lang='lat' dir='ltr'><strong>fetulenti</strong></span> <span class='ocrx_word' id='word_1_665' title='bbox 778 4248 847 4291; x_wconf 83' lang='lat' dir='ltr'><strong>ac</strong></span> <span class='ocrx_word' id='word_1_666' title='bbox 890 4247 1057 4291; x_wconf 70' lang='lat' dir='ltr'><strong>coeno</strong></span> <span class='ocrx_word' id='word_1_667' title='bbox 1092 4230 1337 4311; x_wconf 83' lang='lat' dir='ltr'><strong>oppleti)</strong></span> <span class='ocrx_word' id='word_1_668' title='bbox 1387 4250 1519 4292; x_wconf 90' lang='lat' dir='ltr'><strong>cum</strong></span> <span class='ocrx_word' id='word_1_669' title='bbox 1565 4232 1722 4293; x_wconf 73' lang='lat' dir='ltr'><strong>[cede</strong></span> <span class='ocrx_word' id='word_1_670' title='bbox 1752 4226 2103 4296; x_wconf 85' lang='lat' dir='ltr'><strong>mulieribus</strong></span> 
     </span>
    </p>
   </div>
   <div class='ocr_carea' id='block_1_91' title="bbox 2198 4226 3823 4312">
    <p class='ocr_par' dir='ltr' id='par_1_91' title="bbox 2198 4231 3823 4312">
     <span class='ocr_line' id='line_1_91' title="bbox 2198 4231 3823 4312; baseline 0 -22"><span class='ocrx_word' id='word_1_671' title='bbox 2198 4234 2306 4298; x_wconf 80' lang='grc' dir='ltr'>τοὺς</span> <span class='ocrx_word' id='word_1_672' title='bbox 2344 4233 2688 4312; x_wconf 83' lang='grc' dir='ltr'>ἀκαθάρτους,</span> <span class='ocrx_word' id='word_1_673' title='bbox 2760 4233 2899 4311; x_wconf 87' lang='grc' dir='ltr'>μέγα</span> <span class='ocrx_word' id='word_1_674' title='bbox 2953 4254 3003 4289; x_wconf 91' lang='grc' dir='ltr'><strong>τι</strong></span> <span class='ocrx_word' id='word_1_675' title='bbox 3060 4233 3329 4301; x_wconf 70' lang='grc' dir='ltr'>οἰηθέντας</span> <span class='ocrx_word' id='word_1_676' title='bbox 3386 4231 3823 4297; x_wconf 78' lang='grc' dir='ltr'>ἑπιτετελεκέναι,</span> 
     </span>
    </p>
   </div>
   <div class='ocr_carea' id='block_1_92' title="bbox 453 4317 2096 4404">
    <p class='ocr_par' dir='ltr' id='par_1_92' title="bbox 453 4317 2096 4404">
     <span class='ocr_line' id='line_1_92' title="bbox 453 4317 2096 4404; baseline 0.004 -26"><span class='ocrx_word' id='word_1_677' title='bbox 453 4317 1134 4395; x_wconf 86' lang='lat' dir='ltr'><strong>commiscerentur,non</strong></span> <span class='ocrx_word' id='word_1_678' title='bbox 1166 4318 1228 4379; x_wconf 87' lang='lat' dir='ltr'><strong>in</strong></span> <span class='ocrx_word' id='word_1_679' title='bbox 1258 4318 1426 4381; x_wconf 80' lang='lat' dir='ltr'><strong>vulva</strong></span> <span class='ocrx_word' id='word_1_680' title='bbox 1454 4338 1661 4382; x_wconf 86' lang='lat' dir='ltr'><strong>semen</strong></span> <span class='ocrx_word' id='word_1_681' title='bbox 1690 4320 2096 4404; x_wconf 70' lang='lat' dir='ltr'><strong>effundebant,</strong></span> 
     </span>
    </p>
   </div>
   <div class='ocr_carea' id='block_1_93' title="bbox 453 4405 2098 4488">
    <p class='ocr_par' dir='ltr' id='par_1_93' title="bbox 453 4405 2098 4488">
     <span class='ocr_line' id='line_1_93' title="bbox 453 4405 2098 4488; baseline 0.004 -21"><span class='ocrx_word' id='word_1_682' title='bbox 453 4405 556 4468; x_wconf 88' lang='lat' dir='ltr'><strong>sed</strong></span> <span class='ocrx_word' id='word_1_683' title='bbox 590 4406 936 4488; x_wconf 84' lang='lat' dir='ltr'><strong>imperfecta</strong></span> <span class='ocrx_word' id='word_1_684' title='bbox 965 4406 1430 4481; x_wconf 87' lang='lat' dir='ltr'><strong>abominatione,</strong></span> <span class='ocrx_word' id='word_1_685' title='bbox 1481 4407 1606 4472; x_wconf 92' lang='lat' dir='ltr'><strong>suis</strong></span> <span class='ocrx_word' id='word_1_686' title='bbox 1651 4408 1926 4471; x_wconf 88' lang='lat' dir='ltr'><strong>manibus</strong></span> <span class='ocrx_word' id='word_1_687' title='bbox 1952 4409 2098 4473; x_wconf 92' lang='lat' dir='ltr'><strong>illud</strong></span> 
     </span>
    </p>
   </div>
   <div class='ocr_carea' id='block_1_94' title="bbox 451 4494 2097 4576">
    <p class='ocr_par' dir='ltr' id='par_1_94' title="bbox 451 4494 2097 4576">
     <span class='ocr_line' id='line_1_94' title="bbox 451 4494 2097 4576; baseline 0.004 -22"><span class='ocrx_word' id='word_1_688' title='bbox 451 4494 871 4576; x_wconf 84' lang='lat' dir='ltr'><strong>suscipientes,</strong></span> <span class='ocrx_word' id='word_1_689' title='bbox 903 4496 1102 4557; x_wconf 89' lang='lat' dir='ltr'><strong>statim</strong></span> <span class='ocrx_word' id='word_1_690' title='bbox 1134 4496 1274 4557; x_wconf 90' lang='lat' dir='ltr'><strong>illud</strong></span> <span class='ocrx_word' id='word_1_691' title='bbox 1326 4496 1388 4557; x_wconf 91' lang='lat' dir='ltr'><strong>in</strong></span> <span class='ocrx_word' id='word_1_692' title='bbox 1436 4516 1503 4558; x_wconf 91' lang='lat' dir='ltr'><strong>os</strong></span> <span class='ocrx_word' id='word_1_693' title='bbox 1534 4496 1933 4559; x_wconf 83' lang='lat' dir='ltr'><strong>immittebant</strong></span> <span class='ocrx_word' id='word_1_694' title='bbox 1960 4517 2097 4561; x_wconf 89' lang='lat' dir='ltr'><strong>mu-</strong></span> 
     </span>
    </p>
   </div>
   <div class='ocr_carea' id='block_1_95' title="bbox 449 4582 2098 4668">
    <p class='ocr_par' dir='ltr' id='par_1_95' title="bbox 449 4582 2098 4668">
     <span class='ocr_line' id='line_1_95' title="bbox 449 4582 2098 4668; baseline 0.004 -24"><span class='ocrx_word' id='word_1_695' title='bbox 449 4582 662 4646; x_wconf 90' lang='lat' dir='ltr'><strong>lierum</strong></span> <span class='ocrx_word' id='word_1_696' title='bbox 714 4605 847 4647; x_wconf 78' lang='lat' dir='ltr'><strong>cum</strong></span> <span class='ocrx_word' id='word_1_697' title='bbox 896 4585 1111 4666; x_wconf 88' lang='lat' dir='ltr'><strong>quibus</strong></span> <span class='ocrx_word' id='word_1_698' title='bbox 1148 4586 1411 4668; x_wconf 69' lang='lat' dir='ltr'><strong>corrupti</strong></span> <span class='ocrx_word' id='word_1_699' title='bbox 1467 4595 1641 4648; x_wconf 86' lang='lat' dir='ltr'><strong>erant</strong></span> <span class='ocrx_word' id='word_1_700' title='bbox 1693 4603 1707 4649; x_wconf 91' lang='lat'>:</span> <span class='ocrx_word' id='word_1_701' title='bbox 1760 4594 1817 4648; x_wconf 90' lang='lat' dir='ltr'><strong>et</strong></span> <span class='ocrx_word' id='word_1_702' title='bbox 1863 4586 1997 4650; x_wconf 87' lang='lat' dir='ltr'><strong>itaa</strong></span> <span class='ocrx_word' id='word_1_703' title='bbox 2031 4606 2098 4651; x_wconf 87' lang='lat' dir='ltr'><strong>se</strong></span> 
     </span>
    </p>
   </div>
   <div class='ocr_carea' id='block_1_96' title="bbox 452 4673 2096 4756">
    <p class='ocr_par' dir='ltr' id='par_1_96' title="bbox 452 4673 2096 4756">
     <span class='ocr_line' id='line_1_96' title="bbox 452 4673 2096 4756; baseline 0.004 -24"><span class='ocrx_word' id='word_1_704' title='bbox 452 4673 652 4734; x_wconf 84' lang='lat' dir='ltr'><strong>mutuo</strong></span> <span class='ocrx_word' id='word_1_705' title='bbox 683 4673 1067 4736; x_wconf 87' lang='lat' dir='ltr'><strong>discedebant</strong></span> <span class='ocrx_word' id='word_1_706' title='bbox 1097 4673 1339 4756; x_wconf 88' lang='lat' dir='ltr'><strong>impuri,</strong></span> <span class='ocrx_word' id='word_1_707' title='bbox 1377 4693 1652 4755; x_wconf 87' lang='lat' dir='ltr'><strong>magnum</strong></span> <span class='ocrx_word' id='word_1_708' title='bbox 1694 4675 2002 4756; x_wconf 85' lang='lat' dir='ltr'><strong>quippiam</strong></span> <span class='ocrx_word' id='word_1_709' title='bbox 2030 4696 2096 4740; x_wconf 90' lang='lat' dir='ltr'><strong>se</strong></span> 
     </span>
    </p>
   </div>
   <div class='ocr_carea' id='block_1_97' title="bbox 453 4761 2096 4847">
    <p class='ocr_par' dir='ltr' id='par_1_97' title="bbox 453 4761 2096 4847">
     <span class='ocr_line' id='line_1_97' title="bbox 453 4761 2096 4847; baseline 0.004 -25"><span class='ocrx_word' id='word_1_710' title='bbox 453 4761 752 4842; x_wconf 83' lang='lat' dir='ltr'><strong>peregisse</strong></span> <span class='ocrx_word' id='word_1_711' title='bbox 779 4770 1073 4844; x_wconf 87' lang='lat' dir='ltr'><strong>putantes.</strong></span> <span class='ocrx_word' id='word_1_712' title='bbox 1107 4762 1232 4825; x_wconf 86' lang='lat' dir='ltr'><strong>Hoc</strong></span> <span class='ocrx_word' id='word_1_713' title='bbox 1260 4763 1562 4845; x_wconf 85' lang='lat' dir='ltr'><strong>impurum</strong></span> <span class='ocrx_word' id='word_1_714' title='bbox 1596 4764 1826 4825; x_wconf 82' lang='lat' dir='ltr'><strong>facinus</strong></span> <span class='ocrx_word' id='word_1_715' title='bbox 1853 4773 2096 4847; x_wconf 80' lang='lat' dir='ltr'><strong>propter</strong></span> 
     </span>
    </p>
   </div>
   <div class='ocr_carea' id='block_1_98' title="bbox 442 4850 2094 4934">
    <p class='ocr_par' dir='ltr' id='par_1_98' title="bbox 442 4850 2094 4934">
     <span class='ocr_line' id='line_1_98' title="bbox 442 4850 2094 4934; baseline 0.005 -23"><span class='ocrx_word' id='word_1_716' title='bbox 442 4850 955 4932; x_wconf 86' lang='lat' dir='ltr'><strong>imperfectionem</strong></span> <span class='ocrx_word' id='word_1_717' title='bbox 981 4853 1239 4934; x_wconf 90' lang='lat' dir='ltr'><strong>appellat</strong></span> <span class='ocrx_word' id='word_1_718' title='bbox 1269 4852 1656 4926; x_wconf 81' lang='lat' dir='ltr'><strong>insomnium,</strong></span> <span class='ocrx_word' id='word_1_719' title='bbox 1684 4853 1961 4933; x_wconf 90' lang='lat' dir='ltr'><strong>quoniam</strong></span> <span class='ocrx_word' id='word_1_720' title='bbox 1986 4855 2094 4919; x_wconf 87' lang='lat' dir='ltr'><strong>hu-</strong></span> 
     </span>
    </p>
   </div>
   <div class='ocr_carea' id='block_1_99' title="bbox 438 4938 2094 5025">
    <p class='ocr_par' dir='ltr' id='par_1_99' title="bbox 438 4938 2094 5025">
     <span class='ocr_line' id='line_1_99' title="bbox 438 4938 2094 5025; baseline 0.004 -25"><span class='ocrx_word' id='word_1_721' title='bbox 438 4938 702 5018; x_wconf 89' lang='lat' dir='ltr'><strong>jusmodi</strong></span> <span class='ocrx_word' id='word_1_722' title='bbox 761 4950 901 5005; x_wconf 88' lang='lat' dir='ltr'><strong>sunt</strong></span> <span class='ocrx_word' id='word_1_723' title='bbox 951 4959 1082 5022; x_wconf 67' lang='lat' dir='ltr'><strong>quae</strong></span> <span class='ocrx_word' id='word_1_724' title='bbox 1125 4941 1186 5003; x_wconf 90' lang='lat' dir='ltr'><strong>in</strong></span> <span class='ocrx_word' id='word_1_725' title='bbox 1241 4942 1557 5004; x_wconf 90' lang='lat' dir='ltr'><strong>insomniis</strong></span> <span class='ocrx_word' id='word_1_726' title='bbox 1586 4951 1863 5021; x_wconf 85' lang='lat' dir='ltr'><strong>aguntur.</strong></span> <span class='ocrx_word' id='word_1_727' title='bbox 1896 4941 2094 5025; x_wconf 89' lang='lat' dir='ltr'><strong>Inqui-</strong></span> 
     </span>
    </p>
   </div>
   <div class='ocr_carea' id='block_1_100' title="bbox 446 5029 2088 5113">
    <p class='ocr_par' dir='ltr' id='par_1_100' title="bbox 446 5029 2088 5113">
     <span class='ocr_line' id='line_1_100' title="bbox 446 5029 2088 5113; baseline 0.004 -24"><span class='ocrx_word' id='word_1_728' title='bbox 446 5046 650 5091; x_wconf 89' lang='lat' dir='ltr'><strong>names</strong></span> <span class='ocrx_word' id='word_1_729' title='bbox 680 5047 821 5109; x_wconf 87' lang='lat' dir='ltr'><strong>ergo</strong></span> <span class='ocrx_word' id='word_1_730' title='bbox 879 5049 985 5112; x_wconf 90' lang='lat' dir='ltr'><strong>per</strong></span> <span class='ocrx_word' id='word_1_731' title='bbox 1040 5029 1385 5094; x_wconf 69' lang='lat' dir='ltr'><strong>fetulentam</strong></span> <span class='ocrx_word' id='word_1_732' title='bbox 1438 5031 1589 5093; x_wconf 87' lang='lat' dir='ltr'><strong>hanc</strong></span> <span class='ocrx_word' id='word_1_733' title='bbox 1622 5030 2088 5113; x_wconf 89' lang='lat' dir='ltr'><strong>assumptionem</strong></span> 
     </span>
    </p>
   </div>
   <div class='ocr_carea' id='block_1_101' title="bbox 440 5119 2084 5202">
    <p class='ocr_par' dir='ltr' id='par_1_101' title="bbox 440 5119 2084 5202">
     <span class='ocr_line' id='line_1_101' title="bbox 440 5119 2084 5202; baseline 0.003 -24"><span class='ocrx_word' id='word_1_734' title='bbox 440 5135 611 5179; x_wconf 82' lang='lat' dir='ltr'><strong>suam</strong></span> <span class='ocrx_word' id='word_1_735' title='bbox 664 5133 925 5195; x_wconf 82' lang='lat' dir='ltr'><strong>carnem,</strong></span> <span class='ocrx_word' id='word_1_736' title='bbox 988 5120 1245 5202; x_wconf 89' lang='lat' dir='ltr'><strong>amplius</strong></span> <span class='ocrx_word' id='word_1_737' title='bbox 1293 5121 1487 5182; x_wconf 87' lang='lat' dir='ltr'><strong>adhuc</strong></span> <span class='ocrx_word' id='word_1_738' title='bbox 1515 5120 1838 5196; x_wconf 85' lang='lat' dir='ltr'><strong>insaniunt,</strong></span> <span class='ocrx_word' id='word_1_739' title='bbox 1872 5119 2084 5202; x_wconf 88' lang='lat' dir='ltr'><strong>inquit,</strong></span> 
     </span>
    </p>
   </div>
   <div class='ocr_carea' id='block_1_102' title="bbox 438 5206 2084 5292">
    <p class='ocr_par' dir='ltr' id='par_1_102' title="bbox 438 5206 2084 5292">
     <span class='ocr_line' id='line_1_102' title="bbox 438 5206 2084 5292; baseline 0.004 -25"><span class='ocrx_word' id='word_1_740' title='bbox 438 5206 719 5268; x_wconf 89' lang='lat' dir='ltr'><strong>adversus</strong></span> <span class='ocrx_word' id='word_1_741' title='bbox 748 5207 1005 5271; x_wconf 86' lang='lat' dir='ltr'><strong>divinam</strong></span> <span class='ocrx_word' id='word_1_742' title='bbox 1036 5207 1655 5287; x_wconf 86' lang='lat' dir='ltr'><strong>naturam,Dominum</strong></span> <span class='ocrx_word' id='word_1_743' title='bbox 1681 5209 1861 5290; x_wconf 88' lang='lat' dir='ltr'><strong>hujus</strong></span> <span class='ocrx_word' id='word_1_744' title='bbox 1880 5228 2084 5292; x_wconf 84' lang='lat' dir='ltr'><strong>asper-</strong></span> 
     </span>
    </p>
   </div>
   <div class='ocr_carea' id='block_1_103' title="bbox 2182 4320 3825 4402">
    <p class='ocr_par' dir='ltr' id='par_1_103' title="bbox 2182 4320 3825 4402">
     <span class='ocr_line' id='line_1_103' title="bbox 2182 4320 3825 4402; baseline -0.001 -22"><span class='ocrx_word' id='word_1_745' title='bbox 2182 4324 2345 4380; x_wconf 74' lang='grc' dir='ltr'><strong>Τοῦτο</strong></span> <span class='ocrx_word' id='word_1_746' title='bbox 2413 4324 2476 4380; x_wconf 76' lang='grc' dir='ltr'>τὸ</span> <span class='ocrx_word' id='word_1_747' title='bbox 2530 4321 2818 4402; x_wconf 81' lang='grc' dir='ltr'>ἀκάθαρτον</span> <span class='ocrx_word' id='word_1_748' title='bbox 2873 4320 3044 4398; x_wconf 77' lang='grc' dir='ltr'>δρᾶμα</span> <span class='ocrx_word' id='word_1_749' title='bbox 3100 4320 3184 4379; x_wconf 81' lang='grc' dir='ltr'><strong>διὰ</strong></span> <span class='ocrx_word' id='word_1_750' title='bbox 3244 4325 3307 4379; x_wconf 82' lang='grc' dir='ltr'>τὸ</span> <span class='ocrx_word' id='word_1_751' title='bbox 3358 4321 3661 4398; x_wconf 78' lang='grc' dir='ltr'>ἀτέλεστον,</span> <span class='ocrx_word' id='word_1_752' title='bbox 3732 4322 3825 4379; x_wconf 74' lang='grc' dir='ltr'>έν-</span> 
     </span>
    </p>
   </div>
   <div class='ocr_carea' id='block_1_104' title="bbox 2179 4408 3822 4487">
    <p class='ocr_par' dir='ltr' id='par_1_104' title="bbox 2179 4408 3822 4487">
     <span class='ocr_line' id='line_1_104' title="bbox 2179 4408 3822 4487; baseline -0.002 -17"><span class='ocrx_word' id='word_1_753' title='bbox 2179 4411 2448 4487; x_wconf 87' lang='grc' dir='ltr'>υπνίασμα</span> <span class='ocrx_word' id='word_1_754' title='bbox 2516 4408 2699 4486; x_wconf 80' lang='grc' dir='ltr'>καλεῖ,</span> <span class='ocrx_word' id='word_1_755' title='bbox 2743 4410 2857 4467; x_wconf 71' lang='grc' dir='ltr'>ἐπεὶ</span> <span class='ocrx_word' id='word_1_756' title='bbox 2909 4412 2999 4467; x_wconf 80' lang='grc' dir='ltr'><strong>καὶ</strong></span> <span class='ocrx_word' id='word_1_757' title='bbox 3039 4420 3255 4470; x_wconf 81' lang='grc' dir='ltr'>τοιαῦτα</span> <span class='ocrx_word' id='word_1_758' title='bbox 3307 4411 3375 4468; x_wconf 75' lang='grc' dir='ltr'>τὰ</span> <span class='ocrx_word' id='word_1_759' title='bbox 3430 4411 3486 4467; x_wconf 77' lang='grc' dir='ltr'><strong>έν</strong></span> <span class='ocrx_word' id='word_1_760' title='bbox 3556 4422 3673 4476; x_wconf 86' lang='grc' dir='ltr'>τοῖς</span> <span class='ocrx_word' id='word_1_761' title='bbox 3731 4410 3822 4467; x_wconf 76' lang='grc' dir='ltr'>έν-</span> 
     </span>
    </p>
   </div>
   <div class='ocr_carea' id='block_1_105' title="bbox 2179 4497 3821 4579">
    <p class='ocr_par' dir='ltr' id='par_1_105' title="bbox 2179 4497 3821 4579">
     <span class='ocr_line' id='line_1_105' title="bbox 2179 4497 3821 4579; baseline -0.001 -20"><span class='ocrx_word' id='word_1_762' title='bbox 2179 4512 2523 4577; x_wconf 86' lang='grc' dir='ltr'>υπνιασμοῖς,</span> <span class='ocrx_word' id='word_1_763' title='bbox 2597 4499 2899 4565; x_wconf 72' lang='grc' dir='ltr'>Μιαίνοντες</span> <span class='ocrx_word' id='word_1_764' title='bbox 2944 4500 3112 4556; x_wconf 88' lang='grc' dir='ltr'>τοίνυν</span> <span class='ocrx_word' id='word_1_765' title='bbox 3166 4497 3252 4557; x_wconf 79' lang='grc' dir='ltr'>διὰ</span> <span class='ocrx_word' id='word_1_766' title='bbox 3314 4505 3414 4567; x_wconf 82' lang='grc' dir='ltr'>τῆς</span> 
     </span>
    </p>
   </div>
   <div class='ocr_carea' id='block_1_106' title="bbox 2177 4586 3821 4671">
    <p class='ocr_par' dir='ltr' id='par_1_106' title="bbox 2177 4586 3821 4671">
     <span class='ocr_line' id='line_1_106' title="bbox 2177 4586 3821 4671; baseline 0.002 -27"><span class='ocrx_word' id='word_1_767' title='bbox 2177 4590 2372 4656; x_wconf 85' lang='grc' dir='ltr'>ταύτης</span> <span class='ocrx_word' id='word_1_768' title='bbox 2415 4594 2711 4671; x_wconf 72' lang='grc' dir='ltr'>προσφορᾶς</span> <span class='ocrx_word' id='word_1_769' title='bbox 2765 4587 2867 4656; x_wconf 77' lang='grc' dir='ltr'>τὴν</span> <span class='ocrx_word' id='word_1_770' title='bbox 2922 4587 3121 4645; x_wconf 77' lang='grc' dir='ltr'>ἑαυτῶν</span> <span class='ocrx_word' id='word_1_771' title='bbox 3162 4588 3351 4668; x_wconf 88' lang='grc' dir='ltr'>σάρκα,</span> <span class='ocrx_word' id='word_1_772' title='bbox 3399 4586 3498 4667; x_wconf 74' lang='grc' dir='ltr'>ἔτι,</span> <span class='ocrx_word' id='word_1_773' title='bbox 3549 4592 3696 4670; x_wconf 72' lang='grc' dir='ltr'>φησὶ,</span> <span class='ocrx_word' id='word_1_774' title='bbox 3732 4591 3821 4647; x_wconf 78' lang='grc' dir='ltr'>καὶ</span> 
     </span>
    </p>
   </div>
   <div class='ocr_carea' id='block_1_107' title="bbox 2176 4677 3820 4758">
    <p class='ocr_par' dir='ltr' id='par_1_107' title="bbox 2176 4677 3820 4758">
     <span class='ocr_line' id='line_1_107' title="bbox 2176 4677 3820 4758; baseline 0 -24"><span class='ocrx_word' id='word_1_775' title='bbox 2176 4678 2313 4734; x_wconf 80' lang='grc' dir='ltr'>κατὰ</span> <span class='ocrx_word' id='word_1_776' title='bbox 2378 4683 2479 4746; x_wconf 79' lang='grc' dir='ltr'>τῆς</span> <span class='ocrx_word' id='word_1_777' title='bbox 2560 4680 2701 4742; x_wconf 83' lang='grc' dir='ltr'>θείας</span> <span class='ocrx_word' id='word_1_778' title='bbox 2761 4677 2964 4758; x_wconf 70' lang='grc' dir='ltr'>φύσεως</span> <span class='ocrx_word' id='word_1_779' title='bbox 3048 4678 3323 4753; x_wconf 84' lang='grc' dir='ltr'>μαίνονται</span> <span class='ocrx_word' id='word_1_780' title='bbox 3381 4678 3480 4746; x_wconf 75' lang='grc' dir='ltr'>τὴν</span> <span class='ocrx_word' id='word_1_781' title='bbox 3534 4678 3820 4757; x_wconf 86' lang='grc' dir='ltr'>κυριότητα</span> 
     </span>
    </p>
   </div>
   <div class='ocr_carea' id='block_1_108' title="bbox 2174 4764 3817 4843">
    <p class='ocr_par' dir='ltr' id='par_1_108' title="bbox 2174 4764 3817 4843">
     <span class='ocr_line' id='line_1_108' title="bbox 2174 4764 3817 4843; baseline 0.001 -20"><span class='ocrx_word' id='word_1_782' title='bbox 2174 4767 2370 4835; x_wconf 84' lang='grc' dir='ltr'>ταύτης</span> <span class='ocrx_word' id='word_1_783' title='bbox 2414 4767 2736 4843; x_wconf 80' lang='grc' dir='ltr'>ἀθετουνες,</span> <span class='ocrx_word' id='word_1_784' title='bbox 2795 4767 2883 4824; x_wconf 83' lang='grc' dir='ltr'><strong>καὶ</strong></span> <span class='ocrx_word' id='word_1_785' title='bbox 2934 4768 3035 4834; x_wconf 72' lang='grc' dir='ltr'>τὴν</span> <span class='ocrx_word' id='word_1_786' title='bbox 3104 4773 3195 4823; x_wconf 80' lang='grc' dir='ltr'>τοῦ</span> <span class='ocrx_word' id='word_1_787' title='bbox 3236 4769 3431 4831; x_wconf 74' lang='grc' dir='ltr'>παντὸς</span> <span class='ocrx_word' id='word_1_788' title='bbox 3490 4768 3654 4835; x_wconf 75' lang='grc' dir='ltr'>αὐτῆς</span> <span class='ocrx_word' id='word_1_789' title='bbox 3723 4764 3817 4824; x_wconf 81' lang='grc' dir='ltr'>δε-</span> 
     </span>
    </p>
   </div>
   <div class='ocr_carea' id='block_1_109' title="bbox 2173 4853 3817 4937">
    <p class='ocr_par' dir='ltr' id='par_1_109' title="bbox 2173 4853 3817 4937">
     <span class='ocr_line' id='line_1_109' title="bbox 2173 4853 3817 4937; baseline 0.001 -25"><span class='ocrx_word' id='word_1_790' title='bbox 2173 4857 2445 4915; x_wconf 83' lang='grc' dir='ltr'>σποτείαν.</span> <span class='ocrx_word' id='word_1_791' title='bbox 2521 4854 2846 4935; x_wconf 90' lang='grc' dir='ltr'>Πλατύτερον</span> <span class='ocrx_word' id='word_1_792' title='bbox 2914 4853 2970 4912; x_wconf 79' lang='grc' dir='ltr'><strong>δὲ</strong></span> <span class='ocrx_word' id='word_1_793' title='bbox 3038 4856 3156 4934; x_wconf 87' lang='grc' dir='ltr'><strong>περί</strong></span> <span class='ocrx_word' id='word_1_794' title='bbox 3220 4856 3420 4912; x_wconf 79' lang='grc' dir='ltr'>τούτων</span> <span class='ocrx_word' id='word_1_795' title='bbox 3474 4857 3503 4912; x_wconf 70' lang='grc' dir='ltr'><strong>ὃ</strong></span> <span class='ocrx_word' id='word_1_796' title='bbox 3558 4857 3817 4937; x_wconf 85' lang='grc' dir='ltr'>μακάριος</span> 
     </span>
    </p>
   </div>
   <div class='ocr_carea' id='block_1_110' title="bbox 2177 4942 3817 5026">
    <p class='ocr_par' dir='ltr' id='par_1_110' title="bbox 2177 4942 3817 5026">
     <span class='ocr_line' id='line_1_110' title="bbox 2177 4942 3817 5026; baseline -0.001 -26"><span class='ocrx_word' id='word_1_797' title='bbox 2177 4944 2459 5023; x_wconf 83' lang='grc' dir='ltr'>Εἰρηναῖος</span> <span class='ocrx_word' id='word_1_798' title='bbox 2515 4948 2543 5002; x_wconf 83' lang='grc' dir='ltr'>ὁ</span> <span class='ocrx_word' id='word_1_799' title='bbox 2571 4942 2897 5025; x_wconf 85' lang='grc' dir='ltr'>Δουγδούνου</span> <span class='ocrx_word' id='word_1_800' title='bbox 2953 4943 3171 5023; x_wconf 83' lang='grc' dir='ltr'>εἴρηκεν</span> <span class='ocrx_word' id='word_1_801' title='bbox 3213 4942 3268 5000; x_wconf 77' lang='grc' dir='ltr'><strong>ἐν</strong></span> <span class='ocrx_word' id='word_1_802' title='bbox 3321 4950 3400 5019; x_wconf 82' lang='grc' dir='ltr'>τῷ</span> <span class='ocrx_word' id='word_1_803' title='bbox 3442 4943 3656 5026; x_wconf 79' lang='grc' dir='ltr'>ἐλέγχῳ</span> <span class='ocrx_word' id='word_1_804' title='bbox 3717 4950 3817 5014; x_wconf 77' lang='grc' dir='ltr'>τῆς</span> 
     </span>
    </p>
   </div>
   <div class='ocr_carea' id='block_1_111' title="bbox 2174 5029 3814 5114">
    <p class='ocr_par' dir='ltr' id='par_1_111' title="bbox 2174 5029 3814 5114">
     <span class='ocr_line' id='line_1_111' title="bbox 2174 5029 3814 5114; baseline 0.002 -27"><span class='ocrx_word' id='word_1_805' title='bbox 2174 5029 2516 5110; x_wconf 79' lang='grc' dir='ltr'>ψευδωνύμου</span> <span class='ocrx_word' id='word_1_806' title='bbox 2543 5033 2813 5113; x_wconf 81' lang='grc' dir='ltr'>γνώσεως,</span> <span class='ocrx_word' id='word_1_807' title='bbox 2845 5034 2970 5114; x_wconf 87' lang='grc' dir='ltr'>παρ’</span> <span class='ocrx_word' id='word_1_808' title='bbox 3023 5034 3085 5089; x_wconf 83' lang='grc' dir='ltr'>οὗ</span> <span class='ocrx_word' id='word_1_809' title='bbox 3141 5035 3170 5090; x_wconf 80' lang='grc' dir='ltr'>ὁ</span> <span class='ocrx_word' id='word_1_810' title='bbox 3224 5031 3545 5110; x_wconf 80' lang='grc' dir='ltr'>βουλόμενος</span> <span class='ocrx_word' id='word_1_811' title='bbox 3597 5031 3814 5109; x_wconf 76' lang='grc' dir='ltr'>λαμϐα-</span> 
     </span>
    </p>
   </div>
   <div class='ocr_carea' id='block_1_112' title="bbox 2173 5121 3810 5205">
    <p class='ocr_par' dir='ltr' id='par_1_112' title="bbox 2173 5121 3810 5205">
     <span class='ocr_line' id='line_1_112' title="bbox 2173 5121 3810 5205; baseline 0.003 -29"><span class='ocrx_word' id='word_1_812' title='bbox 2173 5121 2304 5178; x_wconf 84' lang='grc' dir='ltr'>νέτω</span> <span class='ocrx_word' id='word_1_813' title='bbox 2331 5122 2430 5190; x_wconf 72' lang='grc' dir='ltr'><strong>τὴν</strong></span> <span class='ocrx_word' id='word_1_814' title='bbox 2460 5128 2677 5202; x_wconf 81' lang='grc' dir='ltr'>γνῶσιν,</span> <span class='ocrx_word' id='word_1_815' title='bbox 2751 5131 2798 5182; x_wconf 86' lang='grc' dir='ltr'><strong>Η</strong></span> <span class='ocrx_word' id='word_1_816' title='bbox 2839 5124 3148 5205; x_wconf 86' lang='grc' dir='ltr'>κυριότητα,</span> <span class='ocrx_word' id='word_1_817' title='bbox 3205 5124 3305 5190; x_wconf 78' lang='grc' dir='ltr'>τὴν</span> <span class='ocrx_word' id='word_1_818' title='bbox 3344 5132 3435 5183; x_wconf 84' lang='grc' dir='ltr'>τοῦ</span> <span class='ocrx_word' id='word_1_819' title='bbox 3487 5124 3624 5180; x_wconf 80' lang='grc' dir='ltr'><strong>κατά</strong></span> <span class='ocrx_word' id='word_1_820' title='bbox 3677 5131 3810 5201; x_wconf 79' lang='grc' dir='ltr'>Χρι-</span> 
     </span>
    </p>
   </div>
   <div class='ocr_carea' id='block_1_113' title="bbox 2170 5209 3812 5291">
    <p class='ocr_par' dir='ltr' id='par_1_113' title="bbox 2170 5209 3812 5291">
     <span class='ocr_line' id='line_1_113' title="bbox 2170 5209 3812 5291; baseline 0.002 -27"><span class='ocrx_word' id='word_1_821' title='bbox 2170 5211 2295 5265; x_wconf 81' lang='grc' dir='ltr'>στὸν</span> <span class='ocrx_word' id='word_1_822' title='bbox 2324 5213 2608 5291; x_wconf 82' lang='grc' dir='ltr'>μυστηρίου</span> <span class='ocrx_word' id='word_1_823' title='bbox 2663 5211 2885 5281; x_wconf 73' lang='grc' dir='ltr'>τελετὴν</span> <span class='ocrx_word' id='word_1_824' title='bbox 2942 5212 3231 5287; x_wconf 77' lang='grc' dir='ltr'>ἀθετοῦσιν,</span> <span class='ocrx_word' id='word_1_825' title='bbox 3291 5211 3344 5269; x_wconf 80' lang='grc' dir='ltr'><strong>ὲν</strong></span> <span class='ocrx_word' id='word_1_826' title='bbox 3403 5209 3543 5277; x_wconf 75' lang='grc' dir='ltr'>τάξει</span> <span class='ocrx_word' id='word_1_827' title='bbox 3599 5233 3812 5288; x_wconf 67' lang='grc' dir='ltr'>μυστ-ηε</span> 
     </span>
    </p>
   </div>
   <div class='ocr_carea' id='block_1_114' title="bbox 441 5297 2115 5381">
    <p class='ocr_par' dir='ltr' id='par_1_114' title="bbox 441 5297 2079 5381">
     <span class='ocr_line' id='line_1_114' title="bbox 441 5297 2079 5381; baseline 0.004 -25"><span class='ocrx_word' id='word_1_828' title='bbox 441 5303 654 5360; x_wconf 89' lang='lat' dir='ltr'><strong>nantes</strong></span> <span class='ocrx_word' id='word_1_829' title='bbox 684 5303 741 5358; x_wconf 91' lang='lat' dir='ltr'><strong>et</strong></span> <span class='ocrx_word' id='word_1_830' title='bbox 770 5297 1241 5361; x_wconf 88' lang='lat' dir='ltr'><strong>dominationem</strong></span> <span class='ocrx_word' id='word_1_831' title='bbox 1274 5317 1450 5381; x_wconf 81' lang='lat' dir='ltr'><strong>quam</strong></span> <span class='ocrx_word' id='word_1_832' title='bbox 1485 5299 1614 5380; x_wconf 89' lang='lat' dir='ltr'><strong>ipsa</strong></span> <span class='ocrx_word' id='word_1_833' title='bbox 1642 5298 1702 5360; x_wconf 91' lang='lat' dir='ltr'><strong>in</strong></span> <span class='ocrx_word' id='word_1_834' title='bbox 1732 5299 1928 5361; x_wconf 80' lang='lat' dir='ltr'><strong>univei</strong></span> <span class='ocrx_word' id='word_1_835' title='bbox 1946 5319 2079 5362; x_wconf 91' lang='lat' dir='ltr'><strong>sum</strong></span> 
     </span>
    </p>
   </div>
   <div class='ocr_carea' id='block_1_115' title="bbox 2198 5297 3809 5381">
    <p class='ocr_par' dir='ltr' id='par_1_115' title="bbox 2198 5299 3809 5381">
     <span class='ocr_line' id='line_1_115' title="bbox 2198 5299 3809 5381; baseline 0.002 -23"><span class='ocrx_word' id='word_1_836' title='bbox 2198 5301 2287 5358; x_wconf 89' lang='grc' dir='ltr'><strong>ίων</strong></span> <span class='ocrx_word' id='word_1_837' title='bbox 2330 5299 2630 5380; x_wconf 80' lang='grc' dir='ltr'>ἀγγελικῶν</span> <span class='ocrx_word' id='word_1_838' title='bbox 2684 5304 2780 5366; x_wconf 76' lang='grc' dir='ltr'>τὰς</span> <span class='ocrx_word' id='word_1_839' title='bbox 2842 5303 3043 5360; x_wconf 71' lang='grc' dir='ltr'>ἑαυτῶν</span> <span class='ocrx_word' id='word_1_840' title='bbox 3105 5299 3382 5381; x_wconf 84' lang='grc' dir='ltr'>ἀσελγείας</span> <span class='ocrx_word' id='word_1_841' title='bbox 3454 5299 3809 5369; x_wconf 71' lang='grc' dir='ltr'>ἓκτελοῖιντες.</span> 
     </span>
    </p>
   </div>
   <div class='ocr_carea' id='block_1_116' title="bbox 439 5383 2115 5474">
    <p class='ocr_par' dir='ltr' id='par_1_116' title="bbox 439 5383 2080 5455">
     <span class='ocr_line' id='line_1_116' title="bbox 439 5383 2080 5455; baseline 0.005 -10"><span class='ocrx_word' id='word_1_842' title='bbox 439 5383 644 5448; x_wconf 85' lang='lat' dir='ltr'><strong>habet.</strong></span> <span class='ocrx_word' id='word_1_843' title='bbox 692 5385 890 5450; x_wconf 79' lang='lat' dir='ltr'><strong>Latius</strong></span> <span class='ocrx_word' id='word_1_844' title='bbox 920 5397 1120 5453; x_wconf 88' lang='lat' dir='ltr'><strong>autem</strong></span> <span class='ocrx_word' id='word_1_845' title='bbox 1170 5388 1247 5452; x_wconf 88' lang='lat' dir='ltr'><strong>de</strong></span> <span class='ocrx_word' id='word_1_846' title='bbox 1297 5389 1389 5451; x_wconf 86' lang='lat' dir='ltr'><strong>his</strong></span> <span class='ocrx_word' id='word_1_847' title='bbox 1418 5388 1564 5452; x_wconf 77' lang='lat' dir='ltr'><strong>dixit</strong></span> <span class='ocrx_word' id='word_1_848' title='bbox 1584 5388 1794 5452; x_wconf 89' lang='lat' dir='ltr'><strong>beatus</strong></span> <span class='ocrx_word' id='word_1_849' title='bbox 1822 5387 2080 5455; x_wconf 72' lang='lat' dir='ltr'><strong>lrenaaus</strong></span> 
     </span>
    </p>
   </div>
   <div class='ocr_carea' id='block_1_117' title="bbox 2198 5383 3808 5474">
    <p class='ocr_par' dir='ltr' id='par_1_117' title="bbox 2198 5388 3808 5474">
     <span class='ocr_line' id='line_1_117' title="bbox 2198 5388 3808 5474; baseline 0.002 -26"><span class='ocrx_word' id='word_1_850' title='bbox 2198 5391 2330 5459; x_wconf 80' lang='grc' dir='ltr'>,όξας</span> <span class='ocrx_word' id='word_1_851' title='bbox 2373 5390 2428 5449; x_wconf 77' lang='grc' dir='ltr'><strong>δὲ</strong></span> <span class='ocrx_word' id='word_1_852' title='bbox 2483 5391 2583 5460; x_wconf 79' lang='grc' dir='ltr'>τὴν</span> <span class='ocrx_word' id='word_1_853' title='bbox 2636 5390 2869 5449; x_wconf 86' lang='grc' dir='ltr'>παλαιάν</span> <span class='ocrx_word' id='word_1_854' title='bbox 2922 5414 3057 5474; x_wconf 78' lang='grc' dir='ltr'>φησι</span> <span class='ocrx_word' id='word_1_855' title='bbox 3110 5388 3365 5462; x_wconf 74' lang='grc' dir='ltr'>διαθήκην</span> <span class='ocrx_word' id='word_1_856' title='bbox 3406 5391 3495 5448; x_wconf 75' lang='grc' dir='ltr'><strong>καὶ</strong></span> <span class='ocrx_word' id='word_1_857' title='bbox 3536 5391 3634 5461; x_wconf 75' lang='grc' dir='ltr'>τὴν</span> <span class='ocrx_word' id='word_1_858' title='bbox 3663 5393 3808 5470; x_wconf 78' lang='grc' dir='ltr'>νέαν,</span> 
     </span>
    </p>
   </div>
   <div class='ocr_carea' id='block_1_118' title="bbox 518 5554 1120 5634">
    <p class='ocr_par' dir='ltr' id='par_1_118' title="bbox 518 5554 1120 5634">
     <span class='ocr_line' id='line_1_118' title="bbox 518 5554 1120 5634; baseline 0.013 -21"><span class='ocrx_word' id='word_1_859' title='bbox 518 5554 581 5604; x_wconf 76' lang='grc'><strong>48</strong></span> <span class='ocrx_word' id='word_1_860' title='bbox 612 5554 812 5620; x_wconf 75' lang='lat' dir='ltr'><strong>Matth.</strong></span> <span class='ocrx_word' id='word_1_861' title='bbox 845 5573 986 5634; x_wconf 79' lang='lat' dir='ltr'><strong>xxv,</strong></span> <span class='ocrx_word' id='word_1_862' title='bbox 1018 5558 1120 5621; x_wconf 73' lang='lat' dir='ltr'><strong>4t.</strong></span> 
     </span>
    </p>
   </div>
   <div class='ocr_carea' id='block_1_119' title="bbox 1210 5556 2343 5643">
    <p class='ocr_par' dir='ltr' id='par_1_119' title="bbox 1210 5556 2343 5643">
     <span class='ocr_line' id='line_1_119' title="bbox 1210 5556 2343 5643; baseline 0.004 -23"><span class='ocrx_word' id='word_1_863' title='bbox 1210 5557 1269 5609; x_wconf 66' lang='grc' dir='ltr'>ιθ</span> <span class='ocrx_word' id='word_1_864' title='bbox 1296 5556 1446 5621; x_wconf 87' lang='lat' dir='ltr'><strong>Gen.</strong></span> <span class='ocrx_word' id='word_1_865' title='bbox 1478 5574 1541 5637; x_wconf 82' lang='lat' dir='ltr'><strong>li,</strong></span> <span class='ocrx_word' id='word_1_866' title='bbox 1575 5558 1672 5622; x_wconf 78' lang='lat'><strong>23.</strong></span> <span class='ocrx_word' id='word_1_867' title='bbox 1758 5557 1823 5609; x_wconf 66' lang='grc' dir='ltr'><strong>³ο</strong></span> <span class='ocrx_word' id='word_1_868' title='bbox 1848 5560 2053 5623; x_wconf 73' lang='lat' dir='ltr'><strong>Matth.</strong></span> <span class='ocrx_word' id='word_1_869' title='bbox 2086 5580 2209 5643; x_wconf 71' lang='lat' dir='ltr'><strong>xxx,</strong></span> <span class='ocrx_word' id='word_1_870' title='bbox 2242 5562 2343 5627; x_wconf 74' lang='grc'><strong>31.</strong></span> 
     </span>
    </p>
   </div>
  </div>
