4192 6212
313 307 428 373 ’113
1456 309 1852 376 COMMENT.
1896 308 1938 369 Ι]

2025 303 2265 372 EPIST.
2307 311 2542 374 JUDﬁ.
3555 303 3678 373 714

309 442 382 504 ὡς
414 439 623 504 Παῦλός
667 463 796 522 φησι
835 459 846 474 ·
912 463 940 496 α
1003 443 1062 500 El
1118 442 1216 522 γὰρ
1274 445 1333 500 τὸ
1387 443 1810 520 καταργούμενον
1866 442 1938 499 διᾶ

2033 442 2444 521 Lugdunensis
2463 445 2524 506 in
2546 444 2946 506 confutatione
2974 443 3118 506 falso
3141 443 3314 506 dictae
3331 442 3621 523 scientiae,
3647 459 3683 504 a

307 527 486 598 δόξης,
520 528 704 604 πολλῷ
760 528 960 604 μᾶλλον
989 532 1048 586 τὸ
1082 530 1235 607 μένον
1267 530 1320 586 ἐν
1347 529 1490 607 δόξῃ.
1529 554 1556 586 ι
1614 533 1710 589 Καὶ
1741 530 1899 588 πάλιν
1933 548 1938 560 ‘

2036 550 2152 608 quo
2177 533 2227 593 is
2249 534 2348 612 qui
2375 533 2647 613 voluerit,
2674 533 3038 595 intellectum
3073 532 3343 612 accipiat.
3365 530 3678 594 Autdomi-

311 620 370 675 El.
427 620 525 697 γὰρ
582 621 617 687 ἡ
678 617 912 674 διακονία
969 627 1064 691 τῆς
1141 621 1494 697 κατακρίσεως
1558 618 1706 711 ³ξόξα,
1769 619 1938 694 πολλᾴ

2036 621 2330 711 nationem
2354 623 2800 711 spernuntthoc
2822 630 2930 696 est,
2957 621 3384 711 perfectionem
3403 619 3676 711 mysterii

309 704 510 781 μᾶλλον
543 710 577 775 ἡ
608 706 841 764 διακονία
870 713 966 773 τῆς
993 705 1327 774 δικαιοσύνης
1371 706 1512 772 δόξα.
1559 704 1612 764 ’Β
1644 710 1729 764 καὶ
1763 708 1938 783 Δόξας,

2033 707 2188 785 quod
2211 709 2634 771 estsecundum
2657 708 2976 772 Christum:
2992 708 3053 768 in
3076 708 3284 770 ordine
3306 717 3362 770 et
3383 708 3508 770 vice
3523 725 3683 789 mys-

308 795 403 859 τὰς
460 795 901 862 ἐκκλησιαστικὰς
967 797 1139 875 ἀρχάς
1183 818 1364 876 φησιν,
1412 797 1471 861 ἃς
1529 793 1938 876 ἐϐλασφήμουν·

2032 796 2314 856 teriorum
2339 798 2744 874 angelicorum
2769 815 2904 859 suas
2923 797 3326 877 impudicitias
3351 796 3670 876 perﬁcien-

309 883 536 945 ὡς’ἔστι
595 885 683 940 καὶ
738 884 844 941 ἀπὸ
911 889 1008 951 τῆς
1059 885 1237 963 τρίτης
1295 883 1538 941 Ἰωάννου
1593 895 1686 944 τοῦ
1724 887 1938 962 ἠγαπη-

2032 890 2139 943 tes.
2169 884 2328 948 Δόξας
2356 894 2576 959 autem,
2607 885 2666 946 id
2693 892 2804 961 est,
2832 885 3182 964 splendores
3220 883 3364 945 dicit
3403 885 3586 945 Vetus
3609 901 3680 962 ac

314 973 471 1047 μένου
519 971 836 1040 Ἐπιστολῆς
867 977 1074 1049 μαθεῖν,
1138 973 1228 1030 Ἐν
1270 976 1354 1036 οἷς
1385 995 1514 1053 φησι
1555 975 1648 1029 τὸν
1692 979 1947 1053 Διοτρεφῆ

310 1059 490 1139 λόγοις
520 1074 777 1139 πονηροῖς
824 1059 1212 1142 καταφλυαρεϊν
1259 1061 1451 1124 αὐτῶν,
1514 1059 1659 1119 Ἐπεὶ
1689 1060 1743 1117 δὲ
1773 1062 1944 1138 βλασ-

310 1150 536 1229 φημίας,
608 1149 870 1229 ἐμνήσθη,
943 1149 1272 1228 σωφρονίζων
1333 1151 1426 1206 οὒκ
1496 1150 1680 1212 αὐτοὺς
1728 1150 1940 1224 μόνους,

307 1235 445 1293 ἀλλὰ
499 1239 585 1293 καὶ
665 1238 867 1301 πάντας
959 1236 1259 1316 ἀνθρώπους
1332 1238 1560 1310 καθαρὰς
1633 1237 1780 1317 ἔχειν
1850 1239 1943 1302 τὰς

302 1324 546 1403 γλώσσας
600 1336 692 1384 τοῦ
744 1327 982 1383 τοιούτου
1041 1335 1226 1398 κακοῦ,
1291 1326 1377 1381 καὶ
1450 1325 1583 1402 μηδὲ
1637 1328 1772 1385 κατὰ
1839 1333 1944 1382 τῶν

301 1413 457 1480 ἀξίων
487 1413 825 1494 βλασφημίας
881 1415 1051 1488 τούτῳ
1104 1417 1422 1493 κεχρῆσθαι,
1480 1415 1637 1494 φησίν
1673 1431 1686 1445 ·
1727 1437 1753 1469 α
1805 1407 1860 1472 Ὀ
1890 1413 1944 1470 δὲ

302 1502 527 1582 Μιχαὴλ
571 1505 598 1558 6
642 1501 1004 1582 ἀρχάγγελος,
1045 1525 1065 1558 ι
1115 1503 1204 1558 καὶ
1243 1500 1385 1569 ἑξῆς.
1433 1502 1492 1559 Τί
1530 1505 1681 1559 τοῦτο
1733 1502 1942 1583 λέγων,

303 1583 397 1652 Ὠς
427 1593 567 1648 οὗτοι
599 1592 694 1666 μὲν
725 1591 1020 1670 προχείρως
1077 1593 1163 1648 καὶ
1206 1591 1445 1668 ἀκρατῶς
1493 1591 1782 1670 κέχρηνται
1811 1594 1947 1648 κατὰ

303 1680 514 1736 πάντων
544 1701 614 1755 τῃ
644 1678 975 1759 βλασφημίᾳ.
1036 1681 1108 1738 Οὒ
1135 1679 1247 1758 χρὴ
1277 1677 1332 1734 δὲ
1360 1681 1535 1752 τοῦτο,
1583 1678 1712 1736 ὅπου
1742 1701 1802 1758 γι
1832 1679 1945 1739 0663:

2029 970 2252 1032 Novum
2280 980 2714 1034 Testamentum
2745 995 2758 1031 :
2785 972 3290 1054 quemadmodum
3316 971 3532 1034 Paulus
3559 971 3674 1033 ait:

2035 1085 2061 1114 «
2082 1060 2318 1122 Etenim
2342 1062 2391 1122 si
2413 1061 2471 1122 id
2485 1061 2640 1142 quod
2657 1061 2931 1123 aboletur
2953 1079 3059 1141 per
3071 1060 3317 1139 gloriam
3345 1059 3672 1136 fuit,multo

2028 1146 2214 1224 magis
2226 1148 2382 1227 quod
2402 1159 2733 1228 permanet,
2760 1149 2820 1208 in
2842 1149 3024 1226 gloria
3053 1157 3144 1210 est
3164 1150 3288 1210 51.»
3305 1146 3624 1209 Etrursum
3651 1169 3666 1206 :

2026 1234 2171 1294 Nam
2212 1237 2259 1296 si
2297 1237 2728 1297 administratio
2759 1236 3276 1297 condemnationis
3298 1234 3672 1314 gloria,mul-

2025 1331 2082 1384 to
2103 1324 2287 1403 magis
2318 1325 2746 1386 administratio
2766 1324 3016 1404 justitiaa
3061 1324 3271 1402 gloria.
3326 1323 3444 1384 Aut
3492 1323 3668 1386 etiam

2026 1409 2387 1491 Splendores
2405 1413 2546 1474 dicit
2570 1412 3005 1474 ecclesiasticos
3033 1410 3506 1492 principatus,in
3529 1429 3680 1491 quos

2027 1500 2341 1562 maledicta
2355 1509 2684 1578 congerunt
2713 1519 2726 1562 :
2753 1499 3258 1580 quemadmodum
3284 1499 3515 1561 discere
3537 1500 3677 1561 licet

2028 1590 2204 1648 etiam
2224 1607 2256 1648 a
2282 1588 2445 1649 tertia
2471 1591 2712 1651 Joannis
2736 1588 2938 1650 dilecti
2957 1587 3240 1668 Epistola,
3268 1587 3424 1649 inter
3438 1605 3584 1668 quos
3596 1587 3681 1648 ait

2029 1694 2161 1737 esse
2184 1677 2570 1757 Diotrephen,
2589 1676 2689 1758 qui
2706 1675 2978 1754 malignis
2995 1675 3372 1738 sermonibus
3391 1675 3678 1738 adversus

303 1771 424 1832 τοὺς
481 1768 654 1833 ἀξίους
723 1767 1081 1846 βλασφημίας,
1162 1765 1359 1823 δίκαιον
1428 1766 1786 1847 βλασφημεῖν,
1873 1772 1938 1833 ὡς

2031 1765 2190 1844 ipsos
2208 1765 2477 1843 garriret.
2505 1764 2792 1837 Quoniam
2813 1774 3007 1826 autem
3056 1763 3505 1826 maledictorum
3539 1783 3671 1827 me-

306 1855 466 1921 δῆλον
495 1857 602 1912 ἀπὸ
629 1859 721 1912 τοῦ
765 1855 1103 1935 ἀρχαγγέλου
1158 1855 1403 1934 Μιχαήλ.
1455 1857 1626 1934 [Ῑαρὸν
1667 1858 1765 1936 γὰρ
1807 1860 1948 1933 αὒτῷ

306 1945 599 2026 κρινομένῳ
657 1947 792 2021 μετὰ
845 1955 937 2003 τοῦ
1021 1941 1262 2002 διαϐόλου
1344 1946 1460 2022 περὶ
1528 1953 1619 2000 τοῦ
1686 1948 1946 2011 Μωυσέως

303 2034 549 2110 σώματος
579 2033 956 2112 βλασφημῆται
983 2034 1072 2089 τὸν
1122 2030 1362 2088 διάϐολον
1416 2031 1500 2088 διὰ
1542 2035 1639 2100 τὴν
1687 2034 1946 2092 ἀναίδειαν

304 2124 484 2197 αὒτοῦ,
512 2130 664 2178 τοῦτο
689 2122 782 2178 οὒκ
811 2121 1078 2195 ἐποίησεν,
1109 2123 1152 2176 εἰ
1211 2121 1289 2196 μὴ
1331 2123 1411 2192 τὸ,
1477 2119 1820 2197 Ἐπιτιμήσαι
1866 2146 1946 2179 σοι

304 2213 467 2289 μόνον
496 2215 525 2268 6
555 2213 710 2290 Θεὸς,
745 2207 978 2288 διοίϐολε,
1024 2210 1321 2287 ἀπήνεγκεν
1351 2212 1512 2284 αὐτῷ.
1563 2213 1619 2267 El
1660 2210 1713 2266 δὲ
1745 2215 1772 2268 6
1815 2213 1950 2292 ἆρχ-

303 2300 530 2380 άγγελος
605 2297 721 2357 οὒδὲ
794 2296 978 2374 ἀνδρὸς
1035 2297 1484 2377 βλαφημουμὲνου
1543 2298 1756 2377 ἤνεγκε,
1832 2305 1945 2365 πῶς

303 2392 445 2446 οὗτοι
475 2391 565 2444 τὸν
612 2387 822 2442 πάντων
881 2389 1010 2441 Θεὸν
1067 2384 1404 2464 βλασφημεῖν
1461 2387 1597 2450 ὅλως
1665 2388 1944 2469 τολμῶσις

305 2480 406 2536 Καὶ
462 2475 636 2538 ἄλλως
693 2475 993 2554 γράφεται·
1068 2476 1127 2530 Εἰ
1183 2473 1234 2529 δὲ
1300 2479 1327 2531 ὁ
1370 2475 1701 2555 ἀρχάγγελος
1757 2477 1945 2558 οὕτως,

299 2567 394 2622 οὐκ
422 2566 476 2621 ἰν
517 2561 634 2640 δίκῃ
691 2561 754 2618 ἂν
809 2560 991 2640 ἀνδρὸς
1043 2561 1264 2642 ἀδελφοῦ
1317 2565 1404 2620 καὶ
1455 2567 1740 2642 ὁμογενοῦς
1809 2565 1946 2642 βλα-

300 2655 535 2736 σφημίας
565 2649 979 2727 συμπλέκοιμεν,
1030 2653 1126 2708 Καὶ
1180 2662 1344 2710 ταῦτα
1400 2652 1497 2727 μὲν
1551 2655 1667 2732 περὶ
1720 2656 1942 2716 τούτων.

305 2735 368 2800 Ἠ
393 2741 448 2797 δὲ
503 2742 621 2818 περὶ
667 2747 760 2795 τοῦ
818 2739 1078 2804 Μωϋσέως
1121 2741 1367 2816 κώμττος
1422 2743 1585 2820 κρίσις
1631 2743 1739 2799 ἐστὶ
1784 2745 1942 2816 αὕτη,

300 2831 520 2909 Λέγεται
573 2831 664 2885 τὸν
708 2827 932 2906 Μιχαὴλ
986 2829 1076 2883 τὸν
1131 2828 1468 2907 ἇρχάγγελον
1509 2836 1578 2906 τῇ
1631 2842 1723 2890 τοῦ
1779 2840 1940 2889 Μωϋ-

2032 1853 2222 1927 minit,
2265 1853 2550 1916 cohibens
2569 1872 2688 1914 non
2714 1854 2875 1933 ipsos
2901 1854 3085 1927 solos,
3110 1853 3498 1915 verumetiam
3534 1853 3674 1914 uni-

2029 1961 2231 2003 versos
2254 1943 2548 2018 homines,
2577 1942 2886 2020 ntlinguas
2911 1941 3161 2002 habeant
3180 1958 3356 2018 puras
3373 1941 3451 2001 ab
3473 1940 3678 2019 hujus-

2030 2031 2191 2090 modi
2244 2031 2418 2101 malo,
2467 2040 2528 2092 et
2568 2049 2674 2092 nec
2715 2029 2996 2090 adversus
3039 2028 3174 2089 illos
3204 2027 3306 2108 qui
3358 2028 3676 2090 maledicto

2029 2118 2188 2197 digni
2219 2127 2357 2179 sunt
2386 2137 2455 2180 eo
2487 2127 2728 2180 utantur
2756 2117 2838 2178 ait
2865 2135 2878 2178 :
2915 2117 3162 2179 Michael
3193 2115 3604 2197 archangelus,
3643 2142 3667 2178 ι

2029 2221 2142 2267 etc.
2187 2206 2336 2278 Quid
2369 2216 2564 2268 autem
2606 2225 2710 2286 per
2740 2207 2853 2268 hoc
2877 2205 2992 2267 sibi
3038 2204 3204 2267 vult?
3245 2205 3386 2267 629
3414 2204 3582 2277 Quod
3613 2203 3677 2267 bi

2030 2296 2271 2376 quidem
2291 2304 2515 2357 temere
2538 2304 2597 2357 et
2630 2295 3098 2374 intemperanter
3139 2293 3419 2354 adversus
3460 2311 3674 2356 omnes

2032 2385 2360 2446 maledictis
2391 2393 2652 2446 utantur.
2691 2384 2755 2445 Id
2787 2392 2984 2444 autem
3018 2383 3148 2443 ﬁeri
3166 2400 3284 2442 non
3307 2380 3507 2461 debet,
3535 2400 3669 2443 cum

2031 2491 2106 2534 ne
2137 2493 2238 2534 eos
2267 2473 2506 2552 quidem
2539 2471 2642 2552 qui
2691 2471 3004 2532 maledicto
3056 2469 3217 2548 digni
3246 2477 3382 2531 sunt
3432 2487 3666 2550 aequum
3710 2505 3714 2508 -

2030 2562 2106 2623 sit
2138 2561 2466 2624 maledictis
2491 2561 2818 2634 incessere,
2866 2558 3017 2620 sicut
3061 2559 3134 2618 ab
3166 2558 3521 2636 archangelo
3552 2558 3668 2620 Mi-

2031 2651 2235 2712 chaele
2267 2650 2640 2712 manifestum
2673 2656 2786 2710 est.
2819 2646 2964 2708 Nam
2995 2665 3130 2708 cum
3175 2646 3236 2707 in
3269 2647 3673 2710 controversia

2029 2758 2160 2819 quae
2215 2741 2372 2803 inter
2446 2739 2644 2817 ipsum
2721 2745 2779 2798 et
2851 2735 3154 2797 diabolum
3213 2743 3339 2796 erat
3397 2734 3470 2796 de
3527 2737 3673 2798 Mosi

2028 2847 2296 2908 corpore,
2330 2829 2462 2889 data
2483 2827 2688 2887 fuisset
2713 2825 2946 2886 occasio
2959 2832 3022 2886 ut
3047 2841 3184 2885 eum
3216 2822 3536 2886 maledicto
3559 2824 3670 2885 im-

294 2919 430 2984 σέως
471 2923 612 2998 ταφῇ
665 2914 1122 2984 δεδιηκονηκέναι,
1169 2925 1274 2975 Τοῦ
1328 2919 1428 2998 γὰρ
1485 2917 1730 2976 διαϐόλου
1788 2930 1938 2979 τοῦτο

2025 2925 2251 2996 peteret
2288 2924 2529 2997 propter
2549 2915 2706 2974 illius
2729 2913 3179 2994 impudentiam,
3215 2930 3331 2976 non
3362 2913 3474 2974 hoc
3503 2913 3666 2989 fecit,

295 3011 379 3087 μὴ
437 3006 890 3086 καταδεχομένου,
961 3005 1080 3067 ἄλλ’
1152 3008 1486 3089 ἐπιφέροντος
1559 3008 1803 3090 ἔγκλημα
1861 3012 1938 3070 διὰ

2024 3007 2210 3067 sedid
2261 3013 2486 3067 tantum
2527 3005 2588 3064 in
2628 3021 2763 3064 eum
2800 3002 3034 3064 intulit:
3076 3000 3350 3082 Increpet
3395 3015 3453 3063 te
3485 3004 3666 3076 Deus,

295 3100 388 3154 τὸν
455 3095 548 3153 τοῦ
619 3096 896 3174 Αἰγυπτίου
967 3095 1148 3175 φόνον,
1233 3099 1307 3160 ὡς
1384 3099 1542 3155 αὐτοῦ
1621 3098 1770 3164 ὄντος
1853 3109 1938 3159 τοῦ

2027 3093 2284 3156 diabole.
2318 3093 2488 3165 Quod
2513 3093 2563 3152 si
2583 3091 2974 3170 archangelus
3005 3109 3123 3150 non
3148 3090 3280 3151 tulit
3301 3098 3366 3150 ut
3394 3090 3490 3151 vir
3524 3109 3668 3152 con-

299 3185 590 3265 Μωϋσέως,
650 3186 738 3241 καὶ
800 3184 882 3242 διὰ
965 3194 1116 3243 τοῦτο
1203 3189 1280 3281 μνη
1338 3192 1730 3266 συγχωρεῖσθαι
1800 3193 1938 3266 αὐτῷ

2025 3181 2190 3244 viciis
2210 3181 2620 3261 impeteretur,
2647 3181 2943 3258 quomodo
2969 3178 3029 3240 hi
3071 3177 3386 3239 Dominum
3422 3178 3666 3241 univer-

2021 3289 2221 3332 sorum
2242 3272 2484 3332 omnino
2514 3268 2902 3348 blasphemiis
2915 3267 3136 3329 audent
3163 3267 3506 3329 incessere?
3528 3269 3670 3330 Alio

2019 3377 2247 3439 quoque
2267 3361 2442 3422 modo
2477 3357 2808 3420 scribitur:
2863 3355 3030 3427 Quod
3056 3357 3103 3416 si
3128 3356 3206 3416 ita
3232 3374 3296 3416 se
3327 3355 3534 3416 habuit
3562 3374 3667 3417 ar-

2018 3449 2339 3528 cbangelus
2367 3465 2735 3527 nequaquam
2768 3445 2828 3504 in
2859 3463 3037 3505 causa
3064 3443 3262 3505 fratris
3279 3443 3388 3504 viri
3403 3445 3672 3523 ejusdem

2015 3538 2324 3598 nobiscum
2373 3534 2732 3599 conditionis
2785 3533 3182 3612 blaspliemias
3235 3540 3298 3593 et
3355 3532 3671 3594 maledicta

2014 3643 2422 3705 congeramus.
2479 3623 2550 3684 Et
2609 3623 2732 3683 haec
2793 3621 3036 3702 quidem
3093 3621 3166 3681 de
3215 3621 3309 3680 his
3338 3620 3495 3683 dicta
3522 3621 3664 3683 sint.

2019 3718 2198 3775 Porro
2234 3715 2307 3775 de
2337 3713 2487 3775 Mosi
2519 3728 2766 3790 corpore
2819 3712 2930 3770 hoc
2973 3715 3062 3770 est
3088 3708 3404 3788 judicium.
3442 3709 3672 3771 Dicitur

2018 3802 2269 3864 Michael
2319 3799 2708 3877 archangelus
2755 3796 3155 3857 ministerium
3209 3797 3557 3876 praestitisse
3605 3798 3668 3859 in

2019 3889 2361 3970 sepeliendo
2384 3887 2579 3949 Mose:
2620 3887 2679 3947 id
2720 3905 2835 3947 non
2881 3884 3109 3946 ferebat
3141 3884 3643 3960 diabolus,sedac

2022 3979 2386 4041 cusationem
2443 3975 2726 4037 afferebat
2788 3984 3028 4056 propter
3099 3975 3321 4037 caedem
3384 3975 3668 4057 IEgyptii,

2017 4072 2180 4149 quasi
2212 4067 2392 4130 Mosis
2423 4066 2607 4147 ipsius
2641 4065 2900 4127 esset”:
2935 4071 2991 4126 et
3020 4072 3334 4145 propterea
3379 4083 3498 4126 non
3523 4083 3664 4145 per—

2016 4157 2303 4231 mittebat,
2341 4164 2401 4216 ut
2432 4155 2531 4216 ille
2556 4155 2944 4216 honorificam
2977 4162 3444 4233 consequeretur
3462 4156 3667 4235 sepul-

289 3288 484 3354 τυχεῖν
551 3277 654 3342 τῆς
710 3273 922 3347 ὶντίμου
975 3274 1170 3352 ταφῆς.
1237 3273 1295 3331 Ἠ
1351 3277 1438 3330 καὶ
1489 3273 1572 3331 διὰ
1626 3279 1810 3335 τούτου
1877 3282 1938 3335 τὸ

289 3369 452 3420 πᾶσιν
521 3360 811 3438 ἀνθρώποις
870 3359 1275 3440 ἔποφειλόμενον
1331 3364 1466 3437 μετὰ
1529 3363 1628 3431 τήν
1677 3365 1781 3422 ἀπὸ
1845 3375 1936 3424 τοῦ

288 3451 542 3526 σώματος
626 3445 798 3512 ἔξοδον
879 3447 1180 3527 λογοθέσιον
1263 3451 1536 3526 σημαίνειν
1618 3454 1934 3530 βουλόμενος

284 3543 317 3597 6
379 3535 732 3616 Ἀπόστολος,
790 3541 878 3593 καὶ
947 3537 1029 3594 ὅτι
1089 3541 1243 3605 αὐτὸς
1300 3539 1391 3607 εἴη
1445 3543 1472 3597 6
1543 3541 1777 3607 Παλαιᾶς
1847 3547 1933 3601 καὶ

283 3633 487 3693 Καινῆς
549 3627 821 3696 Διαθήκης
881 3628 1030 3699 Θεὸς,
1094 3637 1247 3687 τοῦτο
1287 3629 1530 3710 προφέρει
1589 3638 1700 3691 νῦν.
1753 3633 1932 3699 Δεῖξαι

282 3716 389 3795 γὰρ
443 3713 786 3791 βουλόμενος,
850 3717 879 3770 6
935 3717 1063 3781 Θεὸς
1120 3730 1237 3782 τοῖς
1296 3718 1416 3774 τότε
1459 3720 1759 3800 παχύτερον
1816 3721 1934 3778 δια-

279 3803 555 3879 κειμένοις
625 3802 918 3882 ἀνθρώποις
1001 3803 1084 3859 διὰ
1148 3805 1241 3862 τοῦ
1321 3815 1544 3886 φανεροῦ
1601 3811 1660 3866 τὸ
1716 3811 1932 3899 ἀφανὲς,

281 3891 374 3948 ὅτι
441 3892 574 3968 μετὰ
650 3893 750 3958 τὴν
819 3890 1018 3948 ἐνθένδε
1086 3891 1402 3972 ἀπαλλαγὴν
1461 3909 1582 3960 ταῖς
1651 3890 1935 3978 ἡμετ⁷ραις

283 3987 496 4060 ψυχαῖς
547 3980 851 4038 ἀνθίσταταί
903 3983 932 4036 6
973 3979 1214 4046 διάϐολος
1267 3985 1402 4058 μετὰ
1458 3991 1563 4041 τῶν
1606 3987 1788 4044 ἑαυτοῦ
1828 4012 1934 4046 πο-

283 4070 463 4148 νηρῶν
493 4067 781 4149 δαιμόνων,
813 4069 1038 4144 ἰκκόψαι
1080 4069 1398 4146 βουλόμενος
1443 4075 1541 4142 τὴν
1587 4075 1671 4131 ἐπὶ
1717 4078 1782 4132 τὰ
1825 4076 1934 4133 ἄνω

279 4158 499 4237 πορείαν
527 4158 699 4216 αὐτῶν
745 4157 853 4234 (καὶ
909 4161 936 4214 ὁ
992 4158 1089 4234 μὲν
1144 4159 1469 4242 ἀνθίσταται,
1535 4167 1581 4220 οἱ
1639 4161 1691 4220 δὲ
1750 4166 1932 4244 ἁγαθοὶ

280 4253 417 4304 Θεοῦ
448 4244 662 4325 ἄγγελοι
705 4257 1078 4326 συμμαχοῦσιν
1110 4248 1323 4325 αὐταῖς,
1355 4251 1430 4315 ὡς
1459 4253 1546 4308 καὶ
1589 4255 1617 4309 6
1676 4243 1929 4333 μακάριος

2021 4255 2226 4308 turam.
2252 4255 2364 4306 Aut
2392 4245 2565 4306 etiam
2595 4262 2705 4322 per
2727 4244 2837 4304 hoc
2861 4243 3196 4322 signiﬁcare
3243 4243 3447 4304 volens
3477 4245 3664 4323 Apos-

282 4334 574 4398 Ἀντώνιος
605 4333 891 4414 τεθέαται),
949 4342 1114 4392 ταῦτα
1156 4337 1274 4393 τότε
1320 4343 1623 4418 πραχθῆναι
1681 4331 1928 4422 συνεχώ-

2021 4337 2164 4396 tolus
2184 4336 2371 4414 legem
2403 4333 2697 4394 universis
2723 4332 3017 4412 praefixam
3042 4331 3382 4392 hominibus
3396 4340 3527 4411 post
3548 4333 3670 4394 exi—

279 4445 385 4503 ρει,
420 4422 566 4492 Πλὴν
593 4425 684 4480 τὸν
718 4421 942 4502 Μιχαὴλ
994 4422 1137 4503 τότε,
1185 4427 1274 4481 τὸν
1317 4423 1556 4485 διάϐολον
1601 4421 1928 4498 ἀποσοϐῆσαι

281 4512 408 4590 μὲν,
469 4512 546 4587 μὴ
591 4511 769 4587 μέντοι
829 4509 1233 4577 ἐξουσιαστικῶς
1289 4514 1624 4594 ἐπιτιμῆσαι,
1675 4518 1811 4576 ἀλλὰ
1853 4525 1930 4595 τῴ

285 4599 460 4679 Κυρίῳ
511 4603 615 4658 τῶν
686 4598 826 4670 ὅλων
895 4607 1286 4681 παραχωρῆσαι
1344 4605 1442 4670 τὴν
1485 4609 1671 4685 κρίσιν,
1719 4611 1806 4665 καὶ
1861 4612 1930 4665 εί-

281 4700 409 4746 πεῖν
447 4707 460 4720 ⁸
490 4687 842 4764 Ἐπιτιμήσαι
869 4711 952 4746 σοι
982 4693 1010 4746 6
1056 4693 1202 4767 Θεὸς,
1264 4690 1494 4756 διάϐολε,
1549 4717 1572 4750 ιι
1606 4699 1757 4754 Οὗτοι
1813 4696 1867 4754 δὲ
1897 4700 1929 4754 ἃ

286 4780 340 4834 ο,
447 4774 502 4798 sm
718 4768 731 4788 ι
851 4777 866 4796 \
1096 4779 1108 4796 κ
1326 4781 1340 4800 \
1460 4783 1482 4802 υ
1684 4790 1696 4808 ,
1741 4787 1755 4804 κ
1903 4789 1915 4804 κ

318 4799 386 4836 υκ
413 4793 615 4839 οιοασι.
653 4799 676 4834 ιι
735 4787 775 4835 0
806 4799 904 4853 μεν
935 4778 1182 4859 Μιχαηλ,
1215 4803 1392 4861 φησιν,
1430 4804 1616 4859 ουτως,
1649 4783 1764 4844 ουδε
1793 4808 1930 4844 κατα

283 4862 494 4954 ἀνδρὸς,
571 4863 716 4954 ἤτοι,
757 4876 850 4924 τοῦ
915 4868 1173 4931 Μωῦσέως
1239 4869 1499 4950 ἠνέσχετο
1566 4871 1924 4954 βλασφημίας,

281 4957 438 5013 Οὗτοι
467 4952 521 5010 δὲ
550 4955 668 5034 περὶ
697 4952 977 5042 δογμάτων
1007 4956 1040 5011 ἃ
1084 4958 1178 5013 οὐκ
1205 4955 1404 5034 οἴδασι,
1437 4952 1781 5042 βλασφήμους
1810 4985 1928 5020 συν-

277 5042 480 5100 τιθέασι
508 5042 722 5121 λόγους,
755 5042 855 5100 ὅσα
895 5041 951 5100 δὲ
981 5051 1176 5124 φυσικῇ
1219 5047 1359 5125 ὸρμῇ
1399 5041 1732 5131 ἀδιακρίτως,
1763 5053 1835 5117 ὡς
1865 5055 1930 5108 τὰ

277 5131 473 5212 ἄλογα,
505 5133 806 5190 ὶπίστανται
835 5139 968 5209 ζῶα,
1000 5141 1164 5191 ταῦτα
1191 5135 1628 5215 μεταδιώκουσιν,
1661 5142 1732 5206 ὡς
1761 5141 1926 5199 ’ίπποι

277 5220 596 5296 θολυμανεῖς
626 5221 663 5290 ἢ
693 5234 896 5302 χοῖροι.

2009 4432 2132 4486 tum
2167 4441 2484 4503 acorpore,
2514 4429 2570 4483 et
2596 4422 2752 4501 quod
2775 4421 2935 4481 idem
2960 4427 3118 4480 esset
3139 4419 3295 4481 Deus
3333 4419 3564 4481 Veteris
3595 4440 3663 4482 ac

2008 4513 2152 4575 Novi
2183 4510 2571 4583 Testamenti,
2635 4512 2746 4570 hoc
2807 4528 2964 4569 nunc
3028 4508 3251 4588 profert
3280 4508 3340 4568 in
3374 4508 3657 4569 medium.

2010 4603 2153 4666 Cum
2200 4602 2358 4662 enim
2399 4600 2556 4660 Deus
2601 4597 2942 4659 hominibus
2979 4597 3077 4676 qui
3117 4604 3254 4657 tunc
3285 4598 3542 4658 crassius
3576 4599 3666 4657 af-

2011 4692 2149 4754 fecti
2164 4700 2354 4763 erant,
2376 4707 2478 4770 per
2497 4687 2801 4748 manifesta
2820 4685 2995 4746 vellet
3031 4687 3352 4746 ostendere
3394 4685 3625 4748 occulta
3652 4715 3666 4756 ε

2011 4800 2228 4861 nempe
2257 4779 2410 4859 quod
2443 4777 2724 4838 adversus
2767 4781 2998 4836 nostras
3053 4773 3302 4849 animas,
3358 4781 3664 4854 postquam

2011 4873 2152 4933 hinc
2187 4869 2445 4930 'iberatae
2476 4873 2637 4938 sunt,
2700 4863 2966 4942 insurgat
3021 4861 3292 4923 diabolus
3343 4881 3478 4924 cum
3537 4863 3667 4926 suis

2013 4959 2286 5038 malignis
2316 4955 2709 5034 daemonibus,
2744 4953 3044 5033 impedire
3075 4955 3276 5013 volens
3307 4951 3421 5014 iter
3451 4971 3663 5016 eorum

2011 5051 2082 5112 ad
2107 5065 2363 5128 superna
2391 5052 2468 5121 (et
2492 5043 2592 5104 ille
2637 5042 2881 5123 quidem
2925 5040 3172 5116 resistit,
3218 5039 3360 5102 boni
3391 5059 3530 5103 vero
3561 5061 3671 5104 an-

2012 5137 2253 5220 geliDei
2275 5144 2410 5195 sunt
2457 5133 2604 5212 ipsis
2655 5132 2872 5192 auxilio
2903 5149 2916 5194 :
2953 5131 3452 5220 quemadmodum
3490 5133 3668 5194 etiam

2011 5219 2158 5290 sidit
2180 5227 2386 5287 beatus
2401 5222 2714 5300 Antonius)
2744 5243 2756 5279 :
2793 5223 2917 5282 haec
2953 5230 3075 5280 tum
3105 5219 3234 5280 fieri
3262 5219 3664 5300 permittebat,

281 5314 559 5376 Attamen
582 5309 831 5372 Michael
856 5318 995 5374 tunc
1017 5329 1194 5376 ausus
1215 5313 1454 5394 quidem
1484 5316 1595 5378 fuit
1631 5317 1934 5384 diabolum
1981 5338 2211 5389 arcere,
2253 5332 2371 5376 non
2403 5323 2600 5374 tamen
2633 5328 2766 5372 cum
2799 5309 3147 5372 auctoritate
3181 5309 3515 5389 increpare,
3563 5314 3668 5374 sed

285 5398 702 5462 universorum
737 5399 986 5462 Domino
1012 5404 1310 5465 concessit
1334 5405 1651 5490 judicium,
1701 5417 1760 5472 et
1797 5411 1881 5474 ait
1915 5431 1930 5475 :
1985 5413 2264 5488 Increpat
2315 5411 2373 5465 te
2421 5402 2606 5482 Deus,
2665 5399 2920 5462 diabole.
2963 5424 2988 5454 ιι
3025 5400 3102 5460 At
3131 5398 3228 5460 isti
3259 5415 3389 5480 qua;
3419 5417 3538 5461 non
3569 5419 3646 5464 no

367 5567 422 5620 ⁸1
452 5565 505 5630 II
534 5567 672 5633 Cor.
702 5584 789 5646 ιιι,
824 5569 926 5632 11.
1007 5569 1068 5622 53
1095 5569 1282 5634 Exod.
1314 5590 1378 5637 ιι.

770 5691 1030 5755 ΡΑτιιοι.
1081 5695 1190 5756 Gn.
1241 5697 1454 5759 CXIX.

3069 5690 3144 5755 23
