4192 6212
478 272 596 336 715
1617 260 2024 334 (ECUMENII
2067 259 2115 320 T

2204 257 2362 320 CCIE
2405 257 2739 320 EPISCOPI
3733 256 3854 320 716

477 413 694 466 verunt
755 430 779 462 ιο
815 404 1064 467 Michael
1095 402 1335 484 quidem
1364 402 1446 464 ita
1461 402 1623 478 fecit,
1659 419 1855 482 neque
1885 397 2168 460 adversus
2199 391 2389 453 virum
2420 389 2548 454 sive
2590 395 2799 456 Mosen
2859 391 2991 452 tulit
3039 393 3367 484 convicium
3401 410 3414 454 :
3478 390 3539 484 hi
3581 410 3724 484 vero
3771 391 3853 484 de

480 493 769 572 dogmatis
798 513 929 574 quae
967 511 1088 555 non
1113 478 1432 560 noverunt.
1467 478 1790 553 maledicos
1821 489 2185 574 componunt
2215 497 2524 545 sermones
2557 503 2570 540 :
2629 499 2760 562 qua
2813 499 2951 543 vero
2983 481 3236 574 naturali
3257 489 3420 574 motu
3447 480 3573 574 sive
3594 478 3850 574 judicio,

480 567 762 662 tanquam
795 567 1117 644 animantia
1147 581 1396 644 rationis
1425 581 1691 662 expertia
1719 583 2032 650 noverunt,
2066 573 2191 633 haec
2221 578 2659 652 prosequuntur
2684 577 2961 651 tanquam
2992 569 3128 651 equi
3157 569 3521 632 insanientes
3551 568 3614 629 in
3645 567 3850 630 femel-

479 669 587 746 las,
623 678 722 734 aut
752 671 937 733 veluti
967 669 1152 751 porci.

1039 776 1180 837 650
1208 774 1451 839 CAPUT
1481 773 1552 837 Il.

2856 771 3106 830 ΚΕΦΑΔ.
3138 756 3228 826 B'.

476 843 789 950 Deploratio
831 877 1131 950 impiorum
1151 881 1385 949 propter
1414 891 1661 933 errorem
1689 881 1738 932 et
1766 877 2119 949 impietatem,

2210 891 2237 923 ι
2289 868 2619 950 Ταλανισμὸς
2663 871 2835 950 αύτῶν
2876 868 2962 950 ἐπὶ
3019 873 3088 944 τῇ
3130 867 3333 950 ,πλάνῃΔ
3369 870 3456 950 καὶ
3503 864 3740 950 ἀσεϐείᾳ-
3763 867 3853 922 καὶ

547 945 610 1013 ac
638 945 926 1014 lasciviori
951 961 1002 1012 et
1028 945 1443 1029 blasphemiam,
1486 971 1552 1012 ac
1604 945 1861 1026 fucatam
1891 956 2119 1013 simula-

2283 948 2528 1028 ἀσελγείᾳ
2553 950 2641 1005 καὶ
2666 947 2998 1029 βλασφημίᾳ,
3059 949 3146 1004 καὶ
3189 946 3500 1021 ἐπιπλάστῳ
3556 945 3848 1024 ὑποκρίσει,

547 1040 752 1097 tionem
767 1055 873 1112 per
901 1026 1273 1111 largitionem,
1306 1054 1412 1110 quo
1439 1039 1666 1110 facilius
1692 1039 1984 1110 decipiant.

2281 1035 2350 1105 τῇ
2381 1026 2455 1092 εἱς
2496 1029 2706 1095 ἀπάτην
2737 1026 3041 1106 δωροδοκίᾳ.
3081 1051 3108 1084 ι

555 1129 775 1194 41-13.
817 1131 914 1193 Vae
963 1131 1110 1213 illis,
1145 1133 1436 1210 quoniam
1467 1133 1633 1193 viam
1667 1133 1821 1193 Cain
1847 1133 2122 1212 ingressi

475 1228 614 1282 sunt
641 1237 659 1280 .'
686 1227 743 1282 et
763 1218 1107 1300 deceptione
1124 1219 1415 1281 mercedis
1436 1237 1551 1297 qua
1576 1219 1856 1297 deceptus
1877 1221 2122 1297 fuitBa-

477 1306 640 1370 laam
659 1307 834 1387 effusi
854 1314 992 1368 sunt
1022 1329 1034 1366 ε
1061 1313 1119 1369 et
1141 1306 1764 1369 contmlictioneCore
1782 1311 2121 1387 perierunt.

477 1397 560 1458 Hi
574 1403 716 1458 sunt
737 1396 896 1456 inter
923 1393 1260 1458 charitates
1295 1403 1526 1457 vestras
1560 1395 1722 1458 velut
1749 1414 1898 1458 saxa
1931 1399 2126 1459 maris

474 1487 659 1547 simul
679 1487 1071 1547 canui-ventes
1095 1487 1316 1564 absque
1340 1486 1810 1565 timore,seipsos
1831 1493 2121 1566 regentes,

475 1573 664 1636 nubes
677 1590 896 1654 aquam
913 1591 1035 1636 non
1046 1573 1356 1650 habentes,
1374 1592 1513 1654 quae
1527 1593 1564 1635 a
1578 1581 1768 1636 ventis
1781 1578 2120 1637 circumva-

474 1671 725 1742 gunlur,
742 1664 984 1725 arbores
995 1664 1378 1725 autumnales
1390 1664 1805 1744 infrugiferae,
1816 1665 1904 1725 bis
1917 1682 2122 1726 emor-

476 1757 599 1813 tum
611 1753 1005 1814 eteradicalw
1025 1751 1197 1812 unda:
1231 1752 1432 1831 eﬂ'erw
1462 1755 1673 1826 maris,
1709 1753 2123 1832 despumantes

473 1856 586 1902 sua
599 1841 873 1918 ipsorum
885 1839 1181 1902 dedecora
1193 1839 1386 1901 stellae
1396 1843 1666 1903 erratica
1697 1840 1911 1920 quibus
1933 1843 2122 1922 caligo

476 1928 863 1990 tenebrarum
893 1929 955 1988 in
973 1935 1266 1989 aeternum
1297 1935 1543 1991 servata
1575 1938 1682 1992 est.

563 2039 586 2072 α
619 2014 785 2078 Viam
808 2016 953 2078 Cain
984 2037 997 2078 :
1030 2039 1052 2073 ι
1082 2017 1194 2076 hoc
1229 2024 1337 2091 est,
1373 2035 1478 2097 per
1504 2017 1701 2079 fratris
1715 2019 2074 2082 occisionem
2101 2039 2113 2082 :

2293 1148 2318 1185 ε
2367 1130 2492 1186 Οὐαὶ
2533 1129 2740 1209 αὐτοῖς,
2774 1127 2950 1205 ὅτιτῇ
3006 1125 3110 1203 ὁδῷ
3165 1136 3257 1186 τοῦ
3291 1129 3425 1187 Κάϊν
3468 1128 3847 1208 ἐπορεύθησαν,

2204 1217 2292 1272 καὶ
2358 1222 2426 1292 τῇ
2509 1215 2685 1292 πλάνῃ
2770 1225 2862 1275 τοῦ
2944 1218 3164 1292 Βαλαὰμ
3248 1220 3432 1292 μισθοῦ
3501 1216 3845 1295 ἐξεχύθησαν,

2206 1307 2292 1360 καὶ
2374 1310 2443 1380 τῇ
2523 1303 2793 1382 ἀντιλογίᾳ
2878 1311 2968 1360 τοῦ
3073 1305 3206 1384 Κορὲ
3307 1304 3607 1364 ἀπώλοντο.
3693 1307 3848 1363 Οὗτοι

2208 1394 2335 1448 εἰσιν
2420 1393 2473 1449 ὲν
2557 1405 2679 1456 ταῖς
2761 1394 2990 1470 ἀγάπαις
3073 1397 3248 1469 ὑμῶν,
3331 1391 3604 1473 σπιΑάδες,
3664 1413 3849 1449 στνευ-

2209 1483 2504 1560 ωχούμενοι
2592 1478 2826 1559 ἀφόϐως,
2916 1483 3127 1547 ἑαυτοὺς
3209 1483 3602 1559 ποιμαίνοντες,
3688 1479 3848 1560 νεφέ-

2207 1568 2294 1624 λαι
2376 1567 2579 1648 ἄνυδροι
2662 1568 2762 1624 ὑπὸ
2843 1569 3053 1645 ἀνέμων
3144 1573 3568 1652 περιφερόμεναι,
3667 1568 3851 1644 δένδρα

2206 1659 2566 1738 φθινοπωρινὰ
2595 1656 2826 1736 ἄκαρπα,
2860 1656 2933 1722 δὶς
2987 1660 3315 1717 ἀποθανόντα
3352 1662 3438 1716 καὶ
3480 1658 3844 1737 ἐκριζωθέντα,

2205 1747 2414 1822 κύμητα
2443 1747 2600 1826 ἄγρια
2626 1745 2893 1814 Θαλάσσης
2926 1747 3272 1828 ἐπαφρίζοντα
3301 1751 3394 1813 τὰς
3423 1748 3622 1804 ἑαυτῶν
3652 1747 3848 1825 αἰσχύ-

2204 1857 2320 1908 νας,
2367 1835 2578 1912 ἀστέρες
2622 1833 2905 1896 πλανῆται·
2937 1839 3023 1901 οἷς
3081 1839 3108 1892 ὁ
3164 1836 3319 1918 ζόφος
3374 1842 3466 1893 τοῦ
3523 1836 3740 1899 σκότους
3772 1835 3847 1898 εἰς

2203 1924 2365 1978 αἰῶνα
2393 1925 2703 2000 τετήρηται,
2752 1947 2779 1978 ι

2292 2031 2316 2066 σ
2362 2002 2496 2086 Ὀδῷ
2523 2019 2615 2067 τοῦ
2647 2012 2805 2070 Κάϊν.
2846 2035 2873 2066 ιι
2935 2012 3178 2070 Τουτέστι

3185 2058 3203 2091 ,
3264 2011 3347 2069 διὰ
3387 2018 3485 2079 τῆς
3527 2009 3846 2092 ἀδελφοκτο-

477 2122 613 2166 nam
648 2113 707 2166 et
733 2104 846 2186 ipsi
876 2105 1012 2167 talia
1069 2105 1353 2167 docentes
1404 2107 1636 2186 fratres,
1693 2107 1814 2169 sive
1848 2109 2118 2188 ejusdem

2205 2101 2340 2163 νίας.
2420 2101 2516 2158 Καὶ
2567 2101 2667 2178 γὰρ
2717 2101 2804 2155 καὶ
2859 2100 3006 2158 αὐτοὶ
3071 2109 3287 2158 τοιαυτα
3341 2100 3668 2165 διδάσκοντες
3727 2102 3848 2166 τοὺς

475 2192 654 2254 sortis
683 2192 980 2266 homines,
1043 2192 1324 2254 occidunt
1367 2193 1502 2254 illos
1561 2194 1751 2272 pravis
1809 2195 2114 2260 doctrinis.

2203 2187 2483 2268 ἀδελφοὺς,
2530 2187 2648 2254 ἤτοι
2716 2191 2837 2252 τοὺς
2902 2194 3180 2268 ὁμογενεῖς
3237 2191 3535 2269 ἀνθρώπους
3594 2190 3848 2269 ἀποκτιν-

471 2282 592 2344 Aut
620 2281 796 2343 etiam
852 2261 1056 2342 semen
1087 2281 1508 2361 absorbentes,
1544 2261 1784 2345 fratrem
1821 2285 1882 2346 in
1909 2285 2119 2350 virtute

2202 2261 2408 2335 νύουσιν
2459 2261 2644 2341 αὐτοὺς
2704 2291 2823 2342 ταῖς
2883 2261 3144 2358 πονηραῖς
3202 2261 3585 2342 διδασκαλίαις,
3649 2261 3706 2334 Ἦ
3760 2278 3849 2333 καὶ

473 2368 1040 2450 interimunt,quem
1063 2370 1310 2431 seminis
1339 2370 1704 2433 fructiticatio
1737 2375 2030 2452 proferret
2055 2377 2116 2436 in

2201 2375 2716 2445 σπερμοφαγοῦντες,
2763 2369 2854 2421 τὸν
2922 2365 3134 2442 δυνάμει
3185 2366 3407 2446 ἀδελφὸν
3463 2367 3848 2422 ἀποκτιννύου·

475 2457 681 2518 vitam.
708 2457 878 2521 Viam
903 2466 1098 2519 autem
1128 2458 1384 2530 Balaam,
1436 2479 1504 2521 eo
1548 2460 1701 2539 quod
1731 2469 1791 2524 et
1819 2463 1932 2544 ipsi
1963 2464 2115 2525 sicut

2201 2479 2302 2531 σιν,
2345 2455 2403 2510 ’ὃν
2453 2456 2489 2523 ἡ
2530 2464 2624 2512 τοῦ
2679 2454 2976 2532 σπέρματος
3017 2455 3327 2536 τελεσφορία
3383 2455 3602 2534 ἤνεγκεν
3650 2454 3711 2510 ἂν
3755 2456 3848 2544 sic3

475 2544 600 2620 ille,
636 2545 787 2607 lucri
835 2548 1021 2623 gratia
1065 2547 1190 2608 haec
1237 2546 1482 2610 faciunt.
1541 2535 1727 2613 Porro
1756 2535 1906 2611 viain
1935 2552 2107 2626 Core,
2193 2545 2332 2621 βίονο
2366 2548 2445 2620 Tit
2472 2541 2526 2598 δὲ
2569 2553 2660 2601 τοῦ
2702 2543 2924 2620 Βαλαάμ
2963 2542 3090 2624 δδιῖ),
3151 2535 3231 2600 ὅΐι
3282 2543 3492 2622 κέρδους
3547 2545 3707 2623 χάριν
3753 2535 3851 2599 καιι

476 2633 758 2714 quoniam
784 2644 844 2696 et
889 2634 1005 2714 ipsi
1048 2635 1203 2696 sicut
1232 2635 1354 2716 ille,
1410 2638 1794 2718 praeceptoris
1824 2639 2109 2714 officium,

489 2741 624 2784 cum
639 2721 1468 2804 sintindigni,rapueruntdli
1486 2735 1621 2786 sunt
1641 2725 1700 2787 in
1710 2727 2122 2792 tercharitates

485 2819 732 2872 vestras.
759 2835 785 2866 »
815 2810 998 2872 Erant
1024 2812 1216 2873 adhuc
1248 2817 1514 2892 tempore
1533 2813 1634 2876 illo
1660 2833 1884 2878 mensae
1908 2817 2116 2897 quaain

481 2898 754 2961 ecclesiis
779 2899 1238 2979 parabantur,de
1259 2900 1474 2979 quibus
1486 2909 1543 2964 et
1561 2903 1777 2964 Paulus
1791 2903 1850 2964 in
1860 2905 2118 2986 Epistola

477 2987 549 3049 ad
577 2988 912 3051 Corinthios
952 2988 1215 3068 loquitur
1249 2991 1352 3051 53:
1386 3009 1531 3069 quas
1562 2991 1738 3053 etiam
1770 2994 2000 3071 ἀγάπας,
2057 2995 2116 3056 id

477 3084 586 3151 est,
625 3076 939 3138 charitates
969 3077 1092 3138 sive
1143 3077 1516 3150 dilectiones,
1573 3081 1965 3161 appellabant.
2028 3085 2118 3146 Ad

479 3164 839 3245 has,inquit,
866 3176 1271 3229 concurrunt:
1308 3187 1424 3229 non
1477 3167 1551 3229 ob
1589 3189 1759 3230 usum
1790 3171 1890 3252 qui
1913 3173 1971 3234 in
2001 3174 2121 3236 illis

477 3252 749 3334 habetur,
785 3254 889 3315 sed
925 3262 986 3314 ut
1048 3256 1425 3318 occasionem
1484 3257 1788 3319 inveniant
1814 3261 2118 3324 inescandi

480 3342 1080 3436 animasiustabiles;
1116 3347 1612 3436 quemadmodum
1649 3351 1946 3436 etPetrus
1975 3352 2178 3436 dicito

477 3429 542 3492 in
571 3431 834 3493 secunda
854 3431 1117 3512 Epistola
1137 3434 1228 3494 διε
1264 3433 1429 3505 Quod
1453 3444 1646 3495 autem
1671 3435 1814 3496 dicit
1842 3459 1853 3499 :
1882 3439 2119 3519 AbSque

474 3519 713 3598 timore,
745 3529 843 3581 aut
868 3540 1003 3582 cum
1038 3523 1417 3603 praecedenti,
1447 3524 1620 3584 Velut
1651 3543 1786 3586 saxa
1818 3529 1996 3590 maris
2029 3530 2114 3589 si-

475 3607 596 3668 mul
621 3609 1014 3684 convivantes,
1048 3611 1442 3673 ordinandum
1489 3623 1596 3682 est,
1651 3623 1712 3673 ut
1741 3616 1814 3675 sit
1846 3616 1941 3677 hic
1971 3636 2113 3678 sen-

473 3715 575 3757 sus
602 3718 615 3756 :
643 3696 817 3759 Velut
841 3717 978 3761 saxa
1007 3701 1183 3762 maris
1202 3702 1376 3762 simul
1421 3701 1814 3777 convivantes,
1860 3706 1972 3766 hoc
1999 3716 2108 3782 est,

2193 2545 2332 2621 βίον.
2366 2548 2445 2620 Τῇ
2472 2541 2526 2598 δὲ
2569 2553 2660 2601 τοῦ
2702 2543 2924 2620 Βαλαὰμ
2963 2542 3090 2624 ὁδῷ,
3151 2543 3231 2600 ὅτι
3282 2543 3492 2622 κέρδους
3547 2545 3707 2623 χάριν
3753 2565 3824 2599 κα

2201 2631 2345 2688 αὐτοὶ
2374 2633 2448 2694 ὡς
2478 2633 2685 2695 ἰκτῖνος
2740 2638 2904 2688 ταῦτα
2960 2633 3274 2712 πράσσουσι.
3322 2638 3401 2708 Τῇ
3440 2630 3495 2687 δὲ
3538 2639 3631 2688 τοῦ
3678 2631 3838 2709 Κορὲ,

2201 2719 2283 2776 ὅτι
2314 2720 2402 2774 καὶ
2429 2721 2575 2776 αὐτοὶ
2617 2721 2690 2785 ὡς
2729 2718 2934 2785 ἐκεῖνος
2985 2718 3354 2777 διδασκαλικὸν
3413 2719 3618 2795 ἀξίωμα
3646 2719 3848 2784 ἀνάξιοι

2205 2809 2350 2889 δντες
2381 2811 2646 2885 ἥρπασαν,
2688 2830 2712 2864 ι
2747 2810 2900 2866 Οὗτοί
2929 2811 3056 2866 εἰσιν
3086 2809 3140 2866 ἐν
3182 2822 3305 2874 ταῖς
3350 2810 3578 2889 ἀγάπαις
3606 2811 3776 2884 ὑμῶν.
3811 2831 3842 2862 ι

2199 2883 2364 2954 Ἦσαν
2422 2883 2502 2952 Ἵὲτι
2543 2899 2679 2953 κατὰ
2719 2899 2807 2953 τὸν
2852 2896 3045 2978 χρόνον
3104 2897 3308 2955 ἐκεῖνον
3363 2883 3416 2955 ἐν
3472 2909 3594 2962 ταῖς
3638 2883 3846 2964 ἐκκλη-

2199 2987 2334 3049 σίαις
2388 2985 2660 3062 γινόμεναι
2707 2987 2976 3067 τράπεζαι,
3041 2989 3116 3049 ὡς
3172 2988 3260 3043 καὶ
3318 2984 3520 3050 Παῦλός
3579 3007 3740 3067 φησιν
3789 2985 3848 3042 ἂν

2198 3079 2268 3150 τῇ
2337 3060 2467 3152 πρὸς
2541 3060 2854 3152 Κορινθίους.
2912 3060 3004 3139 "Ac
3055 3077 3142 3134 καὶ
3193 3075 3402 3154 ἀγάπας
3447 3060 3691 3134 ἐκάλουν.
3755 3073 3847 3131 Ἐν

2199 3160 2434 3236 ταύταις,
2468 3163 2619 3241 φησὶ,
2652 3163 3018 3243 συνέρχονται,
3065 3165 3124 3220 οὐ
3163 3163 3247 3219 διὰ
3276 3165 3460 3243 χρείαν
3484 3165 3583 3232 τὴν
3628 3162 3682 3217 ἐν
3709 3164 3845 3220 ταύ-

2201 3271 2315 3312 ταις
2359 3251 2666 3330 γινομένην,
2699 3250 2818 3307 ἀλλ’
2865 3252 2955 3308 ἵνα
2982 3255 3162 3330 καιρὸν
3193 3251 3406 3333 εὕρωσι,
3455 3254 3635 3332 ψυχὰς
3668 3251 3842 3318 ἀστη-

2203 3340 2402 3418 ρίκτους
2432 3338 2713 3410 δελεάζειν,
2765 3344 2836 3404 ὡς
2884 3344 2969 3397 καὶ
3025 3342 3224 3405 Πέτκος
3281 3344 3438 3420 φησὶν
3495 3345 3550 3397 ἓν
3592 3347 3661 3418 τῇ
3717 3339 3840 3396 δευ-

2202 3427 2326 3505 τέρῃ
2356 3427 2638 3504 ὶπιστολῇ.
2673 3431 2742 3486 Τὸ
2771 3427 2848 3509 δὲ,
2885 3427 3123 3510 Ἀφόϐως
3173 3431 3387 3491 ἑαυτοὺς
3445 3432 3840 3506 ποιμαίνοντες,

2200 3515 2314 3582 ἤτοι
2347 3519 2475 3593 πρὸς
2506 3519 2566 3571 τὸ
2616 3516 2873 3582 σπιλὼδες
2934 3520 3267 3594 συντακτέον,
3327 3519 3420 3575 ’ἱνα
3555 3522 3615 3575 τὸ
3671 3521 3847 3593 νόημα

2199 3605 2364 3666 οὕτως
2400 3625 2413 3639 ’
2464 3604 2724 3669 Σπιλάδες
2783 3605 2993 3688 ἀφόϐως
3043 3609 3523 3688 συνευωχούμενοι,
3582 3608 3844 3683 τουτέστι,

2198 3690 2395 3766 μηδένα
2453 3690 2614 3772 φόϐον
2663 3708 2779 3756 τοῖς
2862 3695 3176 3761 συνδείπνοις
3262 3694 3643 3776 προσδοκῶσιν,
3716 3695 3848 3759 ἐξαί-

472 3803 604 3845 cum
630 3785 774 3846 nihil
803 3788 1185 3849 metuendum
1212 3800 1578 3869 exspectant,
1604 3810 1832 3852 caenam
1867 3813 1983 3854 una
2010 3780 2115 3854 su-

2201 3803 2332 3858 φνης
2389 3780 2566 3860 ὥσπερ
2609 3781 2861 3876 σΛπιλάδες
2919 3785 3204 3862 ἐπάγοντες
3248 3787 3431 3846 αὐτοῖς
3483 3787 3574 3840 τὸν
3631 3785 3846 3861 ὄλεθρον

473 3881 665 3961 munt,
691 3884 938 3952 repente
961 3884 1235 3956 tanquam
1256 3896 1394 3938 saxa
1412 3878 1591 3938 maris
1612 3881 1942 3940 animarum
1975 3902 2115 3961 per-

2201 3876 2302 3924 τῶν
2343 3875 2556 3949 ψυχῶν.
2628 3872 2681 3928 Ἠ
2737 3875 2864 3952 πρὸς
2907 3877 2990 3948 τὸ,
3050 3874 3441 3950 ποιμαίνοντες,
3501 3876 3588 3950 τὸ,
3620 3872 3833 3954 ἀφόϐως

471 3960 756 4021 ditionem
786 3962 930 4041 ipsis
950 3962 1321 4027 inducentos.
1348 3968 1476 4026 651
1529 3969 1645 4028 Aut
1672 3969 1743 4028 ad
1767 3957 2112 4048 sequentem

2201 3957 2412 4020 ἑαυτοὺς
2459 3959 2852 4024 συντάττοντες.
2909 3963 2981 4020 Οὐ
3010 3960 3256 4035 δεδιότες,
3303 3965 3455 4042 φησὶ,
3502 3965 3562 4017 τὸ
3617 3963 3722 4018 ἀπὸ
3751 3963 3846 4018 τοῦ

473 4048 789 4111 dictionem
816 4052 1148 4130 Regentes:
1221 4055 1329 4115 hoc
1377 4065 1487 4133 est,
1521 4058 1744 4135 absque
1780 4045 1990 4120 timore
2019 4080 2119 4121 se-

2205 4045 2281 4135 μῇ
2337 4046 2638 4135 ἐπίστασθαι
2694 4051 2989 4124 ποιμαίνειν
3064 4064 3253 4129 κρῖμα,
3327 4050 3462 4107 ἀλλὰ
3518 4050 3700 4130 τυφλοὶ
3757 4073 3844 4107 τυ-

471 4136 634 4215 ipsos
664 4149 1114 4218 componentes,
1152 4141 1298 4203 nihil
1356 4132 1524 4205 veriti
1582 4132 1792 4224 inquit,
1821 4148 2119 4224 judicium

2202 4132 2361 4212 φλοὺς
2427 4133 2762 4213 ὁδηγοῦντες,
2836 4141 2922 4194 καὶ
2980 4141 3052 4201 εἷς
3122 4140 3355 4216 βόθυνον,
3404 4142 3464 4196 τὸ
3509 4148 3601 4195 τοῦ
3658 4142 3843 4219 Κυρίου

471 4227 628 4305 quod
660 4226 805 4306 ipsis
836 4227 1131 4303 imminet,
1159 4249 1226 4292 eo
1258 4233 1412 4311 quod
1448 4251 1660 4313 regere
1693 4235 1980 4308 nesciant,
2014 4238 2115 4298 sed

2205 4224 2366 4300 ἐρεῖν,
2406 4225 2538 4297 μετά
2593 4229 2698 4281 τὼν
2766 4228 3198 4304 ποιμαινομένυν
3263 4229 3642 4302 ἓμπίπποντες.
3700 4236 3842 4284 Σπι-

471 4315 608 4376 caeci
632 4333 823 4378 caecos
847 4316 1154 4392 ducentes,
1183 4309 1321 4380 etin
1344 4309 1569 4381 foveam
1587 4323 1672 4395 55,
1695 4322 1863 4400 juxta
1887 4325 2118 4386 Domini

2204 4311 2324 4366 λάσι
2381 4309 2435 4366 δὲ
2501 4317 2684 4376 αὐτοὺς
2743 4318 3070 4393 παρεικάζει,
3129 4319 3215 4373 καὶ
3272 4315 3506 4392 ἀνύδροις
3577 4316 3838 4396 νεφέλαις,

472 4403 670 4478 verba,
697 4423 812 4466 una
833 4424 965 4466 cum
1003 4406 1094 4466 his
1139 4408 1238 4486 qui
1277 4418 1560 4487 reguntur
1609 4398 1965 4472 incidentes.
1999 4413 2117 4476 Ma-

2201 4402 2288 4456 καὶ
2343 4398 2566 4478 δένδροις
2641 4405 3068 4483 φθινοπωρινοῖς,
3146 4408 3234 4462 καὶ
3319 4407 3546 4480 κύμασιν
3615 4406 3838 4486 ἀγρίοις,

467 4492 616 4554 riuis
638 4503 834 4556 autem
855 4495 1013 4555 saxis
1033 4496 1192 4576 ipsos
1220 4506 1546 4578 comparat,
1591 4507 1649 4560 et
1680 4500 1934 4561 nubibus
1966 4521 2118 4582 aqua

2201 4492 2285 4545 καὶ
2341 4489 2552 4569 ἀστροις
2612 4491 2928 4562 πλανήταις.
3022 4505 3064 4550 Α
3151 4497 3250 4574 γὰρ
3321 4495 3536 4559 ἆκείνοις
3610 4496 3836 4575 δπάρχει

467 4583 836 4658 carentibus,
869 4602 936 4674 ac
963 4585 1278 4647 arboribus
1306 4587 1768 4668 autumnalibus,
1823 4579 2114 4670 undisque

2201 4579 2333 4635 κατά
2389 4579 2561 4657 φύσιν,
2611 4586 2773 4636 ταῦτα
2825 4584 3028 4646 τούτοις
3085 4585 3220 4640 κατὰ
3273 4582 3596 4662 προαίρεσιν,
3655 4584 3725 4640 Αἵ
3784 4604 3841 4640 τι

470 4671 694 4743 efferis,
726 4691 794 4733 ac
825 4671 1011 4734 stellis
1064 4675 1353 4738 erraticis.
1407 4675 1553 4737 Nam
1619 4665 1871 4756 quaehis
1903 4665 2114 4741 natura

2202 4669 2301 4756 γὰρ
2357 4665 2603 4756 σπιλάδες
2644 4683 2761 4734 τοῖς
2818 4670 3064 4726 πλέουσιν
3122 4670 3367 4751 ὀλέθριοι,
3428 4668 3838 4750 ἀπροσδοκήτως

468 4761 847 4842 conveniunt,
899 4763 1025 4824 hac
1054 4763 1142 4828 illi
1165 4764 1356 4827 libera
1383 4767 1684 4827 voluntate
1716 4765 1956 4828 habent.
2019 4767 2118 4830 Si-

2200 4755 2586 4835 ὲπιιινόμεναι,
2646 4761 2719 4822 ὡς
2773 4761 2861 4816 καὶ
2923 4762 3068 4819 αὐτοὶ
3137 4775 3256 4825 τοῖς
3301 4759 3620 4824 συνδείπνοις
3679 4759 3838 4817 ἀνέλ-

469 4849 711 4930 quidem
769 4859 826 4912 et
886 4870 1024 4913 saxa
1082 4855 1265 4914 maris
1321 4853 1728 4933 navigantibus
1781 4855 2119 4934 perniciosa

2201 4867 2385 4902 πιστον
2427 4849 2588 4904 κακὸν
2645 4850 2974 4929 ἐπιφύονται,
3039 4851 3109 4908 A'l
3137 4873 3192 4908 τε
3225 4849 3427 4930 ἄνυδροι
3484 4849 3694 4929 νεφέλαι
3736 4851 3839 4906 ὑπὸ

467 4946 628 5026 sunt,
670 4957 808 5026 cum
847 4958 916 5000 ex
959 4940 1276 5020 improviso
1328 4952 1688 5005 occurrunt:
1728 4943 1883 5004 sicut
1915 4955 1974 5005 et
2007 4945 2118 5026 ipsi

469 5023 560 5084 his
587 5024 685 5104 qui
716 5041 832 5086 una
862 5027 1246 5092 convivantur
1295 5031 1609 5092 imminent
1641 5041 1705 5094 ut
1748 5023 2116 5112 inopinatum

467 5113 710 5178 malum.
748 5115 822 5177 Et
861 5115 1050 5178 nubes
1099 5137 1248 5199 aqua
1292 5130 1562 5181 carentes
1587 5139 1717 5202 quae
1741 5122 1980 5181 aventis
2011 5123 2116 5182 cir.

464 5210 860 5281 cumaguntur
886 5204 957 5266 ad
977 5225 1344 5290 quaecunque
1382 5209 1511 5270 loca
1536 5208 1937 5289 pervenerint,
1995 5230 2115 5271 non

462 5291 773 5378 refrigeria
790 5311 860 5354 ex
879 5293 1275 5378 imbre,quem
1297 5318 1413 5360 non
1432 5299 1786 5372 habent,sed
1801 5299 2112 5376 caliginem

461 5377 610 5457 ipsis
640 5379 949 5444 inducunt.
1015 5377 1302 5449 Similiter
1359 5397 1415 5449 et
1473 5388 1535 5448 hi
1561 5387 1808 5451 salutari
1833 5405 2116 5452 sermone

541 5547 605 5601 53
636 5549 812 5612 lGor.
840 5566 902 5612 ιι.
988 5553 1052 5604 54
1082 5551 1134 5616 ll
1165 5553 1319 5617 Petr.
1353 5574 1415 5618 ιι.
1502 5558 1564 5608 55
1595 5558 1800 5621 Matth.
1834 5574 1941 5635 xu,
1977 5559 2076 5620 11.

2200 4935 2406 5010 ἀνέμων
2451 4934 2812 5015 ἐλαυνόμεναι,
2862 4943 2947 5002 οἷς
2997 4938 3056 4996 ἂν
3113 4940 3296 5004 τόποις
3337 4940 3714 5020 ἐπενεχθῶσιν,
3745 4941 3840 4996 οὐκ

2201 5024 2530 5104 ἀναψύχουσι
2559 5033 2636 5101 τῷ
2665 5026 2844 5107 ὄμϐρῳ
2892 5027 2974 5107 (οὔ
3023 5032 3122 5110 γὰρ
3175 5030 3434 5110 ἔχουσιν),
3492 5029 3627 5086 ἀλλά
3681 5029 3837 5108 ζόφον

2199 5117 2381 5176 αὐτοῖς
2411 5114 2814 5193 ἀπεργάζονται.
2881 5111 3150 5184 Ὡσαύτως
3210 5121 3298 5176 καὶ
3355 5121 3518 5198 οὗτοι,
3576 5118 3635 5174 οὒ
3690 5117 3839 5196 λόγῳ

2199 5200 2521 5282 σωτηριώδει
2565 5205 2657 5267 τὰς
2721 5207 2900 5286 ψυχὰς
2955 5206 3161 5287 ἄρδουσι
3218 5216 3323 5268 τῶν
3380 5210 3832 5291 ἐντυγχανόντων,

2198 5293 2334 5351 ἀλλὰ
2375 5301 2586 5375 ζοφοῦσι
2641 5311 2763 5360 ταῖς
2821 5301 3178 5376 μιαρωτάταις
3235 5305 3403 5360 αὐτῶν
3473 5305 3832 5381 εἰσηγήσεσιν,

2197 5384 2532 5460 ἐλαυνόμενοι
2615 5399 2733 5447 τοῖς
2814 5392 2921 5442 τῶν
3003 5387 3264 5466 δαιμόνων
3334 5405 3589 5470 πονηροῖς
3653 5393 3838 5462 ἐπιτη-
